,Symbol,Timestamp,TIME,iPaired,Ask_P,Bid_P,Ask_S,Bid_S,iShares,PreviShares
0,A,2020-08-19,0 days 15:59:07.780150,290601,98.02,98.0,1150,564,4564,-5487
1,A,2020-08-19,0 days 15:59:08.782964,287616,98.03,98.0,150,903,-2985,4564
2,A,2020-08-19,0 days 15:59:16.799878,292158,98.04,98.0,647,3880,39781,-15036
3,A,2020-08-19,0 days 15:59:17.802078,289258,98.09,98.08,150,442,-8031,39781
4,A,2020-08-19,0 days 15:59:22.814260,294158,98.09,98.06,364,740,1306,-5431
5,A,2020-08-19,0 days 15:59:23.816560,291264,98.09,98.06,199,1040,-2894,1306
6,A,2020-08-19,0 days 15:59:41.860066,303043,98.04,98.02,798,100,4234,-4315
7,A,2020-08-19,0 days 15:59:42.862594,301377,98.06,98.02,1500,150,-1666,4234
8,A,2020-08-19,0 days 15:59:45.870257,303043,98.03,98.0,1840,100,452,-134
9,A,2020-08-19,0 days 15:59:48.877212,301495,98.01,97.96,1800,647,-1548,452
10,AA,2020-08-19,0 days 15:55:00.869397,104083,15.32,15.31,2145,8497,19803,-27651
11,AA,2020-08-19,0 days 15:55:01.869752,101186,15.32,15.31,1573,10097,-2897,19803
12,AA,2020-08-19,0 days 15:59:21.496530,120958,15.3,15.29,9639,2788,9944,-1765
13,AAP,2020-08-19,0 days 15:55:00.592132,154804,160.82,160.75,200,251,-1342,9581
14,AAP,2020-08-19,0 days 15:59:10.196127,170818,160.88,160.81,689,660,1252,-948
15,AAP,2020-08-19,0 days 15:59:11.198290,169670,160.87,160.83,349,300,-1148,1252
16,AAP,2020-08-19,0 days 15:59:16.209193,170822,160.88,160.84,798,1,1135,-1061
17,AAP,2020-08-19,0 days 15:59:17.211755,169657,160.88,160.84,1158,1,-1165,1135
18,AAP,2020-08-19,0 days 15:59:22.224073,170822,160.86,160.82,223,13,6864,-1165
19,AAP,2020-08-19,0 days 15:59:23.226382,169877,160.87,160.83,240,363,-1445,6864
20,AAP,2020-08-19,0 days 15:59:38.262370,176297,160.92,160.89,1132,149,466,-834
21,AAP,2020-08-19,0 days 15:59:45.281790,176763,160.93,160.88,131,93,-390,466
22,AAP,2020-08-19,0 days 15:59:46.283386,174953,160.88,160.84,1016,792,1810,-390
23,AAP,2020-08-19,0 days 15:59:47.284463,174163,160.88,160.84,1248,792,-790,1810
24,ABBV,2020-08-19,0 days 15:59:29.805509,566865,95.88,95.87,1480,1800,34387,-112036
25,ABBV,2020-08-19,0 days 15:59:55.868337,646123,96.07,96.04,200,600,8257,-24119
26,ABBV,2020-08-19,0 days 15:59:56.871089,624562,96.1,96.08,100,6200,-23613,8257
27,ABEV,2020-08-19,0 days 15:55:00.070287,6118809,2.34,2.33,310069,890081,3059,-6015870
28,ABEV,2020-08-19,0 days 15:58:02.502214,6121868,2.35,2.34,1068753,1423669,-49510,1829
29,ABEV,2020-08-19,0 days 15:59:36.731944,6391834,2.35,2.34,1377312,659308,37948,-247052
30,ABEV,2020-08-19,0 days 15:59:37.734843,6379382,2.35,2.34,1375812,660808,-12452,37948
31,ABEV,2020-08-19,0 days 15:59:45.753159,6391834,2.35,2.34,1398912,565968,89878,-452
32,ABEV,2020-08-19,0 days 15:59:46.755257,6384512,2.35,2.34,1409412,458268,-32055,89878
33,ABT,2020-08-19,0 days 15:55:01.066075,481296,100.65,100.64,100,484,78608,-8252
34,ABT,2020-08-19,0 days 15:55:06.077385,545604,100.69,100.67,400,506,-2707,5708
35,ABT,2020-08-19,0 days 15:55:07.079150,540611,100.69,100.67,416,206,4993,-2707
36,ABT,2020-08-19,0 days 15:55:47.176261,548481,100.57,100.55,648,900,-847,3282
37,ABT,2020-08-19,0 days 15:55:48.178258,545128,100.57,100.55,748,913,3353,-847
38,ABT,2020-08-19,0 days 15:58:05.509754,565082,100.54,100.53,200,200,-2785,5415
39,ABT,2020-08-19,0 days 15:58:06.512171,560267,100.53,100.52,118,1016,4815,-2785
40,ABT,2020-08-19,0 days 15:58:22.551036,559471,100.54,100.53,520,297,4560,-3640
41,ABT,2020-08-19,0 days 15:58:53.627824,557299,100.56,100.54,500,200,6732,-5068
42,ABT,2020-08-19,0 days 15:59:06.659045,560415,100.56,100.53,150,500,-495,2321
43,ABT,2020-08-19,0 days 15:59:24.701910,661320,100.54,100.52,300,900,-13654,10638
44,ABT,2020-08-19,0 days 15:59:39.739244,677163,100.54,100.52,470,2915,12505,-3463
45,ABT,2020-08-19,0 days 15:59:40.742181,660319,100.53,100.52,500,824,-16545,12505
46,ACB,2020-08-19,0 days 15:55:04.602432,6818,9.89,9.88,4096,9754,-1309,491
47,ACB,2020-08-19,0 days 15:55:05.604936,6527,9.89,9.88,2074,10326,291,-1309
48,ACC,2020-08-19,0 days 15:55:00.187256,48127,31.33,31.32,508,231,-1420,16284
49,ACC,2020-08-19,0 days 15:55:01.190677,47847,31.33,31.32,408,731,280,-1420
50,ACC,2020-08-19,0 days 15:55:25.249018,48497,31.31,31.3,2053,1177,-5177,223
51,ACC,2020-08-19,0 days 15:57:22.531831,54565,31.31,31.3,2610,836,39,-178
52,ACC,2020-08-19,0 days 15:57:23.534441,54004,31.3,31.29,300,1051,-561,39
53,ACC,2020-08-19,0 days 15:59:05.783462,61459,31.32,31.31,1074,200,112,-13
54,ACC,2020-08-19,0 days 15:59:06.785733,60371,31.32,31.31,174,1780,-503,112
55,ACC,2020-08-19,0 days 15:59:46.883414,70235,31.33,31.32,2010,374,229,-2205
56,ACC,2020-08-19,0 days 15:59:48.888246,69764,31.33,31.32,1910,373,-471,229
57,ADSW,2020-08-19,0 days 15:59:33.851254,33313,30.0,29.99,12734,11660,-82,223
58,ADT,2020-08-19,0 days 15:55:00.070867,54579,11.55,11.54,12198,13159,-12726,17202
59,ADT,2020-08-19,0 days 15:58:02.502330,68249,11.52,11.51,5631,4200,21,-4079
60,ADT,2020-08-19,0 days 15:58:03.504963,67870,11.52,11.51,5957,4200,-379,21
61,ADT,2020-08-19,0 days 15:58:07.514730,68249,11.52,11.51,5795,3800,121,-379
62,ADT,2020-08-19,0 days 15:58:08.516877,67870,11.52,11.51,5998,3800,-379,121
63,ADT,2020-08-19,0 days 15:58:27.563460,68720,11.51,11.5,2789,7260,3156,-2844
64,ADT,2020-08-19,0 days 15:59:03.650980,71512,11.52,11.51,3280,17353,2761,-500
65,ADT,2020-08-19,0 days 15:59:04.653246,68873,11.52,11.51,4311,15746,-2639,2761
66,ADT,2020-08-19,0 days 15:59:20.692734,72412,11.52,11.51,10239,5840,232,-745
67,ADT,2020-08-19,0 days 15:59:45.753358,75807,11.51,11.5,18427,500,-266,295
68,AEG,2020-08-19,0 days 15:57:16.923116,23482,2.75,2.74,161787,306730,-10293,1307
69,AEG,2020-08-19,0 days 15:58:04.035097,22175,2.75,2.74,219143,325458,5107,-6493
70,AEG,2020-08-19,0 days 15:58:14.059770,27282,2.75,2.74,241746,317258,-6493,5107
71,AEG,2020-08-19,0 days 15:59:22.224007,35075,2.75,2.74,275794,287779,520,-2065
72,AEG,2020-08-19,0 days 15:59:36.257764,35595,2.75,2.74,280794,303479,-280,520
73,AEG,2020-08-19,0 days 15:59:37.260177,35475,2.75,2.74,283394,292279,120,-280
74,AEO,2020-08-19,0 days 15:55:45.292977,72437,11.41,11.4,14188,18616,-2057,77
75,AEO,2020-08-19,0 days 15:55:46.296088,71994,11.41,11.4,14188,17616,443,-2057
76,AEO,2020-08-19,0 days 15:56:13.361627,76164,11.41,11.4,9576,19359,-59,1041
77,AEO,2020-08-19,0 days 15:56:14.363589,75723,11.41,11.4,8895,19359,441,-59
78,AEO,2020-08-19,0 days 15:57:17.515953,79577,11.43,11.42,20541,12895,-7546,1317
79,AEP,2020-08-19,0 days 15:55:00.070926,144443,80.95,80.93,832,96,361,-45979
80,AEP,2020-08-19,0 days 15:55:11.088830,144804,80.96,80.95,301,317,-329,256
81,AEP,2020-08-19,0 days 15:55:12.091173,144733,80.93,80.92,215,400,929,-329
82,AEP,2020-08-19,0 days 15:57:59.494281,153802,80.91,80.89,233,320,2595,-705
83,AEP,2020-08-19,0 days 15:58:00.498862,155297,80.92,80.91,33,245,-205,2595
84,AEP,2020-08-19,0 days 15:58:01.500329,150818,80.92,80.91,465,45,2121,-205
85,AEP,2020-08-19,0 days 15:58:59.642326,152939,80.93,80.92,85,700,-957,1243
86,AEP,2020-08-19,0 days 15:59:00.644609,152188,80.95,80.94,400,1100,451,-957
87,AES,2020-08-19,0 days 15:59:31.768508,442260,17.66,17.65,29300,14713,7617,-1044
88,AES,2020-08-19,0 days 15:59:32.771185,414677,17.66,17.65,27199,20380,-15683,7617
89,AES,2020-08-19,0 days 15:59:48.792311,419031,17.64,17.63,23882,14230,-2929,1971
90,AFL,2020-08-19,0 days 15:55:01.596882,252844,37.04,37.03,2152,3427,636,-2964
91,AFL,2020-08-19,0 days 15:55:07.609411,253480,37.05,37.04,2010,6474,-250,636
92,AFL,2020-08-19,0 days 15:55:08.611921,252930,37.05,37.04,1510,6500,550,-250
93,AFL,2020-08-19,0 days 15:55:35.679008,257400,37.03,37.02,600,6813,-1076,724
94,AFL,2020-08-19,0 days 15:55:39.688505,254676,37.04,37.03,1663,3002,724,-1076
95,AFL,2020-08-19,0 days 15:56:55.871978,257937,37.04,37.03,1780,3008,-2057,943
96,AFL,2020-08-19,0 days 15:56:56.874045,256994,37.04,37.03,2380,3345,943,-2057
97,AFL,2020-08-19,0 days 15:57:45.991120,261658,37.03,37.02,5081,5875,-843,1357
98,AFL,2020-08-19,0 days 15:57:46.993247,260301,37.03,37.02,5759,4724,1357,-843
99,AFL,2020-08-19,0 days 15:57:47.995260,261658,37.03,37.02,6281,7107,-980,1357
100,AFL,2020-08-19,0 days 15:57:48.997895,260438,37.03,37.02,7353,5606,1220,-980
101,AFL,2020-08-19,0 days 15:57:57.018384,261658,37.03,37.02,4126,7484,-985,1215
102,AFL,2020-08-19,0 days 15:57:58.020538,260443,37.03,37.02,3527,7687,1215,-985
103,AFL,2020-08-19,0 days 15:58:02.030981,261658,37.03,37.02,2649,8487,-585,1215
104,AG,2020-08-19,0 days 15:57:17.446740,98676,11.47,11.46,31654,40935,-1183,5017
105,AG,2020-08-19,0 days 15:58:31.624675,99968,11.48,11.47,4171,51529,7844,-13447
106,AG,2020-08-19,0 days 15:58:32.626773,99212,11.48,11.47,4271,52829,-747,7844
107,AG,2020-08-19,0 days 15:58:36.636105,92639,11.48,11.47,5171,51739,5373,-747
108,AG,2020-08-19,0 days 15:58:37.639266,80412,11.48,11.47,5071,53339,-12218,5373
109,AG,2020-08-19,0 days 15:58:39.643402,92639,11.48,11.47,6061,55262,14473,-12218
110,AG,2020-08-19,0 days 15:58:40.646842,85712,11.48,11.47,6261,56762,-13666,14473
111,AGI,2020-08-19,0 days 15:59:16.773840,79934,10.39,10.38,58682,7781,5056,-5238
112,AGI,2020-08-19,0 days 15:59:46.846226,79114,10.38,10.37,54323,11794,-4386,11390
113,AIG,2020-08-19,0 days 15:55:38.205971,425451,29.74,29.73,4661,6761,270,-30
114,AIG,2020-08-19,0 days 15:56:18.302551,448027,29.79,29.78,6444,4100,-577,155
115,AIG,2020-08-19,0 days 15:56:19.305411,445272,29.77,29.76,962,2192,2755,-577
116,AIG,2020-08-19,0 days 15:57:02.408724,448161,29.81,29.8,200,4722,-2543,1257
117,AIG,2020-08-19,0 days 15:57:03.411156,446204,29.82,29.81,5376,1701,1957,-2543
118,AIG,2020-08-19,0 days 15:57:13.435465,448161,29.8,29.79,3660,4882,-339,161
119,AIG,2020-08-19,0 days 15:57:14.437996,446800,29.8,29.79,2938,3644,1361,-339
120,AIG,2020-08-19,0 days 15:57:33.482552,448161,29.79,29.78,431,6557,-2139,1761
121,AIG,2020-08-19,0 days 15:57:34.485008,447300,29.8,29.79,3386,2377,861,-2139
122,AIG,2020-08-19,0 days 15:57:35.487258,448161,29.8,29.79,686,4644,-1339,861
123,AIG,2020-08-19,0 days 15:57:37.492148,447500,29.8,29.79,623,4944,661,-3039
124,AIG,2020-08-19,0 days 15:57:38.494674,448161,29.81,29.8,3368,3239,-4039,661
125,AIG,2020-08-19,0 days 15:57:41.502045,446600,29.8,29.79,7148,1592,1561,-1039
126,AIG,2020-08-19,0 days 15:57:47.516009,448161,29.81,29.8,3495,3946,-1134,3761
127,AIG,2020-08-19,0 days 15:57:49.521026,449895,29.81,29.8,1347,5038,4466,-134
128,AIG,2020-08-19,0 days 15:57:50.523809,448161,29.81,29.8,1265,5338,-1734,4466
129,AIG,2020-08-19,0 days 15:57:52.528776,450195,29.81,29.8,4084,4446,1766,-1734
130,AIG,2020-08-19,0 days 15:57:53.530847,449961,29.81,29.8,3954,4800,-234,1766
131,AIG,2020-08-19,0 days 15:57:55.536607,450895,29.81,29.8,26236,3104,666,-2734
132,AIG,2020-08-19,0 days 15:58:04.558733,450821,29.81,29.8,23522,5000,1405,-71
133,AIG,2020-08-19,0 days 15:58:05.561658,448826,29.81,29.8,25922,5500,-1995,1405
134,AIG,2020-08-19,0 days 15:58:09.570658,450821,29.81,29.8,3469,4300,605,-595
135,AIG,2020-08-19,0 days 15:58:13.580813,451126,29.81,29.8,4685,1100,-2295,305
136,AIG,2020-08-19,0 days 15:58:14.583485,450821,29.8,29.79,683,4300,605,-2295
137,AIG,2020-08-19,0 days 15:59:00.696806,457867,29.83,29.82,11527,4268,1893,-141
138,AIG,2020-08-19,0 days 15:59:15.731225,479821,29.85,29.84,17034,3476,491,-2702
139,AIG,2020-08-19,0 days 15:59:39.786229,549563,29.86,29.85,8656,12741,-27880,3323
140,AIG,2020-08-19,0 days 15:59:40.790724,544743,29.86,29.85,15398,3788,5920,-27880
141,AM,2020-08-19,0 days 15:55:00.869751,132279,7.3,7.29,7896,18250,-40851,57734
142,AM,2020-08-19,0 days 15:55:01.869964,126330,7.3,7.29,9296,19950,5949,-40851
143,AM,2020-08-19,0 days 15:55:45.977143,132279,7.3,7.29,14944,20850,-42,277
144,AM,2020-08-19,0 days 15:55:53.996713,132347,7.3,7.29,17446,20873,7060,-68
145,AM,2020-08-19,0 days 15:56:51.134449,139414,7.29,7.28,16815,11425,-1133,6804
146,AM,2020-08-19,0 days 15:56:52.137147,133347,7.29,7.28,16715,12825,6067,-1133
147,AM,2020-08-19,0 days 15:59:21.496546,147385,7.3,7.29,17685,24526,1338,-2803
148,AM,2020-08-19,0 days 15:59:45.556115,154076,7.31,7.3,26946,22453,-9486,869
149,AM,2020-08-19,0 days 15:59:46.557409,152162,7.31,7.3,32047,16322,4788,-9486
150,AMC,2020-08-19,0 days 15:55:01.065907,51155,5.39,5.38,4731,22445,-40112,39444
151,AMCR,2020-08-19,0 days 15:55:52.719772,3416478,11.28,11.27,26406,13980,-5480,320
152,AMCR,2020-08-19,0 days 15:55:53.722672,3403258,11.28,11.27,26006,13780,13120,-5480
153,AMCR,2020-08-19,0 days 15:56:26.801143,3494321,11.28,11.27,28575,18153,22057,-24843
154,AMCR,2020-08-19,0 days 15:57:41.981479,3466278,11.29,11.28,13812,42822,-105446,40354
155,AMCR,2020-08-19,0 days 15:57:42.982671,3451724,11.29,11.28,24080,41137,14554,-105446
156,AMCR,2020-08-19,0 days 15:57:43.985728,3466278,11.29,11.28,22912,42503,-5846,14554
157,AMCR,2020-08-19,0 days 15:57:44.988176,3451724,11.29,11.28,24789,35237,14554,-5846
158,AMCR,2020-08-19,0 days 15:57:47.995260,3466278,11.29,11.28,24012,36417,-6746,14554
159,AMCR,2020-08-19,0 days 15:57:48.997917,3451724,11.29,11.28,27131,22602,14554,-6746
160,AMCR,2020-08-19,0 days 15:59:25.231221,3565672,11.29,11.28,16146,36475,15926,-61074
161,AMCR,2020-08-19,0 days 15:59:28.237650,3581898,11.29,11.28,15041,44147,-3346,16226
162,AMCR,2020-08-19,0 days 15:59:41.270223,3528986,11.3,11.29,28657,10277,1238,-116688
163,AMCR,2020-08-19,0 days 15:59:45.281558,3530450,11.3,11.29,28114,11623,-15036,1464
164,AMH,2020-08-19,0 days 15:55:00.109198,111970,28.37,28.36,450,2992,-23484,24959
165,AMH,2020-08-19,0 days 15:55:58.243014,133854,28.31,28.3,4518,503,144,-1356
166,AMH,2020-08-19,0 days 15:56:04.257581,131992,28.29,28.28,6054,700,-1862,144
167,AMH,2020-08-19,0 days 15:58:11.564623,142422,28.28,28.27,3821,2434,394,-4602
168,AMH,2020-08-19,0 days 15:59:08.703019,140459,28.27,28.26,3582,6026,441,-847
169,AMH,2020-08-19,0 days 15:59:12.713554,143637,28.27,28.26,2838,3401,2363,-2737
170,AMH,2020-08-19,0 days 15:59:18.707744,145089,28.25,28.24,4142,900,411,-2689
171,AMH,2020-08-19,0 days 15:59:20.712603,145500,28.25,28.24,4717,1265,-14262,411
172,ANF,2020-08-19,0 days 15:59:45.872620,72842,10.33,10.32,10317,8652,2162,-338
173,ANF,2020-08-19,0 days 15:59:46.874629,72604,10.33,10.32,10451,11120,-625,2162
174,ATUS,2020-08-19,0 days 15:55:00.193634,483384,27.01,27.0,4995,3675,6992,-63867
175,ATUS,2020-08-19,0 days 15:56:41.428234,487311,27.02,27.01,4481,11353,75,-6525
176,ATUS,2020-08-19,0 days 15:56:43.433127,487386,27.03,27.02,4080,7523,-168,75
177,ATUS,2020-08-19,0 days 15:58:53.747485,491855,27.01,27.0,5442,14837,-13537,2263
178,ATUS,2020-08-19,0 days 15:59:08.785488,507735,27.02,27.01,2746,19920,68,-7480
179,ATUS,2020-08-19,0 days 15:59:15.800238,491557,27.02,27.01,4385,18944,-2471,522
180,ATUS,2020-08-19,0 days 15:59:54.895374,455957,27.02,27.01,9202,9855,-51355,1423
181,AU,2020-08-19,0 days 15:55:24.172564,105963,28.26,28.25,1103,400,182,-1118
182,AU,2020-08-19,0 days 15:55:25.174781,104945,28.27,28.26,1000,738,-1018,182
183,AU,2020-08-19,0 days 15:57:49.521005,106983,28.34,28.33,2506,1067,112,-988
184,AU,2020-08-19,0 days 15:57:50.523797,105895,28.34,28.33,2606,1318,-1088,112
185,AU,2020-08-19,0 days 15:57:56.538333,106983,28.32,28.31,928,1400,412,-1088
186,AU,2020-08-19,0 days 15:57:57.540713,106095,28.32,28.31,2056,500,-888,412
187,AU,2020-08-19,0 days 15:58:00.550170,106983,28.32,28.31,1783,812,12,-888
188,AU,2020-08-19,0 days 15:58:01.551410,106095,28.33,28.32,1800,613,-888,12
189,AU,2020-08-19,0 days 15:59:12.726776,106890,28.33,28.32,823,1589,4856,-1377
190,AUY,2020-08-19,0 days 15:55:00.179611,378068,6.02,6.01,240251,282385,4368,-28790
191,AVTR,2020-08-19,0 days 15:55:41.209402,97795,20.87,20.86,914,10230,-599,280
192,AVTR,2020-08-19,0 days 15:55:51.234362,97860,20.87,20.86,1964,10306,235,-525
193,AVTR,2020-08-19,0 days 15:56:13.278755,103980,20.88,20.87,3221,3162,-320,1220
194,AVTR,2020-08-19,0 days 15:56:14.281498,102900,20.88,20.87,2521,3262,1080,-320
195,AVTR,2020-08-19,0 days 15:56:25.307268,100270,20.88,20.87,1358,9988,-2630,1080
196,AVTR,2020-08-19,0 days 15:56:26.309011,99600,20.88,20.87,1458,9690,670,-2630
197,AVTR,2020-08-19,0 days 15:58:13.569717,104152,20.87,20.86,5233,1979,-1548,352
198,AVTR,2020-08-19,0 days 15:58:51.659565,103700,20.86,20.85,6161,7647,452,-648
199,AVTR,2020-08-19,0 days 15:59:01.685151,103952,20.87,20.86,1707,6533,-1148,452
200,AVTR,2020-08-19,0 days 15:59:02.688308,104300,20.87,20.86,3602,4037,357,-1148
201,AVTR,2020-08-19,0 days 15:59:03.689748,104657,20.87,20.86,3790,9071,-3035,357
202,AVTR,2020-08-19,0 days 15:59:15.702109,102875,20.85,20.84,3244,2030,1982,-4187
203,AVTR,2020-08-19,0 days 15:59:16.702999,104857,20.86,20.85,2062,3413,-118,1982
204,AVTR,2020-08-19,0 days 15:59:18.707585,104302,20.86,20.85,2262,7133,555,-645
205,AVTR,2020-08-19,0 days 15:59:39.758850,104857,20.86,20.85,4924,10363,-1735,555
206,AXP,2020-08-19,0 days 15:55:00.187143,514021,96.89,96.86,746,614,5929,-23308
207,AXP,2020-08-19,0 days 15:58:48.741327,541632,96.83,96.81,430,530,-302,12898
208,AXP,2020-08-19,0 days 15:58:50.746427,524034,96.84,96.82,268,400,9798,-8102
209,AXP,2020-08-19,0 days 15:59:27.837145,537032,96.9,96.89,500,1500,-1868,3295
210,AXP,2020-08-19,0 days 15:59:30.845535,536105,96.88,96.87,592,179,927,-1668
211,AXP,2020-08-19,0 days 15:59:47.886261,568374,96.89,96.88,1729,200,1849,-6216
212,AXP,2020-08-19,0 days 15:59:48.888110,570223,96.89,96.88,1695,227,-1917,1849
213,AYX,2020-08-19,0 days 15:57:22.937495,35636,110.42,110.32,1006,528,-3344,836
214,AYX,2020-08-19,0 days 15:57:23.939859,34580,110.42,110.32,816,628,1056,-3344
215,AYX,2020-08-19,0 days 15:58:06.040659,34054,110.47,110.43,200,32,-84,400
216,AYX,2020-08-19,0 days 15:58:07.043082,33138,110.47,110.43,200,32,432,-84
217,AYX,2020-08-19,0 days 15:59:05.183130,34005,110.49,110.42,650,500,-2459,842
218,AYX,2020-08-19,0 days 15:59:09.193575,34027,110.49,110.42,412,626,-152,341
219,AYX,2020-08-19,0 days 15:59:10.195987,34179,110.49,110.42,312,626,123,-152
220,AYX,2020-08-19,0 days 15:59:13.202893,33338,110.5,110.46,168,427,-852,116
221,AYX,2020-08-19,0 days 15:59:14.205872,33090,110.51,110.46,42,627,248,-852
222,AYX,2020-08-19,0 days 15:59:21.221954,32807,110.53,110.51,450,50,47,-236
223,AYX,2020-08-19,0 days 15:59:25.231279,32417,110.61,110.55,800,200,-390,110
224,AYX,2020-08-19,0 days 15:59:31.246459,32807,110.52,110.49,220,108,110,-390
225,AYX,2020-08-19,0 days 15:59:36.257764,33401,110.53,110.49,652,34,-481,119
226,AYX,2020-08-19,0 days 15:59:49.289281,37447,110.47,110.43,200,325,-41,3059
227,AYX,2020-08-19,0 days 15:59:50.295948,36488,110.48,110.45,200,100,475,-41
228,AYX,2020-08-19,0 days 15:59:51.295286,33699,110.51,110.46,100,116,-2789,475
229,AYX,2020-08-19,0 days 15:59:57.308910,33708,110.52,110.46,1577,400,-2780,475
230,AZN,2020-08-19,0 days 15:55:32.945714,41933,56.21,56.2,2201,805,317,-1113
231,AZN,2020-08-19,0 days 15:55:39.963332,42861,56.22,56.21,2427,610,-72,317
232,AZN,2020-08-19,0 days 15:55:40.965015,42733,56.22,56.21,2227,811,128,-72
233,AZN,2020-08-19,0 days 15:57:16.195145,42910,56.21,56.2,3123,873,-154,446
234,AZN,2020-08-19,0 days 15:57:17.197348,42764,56.21,56.2,3418,973,146,-154
235,AZN,2020-08-19,0 days 15:57:46.267031,42910,56.21,56.2,2300,624,-754,446
236,AZN,2020-08-19,0 days 15:57:47.269283,42464,56.21,56.2,3053,624,446,-754
237,AZN,2020-08-19,0 days 15:58:11.329522,42910,56.23,56.22,2000,1006,-609,377
238,AZN,2020-08-19,0 days 15:59:14.481508,48025,56.23,56.22,1533,1839,201,-1526
239,AZN,2020-08-19,0 days 15:59:15.483223,47726,56.23,56.22,833,2866,-299,201
240,AZN,2020-08-19,0 days 15:59:45.555954,53614,56.24,56.23,2080,747,321,-279
241,AZN,2020-08-19,0 days 15:59:46.557345,52635,56.24,56.23,2273,833,-779,321
242,BA,2020-08-19,0 days 15:59:39.858216,254469,169.49,169.46,1250,363,15467,-2679
243,BA,2020-08-19,0 days 15:59:50.885686,241937,169.43,169.37,600,1678,-12532,16767
244,BABA,2020-08-19,0 days 15:59:18.778341,418081,260.63,260.62,203,225,4940,-19921
245,BABA,2020-08-19,0 days 15:59:19.780416,417821,260.65,260.64,399,300,-7373,4940
246,BABA,2020-08-19,0 days 15:59:33.814214,425882,260.67,260.66,833,223,1179,-786
247,BAC,2020-08-19,0 days 15:55:00.869447,2357594,25.47,25.46,86589,38140,204453,-692843
248,BAC,2020-08-19,0 days 15:55:01.869776,2349747,25.47,25.46,80590,60838,-7847,204453
249,BAC,2020-08-19,0 days 15:56:02.016269,2492752,25.48,25.47,107252,66264,73640,-26360
250,BAC,2020-08-19,0 days 15:58:10.325980,2604192,25.49,25.48,77316,97872,11519,-10418
251,BAC,2020-08-19,0 days 15:58:11.329591,2583711,25.49,25.48,77341,104696,-20481,11519
252,BAC,2020-08-19,0 days 15:58:35.386383,2583811,25.5,25.49,86669,130975,-20391,2809
253,BAC,2020-08-19,0 days 15:59:15.483455,2812672,25.5,25.49,142936,48597,26262,-141189
254,BAC,2020-08-19,0 days 15:59:16.484494,2807968,25.5,25.49,92441,55827,-4704,26262
255,BAC,2020-08-19,0 days 15:59:20.493919,2806672,25.5,25.49,93706,60413,1296,-4704
256,BAC,2020-08-19,0 days 15:59:23.501358,2794728,25.5,25.49,113044,61005,-11944,15956
257,BAC,2020-08-19,0 days 15:59:28.513456,2806672,25.5,25.49,103924,70460,21816,-10244
258,BAC,2020-08-19,0 days 15:59:29.515717,2797188,25.5,25.49,85842,77458,-9484,21816
259,BAC,2020-08-19,0 days 15:59:50.571123,2765764,25.51,25.5,24077,90506,-55770,4930
260,BAM,2020-08-19,0 days 15:56:16.364136,34638,33.79,33.78,1322,2649,382,-670
261,BAM,2020-08-19,0 days 15:56:17.366479,34120,33.79,33.78,1711,3047,-518,382
262,BAM,2020-08-19,0 days 15:57:49.589401,34838,33.78,33.77,2016,2326,82,-618
263,BAM,2020-08-19,0 days 15:57:50.591810,34320,33.78,33.77,1194,2852,-518,82
264,BAM,2020-08-19,0 days 15:59:07.780150,34467,33.8,33.79,4050,1671,376,-217
265,BAM,2020-08-19,0 days 15:59:55.893993,34915,33.79,33.78,365,3931,-47,2657
266,BAX,2020-08-19,0 days 15:55:00.070258,140546,82.9,82.89,89,112,37592,-41744
267,BAX,2020-08-19,0 days 15:55:31.137578,178138,82.86,82.84,67,629,-2193,34858
268,BAX,2020-08-19,0 days 15:55:32.139733,180331,82.86,82.84,566,300,7,-2193
269,BAX,2020-08-19,0 days 15:55:33.142413,180138,82.86,82.84,600,300,-193,7
270,BAX,2020-08-19,0 days 15:55:46.173209,202729,82.84,82.82,661,601,1909,-2291
271,BAX,2020-08-19,0 days 15:57:08.371351,229313,82.85,82.84,622,406,-2153,647
272,BAX,2020-08-19,0 days 15:57:09.373914,227566,82.84,82.83,300,200,1747,-2153
273,BAX,2020-08-19,0 days 15:58:02.502170,226348,82.82,82.81,528,386,871,-1729
274,BAX,2020-08-19,0 days 15:58:37.587776,218188,82.86,82.85,183,700,-8061,1970
275,BAX,2020-08-19,0 days 15:58:51.622203,228494,82.87,82.85,523,500,-555,145
276,BAX,2020-08-19,0 days 15:58:53.627884,227512,82.9,82.88,425,300,982,-3518
277,BAX,2020-08-19,0 days 15:59:06.659127,228787,82.91,82.9,200,500,-3164,85
278,BAX,2020-08-19,0 days 15:59:07.660873,228251,82.91,82.9,200,700,536,-3164
279,BB,2020-08-19,0 days 15:59:36.751532,27981,4.79,4.78,179113,96912,5661,-6739
280,BB,2020-08-19,0 days 15:59:37.753623,27642,4.79,4.78,181968,96912,-339,5661
281,BB,2020-08-19,0 days 15:59:41.764007,29267,4.79,4.78,185294,98684,675,-1625
282,BB,2020-08-19,0 days 15:59:42.766089,28842,4.79,4.78,185294,101184,-425,675
283,BBD,2020-08-19,0 days 15:59:45.281790,3571359,3.75,3.74,691474,334733,5777,-6223
284,BBVA,2020-08-19,0 days 15:59:00.684346,32062,2.93,2.92,186990,152293,-321,3172
285,BBY,2020-08-19,0 days 15:57:17.393542,101421,111.4,111.39,100,3381,-682,244
286,BBY,2020-08-19,0 days 15:57:35.436335,102703,111.34,111.33,115,20,4583,-182
287,BBY,2020-08-19,0 days 15:57:36.438346,101756,111.35,111.33,401,200,-947,4583
288,BBY,2020-08-19,0 days 15:57:40.448461,102703,111.31,111.24,300,3302,483,-1847
289,BBY,2020-08-19,0 days 15:59:08.664224,106155,111.73,111.72,600,483,382,-244
290,BBY,2020-08-19,0 days 15:59:15.681356,103802,111.83,111.81,200,200,1877,-919
291,BBY,2020-08-19,0 days 15:59:16.683218,104079,111.82,111.79,200,114,-1623,1877
292,BBY,2020-08-19,0 days 15:59:20.692549,105702,111.82,111.79,459,300,377,-1623
293,BBY,2020-08-19,0 days 15:59:33.724108,106109,111.94,111.93,4519,168,2327,-318
294,BBY,2020-08-19,0 days 15:59:34.726813,103336,111.99,111.97,600,573,-2773,2327
295,BBY,2020-08-19,0 days 15:59:45.753118,106109,111.97,111.92,940,200,1967,-273
296,BE,2020-08-19,0 days 15:55:46.264340,124537,16.93,16.92,1651,477,1517,-3693
297,BE,2020-08-19,0 days 15:55:47.267016,121654,16.93,16.92,1251,677,-2683,1517
298,BE,2020-08-19,0 days 15:55:48.268298,125037,16.93,16.92,1062,2601,921,-2683
299,BE,2020-08-19,0 days 15:55:49.270643,122558,16.93,16.92,462,5089,-2279,921
300,BE,2020-08-19,0 days 15:59:05.746556,124902,16.91,16.9,846,4000,-1171,3625
301,BE,2020-08-19,0 days 15:59:06.748844,126073,16.91,16.9,598,4300,900,-1171
302,BE,2020-08-19,0 days 15:59:07.751354,122373,16.91,16.9,796,4849,-3700,900
303,BE,2020-08-19,0 days 15:59:15.771749,126073,16.91,16.9,2400,3297,11820,-1121
304,BE,2020-08-19,0 days 15:59:18.778543,125393,16.91,16.9,1279,2397,-680,420
305,BEKE,2020-08-19,0 days 15:58:58.441719,2262553,42.52,42.41,600,400,155722,-366418
306,BEKE,2020-08-19,0 days 15:58:59.445536,1787175,42.52,42.41,450,1050,-496518,155722
307,BEKE,2020-08-19,0 days 15:59:07.464755,2293554,42.51,42.46,450,500,137826,-350934
308,BEKE,2020-08-19,0 days 15:59:09.469357,2289680,42.44,42.41,100,200,-3094,106
309,BEKE,2020-08-19,0 days 15:59:13.479227,2283580,42.43,42.36,1784,900,-2921,3179
310,BEKE,2020-08-19,0 days 15:59:14.481571,2265813,42.36,42.18,750,2,17767,-2921
311,BEN,2020-08-19,0 days 15:57:42.574475,223001,21.66,21.65,9517,109,-1429,8271
312,BEN,2020-08-19,0 days 15:58:31.694201,224659,21.65,21.64,5470,6651,156,-544
313,BEN,2020-08-19,0 days 15:58:32.696826,223315,21.65,21.64,5527,7480,-1344,156
314,BEN,2020-08-19,0 days 15:59:01.767807,224659,21.66,21.65,5054,6535,615,-136
315,BEN,2020-08-19,0 days 15:59:02.769790,222384,21.66,21.65,6254,4570,-2275,615
316,BEN,2020-08-19,0 days 15:59:05.777657,224659,21.66,21.65,5473,5324,252,-775
317,BEN,2020-08-19,0 days 15:59:08.785620,224029,21.66,21.65,4973,6083,-630,252
318,BHC,2020-08-19,0 days 15:56:49.415497,41166,16.89,16.88,7756,9607,791,-1109
319,BHC,2020-08-19,0 days 15:57:13.473780,41957,16.89,16.88,10462,4983,-2849,791
320,BHC,2020-08-19,0 days 15:57:14.476060,41406,16.89,16.88,10262,4983,551,-2849
321,BHC,2020-08-19,0 days 15:58:07.605801,41957,16.89,16.88,13673,9098,-138,1727
322,BHC,2020-08-19,0 days 15:58:08.607825,41295,16.89,16.88,11967,10342,662,-138
323,BHC,2020-08-19,0 days 15:59:27.799955,42188,16.88,16.87,10322,11530,-1353,945
324,BJ,2020-08-19,0 days 15:55:00.869046,115242,43.49,43.48,1090,1,27084,-38518
325,BJ,2020-08-19,0 days 15:55:01.869671,111226,43.49,43.48,1014,210,-4016,27084
326,BJ,2020-08-19,0 days 15:59:00.447224,138761,43.5,43.46,1205,892,2078,-3907
327,BJ,2020-08-19,0 days 15:59:01.450085,134739,43.5,43.47,1887,894,-4022,2078
328,BJ,2020-08-19,0 days 15:59:10.472017,139048,43.52,43.5,1000,113,1022,-3629
329,BJ,2020-08-19,0 days 15:59:19.491333,140070,43.52,43.51,401,756,-3510,621
330,BJ,2020-08-19,0 days 15:59:28.513438,143580,43.51,43.49,914,746,780,-116
331,BJ,2020-08-19,0 days 15:59:34.528337,138182,43.47,43.44,901,900,-3498,3402
332,BK,2020-08-19,0 days 15:59:15.771697,825506,36.96,36.95,6555,2240,144776,-121448
333,BK,2020-08-19,0 days 15:59:16.773677,844382,37.0,36.99,7785,2493,-807,144776
334,BK,2020-08-19,0 days 15:59:38.826350,884559,37.0,36.99,6059,4240,-966,720
335,BK,2020-08-19,0 days 15:59:40.833255,884725,36.99,36.98,2387,8325,1109,-966
336,BK,2020-08-19,0 days 15:59:43.838826,885834,37.0,36.99,4218,7978,-9291,874
337,BKR,2020-08-19,0 days 15:55:00.187194,200045,16.26,16.25,5374,2079,-9979,5975
338,BKR,2020-08-19,0 days 15:55:06.202871,241924,16.26,16.25,2353,7283,8121,-5279
339,BKR,2020-08-19,0 days 15:55:32.265674,250347,16.28,16.27,6791,2086,-1266,3034
340,BKR,2020-08-19,0 days 15:55:33.268322,247013,16.28,16.27,6506,2286,3334,-1266
341,BKR,2020-08-19,0 days 15:56:00.333467,275787,16.28,16.27,3902,6114,-49,1951
342,BKR,2020-08-19,0 days 15:56:04.342892,272137,16.28,16.27,4520,4655,4469,-49
343,BKR,2020-08-19,0 days 15:56:30.405086,267206,16.29,16.28,2849,8541,-7342,58
344,BKR,2020-08-19,0 days 15:56:31.408056,263848,16.29,16.28,2662,8083,3358,-7342
345,BKR,2020-08-19,0 days 15:57:39.573180,279055,16.3,16.29,10797,4831,-1293,7
346,BKR,2020-08-19,0 days 15:57:40.575684,275348,16.3,16.29,11143,5567,3707,-1293
347,BKR,2020-08-19,0 days 15:57:55.611998,276052,16.31,16.3,3670,11169,3003,-2097
348,BKR,2020-08-19,0 days 15:58:00.624540,269655,16.31,16.3,5138,8198,-6197,3203
349,BKR,2020-08-19,0 days 15:58:01.627163,268262,16.31,16.3,6887,7298,1259,-6197
350,BKR,2020-08-19,0 days 15:58:18.668966,306206,16.32,16.31,15580,8535,-446,6444
351,BKR,2020-08-19,0 days 15:58:22.678456,301762,16.32,16.31,7174,8853,4444,-3346
352,BKR,2020-08-19,0 days 15:59:12.800906,310761,16.33,16.32,8997,9707,-1234,7948
353,BKR,2020-08-19,0 days 15:59:16.810492,307445,16.33,16.32,10447,12397,3316,-1374
354,BKR,2020-08-19,0 days 15:59:27.837181,314125,16.33,16.32,12862,7046,-6621,2231
355,BKR,2020-08-19,0 days 15:59:28.839361,312546,16.33,16.32,13076,7746,1579,-6621
356,BKR,2020-08-19,0 days 15:59:39.866307,314125,16.33,16.32,16510,7033,-18768,732
357,BKR,2020-08-19,0 days 15:59:40.870234,313593,16.33,16.32,23527,1830,532,-18768
358,BMY,2020-08-19,0 days 15:59:46.874585,887396,63.09,63.08,6523,1586,-2945,10455
359,BP,2020-08-19,0 days 15:55:45.289178,104505,22.21,22.2,30995,45380,-475,25
360,BP,2020-08-19,0 days 15:55:46.292563,101080,22.21,22.2,13024,51440,3425,-475
361,BP,2020-08-19,0 days 15:58:47.730389,104155,22.25,22.24,35716,68333,-1636,3351
362,BP,2020-08-19,0 days 15:58:48.732702,89891,22.25,22.24,37774,69028,14264,-1636
363,BP,2020-08-19,0 days 15:59:00.764052,104167,22.25,22.24,3758,103800,-348,13136
364,BRK.B,2020-08-19,0 days 15:59:15.702124,1102500,207.19,207.16,29,347,190518,-249959
365,BRK.B,2020-08-19,0 days 15:59:16.703019,935172,207.37,207.36,600,521,-171374,190518
366,BRK.B,2020-08-19,0 days 15:59:20.712427,1112986,207.24,207.17,900,200,133864,-167610
367,BRK.B,2020-08-19,0 days 15:59:21.714755,944776,207.29,207.27,4,400,-168210,133864
368,BRK.B,2020-08-19,0 days 15:59:45.773281,1115318,207.19,207.16,1797,361,200368,-108900
369,BRK.B,2020-08-19,0 days 15:59:46.775721,978092,207.37,207.36,200,500,-141672,200368
370,BRK.B,2020-08-19,0 days 15:59:47.778318,1115318,207.27,207.16,1000,190,209098,-141672
371,BRX,2020-08-19,0 days 15:59:10.790300,195904,11.75,11.74,5411,15126,10051,-4737
372,BRX,2020-08-19,0 days 15:59:11.793091,191855,11.76,11.75,6917,13605,-7663,10051
373,BSX,2020-08-19,0 days 15:55:18.153136,463502,39.36,39.35,3301,6303,442,-909
374,BSX,2020-08-19,0 days 15:55:40.206383,453665,39.35,39.34,1415,12465,-10037,842
375,BX,2020-08-19,0 days 15:55:00.110072,106324,54.11,54.1,190,636,-2760,26811
376,BX,2020-08-19,0 days 15:59:16.703597,122884,54.02,54.01,2334,279,1336,-2891
377,BX,2020-08-19,0 days 15:59:17.705276,120420,54.02,54.01,2234,379,-1964,1336
378,C,2020-08-19,0 days 15:57:33.234661,725120,50.16,50.15,5929,2272,3668,-1532
379,C,2020-08-19,0 days 15:57:34.237107,724088,50.16,50.15,4129,3786,-1032,3668
380,C,2020-08-19,0 days 15:57:44.261700,725120,50.17,50.16,2738,11125,4125,-5575
381,C,2020-08-19,0 days 15:57:45.263748,720745,50.17,50.16,2535,12066,-4375,4125
382,C,2020-08-19,0 days 15:59:10.471840,871545,50.23,50.22,5061,8949,38929,-55766
383,CARR,2020-08-19,0 days 15:59:30.738581,413163,29.25,29.24,1853,304,7846,-3740
384,CARR,2020-08-19,0 days 15:59:31.739601,397809,29.25,29.24,600,604,-15354,7846
385,CCL,2020-08-19,0 days 15:57:39.446061,325348,14.62,14.61,11512,39283,-2731,13169
386,CCL,2020-08-19,0 days 15:57:40.448532,318579,14.62,14.61,14812,36600,6769,-2731
387,CCL,2020-08-19,0 days 15:59:05.657143,339426,14.6,14.59,35426,28904,-21367,351
388,CCL,2020-08-19,0 days 15:59:06.659225,335993,14.6,14.59,38765,15266,633,-21367
389,CCL,2020-08-19,0 days 15:59:30.717650,330555,14.62,14.61,52912,20631,-10245,846
390,CCL,2020-08-19,0 days 15:59:40.742383,330555,14.61,14.6,27573,30426,-34708,3055
391,CCL,2020-08-19,0 days 15:59:41.743242,309863,14.61,14.6,38529,14215,20692,-34708
392,CCL,2020-08-19,0 days 15:59:43.746810,330555,14.61,14.6,31481,29354,-408,1192
393,CCL,2020-08-19,0 days 15:59:46.755383,336253,14.6,14.59,38135,1140,702,-8298
394,CCL,2020-08-19,0 days 15:59:49.762108,336955,14.6,14.59,31262,27397,-3891,5209
395,CCL,2020-08-19,0 days 15:59:50.766242,329746,14.6,14.59,30662,25468,7209,-3891
396,CCXX,2020-08-19,0 days 15:59:22.787987,200,10.43,10.42,1737,3200,-260,10
397,CDE,2020-08-19,0 days 15:57:12.433160,125605,8.31,8.3,9520,27850,248,-952
398,CDE,2020-08-19,0 days 15:57:57.540728,125853,8.31,8.3,24591,12370,-153,147
399,CF,2020-08-19,0 days 15:53:25.839440,77785,33.52,33.51,1800,1705,-9696,3804
400,CF,2020-08-19,0 days 15:55:00.070214,104191,33.52,33.51,2624,1401,10505,-9696
401,CF,2020-08-19,0 days 15:55:45.170620,117657,33.55,33.54,4196,1565,-362,438
402,CF,2020-08-19,0 days 15:56:02.215358,115345,33.55,33.54,5655,746,2312,-416
403,CF,2020-08-19,0 days 15:56:03.214900,114457,33.55,33.54,5655,1033,-888,2312
404,CF,2020-08-19,0 days 15:56:27.272366,124930,33.52,33.51,2390,1604,901,-199
405,CF,2020-08-19,0 days 15:56:30.279615,124831,33.52,33.51,3478,1104,-99,901
406,CF,2020-08-19,0 days 15:56:31.283677,124030,33.53,33.52,3061,503,801,-99
407,CF,2020-08-19,0 days 15:57:36.438346,126176,33.56,33.55,1838,2481,-1860,640
408,CF,2020-08-19,0 days 15:57:37.441130,125536,33.56,33.55,1938,2560,1340,-1860
409,CF,2020-08-19,0 days 15:57:45.460279,127276,33.56,33.55,3125,1251,-60,740
410,CF,2020-08-19,0 days 15:57:50.472708,126536,33.56,33.55,2298,926,740,-2060
411,CF,2020-08-19,0 days 15:57:56.486801,127276,33.56,33.55,4010,1466,-1160,740
412,CF,2020-08-19,0 days 15:57:57.489524,126536,33.56,33.55,3810,2819,740,-1160
413,CF,2020-08-19,0 days 15:58:00.498709,126276,33.56,33.55,4330,1619,-260,740
414,CF,2020-08-19,0 days 15:58:01.500165,125636,33.56,33.55,4410,1619,640,-260
415,CF,2020-08-19,0 days 15:58:02.502170,123983,33.56,33.55,4110,3064,-1653,640
416,CF,2020-08-19,0 days 15:58:03.504807,123536,33.56,33.55,4567,2864,447,-1653
417,CF,2020-08-19,0 days 15:58:07.514624,123983,33.56,33.55,5467,3186,-53,447
418,CF,2020-08-19,0 days 15:58:08.516753,123536,33.56,33.55,5247,3165,447,-53
419,CF,2020-08-19,0 days 15:58:10.523244,124395,33.56,33.55,5448,3265,-2341,447
420,CF,2020-08-19,0 days 15:58:12.527104,123836,33.56,33.55,7522,2872,559,-541
421,CF,2020-08-19,0 days 15:58:16.536842,124395,33.56,33.55,7529,2698,-541,559
422,CF,2020-08-19,0 days 15:58:17.539365,123836,33.56,33.55,7222,3598,559,-541
423,CF,2020-08-19,0 days 15:59:07.660843,129289,33.59,33.58,2300,3840,-6694,827
424,CF,2020-08-19,0 days 15:59:08.664276,129089,33.58,33.57,2003,622,3520,-6694
425,CF,2020-08-19,0 days 15:59:18.687607,133262,33.6,33.59,1947,3469,-6822,473
426,CF,2020-08-19,0 days 15:59:31.719870,136284,33.61,33.6,7176,1469,261,-922
427,CF,2020-08-19,0 days 15:59:32.722783,136545,33.61,33.6,5342,1832,-3980,261
428,CF,2020-08-19,0 days 15:59:39.739314,141725,33.59,33.58,1076,5443,235,-1381
429,CF,2020-08-19,0 days 15:59:45.753070,141960,33.58,33.57,4631,118,-1245,135
430,CFG,2020-08-19,0 days 15:59:28.711666,291992,24.82,24.81,8876,3163,1398,-348
431,CFG,2020-08-19,0 days 15:59:32.722933,284888,24.82,24.81,7089,8006,-5134,11566
432,CFG,2020-08-19,0 days 15:59:40.742398,290022,24.82,24.81,13696,987,459,-541
433,CFG,2020-08-19,0 days 15:59:46.755453,286362,24.82,24.81,14849,806,-5596,9626
434,CGC,2020-08-19,0 days 15:55:00.868933,15416,16.66,16.65,1378,4261,4663,-3463
435,CGC,2020-08-19,0 days 15:56:27.075980,20127,16.66,16.65,2043,3641,-1652,348
436,CGC,2020-08-19,0 days 15:56:28.078477,19579,16.66,16.65,2288,3641,548,-1652
437,CGC,2020-08-19,0 days 15:57:23.211930,20127,16.65,16.64,1622,6900,-2652,1148
438,CGC,2020-08-19,0 days 15:57:24.214465,18979,16.65,16.64,1622,6600,1148,-2652
439,CGC,2020-08-19,0 days 15:59:35.535414,20386,16.64,16.63,541,2881,-424,164
440,CHGG,2020-08-19,0 days 15:55:00.592216,36970,77.74,77.72,202,100,-17579,9614
441,CHGG,2020-08-19,0 days 15:59:15.208224,55519,77.64,77.63,735,872,192,-727
442,CHGG,2020-08-19,0 days 15:59:16.209238,50411,77.64,77.63,335,1072,-174,192
443,CHWY,2020-08-19,0 days 15:55:00.869633,34857,56.3,56.26,1250,400,14885,-21365
444,CHWY,2020-08-19,0 days 15:55:01.869911,32442,56.28,56.25,212,257,-2415,14885
445,CHWY,2020-08-19,0 days 15:59:13.479227,41044,56.28,56.26,289,530,610,-90
446,CHWY,2020-08-19,0 days 15:59:17.486335,39548,56.28,56.24,264,428,-1496,1604
447,CHWY,2020-08-19,0 days 15:59:41.545412,44519,56.26,56.25,548,994,6168,-1032
448,CHWY,2020-08-19,0 days 15:59:42.547246,43787,56.26,56.25,548,994,-732,6168
449,CHWY,2020-08-19,0 days 15:59:45.556093,44519,56.26,56.24,1050,1256,68,-732
450,CHWY,2020-08-19,0 days 15:59:48.563182,43987,56.26,56.22,806,1025,-532,68
451,CHWY,2020-08-19,0 days 15:59:49.564916,44519,56.23,56.2,528,815,68,-532
452,CHWY,2020-08-19,0 days 15:59:50.571267,37587,56.23,56.2,564,1929,-6932,68
453,CIEN,2020-08-19,0 days 15:59:10.796083,80388,59.87,59.83,1515,3828,2686,-1407
454,CIEN,2020-08-19,0 days 15:59:11.798540,78874,59.87,59.83,1537,3828,-1314,2686
455,CIEN,2020-08-19,0 days 15:59:12.801096,80388,59.87,59.83,1537,3828,286,-1314
456,CIEN,2020-08-19,0 days 15:59:13.803332,83687,59.86,59.83,723,3966,-1501,286
457,CIEN,2020-08-19,0 days 15:59:42.873951,84745,59.83,59.82,727,196,-579,5721
458,CIEN,2020-08-19,0 days 15:59:45.881449,85324,59.82,59.81,523,300,499,-579
459,CIEN,2020-08-19,0 days 15:59:48.888323,84623,59.8,59.79,734,900,-701,499
460,CIG,2020-08-19,0 days 15:59:36.257705,114758,1.95,1.94,498051,503152,-37285,44015
461,CIG,2020-08-19,0 days 15:59:37.260124,112443,1.95,1.94,501151,503152,2315,-37285
462,CIG,2020-08-19,0 days 15:59:45.281610,122225,1.95,1.94,528577,491053,-5418,2682
463,CIG,2020-08-19,0 days 15:59:46.283142,119943,1.95,1.94,532003,492280,4852,-5418
464,CL,2020-08-19,0 days 15:55:00.112699,288248,78.08,78.07,945,409,419,-26061
465,CL,2020-08-19,0 days 15:57:37.492010,296713,77.99,77.98,931,1005,-3144,3356
466,CL,2020-08-19,0 days 15:57:38.494559,294557,77.99,77.98,931,1105,2156,-3144
467,CL,2020-08-19,0 days 15:58:04.558584,296013,78.01,78.0,847,1805,-71,2405
468,CL,2020-08-19,0 days 15:58:53.677918,290096,78.04,78.03,2194,138,1700,-1000
469,CL,2020-08-19,0 days 15:59:02.700724,292542,78.04,78.03,1138,867,-156,1844
470,CL,2020-08-19,0 days 15:59:04.704713,292222,78.04,78.03,575,2188,320,-3980
471,CL,2020-08-19,0 days 15:59:06.710909,292792,78.05,78.04,2009,400,-1872,320
472,CL,2020-08-19,0 days 15:59:12.726569,316859,78.02,78.01,308,1700,12802,-12298
473,CL,2020-08-19,0 days 15:59:13.728207,315361,78.02,78.0,1402,1200,-1806,12802
474,CL,2020-08-19,0 days 15:59:17.733393,320664,78.02,78.0,2796,1400,3125,-5989
475,CL,2020-08-19,0 days 15:59:18.736241,318906,78.01,78.0,425,1797,-1837,3125
476,CL,2020-08-19,0 days 15:59:23.748485,331180,77.98,77.97,1145,100,8026,-13074
477,CL,2020-08-19,0 days 15:59:24.750276,328706,77.99,77.97,1805,1495,-3544,8026
478,CL,2020-08-19,0 days 15:59:28.759988,333231,77.98,77.97,551,1042,275,-4425
479,CL,2020-08-19,0 days 15:59:30.766480,333506,77.99,77.98,1307,500,-11197,275
480,CL,2020-08-19,0 days 15:59:31.768531,344703,77.99,77.98,2966,200,4203,-11197
481,CL,2020-08-19,0 days 15:59:32.771185,341506,78.01,78.0,652,200,-6197,4203
482,CLF,2020-08-19,0 days 15:56:13.357769,341050,6.43,6.42,79446,20660,742,-958
483,CLF,2020-08-19,0 days 15:57:37.560155,341792,6.42,6.41,69400,68291,-4458,642
484,CLF,2020-08-19,0 days 15:59:15.797974,367094,6.42,6.41,60315,89815,120273,-18266
485,CLF,2020-08-19,0 days 15:59:16.799878,355857,6.42,6.41,27630,134511,-11237,120273
486,CLF,2020-08-19,0 days 15:59:39.855147,379294,6.42,6.41,117711,59911,41502,-5964
487,CLF,2020-08-19,0 days 15:59:40.858943,375196,6.42,6.41,124150,53546,-4098,41502
488,CLF,2020-08-19,0 days 15:59:44.867021,379294,6.42,6.41,114224,65411,10102,-4098
489,CLF,2020-08-19,0 days 15:59:46.872033,376441,6.42,6.41,95591,71015,-3944,6947
490,CLNY,2020-08-19,0 days 15:59:26.834584,347171,2.79,2.78,108837,28506,6726,-13874
491,CLNY,2020-08-19,0 days 15:59:44.878170,335111,2.79,2.78,97616,59680,-10166,1334
492,CLNY,2020-08-19,0 days 15:59:46.883235,333577,2.79,2.78,96916,64703,1534,-4266
493,CNP,2020-08-19,0 days 15:55:41.692092,439278,20.23,20.22,9970,8166,-32378,7992
494,CNP,2020-08-19,0 days 15:55:42.694519,432856,20.23,20.22,9400,8232,6422,-32378
495,CNP,2020-08-19,0 days 15:58:19.072939,440114,20.25,20.24,13560,23832,-389,4011
496,CNP,2020-08-19,0 days 15:58:20.075602,437103,20.25,20.24,13837,21405,3011,-389
497,CNP,2020-08-19,0 days 15:58:37.115236,429424,20.25,20.24,13575,16338,-3180,5110
498,CNP,2020-08-19,0 days 15:58:38.117078,427504,20.25,20.24,14492,15038,1920,-3180
499,CNP,2020-08-19,0 days 15:59:04.180245,440525,20.25,20.24,5554,24664,-84,3562
500,CNQ,2020-08-19,0 days 15:56:28.397059,23816,19.93,19.92,6065,10806,-1006,1394
501,CNQ,2020-08-19,0 days 15:59:45.872676,26596,19.93,19.92,14341,10736,1448,-283
502,CNQ,2020-08-19,0 days 15:59:50.885686,24756,19.93,19.92,14668,8876,-991,597
503,CNX,2020-08-19,0 days 15:55:45.289139,99469,11.76,11.75,1945,9897,-1698,11
504,CNX,2020-08-19,0 days 15:55:46.292563,98767,11.76,11.75,2054,9878,1012,-1698
505,CNX,2020-08-19,0 days 15:56:10.349838,100410,11.78,11.77,6747,7993,-2128,743
506,CNX,2020-08-19,0 days 15:56:11.352229,100038,11.78,11.77,6935,7771,372,-2128
507,CNX,2020-08-19,0 days 15:56:13.357695,100410,11.78,11.77,5767,9571,-1228,372
508,CNX,2020-08-19,0 days 15:56:14.359190,100138,11.78,11.77,5767,10171,272,-1228
509,CNX,2020-08-19,0 days 15:56:44.431783,103111,11.8,11.79,7707,2002,-6127,772
510,CNX,2020-08-19,0 days 15:58:35.701504,113466,11.79,11.78,12289,3458,-475,2117
511,CNX,2020-08-19,0 days 15:59:06.777336,118416,11.79,11.78,14957,5066,383,-1217
512,CNX,2020-08-19,0 days 15:59:45.870089,122747,11.77,11.76,1093,14784,-460,540
513,CNX,2020-08-19,0 days 15:59:46.871866,122407,11.77,11.76,2413,13148,340,-460
514,CNX,2020-08-19,0 days 15:59:59.905558,121407,11.77,11.76,19946,12839,1340,-1605
515,COF,2020-08-19,0 days 15:55:00.179562,96230,65.61,65.57,509,584,220,-29287
516,COF,2020-08-19,0 days 15:55:11.207262,96634,65.64,65.63,505,1503,-335,304
517,COF,2020-08-19,0 days 15:55:12.210000,96408,65.62,65.61,233,301,226,-335
518,COF,2020-08-19,0 days 15:57:00.470431,103819,65.63,65.62,79,323,-1642,58
519,COF,2020-08-19,0 days 15:57:01.472883,102761,65.64,65.63,516,523,1058,-1642
520,COF,2020-08-19,0 days 15:58:35.701456,104621,65.68,65.67,1509,2031,-3,197
521,COF,2020-08-19,0 days 15:58:37.707077,103824,65.68,65.67,609,4248,797,-3
522,COF,2020-08-19,0 days 15:59:04.772721,105424,65.64,65.62,503,3048,-2195,400
523,COF,2020-08-19,0 days 15:59:05.774995,102719,65.64,65.63,343,271,2705,-2195
524,COG,2020-08-19,0 days 15:55:44.294659,141898,20.14,20.13,7209,3533,2323,-788
525,COG,2020-08-19,0 days 15:56:50.453910,146563,20.14,20.13,5294,7956,-7790,871
526,COG,2020-08-19,0 days 15:56:51.456509,145753,20.14,20.13,5694,8056,810,-7790
527,COG,2020-08-19,0 days 15:58:33.705262,149663,20.12,20.11,13777,8575,3409,-246
528,COG,2020-08-19,0 days 15:59:06.785718,155462,20.11,20.1,4643,12843,-1306,4390
529,COG,2020-08-19,0 days 15:59:07.787836,157968,20.11,20.1,4612,10158,582,-1306
530,COG,2020-08-19,0 days 15:59:13.803292,160014,20.11,20.1,8558,12228,-25,741
531,COG,2020-08-19,0 days 15:59:14.806332,159739,20.11,20.1,12740,11440,175,-25
532,COP,2020-08-19,0 days 15:55:32.229331,354815,39.63,39.62,3956,1238,612,-1788
533,COP,2020-08-19,0 days 15:55:33.232155,353327,39.63,39.62,3756,1104,-1488,612
534,COP,2020-08-19,0 days 15:55:45.260754,354815,39.63,39.62,4736,1849,437,-1463
535,COP,2020-08-19,0 days 15:55:46.264448,353552,39.65,39.64,2000,2205,-1263,437
536,COP,2020-08-19,0 days 15:55:49.270690,354815,39.65,39.64,2368,1265,1137,-1263
537,COP,2020-08-19,0 days 15:56:07.314728,355297,39.64,39.63,3197,1737,-520,263
538,COP,2020-08-19,0 days 15:56:27.362301,355817,39.66,39.65,1946,2550,8880,-520
539,COP,2020-08-19,0 days 15:56:50.417709,362697,39.7,39.69,6,3021,-4924,551
540,COP,2020-08-19,0 days 15:56:51.420193,362421,39.69,39.68,1300,2200,476,-4924
541,COP,2020-08-19,0 days 15:56:52.423017,362897,39.67,39.66,662,1892,-124,476
542,COP,2020-08-19,0 days 15:56:53.424853,362521,39.67,39.66,1062,1292,376,-124
543,COP,2020-08-19,0 days 15:56:59.439741,362897,39.67,39.66,2527,518,-3040,376
544,COP,2020-08-19,0 days 15:57:00.442353,362237,39.67,39.66,1937,1390,660,-3040
545,COP,2020-08-19,0 days 15:57:36.529242,370097,39.67,39.66,1200,2232,-2440,2360
546,COP,2020-08-19,0 days 15:57:38.534363,369337,39.67,39.66,4037,605,760,-740
547,COP,2020-08-19,0 days 15:57:49.560905,369297,39.66,39.65,2799,1675,-40,760
548,COP,2020-08-19,0 days 15:57:55.575427,370497,39.66,39.65,3890,1099,-1244,756
549,COP,2020-08-19,0 days 15:57:56.578223,369741,39.66,39.65,4125,999,56,-1244
550,COP,2020-08-19,0 days 15:58:00.588131,367097,39.67,39.66,44,4506,-3344,5056
551,COP,2020-08-19,0 days 15:58:09.610235,363931,39.7,39.69,1614,3587,6370,-3076
552,COP,2020-08-19,0 days 15:58:10.613847,356801,39.7,39.69,1014,4203,-7130,6370
553,COP,2020-08-19,0 days 15:58:12.617344,362131,39.68,39.67,1025,2700,1070,-730
554,COP,2020-08-19,0 days 15:58:13.619891,361825,39.68,39.67,721,3656,-966,1070
555,COP,2020-08-19,0 days 15:58:15.624465,362791,39.69,39.68,2502,1400,2434,-966
556,COP,2020-08-19,0 days 15:58:16.627162,362125,39.69,39.68,1702,2756,-666,2434
557,COP,2020-08-19,0 days 15:58:25.648763,362791,39.69,39.68,1917,4365,2634,-566
558,COP,2020-08-19,0 days 15:58:26.652099,362225,39.69,39.68,2017,5021,-566,2634
559,COP,2020-08-19,0 days 15:58:33.668319,362792,39.69,39.68,2733,2449,1006,-766
560,COP,2020-08-19,0 days 15:58:34.671275,362298,39.69,39.68,1726,4007,-494,1006
561,COP,2020-08-19,0 days 15:58:36.675804,362792,39.69,39.68,3443,3145,1206,-494
562,COP,2020-08-19,0 days 15:58:37.678274,362498,39.7,39.69,335,5844,-2094,1206
563,COP,2020-08-19,0 days 15:58:44.695077,362398,39.69,39.68,5706,224,-394,106
564,COP,2020-08-19,0 days 15:59:04.744272,385336,39.66,39.65,268,5350,-371,2454
565,COP,2020-08-19,0 days 15:59:37.824485,393037,39.67,39.66,4015,81,1064,-136
566,COP,2020-08-19,0 days 15:59:40.833392,393037,39.66,39.65,2807,2443,9042,-5436
567,COTY,2020-08-19,0 days 15:59:01.685291,227483,3.87,3.86,26892,283318,-29251,40867
568,COTY,2020-08-19,0 days 15:59:02.688460,224134,3.87,3.86,38171,259090,3349,-29251
569,COTY,2020-08-19,0 days 15:59:12.713528,227783,3.87,3.86,27569,306418,-13515,988
570,COTY,2020-08-19,0 days 15:59:13.715069,202398,3.87,3.86,48843,277937,25385,-13515
571,CPE,2020-08-19,0 days 15:59:13.728207,53481,7.53,7.52,6773,7530,-10881,15719
572,CPE,2020-08-19,0 days 15:59:14.730536,51562,7.53,7.52,8739,5923,1919,-10881
573,CPE,2020-08-19,0 days 15:59:17.733393,58381,7.53,7.52,1685,14000,-1981,6719
574,CPRI,2020-08-19,0 days 15:57:34.551238,112558,15.81,15.8,2305,3574,270,-1530
575,CPRI,2020-08-19,0 days 15:57:35.553759,111328,15.81,15.8,2605,3931,-1230,270
576,CPRI,2020-08-19,0 days 15:57:37.559069,112558,15.81,15.8,2595,4331,470,-30
577,CPRI,2020-08-19,0 days 15:57:38.561056,111528,15.81,15.8,2995,3731,-1030,470
578,CPRI,2020-08-19,0 days 15:59:11.788983,115199,15.85,15.84,9726,4630,370,-5130
579,CRK,2020-08-19,0 days 15:55:00.869681,37950,6.23,6.22,1686,3963,-4500,2152
580,CRK,2020-08-19,0 days 15:59:15.483505,46698,6.23,6.22,11510,4827,337,-1763
581,CRK,2020-08-19,0 days 15:59:33.525938,47635,6.21,6.2,2484,8173,-443,1438
582,CRM,2020-08-19,0 days 15:59:48.287028,845204,205.21,205.19,249,553,555,-4992
583,CRM,2020-08-19,0 days 15:59:49.289167,840559,205.21,205.18,38,793,-4886,555
584,CTL,2020-08-19,0 days 15:58:01.500316,3143645,11.29,11.28,87857,13530,-14887,22400
585,CTL,2020-08-19,0 days 15:58:09.520101,3160872,11.29,11.28,85383,23830,8173,-16519
586,CTL,2020-08-19,0 days 15:58:10.523412,3137245,11.29,11.28,81783,31334,-23627,8173
587,CTL,2020-08-19,0 days 15:59:30.717744,3362826,11.3,11.29,54997,51180,34450,-27427
588,CTL,2020-08-19,0 days 15:59:41.743263,3322610,11.3,11.29,58118,63167,-13216,78010
589,CTL,2020-08-19,0 days 15:59:46.755453,3330510,11.3,11.29,43429,62977,-17268,41084
590,CTVA,2020-08-19,0 days 15:57:39.564962,1130119,28.53,28.52,1796,2292,-100727,3373
591,CTVA,2020-08-19,0 days 15:59:34.842996,1313015,28.55,28.54,500,6196,13838,-14970
592,CTVA,2020-08-19,0 days 15:59:35.845171,1312853,28.56,28.55,460,4543,-162,13838
593,CTVA,2020-08-19,0 days 15:59:39.855125,1334083,28.57,28.56,2767,4449,79007,-2493
594,CVE,2020-08-19,0 days 15:59:36.751759,45625,4.99,4.98,183149,270577,30057,-35343
595,CVE,2020-08-19,0 days 15:59:37.753776,43782,4.99,4.98,181499,268077,-1843,30057
596,CVS,2020-08-19,0 days 15:55:18.106983,395864,65.29,65.28,426,1100,324,-476
597,CVS,2020-08-19,0 days 15:55:19.108474,395288,65.29,65.28,701,1300,-576,324
598,CVS,2020-08-19,0 days 15:57:34.434060,437848,65.24,65.23,1237,202,2894,-1406
599,CVS,2020-08-19,0 days 15:57:45.460279,438048,65.25,65.24,1452,665,394,-6206
600,CVS,2020-08-19,0 days 15:57:46.462649,434542,65.25,65.24,1592,665,-3506,394
601,CVS,2020-08-19,0 days 15:58:07.514624,437248,65.26,65.25,1059,1300,1909,-4591
602,CVS,2020-08-19,0 days 15:58:08.516753,433357,65.26,65.25,994,1199,-3891,1909
603,CVS,2020-08-19,0 days 15:59:15.681356,563775,65.26,65.25,601,1507,46675,-73686
604,CVS,2020-08-19,0 days 15:59:16.683218,558635,65.3,65.29,500,1159,-5140,46675
605,CVS,2020-08-19,0 days 15:59:28.711590,569130,65.28,65.26,1569,2175,3243,-1512
606,CVS,2020-08-19,0 days 15:59:29.714140,567473,65.28,65.27,1173,600,-1657,3243
607,CVS,2020-08-19,0 days 15:59:44.750501,573811,65.28,65.27,2111,1046,1459,-478
608,CVS,2020-08-19,0 days 15:59:47.758342,573540,65.25,65.24,811,1096,-90,13036
609,CVS,2020-08-19,0 days 15:59:48.760282,573630,65.26,65.25,200,1514,173,-90
610,CVS,2020-08-19,0 days 15:59:49.762009,573303,65.27,65.26,529,2202,-327,173
611,CVX,2020-08-19,0 days 15:59:16.703544,1272213,86.45,86.44,300,162,-89688,183553
612,CVX,2020-08-19,0 days 15:59:41.764230,1379852,86.42,86.41,2018,147,42646,-10208
613,CVX,2020-08-19,0 days 15:59:43.767807,1331544,86.45,86.44,267,100,-52847,207
614,CVX,2020-08-19,0 days 15:59:48.780683,1335094,86.44,86.43,274,1579,-56978,12329
615,CVX,2020-08-19,0 days 15:59:50.786908,1382458,86.41,86.39,4691,188,46490,-12578
616,CX,2020-08-19,0 days 15:58:02.623457,102894,3.4,3.39,142800,161646,36622,-55410
617,CX,2020-08-19,0 days 15:58:03.625968,95716,3.4,3.39,142000,163346,-7178,36622
618,D,2020-08-19,0 days 15:55:40.277432,213141,77.94,77.93,724,700,464,-1246
619,D,2020-08-19,0 days 15:55:41.279525,210105,77.95,77.94,502,975,-3036,464
620,D,2020-08-19,0 days 15:57:33.550468,222195,77.84,77.83,2064,276,592,-1476
621,D,2020-08-19,0 days 15:57:34.552618,219219,77.84,77.83,1964,356,-2976,592
622,D,2020-08-19,0 days 15:58:27.682103,220366,77.87,77.86,283,833,-1981,519
623,D,2020-08-19,0 days 15:59:30.833398,229910,77.85,77.84,600,200,3051,-6011
624,D,2020-08-19,0 days 15:59:35.845009,229161,77.9,77.89,200,856,-749,3051
625,D,2020-08-19,0 days 15:59:57.899357,229742,77.95,77.92,529,500,-168,39
626,DAL,2020-08-19,0 days 15:55:00.070427,194473,27.64,27.63,9394,10059,1117,-11348
627,DAL,2020-08-19,0 days 15:57:26.413914,196696,27.65,27.64,11792,12274,-1001,83
628,DAL,2020-08-19,0 days 15:57:27.416183,195397,27.65,27.64,16995,2416,883,-1001
629,DAL,2020-08-19,0 days 15:57:31.426482,196696,27.65,27.64,15120,253,-3401,883
630,DAL,2020-08-19,0 days 15:57:32.428696,195397,27.64,27.63,12089,9325,1299,-3401
631,DAL,2020-08-19,0 days 15:58:02.502313,168356,27.66,27.65,5478,12754,-16924,783
632,DAL,2020-08-19,0 days 15:59:12.674244,187257,27.67,27.66,393,26971,-7377,3932
633,DAL,2020-08-19,0 days 15:59:23.699992,194580,27.65,27.64,8650,7210,1854,-289
634,DAL,2020-08-19,0 days 15:59:28.711654,194318,27.66,27.65,5615,17491,-262,2954
635,DAL,2020-08-19,0 days 15:59:30.717694,200480,27.66,27.65,5453,16663,3264,-262
636,DAL,2020-08-19,0 days 15:59:41.743242,208604,27.67,27.66,9018,18938,-18686,11914
637,DAL,2020-08-19,0 days 15:59:42.746152,201290,27.67,27.66,11752,12778,7314,-18686
638,DD,2020-08-19,0 days 15:59:34.775339,1571828,56.32,56.31,973,2611,2203,-4639
639,DD,2020-08-19,0 days 15:59:48.792728,1567665,56.32,56.31,1912,1211,-4163,5637
640,DDD,2020-08-19,0 days 15:57:16.441382,119149,5.44,5.43,17595,19791,442,-4058
641,DDD,2020-08-19,0 days 15:57:47.514786,119591,5.44,5.43,13179,22210,-158,142
642,DDD,2020-08-19,0 days 15:58:10.574113,119749,5.44,5.43,12716,22453,2731,-4865
643,DDD,2020-08-19,0 days 15:58:44.654652,122480,5.44,5.43,11470,22041,-469,2731
644,DDD,2020-08-19,0 days 15:59:11.722196,127594,5.44,5.43,9642,20672,1035,-872
645,DFS,2020-08-19,0 days 15:55:46.223575,123016,50.8,50.79,439,500,3416,-3184
646,DFS,2020-08-19,0 days 15:55:47.224098,120132,50.81,50.8,224,200,-2884,3416
647,DFS,2020-08-19,0 days 15:57:52.517820,126075,50.77,50.76,410,200,749,-1351
648,DFS,2020-08-19,0 days 15:57:53.519871,124124,50.78,50.77,485,300,-1951,749
649,DFS,2020-08-19,0 days 15:58:10.563871,126175,50.81,50.8,1558,187,778,-1607
650,DFS,2020-08-19,0 days 15:58:11.564703,124731,50.81,50.8,1742,125,-1344,778
651,DFS,2020-08-19,0 days 15:58:51.660331,126075,50.78,50.77,138,500,861,-1139
652,DFS,2020-08-19,0 days 15:58:52.662777,124736,50.79,50.78,2112,26,-1339,861
653,DFS,2020-08-19,0 days 15:59:22.717827,130619,50.8,50.79,242,355,16829,-671
654,DFS,2020-08-19,0 days 15:59:23.719730,130421,50.82,50.81,722,42,-198,16829
655,DFS,2020-08-19,0 days 15:59:26.726655,130519,50.82,50.79,1452,347,565,-13
656,DG,2020-08-19,0 days 15:56:53.866881,118068,200.11,200.07,360,268,1589,-7811
657,DG,2020-08-19,0 days 15:56:54.869228,115157,200.12,200.07,284,381,-2911,1589
658,DG,2020-08-19,0 days 15:59:05.183130,118015,200.23,200.2,500,2,1171,-2477
659,DG,2020-08-19,0 days 15:59:06.186127,116286,200.32,200.28,400,15,-1729,1171
660,DG,2020-08-19,0 days 15:59:31.246459,121099,200.1,200.07,350,104,-1363,404
661,DG,2020-08-19,0 days 15:59:41.270363,123562,200.15,200.1,829,150,694,-906
662,DG,2020-08-19,0 days 15:59:44.277284,122872,200.11,200.07,13,16,-690,1710
663,DHI,2020-08-19,0 days 15:55:00.186935,437906,73.85,73.83,476,564,4731,-36373
664,DHI,2020-08-19,0 days 15:55:17.229444,439137,73.86,73.85,239,50,-1966,152
665,DHI,2020-08-19,0 days 15:56:48.448665,517053,74.03,74.01,200,468,6416,-2584
666,DHI,2020-08-19,0 days 15:57:33.558147,523469,74.05,74.03,502,902,-2315,1968
667,DHI,2020-08-19,0 days 15:57:34.561115,518801,74.05,74.03,300,1137,4668,-2315
668,DHI,2020-08-19,0 days 15:57:35.563199,523469,74.04,74.02,627,700,-2215,4668
669,DHI,2020-08-19,0 days 15:57:37.568568,520084,74.04,74.02,612,702,3385,-5415
670,DHI,2020-08-19,0 days 15:57:38.570812,523469,74.04,74.02,2338,407,-15,3385
671,DHI,2020-08-19,0 days 15:57:40.574901,518184,74.03,74.01,1248,406,5285,-15
672,DHI,2020-08-19,0 days 15:58:00.624219,519805,74.03,74.02,2300,100,-3079,612
673,DHI,2020-08-19,0 days 15:58:01.626851,518584,74.01,73.98,1044,800,1221,-3079
674,DHI,2020-08-19,0 days 15:58:06.638724,516484,74.02,74.0,801,398,1264,-1836
675,DHI,2020-08-19,0 days 15:58:18.668156,516462,74.02,73.99,600,703,1286,-1114
676,DHI,2020-08-19,0 days 15:58:29.695553,514748,74.0,73.99,501,404,-1214,6186
677,DHI,2020-08-19,0 days 15:58:30.698062,510762,73.99,73.98,100,504,3986,-1214
678,DHI,2020-08-19,0 days 15:58:41.724242,514262,73.98,73.97,829,100,1886,-1114
679,DHI,2020-08-19,0 days 15:59:04.781161,566656,73.99,73.98,2093,1854,-2827,4180
680,DHI,2020-08-19,0 days 15:59:05.783193,562783,74.0,73.99,163,891,2684,-2827
681,DHI,2020-08-19,0 days 15:59:06.785364,565467,74.02,74.01,629,377,-2316,2684
682,DHI,2020-08-19,0 days 15:59:07.787470,562083,74.01,73.99,828,796,3384,-2316
683,DHI,2020-08-19,0 days 15:59:16.810141,569943,74.03,74.02,2104,99,-323,3889
684,DHI,2020-08-19,0 days 15:59:27.836853,559634,74.05,74.04,443,10,11406,-15043
685,DHI,2020-08-19,0 days 15:59:45.881070,584397,74.03,74.01,431,475,-2138,1872
686,DHI,2020-08-19,0 days 15:59:46.883119,583535,74.03,74.01,450,202,1326,-2138
687,DHT,2020-08-19,0 days 15:55:00.070287,277466,6.14,6.13,23120,23508,-6496,156671
688,DIS,2020-08-19,0 days 15:59:29.714225,510172,127.77,127.76,100,141,-1327,673
689,DIS,2020-08-19,0 days 15:59:30.717694,511499,127.76,127.74,1556,100,7679,-1327
690,DIS,2020-08-19,0 days 15:59:35.729819,503562,127.81,127.79,100,903,-3966,1912
691,DIS,2020-08-19,0 days 15:59:37.734930,507528,127.8,127.78,361,941,3834,-6600
692,DIS,2020-08-19,0 days 15:59:40.742383,511786,127.81,127.79,1500,269,-6176,4008
693,DIS,2020-08-19,0 days 15:59:41.743251,507528,127.82,127.79,1974,1541,9358,-6176
694,DIS,2020-08-19,0 days 15:59:45.753279,518862,127.82,127.79,2145,1487,5595,-7088
695,DIS,2020-08-19,0 days 15:59:50.766368,490206,127.8,127.79,52,738,-17922,7578
696,DKS,2020-08-19,0 days 15:55:00.113355,48208,46.26,46.25,544,1284,-581,7482
697,DKS,2020-08-19,0 days 15:55:44.220444,49236,46.26,46.25,1209,409,898,-602
698,DKS,2020-08-19,0 days 15:55:47.227614,50234,46.26,46.25,1830,1141,-102,398
699,DKS,2020-08-19,0 days 15:55:48.231164,50136,46.26,46.25,1830,1343,98,-102
700,DKS,2020-08-19,0 days 15:56:16.298046,52604,46.34,46.33,900,569,-667,233
701,DKS,2020-08-19,0 days 15:56:17.299769,52271,46.34,46.33,1100,569,333,-667
702,DKS,2020-08-19,0 days 15:56:27.324252,52604,46.37,46.36,300,438,-6867,333
703,DKS,2020-08-19,0 days 15:56:29.328577,56471,46.37,46.36,400,765,55,-367
704,DKS,2020-08-19,0 days 15:56:30.331811,56126,46.37,46.36,600,1032,-545,55
705,DKS,2020-08-19,0 days 15:56:43.363069,58584,46.41,46.4,410,380,1724,-2376
706,DKS,2020-08-19,0 days 15:56:44.365749,58186,46.43,46.42,100,505,-398,1724
707,DKS,2020-08-19,0 days 15:57:41.502036,60984,46.43,46.42,327,1377,1029,-1171
708,DKS,2020-08-19,0 days 15:57:42.504745,60413,46.43,46.42,727,1577,-571,1029
709,DKS,2020-08-19,0 days 15:57:49.521017,61484,46.42,46.41,1735,27,429,-271
710,DKS,2020-08-19,0 days 15:57:50.523809,60813,46.42,46.41,1636,27,-771,429
711,DKS,2020-08-19,0 days 15:59:00.696689,65257,46.49,46.48,348,587,713,-412
712,DKS,2020-08-19,0 days 15:59:01.697952,64670,46.5,46.49,428,459,-587,713
713,DKS,2020-08-19,0 days 15:59:06.711119,64268,46.52,46.51,800,200,302,-587
714,DKS,2020-08-19,0 days 15:59:07.712528,63770,46.5,46.49,1324,911,-494,302
715,DKS,2020-08-19,0 days 15:59:13.728425,67711,46.49,46.48,1021,1098,2059,-3941
716,DKS,2020-08-19,0 days 15:59:14.730711,66548,46.5,46.49,600,397,-1735,2059
717,DKS,2020-08-19,0 days 15:59:16.731686,68373,46.5,46.49,1180,277,436,-1313
718,DKS,2020-08-19,0 days 15:59:17.733548,66509,46.5,46.49,900,332,-1864,436
719,DKS,2020-08-19,0 days 15:59:44.795161,70169,46.47,46.46,827,299,258,-544
720,DKS,2020-08-19,0 days 15:59:46.798706,69653,46.46,46.45,1509,200,-516,184
721,DOW,2020-08-19,0 days 15:59:05.774973,373132,44.56,44.55,599,1408,20205,-18472
722,DOW,2020-08-19,0 days 15:59:11.790120,374176,44.55,44.54,742,1465,-127,520
723,DOW,2020-08-19,0 days 15:59:15.797635,383203,44.58,44.57,2000,383,133436,-1327
724,DOW,2020-08-19,0 days 15:59:27.825876,515355,44.63,44.62,2171,1569,-1150,7677
725,DOW,2020-08-19,0 days 15:59:28.828090,508105,44.63,44.62,2727,1563,6806,-1150
726,DT,2020-08-19,0 days 15:55:00.151182,79085,39.32,39.31,690,720,-301,36693
727,DT,2020-08-19,0 days 15:56:10.321545,79416,39.31,39.29,516,210,1023,-777
728,DT,2020-08-19,0 days 15:56:11.323859,78839,39.3,39.28,518,929,-833,1023
729,DT,2020-08-19,0 days 15:57:58.582837,81936,39.22,39.21,1305,1902,96,-1004
730,DT,2020-08-19,0 days 15:57:59.585698,81132,39.22,39.21,1305,1812,-804,96
731,DT,2020-08-19,0 days 15:59:00.734688,89336,39.23,39.22,291,670,4596,-1872
732,DT,2020-08-19,0 days 15:59:03.741529,90261,39.24,39.22,500,670,-6245,88
733,DT,2020-08-19,0 days 15:59:19.781892,111867,39.31,39.3,519,4605,4445,-9855
734,DT,2020-08-19,0 days 15:59:20.783371,109412,39.33,39.31,500,4791,-4520,4445
735,DT,2020-08-19,0 days 15:59:46.846257,130187,39.26,39.22,262,1705,-1806,30137
736,DUK,2020-08-19,0 days 15:59:05.746698,242925,81.73,81.72,100,644,624,-12753
737,DUK,2020-08-19,0 days 15:59:08.754594,244199,81.75,81.73,537,1671,-10123,233
738,DUK,2020-08-19,0 days 15:59:18.778591,264505,81.74,81.72,485,611,2061,-5623
739,DUK,2020-08-19,0 days 15:59:28.802919,260925,81.75,81.74,863,509,-3656,5062
740,DUK,2020-08-19,0 days 15:59:44.841759,272237,81.72,81.7,834,1400,619,-1130
741,DUK,2020-08-19,0 days 15:59:47.848453,265261,81.68,81.67,416,1443,-2359,7187
742,DVN,2020-08-19,0 days 15:55:00.180349,255575,11.1,11.09,19319,28582,5156,-50972
743,DVN,2020-08-19,0 days 15:56:51.448941,279350,11.11,11.1,16256,38124,-7588,4412
744,DVN,2020-08-19,0 days 15:58:33.697245,294650,11.11,11.1,35347,50995,7,-6043
745,DVN,2020-08-19,0 days 15:58:36.704123,290858,11.11,11.1,30577,53034,-3792,3107
746,DVN,2020-08-19,0 days 15:58:46.728317,292350,11.11,11.1,36231,47038,8,-2292
747,DVN,2020-08-19,0 days 15:58:50.738938,292358,11.11,11.1,34439,48185,-5892,8
748,DVN,2020-08-19,0 days 15:59:45.870257,342226,11.1,11.09,23852,44594,965,-29735
749,DXC,2020-08-19,0 days 15:59:15.731269,259833,19.72,19.71,3677,2351,32992,-14457
750,DXC,2020-08-19,0 days 15:59:16.731704,254669,19.72,19.71,2344,4554,-5164,32992
751,DXC,2020-08-19,0 days 15:59:20.740487,263132,19.72,19.71,1756,5118,44569,-4831
752,DXC,2020-08-19,0 days 15:59:21.743173,261401,19.73,19.72,8160,1803,-1731,44569
753,DXC,2020-08-19,0 days 15:59:23.748688,265843,19.72,19.71,4220,3238,1326,-3754
754,DXC,2020-08-19,0 days 15:59:24.750466,264169,19.72,19.71,3920,3715,-74,1326
755,DXC,2020-08-19,0 days 15:59:45.798387,270519,19.72,19.71,3600,6174,2697,-1207
756,EAT,2020-08-19,0 days 15:55:00.193885,79535,37.63,37.62,1315,710,1362,-25587
757,EAT,2020-08-19,0 days 15:59:04.775999,88681,37.64,37.62,2000,667,774,-67
758,EAT,2020-08-19,0 days 15:59:05.777722,87276,37.64,37.62,2000,985,-605,774
759,EGO,2020-08-19,0 days 15:55:00.869006,72849,11.38,11.37,6438,11500,49538,-65810
760,EGO,2020-08-19,0 days 15:55:01.869657,67487,11.38,11.37,4618,16799,-5362,49538
761,EGO,2020-08-19,0 days 15:59:15.483223,85419,11.38,11.37,13860,22085,7514,-1705
762,EGO,2020-08-19,0 days 15:59:16.484319,81533,11.38,11.37,13860,23487,-3886,7514
763,EGO,2020-08-19,0 days 15:59:28.513438,85419,11.38,11.37,29302,13321,607,-1824
764,EGO,2020-08-19,0 days 15:59:45.555954,85028,11.38,11.37,31361,4930,329,-2222
765,EIX,2020-08-19,0 days 15:59:08.785543,240471,52.33,52.3,457,1301,2724,-2155
766,EIX,2020-08-19,0 days 15:59:09.787055,238195,52.33,52.3,497,1650,-1176,2724
767,EIX,2020-08-19,0 days 15:59:27.828955,244393,52.36,52.33,1117,804,535,-1074
768,EIX,2020-08-19,0 days 15:59:45.872464,244393,52.32,52.3,1137,141,292,-1211
769,ELAN,2020-08-19,0 days 15:55:00.193719,153191,25.8,25.79,908,2035,-480,43963
770,ELAN,2020-08-19,0 days 15:56:27.394612,155005,25.83,25.82,7244,1911,1383,-2517
771,ELAN,2020-08-19,0 days 15:56:28.396964,153888,25.83,25.82,6744,2011,-1117,1383
772,ELAN,2020-08-19,0 days 15:59:42.865494,185945,25.8,25.79,3753,8828,-992,796
773,ELAN,2020-08-19,0 days 15:59:46.874492,185779,25.8,25.79,5994,4506,2569,-10334
774,ELAN,2020-08-19,0 days 15:59:47.877498,188348,25.8,25.79,8895,3606,-1665,2569
775,EMR,2020-08-19,0 days 15:59:16.731400,419555,68.25,68.24,1146,800,-48515,4454
776,ENB,2020-08-19,0 days 15:55:00.151310,38490,32.79,32.78,4403,4075,19963,-30332
777,ENB,2020-08-19,0 days 15:58:28.656246,58405,32.8,32.79,13746,7531,-584,1416
778,ENB,2020-08-19,0 days 15:58:29.659080,58089,32.8,32.79,13976,7146,316,-584
779,ENB,2020-08-19,0 days 15:58:47.701874,58405,32.79,32.78,9684,5852,-265,1616
780,ENB,2020-08-19,0 days 15:58:48.704381,56470,32.79,32.78,9684,5752,1935,-265
781,ENB,2020-08-19,0 days 15:59:27.799918,59931,32.79,32.78,6037,9549,-578,738
782,ENLC,2020-08-19,0 days 15:55:01.066075,91556,3.08,3.07,11200,17023,-12873,9127
783,ENLC,2020-08-19,0 days 15:55:02.066034,90429,3.08,3.07,13910,18523,1127,-12873
784,ENLC,2020-08-19,0 days 15:56:30.279577,90304,3.08,3.07,23710,20085,-1225,1175
785,ENLC,2020-08-19,0 days 15:56:31.283655,89329,3.08,3.07,23710,20085,975,-1225
786,ENLC,2020-08-19,0 days 15:58:47.611368,93104,3.08,3.07,21152,22048,-4812,1565
787,ENV,2020-08-19,0 days 15:56:16.246389,27401,82.35,82.32,35,100,215,-304
788,ENV,2020-08-19,0 days 15:56:17.248147,26616,82.35,82.32,35,300,-785,215
789,ENV,2020-08-19,0 days 15:59:00.644609,28196,82.27,82.24,400,625,168,-29
790,ENV,2020-08-19,0 days 15:59:01.646680,27564,82.28,82.25,200,534,-632,168
791,ENV,2020-08-19,0 days 15:59:15.681745,28313,82.39,82.36,420,5,860,-249
792,ENV,2020-08-19,0 days 15:59:16.683463,27882,82.37,82.35,200,108,-431,860
793,ENV,2020-08-19,0 days 15:59:45.753418,30806,82.41,82.39,420,328,1715,-630
794,ENV,2020-08-19,0 days 15:59:46.755513,30421,82.41,82.39,220,399,-385,1715
795,EOG,2020-08-19,0 days 15:55:00.151079,238799,45.62,45.61,1020,1402,3839,-37831
796,EOG,2020-08-19,0 days 15:55:51.276652,245359,45.61,45.6,1079,1759,-94,6206
797,EOG,2020-08-19,0 days 15:55:54.283483,241385,45.61,45.6,1211,1724,3974,-94
798,EOG,2020-08-19,0 days 15:56:50.417688,245606,45.68,45.67,1100,1023,-2631,1838
799,EOG,2020-08-19,0 days 15:56:51.420164,242237,45.68,45.67,800,1123,3269,-2631
800,EOG,2020-08-19,0 days 15:57:35.526511,251306,45.68,45.67,796,750,-443,657
801,EOG,2020-08-19,0 days 15:57:36.529225,250449,45.68,45.67,1045,734,857,-443
802,EOG,2020-08-19,0 days 15:57:49.560895,245606,45.67,45.66,1503,1047,-2943,3057
803,EOG,2020-08-19,0 days 15:57:50.563475,243249,45.67,45.66,2060,686,2357,-2943
804,EOG,2020-08-19,0 days 15:59:02.738943,243615,45.69,45.67,1507,800,-33087,879
805,EOG,2020-08-19,0 days 15:59:11.761346,274914,45.62,45.6,855,524,575,-309
806,EPD,2020-08-19,0 days 15:55:00.868877,112451,18.27,18.26,6600,9105,-45303,51309
807,EPD,2020-08-19,0 days 15:55:01.869515,107954,18.27,18.26,6500,10405,4497,-45303
808,EPD,2020-08-19,0 days 15:58:35.386282,112490,18.26,18.25,21984,23635,-1164,2236
809,EPD,2020-08-19,0 days 15:58:36.388512,108454,18.26,18.25,25651,22335,4036,-1164
810,EPD,2020-08-19,0 days 15:59:45.555811,115590,18.25,18.24,17633,11031,-2220,866
811,EPD,2020-08-19,0 days 15:59:46.557221,114110,18.25,18.24,21733,1500,1480,-2220
812,EQH,2020-08-19,0 days 15:57:34.434060,541012,20.96,20.95,3791,3492,1683,-3617
813,EQH,2020-08-19,0 days 15:57:35.436355,538095,20.96,20.95,3991,3492,-2917,1683
814,EQH,2020-08-19,0 days 15:57:36.438346,541012,20.96,20.95,3991,3192,7683,-2917
815,EQH,2020-08-19,0 days 15:57:37.441130,531095,20.96,20.95,3991,3392,-9917,7683
816,EQH,2020-08-19,0 days 15:58:34.581460,541681,20.97,20.96,400,4329,2300,-2000
817,EQH,2020-08-19,0 days 15:58:35.583192,541281,20.97,20.96,300,4929,-400,2300
818,EQH,2020-08-19,0 days 15:58:37.587776,541681,20.97,20.96,247,5529,2500,-400
819,EQH,2020-08-19,0 days 15:58:38.589918,539381,20.97,20.96,647,5229,-2300,2500
820,EQH,2020-08-19,0 days 15:59:30.717538,553305,20.96,20.95,681,3178,23175,-4393
821,EQR,2020-08-19,0 days 15:55:00.112850,384405,54.18,54.17,306,406,1120,-2994
822,EQR,2020-08-19,0 days 15:55:29.184545,385925,54.07,54.06,1737,6,-3336,1520
823,EQR,2020-08-19,0 days 15:55:30.186976,379961,54.07,54.06,2037,239,5964,-3336
824,EQR,2020-08-19,0 days 15:57:34.484961,385975,54.1,54.09,1400,239,-3370,416
825,EQR,2020-08-19,0 days 15:57:35.487244,383545,54.1,54.09,1729,601,2430,-3370
826,EQR,2020-08-19,0 days 15:57:36.489960,385975,54.1,54.09,1194,901,-2770,2430
827,EQR,2020-08-19,0 days 15:57:37.492113,382245,54.1,54.09,994,901,3730,-2770
828,EQR,2020-08-19,0 days 15:57:41.502017,385975,54.1,54.09,1975,1224,-70,1130
829,EQR,2020-08-19,0 days 15:57:42.504729,382645,54.1,54.09,1791,1324,3330,-70
830,EQR,2020-08-19,0 days 15:58:09.570615,383326,54.12,54.11,244,4652,2433,-1267
831,EQR,2020-08-19,0 days 15:58:15.585733,385773,54.1,54.09,2621,729,-769,2617
832,EQR,2020-08-19,0 days 15:58:16.587700,383142,54.1,54.09,2721,720,2617,-769
833,EQR,2020-08-19,0 days 15:58:18.592928,385773,54.1,54.09,2630,1440,-769,2617
834,EQR,2020-08-19,0 days 15:58:19.595294,383142,54.1,54.09,1401,2810,2617,-769
835,EQR,2020-08-19,0 days 15:58:28.617819,385773,54.1,54.09,1641,6040,-1069,2617
836,EQR,2020-08-19,0 days 15:58:29.619826,383142,54.1,54.09,1466,5506,2617,-1069
837,EQR,2020-08-19,0 days 15:59:03.702455,393181,54.16,54.15,391,1203,1936,-1164
838,EQR,2020-08-19,0 days 15:59:05.709198,390491,54.16,54.15,851,100,-25774,1136
839,EQR,2020-08-19,0 days 15:59:08.715889,394270,54.15,54.14,671,767,247,-1368
840,EQR,2020-08-19,0 days 15:59:15.730688,379554,54.16,54.15,100,1760,17462,-7422
841,EQR,2020-08-19,0 days 15:59:16.731619,397016,54.17,54.15,886,1869,-13338,17462
842,EQR,2020-08-19,0 days 15:59:17.733497,394038,54.16,54.15,219,636,2978,-13338
843,EQR,2020-08-19,0 days 15:59:28.760128,397008,54.19,54.18,898,800,-3138,1989
844,EQR,2020-08-19,0 days 15:59:29.761956,396046,54.19,54.18,874,1607,962,-3138
845,EQR,2020-08-19,0 days 15:59:37.780989,397016,54.18,54.17,1708,1074,-204,3888
846,EQR,2020-08-19,0 days 15:59:38.783569,391120,54.13,54.1,2235,34,5896,-204
847,EQR,2020-08-19,0 days 15:59:39.786127,397027,54.13,54.12,323,400,-8710,5896
848,EQT,2020-08-19,0 days 15:55:52.188288,79223,16.59,16.58,4136,2820,199,-626
849,EQT,2020-08-19,0 days 15:55:53.190894,79022,16.59,16.58,4300,2920,-201,199
850,EQT,2020-08-19,0 days 15:56:04.217183,79223,16.59,16.58,5359,1616,1450,-201
851,EQT,2020-08-19,0 days 15:56:46.319607,80099,16.61,16.6,4443,3437,-65,395
852,EQT,2020-08-19,0 days 15:57:43.455482,91625,16.62,16.61,8826,5463,-276,424
853,EQT,2020-08-19,0 days 15:57:44.458047,91901,16.62,16.61,8926,4147,124,-276
854,EQT,2020-08-19,0 days 15:57:45.460387,89825,16.62,16.61,7626,5535,-2076,124
855,EQT,2020-08-19,0 days 15:58:33.578100,91901,16.66,16.65,17484,1771,2175,-1355
856,EQT,2020-08-19,0 days 15:58:39.592137,91901,16.66,16.65,20120,6179,2275,-525
857,EQT,2020-08-19,0 days 15:58:40.595737,91376,16.66,16.65,17145,8153,-525,2275
858,EQT,2020-08-19,0 days 15:59:10.668344,100079,16.66,16.65,21184,8010,9057,-928
859,EQT,2020-08-19,0 days 15:59:11.670932,98136,16.66,16.65,16666,8705,-1943,9057
860,EQT,2020-08-19,0 days 15:59:15.681594,94775,16.66,16.65,15379,10638,3861,-708
861,EROS,2020-08-19,0 days 15:55:00.193561,17683,2.79,2.78,10613,7534,-22045,961
862,ESRT,2020-08-19,0 days 15:55:45.260590,61157,6.21,6.2,14926,23295,-2050,350
863,ESRT,2020-08-19,0 days 15:55:46.264260,55307,6.21,6.2,17226,22995,5850,-2050
864,ESRT,2020-08-19,0 days 15:55:48.268263,61457,6.21,6.2,15226,22495,-4050,5850
865,ESRT,2020-08-19,0 days 15:55:49.270581,55307,6.21,6.2,15226,22695,6150,-4050
866,ESRT,2020-08-19,0 days 15:55:58.292179,61457,6.2,6.19,6322,18167,-3650,6150
867,ESRT,2020-08-19,0 days 15:55:59.295163,61407,6.2,6.19,7523,18367,50,-3650
868,ESRT,2020-08-19,0 days 15:56:13.330366,61457,6.2,6.19,9323,15276,-950,50
869,ESRT,2020-08-19,0 days 15:56:14.330806,57007,6.2,6.19,10323,15576,4450,-950
870,ESRT,2020-08-19,0 days 15:56:30.369363,58857,6.19,6.18,18892,14531,-250,2350
871,ESRT,2020-08-19,0 days 15:56:37.387916,59107,6.19,6.18,18778,15354,2350,-250
872,ET,2020-08-19,0 days 15:55:00.868619,223543,6.52,6.51,77661,64238,-66001,91621
873,ET,2020-08-19,0 days 15:55:01.869245,214544,6.52,6.51,82461,62488,8999,-66001
874,ET,2020-08-19,0 days 15:59:15.482833,223803,6.52,6.51,101970,79218,-7092,4765
875,ET,2020-08-19,0 days 15:59:16.483865,218995,6.52,6.51,101470,76618,4808,-7092
876,ET,2020-08-19,0 days 15:59:44.551773,223803,6.52,6.51,85659,111466,-7192,4808
877,ET,2020-08-19,0 days 15:59:48.562383,221195,6.52,6.51,74268,112129,2608,-1192
878,ET,2020-08-19,0 days 15:59:49.564283,223803,6.52,6.51,69391,123048,-19000,2608
879,ET,2020-08-19,0 days 15:59:50.570464,206403,6.52,6.51,71591,115104,17400,-19000
880,ETRN,2020-08-19,0 days 15:57:00.477399,164166,10.87,10.86,8031,6941,21463,-29637
881,ETRN,2020-08-19,0 days 15:57:01.480175,161329,10.87,10.86,6993,13706,-2837,21463
882,ETRN,2020-08-19,0 days 15:59:01.773242,172866,10.87,10.86,17618,12105,3988,-6112
883,ETRN,2020-08-19,0 days 15:59:31.846972,187755,10.87,10.86,21666,4340,786,-2680
884,ETRN,2020-08-19,0 days 15:59:39.865890,196326,10.87,10.86,23348,2121,2915,-1285
885,EURN,2020-08-19,0 days 15:59:01.175689,19393,9.4,9.39,19362,21438,7552,-9728
886,EURN,2020-08-19,0 days 15:59:02.178508,18445,9.4,9.39,19262,21868,-948,7552
887,EURN,2020-08-19,0 days 15:59:15.208305,19393,9.4,9.39,15188,23700,8748,-842
888,EURN,2020-08-19,0 days 15:59:16.209271,18441,9.4,9.39,16817,23606,-952,8748
889,EURN,2020-08-19,0 days 15:59:36.257985,19393,9.4,9.39,15081,29551,748,-952
890,EURN,2020-08-19,0 days 15:59:37.260326,19341,9.4,9.39,15148,29551,-52,748
891,EVTC,2020-08-19,0 days 15:56:52.454761,73101,35.92,35.9,1482,10,1235,-565
892,EVTC,2020-08-19,0 days 15:56:53.457182,71836,35.92,35.89,1504,200,-1265,1235
893,EVTC,2020-08-19,0 days 15:58:27.684507,74561,35.87,35.86,53,798,1275,-1725
894,EVTC,2020-08-19,0 days 15:58:28.687057,73536,35.87,35.86,53,238,-1025,1275
895,EVTC,2020-08-19,0 days 15:58:35.704092,74561,35.91,35.88,500,1373,117,-1025
896,EVTC,2020-08-19,0 days 15:58:36.706744,72578,35.9,35.88,180,1089,-1983,117
897,EVTC,2020-08-19,0 days 15:59:03.772514,74745,35.91,35.89,913,1825,1959,-455
898,EVTC,2020-08-19,0 days 15:59:04.776056,74304,35.91,35.89,188,1997,-441,1959
899,EVTC,2020-08-19,0 days 15:59:12.795977,76545,35.95,35.93,700,203,12447,-443
900,EXK,2020-08-19,0 days 15:58:59.762896,7472,3.77,3.76,121166,46677,-3157,77
901,F,2020-08-19,0 days 15:59:41.871251,1219820,6.88,6.87,1194203,516920,11097,-30003
902,F,2020-08-19,0 days 15:59:42.873920,1210917,6.88,6.87,1180992,516520,-8903,11097
903,F,2020-08-19,0 days 15:59:44.878336,1219820,6.88,6.87,1178554,519691,1197,-8803
904,F,2020-08-19,0 days 15:59:46.883455,1083017,6.88,6.87,1171212,480363,-139712,15497
905,FCX,2020-08-19,0 days 15:59:15.730496,1421625,14.92,14.91,28999,29140,635619,-29793
906,FDX,2020-08-19,0 days 15:59:03.772336,175950,207.99,207.92,71,341,-461,5049
907,FDX,2020-08-19,0 days 15:59:05.777571,173664,207.97,207.92,282,560,2286,-771
908,FDX,2020-08-19,0 days 15:59:08.785543,175950,208.03,207.97,1016,147,-225,971
909,FDX,2020-08-19,0 days 15:59:10.790113,173967,208.02,207.97,517,593,1987,-221
910,FDX,2020-08-19,0 days 15:59:15.800280,176055,207.96,207.85,775,300,-26212,607
911,FE,2020-08-19,0 days 15:59:48.877013,288635,28.64,28.63,9102,5396,-347,3306
912,FE,2020-08-19,0 days 15:59:50.883523,276590,28.65,28.64,8197,942,12045,-401
913,FHN,2020-08-19,0 days 15:58:35.633809,182773,9.58,9.57,15349,40371,712,-6504
914,FHN,2020-08-19,0 days 15:59:00.696522,183497,9.58,9.57,40698,21559,-1482,2796
915,FHN,2020-08-19,0 days 15:59:34.775158,188128,9.58,9.57,16956,44265,147,-10672
916,FHN,2020-08-19,0 days 15:59:46.798549,193799,9.59,9.58,37129,11152,-46,5571
917,FHN,2020-08-19,0 days 15:59:48.792425,193445,9.59,9.58,40045,7298,354,-46
918,FIS,2020-08-19,0 days 15:57:16.480705,197750,142.59,142.58,302,86,776,-1324
919,FIS,2020-08-19,0 days 15:57:17.483488,196526,142.6,142.58,600,100,-1224,776
920,FIS,2020-08-19,0 days 15:57:36.529177,196955,142.64,142.61,400,470,-1180,2562
921,FIS,2020-08-19,0 days 15:57:37.531716,198135,142.64,142.63,61,300,20,-1180
922,FIS,2020-08-19,0 days 15:58:13.619795,200380,142.64,142.63,100,123,993,-1407
923,FIS,2020-08-19,0 days 15:58:14.622402,200373,142.64,142.63,340,323,-7,993
924,FIS,2020-08-19,0 days 15:58:33.668169,200981,142.73,142.71,300,100,5622,-2477
925,FIS,2020-08-19,0 days 15:58:34.671202,200363,142.74,142.73,1,608,-618,5622
926,FIS,2020-08-19,0 days 15:58:49.706639,200381,142.66,142.63,440,812,1692,-708
927,FIS,2020-08-19,0 days 15:59:05.746507,198843,142.72,142.69,400,227,9,-2147
928,FIS,2020-08-19,0 days 15:59:46.846026,215879,142.65,142.61,1627,1111,-2135,785
929,FL,2020-08-19,0 days 15:55:53.280541,92044,27.42,27.41,3563,5169,1609,-535
930,FL,2020-08-19,0 days 15:56:31.372541,93621,27.49,27.48,500,2073,-1560,1177
931,FL,2020-08-19,0 days 15:56:32.374088,92681,27.49,27.48,700,3273,840,-1560
932,FL,2020-08-19,0 days 15:57:33.521849,93853,27.49,27.48,1318,4974,-6090,310
933,FL,2020-08-19,0 days 15:57:34.525017,93343,27.49,27.48,2587,4163,510,-6090
934,FL,2020-08-19,0 days 15:57:36.529242,93853,27.49,27.48,2472,4592,-190,510
935,FL,2020-08-19,0 days 15:57:49.560905,100653,27.48,27.47,2043,2634,-722,1347
936,FL,2020-08-19,0 days 15:57:50.563490,99775,27.48,27.47,2751,2234,878,-722
937,FL,2020-08-19,0 days 15:58:43.692723,97499,27.49,27.48,9739,867,2764,-1836
938,FL,2020-08-19,0 days 15:59:02.739001,100970,27.49,27.48,3792,3847,-29,771
939,FL,2020-08-19,0 days 15:59:22.787987,109270,27.52,27.51,3900,2224,-43218,82
940,FL,2020-08-19,0 days 15:59:38.826405,106337,27.51,27.5,1488,5198,3096,-1667
941,FL,2020-08-19,0 days 15:59:39.829361,112606,27.51,27.5,1354,6062,-1131,3096
942,FL,2020-08-19,0 days 15:59:46.846291,189269,27.49,27.48,2403,1807,-22547,74772
943,FSLY,2020-08-19,0 days 15:55:01.197650,35892,79.44,79.4,401,787,183,-817
944,FSLY,2020-08-19,0 days 15:55:51.309436,43871,79.58,79.55,400,184,-1730,270
945,FSLY,2020-08-19,0 days 15:55:52.310412,43201,79.58,79.55,300,284,670,-1730
946,FSLY,2020-08-19,0 days 15:59:01.767721,39460,79.42,79.41,2589,329,-12171,1058
947,FSLY,2020-08-19,0 days 15:59:02.769721,39331,79.42,79.4,2889,700,48,-12171
948,FSLY,2020-08-19,0 days 15:59:04.775852,39480,79.42,79.41,2693,147,-522,149
949,FSLY,2020-08-19,0 days 15:59:05.777606,39602,79.42,79.41,2593,247,15,-522
950,FSLY,2020-08-19,0 days 15:59:10.790113,40125,79.38,79.37,364,100,-352,23
951,FSM,2020-08-19,0 days 15:57:12.433176,58316,6.38,6.37,12292,70870,-528,402
952,FSM,2020-08-19,0 days 15:59:18.736411,58515,6.38,6.37,37810,86599,-2922,779
953,FTCH,2020-08-19,0 days 15:55:00.869046,142960,29.95,29.94,524,407,14033,-44205
954,FTCH,2020-08-19,0 days 15:55:01.869671,139693,29.97,29.96,1861,1192,-3267,14033
955,FTCH,2020-08-19,0 days 15:56:15.047468,142997,29.86,29.85,1623,1329,770,-557
956,FTCH,2020-08-19,0 days 15:56:16.049690,140567,29.88,29.86,7643,1500,-2430,770
957,FTCH,2020-08-19,0 days 15:56:39.105299,142997,29.82,29.81,5000,1310,1370,-2130
958,FTCH,2020-08-19,0 days 15:56:40.107989,140967,29.82,29.81,4900,2228,-2030,1370
959,FTCH,2020-08-19,0 days 15:56:56.146118,141067,29.8,29.79,2198,310,-1930,170
960,FTCH,2020-08-19,0 days 15:57:18.199445,142997,29.8,29.79,2082,2046,370,-430
961,FTCH,2020-08-19,0 days 15:57:19.201935,140928,29.79,29.78,1158,1669,-2069,370
962,FTCH,2020-08-19,0 days 15:59:32.523557,145528,29.84,29.83,6360,874,1128,-6072
963,FTCH,2020-08-19,0 days 15:59:33.525895,144656,29.84,29.83,6160,2223,-872,1128
964,FTCH,2020-08-19,0 days 15:59:35.535562,145528,29.84,29.83,5201,1600,3380,-872
965,FTCH,2020-08-19,0 days 15:59:36.533672,145408,29.84,29.83,5001,2200,-120,3380
966,FTCH,2020-08-19,0 days 15:59:44.552766,145528,29.84,29.83,9041,6901,1666,-384
967,FTCH,2020-08-19,0 days 15:59:50.570992,138594,29.84,29.83,9396,6979,-6934,166
968,FTI,2020-08-19,0 days 15:56:39.301835,192898,8.03,8.02,19898,35545,990,-5910
969,FTI,2020-08-19,0 days 15:56:40.304258,187688,8.03,8.02,19998,34245,-5210,990
970,FTI,2020-08-19,0 days 15:58:36.585049,192903,8.02,8.01,53382,35594,307,-3993
971,FTI,2020-08-19,0 days 15:59:01.646367,154610,8.02,8.01,11057,64794,-38293,307
972,FTI,2020-08-19,0 days 15:59:32.722752,222918,8.02,8.01,16775,52634,3356,-12621
973,FTI,2020-08-19,0 days 15:59:45.753070,243391,8.03,8.02,68562,1673,2830,-944
974,GE,2020-08-19,0 days 15:58:25.598160,2922919,6.38,6.37,111627,695972,-170234,167266
975,GE,2020-08-19,0 days 15:59:01.685417,2883758,6.38,6.37,99533,699185,-92262,68454
976,GE,2020-08-19,0 days 15:59:02.688635,2861301,6.38,6.37,128493,667457,22457,-92262
977,GFI,2020-08-19,0 days 15:56:54.389287,299536,12.19,12.18,14483,15843,-1917,2583
978,GFI,2020-08-19,0 days 15:56:56.394685,295853,12.19,12.18,13563,13974,3683,-1217
979,GFI,2020-08-19,0 days 15:57:13.435455,299536,12.21,12.2,10136,20921,-6509,2604
980,GFI,2020-08-19,0 days 15:57:14.437982,296845,12.21,12.2,20289,6346,2691,-6509
981,GFI,2020-08-19,0 days 15:58:53.678089,299625,12.19,12.18,33749,6337,-19,266
982,GFI,2020-08-19,0 days 15:59:07.712528,297081,12.19,12.18,16032,9270,5074,-1330
983,GFI,2020-08-19,0 days 15:59:34.775323,290587,12.2,12.19,8828,15331,-13685,887
984,GFI,2020-08-19,0 days 15:59:39.786217,290972,12.2,12.19,11698,16169,15,-385
985,GFI,2020-08-19,0 days 15:59:58.816883,306674,12.2,12.19,18915,800,3197,-7416
986,GIS,2020-08-19,0 days 15:59:45.281777,304512,64.47,64.46,1200,4810,220,-4574
987,GIS,2020-08-19,0 days 15:59:46.283306,299043,64.47,64.46,500,4668,-4169,220
988,GLW,2020-08-19,0 days 15:55:01.183720,248700,32.19,32.18,3791,6681,5318,-1682
989,GLW,2020-08-19,0 days 15:59:07.780000,268645,32.21,32.2,7609,8268,-10769,2816
990,GLW,2020-08-19,0 days 15:59:08.782838,268314,32.21,32.2,10349,3968,331,-10769
991,GLW,2020-08-19,0 days 15:59:11.790228,268858,32.22,32.21,8017,2959,-7922,4350
992,GLW,2020-08-19,0 days 15:59:12.793688,265380,32.22,32.21,8418,5659,3478,-7922
993,GLW,2020-08-19,0 days 15:59:20.809326,271361,32.23,32.22,10393,1617,-5445,3713
994,GLW,2020-08-19,0 days 15:59:21.812398,268506,32.22,32.21,9690,8393,3048,-5445
995,GLW,2020-08-19,0 days 15:59:30.833477,271554,32.22,32.21,9019,7134,-2252,2848
996,GLW,2020-08-19,0 days 15:59:46.871866,264200,32.21,32.2,11580,2100,10952,-1271
997,GM,2020-08-19,0 days 15:59:00.696441,1008536,29.15,29.14,21658,26571,279,-7927
998,GM,2020-08-19,0 days 15:59:28.759914,1256720,29.23,29.22,45005,23890,-20000,24016
999,GM,2020-08-19,0 days 15:59:29.761757,1253120,29.23,29.22,44147,22629,3600,-20000
1000,GME,2020-08-19,0 days 15:55:01.066075,80008,4.7,4.69,18852,23889,67836,-46120
1001,GME,2020-08-19,0 days 15:55:02.066034,75444,4.7,4.69,21952,26389,-4564,67836
1002,GME,2020-08-19,0 days 15:58:12.527075,81922,4.72,4.71,49950,34454,2641,-5892
1003,GME,2020-08-19,0 days 15:58:13.528986,77963,4.72,4.71,49950,35954,-3559,2641
1004,GME,2020-08-19,0 days 15:59:20.692532,85223,4.72,4.71,36078,22382,1225,-2290
1005,GME,2020-08-19,0 days 15:59:21.695218,84048,4.72,4.71,35902,23555,-775,1225
1006,GOLD,2020-08-19,0 days 15:59:44.750636,813153,28.96,28.95,9996,28921,-7686,789
1007,GOLD,2020-08-19,0 days 15:59:46.755418,805269,28.96,28.95,41863,750,10543,-23616
1008,GPK,2020-08-19,0 days 15:59:00.176014,178141,14.21,14.2,8703,26229,-244,3780
1009,GPK,2020-08-19,0 days 15:59:03.179465,173683,14.21,14.2,18942,15635,4458,-244
1010,GPK,2020-08-19,0 days 15:59:12.201267,181927,14.21,14.2,19817,15330,-3940,3760
1011,GPK,2020-08-19,0 days 15:59:13.202981,178067,14.21,14.2,19117,14828,3860,-3940
1012,GPK,2020-08-19,0 days 15:59:28.237838,182681,14.21,14.2,20257,14142,-233,2649
1013,GPK,2020-08-19,0 days 15:59:32.248406,180728,14.21,14.2,28558,13099,1953,-233
1014,GPK,2020-08-19,0 days 15:59:40.267691,182681,14.21,14.2,22350,19698,-167,1953
1015,GPK,2020-08-19,0 days 15:59:48.287274,189009,14.19,14.18,5689,19139,2972,-6972
1016,GPN,2020-08-19,0 days 15:57:38.484032,133235,169.64,169.57,221,548,-198,111
1017,GPN,2020-08-19,0 days 15:57:44.498646,133633,169.52,169.47,451,300,402,-98
1018,GPN,2020-08-19,0 days 15:57:45.500746,133535,169.52,169.47,571,400,-98,402
1019,GPN,2020-08-19,0 days 15:57:47.505493,133633,169.47,169.43,139,100,2,-98
1020,GPN,2020-08-19,0 days 15:57:49.510208,133335,169.47,169.44,23,100,-298,2
1021,GPN,2020-08-19,0 days 15:57:54.522581,133836,169.47,169.43,733,326,499,-101
1022,GPN,2020-08-19,0 days 15:57:55.525080,133735,169.47,169.44,647,89,-101,499
1023,GPN,2020-08-19,0 days 15:57:59.534864,133836,169.49,169.47,100,200,393,-638
1024,GPN,2020-08-19,0 days 15:58:00.539579,133329,169.49,169.45,267,528,-188,393
1025,GPN,2020-08-19,0 days 15:58:08.557737,133634,169.55,169.5,200,640,495,-105
1026,GPN,2020-08-19,0 days 15:58:09.559504,133329,169.55,169.52,95,507,-905,495
1027,GPN,2020-08-19,0 days 15:58:12.567349,134234,169.51,169.47,1174,153,397,-905
1028,GPN,2020-08-19,0 days 15:58:17.579609,133831,169.53,169.51,200,46,-403,197
1029,GPN,2020-08-19,0 days 15:58:18.581783,133634,169.53,169.51,100,46,497,-403
1030,GPN,2020-08-19,0 days 15:58:20.586610,133831,169.55,169.51,145,517,-403,197
1031,GPN,2020-08-19,0 days 15:58:30.611616,135805,169.64,169.58,511,226,26,-1874
1032,GPN,2020-08-19,0 days 15:58:31.613579,135531,169.69,169.63,300,20,-274,26
1033,GPN,2020-08-19,0 days 15:58:54.667697,136964,169.66,169.59,100,265,1567,-1533
1034,GPN,2020-08-19,0 days 15:58:55.670191,136631,169.66,169.59,640,263,-333,1567
1035,GPN,2020-08-19,0 days 15:59:12.713835,135614,169.68,169.66,456,40,1295,-2005
1036,GPN,2020-08-19,0 days 15:59:13.715284,135214,169.69,169.66,400,39,-2500,1295
1037,GPN,2020-08-19,0 days 15:59:17.705289,137502,169.68,169.65,374,225,1161,-1639
1038,GPN,2020-08-19,0 days 15:59:18.707920,136963,169.68,169.66,1000,1,-2439,1161
1039,GPN,2020-08-19,0 days 15:59:20.712826,139402,169.68,169.64,1202,440,2341,-473
1040,GPN,2020-08-19,0 days 15:59:31.739612,137478,169.65,169.63,2084,246,-24,1376
1041,GPN,2020-08-19,0 days 15:59:39.759247,141078,169.64,169.57,1400,858,-224,1376
1042,GPN,2020-08-19,0 days 15:59:41.764246,138831,169.58,169.5,2884,2815,2259,-112
1043,GPN,2020-08-19,0 days 15:59:42.766246,138790,169.58,169.5,3034,441,-41,2259
1044,GPN,2020-08-19,0 days 15:59:46.776123,137031,169.42,169.37,240,400,1759,-141
1045,GPN,2020-08-19,0 days 15:59:48.780818,138390,169.46,169.42,1207,400,-541,1359
1046,GPN,2020-08-19,0 days 15:59:49.783329,137031,169.46,169.42,2092,504,1759,-541
1047,GPN,2020-08-19,0 days 15:59:54.796189,138490,169.47,169.41,253,1042,-441,1459
1048,GPS,2020-08-19,0 days 15:58:02.629602,227600,14.87,14.86,19393,32154,-1318,23594
1049,GPS,2020-08-19,0 days 15:58:35.709989,229418,14.87,14.86,13827,42334,4772,-1719
1050,GPS,2020-08-19,0 days 15:59:42.873920,282701,14.89,14.88,12815,27114,-11838,16062
1051,GPS,2020-08-19,0 days 15:59:45.881392,276443,14.89,14.88,28333,21465,6258,-438
1052,GPS,2020-08-19,0 days 15:59:50.894339,282701,14.89,14.88,38856,17655,-14007,584
1053,GPS,2020-08-19,0 days 15:59:53.901008,292484,14.88,14.87,5868,40404,45609,-14007
1054,GPS,2020-08-19,0 days 15:59:54.903257,282701,14.89,14.88,12316,37123,-14007,45609
1055,GS,2020-08-19,0 days 15:57:05.416355,205878,203.37,203.34,341,199,85,-15
1056,GS,2020-08-19,0 days 15:57:22.456851,202063,203.31,203.3,135,188,-3767,133
1057,GS,2020-08-19,0 days 15:58:01.551197,203451,203.26,203.25,23,340,145,-2731
1058,GS,2020-08-19,0 days 15:58:37.638377,209446,203.43,203.41,18,141,1350,-2150
1059,GS,2020-08-19,0 days 15:58:38.641256,207596,203.46,203.42,410,132,-1850,1350
1060,GSX,2020-08-19,0 days 15:55:00.150739,38699,87.55,87.49,700,836,6480,-18231
1061,GSX,2020-08-19,0 days 15:55:01.153744,36379,87.55,87.49,915,936,-2320,6480
1062,GSX,2020-08-19,0 days 15:55:54.283090,38385,87.51,87.46,1000,400,2354,-2734
1063,GSX,2020-08-19,0 days 15:55:55.285684,36139,87.52,87.46,100,1044,-7334,2354
1064,GSX,2020-08-19,0 days 15:56:06.311671,38385,87.53,87.46,500,822,2354,-2734
1065,GSX,2020-08-19,0 days 15:56:07.314550,36139,87.53,87.46,500,822,-2246,2354
1066,GSX,2020-08-19,0 days 15:56:30.368191,38221,87.51,87.48,100,232,-2464,436
1067,GSX,2020-08-19,0 days 15:56:33.375630,40685,87.51,87.49,715,108,2536,-2652
1068,GSX,2020-08-19,0 days 15:56:34.378142,38321,87.54,87.49,98,1171,-7452,2536
1069,GSX,2020-08-19,0 days 15:56:46.407838,40685,87.51,87.47,200,300,2242,-2846
1070,GSX,2020-08-19,0 days 15:56:47.410021,38327,87.5,87.46,300,432,-2358,2242
1071,GSX,2020-08-19,0 days 15:57:58.582467,41201,87.49,87.45,400,9,2334,-2754
1072,GSX,2020-08-19,0 days 15:57:59.585377,38935,87.52,87.5,200,200,-2266,2334
1073,GSX,2020-08-19,0 days 15:59:07.751127,46379,87.63,87.58,500,943,1922,-199
1074,GSX,2020-08-19,0 days 15:59:08.754061,40901,87.63,87.58,178,1243,-5678,1922
1075,HAL,2020-08-19,0 days 15:56:15.775267,401921,16.5,16.49,11032,32376,1182,-518
1076,HAL,2020-08-19,0 days 15:56:16.778600,392603,16.5,16.49,8803,34476,-9318,1182
1077,HAL,2020-08-19,0 days 15:59:40.267449,492981,16.52,16.51,41142,3738,164,-1092
1078,HAL,2020-08-19,0 days 15:59:45.281558,484085,16.52,16.51,38781,9554,-11477,164
1079,HASI,2020-08-19,0 days 15:59:45.881392,56227,38.98,38.96,856,722,1770,-774
1080,HASI,2020-08-19,0 days 15:59:46.883442,55497,38.98,38.96,856,722,-1140,1770
1081,HBI,2020-08-19,0 days 15:58:14.583485,191118,15.74,15.73,19420,14085,3753,-13749
1082,HBI,2020-08-19,0 days 15:58:15.585745,186671,15.74,15.73,16461,15785,-3947,3753
1083,HBI,2020-08-19,0 days 15:59:08.715964,201724,15.77,15.76,10640,15854,9555,-2617
1084,HBI,2020-08-19,0 days 15:59:09.717619,198979,15.77,15.76,7700,18954,-245,9555
1085,HBI,2020-08-19,0 days 15:59:16.731704,199224,15.77,15.76,18089,14023,39605,-43641
1086,HBI,2020-08-19,0 days 15:59:17.733548,194229,15.77,15.76,8568,22222,-4995,39605
1087,HBI,2020-08-19,0 days 15:59:45.798231,213815,15.79,15.78,30114,11528,15817,-983
1088,HBI,2020-08-19,0 days 15:59:46.798706,213532,15.79,15.78,29195,14753,-4316,15817
1089,HD,2020-08-19,0 days 15:57:34.434094,352397,282.77,282.73,800,111,61,-2589
1090,HD,2020-08-19,0 days 15:57:36.438346,351258,282.77,282.74,600,154,-1139,3661
1091,HD,2020-08-19,0 days 15:57:41.450754,352397,282.72,282.67,350,1,561,-1039
1092,HD,2020-08-19,0 days 15:57:42.453442,351458,282.72,282.68,101,337,-939,561
1093,HD,2020-08-19,0 days 15:57:46.462685,352697,282.71,282.69,200,21,6111,-889
1094,HD,2020-08-19,0 days 15:57:47.465245,351408,282.71,282.69,600,16,-1889,6111
1095,HD,2020-08-19,0 days 15:57:50.472725,352897,282.69,282.66,125,311,111,-1189
1096,HD,2020-08-19,0 days 15:57:51.475548,353008,282.69,282.66,230,414,-189,111
1097,HD,2020-08-19,0 days 15:57:53.479609,352897,282.73,282.69,325,100,1711,-4189
1098,HD,2020-08-19,0 days 15:58:02.502214,353381,282.76,282.71,430,1,277,-1323
1099,HD,2020-08-19,0 days 15:58:03.504851,352458,282.78,282.75,1,412,-923,277
1100,HD,2020-08-19,0 days 15:58:11.524453,359873,282.76,282.72,225,1,633,-7065
1101,HD,2020-08-19,0 days 15:58:13.529034,359059,282.72,282.66,770,201,-714,9386
1102,HD,2020-08-19,0 days 15:59:00.644448,374294,282.96,282.87,25,545,841,-4517
1103,HD,2020-08-19,0 days 15:59:06.659127,371735,282.96,282.91,522,210,-1905,1113
1104,HD,2020-08-19,0 days 15:59:30.717607,391792,282.88,282.8,1111,125,3412,-2950
1105,HD,2020-08-19,0 days 15:59:31.719918,389739,282.88,282.8,966,239,-2053,3412
1106,HD,2020-08-19,0 days 15:59:47.758389,391792,282.8,282.77,600,343,302,-44
1107,HD,2020-08-19,0 days 15:59:49.762058,391170,282.84,282.78,103,869,-622,332
1108,HES,2020-08-19,0 days 15:55:00.150810,147900,48.54,48.53,997,1475,17192,-14105
1109,HES,2020-08-19,0 days 15:57:21.492846,185103,48.52,48.51,1064,2310,-849,432
1110,HES,2020-08-19,0 days 15:57:22.495467,182579,48.52,48.51,1064,2310,2524,-849
1111,HES,2020-08-19,0 days 15:59:08.754401,184503,48.5,48.49,1600,2673,-2080,556
1112,HES,2020-08-19,0 days 15:59:09.756311,178383,48.5,48.49,1859,2024,6120,-2080
1113,HES,2020-08-19,0 days 15:59:10.759067,184503,48.5,48.49,999,2969,-780,6120
1114,HES,2020-08-19,0 days 15:59:11.761127,182726,48.5,48.49,2704,2778,1777,-780
1115,HES,2020-08-19,0 days 15:59:13.766732,184503,48.5,48.49,805,2928,-1123,3877
1116,HES,2020-08-19,0 days 15:59:14.769051,181280,48.5,48.49,581,3238,3223,-1123
1117,HFC,2020-08-19,0 days 15:56:15.295517,166865,25.92,25.91,1008,2463,606,-630
1118,HFC,2020-08-19,0 days 15:56:16.297975,163471,25.92,25.91,1108,3063,-3394,606
1119,HFC,2020-08-19,0 days 15:56:43.363008,159435,25.93,25.92,1541,3428,4836,-2701
1120,HFC,2020-08-19,0 days 15:56:44.365727,157371,25.93,25.92,939,4024,-2064,4836
1121,HFC,2020-08-19,0 days 15:57:59.546254,178956,25.9,25.89,2908,6641,718,-3382
1122,HFC,2020-08-19,0 days 15:58:00.550128,174774,25.92,25.91,1100,2272,-6082,718
1123,HFC,2020-08-19,0 days 15:59:05.709151,188023,25.96,25.95,1100,1131,5024,-61
1124,HFC,2020-08-19,0 days 15:59:06.711064,187095,25.96,25.95,1200,1650,-928,5024
1125,HFC,2020-08-19,0 days 15:59:23.748589,181736,25.94,25.93,1555,1637,-6652,2748
1126,HFC,2020-08-19,0 days 15:59:24.750427,188388,25.92,25.91,760,1755,648,-6652
1127,HFC,2020-08-19,0 days 15:59:29.761956,186540,25.93,25.92,1415,828,-1648,2652
1128,HL,2020-08-19,0 days 15:58:58.677014,216146,5.9,5.89,97751,61520,-3997,9703
1129,HL,2020-08-19,0 days 15:59:13.715099,231633,5.9,5.89,112768,50667,3091,-12509
1130,HL,2020-08-19,0 days 15:59:14.717701,227824,5.9,5.89,111268,51067,-2409,3091
1131,HL,2020-08-19,0 days 15:59:22.717727,235418,5.9,5.89,113687,51306,7619,-2352
1132,HL,2020-08-19,0 days 15:59:23.719689,222537,5.9,5.89,110887,55856,-11481,7619
1133,HL,2020-08-19,0 days 15:59:32.742263,235418,5.9,5.89,125995,48114,6829,-2881
1134,HL,2020-08-19,0 days 15:59:33.744380,223547,5.9,5.89,126495,48549,-11871,6829
1135,HL,2020-08-19,0 days 15:59:40.763858,235418,5.9,5.89,125087,36748,3298,-1971
1136,HLX,2020-08-19,0 days 15:55:01.065997,105809,4.1,4.09,48786,11407,114725,-77862
1137,HLX,2020-08-19,0 days 15:55:02.065958,98434,4.1,4.09,48586,16880,-7375,114725
1138,HLX,2020-08-19,0 days 15:59:15.681223,126031,4.1,4.09,22950,24215,38686,-11910
1139,HLX,2020-08-19,0 days 15:59:16.683095,124054,4.1,4.09,18995,33547,-3333,38686
1140,HLX,2020-08-19,0 days 15:59:33.723981,131229,4.1,4.09,23041,30187,1079,-558
1141,HLX,2020-08-19,0 days 15:59:42.745951,128762,4.1,4.09,22140,32407,-1967,1579
1142,HLX,2020-08-19,0 days 15:59:44.750374,130729,4.1,4.09,33784,27708,8233,-1967
1143,HLX,2020-08-19,0 days 15:59:46.755085,129462,4.1,4.09,33656,30123,-1999,1933
1144,HMY,2020-08-19,0 days 15:58:17.659743,186778,5.91,5.9,53386,94216,1149,-351
1145,HMY,2020-08-19,0 days 15:58:18.662878,180827,5.91,5.9,51076,91655,-5951,1149
1146,HMY,2020-08-19,0 days 15:59:40.862038,191479,5.91,5.9,63580,122810,995,-2505
1147,HMY,2020-08-19,0 days 15:59:48.879789,189674,5.91,5.9,86928,102906,-1805,995
1148,HPE,2020-08-19,0 days 15:58:35.709901,417610,9.43,9.42,21749,53349,861,-1071
1149,HPE,2020-08-19,0 days 15:58:36.712442,404271,9.43,9.42,22149,55249,-13339,861
1150,HPQ,2020-08-19,0 days 15:55:08.080473,1117577,18.17,18.16,15604,14846,46988,-205958
1151,HPQ,2020-08-19,0 days 15:56:54.337258,1221518,18.18,18.17,15317,11959,-31936,48589
1152,HPQ,2020-08-19,0 days 15:56:55.339709,1212654,18.18,18.17,20111,7359,8864,-31936
1153,HPQ,2020-08-19,0 days 15:58:02.502251,1218907,18.17,18.16,24722,23898,-6347,3453
1154,HPQ,2020-08-19,0 days 15:58:03.504902,1213454,18.17,18.16,9470,35806,5453,-6347
1155,HPQ,2020-08-19,0 days 15:58:10.523315,1226632,18.18,18.17,23215,21644,-6066,13978
1156,HPQ,2020-08-19,0 days 15:58:11.524529,1215798,18.18,18.17,24167,17341,10834,-6066
1157,HPQ,2020-08-19,0 days 15:58:28.567087,1222747,18.18,18.17,5029,29734,3885,-215
1158,HPQ,2020-08-19,0 days 15:59:06.659198,1225674,18.17,18.16,30020,5556,-2614,5286
1159,HPQ,2020-08-19,0 days 15:59:07.660948,1224257,18.16,18.15,34844,5451,1417,-2614
1160,HPQ,2020-08-19,0 days 15:59:23.699982,1241272,18.15,18.14,13500,12632,-3802,10371
1161,HPQ,2020-08-19,0 days 15:59:46.755337,1286911,18.14,18.13,25240,7154,-14,17523
1162,HPQ,2020-08-19,0 days 15:59:48.760387,1284525,18.14,18.13,32687,4667,7636,-14
1163,HPR,2020-08-19,0 days 15:57:09.463899,16532,0.37,0.36,4400,91354,-14164,15559
1164,HSBC,2020-08-19,0 days 15:59:02.767626,49258,21.95,21.94,9918,40176,163,-468
1165,HSBC,2020-08-19,0 days 15:59:10.787475,49421,21.95,21.94,17656,37770,-543,163
1166,HSBC,2020-08-19,0 days 15:59:11.790228,49964,21.95,21.94,16462,36270,278,-543
1167,HSBC,2020-08-19,0 days 15:59:16.799769,49275,21.95,21.94,16565,36715,-689,278
1168,HSBC,2020-08-19,0 days 15:59:18.804854,49964,21.95,21.94,15065,33715,4036,-689
1169,HST,2020-08-19,0 days 15:58:59.693575,448945,10.79,10.78,20833,23118,-1489,1711
1170,HTA,2020-08-19,0 days 15:55:00.187238,88140,24.79,24.78,1259,3272,-51017,39262
1171,HTA,2020-08-19,0 days 15:55:01.190663,76261,24.79,24.78,3776,2486,11279,-51017
1172,HTA,2020-08-19,0 days 15:55:07.205296,88140,24.77,24.76,1155,3794,-21921,1579
1173,HTA,2020-08-19,0 days 15:55:27.253901,109261,24.74,24.73,1890,1405,20809,-1091
1174,HTA,2020-08-19,0 days 15:55:28.255953,130084,24.74,24.73,2500,3205,-14977,20809
1175,HTA,2020-08-19,0 days 15:55:29.259410,128061,24.74,24.73,2500,2905,2023,-14977
1176,HTA,2020-08-19,0 days 15:57:56.614638,132398,24.66,24.65,5645,1123,3936,-64
1177,HTA,2020-08-19,0 days 15:58:26.688227,134233,24.68,24.67,600,5076,-2555,445
1178,HTA,2020-08-19,0 days 15:58:27.690584,132888,24.68,24.67,3979,4994,1345,-2555
1179,HTA,2020-08-19,0 days 15:58:37.715805,134233,24.68,24.67,1579,7100,-5055,1345
1180,HTA,2020-08-19,0 days 15:58:38.718946,127688,24.68,24.67,4384,892,6545,-5055
1181,HTA,2020-08-19,0 days 15:58:39.719402,134233,24.68,24.67,3784,1092,-2755,6545
1182,HTA,2020-08-19,0 days 15:58:40.722273,132988,24.67,24.66,4975,833,1371,-2755
1183,HTA,2020-08-19,0 days 15:59:04.781619,137868,24.69,24.68,4280,15,-3107,546
1184,HTA,2020-08-19,0 days 15:59:05.783462,137375,24.68,24.67,3247,2936,493,-3107
1185,HTA,2020-08-19,0 days 15:59:16.810527,140989,24.67,24.66,1418,3200,-113,178
1186,HTA,2020-08-19,0 days 15:59:32.850785,143282,24.68,24.67,800,4835,-224,80
1187,HTZ,2020-08-19,0 days 15:55:00.187766,23247,1.47,1.46,342193,496925,-6515,2769
1188,HTZ,2020-08-19,0 days 15:59:11.798540,35630,1.47,1.46,619132,563713,898,-11164
1189,HTZ,2020-08-19,0 days 15:59:31.847527,35309,1.47,1.46,598803,574414,-321,898
1190,HWM,2020-08-19,0 days 15:55:44.700210,175620,17.14,17.13,5094,2449,719,-581
1191,HWM,2020-08-19,0 days 15:55:45.703175,171239,17.14,17.13,4603,2449,-4381,719
1192,HWM,2020-08-19,0 days 15:56:59.881421,177541,17.12,17.11,3622,2592,230,-70
1193,HWM,2020-08-19,0 days 15:57:35.966673,177771,17.12,17.11,2977,4118,-1470,230
1194,HWM,2020-08-19,0 days 15:58:59.169350,185142,17.12,17.11,12685,3578,2133,-2167
1195,HWM,2020-08-19,0 days 15:59:31.246305,188708,17.13,17.12,3519,2941,5920,-22475
1196,HWM,2020-08-19,0 days 15:59:32.248128,187128,17.13,17.12,3924,2972,-1580,5920
1197,HWM,2020-08-19,0 days 15:59:47.284187,194946,17.13,17.12,10002,1786,1880,-9557
1198,IAG,2020-08-19,0 days 15:55:00.867924,108484,4.25,4.24,112140,32144,53013,-73446
1199,IAG,2020-08-19,0 days 15:55:01.868708,101397,4.25,4.24,113490,45744,-7087,53013
1200,IAG,2020-08-19,0 days 15:59:15.482099,152429,4.26,4.25,234501,85306,162,-5378
1201,IBM,2020-08-19,0 days 15:55:46.299230,278958,123.79,123.78,404,303,2350,-317
1202,IBM,2020-08-19,0 days 15:55:47.302303,277608,123.79,123.78,404,603,-1353,2350
1203,IBM,2020-08-19,0 days 15:57:46.589565,295373,123.82,123.8,1010,1,1287,-4128
1204,IBM,2020-08-19,0 days 15:57:47.592860,293045,123.81,123.79,511,1402,-2328,1287
1205,IBM,2020-08-19,0 days 15:59:04.780610,298335,123.9,123.88,2019,724,10401,-1593
1206,IBM,2020-08-19,0 days 15:59:05.783013,297436,123.9,123.89,1824,200,-899,10401
1207,IBM,2020-08-19,0 days 15:59:13.802893,301196,123.89,123.88,509,583,761,-1076
1208,IBM,2020-08-19,0 days 15:59:15.808234,301039,123.87,123.85,261,742,-157,761
1209,IBM,2020-08-19,0 days 15:59:28.838980,299647,123.88,123.87,741,100,-1549,1251
1210,IBM,2020-08-19,0 days 15:59:42.872886,302396,123.86,123.85,436,366,1113,-102
1211,IBM,2020-08-19,0 days 15:59:43.875268,302109,123.86,123.85,200,217,-287,1113
1212,IBM,2020-08-19,0 days 15:59:44.877086,302396,123.87,123.86,300,100,924,-287
1213,IBN,2020-08-19,0 days 15:59:14.717658,185224,10.04,10.03,24075,114917,144632,-2308
1214,IBN,2020-08-19,0 days 15:59:28.731524,345393,10.04,10.03,34035,124114,-8531,11469
1215,IBN,2020-08-19,0 days 15:59:29.734733,335324,10.04,10.03,35253,122614,10069,-8531
1216,IBN,2020-08-19,0 days 15:59:31.739393,331308,10.04,10.03,34761,127121,-4016,10069
1217,IBN,2020-08-19,0 days 15:59:32.742263,310124,10.04,10.03,35661,125621,21184,-4016
1218,IBN,2020-08-19,0 days 15:59:33.744334,321148,10.06,10.05,25910,134961,-1076,21184
1219,ICE,2020-08-19,0 days 15:55:04.602432,439845,103.6,103.55,500,100,189,-931
1220,ICE,2020-08-19,0 days 15:55:05.604952,439034,103.6,103.56,600,322,-811,189
1221,ICE,2020-08-19,0 days 15:57:37.971694,451349,103.43,103.42,263,222,500,-1000
1222,ICE,2020-08-19,0 days 15:57:38.974027,449049,103.44,103.43,2,125,-2861,500
1223,ICE,2020-08-19,0 days 15:57:40.979295,451910,103.43,103.42,200,300,1639,-861
1224,ICE,2020-08-19,0 days 15:57:41.981637,451049,103.43,103.42,401,323,-861,1639
1225,ICE,2020-08-19,0 days 15:57:43.985826,451910,103.43,103.41,475,758,3239,-861
1226,ICE,2020-08-19,0 days 15:57:46.993445,447049,103.44,103.42,300,5,-4861,3239
1227,ICE,2020-08-19,0 days 15:57:48.998026,451910,103.43,103.41,200,42,1139,-3461
1228,ICE,2020-08-19,0 days 15:57:50.000067,451049,103.43,103.41,400,89,-861,1139
1229,ICE,2020-08-19,0 days 15:57:52.005658,451910,103.43,103.41,228,273,1339,-161
1230,ICE,2020-08-19,0 days 15:57:53.007702,451249,103.44,103.42,428,554,-661,1339
1231,ICE,2020-08-19,0 days 15:57:56.015464,451910,103.44,103.43,331,296,1139,-661
