,Symbol,Timestamp,TIME,iPaired,Ask_P,Bid_P,Ask_S,Bid_S,iShares,PreviShares
0,A,2020-03-20,0 days 15:55:25.252007,332749,66.38,66.29,901,600,10286,-2773
1,A,2020-03-20,0 days 15:56:45.445080,340122,66.71,66.58,200,387,-382,118
2,A,2020-03-20,0 days 15:56:46.447181,339504,66.71,66.59,300,100,618,-382
3,A,2020-03-20,0 days 15:58:08.645246,341126,66.55,66.48,200,168,-1966,942
4,A,2020-03-20,0 days 15:58:09.648722,340137,66.55,66.46,200,106,1089,-1966
5,A,2020-03-20,0 days 15:58:17.666561,341126,66.59,66.55,100,392,-2096,810
6,A,2020-03-20,0 days 15:58:18.678228,340555,66.76,66.64,160,428,70,-2096
7,A,2020-03-20,0 days 15:59:30.847676,383379,66.77,66.7,412,195,-11184,416
8,A,2020-03-20,0 days 15:59:39.869827,376693,66.64,66.58,217,100,8168,-7833
9,A,2020-03-20,0 days 15:59:41.875164,386610,66.63,66.58,100,202,-14933,668
10,A,2020-03-20,0 days 15:59:45.883568,394076,66.65,66.61,467,177,1606,-6333
11,A,2020-03-20,0 days 15:59:50.896900,395682,66.66,66.62,606,200,-14394,877
12,A,2020-03-20,0 days 15:59:51.898861,394606,66.65,66.62,706,3658,1077,-14394
13,A,2020-03-20,0 days 15:59:52.900313,395682,66.65,66.61,413,225,-14394,1077
14,A,2020-03-20,0 days 15:59:53.904350,394606,66.64,66.61,913,1200,1227,-14394
15,AA,2020-03-20,0 days 15:57:33.855594,1373998,5.46,5.45,7501,1806,-238,4829
16,AA,2020-03-20,0 days 15:58:07.937779,1361887,5.47,5.46,3300,1416,12211,-3889
17,AA,2020-03-20,0 days 15:59:39.155581,1376411,5.47,5.46,3009,10390,-84,5630
18,AB,2020-03-20,0 days 15:55:25.207276,31637,17.35,17.31,2873,500,8899,-18670
19,AB,2020-03-20,0 days 15:55:26.211021,29836,17.35,17.31,2773,600,-1801,8899
20,AB,2020-03-20,0 days 15:57:22.486994,31637,17.17,17.15,193,122,15899,-11694
21,AB,2020-03-20,0 days 15:57:23.489010,29936,17.18,17.15,525,122,-1701,15899
22,AB,2020-03-20,0 days 15:57:45.542414,31637,17.05,17.01,796,100,8026,-19567
23,AB,2020-03-20,0 days 15:57:46.544426,29363,17.05,17.01,869,252,-2274,8026
24,ABB,2020-03-20,0 days 15:55:00.908217,36771,16.05,16.04,1800,400,11535,-13765
25,ABB,2020-03-20,0 days 15:55:01.908227,36306,16.03,16.02,2658,900,-465,11535
26,ABB,2020-03-20,0 days 15:58:35.423639,36943,15.98,15.97,900,4800,3525,-975
27,ABB,2020-03-20,0 days 15:58:36.426676,36378,15.99,15.98,4000,1883,-565,3525
28,ABB,2020-03-20,0 days 15:59:13.517942,41443,16.0,15.99,340,6112,557,-954
29,ABB,2020-03-20,0 days 15:59:14.520051,40800,16.01,16.0,2600,7621,-683,557
30,ABB,2020-03-20,0 days 15:59:44.592738,37185,15.99,15.98,4386,2594,-174,3816
31,ABBV,2020-03-20,0 days 15:59:59.895499,2060250,68.98,68.77,63258,34914,-10948,45012
32,ABC,2020-03-20,0 days 15:55:00.197320,837313,80.59,80.38,382,100,-1895,425527
33,ABC,2020-03-20,0 days 15:55:01.196205,834308,80.49,80.36,100,305,3005,-1895
34,ABC,2020-03-20,0 days 15:56:36.427634,840190,80.52,79.98,100,300,-328,672
35,ABC,2020-03-20,0 days 15:56:37.427293,836818,80.51,79.98,51,441,3372,-328
36,ABC,2020-03-20,0 days 15:58:23.676742,843935,80.24,80.08,100,249,-497,582
37,ABC,2020-03-20,0 days 15:58:24.679721,840132,80.32,80.0,200,100,3803,-497
38,ABC,2020-03-20,0 days 15:59:04.775377,845596,79.84,79.66,405,853,-1182,4945
39,ABC,2020-03-20,0 days 15:59:05.779832,843078,79.84,79.66,405,553,2518,-1182
40,ABC,2020-03-20,0 days 15:59:59.911031,911267,80.63,80.6,51099,7599,-15536,23011
41,ABR,2020-03-20,0 days 15:56:26.401267,400120,4.81,4.8,475,18123,-1969,110886
42,ABR,2020-03-20,0 days 15:57:34.558460,402198,4.76,4.75,418,4562,24,-976
43,ABR,2020-03-20,0 days 15:57:35.561035,400822,4.76,4.75,18,4562,-1376,24
44,ABR,2020-03-20,0 days 15:58:59.763711,441692,4.79,4.78,1478,1529,-27006,37394
45,ABR,2020-03-20,0 days 15:59:00.769979,438098,4.79,4.78,1778,1029,3594,-27006
46,ABR,2020-03-20,0 days 15:59:55.900042,445998,4.84,4.81,1790,6590,2263,-126323
47,ABR,2020-03-20,0 days 15:59:57.906792,445961,4.85,4.82,3090,10200,-126323,2263
48,ABT,2020-03-20,0 days 15:55:24.163388,1560247,69.03,68.97,500,400,-880041,72059
49,ABT,2020-03-20,0 days 15:58:33.617907,1778090,68.3,68.18,308,1000,-223381,156217
50,ABT,2020-03-20,0 days 15:59:46.792305,1315610,68.02,67.98,568,200,612854,-383896
51,ABT,2020-03-20,0 days 15:59:47.793435,1848314,68.08,68.06,496,900,-467296,612854
52,ABT,2020-03-20,0 days 15:59:52.800978,1317032,68.0,67.99,200,700,613737,-338783
53,ABT,2020-03-20,0 days 15:59:55.810411,1317032,68.05,67.95,5465,7133,629395,-338783
54,ABT,2020-03-20,0 days 15:59:58.815114,1975549,68.08,67.98,1284,14700,-342031,614037
55,ACB,2020-03-20,0 days 15:59:22.780672,8420,0.73,0.72,120800,135789,17402,-1098
56,ACC,2020-03-20,0 days 15:55:00.197530,139425,23.12,22.97,300,200,19191,-902
57,ACC,2020-03-20,0 days 15:56:23.393975,153329,23.23,23.07,550,100,-4973,6827
58,ACC,2020-03-20,0 days 15:56:24.396146,152702,23.23,23.07,550,100,627,-4973
59,ACC,2020-03-20,0 days 15:58:05.633254,153978,23.0,22.92,89,40,-3135,1148
60,ACC,2020-03-20,0 days 15:58:06.677687,153713,23.0,22.92,89,40,165,-3135
61,ACC,2020-03-20,0 days 15:58:18.674577,153678,23.13,23.08,100,618,-45,55
62,ACC,2020-03-20,0 days 15:58:19.667225,153423,23.13,23.04,200,100,355,-45
63,ACC,2020-03-20,0 days 15:59:14.801890,153578,23.15,23.04,669,80,-18,102
64,ACC,2020-03-20,0 days 15:59:15.803720,153396,23.15,23.04,822,80,182,-18
65,ACC,2020-03-20,0 days 15:59:30.841941,153778,23.15,23.05,1375,655,-208,154
66,ACC,2020-03-20,0 days 15:59:31.845601,153966,23.15,23.05,1295,500,112,-208
67,ACM,2020-03-20,0 days 15:55:06.189451,397811,25.41,25.31,1427,360,4826,-1810
68,ACM,2020-03-20,0 days 15:55:07.191791,396237,25.41,25.31,1427,460,-1574,4826
69,ACM,2020-03-20,0 days 15:55:11.206159,401080,25.41,25.33,1118,800,3357,-2610
70,ACM,2020-03-20,0 days 15:55:12.206615,399037,25.41,25.33,1318,900,-2043,3357
71,ACM,2020-03-20,0 days 15:56:06.334919,402383,25.62,25.58,1163,1033,258,-7134
72,ACM,2020-03-20,0 days 15:56:07.337678,399141,25.62,25.58,871,1033,-3242,258
73,ACM,2020-03-20,0 days 15:57:07.478103,403378,25.73,25.64,300,300,1106,-2061
74,ACM,2020-03-20,0 days 15:57:08.481396,399384,25.7,25.64,282,1000,-3994,1106
75,ACM,2020-03-20,0 days 15:57:11.488037,403378,25.7,25.65,350,600,10706,-3994
76,ACM,2020-03-20,0 days 15:57:12.489835,401174,25.7,25.65,1184,100,-2204,10706
77,ACM,2020-03-20,0 days 15:57:35.545580,403428,25.67,25.59,6,910,346,-2344
78,ACM,2020-03-20,0 days 15:58:39.700158,407267,25.72,25.62,314,340,1416,-1751
79,ACM,2020-03-20,0 days 15:58:40.701925,404183,25.72,25.62,274,800,-3084,1416
80,ACM,2020-03-20,0 days 15:58:42.716276,403452,25.72,25.62,475,800,731,-3084
81,ACM,2020-03-20,0 days 15:58:43.710891,397483,25.72,25.62,475,800,-5969,731
82,ACM,2020-03-20,0 days 15:59:10.777614,406106,25.74,25.68,200,1342,310,-2223
83,ACM,2020-03-20,0 days 15:59:19.797530,408216,25.71,25.66,101,200,-2903,1010
84,ACM,2020-03-20,0 days 15:59:30.825823,411556,25.74,25.67,100,100,153,-3014
85,ACM,2020-03-20,0 days 15:59:41.854816,413556,25.77,25.71,1377,300,2188,-2836
86,ACM,2020-03-20,0 days 15:59:42.856789,411844,25.76,25.71,211,100,-1612,2188
87,ACM,2020-03-20,0 days 15:59:45.862640,413556,25.76,25.71,888,100,10798,-1612
88,ACM,2020-03-20,0 days 15:59:46.865031,412554,25.75,25.72,500,100,-902,10798
89,ACM,2020-03-20,0 days 15:59:54.886778,412294,25.67,25.56,1245,218,1406,-2923
90,ACM,2020-03-20,0 days 15:59:56.887099,407933,25.64,25.56,460,1100,-5523,1406
91,ACM,2020-03-20,0 days 15:59:59.895482,412294,25.57,25.55,8689,6700,1406,-2923
92,ACN,2020-03-20,0 days 15:55:00.907971,680749,150.04,149.18,100,402,-43984,29330
93,ACN,2020-03-20,0 days 15:55:02.909631,679633,150.02,149.18,465,839,1116,-6084
94,ACN,2020-03-20,0 days 15:55:12.935843,680280,149.93,149.27,712,1708,-495,1076
95,ACN,2020-03-20,0 days 15:55:13.937825,679275,149.93,149.27,712,1709,1005,-495
96,ACN,2020-03-20,0 days 15:57:43.296521,685706,148.29,148.13,1431,1,-1123,577
97,ACN,2020-03-20,0 days 15:57:44.299538,684839,148.29,148.12,1712,712,867,-1123
98,ACN,2020-03-20,0 days 15:57:49.310784,685706,148.3,148.15,295,200,-2733,867
99,ACN,2020-03-20,0 days 15:57:50.313861,684739,148.36,148.17,206,100,967,-2733
100,ACN,2020-03-20,0 days 15:58:02.344085,685706,148.55,148.29,341,520,-1433,1467
101,ACN,2020-03-20,0 days 15:58:03.345905,681233,148.84,148.56,162,500,4473,-1433
102,ACN,2020-03-20,0 days 15:58:06.354757,685706,148.68,148.58,87,328,-4427,1473
103,ACN,2020-03-20,0 days 15:58:08.357405,684070,148.97,148.62,100,4,838,-2749
104,ACN,2020-03-20,0 days 15:58:14.372389,685013,148.93,148.73,404,600,-1944,943
105,ACN,2020-03-20,0 days 15:58:15.374637,678657,148.92,148.75,300,200,6356,-1944
106,ACN,2020-03-20,0 days 15:58:54.469476,742516,149.01,148.89,230,157,-138,2749
107,ACN,2020-03-20,0 days 15:59:08.504721,742682,149.25,148.94,400,1049,82882,-207
108,ADM,2020-03-20,0 days 15:55:00.908462,752916,30.64,30.62,100,600,37940,-48210
109,ADM,2020-03-20,0 days 15:56:12.077844,795537,30.57,30.52,305,800,-37,563
110,ADM,2020-03-20,0 days 15:56:13.081322,795474,30.54,30.52,300,319,363,-37
111,ADM,2020-03-20,0 days 15:56:30.122578,795437,30.58,30.56,200,348,-204,496
112,ADM,2020-03-20,0 days 15:56:31.124777,792741,30.61,30.58,400,438,2695,-204
113,ADM,2020-03-20,0 days 15:57:11.221762,796337,30.5,30.47,112,324,-4490,3410
114,ADM,2020-03-20,0 days 15:57:12.223290,800698,30.49,30.46,300,9,18590,-4490
115,ADM,2020-03-20,0 days 15:57:14.229058,807057,30.51,30.47,915,500,-6969,6417
116,ADM,2020-03-20,0 days 15:57:15.230310,801626,30.5,30.47,100,500,5131,-6969
117,ADM,2020-03-20,0 days 15:57:22.246507,801326,30.51,30.5,300,400,5431,-6769
118,ADM,2020-03-20,0 days 15:58:01.342186,807057,30.49,30.46,200,810,-7445,5106
119,ADM,2020-03-20,0 days 15:58:02.345111,801802,30.54,30.52,400,400,4755,-7445
120,ADM,2020-03-20,0 days 15:58:42.440071,809710,30.51,30.5,300,300,-6268,6583
121,ADM,2020-03-20,0 days 15:58:43.443944,804378,30.53,30.5,300,200,5332,-6268
122,ADM,2020-03-20,0 days 15:59:18.530540,861549,30.6,30.58,475,300,-3559,2729
123,ADM,2020-03-20,0 days 15:59:19.532211,854608,30.6,30.59,349,366,7541,-3559
124,ADNT,2020-03-20,0 days 15:55:00.485426,498607,8.65,8.59,558,643,69828,-171835
125,ADS,2020-03-20,0 days 15:55:00.567657,198695,27.65,27.57,100,100,-1428,31691
126,ADS,2020-03-20,0 days 15:55:01.571015,198423,27.65,27.59,400,66,272,-1428
127,ADS,2020-03-20,0 days 15:56:04.723798,201055,27.53,27.5,13,191,-8673,1821
128,ADS,2020-03-20,0 days 15:56:05.727355,200328,27.53,27.5,13,191,727,-8673
129,ADS,2020-03-20,0 days 15:56:11.741733,201055,27.57,27.51,400,200,-473,727
130,ADS,2020-03-20,0 days 15:56:36.800923,201055,27.56,27.51,45,324,-8773,11221
131,ADS,2020-03-20,0 days 15:56:41.814336,201055,27.68,27.57,400,324,-2031,227
132,ADS,2020-03-20,0 days 15:56:42.814934,200586,27.68,27.57,641,528,469,-2031
133,ADS,2020-03-20,0 days 15:57:14.892386,201278,27.51,27.4,1675,659,-25,2252
134,ADS,2020-03-20,0 days 15:57:22.911247,199503,27.48,27.41,14,300,1575,-725
135,ADS,2020-03-20,0 days 15:57:50.980274,200497,27.53,27.5,675,219,581,-8919
136,ADS,2020-03-20,0 days 15:57:57.996346,200855,27.73,27.64,384,482,223,-1477
137,ADS,2020-03-20,0 days 15:59:16.186873,201319,27.69,27.58,5,345,180,-1920
138,ADS,2020-03-20,0 days 15:59:26.207033,201499,27.69,27.56,976,220,-1977,338
139,ADS,2020-03-20,0 days 15:59:27.210571,199118,27.69,27.55,1119,354,2381,-1977
140,ADS,2020-03-20,0 days 15:59:36.232191,201899,27.68,27.57,700,864,-1577,281
141,ADS,2020-03-20,0 days 15:59:37.233599,199518,27.65,27.57,400,264,1981,-1577
142,ADS,2020-03-20,0 days 15:59:43.249548,201999,27.65,27.59,559,100,-1577,181
143,ADS,2020-03-20,0 days 15:59:51.268613,201639,27.6,27.53,94,735,-1737,21
144,ADS,2020-03-20,0 days 15:59:52.272510,199918,27.59,27.53,100,387,1221,-1737
145,ADSW,2020-03-20,0 days 15:59:48.884296,225989,31.38,31.36,1434,322,971,-1245
146,ADSW,2020-03-20,0 days 15:59:49.886323,224823,31.41,31.37,660,902,-1166,971
147,ADSW,2020-03-20,0 days 15:59:52.892617,225989,31.39,31.33,1126,1010,7788,-9290
148,ADT,2020-03-20,0 days 15:59:19.726856,531826,3.91,3.9,1734,1367,-92089,161289
149,ADT,2020-03-20,0 days 15:59:27.742818,532026,3.91,3.88,6438,3292,-89213,5387
150,AEE,2020-03-20,0 days 15:59:03.690607,428590,62.99,62.92,402,355,9245,-14651
151,AEE,2020-03-20,0 days 15:59:04.694850,429353,63.01,62.93,384,218,-28505,9245
152,AEE,2020-03-20,0 days 15:59:13.717790,433190,63.03,62.98,300,447,18353,-6215
153,AEE,2020-03-20,0 days 15:59:14.719014,427243,63.12,63.03,200,916,-29469,18353
154,AEE,2020-03-20,0 days 15:59:15.721059,431886,63.12,63.05,254,591,18057,-29469
155,AEE,2020-03-20,0 days 15:59:16.721901,424802,63.15,63.05,463,673,-31910,18057
156,AEE,2020-03-20,0 days 15:59:19.726682,431886,63.31,63.15,67,298,62682,-6469
157,AEE,2020-03-20,0 days 15:59:20.730644,425763,63.4,63.31,220,367,-31677,62682
158,AEE,2020-03-20,0 days 15:59:23.733818,426922,63.7,63.45,7200,272,-30994,22648
159,AEE,2020-03-20,0 days 15:59:34.762920,432120,63.47,63.44,503,17942,23502,-3599
160,AEE,2020-03-20,0 days 15:59:35.768762,431063,63.45,63.44,720,19060,-1057,23502
161,AEG,2020-03-20,0 days 15:57:06.448092,29160,2.37,2.36,53887,68782,2778,-2457
162,AEM,2020-03-20,0 days 15:59:49.873495,265902,37.08,37.01,200,528,5262,-6754
163,AEM,2020-03-20,0 days 15:59:50.877147,214372,37.09,37.02,452,600,-51530,5262
164,AEM,2020-03-20,0 days 15:59:59.895482,265902,36.82,36.74,1422,4571,9911,-9511
165,AEO,2020-03-20,0 days 15:55:29.639352,478221,8.78,8.77,5699,200,1241,-4259
166,AEO,2020-03-20,0 days 15:55:30.641298,474162,8.78,8.77,4510,3600,-2832,1241
167,AEO,2020-03-20,0 days 15:56:01.715939,476662,8.79,8.78,3800,5900,-4259,741
168,AEO,2020-03-20,0 days 15:57:49.978042,487239,8.79,8.78,2964,1800,3694,-1806
169,AEO,2020-03-20,0 days 15:57:50.980303,482733,8.79,8.78,4263,2000,-4506,3694
170,AEO,2020-03-20,0 days 15:58:37.093116,482833,8.79,8.78,8825,3777,-4425,1375
171,AEO,2020-03-20,0 days 15:59:49.261559,504342,8.78,8.77,11784,1618,1008,-1405
172,AEO,2020-03-20,0 days 15:59:50.268530,491972,8.78,8.77,11454,2403,-11143,1008
173,AEP,2020-03-20,0 days 15:59:31.756592,919886,72.07,71.94,220,600,55550,-42513
174,AEP,2020-03-20,0 days 15:59:32.759156,910518,72.2,72.07,106,644,-105431,55550
175,AEP,2020-03-20,0 days 15:59:52.801243,919601,71.71,71.7,10551,400,42010,-64701
176,AER,2020-03-20,0 days 15:55:03.198429,263780,18.83,18.71,300,109,-39656,20456
177,AER,2020-03-20,0 days 15:55:12.222096,263780,18.72,18.69,300,524,-37849,20556
178,AER,2020-03-20,0 days 15:56:04.346363,265480,18.45,18.39,300,915,-47528,4556
179,AER,2020-03-20,0 days 15:56:21.386757,218224,18.48,18.45,200,898,47256,-4628
180,AER,2020-03-20,0 days 15:56:24.394045,265480,18.5,18.46,620,1220,-50535,4456
181,AER,2020-03-20,0 days 15:56:30.410249,210224,18.61,18.54,500,1345,55256,-7735
182,AER,2020-03-20,0 days 15:56:33.416727,265480,18.61,18.55,900,1097,-50942,6456
183,AER,2020-03-20,0 days 15:56:35.420510,218224,18.61,18.56,1000,1178,47256,-342
184,AER,2020-03-20,0 days 15:56:39.430070,265480,18.61,18.56,2382,1842,-52942,4456
185,AER,2020-03-20,0 days 15:56:44.442592,218924,18.68,18.62,230,1521,46556,-10142
186,AER,2020-03-20,0 days 15:56:52.463808,265480,18.67,18.63,37,400,-55179,4456
187,AER,2020-03-20,0 days 15:57:41.579668,265480,18.62,18.59,800,7,-53472,4456
188,AER,2020-03-20,0 days 15:58:25.685665,220624,18.76,18.72,200,400,45500,-14135
189,AER,2020-03-20,0 days 15:58:32.703306,266124,18.76,18.72,1000,397,-69342,6400
190,AER,2020-03-20,0 days 15:58:44.732041,219924,18.71,18.67,790,300,46200,-14135
191,AER,2020-03-20,0 days 15:59:21.824613,267977,18.69,18.64,476,400,-10482,48153
192,AER,2020-03-20,0 days 15:59:25.833011,271777,18.63,18.6,652,79,-4975,1025
193,AER,2020-03-20,0 days 15:59:26.836354,218824,18.63,18.6,712,281,57638,-4975
194,AER,2020-03-20,0 days 15:59:41.874973,220124,18.54,18.53,2455,170,53327,-4901
195,AER,2020-03-20,0 days 15:59:42.876996,273451,18.53,18.49,101,332,-2594,53327
196,AER,2020-03-20,0 days 15:59:44.881317,219624,18.53,18.5,6318,25015,53827,-2594
197,AER,2020-03-20,0 days 15:59:45.883398,273451,18.53,18.5,7347,25015,-2594,53827
198,AES,2020-03-20,0 days 15:55:00.908072,1840998,11.76,11.75,818,1527,106351,-122310
199,AES,2020-03-20,0 days 15:55:01.908094,1840149,11.76,11.75,900,1427,-749,106351
200,AES,2020-03-20,0 days 15:55:11.933321,1838116,11.75,11.74,700,1997,4282,-1176
201,AES,2020-03-20,0 days 15:55:19.952131,1838175,11.71,11.7,1300,3400,623,-277
202,AES,2020-03-20,0 days 15:55:20.954684,1837798,11.71,11.7,1384,3400,-277,623
203,AES,2020-03-20,0 days 15:55:52.029644,1838075,11.68,11.67,881,1700,2000,-276
204,AES,2020-03-20,0 days 15:56:11.075733,1846654,11.7,11.69,1273,1473,-2221,355
205,AES,2020-03-20,0 days 15:56:12.077686,1845875,11.71,11.7,1126,865,578,-2221
206,AES,2020-03-20,0 days 15:56:28.116282,1845934,11.71,11.7,1234,3124,719,-2380
207,AES,2020-03-20,0 days 15:58:00.339379,1849446,11.87,11.86,4634,2173,2192,-908
208,AES,2020-03-20,0 days 15:58:08.358257,1842874,11.89,11.88,10702,398,464,-836
209,AES,2020-03-20,0 days 15:58:17.380581,1843338,11.89,11.88,14892,1200,-22536,3464
210,AES,2020-03-20,0 days 15:58:42.439963,1843338,11.91,11.9,23200,400,-2189,3201
211,AES,2020-03-20,0 days 15:58:43.443786,1843137,11.91,11.9,23300,800,201,-2189
212,AES,2020-03-20,0 days 15:59:19.531928,1878568,11.91,11.9,28740,8062,13942,-1011
213,AES,2020-03-20,0 days 15:59:45.596049,1886959,11.91,11.9,37920,3347,-27233,514
214,AES,2020-03-20,0 days 15:59:54.616143,1870636,11.85,11.84,4550,900,31753,-5333
215,AES,2020-03-20,0 days 15:59:55.617754,1902389,11.91,11.9,14116,13590,-10447,31753
216,AFL,2020-03-20,0 days 15:55:25.207086,866583,26.76,26.74,300,100,34,-295
217,AFL,2020-03-20,0 days 15:55:28.215189,866503,26.77,26.71,200,1003,-80,234
218,AFL,2020-03-20,0 days 15:55:42.246932,864183,26.67,26.66,187,303,2657,-1843
219,AFL,2020-03-20,0 days 15:55:43.249661,863640,26.67,26.64,5,400,-543,2657
220,AFL,2020-03-20,0 days 15:55:55.277682,859054,26.64,26.62,370,641,5386,-43
221,AFL,2020-03-20,0 days 15:56:03.304603,859596,26.62,26.59,201,400,-7858,842
222,AFL,2020-03-20,0 days 15:56:04.303180,859454,26.62,26.59,173,652,142,-7858
223,AFL,2020-03-20,0 days 15:56:09.311869,858242,26.64,26.63,500,274,-3001,144
224,AFL,2020-03-20,0 days 15:56:50.409353,870901,26.85,26.81,520,1465,913,-1432
225,AFL,2020-03-20,0 days 15:56:51.412163,869514,26.82,26.76,343,500,-1387,913
226,AFL,2020-03-20,0 days 15:57:01.435656,869214,26.73,26.71,397,234,-1358,342
227,AFL,2020-03-20,0 days 15:57:08.452132,866372,26.7,26.66,604,230,3642,-1158
228,AFL,2020-03-20,0 days 15:57:09.455188,865916,26.68,26.62,405,370,-456,3642
229,AFL,2020-03-20,0 days 15:57:10.457763,866372,26.68,26.62,505,302,1663,-456
230,AFL,2020-03-20,0 days 15:57:11.460151,866237,26.68,26.62,1040,320,-135,1663
231,AFL,2020-03-20,0 days 15:57:16.471866,862416,26.64,26.61,100,300,4121,-1308
232,AFL,2020-03-20,0 days 15:57:17.474173,862137,26.64,26.61,809,470,-279,4121
233,AFL,2020-03-20,0 days 15:57:18.477189,862416,26.64,26.6,1309,467,2177,-279
234,AFL,2020-03-20,0 days 15:57:46.544237,863193,26.59,26.57,2603,200,-2516,1284
235,AFL,2020-03-20,0 days 15:57:50.554401,862254,26.6,26.58,736,441,639,-2861
236,AFL,2020-03-20,0 days 15:58:00.579615,856454,26.59,26.56,100,564,8439,-261
237,AFL,2020-03-20,0 days 15:58:11.603558,864754,26.67,26.63,205,700,3483,-1946
238,AFL,2020-03-20,0 days 15:58:12.606874,863237,26.67,26.63,805,400,-1517,3483
239,AFL,2020-03-20,0 days 15:58:30.653033,869883,26.69,26.64,1200,281,2854,-2508
240,AFL,2020-03-20,0 days 15:59:01.726312,869883,26.69,26.67,1100,300,2547,-2713
241,AFL,2020-03-20,0 days 15:59:03.732508,867050,26.74,26.71,700,500,-7093,2547
242,AFL,2020-03-20,0 days 15:59:07.742455,873209,26.69,26.68,802,510,2457,-2203
243,AFL,2020-03-20,0 days 15:59:08.744906,871066,26.73,26.69,537,600,-6403,2457
244,AFL,2020-03-20,0 days 15:59:10.749374,873209,26.69,26.67,802,417,2357,-2203
245,AFL,2020-03-20,0 days 15:59:11.751155,872168,26.67,26.65,300,400,-1041,2357
246,AFL,2020-03-20,0 days 15:59:15.763016,873209,26.69,26.67,811,100,1957,-5943
247,AFL,2020-03-20,0 days 15:59:16.763565,872168,26.66,26.65,451,295,-1041,1957
248,AFL,2020-03-20,0 days 15:59:20.773643,909037,26.67,26.64,1000,116,1672,-25040
249,AFL,2020-03-20,0 days 15:59:30.800102,908697,26.72,26.7,402,700,8368,-4032
250,AFL,2020-03-20,0 days 15:59:34.810243,913004,26.77,26.75,800,456,1045,-2597
251,AFL,2020-03-20,0 days 15:59:37.817240,911781,26.8,26.75,300,1891,-1267,1806
252,AFL,2020-03-20,0 days 15:59:40.825242,913048,26.8,26.77,405,448,708,-1192
253,AFL,2020-03-20,0 days 15:59:41.827790,909756,26.89,26.79,440,906,-5637,708
254,AFL,2020-03-20,0 days 15:59:48.843760,905277,26.78,26.74,400,500,8479,-966
255,AGI,2020-03-20,0 days 15:59:38.845880,1693365,4.47,4.46,11684,2600,68,-1320
256,AGI,2020-03-20,0 days 15:59:59.895499,1693365,4.45,4.44,72958,27525,5891,-83809
257,AGN,2020-03-20,0 days 15:59:20.707067,1322436,170.48,170.42,600,100,160344,-349100
258,AGO,2020-03-20,0 days 15:56:30.363814,123798,20.42,20.3,1205,619,14268,-3532
259,AGO,2020-03-20,0 days 15:56:31.362525,120766,20.42,20.31,1005,398,-5899,14268
260,AGO,2020-03-20,0 days 15:57:16.471943,140582,20.5,20.42,3702,1346,1013,-747
261,AGO,2020-03-20,0 days 15:57:17.474259,136395,20.5,20.42,3702,2446,-4187,1013
262,AGO,2020-03-20,0 days 15:58:00.580016,128384,20.5,20.46,5595,4532,13011,-4789
263,AGO,2020-03-20,0 days 15:58:01.592229,125295,20.5,20.46,5795,4632,-3089,13011
264,AGO,2020-03-20,0 days 15:58:15.614224,128384,20.5,20.47,10071,6786,13011,-4789
265,AGO,2020-03-20,0 days 15:58:16.617375,125335,20.5,20.47,10371,6856,-3049,13011
266,AGO,2020-03-20,0 days 15:58:39.672671,124517,20.5,20.49,14103,2854,17118,-582
267,AGO,2020-03-20,0 days 15:58:40.674582,121735,20.5,20.49,6162,2854,-2782,17118
268,AGO,2020-03-20,0 days 15:59:23.779990,142371,20.56,20.54,309,1000,194,-406
269,AGO,2020-03-20,0 days 15:59:24.783151,139449,20.56,20.54,419,1105,-2922,194
270,AGO,2020-03-20,0 days 15:59:30.800329,142371,20.67,20.61,300,720,3278,-3289
271,AGO,2020-03-20,0 days 15:59:31.803285,139449,20.64,20.62,71,903,-2922,3278
272,AIG,2020-03-20,0 days 15:55:00.908724,1163286,19.38,19.36,300,200,38001,-197497
273,AIG,2020-03-20,0 days 15:55:01.908430,1146587,19.38,19.36,1000,500,-16699,38001
274,AIG,2020-03-20,0 days 15:57:37.283740,1181688,19.24,19.23,2052,2806,3523,-860
275,AIG,2020-03-20,0 days 15:57:38.290256,1170830,19.26,19.25,6691,300,-10858,3523
276,AIG,2020-03-20,0 days 15:58:41.437688,1169164,19.28,19.26,3250,592,-12524,1610
277,AIG,2020-03-20,0 days 15:59:19.532303,1194613,19.24,19.22,1365,300,146850,-4252
278,AIG,2020-03-20,0 days 15:59:25.547855,1205673,19.31,19.29,968,1626,-456,14703
279,AJG,2020-03-20,0 days 15:55:00.147409,272563,71.39,71.16,175,175,131525,-15859
280,AL,2020-03-20,0 days 15:56:11.741697,209811,16.47,16.44,1000,1251,-11258,15806
281,AL,2020-03-20,0 days 15:56:12.749627,202569,16.47,16.44,1329,1251,7242,-11258
282,AL,2020-03-20,0 days 15:56:29.788713,204369,16.43,16.4,3407,300,5787,-17675
283,AL,2020-03-20,0 days 15:57:03.865710,210156,16.43,16.4,2115,3225,-1662,5485
284,AL,2020-03-20,0 days 15:57:04.868662,205156,16.43,16.4,1734,3225,5000,-1662
285,AL,2020-03-20,0 days 15:57:14.892356,209873,16.45,16.42,2793,4436,-83,4617
286,AL,2020-03-20,0 days 15:58:36.089009,204078,16.49,16.47,1316,5,5795,-28205
287,AL,2020-03-20,0 days 15:59:31.220270,207556,16.5,16.48,2336,1976,2824,-30105
288,AL,2020-03-20,0 days 16:00:00.285994,210380,16.57,16.54,1300,30696,-15155,40445
289,ALB,2020-03-20,0 days 15:55:02.196368,201609,53.47,53.36,1158,600,-8152,15168
290,ALB,2020-03-20,0 days 15:55:03.197529,198661,53.45,53.36,445,597,2948,-8152
291,ALB,2020-03-20,0 days 15:55:16.230700,202352,53.36,53.34,226,100,-7918,4043
292,ALB,2020-03-20,0 days 15:55:17.232624,199670,53.32,53.3,96,1,2682,-7918
293,ALB,2020-03-20,0 days 15:55:36.277930,211329,53.32,53.29,300,100,-7741,4479
294,ALB,2020-03-20,0 days 15:55:37.279552,208070,53.32,53.29,500,399,3159,-7741
295,ALB,2020-03-20,0 days 15:55:47.304557,210970,53.4,53.38,100,920,-8100,4379
296,ALB,2020-03-20,0 days 15:55:48.306865,195550,53.41,53.4,478,119,15320,-8100
297,ALB,2020-03-20,0 days 15:55:49.309095,210970,53.41,53.38,1199,40,-7800,15320
298,ALB,2020-03-20,0 days 15:55:50.312707,207770,53.41,53.38,800,40,3100,-7800
299,ALB,2020-03-20,0 days 15:56:21.386586,207640,53.43,53.41,200,594,3231,-8169
300,ALB,2020-03-20,0 days 15:56:27.400534,193870,53.68,53.51,64,400,-12680,4321
301,ALB,2020-03-20,0 days 15:56:28.402582,191050,53.68,53.51,64,600,2820,-12680
302,ALB,2020-03-20,0 days 15:56:40.433179,193370,53.71,53.67,600,420,-10170,2820
303,ALB,2020-03-20,0 days 15:56:41.436202,191740,53.7,53.69,632,120,1630,-10170
304,ALB,2020-03-20,0 days 15:56:48.450794,193370,53.86,53.79,247,1320,-10020,2570
305,ALB,2020-03-20,0 days 15:56:49.453021,179300,53.86,53.81,447,420,14070,-10020
306,ALB,2020-03-20,0 days 15:56:57.474132,199264,53.85,53.8,747,858,-9226,3364
307,ALB,2020-03-20,0 days 15:56:58.476813,197090,53.84,53.81,564,200,2174,-9226
308,ALB,2020-03-20,0 days 15:57:06.497217,199264,53.82,53.8,372,600,-9326,3264
309,ALB,2020-03-20,0 days 15:57:07.498280,197090,53.82,53.8,413,1000,2174,-9326
310,ALB,2020-03-20,0 days 15:57:17.520839,202390,53.85,53.83,57,742,-9399,14775
311,ALB,2020-03-20,0 days 15:57:18.524193,199989,53.85,53.81,257,400,2401,-9399
312,ALB,2020-03-20,0 days 15:57:22.533234,202390,53.86,53.82,7,2173,-9399,15375
313,ALB,2020-03-20,0 days 15:57:23.535557,199989,53.86,53.82,21,2473,2401,-9399
314,ALB,2020-03-20,0 days 15:57:40.576688,202390,53.97,53.92,100,400,-10143,2831
315,ALB,2020-03-20,0 days 15:57:41.578983,200033,53.97,53.92,200,1544,2357,-10143
316,ALB,2020-03-20,0 days 15:58:08.644981,202390,53.96,53.94,1000,200,-9639,3335
317,ALB,2020-03-20,0 days 15:58:09.648178,200129,53.95,53.92,1000,15,2261,-9639
318,ALB,2020-03-20,0 days 15:58:20.674662,202390,53.9,53.68,1886,306,-8695,4279
319,ALB,2020-03-20,0 days 15:58:21.677476,199985,53.9,53.68,2146,306,2405,-8695
320,ALB,2020-03-20,0 days 15:59:05.784946,217845,53.22,53.05,289,300,2887,-13984
321,ALB,2020-03-20,0 days 15:59:21.824449,220002,53.45,53.27,500,1643,-10430,2903
322,ALB,2020-03-20,0 days 15:59:22.824988,217532,53.44,53.27,300,1443,2370,-10430
323,ALB,2020-03-20,0 days 15:59:36.861352,205501,53.52,53.45,200,600,-35974,3295
324,ALB,2020-03-20,0 days 15:59:39.869518,205875,53.51,53.47,59,1185,14046,-355
325,ALB,2020-03-20,0 days 15:59:40.871700,205120,53.66,53.53,4500,968,-13855,14046
326,ALB,2020-03-20,0 days 15:59:48.891706,207765,53.57,53.44,1352,149,12356,-2345
327,ALB,2020-03-20,0 days 15:59:51.898491,205620,53.57,53.44,1843,100,-12045,2756
328,ALB,2020-03-20,0 days 15:59:54.905958,192585,53.53,53.43,736,2300,27536,-12045
329,ALB,2020-03-20,0 days 15:59:56.909044,205720,53.51,53.44,201,2400,-11945,2756
330,ALC,2020-03-20,0 days 15:56:59.368093,70072,43.2,43.13,100,2400,-486,1314
331,ALC,2020-03-20,0 days 15:59:08.681079,72289,43.3,43.22,700,967,124033,-917
332,ALK,2020-03-20,0 days 15:55:00.189997,212470,23.7,23.52,49,10,-2610,13829
333,ALK,2020-03-20,0 days 15:55:02.179834,211380,23.71,23.57,560,477,761,-139
334,ALK,2020-03-20,0 days 15:55:13.205836,212370,23.59,23.52,382,10,-8921,1525
335,ALK,2020-03-20,0 days 15:55:14.208798,201127,23.57,23.51,315,479,11343,-8921
336,ALK,2020-03-20,0 days 15:55:17.215630,211891,23.57,23.5,746,379,579,-9121
337,ALK,2020-03-20,0 days 15:55:26.239857,213109,23.56,23.51,547,262,-8487,2182
338,ALK,2020-03-20,0 days 15:55:27.240836,212496,23.56,23.51,547,362,613,-8487
339,ALK,2020-03-20,0 days 15:55:37.264057,212780,23.69,23.59,203,156,-916,113
340,ALK,2020-03-20,0 days 15:55:38.266869,212296,23.68,23.59,500,277,484,-916
341,ALK,2020-03-20,0 days 15:56:03.331409,212691,23.52,23.47,594,300,566,-9534
342,ALK,2020-03-20,0 days 15:56:14.354363,213552,23.7,23.59,200,465,-444,591
343,ALK,2020-03-20,0 days 15:56:15.356550,212996,23.7,23.59,400,407,556,-444
344,ALK,2020-03-20,0 days 15:56:45.427900,213323,23.8,23.72,26,1167,-10105,1391
345,ALK,2020-03-20,0 days 15:56:46.432167,212828,23.8,23.72,26,1167,495,-10105
346,ALK,2020-03-20,0 days 15:56:52.445754,213323,23.79,23.72,400,1773,-10221,12115
347,ALK,2020-03-20,0 days 15:56:53.447433,212944,23.79,23.72,400,1773,379,-10221
348,ALK,2020-03-20,0 days 15:58:17.646372,215752,23.68,23.66,100,52,-12584,1777
349,ALK,2020-03-20,0 days 15:58:18.660655,215236,23.69,23.66,300,52,516,-12584
350,ALK,2020-03-20,0 days 15:58:30.679768,215251,23.65,23.6,10,750,501,-11884
351,ALK,2020-03-20,0 days 15:58:35.690242,215752,23.65,23.6,102,947,-12499,1862
352,ALK,2020-03-20,0 days 15:58:41.713166,215752,23.65,23.62,1,400,-12499,15362
353,ALK,2020-03-20,0 days 15:59:03.758388,215754,23.68,23.64,422,800,-12997,1364
354,ALK,2020-03-20,0 days 15:59:13.785240,215754,23.68,23.65,208,200,-14231,830
355,ALL,2020-03-20,0 days 15:56:35.133754,1276127,73.58,73.43,400,2,4098,-602
356,ALL,2020-03-20,0 days 15:56:45.160190,1276350,73.89,73.72,400,1101,-1528,72
357,ALL,2020-03-20,0 days 15:56:46.160615,1272778,73.89,73.72,600,1015,3572,-1528
358,ALL,2020-03-20,0 days 15:56:50.169420,1276350,73.89,73.73,1100,958,-1238,8790
359,ALL,2020-03-20,0 days 15:56:51.172077,1271235,73.88,73.62,100,200,8890,-1238
360,ALL,2020-03-20,0 days 15:58:06.354879,1279330,73.93,73.72,100,332,-1676,5355
361,ALL,2020-03-20,0 days 15:58:07.355643,1274706,74.08,73.73,90,320,4624,-1676
362,ALL,2020-03-20,0 days 15:58:08.358358,1277136,74.32,73.81,550,325,-15030,4624
363,ALL,2020-03-20,0 days 15:58:09.361375,1271466,74.32,73.81,650,525,4000,-15030
364,ALL,2020-03-20,0 days 15:58:14.373015,1275180,74.31,73.88,101,509,-1286,4000
365,ALL,2020-03-20,0 days 15:58:15.375229,1272766,74.31,74.08,359,635,2414,-1286
366,ALL,2020-03-20,0 days 15:58:19.384863,1274138,74.47,74.3,15,444,-8658,2384
367,ALL,2020-03-20,0 days 15:58:20.388272,1273968,74.47,74.31,15,1121,170,-8658
368,ALL,2020-03-20,0 days 15:58:22.392223,1274138,74.63,74.5,251,16,-1030,2270
369,ALL,2020-03-20,0 days 15:58:23.395430,1273968,74.59,74.5,600,63,170,-1030
370,ALL,2020-03-20,0 days 15:58:27.404567,1275180,74.44,74.28,734,184,-5088,8112
371,ALL,2020-03-20,0 days 15:58:28.406985,1267068,74.44,74.28,1344,284,8112,-5088
372,ALL,2020-03-20,0 days 15:58:33.419241,1275466,74.14,73.94,1426,190,-11582,3883
373,ALL,2020-03-20,0 days 15:58:34.420963,1273048,74.14,73.94,1145,190,2272,-11582
374,ALL,2020-03-20,0 days 15:58:45.447306,1275320,74.13,73.96,395,1,-11828,3783
375,ALL,2020-03-20,0 days 15:58:46.450012,1272948,74.13,73.97,444,201,2376,-11828
376,ALL,2020-03-20,0 days 15:59:04.493716,1279334,73.99,73.71,502,536,-2624,2787
377,ALL,2020-03-20,0 days 15:59:05.499233,1264204,73.98,73.71,401,460,15130,-2624
378,ALL,2020-03-20,0 days 15:59:07.502057,1279334,73.94,73.71,658,892,-3701,3330
379,ALL,2020-03-20,0 days 15:59:08.504878,1276535,73.94,73.71,1358,892,10754,-3701
380,ALL,2020-03-20,0 days 15:59:18.530341,1301289,73.83,73.74,311,168,-3001,4030
381,ALL,2020-03-20,0 days 15:59:23.540104,1291562,73.95,73.76,88,79,9727,-3327
382,ALL,2020-03-20,0 days 15:59:26.549447,1301950,74.03,73.82,216,172,-8566,4334
383,ALL,2020-03-20,0 days 15:59:29.555589,1296388,74.09,73.83,689,750,1844,-7956
384,ALL,2020-03-20,0 days 16:00:00.626632,1299942,74.01,73.79,19700,103,-24846,5680
385,ALSN,2020-03-20,0 days 15:55:50.296852,137140,29.26,29.17,101,100,5584,-11616
386,ALSN,2020-03-20,0 days 15:55:51.300048,134724,29.26,29.17,221,200,-2416,5584
387,AMCR,2020-03-20,0 days 15:56:43.392464,4268341,7.33,7.32,6574,7002,-5119,306
388,AMCR,2020-03-20,0 days 15:56:44.394017,4248260,7.33,7.32,9309,5502,20081,-5119
389,AMCR,2020-03-20,0 days 15:58:15.614224,4245419,7.31,7.3,4711,10407,26305,-9695
390,AME,2020-03-20,0 days 15:55:01.085663,236549,64.54,64.41,200,200,1873,-14027
391,AME,2020-03-20,0 days 15:55:24.139034,240456,64.26,64.07,207,288,-28819,2531
392,AME,2020-03-20,0 days 15:59:08.681078,273692,63.73,63.48,1,700,3747,-801
393,AME,2020-03-20,0 days 15:59:30.732602,299821,63.7,63.59,334,1103,-12428,672
394,AME,2020-03-20,0 days 15:59:35.746590,312409,63.66,63.6,43,405,7102,-3938
395,AME,2020-03-20,0 days 15:59:36.745895,310811,63.66,63.61,243,143,-1441,7102
396,AME,2020-03-20,0 days 15:59:38.751619,312409,63.66,63.61,315,134,8902,-12638
397,AME,2020-03-20,0 days 15:59:39.754274,310811,63.66,63.61,415,157,-1441,8902
398,AME,2020-03-20,0 days 15:59:54.790071,302321,63.57,63.42,5023,1119,1200,-1967
399,AME,2020-03-20,0 days 15:59:57.796996,311354,63.52,63.36,4800,100,-1967,4438
400,AME,2020-03-20,0 days 15:59:58.798422,302321,63.36,63.34,4153,100,4438,-1967
401,AMH,2020-03-20,0 days 15:55:24.139095,252641,19.26,19.21,1989,300,-1383,817
402,AMH,2020-03-20,0 days 15:55:36.168937,254024,19.24,19.21,1000,315,17,-483
403,AMH,2020-03-20,0 days 15:56:23.285262,253492,19.24,19.21,600,400,-1292,908
404,AMH,2020-03-20,0 days 15:57:11.396889,255505,19.32,19.29,941,103,1347,-753
405,AMH,2020-03-20,0 days 15:57:12.399171,254652,19.31,19.28,300,300,-853,1347
406,AMH,2020-03-20,0 days 15:59:09.682341,266456,19.49,19.43,200,563,16964,-1068
407,AMH,2020-03-20,0 days 15:59:11.687154,266175,19.49,19.43,396,1349,-281,1319
408,AMH,2020-03-20,0 days 15:59:25.718487,267127,19.55,19.52,452,300,7681,-684
409,AMRX,2020-03-20,0 days 15:59:49.848269,311897,3.57,3.56,600,2957,-622,3164
410,AMRX,2020-03-20,0 days 15:59:50.849874,290521,3.57,3.56,900,410,21376,-622
411,AMRX,2020-03-20,0 days 15:59:59.870376,311897,3.58,3.57,3990,20186,-4723,16714
412,AMT,2020-03-20,0 days 15:50:11.212353,486263,195.84,195.59,75,550,1515,-1174
413,AMT,2020-03-20,0 days 15:55:00.908533,534723,194.6,194.21,75,75,-15308,2615
414,AMT,2020-03-20,0 days 15:55:10.930365,549980,193.72,193.37,75,2,133,-67
415,AMT,2020-03-20,0 days 15:55:18.950894,546213,192.7,192.5,200,2516,-906,2094
416,AMT,2020-03-20,0 days 15:55:48.019912,548019,192.68,192.46,75,152,2328,-1206
417,AMT,2020-03-20,0 days 15:55:49.022592,547047,192.68,192.46,81,97,-972,2328
418,AMT,2020-03-20,0 days 15:56:20.097359,549474,193.53,192.89,75,665,1773,-1327
419,AMT,2020-03-20,0 days 15:56:21.099233,548347,193.53,192.89,447,771,-1127,1773
420,AMT,2020-03-20,0 days 15:57:36.281218,553297,193.5,193.44,75,193,950,-1150
421,AMT,2020-03-20,0 days 15:57:37.283714,552147,193.51,193.45,1124,735,-1150,950
422,AMT,2020-03-20,0 days 15:57:39.287959,553297,193.47,193.38,300,100,1650,-850
423,AMT,2020-03-20,0 days 15:57:41.292178,552947,193.42,193.35,302,3,-350,2950
424,AMT,2020-03-20,0 days 15:57:47.306884,553297,193.34,193.09,1064,75,1550,-50
425,AMT,2020-03-20,0 days 15:57:48.309128,552947,193.34,193.09,1364,75,-350,1550
426,AMT,2020-03-20,0 days 15:58:27.404630,553307,194.33,194.0,100,10,1374,-1077
427,AMT,2020-03-20,0 days 15:58:28.407087,552381,194.29,193.81,75,126,-926,1374
428,AMT,2020-03-20,0 days 15:58:31.416212,553297,193.87,193.53,75,75,3484,-826
429,AMT,2020-03-20,0 days 15:58:32.417201,552781,193.78,193.55,75,75,-516,3484
430,AMT,2020-03-20,0 days 15:59:00.485629,553307,194.46,194.33,277,324,3280,-1571
431,AMT,2020-03-20,0 days 15:59:01.489224,552387,194.45,194.18,375,275,-920,3280
432,AMT,2020-03-20,0 days 15:59:07.502255,553307,194.41,194.17,409,209,1846,-705
433,AMT,2020-03-20,0 days 15:59:24.543164,585166,196.35,196.03,75,1015,-241,14823
434,AMT,2020-03-20,0 days 15:59:25.547812,583918,196.33,196.05,875,814,2011,-241
435,AMT,2020-03-20,0 days 15:59:28.552183,585929,196.13,196.03,151,200,-2589,311
436,AMT,2020-03-20,0 days 15:59:29.555773,581318,196.11,195.32,812,400,4711,-2589
437,AMT,2020-03-20,0 days 15:59:37.576250,585929,196.08,195.32,1246,946,-9389,7312
438,AMT,2020-03-20,0 days 15:59:38.578176,583818,195.87,195.47,75,573,2111,-9389
439,AMT,2020-03-20,0 days 15:59:39.582403,585929,195.85,195.57,75,275,-789,2111
440,AMT,2020-03-20,0 days 15:59:46.598075,588568,195.83,195.47,679,781,303,-1797
441,AMT,2020-03-20,0 days 15:59:47.600544,588871,195.83,195.47,1137,862,-1374,303
442,AMT,2020-03-20,0 days 15:59:50.609597,585694,195.79,195.47,482,304,3177,-1723
443,AMX,2020-03-20,0 days 15:59:16.101684,77533,12.09,12.08,2758,6244,-548,402
444,AMX,2020-03-20,0 days 15:59:17.102877,76581,12.09,12.08,6458,1700,852,-548
445,ANF,2020-03-20,0 days 15:56:02.718304,162026,8.75,8.74,494,1200,-369,367
446,ANF,2020-03-20,0 days 15:56:03.720614,160495,8.75,8.74,1294,800,1531,-369
447,ANF,2020-03-20,0 days 15:56:42.814966,160795,8.79,8.78,200,970,1231,-469
448,ANF,2020-03-20,0 days 15:58:05.015494,161950,8.74,8.73,403,1153,182,-318
449,ANF,2020-03-20,0 days 15:59:48.260250,161570,8.72,8.71,1701,531,242,-2558
450,ANTM,2020-03-20,0 days 15:59:08.705734,487771,193.38,192.55,120,485,-180,23580
451,ANTM,2020-03-20,0 days 15:59:09.706472,482892,193.38,192.55,120,684,5379,-180
452,ANTM,2020-03-20,0 days 15:59:19.726827,488371,193.01,192.45,758,711,-89071,4433
453,ANTM,2020-03-20,0 days 15:59:20.730933,519988,192.16,191.74,648,200,5483,-89071
454,ANTM,2020-03-20,0 days 15:59:21.732658,513971,192.2,191.74,986,400,-3718,5483
455,ANTM,2020-03-20,0 days 15:59:23.733926,515997,192.2,191.43,924,329,1774,-3718
456,ANTM,2020-03-20,0 days 15:59:24.736110,513971,192.2,191.45,924,300,-3292,1774
457,ANTM,2020-03-20,0 days 15:59:25.738948,514652,192.03,191.42,236,599,11,-3292
458,ANTM,2020-03-20,0 days 15:59:27.742785,513971,191.89,191.33,364,430,-2310,82
459,ANTM,2020-03-20,0 days 15:59:30.753614,514581,191.87,191.47,500,709,3247,-2310
460,AON,2020-03-20,0 days 15:56:41.814454,451736,150.14,149.85,278,575,-20207,4895
461,AON,2020-03-20,0 days 15:56:42.815025,449143,150.14,149.85,565,675,2593,-20207
462,AON,2020-03-20,0 days 15:56:52.839215,451736,150.09,149.84,512,100,-20267,4839
463,AON,2020-03-20,0 days 15:56:53.842212,449199,150.07,149.85,75,275,27639,-20267
464,AON,2020-03-20,0 days 15:58:14.037604,478174,149.98,149.54,346,375,-8985,4975
465,AON,2020-03-20,0 days 15:58:15.039216,473359,149.98,149.55,346,375,4815,-8985
466,AON,2020-03-20,0 days 15:58:18.045801,478174,149.98,149.55,795,1144,-8185,6115
467,AON,2020-03-20,0 days 15:58:19.049311,473359,149.9,149.61,46,75,4479,-8185
468,AON,2020-03-20,0 days 15:58:41.101840,477838,149.82,149.55,89,500,-8221,6079
469,AON,2020-03-20,0 days 15:58:42.104035,473059,149.9,149.56,75,275,4779,-8221
470,AON,2020-03-20,0 days 16:00:00.286619,482344,149.64,149.55,45700,1344,-7190,10734
471,AOS,2020-03-20,0 days 15:55:00.908347,230784,34.68,34.6,1,1303,-31578,62238
472,AOS,2020-03-20,0 days 15:55:01.908283,229662,34.67,34.6,648,1203,1122,-31578
473,AOS,2020-03-20,0 days 15:56:52.174106,231568,34.76,34.7,200,501,-7395,736
474,AOS,2020-03-20,0 days 15:57:14.229029,232183,34.58,34.56,1475,280,-3239,1561
475,AOS,2020-03-20,0 days 15:57:15.230249,231232,34.58,34.56,1375,200,951,-3239
476,AOS,2020-03-20,0 days 15:57:38.290212,232183,34.6,34.55,201,300,-139,789
477,AOS,2020-03-20,0 days 15:57:39.287935,231522,34.59,34.55,100,304,661,-139
478,AOS,2020-03-20,0 days 15:57:53.321550,231571,34.73,34.68,304,300,611,-489
479,AOS,2020-03-20,0 days 15:58:01.342147,232182,34.7,34.65,353,1100,-289,688
480,AOS,2020-03-20,0 days 15:58:02.345075,231571,34.71,34.66,110,400,611,-289
481,AOS,2020-03-20,0 days 15:58:05.351900,232507,34.78,34.68,399,836,-7118,936
482,AOS,2020-03-20,0 days 15:58:06.354938,231825,34.78,34.68,409,1836,682,-7118
483,AOS,2020-03-20,0 days 15:59:00.485604,232509,34.76,34.71,805,41,-6937,217
484,AOS,2020-03-20,0 days 15:59:04.493801,232146,34.75,34.69,524,453,363,-437
485,AOS,2020-03-20,0 days 15:59:18.530524,252580,34.75,34.73,100,307,-2223,1834
486,AOS,2020-03-20,0 days 15:59:19.532120,251075,34.77,34.73,420,307,1505,-2223
487,AOS,2020-03-20,0 days 15:59:56.621922,253830,34.9,34.72,334,6170,-27006,1624
488,APA,2020-03-20,0 days 15:55:00.566348,1253063,4.88,4.87,5819,2273,-79775,135319
489,APA,2020-03-20,0 days 15:55:01.569824,1244838,4.88,4.87,5577,4835,5525,-79775
490,APA,2020-03-20,0 days 15:56:09.735399,1277272,4.86,4.85,200,1300,-197805,71081
491,APA,2020-03-20,0 days 15:56:10.737012,1269277,4.84,4.82,3924,2748,7995,-197805
492,APA,2020-03-20,0 days 15:58:14.036168,1279326,4.84,4.83,900,3600,-246845,22041
493,APA,2020-03-20,0 days 15:58:15.037863,1277271,4.84,4.83,1200,3913,2055,-246845
494,APA,2020-03-20,0 days 15:58:44.106945,1277271,4.84,4.83,2001,2198,2055,-242245
495,APA,2020-03-20,0 days 15:59:02.151046,1278071,4.84,4.83,1396,1300,1560,-236140
496,APA,2020-03-20,0 days 15:59:03.153476,1279631,4.84,4.83,1984,2000,-7246,1560
497,APA,2020-03-20,0 days 15:59:04.155576,1278677,4.84,4.83,1884,4500,954,-7246
498,APA,2020-03-20,0 days 15:59:10.172354,1276339,4.84,4.83,2485,4591,-10803,762
499,APA,2020-03-20,0 days 15:59:11.173652,1276242,4.85,4.83,2000,3782,97,-10803
500,APA,2020-03-20,0 days 15:59:18.184771,1276487,4.85,4.84,4194,2914,-55,97
501,APA,2020-03-20,0 days 15:59:23.197526,1276242,4.84,4.83,4188,3121,245,-55
502,APA,2020-03-20,0 days 15:59:37.232226,1281042,4.84,4.83,1743,5554,188,-244212
503,APA,2020-03-20,0 days 15:59:43.248092,1281230,4.84,4.83,1134,900,-249212,262188
504,APH,2020-03-20,0 days 15:56:13.081261,658563,69.8,69.72,300,300,5043,-4857
505,APH,2020-03-20,0 days 15:56:18.093253,658563,69.78,69.7,168,501,16043,-5157
506,APH,2020-03-20,0 days 15:56:25.109937,663606,69.79,69.65,100,300,-5057,5943
507,APH,2020-03-20,0 days 15:56:26.111228,658563,69.79,69.65,200,300,5043,-5057
508,APH,2020-03-20,0 days 15:56:35.133787,663606,69.96,69.77,400,600,-4957,4743
509,APH,2020-03-20,0 days 15:56:36.136317,658563,69.96,69.77,400,600,5043,-4957
510,APHA,2020-03-20,0 days 15:57:17.521494,13858,2.52,2.51,59641,22341,-1511,1819
511,APLE,2020-03-20,0 days 15:56:02.344313,1042556,5.39,5.38,3989,14460,28910,-86250
512,APLE,2020-03-20,0 days 15:56:03.350580,1019666,5.4,5.39,7588,8800,-22750,28910
513,APLE,2020-03-20,0 days 15:57:12.513847,1044599,5.4,5.39,13819,4751,28649,-8328
514,APLE,2020-03-20,0 days 15:57:13.515996,1023348,5.39,5.38,5200,3799,-21111,28649
515,APLE,2020-03-20,0 days 15:59:19.812463,1069407,5.42,5.41,3234,3433,42256,-719
516,APLE,2020-03-20,0 days 15:59:20.816176,1064044,5.42,5.41,3534,3067,-4363,42256
517,APLE,2020-03-20,0 days 15:59:48.884296,1061786,5.41,5.4,7996,1092,-255,883
518,APLE,2020-03-20,0 days 15:59:59.911148,1061901,5.37,5.36,26284,32680,7389,-4113
519,APO,2020-03-20,0 days 15:58:50.125849,380836,26.98,26.95,300,336,15466,-56251
520,APO,2020-03-20,0 days 15:58:51.126407,366602,27.0,26.99,1112,400,-15234,15466
521,APO,2020-03-20,0 days 15:59:33.224202,370769,27.16,27.15,1200,300,-11067,9333
522,APO,2020-03-20,0 days 15:59:43.249751,381836,27.16,27.15,429,1377,9545,-236948
523,APO,2020-03-20,0 days 15:59:44.251903,373981,27.16,27.15,311,2077,-7855,9545
524,APRN,2020-03-20,0 days 15:56:12.349692,75781,9.79,9.72,1775,300,-742,6358
525,APRN,2020-03-20,0 days 15:56:13.351242,70023,9.78,9.74,1100,200,5758,-742
526,APRN,2020-03-20,0 days 15:56:20.368245,75781,9.91,9.79,1600,2423,-1342,12858
527,APRN,2020-03-20,0 days 15:56:21.370854,70123,9.91,9.79,1700,2323,5658,-1342
528,APRN,2020-03-20,0 days 15:56:28.387235,75781,9.8,9.79,100,1659,-1342,6358
529,APRN,2020-03-20,0 days 15:56:29.391152,70123,9.82,9.8,701,300,5658,-1342
530,APRN,2020-03-20,0 days 15:56:44.426003,75781,9.92,9.86,700,6888,-1342,6358
531,APRN,2020-03-20,0 days 15:56:45.427900,62423,9.92,9.86,500,675,13358,-1342
532,APRN,2020-03-20,0 days 15:56:49.437090,75781,9.92,9.84,466,300,-1342,6358
533,APRN,2020-03-20,0 days 15:56:50.440027,70123,9.92,9.84,466,300,5658,-1342
534,APRN,2020-03-20,0 days 15:57:22.513703,75781,9.83,9.8,63,15322,-2204,6370
535,APRN,2020-03-20,0 days 15:57:23.516224,70285,9.83,9.81,63,2,5496,-2204
536,APRN,2020-03-20,0 days 15:58:09.628602,70718,9.84,9.83,3943,19,5063,-3100
537,APRN,2020-03-20,0 days 15:58:24.669452,75781,9.9,9.86,9,726,-3574,6311
538,APRN,2020-03-20,0 days 15:58:25.667315,60470,9.92,9.9,100,300,15311,-3574
539,APRN,2020-03-20,0 days 15:58:35.690242,70355,9.88,9.86,100,326,5426,-3574
540,APRN,2020-03-20,0 days 15:59:13.785298,75781,9.88,9.82,100,297,-3574,6311
541,APRN,2020-03-20,0 days 15:59:14.788273,71655,9.88,9.82,100,597,4126,-3574
542,APRN,2020-03-20,0 days 15:59:24.809096,75781,9.9,9.85,765,564,-6374,3511
543,APRN,2020-03-20,0 days 15:59:25.811435,71755,9.9,9.85,765,574,4026,-6374
544,APTV,2020-03-20,0 days 15:55:12.513885,295403,44.67,44.52,5,21,-7941,11359
545,APTV,2020-03-20,0 days 15:55:13.516582,289444,44.64,44.41,561,102,5959,-7941
546,APTV,2020-03-20,0 days 15:56:24.687732,297413,43.92,43.89,1000,14,-21016,11250
547,APTV,2020-03-20,0 days 15:56:25.689894,290939,44.06,43.92,1,100,6474,-21016
548,APTV,2020-03-20,0 days 15:56:34.713275,297413,44.11,43.92,598,692,-21426,6474
549,APTV,2020-03-20,0 days 15:56:35.714306,290639,44.11,43.92,1298,706,6774,-21426
550,APTV,2020-03-20,0 days 15:56:55.762672,297313,44.29,44.22,2500,701,-23415,9992
551,APTV,2020-03-20,0 days 15:56:56.765135,290728,44.29,44.22,2700,401,6585,-23415
552,APTV,2020-03-20,0 days 15:57:04.785359,290753,44.37,44.3,1,200,6560,-23840
553,APTV,2020-03-20,0 days 15:57:12.805941,297313,44.51,44.34,1166,700,-24120,9667
554,APTV,2020-03-20,0 days 15:57:13.807142,290833,44.51,44.34,1319,740,6480,-24120
555,APTV,2020-03-20,0 days 15:57:21.826225,297213,44.51,44.49,1000,100,-24020,6380
556,APTV,2020-03-20,0 days 15:57:22.828176,257125,44.51,44.49,1200,200,40088,-24020
557,APTV,2020-03-20,0 days 15:57:25.835084,290733,44.6,44.49,138,320,6480,-24120
558,APTV,2020-03-20,0 days 15:57:50.895145,297213,44.55,44.53,832,1029,-24820,8888
559,APTV,2020-03-20,0 days 15:57:51.898092,290833,44.55,44.53,293,402,6380,-24820
560,APTV,2020-03-20,0 days 15:57:58.914464,297213,44.5,44.39,200,210,-24020,40788
561,APTV,2020-03-20,0 days 15:57:59.916935,290733,44.5,44.39,400,200,6480,-24020
562,APTV,2020-03-20,0 days 15:58:03.926831,297213,44.48,44.4,200,200,-32855,6245
563,APTV,2020-03-20,0 days 15:58:04.928963,290768,44.48,44.4,448,202,6445,-32855
564,APTV,2020-03-20,0 days 15:58:25.980718,291520,44.69,44.62,542,200,5593,-707
565,APTV,2020-03-20,0 days 15:58:40.015049,295606,45.23,45.16,1300,20,-43271,42709
566,APTV,2020-03-20,0 days 15:58:42.019748,291677,45.24,45.19,308,100,3929,-35271
567,APTV,2020-03-20,0 days 15:59:00.073379,296165,45.21,45.02,800,790,-27740,41268
568,APTV,2020-03-20,0 days 15:59:01.070272,256097,45.18,45.02,500,200,40068,-27740
569,APTV,2020-03-20,0 days 15:59:03.071654,296165,45.08,45.02,1048,500,-29640,6468
570,APTV,2020-03-20,0 days 15:59:04.074252,292944,45.08,45.02,200,459,3221,-29640
571,APTV,2020-03-20,0 days 15:59:09.086277,325244,45.12,45.05,207,533,6091,-1184
572,APTV,2020-03-20,0 days 15:59:15.100936,326572,45.27,45.11,300,624,5112,-3509
573,APTV,2020-03-20,0 days 15:59:29.132218,331684,45.28,45.25,174,774,-41891,55007
574,APTV,2020-03-20,0 days 15:59:30.138505,327675,45.28,45.25,1574,526,4009,-41891
575,APTV,2020-03-20,0 days 15:59:33.140121,331684,45.27,45.25,182,300,-41946,56152
576,APTV,2020-03-20,0 days 15:59:34.142850,326330,45.27,45.25,891,316,5354,-41946
577,APTV,2020-03-20,0 days 15:59:39.155477,346582,45.27,45.25,2217,325,-43048,55397
578,APTV,2020-03-20,0 days 15:59:40.158817,332023,45.13,44.81,2048,470,15115,-43048
579,AQUA,2020-03-20,0 days 15:55:11.219864,137386,8.18,8.17,500,2580,4250,-1699
580,AQUA,2020-03-20,0 days 15:55:12.222160,136236,8.18,8.17,600,2200,-1150,4250
581,AQUA,2020-03-20,0 days 15:55:17.232721,131536,8.18,8.17,1704,600,-576,4524
582,AQUA,2020-03-20,0 days 15:56:53.464086,131606,8.21,8.2,400,200,-506,4394
583,AQUA,2020-03-20,0 days 15:57:11.507182,132112,8.23,8.21,429,401,2105,-595
584,AQUA,2020-03-20,0 days 15:57:12.510337,131817,8.23,8.21,409,401,-295,2105
585,AQUA,2020-03-20,0 days 15:57:15.517058,132112,8.22,8.21,300,200,1017,-295
586,AQUA,2020-03-20,0 days 15:57:16.519907,131929,8.22,8.21,300,200,-183,1017
587,AQUA,2020-03-20,0 days 15:58:10.650668,131918,8.32,8.3,1400,540,-194,3206
588,AQUA,2020-03-20,0 days 15:59:16.811331,132512,8.33,8.31,1417,641,9067,-786
589,AQUA,2020-03-20,0 days 15:59:29.843624,132512,8.34,8.32,909,140,9076,-9377
590,AQUA,2020-03-20,0 days 15:59:30.847373,141388,8.34,8.31,3209,2717,-8377,9076
591,AQUA,2020-03-20,0 days 15:59:36.861625,137712,8.32,8.31,1200,405,10776,-1277
592,AQUA,2020-03-20,0 days 15:59:45.883508,137388,8.32,8.31,4401,1543,-324,1376
593,AQUA,2020-03-20,0 days 15:59:54.906196,132112,8.21,8.2,2782,2249,5699,-3801
594,AR,2020-03-20,0 days 15:55:00.908025,8046948,1.01,1.0,40747,3500,-803278,1962075
595,AR,2020-03-20,0 days 15:55:26.971359,8190662,0.96,0.95,7600,1400,-1510579,600636
596,AR,2020-03-20,0 days 15:55:27.972278,7590026,0.96,0.95,7800,1400,600636,-1510579
597,AR,2020-03-20,0 days 15:55:30.978802,8190662,0.96,0.95,200,1300,-1583279,600636
598,AR,2020-03-20,0 days 15:55:40.000331,7590026,0.96,0.95,2700,4000,600636,-1510579
599,AR,2020-03-20,0 days 15:55:49.022500,8190662,0.96,0.95,6100,4300,-1530579,600636
600,ARI,2020-03-20,0 days 15:56:12.659654,588443,6.92,6.9,3452,2838,-183668,15087
601,ARMK,2020-03-20,0 days 15:55:07.207669,581545,19.06,19.04,566,200,-30470,44039
602,ARMK,2020-03-20,0 days 15:55:08.209674,562215,19.06,19.0,21,3771,19370,-30470
603,ARMK,2020-03-20,0 days 15:55:10.215277,581585,19.06,19.0,280,3771,-3930,8270
604,ARMK,2020-03-20,0 days 15:55:11.219763,574415,19.06,19.0,1427,3771,7170,-3930
605,ARMK,2020-03-20,0 days 15:55:27.257212,582485,19.42,19.29,1628,200,-113303,11807
606,ARMK,2020-03-20,0 days 15:55:50.312707,491396,19.07,18.93,1728,100,93989,-57369
607,ARMK,2020-03-20,0 days 15:56:17.377736,593415,19.02,18.99,500,200,-13300,19337
608,ARMK,2020-03-20,0 days 15:56:18.379385,584315,19.0,18.99,200,214,9100,-13300
609,ARMK,2020-03-20,0 days 15:56:21.386617,592515,19.61,19.5,700,1500,-142949,15619
610,ARMK,2020-03-20,0 days 15:56:22.388870,590488,19.61,19.5,2247,1161,2027,-142949
611,ARMK,2020-03-20,0 days 15:56:58.477138,592515,19.49,19.46,1500,100,-57749,827
612,ARMK,2020-03-20,0 days 15:57:00.481137,590488,19.45,19.44,634,301,11984,-55559
613,ARMK,2020-03-20,0 days 15:57:13.512064,603372,19.34,19.25,300,400,-89954,2684
614,ARMK,2020-03-20,0 days 15:57:24.538617,603372,19.18,19.14,10725,396,-111275,88943
615,ARMK,2020-03-20,0 days 15:57:25.541305,518970,19.17,19.11,664,300,84402,-111275
616,ARMK,2020-03-20,0 days 15:59:53.904154,602959,19.35,19.26,918,502,-71433,59744
617,ARMK,2020-03-20,0 days 15:59:59.917443,600013,19.42,19.41,100,50300,-122711,47844
618,ARNC,2020-03-20,0 days 15:57:14.466805,959974,13.14,13.13,1698,1281,-17887,15813
619,ARNC,2020-03-20,0 days 15:58:25.638732,977861,13.29,13.28,551,2807,49933,-33067
620,ARNC,2020-03-20,0 days 15:58:26.641093,957594,13.3,13.29,16800,607,-20267,49933
621,ARNC,2020-03-20,0 days 15:58:40.674551,958094,13.35,13.34,11575,2374,-19881,50159
622,ARNC,2020-03-20,0 days 15:59:16.763711,977975,13.35,13.34,7337,1666,60992,-251
623,ARNC,2020-03-20,0 days 15:59:17.766152,968976,13.35,13.34,7364,1607,-8999,60992
624,ARNC,2020-03-20,0 days 15:59:28.793227,975094,13.35,13.34,11713,2537,-2881,7610
625,ARNC,2020-03-20,0 days 15:59:29.796665,977975,13.35,13.34,12013,2821,410,-2881
626,ARNC,2020-03-20,0 days 15:59:31.803205,976994,13.35,13.34,11659,2305,-981,12710
627,ARNC,2020-03-20,0 days 15:59:39.824196,973285,13.35,13.34,12083,1525,-4690,11910
628,AROC,2020-03-20,0 days 15:55:28.149200,184821,3.61,3.6,1140,1089,17508,-20792
629,AROC,2020-03-20,0 days 15:55:29.152309,183029,3.62,3.61,2797,500,-1792,17508
630,AROC,2020-03-20,0 days 15:57:10.394713,185021,3.61,3.6,5568,2831,58,-242
631,AROC,2020-03-20,0 days 15:57:15.406239,183736,3.61,3.6,6168,1994,-1316,3484
632,AROC,2020-03-20,0 days 15:59:18.704221,193005,3.65,3.64,6506,1411,72,-2528
633,AROC,2020-03-20,0 days 15:59:29.728604,193077,3.65,3.64,5105,2456,-623,72
634,ARR,2020-03-20,0 days 15:59:16.763830,285264,7.78,7.77,933,3135,15219,-19891
635,ARR,2020-03-20,0 days 15:59:17.766442,282783,7.78,7.77,655,3935,-2481,15219
636,ARR,2020-03-20,0 days 15:59:24.783187,285264,7.78,7.77,359,3101,863,-566
637,ARR,2020-03-20,0 days 15:59:25.787348,280313,7.78,7.77,344,3701,-4951,863
638,ARR,2020-03-20,0 days 15:59:59.870211,285264,7.78,7.77,5156,27297,17863,-12737
639,ATH,2020-03-20,0 days 15:51:31.648510,316328,16.59,16.55,204,600,-67620,15693
640,ATH,2020-03-20,0 days 15:51:36.661309,311474,16.64,16.6,737,537,-72474,9704
641,ATH,2020-03-20,0 days 15:51:46.684148,303670,16.7,16.66,1788,241,7604,-72674
642,ATH,2020-03-20,0 days 15:51:51.696948,299066,16.84,16.71,1909,107,-87714,2350
643,ATH,2020-03-20,0 days 15:52:44.821875,303670,16.72,16.71,1032,500,650,-82660
644,ATH,2020-03-20,0 days 15:56:17.329538,371318,16.82,16.81,1418,794,-2484,58616
645,ATH,2020-03-20,0 days 15:56:43.392152,380802,16.82,16.81,1226,1945,54916,-32362
646,ATH,2020-03-20,0 days 15:56:44.393609,377718,16.82,16.81,1218,1916,-3084,54916
647,ATH,2020-03-20,0 days 15:57:01.435656,380802,16.86,16.82,881,335,41066,-34366
648,ATH,2020-03-20,0 days 15:57:02.437445,377768,16.86,16.82,981,335,-3034,41066
649,ATH,2020-03-20,0 days 15:58:27.643884,371851,16.68,16.65,600,400,44630,-46902
650,ATH,2020-03-20,0 days 15:58:28.648516,371281,16.67,16.65,200,200,-570,44630
651,ATH,2020-03-20,0 days 15:58:50.698535,371081,16.67,16.66,199,837,-770,44630
652,ATH,2020-03-20,0 days 15:59:01.726252,379623,16.82,16.78,429,4,-2060,24840
653,ATH,2020-03-20,0 days 15:59:07.742455,371952,16.71,16.7,1900,100,46825,-56139
654,ATH,2020-03-20,0 days 15:59:08.744906,370927,16.71,16.7,293,453,-1025,46825
655,ATH,2020-03-20,0 days 15:59:15.762936,371952,16.71,16.7,742,860,532,-299
656,ATH,2020-03-20,0 days 15:59:16.763565,371034,16.71,16.7,740,861,-918,532
657,ATH,2020-03-20,0 days 15:59:30.800031,372064,16.71,16.7,1130,965,4120,-30
658,ATH,2020-03-20,0 days 15:59:33.807037,371734,16.71,16.7,1841,1340,-330,120
659,ATH,2020-03-20,0 days 15:59:58.867178,379064,16.75,16.71,3767,25385,18462,-83522
660,ATI,2020-03-20,0 days 15:55:01.571046,288368,6.35,6.34,4384,2367,-1348,10052
661,ATI,2020-03-20,0 days 15:55:08.589500,288968,6.34,6.33,5998,933,-748,1852
662,ATI,2020-03-20,0 days 15:55:23.624938,289716,6.34,6.33,3919,222,368,-497
663,ATI,2020-03-20,0 days 15:55:24.627202,289084,6.34,6.33,4119,223,-632,368
664,ATI,2020-03-20,0 days 15:57:42.960686,294462,6.31,6.3,1616,3609,-1254,1346
665,ATI,2020-03-20,0 days 15:59:24.200859,302212,6.29,6.28,700,826,-3685,99384
666,ATUS,2020-03-20,0 days 15:55:55.701900,1637057,19.08,19.03,206,800,-14067,14233
667,AU,2020-03-20,0 days 15:55:00.908347,372244,14.07,14.05,442,500,65438,-200483
668,AU,2020-03-20,0 days 15:55:01.908283,362482,14.08,14.06,365,549,-9762,65438
669,AU,2020-03-20,0 days 15:57:03.201219,371299,14.05,14.03,1402,100,36761,-5559
670,AU,2020-03-20,0 days 15:57:04.203203,364360,14.05,14.04,600,300,-6939,36761
671,AU,2020-03-20,0 days 15:57:29.263406,366519,14.06,14.04,300,800,-4780,420
672,AU,2020-03-20,0 days 15:59:13.518039,371758,14.02,14.0,500,300,386,-1664
673,AU,2020-03-20,0 days 15:59:18.530524,369194,14.01,13.99,100,420,-2564,6136
674,AU,2020-03-20,0 days 15:59:48.600473,371303,14.04,14.02,1100,700,-655,645
675,AU,2020-03-20,0 days 15:59:51.608137,371958,14.03,14.02,400,200,8310,-6005
676,AUY,2020-03-20,0 days 15:57:02.485385,4342188,2.62,2.61,208457,28598,200206,-157311
677,AUY,2020-03-20,0 days 15:57:03.487759,4334194,2.62,2.61,192423,67698,-7994,200206
678,AUY,2020-03-20,0 days 15:58:36.713601,4443410,2.62,2.61,111534,99623,-19378,77422
679,AVTR,2020-03-20,0 days 15:59:28.725987,532933,10.41,10.36,100,168,-20568,34461
680,AVTR,2020-03-20,0 days 15:59:29.728405,499454,10.4,10.35,922,432,41179,-20568
681,AVTR,2020-03-20,0 days 15:59:30.732092,540633,10.4,10.35,2647,1132,-4169,41179
682,AVTR,2020-03-20,0 days 15:59:37.752342,540633,10.39,10.35,400,400,-8921,23379
683,AVTR,2020-03-20,0 days 15:59:38.751258,537054,10.39,10.35,1002,400,3579,-8921
684,AVTR,2020-03-20,0 days 15:59:41.759053,540633,10.39,10.35,1206,1146,-3769,3579
685,AVTR,2020-03-20,0 days 15:59:42.760567,537402,10.39,10.35,4306,1246,3231,-3769
686,AVTR,2020-03-20,0 days 15:59:48.777248,540633,10.39,10.35,6446,1046,-8361,3231
687,AVTR,2020-03-20,0 days 15:59:49.778053,536340,10.39,10.35,5551,526,4293,-8361
688,AVYA,2020-03-20,0 days 15:55:00.083518,1378015,7.9,7.85,2200,1100,37623,-114148
689,AVYA,2020-03-20,0 days 15:55:07.098516,1364662,8.0,7.93,600,897,-47577,37623
690,AVYA,2020-03-20,0 days 15:55:34.163623,1379342,8.05,8.0,801,1200,43266,-11479
691,AVYA,2020-03-20,0 days 15:55:35.166177,1372708,8.05,8.0,1839,1100,-6622,43266
692,AVYA,2020-03-20,0 days 15:56:07.242589,1379274,8.02,7.98,2112,600,19072,-3296
693,AVYA,2020-03-20,0 days 15:56:08.244946,1379146,8.02,7.98,2012,600,-338,19072
694,AVYA,2020-03-20,0 days 15:56:22.278453,1379460,7.95,7.93,600,400,22024,-338
695,AVYA,2020-03-20,0 days 15:56:27.290631,1379448,7.94,7.92,1500,1000,2236,-1876
696,AVYA,2020-03-20,0 days 15:56:53.352801,1379472,7.97,7.95,401,147,14512,-7438
697,AVYA,2020-03-20,0 days 15:56:54.357778,1377884,7.97,7.95,501,547,-1576,14512
698,AVYA,2020-03-20,0 days 15:58:06.531202,1389585,8.07,8.05,700,300,8724,-37026
699,AVYA,2020-03-20,0 days 15:58:07.532124,1358981,8.08,8.06,1600,300,-30716,8724
700,AWK,2020-03-20,0 days 15:59:21.819366,426546,100.21,100.08,200,908,17,-1883
701,AWK,2020-03-20,0 days 15:59:22.819525,426563,100.15,100.08,100,1010,-1260,17
702,AWK,2020-03-20,0 days 15:59:31.845523,414477,100.12,100.09,792,473,12430,-1617
703,AWK,2020-03-20,0 days 15:59:32.845706,419407,100.23,100.1,503,90,-8416,12430
704,AWK,2020-03-20,0 days 15:59:45.879002,419433,100.3,100.23,400,540,-12638,10464
705,AWK,2020-03-20,0 days 15:59:51.891637,419380,100.73,100.72,1100,602,1274,-17263
706,AWK,2020-03-20,0 days 16:00:00.910176,420654,100.69,100.68,69,304,-15863,1274
707,AXL,2020-03-20,0 days 15:55:00.197002,1055338,3.07,3.06,3588,1256,-30521,222815
708,AXL,2020-03-20,0 days 15:55:10.215395,1076559,3.02,3.01,200,2020,2945,-5298
709,AXP,2020-03-20,0 days 15:59:51.891530,1250811,74.26,74.19,100,400,-28525,55534
710,AXP,2020-03-20,0 days 15:59:52.892586,1244395,74.23,74.14,1220,1200,7116,-28525
711,AXP,2020-03-20,0 days 15:59:55.899945,1250811,74.23,74.15,909,400,-17282,7116
712,AYX,2020-03-20,0 days 15:56:02.295081,49194,95.75,95.49,114,311,917,-713
713,AYX,2020-03-20,0 days 15:56:03.304749,48811,95.75,95.49,114,412,-383,917
714,AYX,2020-03-20,0 days 15:57:14.466924,48828,95.71,95.41,554,8,933,-267
715,AYX,2020-03-20,0 days 15:57:15.469340,48561,95.69,95.41,478,8,-267,933
716,AYX,2020-03-20,0 days 15:59:05.739646,55816,96.45,96.24,200,353,899,-440
717,AYX,2020-03-20,0 days 15:59:06.738505,53815,96.45,96.24,208,253,-2001,899
718,AYX,2020-03-20,0 days 15:59:32.804629,57070,96.38,96.19,1000,2,855,-287
719,AYX,2020-03-20,0 days 15:59:50.849651,56225,96.33,95.81,1658,100,-45,255
720,AYX,2020-03-20,0 days 15:59:56.863592,55067,96.33,95.69,1973,915,1178,-45
721,AZN,2020-03-20,0 days 15:55:00.485285,110875,39.55,39.54,598,700,-2049,61860
722,AZN,2020-03-20,0 days 15:55:01.486682,110124,39.52,39.49,400,1461,751,-2049
723,AZN,2020-03-20,0 days 15:55:04.494870,108424,39.51,39.5,698,1100,2451,-449
724,AZN,2020-03-20,0 days 15:55:21.535761,110875,39.53,39.51,426,600,-749,2451
725,AZN,2020-03-20,0 days 15:55:22.538492,110124,39.52,39.51,416,100,751,-749
726,AZN,2020-03-20,0 days 15:55:34.566944,112675,39.47,39.45,597,1000,-352,951
727,AZN,2020-03-20,0 days 15:55:35.569386,111827,39.47,39.45,797,900,848,-352
728,AZN,2020-03-20,0 days 15:55:43.589096,112775,39.48,39.47,100,700,-1074,1123
729,AZN,2020-03-20,0 days 15:55:44.592193,109652,39.48,39.46,1200,400,3123,-1074
730,AZN,2020-03-20,0 days 15:55:54.617119,111849,39.47,39.46,1200,200,926,-1074
731,AZN,2020-03-20,0 days 15:56:02.634403,112775,39.46,39.44,900,400,-4793,123
732,AZN,2020-03-20,0 days 15:56:03.637393,112468,39.45,39.44,715,800,307,-4793
733,AZN,2020-03-20,0 days 15:56:05.642610,112775,39.45,39.43,1403,1200,-2593,307
734,AZN,2020-03-20,0 days 15:56:06.644613,112168,39.45,39.44,1403,500,607,-2593
735,AZN,2020-03-20,0 days 15:56:12.659718,112365,39.47,39.46,1415,1687,410,-1590
736,AZN,2020-03-20,0 days 15:56:26.692368,112468,39.45,39.44,400,1100,307,-1993
737,AZN,2020-03-20,0 days 15:56:34.713308,110865,39.54,39.51,200,1061,210,-1290
738,AZN,2020-03-20,0 days 15:56:41.728714,111075,39.59,39.58,300,300,-1590,210
739,AZN,2020-03-20,0 days 15:56:49.747996,109635,39.54,39.53,200,200,1440,-360
740,AZN,2020-03-20,0 days 15:56:54.761184,111075,39.52,39.5,1209,200,-6160,240
741,AZN,2020-03-20,0 days 15:56:55.762699,111035,39.51,39.49,900,200,40,-6160
742,AZN,2020-03-20,0 days 15:56:56.765135,111075,39.5,39.49,300,100,-2960,40
743,AZN,2020-03-20,0 days 15:56:57.767578,110735,39.49,39.48,200,800,340,-2960
744,AZN,2020-03-20,0 days 15:57:01.778017,112775,39.46,39.45,500,700,-7194,309
745,AZN,2020-03-20,0 days 15:57:02.780889,112169,39.45,39.44,300,1498,606,-7194
746,AZN,2020-03-20,0 days 15:57:06.789481,113075,39.44,39.43,100,1950,-5539,761
747,AZN,2020-03-20,0 days 15:57:07.791978,112914,39.45,39.44,1203,748,161,-5539
748,AZN,2020-03-20,0 days 15:57:14.808447,113675,39.48,39.46,400,700,-1936,261
749,AZN,2020-03-20,0 days 15:57:15.816743,113311,39.47,39.46,300,222,364,-1936
750,AZN,2020-03-20,0 days 15:57:34.859668,113175,39.44,39.43,200,1400,-5939,2461
751,AZN,2020-03-20,0 days 15:57:35.861266,112714,39.45,39.43,600,1700,461,-5939
752,AZN,2020-03-20,0 days 15:57:54.904345,113575,39.42,39.41,400,1600,-5439,861
753,AZN,2020-03-20,0 days 15:57:55.907281,112514,39.42,39.41,1000,600,1061,-5439
754,AZN,2020-03-20,0 days 15:58:02.924729,113975,39.45,39.44,100,1600,-3985,1461
755,AZN,2020-03-20,0 days 15:58:03.926831,113560,39.46,39.45,400,1200,415,-3985
756,AZN,2020-03-20,0 days 15:58:07.937750,108121,39.46,39.44,800,700,5454,-5382
757,AZN,2020-03-20,0 days 15:58:09.941276,113575,39.46,39.45,400,920,-1446,2154
758,AZN,2020-03-20,0 days 15:58:10.943833,105924,39.46,39.44,400,1200,8051,-1446
759,AZN,2020-03-20,0 days 15:58:14.954345,113575,39.48,39.46,800,900,-772,1825
760,AZN,2020-03-20,0 days 15:58:18.963132,113673,39.5,39.48,300,800,-1374,2128
761,AZN,2020-03-20,0 days 15:58:19.965719,111847,39.5,39.48,600,1300,126,-1374
762,AZN,2020-03-20,0 days 15:58:47.032567,111847,39.49,39.47,700,500,1826,-1474
763,AZN,2020-03-20,0 days 15:59:29.132250,115232,39.49,39.48,500,1100,211,-1489
764,AZUL,2020-03-20,0 days 15:55:11.130704,38683,7.34,7.32,713,200,6509,-2446
765,AZUL,2020-03-20,0 days 15:55:12.134415,36892,7.42,7.36,200,300,-1546,6509
766,AZUL,2020-03-20,0 days 15:57:40.490775,38579,7.67,7.53,1000,500,607,-2026
767,AZUL,2020-03-20,0 days 15:57:41.492110,36786,7.67,7.53,1100,600,-1793,607
768,AZUL,2020-03-20,0 days 15:58:58.676991,36818,7.94,7.87,300,100,-1761,539
769,BA,2020-03-20,0 days 15:55:00.567948,1143981,95.82,95.77,73,87,-21422,19748
770,BA,2020-03-20,0 days 15:55:04.577750,1077336,95.66,95.56,202,200,83645,-3622
771,BA,2020-03-20,0 days 15:55:05.581528,1117381,95.65,95.54,300,300,-83622,83645
772,BA,2020-03-20,0 days 15:55:12.598191,1117381,95.7,95.61,172,267,-85422,1845
773,BA,2020-03-20,0 days 15:55:14.605071,1097384,95.66,95.59,200,400,82710,-6170
774,BA,2020-03-20,0 days 15:55:15.606349,1118994,95.61,95.54,2,400,-85274,82710
775,BA,2020-03-20,0 days 15:55:25.629554,1097384,95.61,95.51,264,200,82662,-4722
776,BA,2020-03-20,0 days 15:55:38.660627,1097684,95.74,95.62,873,125,82007,-5277
777,BA,2020-03-20,0 days 15:55:39.662726,1121391,95.64,95.54,300,150,-85077,82007
778,BA,2020-03-20,0 days 15:55:40.665678,1097684,95.57,95.5,300,1690,81607,-85077
779,BA,2020-03-20,0 days 15:55:42.670452,1121391,95.57,95.5,383,1341,-85177,2207
780,BA,2020-03-20,0 days 15:55:52.694335,1121491,95.61,95.48,1107,3,-87823,80001
781,BA,2020-03-20,0 days 15:55:55.702011,1115290,95.49,95.41,143,100,81001,-7423
782,BA,2020-03-20,0 days 15:56:11.741822,1115290,95.49,95.42,43,200,80503,-7404
783,BA,2020-03-20,0 days 15:56:12.749641,1121493,95.47,95.39,100,337,-87804,80503
784,BA,2020-03-20,0 days 15:56:23.769104,1114790,95.37,95.3,302,100,81503,-6904
785,BA,2020-03-20,0 days 15:56:30.789240,1102393,95.42,95.3,100,100,-148104,6403
786,BA,2020-03-20,0 days 15:56:43.817745,1115290,95.68,95.58,400,410,80903,-7521
787,BA,2020-03-20,0 days 15:56:44.819603,1121393,95.59,95.54,100,200,-87821,80903
788,BA,2020-03-20,0 days 15:56:45.822093,1115290,95.59,95.5,481,251,81103,-87821
789,BA,2020-03-20,0 days 15:56:46.824635,1121393,95.59,95.5,177,187,-87921,81103
790,BA,2020-03-20,0 days 15:57:16.897072,1121865,95.3,95.2,98,1413,-146123,6284
791,BA,2020-03-20,0 days 15:57:18.902089,1137619,95.25,95.12,514,300,60046,-7523
792,BA,2020-03-20,0 days 15:57:19.904179,1136165,95.25,95.11,550,428,-1454,60046
793,BA,2020-03-20,0 days 15:57:24.916447,1122065,95.14,95.07,459,100,-78654,6284
794,BA,2020-03-20,0 days 15:57:39.953279,1137629,95.07,95.03,600,50,4036,-73064
795,BA,2020-03-20,0 days 15:57:41.957533,1139565,95.07,95.01,529,3591,-4102,236
796,BA,2020-03-20,0 days 15:57:43.962398,1140267,95.07,95.01,729,3555,4298,-102
797,BA,2020-03-20,0 days 15:57:45.970653,1140165,95.08,95.03,616,200,-102,4598
798,BA,2020-03-20,0 days 15:57:48.978288,1140267,95.08,95.03,13,100,8098,-102
799,BA,2020-03-20,0 days 15:57:50.980303,1139565,95.08,95.02,113,611,-81502,89446
800,BA,2020-03-20,0 days 15:57:51.982033,1055319,95.07,95.01,102,691,89446,-81502
801,BA,2020-03-20,0 days 15:58:01.021848,1120465,95.14,95.07,1056,200,-83102,8046
802,BA,2020-03-20,0 days 15:58:07.019818,1133758,95.22,95.07,96,100,-6809,2391
803,BA,2020-03-20,0 days 15:58:10.026378,1140567,95.09,95.02,100,300,2691,-2109
804,BA,2020-03-20,0 days 15:58:11.028600,1138858,95.04,95.01,200,150,-1709,2691
805,BA,2020-03-20,0 days 15:58:12.031903,1055619,95.02,95.0,80,170899,83239,-1709
806,BA,2020-03-20,0 days 15:58:13.035577,1121158,95.11,95.01,6,100,-79109,83239
807,BA,2020-03-20,0 days 15:58:23.057901,1055619,95.06,95.04,200,102,87239,-2209
808,BA,2020-03-20,0 days 15:58:26.066576,1135758,95.1,95.03,1199,218,-81909,25149
809,BA,2020-03-20,0 days 15:58:29.076914,1056719,95.08,95.01,340,1,88949,-609
810,BA,2020-03-20,0 days 15:58:30.077276,1121158,95.06,95.0,402,164246,-96609,88949
811,BA,2020-03-20,0 days 15:58:31.081009,1056800,95.03,95.0,300,161014,83068,-96609
812,BA,2020-03-20,0 days 15:58:38.093965,1056800,95.03,95.0,65,159628,83568,-1390
813,BA,2020-03-20,0 days 15:58:39.099283,1121258,95.03,95.0,166,157642,-96490,83568
814,BA,2020-03-20,0 days 15:58:40.099920,1056800,95.03,95.0,211,150458,83068,-96490
815,BA,2020-03-20,0 days 15:58:41.101840,1121268,95.03,95.0,1352,141724,-79080,83068
816,BA,2020-03-20,0 days 15:58:45.113286,1141748,95.06,95.01,538,300,17110,-1990
817,BA,2020-03-20,0 days 15:58:47.114680,1140265,95.05,95.01,885,31,-77483,83568
818,BA,2020-03-20,0 days 15:58:48.117415,1056800,95.05,95.02,784,100,83565,-77483
819,BA,2020-03-20,0 days 15:58:51.126381,1056800,95.06,95.0,720,136973,83575,-77683
820,BA,2020-03-20,0 days 15:58:56.136856,1140265,95.06,95.02,700,321,-77733,7565
821,BA,2020-03-20,0 days 15:59:06.163049,1140265,95.07,95.03,701,100,-78336,6972
822,BA,2020-03-20,0 days 15:59:07.165616,1057403,95.05,95.0,200,104064,82972,-78336
823,BA,2020-03-20,0 days 15:59:08.169097,1140365,95.05,95.0,712,109605,-79136,82972
824,BA,2020-03-20,0 days 15:59:10.173374,1057403,95.03,95.0,300,105989,87994,-2226
825,BA,2020-03-20,0 days 15:59:15.185921,1142706,95.04,95.01,200,59,2581,-78919
826,BA,2020-03-20,0 days 15:59:27.210706,1145503,95.01,95.0,1688,72274,-20013,6186
827,BABA,2020-03-20,0 days 15:57:02.465464,2456798,180.25,180.18,800,755,159400,-339490
828,BABA,2020-03-20,0 days 15:58:53.733819,2507906,181.46,181.38,200,584,-20922,181378
829,BABA,2020-03-20,0 days 15:58:55.739273,2501828,181.51,181.44,600,600,1379,-2121
830,BABA,2020-03-20,0 days 15:59:01.754512,2508179,181.37,181.31,100,401,-22449,102951
831,BABA,2020-03-20,0 days 15:59:04.760726,2513728,181.3,181.15,200,300,97847,-4226
832,BABA,2020-03-20,0 days 15:59:08.772314,2511402,181.37,181.31,244,1179,-21126,80947
833,BABA,2020-03-20,0 days 15:59:09.775468,2514928,181.32,181.23,200,300,96139,-21126
834,BABA,2020-03-20,0 days 15:59:11.778535,2510894,181.38,181.32,100,400,-55845,46228
835,BABA,2020-03-20,0 days 15:59:15.789024,2519139,181.17,181.15,882,100,198365,-5562
836,BABA,2020-03-20,0 days 15:59:24.808424,2516755,181.32,181.28,61,400,-48084,51437
837,BABA,2020-03-20,0 days 15:59:31.828804,2524895,181.34,181.27,400,650,92699,-4839
838,BABA,2020-03-20,0 days 15:59:32.829918,2517694,181.33,181.3,700,100,-48601,92699
839,BABA,2020-03-20,0 days 15:59:33.833739,2525095,181.33,181.29,700,251,92499,-48601
840,BABA,2020-03-20,0 days 15:59:38.845104,2519550,181.37,181.29,108,1503,-47745,52155
841,BABA,2020-03-20,0 days 15:59:41.854228,2529195,181.32,181.25,660,547,90419,-8045
842,BABA,2020-03-20,0 days 15:59:42.856188,2519441,181.39,181.33,100,600,-50854,90419
843,BAC,2020-03-20,0 days 15:56:12.659752,13354765,19.66,19.65,14462,2300,13572,-9128
844,BAC,2020-03-20,0 days 15:56:30.702871,13366215,19.69,19.68,2900,4826,-11650,15317
845,BAC,2020-03-20,0 days 15:56:39.724332,13282214,19.71,19.7,5561,9446,6031,-35791
846,BAC,2020-03-20,0 days 15:56:41.728803,13251104,19.78,19.77,4900,7686,-44110,4161
847,BAC,2020-03-20,0 days 15:56:42.731002,13245914,19.78,19.77,2700,6500,5190,-44110
848,BAC,2020-03-20,0 days 15:56:43.733592,13251104,19.78,19.77,2300,5871,-1110,5190
849,BAC,2020-03-20,0 days 15:56:44.735635,13250328,19.78,19.77,10626,385,776,-1110
850,BAC,2020-03-20,0 days 15:57:03.782645,13349325,19.69,19.68,10034,2824,-4730,13270
851,BAC,2020-03-20,0 days 15:57:04.785386,13341018,19.68,19.67,3699,10226,8307,-4730
852,BAC,2020-03-20,0 days 15:58:06.934540,13559032,19.65,19.64,3100,8126,-15615,47311
853,BAC,2020-03-20,0 days 15:58:07.937779,13570547,19.63,19.62,8826,5900,72211,-15615
854,BAC,2020-03-20,0 days 15:58:49.036105,13568137,19.69,19.68,2310,5926,-2510,72235
855,BAC,2020-03-20,0 days 15:58:51.041857,13530796,19.69,19.68,7800,1200,19490,-20510
856,BAC,2020-03-20,0 days 15:59:03.071752,13506962,19.7,19.69,7862,4745,-48333,35591
857,BAC,2020-03-20,0 days 15:59:05.078108,13497892,19.68,19.67,8582,6208,50734,-42390
858,BAC,2020-03-20,0 days 15:59:09.086354,13525953,19.67,19.66,10676,9644,-12790,30710
859,BAC,2020-03-20,0 days 15:59:10.090186,13518343,19.66,19.65,10955,6406,7610,-12790
860,BAM,2020-03-20,0 days 15:50:29.542900,10832,38.7,38.67,1600,3,-7387,2066
861,BAM,2020-03-20,0 days 15:50:50.592899,8766,38.75,38.72,100,300,2066,-7387
862,BAM,2020-03-20,0 days 15:50:56.607090,10832,38.75,38.73,698,300,-7387,2066
863,BAM,2020-03-20,0 days 15:51:01.619301,8766,38.81,38.77,200,1474,2066,-7387
864,BAM,2020-03-20,0 days 15:51:03.624617,10832,38.88,38.8,200,718,-7387,2066
865,BAM,2020-03-20,0 days 15:51:05.629747,8766,38.95,38.84,500,1100,2066,-7387
866,BAM,2020-03-20,0 days 15:51:06.631315,10832,38.95,38.85,800,519,-7387,2066
867,BAM,2020-03-20,0 days 15:51:15.653041,8766,38.79,38.78,112,100,2066,-7387
868,BAM,2020-03-20,0 days 15:51:16.655708,10832,38.81,38.78,100,297,-7387,2066
869,BAM,2020-03-20,0 days 15:51:18.659685,8766,38.83,38.8,232,36,2066,-7387
870,BAM,2020-03-20,0 days 15:52:46.870018,10832,38.58,38.54,180,300,-7254,2066
871,BAM,2020-03-20,0 days 15:53:01.906361,8766,38.53,38.5,700,174,2066,-7254
872,BAM,2020-03-20,0 days 15:53:03.911365,10832,38.5,38.44,520,500,-7254,2066
873,BAM,2020-03-20,0 days 15:53:53.028604,8766,38.45,38.4,2227,200,2066,-7254
874,BAM,2020-03-20,0 days 15:53:57.038371,10832,38.43,38.38,707,200,-7254,2066
875,BAM,2020-03-20,0 days 15:54:05.057758,8766,38.45,38.4,720,1100,2066,-7254
876,BAM,2020-03-20,0 days 15:55:03.198500,16394,38.47,38.43,398,600,-5531,7469
877,BAM,2020-03-20,0 days 15:55:04.202267,15725,38.47,38.44,300,300,669,-5531
878,BAM,2020-03-20,0 days 15:55:05.202686,16394,38.49,38.45,400,200,-9291,669
879,BAM,2020-03-20,0 days 15:55:53.319484,16292,38.34,38.3,1114,402,2602,-191
880,BAM,2020-03-20,0 days 15:56:38.427681,16594,38.27,38.24,200,200,-7598,1269
881,BAM,2020-03-20,0 days 15:56:44.442647,9125,38.38,38.29,300,400,8669,-198
882,BAM,2020-03-20,0 days 15:56:57.474534,16494,38.38,38.37,1252,74,-11091,669
883,BAM,2020-03-20,0 days 15:57:01.483448,17992,38.33,38.31,100,31,2502,-391
884,BAM,2020-03-20,0 days 15:57:23.536151,16423,38.62,38.54,25,300,-10550,1110
885,BAM,2020-03-20,0 days 15:57:41.579759,9913,38.65,38.59,300,900,10910,-650
886,BAM,2020-03-20,0 days 15:57:58.620685,16723,38.64,38.6,300,47,-11050,610
887,BAM,2020-03-20,0 days 15:58:04.635003,15123,38.66,38.61,100,1800,-11250,510
888,BAM,2020-03-20,0 days 15:58:11.652598,15123,38.68,38.62,100,400,-10510,510
889,BAM,2020-03-20,0 days 15:58:14.659044,9913,38.66,38.6,300,200,10610,-610
890,BAM,2020-03-20,0 days 15:59:00.773360,15223,38.61,38.58,200,500,-10710,910
891,BAM,2020-03-20,0 days 15:59:02.783358,9913,38.65,38.61,200,600,10510,-510
892,BAM,2020-03-20,0 days 15:59:08.794286,10013,38.66,38.63,200,400,5110,-6010
893,BAM,2020-03-20,0 days 15:59:09.794429,15023,38.66,38.64,300,200,-10810,5110
894,BAM,2020-03-20,0 days 15:59:33.853738,22721,38.82,38.74,17,200,274,-1252
895,BAM,2020-03-20,0 days 15:59:34.857102,22195,38.81,38.74,171,100,-426,274
896,BAM,2020-03-20,0 days 15:59:35.859649,10213,38.83,38.79,300,700,11982,-426
897,BAM,2020-03-20,0 days 15:59:37.864313,16595,38.88,38.73,952,400,-6126,6782
898,BAM,2020-03-20,0 days 15:59:41.875164,16595,38.85,38.75,340,404,-6126,12182
899,BAM,2020-03-20,0 days 15:59:45.883568,9913,38.77,38.65,300,100,12482,-126
900,BAM,2020-03-20,0 days 16:00:00.916641,9913,38.71,38.64,36661,4600,11182,-735
901,BAX,2020-03-20,0 days 15:59:17.723861,1200592,75.25,75.18,200,161,164889,-150714
902,BBD,2020-03-20,0 days 15:57:11.460370,1494913,3.78,3.77,131781,82800,-21163,46037
903,BBD,2020-03-20,0 days 15:57:34.515996,1516076,3.77,3.76,112973,84804,2976,-2924
904,BBD,2020-03-20,0 days 15:57:35.518237,1497052,3.77,3.76,139229,110704,-19024,2976
905,BBD,2020-03-20,0 days 15:57:42.534952,1516076,3.77,3.76,109050,116499,3176,-824
906,BBD,2020-03-20,0 days 15:57:43.536701,1500052,3.77,3.76,112350,112599,-16024,3176
907,BBD,2020-03-20,0 days 15:58:39.672826,1499102,3.77,3.76,172590,121905,-16974,18126
908,BBD,2020-03-20,0 days 15:59:41.828148,1565894,3.78,3.77,177817,33800,19163,-44604
909,BBD,2020-03-20,0 days 15:59:42.835127,1552557,3.78,3.77,201017,32700,-13337,19163
910,BBD,2020-03-20,0 days 15:59:46.839888,1554496,3.77,3.76,196480,101369,-11398,25102
911,BBL,2020-03-20,0 days 15:57:38.485377,106583,24.96,24.95,2000,1000,143,-257
912,BBL,2020-03-20,0 days 15:57:49.513361,107026,24.99,24.98,1900,500,-1143,343
913,BBL,2020-03-20,0 days 15:57:50.515605,106583,24.98,24.97,300,2601,343,-1143
914,BBL,2020-03-20,0 days 15:57:51.516777,107026,24.98,24.97,1680,801,-1131,343
915,BBL,2020-03-20,0 days 15:59:13.717333,108440,25.03,25.02,600,1303,2298,-1326
916,BBL,2020-03-20,0 days 15:59:14.718796,100038,25.03,25.02,1415,40,-8402,2298
917,BBL,2020-03-20,0 days 15:59:27.742510,108440,25.01,25.0,854,823,434,-297
918,BBL,2020-03-20,0 days 15:59:30.753202,100699,25.01,25.0,742,1124,-7741,1959
919,BBL,2020-03-20,0 days 15:59:43.784064,108440,24.99,24.98,1922,756,321,-179
920,BBL,2020-03-20,0 days 15:59:48.791770,106761,24.97,24.96,1686,700,-1396,421
921,BBL,2020-03-20,0 days 15:59:58.815059,108157,24.9,24.89,1410,900,1546,-667
922,BBY,2020-03-20,0 days 15:55:08.124003,444470,52.39,52.38,700,232,-2243,15430
923,BBY,2020-03-20,0 days 15:55:15.140708,446188,52.31,52.28,266,2600,-19916,17855
924,BBY,2020-03-20,0 days 15:55:18.148003,446188,52.29,52.28,756,1603,-545,16955
925,BBY,2020-03-20,0 days 15:55:39.200195,448687,52.31,52.28,1100,850,16875,-2496
926,BBY,2020-03-20,0 days 15:55:40.201858,448062,52.29,52.28,100,850,-625,16875
927,BBY,2020-03-20,0 days 15:55:51.229993,448687,52.29,52.28,1535,888,16875,-2496
928,BBY,2020-03-20,0 days 15:55:52.231375,448062,52.3,52.28,39,888,-625,16875
929,BBY,2020-03-20,0 days 15:56:51.374253,449140,52.5,52.47,200,427,-1284,16616
930,BBY,2020-03-20,0 days 15:56:55.383355,469095,52.27,52.26,100,300,2527,-20355
931,BBY,2020-03-20,0 days 15:56:56.384368,466522,52.28,52.26,109,161,-2573,2527
932,BBY,2020-03-20,0 days 15:56:58.389656,469098,52.27,52.17,813,400,158,-2473
933,BBY,2020-03-20,0 days 15:56:59.393350,466756,52.27,52.17,710,400,-2242,158
934,BBY,2020-03-20,0 days 15:57:24.452316,451178,52.16,52.11,1327,487,-18818,201
935,BBY,2020-03-20,0 days 15:57:29.463835,449727,52.12,52.11,31,1377,17301,-1668
936,BBY,2020-03-20,0 days 15:57:35.478059,451228,52.13,52.12,2080,2356,-1399,201
937,BBY,2020-03-20,0 days 15:57:36.481406,451027,52.13,52.12,50,2291,201,-1399
938,BBY,2020-03-20,0 days 15:57:41.492048,449727,52.13,52.12,324,1744,17301,-18718
939,BBY,2020-03-20,0 days 15:57:42.495199,451178,52.15,52.12,333,1744,-18818,17301
940,BBY,2020-03-20,0 days 15:57:45.501556,449727,52.13,52.12,507,400,17301,-1718
941,BBY,2020-03-20,0 days 15:58:01.547207,451178,52.15,52.11,520,556,-18818,15701
942,BBY,2020-03-20,0 days 15:58:10.564547,468696,52.14,52.13,277,367,3582,-2242
943,BBY,2020-03-20,0 days 15:58:11.565355,466978,52.19,52.13,500,167,-1718,3582
944,BBY,2020-03-20,0 days 15:58:16.577761,449256,52.21,52.17,2,985,-19642,9929
945,BBY,2020-03-20,0 days 15:58:40.635130,451238,52.01,52.0,114,219,-18586,183
946,BBY,2020-03-20,0 days 15:58:41.643550,468524,52.0,51.96,1,431,134,-18586
947,BBY,2020-03-20,0 days 15:58:47.652031,468524,51.94,51.88,507,700,337,-1563
948,BBY,2020-03-20,0 days 15:58:48.659118,467161,51.94,51.88,407,600,-1363,337
949,BBY,2020-03-20,0 days 15:58:54.668881,454961,51.97,51.93,544,200,-25563,18228
950,BBY,2020-03-20,0 days 15:58:55.670313,449755,52.02,51.98,404,400,17306,-25563
951,BBY,2020-03-20,0 days 15:58:56.673122,454961,52.02,51.92,4,200,-18163,17306
952,BBY,2020-03-20,0 days 15:59:01.686910,468524,51.91,51.87,136,400,417,-1363
953,BBY,2020-03-20,0 days 15:59:02.689201,467641,51.92,51.89,200,300,-283,417
954,BBY,2020-03-20,0 days 15:59:06.701663,455041,51.95,51.92,317,983,-13483,17886
955,BBY,2020-03-20,0 days 15:59:07.702746,468424,51.89,51.88,100,300,6639,-13483
956,BBY,2020-03-20,0 days 15:59:19.726567,489170,52.04,51.94,212,1679,-1487,854
957,BCE,2020-03-20,0 days 15:56:58.428756,15789,35.98,35.95,200,300,1387,-248
958,BCE,2020-03-20,0 days 15:56:59.430072,15576,35.99,35.96,800,900,-213,1387
959,BCE,2020-03-20,0 days 15:59:10.749484,15771,35.91,35.89,100,300,105,-195
960,BCE,2020-03-20,0 days 15:59:11.751216,15676,35.91,35.9,100,600,-101,105
961,BCE,2020-03-20,0 days 15:59:27.790352,16803,35.97,35.96,400,203,373,-827
962,BCE,2020-03-20,0 days 15:59:28.793227,16576,35.99,35.96,300,303,-227,373
963,BCS,2020-03-20,0 days 15:55:37.283523,67805,4.02,4.01,37844,39915,-16047,17053
964,BCS,2020-03-20,0 days 15:55:38.285378,50752,4.02,4.01,47054,20878,17053,-16047
965,BCS,2020-03-20,0 days 15:56:36.427712,67805,4.01,4.0,56497,53499,-20147,19453
966,BCS,2020-03-20,0 days 15:56:37.427332,48352,4.01,4.0,56197,53366,19453,-20147
967,BCS,2020-03-20,0 days 15:59:01.769676,68005,4.0,3.99,55019,38718,-11411,14789
968,BCS,2020-03-20,0 days 15:59:02.781171,66816,4.0,3.99,52519,50378,1189,-11411
969,BDN,2020-03-20,0 days 15:56:01.051434,293518,8.09,8.08,2200,205,-546,21154
970,BDN,2020-03-20,0 days 15:56:03.056058,282680,8.05,8.03,2100,1300,11038,-2688
971,BDX,2020-03-20,0 days 15:59:47.600544,458310,220.65,219.93,203,627,-34,8615
972,BDX,2020-03-20,0 days 15:59:48.600560,456144,220.65,219.93,1248,436,2166,-34
973,BE,2020-03-20,0 days 15:59:10.777584,161936,4.0,3.98,9,3920,4479,-3121
974,BE,2020-03-20,0 days 15:59:22.803931,165815,4.08,4.05,1136,2564,-2738,30015
975,BE,2020-03-20,0 days 15:59:23.806174,159753,4.08,4.05,1236,2564,6062,-2738
976,BEN,2020-03-20,0 days 15:55:12.598103,1522596,16.77,16.76,195,504,-19001,999
977,BEN,2020-03-20,0 days 15:55:13.602713,1504720,16.77,16.75,1195,2135,18976,-19001
978,BEN,2020-03-20,0 days 15:55:21.620069,1524696,16.75,16.72,920,1400,-16737,185234
979,BEN,2020-03-20,0 days 15:55:22.624407,1506633,16.75,16.72,1520,2049,18063,-16737
980,BEN,2020-03-20,0 days 15:55:38.660603,1520468,16.86,16.84,400,3549,-25532,177280
981,BEN,2020-03-20,0 days 15:55:39.662692,1503289,16.86,16.84,1109,7749,17179,-25532
982,BEN,2020-03-20,0 days 15:58:27.069271,1531349,16.88,16.86,1000,2338,-40737,168354
983,BEN,2020-03-20,0 days 15:58:28.070372,1515186,16.88,16.86,800,2348,16163,-40737
984,BERY,2020-03-20,0 days 15:51:05.341246,114693,29.84,29.83,500,200,-204,496
985,BERY,2020-03-20,0 days 15:53:21.666757,114693,29.84,29.81,195,200,-204,496
986,BERY,2020-03-20,0 days 15:54:11.786121,114693,29.94,29.9,200,500,-204,1143
987,BERY,2020-03-20,0 days 15:55:00.908533,129577,30.09,30.03,544,200,1196,-2771
988,BERY,2020-03-20,0 days 15:55:02.910331,129073,30.07,30.01,581,605,-504,1196
989,BERY,2020-03-20,0 days 15:55:58.045184,128199,29.94,29.92,278,100,907,-493
990,BERY,2020-03-20,0 days 15:55:59.046879,127806,29.96,29.94,200,300,-393,907
991,BERY,2020-03-20,0 days 15:57:42.295393,134093,29.99,29.97,499,100,1793,-617
992,BERY,2020-03-20,0 days 15:57:43.297181,133486,29.98,29.96,400,100,-607,1793
993,BERY,2020-03-20,0 days 15:58:19.384979,134093,30.05,30.03,356,400,244,-607
994,BERY,2020-03-20,0 days 15:58:20.388370,133937,30.05,30.03,356,300,-156,244
995,BERY,2020-03-20,0 days 15:58:39.433343,132713,29.95,29.92,300,400,1264,-176
996,BERY,2020-03-20,0 days 15:58:41.437688,133237,30.05,29.99,200,600,-876,564
997,BERY,2020-03-20,0 days 15:59:13.518127,134113,30.03,30.02,1105,400,28839,-76
998,BERY,2020-03-20,0 days 15:59:30.561329,163872,30.12,30.1,1100,700,-1141,2488
999,BERY,2020-03-20,0 days 15:59:31.562356,156036,30.12,30.1,1322,300,7836,-1141
1000,BEST,2020-03-20,0 days 15:55:00.083510,150104,5.05,5.04,11301,3700,-14655,91256
1001,BEST,2020-03-20,0 days 15:55:01.085727,145759,5.05,5.04,11301,3263,3145,-14655
1002,BEST,2020-03-20,0 days 15:55:11.107686,150104,5.05,5.04,11901,3267,-5855,4345
1003,BEST,2020-03-20,0 days 15:55:12.109870,146659,5.05,5.04,11901,2967,3445,-5855
1004,BEST,2020-03-20,0 days 15:59:12.689897,163959,5.07,5.06,400,5697,3931,-3469
1005,BFAM,2020-03-20,0 days 15:55:00.111321,50497,84.0,83.86,860,1177,16287,-11019
1006,BFAM,2020-03-20,0 days 15:56:55.383419,47984,84.0,83.88,566,8,-2913,3087
1007,BFAM,2020-03-20,0 days 15:56:59.393386,50897,84.0,83.88,403,11,287,-313
1008,BFAM,2020-03-20,0 days 15:57:13.426604,51259,84.0,83.89,191,286,-1546,162
1009,BFAM,2020-03-20,0 days 15:57:36.481489,52359,84.0,83.93,800,1231,-146,354
1010,BFAM,2020-03-20,0 days 15:58:04.548723,65897,84.08,84.07,1100,511,80,-1485
1011,BFAM,2020-03-20,0 days 15:58:07.556794,64777,84.21,84.08,462,186,-1120,80
1012,BFAM,2020-03-20,0 days 15:58:35.623326,65904,84.08,84.03,848,100,423,-2506
1013,BFAM,2020-03-20,0 days 15:58:37.627613,65027,84.08,84.03,848,106,-877,2323
1014,BFAM,2020-03-20,0 days 15:58:58.676991,56933,83.92,83.79,2550,387,248,-1552
1015,BFAM,2020-03-20,0 days 15:59:04.694819,57181,83.91,83.79,403,1187,-152,348
1016,BFAM,2020-03-20,0 days 15:59:05.703630,56933,83.91,83.79,793,587,248,-152
1017,BFAM,2020-03-20,0 days 15:59:30.753356,69009,83.89,83.88,559,236,-5246,7891
1018,BFAM,2020-03-20,0 days 15:59:35.768728,68630,84.07,83.89,420,910,432,-2368
1019,BFAM,2020-03-20,0 days 15:59:38.771257,68908,84.07,83.9,378,793,-15301,432
1020,BFAM,2020-03-20,0 days 15:59:39.773264,57230,83.9,83.89,600,301,11832,-15301
1021,BFAM,2020-03-20,0 days 15:59:46.792405,61956,84.05,83.9,810,1021,7106,-17227
1022,BFAM,2020-03-20,0 days 15:59:49.793589,68908,84.05,84.0,400,100,-15227,506
1023,BFAM,2020-03-20,0 days 15:59:55.810514,63256,83.96,83.95,201,179,5806,-5385
1024,BG,2020-03-20,0 days 15:59:34.568794,386718,31.94,31.83,100,436,2913,-6326
1025,BG,2020-03-20,0 days 15:59:35.572014,383231,31.9,31.78,300,846,-3487,2913
1026,BG,2020-03-20,0 days 15:59:51.608112,386718,31.81,31.73,931,400,1562,-22558
1027,BG,2020-03-20,0 days 15:59:55.617916,386696,31.81,31.72,331,8312,-22,1562
1028,BG,2020-03-20,0 days 15:59:56.621875,386718,31.81,31.72,1000,14352,1562,-22
1029,BGS,2020-03-20,0 days 15:50:02.190374,226307,17.74,17.71,454,200,30,-870
1030,BGS,2020-03-20,0 days 15:52:04.481951,226337,17.78,17.75,168,500,-870,230
1031,BGS,2020-03-20,0 days 15:55:00.908132,231227,17.76,17.72,400,427,-92292,230
1032,BGS,2020-03-20,0 days 15:57:13.225938,244527,17.59,17.53,2308,721,-6482,140
1033,BGS,2020-03-20,0 days 15:57:36.281133,248369,17.46,17.42,1806,93,3458,-4202
1034,BGS,2020-03-20,0 days 15:58:21.389471,256347,17.57,17.55,700,727,1264,-760
1035,BGS,2020-03-20,0 days 15:58:43.443868,257611,17.52,17.51,100,600,-298,762
1036,BGS,2020-03-20,0 days 15:58:44.445485,256909,17.52,17.51,600,100,702,-298
1037,BGS,2020-03-20,0 days 15:58:48.454472,257611,17.57,17.54,300,300,-776,702
1038,BGS,2020-03-20,0 days 15:58:49.457366,257087,17.58,17.54,300,600,524,-776
1039,BGS,2020-03-20,0 days 15:58:51.463162,257611,17.58,17.54,200,552,-39,524
1040,BGS,2020-03-20,0 days 15:58:52.464994,257150,17.58,17.55,200,300,461,-39
1041,BGS,2020-03-20,0 days 15:59:16.524786,259770,17.61,17.6,300,200,12,-628
1042,BGS,2020-03-20,0 days 15:59:28.552047,259453,17.65,17.62,894,921,329,-1171
1043,BGS,2020-03-20,0 days 15:59:30.560369,259782,17.66,17.64,100,900,-331,329
1044,BGS,2020-03-20,0 days 15:59:31.562120,259513,17.66,17.64,900,700,269,-331
1045,BGS,2020-03-20,0 days 15:59:32.563912,259782,17.67,17.66,500,679,-391,269
1046,BGS,2020-03-20,0 days 15:59:33.567208,259573,17.67,17.66,604,746,209,-391
1047,BHC,2020-03-20,0 days 15:55:00.190361,179517,13.67,13.66,100,600,-839,109946
1048,BHC,2020-03-20,0 days 15:56:52.445851,186928,13.75,13.72,1707,3800,1465,-41
1049,BHC,2020-03-20,0 days 15:56:53.447548,185573,13.75,13.72,918,2100,-1355,1465
1050,BHC,2020-03-20,0 days 15:57:55.593385,189249,13.78,13.77,890,6400,1479,-1821
1051,BHC,2020-03-20,0 days 15:57:56.595113,187828,13.78,13.77,990,7200,-1421,1479
1052,BHC,2020-03-20,0 days 15:58:35.690276,191149,13.78,13.77,716,800,517,-883
1053,BHC,2020-03-20,0 days 15:59:02.776533,189249,13.78,13.77,1105,2009,2117,-1283
1054,BHC,2020-03-20,0 days 15:59:03.758429,188166,13.78,13.77,1358,1818,-1083,2117
1055,BHC,2020-03-20,0 days 15:59:28.818827,193016,13.77,13.76,1701,1502,3758,-1342
1056,BHC,2020-03-20,0 days 15:59:29.822460,192568,13.77,13.76,1035,1605,-2248,3758
1057,BHC,2020-03-20,0 days 15:59:33.834116,189774,13.75,13.74,2622,400,-732,5758
1058,BHC,2020-03-20,0 days 15:59:41.855159,190506,13.74,13.73,2233,289,74,-132
1059,BHC,2020-03-20,0 days 15:59:44.860642,191280,13.74,13.73,1718,500,-126,1980
1060,BHC,2020-03-20,0 days 15:59:55.886947,194752,13.67,13.64,400,1115,640,-2488
1061,BIG,2020-03-20,0 days 15:51:13.633712,61767,12.07,12.03,806,525,-417,7632
1062,BIG,2020-03-20,0 days 15:52:01.751157,62184,11.99,11.96,400,300,24583,-417
1063,BIG,2020-03-20,0 days 15:55:05.185983,84909,12.02,11.99,305,303,-7531,3357
1064,BIG,2020-03-20,0 days 15:55:07.191758,70240,12.02,12.0,305,200,14669,-12243
1065,BIG,2020-03-20,0 days 15:55:24.234310,84909,12.06,12.02,982,1852,-731,269
1066,BIG,2020-03-20,0 days 15:55:25.235453,83240,12.06,12.02,982,1852,1669,-731
1067,BIG,2020-03-20,0 days 15:55:28.242627,85109,12.02,12.0,200,1137,-12348,1869
1068,BIG,2020-03-20,0 days 15:55:29.245308,84857,12.01,12.0,201,1237,252,-12348
1069,BIG,2020-03-20,0 days 15:58:49.723990,85118,12.17,12.1,379,550,-16765,939
1070,BIG,2020-03-20,0 days 15:59:01.754747,69579,12.17,12.11,884,549,15539,-2165
1071,BIG,2020-03-20,0 days 15:59:03.758403,85118,12.17,12.11,1004,541,-16565,1139
1072,BIG,2020-03-20,0 days 15:59:08.772906,85056,12.17,12.11,1197,1344,62,-2165
1073,BIG,2020-03-20,0 days 15:59:10.777614,85118,12.17,12.11,1346,1488,-3853,62
1074,BIG,2020-03-20,0 days 15:59:14.788273,70231,12.17,12.11,1007,955,15710,-3853
1075,BIG,2020-03-20,0 days 15:59:46.865031,70235,12.12,12.08,443,710,16006,-7544
1076,BIG,2020-03-20,0 days 15:59:49.873495,86141,12.14,12.09,600,411,-22644,906
1077,BIG,2020-03-20,0 days 15:59:54.886778,71535,12.1,12.09,33,188,14706,-8844
1078,BIG,2020-03-20,0 days 15:59:56.887099,86241,12.1,12.07,8848,600,-8541,14706
1079,BIG,2020-03-20,0 days 15:59:59.895482,71535,12.1,12.09,21629,2081,14706,-8541
1080,BJ,2020-03-20,0 days 15:59:31.136492,490227,24.82,24.7,1619,2980,-153,44351
1081,BJ,2020-03-20,0 days 15:59:32.138426,490042,24.82,24.7,1622,3180,185,-153
1082,BJ,2020-03-20,0 days 15:59:39.155506,490227,24.82,24.7,3181,3880,-28315,3351
1083,BJ,2020-03-20,0 days 15:59:40.158880,487842,24.82,24.7,3211,6099,2385,-28315
1084,BJ,2020-03-20,0 days 15:59:45.169926,491427,24.81,24.7,1022,5726,-31728,3942
1085,BJ,2020-03-20,0 days 15:59:46.173798,491067,24.81,24.7,2164,3708,360,-31728
1086,BJ,2020-03-20,0 days 15:59:52.189994,481167,24.71,24.53,741,3556,10760,-170
1087,BJ,2020-03-20,0 days 15:59:56.197847,491927,24.71,24.54,730,3300,-874,101080
1088,BK,2020-03-20,0 days 15:55:59.317230,1440188,29.08,29.07,500,1384,-18092,8808
1089,BK,2020-03-20,0 days 15:56:52.445754,1471537,29.17,29.15,1415,1100,101013,-166206
1090,BK,2020-03-20,0 days 15:56:53.447402,1457152,29.13,29.1,1200,600,-14385,101013
1091,BK,2020-03-20,0 days 15:57:34.542758,1471651,29.0,28.99,702,904,3968,-1832
1092,BK,2020-03-20,0 days 15:57:35.545506,1461319,29.0,28.98,4402,600,-10332,3968
1093,BK,2020-03-20,0 days 15:57:39.554572,1471651,29.02,29.0,2821,500,1668,-3232
1094,BK,2020-03-20,0 days 15:57:40.557426,1457619,29.02,29.0,2951,700,-14032,1668
1095,BK,2020-03-20,0 days 15:58:29.676297,1471967,29.08,29.07,400,1200,9215,-7553
1096,BK,2020-03-20,0 days 15:58:30.679758,1450082,29.04,29.03,100,1900,-21885,9215
1097,BK,2020-03-20,0 days 15:59:13.785211,1486327,29.19,29.18,193,722,-1263,5393
1098,BK,2020-03-20,0 days 15:59:16.792060,1487590,29.17,29.16,200,1800,93675,-268826
1099,BK,2020-03-20,0 days 15:59:17.792542,1466865,29.21,29.19,400,600,-20725,93675
1100,BK,2020-03-20,0 days 15:59:30.825762,1488594,29.16,29.15,1084,1888,5747,-17357
1101,BK,2020-03-20,0 days 15:59:31.829022,1485441,29.17,29.16,5,1900,-3153,5747
1102,BK,2020-03-20,0 days 15:59:33.833873,1488594,29.2,29.19,920,792,132483,-279814
1103,BK,2020-03-20,0 days 15:59:34.838359,1478997,29.2,29.19,200,510,-9597,132483
1104,BK,2020-03-20,0 days 15:59:39.848320,1481138,29.2,29.19,1299,321,-7456,136044
1105,BK,2020-03-20,0 days 15:59:41.854732,1488594,29.2,29.19,693,100,138530,-276531
1106,BK,2020-03-20,0 days 15:59:42.856721,1481224,29.19,29.18,500,400,-7370,138530
1107,BK,2020-03-20,0 days 15:59:48.870323,1489394,29.17,29.16,703,1560,186,-6214
1108,BK,2020-03-20,0 days 15:59:50.876932,1469327,29.12,29.11,500,1299,-19267,586
1109,BK,2020-03-20,0 days 15:59:51.877702,1488594,29.13,29.12,561,759,30669,-19267
1110,BKD,2020-03-20,0 days 15:59:16.722013,381801,1.91,1.9,4646,8423,28372,-8899
1111,BKD,2020-03-20,0 days 15:59:17.724274,372873,1.93,1.92,1472,6939,-8928,28372
1112,BLL,2020-03-20,0 days 15:55:00.111574,428578,54.8,54.72,300,479,13042,-20447
1113,BLL,2020-03-20,0 days 15:55:33.186839,444377,54.49,54.46,260,700,-9060,16143
1114,BLL,2020-03-20,0 days 15:55:34.187584,443837,54.51,54.47,600,100,440,-9060
1115,BLL,2020-03-20,0 days 15:55:42.208140,442907,54.59,54.55,72,321,-10302,11080
1116,BLL,2020-03-20,0 days 15:55:43.209785,442509,54.59,54.55,70,500,398,-10302
1117,BLL,2020-03-20,0 days 15:55:56.242987,442907,54.61,54.56,100,900,-10202,1271
1118,BLL,2020-03-20,0 days 15:55:57.243298,442509,54.6,54.56,400,900,398,-10202
1119,BLL,2020-03-20,0 days 15:56:03.256489,442907,54.59,54.56,452,2310,-10002,1471
1120,BLL,2020-03-20,0 days 15:56:04.259067,442509,54.71,54.57,100,600,398,-10002
1121,BLL,2020-03-20,0 days 15:56:16.288206,442324,54.77,54.7,1,1220,-9685,1018
1122,BLL,2020-03-20,0 days 15:56:17.290539,442009,54.77,54.7,1,1220,315,-9685
1123,BLL,2020-03-20,0 days 15:56:34.332105,442023,55.1,54.79,200,496,-9786,1218
1124,BLL,2020-03-20,0 days 15:56:35.334800,441709,55.09,54.79,200,429,314,-9786
1125,BLL,2020-03-20,0 days 15:56:55.383530,440853,54.97,54.91,1207,364,-10356,1047
1126,BLL,2020-03-20,0 days 15:56:56.384489,440709,54.92,54.91,796,564,144,-10356
1127,BLL,2020-03-20,0 days 15:57:22.448615,452636,54.91,54.88,936,1000,-8420,2283
1128,BLL,2020-03-20,0 days 15:57:23.450639,451356,54.9,54.88,147,3237,1280,-8420
1129,BLL,2020-03-20,0 days 15:57:52.519678,451356,54.95,54.88,600,2,1180,-9220
1130,BLL,2020-03-20,0 days 15:58:05.551141,452536,54.96,54.88,1296,2501,-2461,1180
1131,BLL,2020-03-20,0 days 15:58:06.556631,451697,54.96,54.88,1296,2501,839,-2461
1132,BLL,2020-03-20,0 days 15:58:15.575790,452536,55.27,55.05,100,99,-2361,1180
1133,BLL,2020-03-20,0 days 15:58:16.577847,451707,55.26,55.05,276,100,829,-2361
1134,BLL,2020-03-20,0 days 15:58:20.587313,451266,55.2,55.11,200,600,-10858,1445
1135,BLL,2020-03-20,0 days 15:58:21.589526,450524,55.2,55.12,1003,1579,742,-10858
1136,BLL,2020-03-20,0 days 15:58:34.623259,451266,55.16,55.15,1365,1776,-1375,2163
1137,BLL,2020-03-20,0 days 15:58:35.623386,449441,55.16,55.15,1256,1776,1825,-1375
1138,BLL,2020-03-20,0 days 15:58:50.658563,450474,55.2,55.16,303,363,796,-9604
1139,BLL,2020-03-20,0 days 15:58:56.673188,451270,55.21,55.18,200,25,-9604,1829
1140,BLL,2020-03-20,0 days 15:59:04.694939,452440,55.05,54.94,1656,800,-2246,586
1141,BLL,2020-03-20,0 days 15:59:05.703692,451986,55.04,54.94,600,848,437,-2246
1142,BLL,2020-03-20,0 days 15:59:06.701818,451890,55.02,54.95,500,349,-96,437
1143,BLL,2020-03-20,0 days 15:59:12.716612,451865,54.91,54.87,400,200,421,-579
1144,BLL,2020-03-20,0 days 15:59:25.738948,507548,55.0,54.94,329,1176,-5180,4906
1145,BLL,2020-03-20,0 days 15:59:26.741096,503407,55.0,54.94,415,1443,4141,-5180
1146,BLL,2020-03-20,0 days 15:59:37.770220,522207,54.99,54.94,941,1243,8,-5582
1147,BMY,2020-03-20,0 days 15:59:51.268648,3335038,48.37,48.31,1800,1200,18672,-128158
1148,BMY,2020-03-20,0 days 15:59:55.278866,3290581,48.43,48.32,521,1272,-46256,32946
1149,BMY,2020-03-20,0 days 15:59:56.278823,3335038,48.42,48.32,2507,364,32946,-46256
1150,BOX,2020-03-20,0 days 15:56:35.714306,219168,12.61,12.59,1456,800,38267,-7420
1151,BOX,2020-03-20,0 days 15:56:58.770290,244267,12.74,12.71,320,1329,5891,-502
1152,BP,2020-03-20,0 days 15:57:06.497377,265667,17.4,17.39,7100,1502,-6704,1746
1153,BP,2020-03-20,0 days 15:57:07.498379,255771,17.39,17.38,4506,8106,9896,-6704
1154,BP,2020-03-20,0 days 15:59:52.900160,266684,17.41,17.4,5102,4765,-4076,304
1155,BP,2020-03-20,0 days 15:59:56.909228,261660,17.37,17.36,2300,20557,5024,-4076
1156,BP,2020-03-20,0 days 15:59:57.911907,266684,17.4,17.39,26100,1400,-3876,5024
1157,BPMP,2020-03-20,0 days 15:51:19.584157,84038,8.72,8.68,300,200,777,-14467
1158,BPMP,2020-03-20,0 days 15:55:00.111286,184719,8.56,8.55,1519,200,-7861,1677
1159,BPMP,2020-03-20,0 days 15:59:31.756360,192580,8.49,8.41,1102,2400,8558,-1442
1160,BPMP,2020-03-20,0 days 15:59:32.758975,187738,8.49,8.43,702,256,-4742,8558
1161,BRK.B,2020-03-20,0 days 15:58:17.554130,1782392,170.26,170.04,100,200,-31175,17559
1162,BRK.B,2020-03-20,0 days 15:58:18.564716,1782267,170.23,170.13,238,100,125,-31175
1163,BRK.B,2020-03-20,0 days 15:58:22.568137,1781965,170.28,170.18,2,300,-12002,4925
1164,BRK.B,2020-03-20,0 days 15:58:23.568727,1759867,170.23,170.06,159,200,22839,-12002
1165,BRK.B,2020-03-20,0 days 15:58:24.572880,1782392,170.19,170.07,100,100,-875,22839
1166,BRK.B,2020-03-20,0 days 15:58:26.576403,1779667,170.17,170.07,300,100,2725,-875
1167,BRK.B,2020-03-20,0 days 15:58:34.596820,1782706,170.16,170.02,200,800,-7761,470
1168,BRK.B,2020-03-20,0 days 15:58:35.599231,1777267,170.13,170.02,300,100,5439,-7761
1169,BRK.B,2020-03-20,0 days 15:58:42.617252,1782706,170.07,169.99,200,100,-1130,3004
1170,BRK.B,2020-03-20,0 days 15:58:44.620855,1777467,170.16,170.06,800,100,5239,-6675
1171,BRK.B,2020-03-20,0 days 15:58:49.633010,1781990,170.28,170.19,17,482,-25377,6095
1172,BRK.B,2020-03-20,0 days 15:58:52.640229,1781662,170.4,170.22,424,305,328,-5472
1173,BRK.B,2020-03-20,0 days 15:58:56.650550,1782731,170.09,170.0,100,100,-1305,21503
1174,BRK.B,2020-03-20,0 days 15:58:57.653075,1768373,169.55,169.53,197,100,15703,-1305
1175,BRK.B,2020-03-20,0 days 15:59:03.667781,1783744,169.88,169.77,100,1102,-3943,6094
1176,BRK.B,2020-03-20,0 days 15:59:04.670366,1775787,169.73,169.65,300,100,8271,-3943
1177,BRO,2020-03-20,0 days 15:55:09.125508,279153,33.59,33.57,99,300,2334,-6966
1178,BRO,2020-03-20,0 days 15:55:10.127950,297587,33.59,33.57,99,500,-1666,2334
1179,BRO,2020-03-20,0 days 15:55:12.134318,285034,33.58,33.57,400,200,12653,-1666
1180,BRO,2020-03-20,0 days 15:55:13.135957,284687,33.58,33.57,944,200,-347,12653
1181,BRO,2020-03-20,0 days 15:55:27.171720,298420,33.47,33.41,347,344,-833,4667
1182,BRO,2020-03-20,0 days 15:55:39.200158,298385,33.32,33.29,754,300,-617,1483
1183,BRO,2020-03-20,0 days 15:55:53.232775,284583,33.28,33.24,1989,800,14302,-117
1184,BRO,2020-03-20,0 days 15:55:54.235738,290985,33.25,33.23,604,700,-13617,14302
1185,BRO,2020-03-20,0 days 15:56:13.280722,291185,33.22,33.2,218,1,-13748,471
1186,BRO,2020-03-20,0 days 15:56:51.374253,288220,33.56,33.29,300,1239,-16564,571
1187,BRO,2020-03-20,0 days 15:56:56.384368,285414,33.47,33.29,512,536,16231,-904
1188,BRO,2020-03-20,0 days 15:57:10.419189,292947,33.42,33.35,2559,403,-1061,12958
1189,BRO,2020-03-20,0 days 15:57:11.420275,292608,33.42,33.35,1321,983,339,-1061
1190,BRO,2020-03-20,0 days 15:57:31.470715,292210,33.39,33.37,1966,218,-14304,15
1191,BRO,2020-03-20,0 days 15:58:53.665772,284866,33.55,33.54,264,497,-6140,193
1192,BRO,2020-03-20,0 days 15:59:00.685512,304325,33.54,33.51,236,264,4574,-1759
1193,BRO,2020-03-20,0 days 15:59:01.686910,297455,33.54,33.51,701,264,-6870,4574
1194,BRO,2020-03-20,0 days 15:59:02.689201,304325,33.54,33.49,501,289,4634,-6870
1195,BRO,2020-03-20,0 days 15:59:13.717445,330225,33.43,33.4,241,600,2343,-12666
1196,BRO,2020-03-20,0 days 15:59:16.721800,337183,33.45,33.41,206,300,-1542,6758
1197,BRO,2020-03-20,0 days 15:59:17.723824,334825,33.45,33.41,207,300,2158,-1542
1198,BRO,2020-03-20,0 days 15:59:29.752183,337183,33.45,33.42,1016,1120,-14327,20577
1199,BRO,2020-03-20,0 days 15:59:30.753266,334910,33.45,33.43,1516,1208,2073,-14327
1200,BRO,2020-03-20,0 days 15:59:35.768652,342183,33.51,33.5,200,700,-6327,16777
1201,BRO,2020-03-20,0 days 15:59:40.776386,334750,33.63,33.56,500,1997,-5858,4746
1202,BRX,2020-03-20,0 days 15:55:21.620128,598406,10.15,10.14,9173,1500,-640,15460
1203,BRX,2020-03-20,0 days 15:55:34.650908,597191,10.08,10.07,3720,1400,-1365,4135
1204,BRX,2020-03-20,0 days 15:56:17.754370,597091,10.1,10.09,13032,200,-1465,1235
1205,BRX,2020-03-20,0 days 15:59:20.192325,633076,10.1,10.09,4881,4425,-1479,17421
1206,BSX,2020-03-20,0 days 15:58:15.549553,1387689,27.31,27.3,500,5308,-30513,3687
1207,BSX,2020-03-20,0 days 15:58:16.551608,1355044,27.28,27.27,500,371,32645,-30513
1208,BSX,2020-03-20,0 days 15:58:30.586570,1389489,27.27,27.25,689,751,-2693,27745
1209,BSX,2020-03-20,0 days 15:58:31.588996,1365882,27.25,27.23,1220,1242,23807,-2693
1210,BSX,2020-03-20,0 days 15:58:39.607251,1388289,27.2,27.19,500,600,-6195,27705
1211,BSX,2020-03-20,0 days 15:58:40.609478,1368884,27.2,27.19,556,400,19405,-6195
1212,BSX,2020-03-20,0 days 15:59:04.668307,1421267,27.26,27.24,1449,1000,-256,13106
1213,BTI,2020-03-20,0 days 15:57:14.515006,52613,29.82,29.81,1718,800,22,-78
1214,BTI,2020-03-20,0 days 15:57:15.517088,51735,29.82,29.81,3818,600,-878,22
1215,BTI,2020-03-20,0 days 15:58:30.699111,52629,29.81,29.79,500,1933,6,-294
1216,BTI,2020-03-20,0 days 15:59:31.850326,56483,29.92,29.9,194,400,263,-1537
1217,BTI,2020-03-20,0 days 15:59:32.851560,56046,29.92,29.9,294,400,-437,263
1218,BTU,2020-03-20,0 days 15:55:00.196875,483624,3.29,3.28,4471,2865,24204,-106844
1219,BTU,2020-03-20,0 days 15:59:22.824550,489774,3.34,3.32,11323,2434,-27987,70601
1220,BUD,2020-03-20,0 days 15:59:20.817075,75532,40.55,40.51,800,400,2207,-933
1221,BUD,2020-03-20,0 days 15:59:21.819494,74439,40.54,40.5,241,67,-1093,2207
1222,BUD,2020-03-20,0 days 15:59:23.821966,75532,40.5,40.41,300,500,317,-1093
1223,BUD,2020-03-20,0 days 15:59:29.837872,73975,40.49,40.42,200,500,-1557,317
1224,BURL,2020-03-20,0 days 15:55:00.485285,115886,138.44,138.07,100,942,9017,-12333
1225,BURL,2020-03-20,0 days 15:58:08.938944,130418,138.29,138.16,626,98,-10510,12011
1226,BURL,2020-03-20,0 days 15:58:09.941276,129928,138.29,138.16,626,198,490,-10510
1227,BURL,2020-03-20,0 days 15:58:14.954345,130418,138.21,138.15,58,502,-10510,1711
1228,BURL,2020-03-20,0 days 15:58:15.956489,129928,138.21,138.16,58,200,490,-10510
1229,BURL,2020-03-20,0 days 15:58:22.977812,130418,138.29,138.17,1484,224,-309,491
1230,BURL,2020-03-20,0 days 15:58:23.980299,117407,138.29,138.18,1484,100,13011,-309
1231,BURL,2020-03-20,0 days 15:58:24.977642,130418,138.29,138.17,1484,24,-10009,13011
1232,BURL,2020-03-20,0 days 15:58:25.980718,129927,138.29,138.17,1584,25,491,-10009
1233,BURL,2020-03-20,0 days 15:58:53.045878,130420,138.16,138.04,1702,123,-9716,1705
1234,BURL,2020-03-20,0 days 15:58:54.049507,129836,138.16,138.0,1752,503,584,-9716
1235,BURL,2020-03-20,0 days 15:59:00.073379,130418,138.29,138.08,525,300,-218,584
