,Symbol,Timestamp,TIME,iPaired,Ask_P,Bid_P,Ask_S,Bid_S,iShares,PreviShares
0,AA,2020-11-20,0 days 15:55:00.563005,259449,18.89,18.88,6918,3508,-120107,125907
1,AA,2020-11-20,0 days 15:57:48.567581,287894,18.86,18.85,8977,1500,1235,-10465
2,AA,2020-11-20,0 days 15:58:53.570461,251049,18.84,18.83,2900,2964,56171,-214452
3,AA,2020-11-20,0 days 15:58:54.570885,303759,18.86,18.85,4300,7300,-7890,56171
4,ABBV,2020-11-20,0 days 15:58:37.596204,734174,100.82,100.8,200,1500,1491,-1293
5,ABBV,2020-11-20,0 days 15:58:39.597572,715706,100.84,100.83,196,260,-20058,1491
6,ABBV,2020-11-20,0 days 15:58:45.596518,734174,100.82,100.8,500,1000,2191,-15957
7,ABBV,2020-11-20,0 days 15:58:48.597262,719665,100.84,100.82,1010,2300,-16073,2075
8,ABBV,2020-11-20,0 days 15:59:06.598629,749039,100.83,100.81,100,540,12303,-4734
9,ABBV,2020-11-20,0 days 15:59:11.600137,682170,100.83,100.81,410,100,-66727,9804
10,ABBV,2020-11-20,0 days 15:59:33.597303,779020,100.84,100.81,200,716,23362,-38768
11,ABBV,2020-11-20,0 days 15:59:34.596946,774323,100.84,100.82,100,300,-6287,23362
12,ABBV,2020-11-20,0 days 15:59:40.598242,778295,100.83,100.81,300,300,-2173,15746
13,ABBV,2020-11-20,0 days 15:59:41.597276,779020,100.82,100.79,200,800,15975,-2173
14,ABBV,2020-11-20,0 days 16:00:00.595348,799659,101.46,100.83,100,100,-9995,5021
15,ABT,2020-11-20,0 days 15:59:15.264132,544232,111.09,111.07,520,100,-89426,54350
16,ABT,2020-11-20,0 days 15:59:43.264006,609035,110.9,110.87,1212,600,811,-4844
17,ABT,2020-11-20,0 days 15:59:47.264718,607591,110.95,110.89,200,900,-5919,4956
18,ABT,2020-11-20,0 days 15:59:50.267931,609003,110.9,110.87,100,300,-1371,2229
19,ADT,2020-11-20,0 days 15:55:51.254568,174605,7.76,7.75,13372,11037,-3779,2021
20,ADT,2020-11-20,0 days 15:55:52.255700,173284,7.76,7.75,18172,11247,1321,-3779
21,ADT,2020-11-20,0 days 15:56:11.255434,174605,7.77,7.76,8360,15828,-117,483
22,ADT,2020-11-20,0 days 15:56:12.255705,172022,7.77,7.76,7960,17836,2583,-117
23,ADT,2020-11-20,0 days 15:56:53.257683,174635,7.78,7.77,7110,13542,-307,613
24,ADT,2020-11-20,0 days 15:56:54.257445,173842,7.78,7.77,6810,13542,793,-307
25,ADT,2020-11-20,0 days 15:57:44.258507,174635,7.78,7.77,4341,17177,-1207,1493
26,AEO,2020-11-20,0 days 15:55:00.242556,166216,16.97,16.96,6321,1565,1138,-3131
27,AEO,2020-11-20,0 days 15:55:44.244402,170754,16.98,16.97,1549,6061,-189,952
28,AEO,2020-11-20,0 days 15:55:45.243912,169843,16.98,16.97,2149,5556,911,-189
29,AEO,2020-11-20,0 days 15:56:12.245132,170795,16.97,16.96,6967,2202,-7407,293
30,AEO,2020-11-20,0 days 15:56:13.245865,170302,16.96,16.95,5600,911,493,-7407
31,AEO,2020-11-20,0 days 15:56:53.246662,171595,16.94,16.93,4487,2507,-1927,493
32,AEO,2020-11-20,0 days 15:56:54.246438,168922,16.94,16.93,4387,2607,2673,-1927
33,AEO,2020-11-20,0 days 15:57:11.246786,171769,16.94,16.93,2492,3921,-176,324
34,AEO,2020-11-20,0 days 15:57:12.246691,169045,16.94,16.93,2692,3553,2724,-176
35,AEO,2020-11-20,0 days 15:58:28.250184,180890,16.94,16.93,4927,4987,-813,687
36,AEO,2020-11-20,0 days 15:58:29.250751,179903,16.94,16.93,4627,4987,987,-813
37,AEO,2020-11-20,0 days 15:59:05.252970,190072,16.94,16.93,1735,10726,-195,8905
38,AEO,2020-11-20,0 days 15:59:14.252964,190581,16.94,16.93,5659,4792,1524,-509
39,AEO,2020-11-20,0 days 15:59:40.252639,194399,16.94,16.93,8910,1900,2939,-3261
40,AES,2020-11-20,0 days 15:55:00.244312,298246,20.47,20.46,5200,5542,-1111,44211
41,AES,2020-11-20,0 days 15:56:13.248608,305890,20.48,20.47,9438,2723,12047,-5553
42,AES,2020-11-20,0 days 15:56:14.248817,319410,20.48,20.47,7936,2823,-2480,12047
43,AES,2020-11-20,0 days 15:58:50.253264,357238,20.43,20.42,13648,4706,-25825,2013
44,AFL,2020-11-20,0 days 15:55:00.242654,537354,43.77,43.76,4590,4576,7723,-203443
45,AFL,2020-11-20,0 days 15:55:41.246921,546597,43.79,43.78,813,3514,-979,4971
46,AFL,2020-11-20,0 days 15:55:42.246578,539376,43.79,43.78,213,3517,7618,-979
47,AFL,2020-11-20,0 days 15:57:40.249160,580577,43.8,43.79,949,3667,-94,506
48,AFL,2020-11-20,0 days 15:58:49.251814,579108,43.83,43.82,3184,2016,-248,252
49,AFL,2020-11-20,0 days 15:58:50.252576,575856,43.83,43.82,1684,3243,3252,-248
50,AFL,2020-11-20,0 days 15:59:12.254095,579614,43.83,43.82,3895,776,-532,28
51,AFL,2020-11-20,0 days 15:59:25.252540,700703,43.82,43.81,388,3108,1091,-19409
52,AFL,2020-11-20,0 days 15:59:26.253086,701794,43.82,43.81,167,3608,-5098,1091
53,AFL,2020-11-20,0 days 15:59:27.252300,700905,43.83,43.82,800,4609,889,-5098
54,AFL,2020-11-20,0 days 15:59:41.253770,712883,43.85,43.84,5281,900,3194,-4036
55,AG,2020-11-20,0 days 15:57:08.249970,326449,10.29,10.28,18789,15625,75699,-15201
56,AG,2020-11-20,0 days 15:57:09.250006,317004,10.29,10.28,10311,21357,-9445,75699
57,AG,2020-11-20,0 days 15:59:24.253677,335042,10.29,10.28,14526,14654,425,-4875
58,AG,2020-11-20,0 days 15:59:33.253821,335042,10.29,10.28,3200,36130,1675,-4675
59,AGI,2020-11-20,0 days 15:55:00.587118,217309,8.69,8.68,27744,6214,-10999,7168
60,AGI,2020-11-20,0 days 15:57:24.593765,350108,8.68,8.67,26900,22908,55416,-6684
61,AGI,2020-11-20,0 days 15:59:46.598314,403488,8.7,8.69,20300,27609,4655,-12865
62,AIG,2020-11-20,0 days 15:56:02.248431,556803,38.56,38.55,4075,1213,2557,-6055
63,AIG,2020-11-20,0 days 15:57:34.249807,570228,38.53,38.52,4955,3018,-5287,913
64,AIG,2020-11-20,0 days 15:57:51.250942,588630,38.54,38.53,815,3770,61898,-2102
65,AIG,2020-11-20,0 days 15:57:52.250188,650528,38.55,38.54,1700,1900,-2702,61898
66,AIG,2020-11-20,0 days 15:59:01.255360,637271,38.52,38.51,486,4512,-8083,3210
67,AIG,2020-11-20,0 days 15:59:04.254448,643754,38.52,38.51,1473,4012,4417,-3583
68,AIG,2020-11-20,0 days 15:59:15.255276,650363,38.52,38.51,1775,3242,-11776,4390
69,AIG,2020-11-20,0 days 15:59:18.253376,646109,38.51,38.49,5522,4217,5354,-5246
70,AIG,2020-11-20,0 days 15:59:25.253433,703620,38.55,38.54,1876,1530,-2789,33085
71,ALL,2020-11-20,0 days 15:55:00.244512,151133,100.31,100.28,501,401,890,-37742
72,ALL,2020-11-20,0 days 15:55:01.245009,150523,100.32,100.28,100,600,-610,890
73,ALL,2020-11-20,0 days 15:57:47.250273,159167,100.18,100.15,401,100,757,-743
74,ALL,2020-11-20,0 days 15:57:48.249723,158573,100.18,100.15,593,100,-594,757
75,ALL,2020-11-20,0 days 15:57:49.250146,159167,100.18,100.16,1094,103,906,-594
76,ALL,2020-11-20,0 days 15:57:50.249558,158573,100.18,100.16,1094,103,-744,906
77,ALL,2020-11-20,0 days 15:57:58.249744,159317,100.15,100.11,493,100,156,-644
78,ALL,2020-11-20,0 days 15:58:00.251613,158673,100.15,100.12,493,672,-644,156
79,ALL,2020-11-20,0 days 15:58:03.250462,159317,100.16,100.14,178,572,660,-644
80,ALL,2020-11-20,0 days 15:58:04.250971,158677,100.16,100.15,142,672,-640,660
81,ALL,2020-11-20,0 days 15:58:11.251051,159317,100.18,100.15,1245,100,260,-640
82,ALL,2020-11-20,0 days 15:58:12.251292,158692,100.18,100.15,1245,100,-625,260
83,ALL,2020-11-20,0 days 15:59:02.254317,159181,100.14,100.12,436,200,-368,151
84,ALL,2020-11-20,0 days 15:59:05.255689,159479,100.14,100.11,600,300,215,-68
85,ALL,2020-11-20,0 days 15:59:15.254870,181094,100.09,100.06,100,112,-1719,9
86,ALL,2020-11-20,0 days 15:59:34.253475,188341,100.16,100.1,100,830,1153,-1447
87,ALL,2020-11-20,0 days 15:59:35.253880,188141,100.18,100.1,200,920,-200,1153
88,ALL,2020-11-20,0 days 15:59:47.255456,187706,100.13,100.09,100,300,-635,3265
89,ALLY,2020-11-20,0 days 15:55:44.244416,296368,28.97,28.96,5491,1477,-560,2253
90,ALLY,2020-11-20,0 days 15:55:45.243931,294128,28.97,28.96,5691,1477,2053,-560
91,ALLY,2020-11-20,0 days 15:59:05.253023,351336,28.94,28.93,3753,3194,-23070,4629
92,ALLY,2020-11-20,0 days 15:59:06.252958,349906,28.94,28.93,5353,1694,743,-23070
93,ALLY,2020-11-20,0 days 15:59:49.253872,364466,28.96,28.95,500,2959,-397,1305
94,ALLY,2020-11-20,0 days 15:59:50.255983,360963,28.96,28.95,244,3259,3116,-397
95,ALSN,2020-11-20,0 days 15:55:00.587793,113162,39.71,39.7,503,684,-4975,40178
96,ALSN,2020-11-20,0 days 15:59:04.599622,130151,39.64,39.63,100,700,1,-9255
97,ALSN,2020-11-20,0 days 15:59:05.599588,128152,39.66,39.64,600,100,-7255,1
98,ALSN,2020-11-20,0 days 15:59:50.599678,141143,39.7,39.68,300,1600,8047,-8153
99,AM,2020-11-20,0 days 15:56:25.565923,122398,6.4,6.39,10955,9808,-39,994
100,AM,2020-11-20,0 days 15:57:05.567550,122437,6.4,6.39,19339,8181,8094,-39
101,AM,2020-11-20,0 days 15:58:06.568929,131898,6.4,6.39,15872,10029,-1699,4134
102,AM,2020-11-20,0 days 15:58:07.568618,128797,6.4,6.39,15472,10029,2934,-1699
103,AM,2020-11-20,0 days 15:59:45.572141,132398,6.4,6.39,9498,16966,-11086,147
104,AM,2020-11-20,0 days 15:59:46.571893,131384,6.4,6.39,9499,16635,2567,-11086
105,AMCR,2020-11-20,0 days 15:55:00.242708,372295,11.96,11.95,13782,8011,91709,-18574
106,AMCR,2020-11-20,0 days 15:59:18.252422,534336,11.95,11.94,6917,15267,-2553,7347
107,AMCR,2020-11-20,0 days 15:59:46.254760,551550,11.95,11.94,13719,5061,4277,-3209
108,AMH,2020-11-20,0 days 15:56:55.246386,106344,28.6,28.59,511,1567,53,-1659
109,AMH,2020-11-20,0 days 15:57:05.246819,106397,28.61,28.6,954,1221,-447,53
110,AMH,2020-11-20,0 days 15:58:30.250504,119753,28.58,28.57,3494,1067,26177,-2823
111,AMH,2020-11-20,0 days 15:58:31.250729,118882,28.59,28.58,1301,1500,-871,26177
112,AMH,2020-11-20,0 days 15:59:06.253091,124961,28.6,28.59,2350,518,-23,6377
113,AMH,2020-11-20,0 days 15:59:28.246281,125784,28.59,28.58,200,1200,2585,-278
114,AMWL,2020-11-20,0 days 15:59:05.253590,66529,23.88,23.78,407,200,-3926,339
115,AMWL,2020-11-20,0 days 15:59:06.253383,64711,23.88,23.78,407,200,1818,-3926
116,AMWL,2020-11-20,0 days 15:59:07.252935,66109,23.92,23.79,400,300,-302,1818
117,AMWL,2020-11-20,0 days 15:59:08.253136,64011,23.92,23.79,400,300,1507,-302
118,AMX,2020-11-20,0 days 15:55:00.563534,23031,14.05,14.04,8165,10801,5067,-17413
119,AMX,2020-11-20,0 days 15:57:09.569296,27036,14.07,14.06,14697,9588,-720,2965
120,AMX,2020-11-20,0 days 15:59:05.572464,30260,14.07,14.05,14716,30973,-3755,1629
121,AMX,2020-11-20,0 days 15:59:11.571783,28531,14.07,14.06,27049,2952,2054,-3330
122,AMX,2020-11-20,0 days 15:59:36.569915,38382,14.07,14.06,21122,15498,-4243,751
123,AMX,2020-11-20,0 days 15:59:37.572119,38125,14.07,14.06,23822,9495,257,-4243
124,APLE,2020-11-20,0 days 15:56:55.115102,90177,12.75,12.74,1654,3602,-1117,1483
125,APLE,2020-11-20,0 days 15:58:58.120052,105954,12.76,12.75,2559,4956,1237,-980
126,APLE,2020-11-20,0 days 15:58:59.119428,104291,12.76,12.75,3410,4456,-1663,1237
127,APLE,2020-11-20,0 days 15:59:11.120642,107899,12.76,12.75,3442,3392,2172,-1360
128,APLE,2020-11-20,0 days 15:59:12.120772,106671,12.76,12.75,3042,3392,-1228,2172
129,APLE,2020-11-20,0 days 15:59:46.116833,109299,12.77,12.76,3307,3913,3771,-826
130,AR,2020-11-20,0 days 15:59:00.257547,208621,3.97,3.96,21255,46122,-14435,2665
131,AR,2020-11-20,0 days 15:59:01.255004,206707,3.97,3.96,16739,46222,1914,-14435
132,AR,2020-11-20,0 days 15:59:39.253405,220714,3.97,3.96,43089,30383,-40393,4307
133,AR,2020-11-20,0 days 15:59:40.254373,218807,3.97,3.96,38456,11833,1907,-40393
134,AR,2020-11-20,0 days 15:59:46.255087,220714,3.97,3.96,44861,13049,-13992,1907
135,AR,2020-11-20,0 days 15:59:47.255301,219606,3.97,3.96,32961,17834,1108,-13992
136,ATUS,2020-11-20,0 days 15:55:00.241848,104451,32.25,32.24,8042,829,17298,-11167
137,ATUS,2020-11-20,0 days 15:55:43.245313,123868,32.28,32.27,540,6456,-6512,1831
138,ATUS,2020-11-20,0 days 15:55:44.244283,122880,32.28,32.27,540,5156,988,-6512
139,ATUS,2020-11-20,0 days 15:55:54.244341,119180,32.31,32.3,701,9800,157,-3443
140,ATUS,2020-11-20,0 days 15:57:35.247003,193446,32.27,32.26,1428,5775,-1095,2005
141,ATUS,2020-11-20,0 days 15:57:36.246963,188941,32.27,32.26,1428,5875,4505,-1095
142,ATUS,2020-11-20,0 days 15:58:50.251577,211155,32.27,32.26,2464,6633,3270,-830
143,AU,2020-11-20,0 days 15:55:00.244976,135392,22.51,22.5,1936,200,-18564,16008
144,AU,2020-11-20,0 days 15:57:21.251021,157903,22.49,22.48,3438,2500,61934,-342
145,AU,2020-11-20,0 days 15:57:22.250135,196037,22.5,22.49,400,3460,-18366,61934
146,AU,2020-11-20,0 days 15:58:59.253812,195865,22.55,22.54,601,4600,-62,567
147,AU,2020-11-20,0 days 15:59:01.255233,195781,22.55,22.54,1987,3417,84,-62
148,AU,2020-11-20,0 days 15:59:02.254440,195259,22.55,22.54,1043,4017,-322,84
149,AU,2020-11-20,0 days 15:59:15.255079,199781,22.54,22.53,700,4116,1747,-322
150,AUY,2020-11-20,0 days 15:55:00.231950,394900,5.31,5.3,247669,173601,-109259,10400
151,AUY,2020-11-20,0 days 15:57:25.239181,503250,5.3,5.29,120078,350045,277966,-61034
152,AUY,2020-11-20,0 days 15:59:47.241063,777231,5.32,5.31,308404,374095,10160,-20540
153,AVTR,2020-11-20,0 days 15:59:30.248720,466243,25.95,25.94,1889,2205,19033,-399
154,AVTR,2020-11-20,0 days 15:59:37.246349,503349,25.95,25.94,3070,2792,-10320,212
155,AVTR,2020-11-20,0 days 15:59:46.247564,513669,25.95,25.93,5629,700,21461,-4497
156,AVTR,2020-11-20,0 days 15:59:50.250660,447303,25.95,25.94,4181,800,-66366,7840
157,AVYA,2020-11-20,0 days 15:55:53.245765,159162,16.61,16.6,3453,540,622,-1763
158,AVYA,2020-11-20,0 days 15:56:33.245739,159977,16.61,16.6,6234,2294,-2119,1711
159,AVYA,2020-11-20,0 days 15:58:04.249500,164696,16.56,16.55,7569,1439,114,-1956
160,AVYA,2020-11-20,0 days 15:58:05.250349,155981,16.56,16.55,7569,1339,-8715,114
161,AVYA,2020-11-20,0 days 15:59:29.248033,169681,16.56,16.55,1800,1482,2639,-1005
162,AVYA,2020-11-20,0 days 15:59:50.251124,165607,16.56,16.55,1181,400,-4236,6334
163,AXL,2020-11-20,0 days 15:59:36.240224,346429,7.98,7.97,1426,9154,-5150,974
164,AXL,2020-11-20,0 days 15:59:37.239950,343079,7.98,7.97,936,9554,3350,-5150
165,AXL,2020-11-20,0 days 15:59:57.241787,292643,8.0,7.99,2800,11893,-49686,17184
166,AXP,2020-11-20,0 days 15:57:43.116609,358112,112.55,112.53,463,200,-1498,14602
167,AXP,2020-11-20,0 days 15:58:05.117282,361292,112.53,112.5,301,100,-1818,1960
168,AXP,2020-11-20,0 days 15:58:06.117733,360010,112.53,112.5,283,200,1282,-1818
169,AXP,2020-11-20,0 days 15:58:07.117671,358112,112.58,112.55,110,234,-2539,1282
170,AXP,2020-11-20,0 days 15:58:08.118203,359610,112.57,112.54,100,300,1682,-2539
171,AXP,2020-11-20,0 days 15:58:09.117964,358112,112.58,112.54,310,214,-2139,1682
172,AXP,2020-11-20,0 days 15:58:21.118467,355651,112.57,112.54,265,502,2461,-39
173,AXP,2020-11-20,0 days 15:58:26.118694,358112,112.57,112.54,217,416,-39,961
174,AXP,2020-11-20,0 days 15:59:02.123207,358386,112.57,112.56,128,284,1160,-207
175,AXP,2020-11-20,0 days 15:59:06.120688,363189,112.58,112.56,300,400,-14558,4215
176,AXP,2020-11-20,0 days 15:59:15.116074,367721,112.49,112.46,540,100,84,-536
177,AXP,2020-11-20,0 days 15:59:28.114672,366670,112.56,112.51,300,413,-3425,396
178,AZUL,2020-11-20,0 days 15:56:01.256289,77696,19.38,19.37,100,3503,-2057,4043
179,AZUL,2020-11-20,0 days 15:59:50.268230,77027,19.38,19.36,1700,6251,21313,-14387
180,BA,2020-11-20,0 days 15:55:00.242623,246958,199.63,199.59,500,100,3957,-24735
181,BA,2020-11-20,0 days 15:59:08.252763,273214,199.76,199.72,600,300,-449,4004
182,BA,2020-11-20,0 days 15:59:17.252741,281314,199.65,199.59,300,100,-18025,5388
183,BA,2020-11-20,0 days 15:59:18.253009,278009,199.61,199.52,100,412,5918,-18025
184,BABA,2020-11-20,0 days 15:56:16.591330,527833,272.08,272.02,403,100,17864,-8536
185,BABA,2020-11-20,0 days 15:56:17.591070,526297,272.07,272.02,200,100,-1536,17864
186,BABA,2020-11-20,0 days 15:57:04.592873,541503,272.0,271.96,100,200,1038,-1562
187,BABA,2020-11-20,0 days 15:57:25.594369,542428,271.74,271.71,780,328,-627,273
188,BABA,2020-11-20,0 days 15:57:26.594106,541622,271.71,271.63,700,100,806,-627
189,BABA,2020-11-20,0 days 15:57:31.594651,542428,271.67,271.58,400,100,-3294,5577
190,BABA,2020-11-20,0 days 15:57:32.592619,541584,271.67,271.56,200,100,1344,-3294
191,BABA,2020-11-20,0 days 15:57:35.592896,544828,271.56,271.5,1390,520,-1622,2477
192,BABA,2020-11-20,0 days 15:59:05.599075,610859,271.2,271.16,150,100,13519,-20894
193,BABA,2020-11-20,0 days 15:59:06.597984,608277,271.23,271.19,100,100,-2582,13519
194,BABA,2020-11-20,0 days 15:59:09.598136,605345,271.1,271.03,100,300,6246,-2069
195,BABA,2020-11-20,0 days 15:59:10.598415,601591,271.27,271.1,500,100,-7930,6246
196,BABA,2020-11-20,0 days 15:59:11.598949,607250,271.23,271.15,100,100,7341,-7930
197,BABA,2020-11-20,0 days 15:59:12.597538,603591,271.29,271.21,100,100,-7268,7341
198,BABA,2020-11-20,0 days 15:59:16.596464,607250,271.14,271.01,100,100,6145,-226
199,BABA,2020-11-20,0 days 15:59:17.597792,603695,271.18,271.11,200,272,-9108,6145
200,BABA,2020-11-20,0 days 15:59:18.596808,608627,271.04,270.87,300,101,7068,-9108
201,BABA,2020-11-20,0 days 15:59:21.596258,606097,270.99,270.86,100,300,-597,1070
202,BABA,2020-11-20,0 days 15:59:22.595293,603326,270.96,270.86,100,100,2771,-597
203,BABA,2020-11-20,0 days 15:59:23.595674,602897,271.0,270.87,200,100,-1439,2771
204,BABA,2020-11-20,0 days 15:59:26.596628,604336,270.88,270.8,100,202,3561,-3907
205,BABA,2020-11-20,0 days 15:59:31.597046,599898,270.79,270.66,1000,843,-121,5472
206,BABA,2020-11-20,0 days 15:59:32.595524,599819,270.72,270.68,200,100,79,-121
207,BABA,2020-11-20,0 days 15:59:39.596743,600618,270.82,270.74,106,910,-9279,432
208,BABA,2020-11-20,0 days 15:59:40.597967,596487,270.69,270.59,950,101,4231,-9279
209,BABA,2020-11-20,0 days 15:59:48.597884,602809,270.82,270.68,650,449,-10388,556
210,BABA,2020-11-20,0 days 15:59:49.598026,598320,270.86,270.67,100,1000,4489,-10388
211,BABA,2020-11-20,0 days 15:59:50.598675,602809,270.82,270.76,800,300,-8488,4489
212,BABA,2020-11-20,0 days 15:59:51.598419,601620,270.7,270.58,100,111,2451,-8488
213,BAC,2020-11-20,0 days 15:55:01.562240,2608983,26.82,26.81,87158,74571,10207,-3593
214,BAC,2020-11-20,0 days 15:55:13.563262,2621651,26.82,26.81,22774,96246,-1617,5384
215,BAC,2020-11-20,0 days 15:55:26.564058,2624250,26.82,26.81,34084,98525,-21119,7983
216,BAC,2020-11-20,0 days 15:55:28.564598,2624864,26.82,26.81,47567,98303,7604,-614
217,BAC,2020-11-20,0 days 15:55:33.565086,2633578,26.82,26.81,34197,101403,-9186,8714
218,BAC,2020-11-20,0 days 15:55:34.566317,2627878,26.82,26.81,46542,98403,5716,-9186
219,BAC,2020-11-20,0 days 15:56:55.569254,2665959,26.82,26.81,60925,67654,-16477,15723
220,BAC,2020-11-20,0 days 15:56:56.569425,2657336,26.82,26.81,62380,62396,8623,-16477
221,BAC,2020-11-20,0 days 15:57:46.567404,2721331,26.81,26.8,43311,79110,-16083,1817
222,BAC,2020-11-20,0 days 15:57:47.567737,2710014,26.81,26.8,49456,72810,12317,-16083
223,BAC,2020-11-20,0 days 15:57:54.567777,2723831,26.81,26.8,55295,57861,-14059,9141
224,BAC,2020-11-20,0 days 15:57:55.568106,2712790,26.81,26.8,49065,62861,11041,-14059
225,BAC,2020-11-20,0 days 15:58:26.569443,2734434,26.81,26.8,15997,95678,-17950,12050
226,BAC,2020-11-20,0 days 15:58:58.570628,2771145,26.8,26.79,33795,111208,-1730,8952
227,BAC,2020-11-20,0 days 15:58:59.570615,2772875,26.8,26.79,33595,110995,9315,-1730
228,BAC,2020-11-20,0 days 15:59:00.571857,2751153,26.8,26.79,54338,90699,-21722,9315
229,BAC,2020-11-20,0 days 15:59:31.570672,2803861,26.81,26.8,30478,142013,-42446,4065
230,BAC,2020-11-20,0 days 15:59:32.569862,2796707,26.81,26.8,30265,145777,7254,-42446
231,BAX,2020-11-20,0 days 15:55:06.251420,425853,77.08,77.06,2154,222,-110,355
232,BAX,2020-11-20,0 days 15:56:00.256734,429988,77.11,77.1,3031,554,-18023,172
233,BAX,2020-11-20,0 days 15:56:59.257473,461824,77.02,77.01,1131,474,-152,6548
234,BAX,2020-11-20,0 days 15:57:12.258384,473824,77.03,77.02,610,788,-1426,1074
235,BAX,2020-11-20,0 days 15:57:25.259737,466624,77.01,77.0,5456,1421,-626,4074
236,BAX,2020-11-20,0 days 15:59:15.264288,468087,77.01,77.0,300,322,3944,-1556
237,BB,2020-11-20,0 days 15:59:37.246439,53106,5.77,5.76,142268,24724,11288,-812
238,BBD,2020-11-20,0 days 15:59:36.255312,787592,4.56,4.55,743812,715840,73382,-211618
239,BBD,2020-11-20,0 days 15:59:37.254348,776974,4.56,4.55,743512,715840,-10618,73382
240,BBD,2020-11-20,0 days 15:59:47.254997,787592,4.56,4.55,744788,596540,12571,-7325
241,BBD,2020-11-20,0 days 15:59:48.255993,778163,4.56,4.55,744688,596540,-9429,12571
242,BBVA,2020-11-20,0 days 15:59:37.246599,46265,4.22,4.21,269196,129477,16241,-959
243,BBVA,2020-11-20,0 days 15:59:38.246377,45306,4.22,4.21,269005,129477,-959,16241
244,BE,2020-11-20,0 days 15:59:04.599463,85700,18.71,18.7,1439,2363,-12009,1098
245,BEKE,2020-11-20,0 days 15:59:14.572286,554278,60.27,60.09,100,100,149681,-372834
246,BEN,2020-11-20,0 days 15:55:00.242153,213713,20.58,20.56,6495,2123,-7565,23611
247,BEN,2020-11-20,0 days 15:59:17.252637,269647,20.55,20.54,2300,5282,-2075,18204
248,BEN,2020-11-20,0 days 15:59:50.255479,217535,20.57,20.56,572,10549,49584,-10162
249,BERY,2020-11-20,0 days 15:56:31.248180,97915,54.0,53.97,953,518,-518,1170
250,BERY,2020-11-20,0 days 15:56:32.248108,94533,53.99,53.92,500,600,3382,-518
251,BERY,2020-11-20,0 days 15:59:07.254808,106370,53.95,53.94,576,100,-2599,201
252,BERY,2020-11-20,0 days 15:59:08.255023,104069,53.94,53.93,100,394,2201,-2599
253,BERY,2020-11-20,0 days 15:59:15.255223,109270,53.94,53.92,276,101,-584,2301
254,BERY,2020-11-20,0 days 15:59:18.253376,106586,53.93,53.91,100,100,2684,-6316
255,BERY,2020-11-20,0 days 15:59:31.254282,109370,53.94,53.91,300,100,-91,450
256,BERY,2020-11-20,0 days 15:59:35.254086,107901,53.92,53.89,399,200,1369,-91
257,BERY,2020-11-20,0 days 15:59:43.255558,106001,53.99,53.96,200,200,869,-2031
258,BERY,2020-11-20,0 days 15:59:46.255603,107770,53.99,53.96,100,200,-1573,869
259,BERY,2020-11-20,0 days 15:59:59.249949,104579,54.05,53.96,400,300,-7164,227
260,BEST,2020-11-20,0 days 15:59:00.256109,49152,2.86,2.85,4963,4688,-3788,852
261,BEST,2020-11-20,0 days 15:59:01.254222,47140,2.86,2.85,6663,4688,2012,-3788
262,BEST,2020-11-20,0 days 15:59:45.247922,49591,2.86,2.85,13171,15018,-249,2351
263,BEST,2020-11-20,0 days 15:59:47.248435,48340,2.86,2.85,12771,15018,1251,-3549
264,BHC,2020-11-20,0 days 15:55:01.587147,40897,19.71,19.7,4263,651,984,-15816
265,BHC,2020-11-20,0 days 15:55:43.591477,41881,19.71,19.7,2486,5039,-441,911
266,BHC,2020-11-20,0 days 15:55:44.591670,41122,19.71,19.7,3486,2239,759,-441
267,BHC,2020-11-20,0 days 15:56:53.592907,44963,19.71,19.7,5203,2503,-1383,1037
268,BHC,2020-11-20,0 days 15:56:54.593211,44146,19.71,19.7,3903,3403,817,-1383
269,BHC,2020-11-20,0 days 15:57:15.593724,44963,19.71,19.7,4503,3008,-3882,718
270,BHC,2020-11-20,0 days 15:57:38.592867,48845,19.69,19.68,3330,5202,618,-382
271,BHC,2020-11-20,0 days 15:57:39.593206,48463,19.69,19.68,3530,5442,-382,618
272,BHC,2020-11-20,0 days 15:59:30.598427,53257,19.68,19.67,5772,612,6249,-1069
273,BHC,2020-11-20,0 days 15:59:31.597757,52806,19.68,19.67,1600,5612,-451,6249
274,BHC,2020-11-20,0 days 15:59:46.598527,58557,19.69,19.68,3704,4167,533,-651
275,BHC,2020-11-20,0 days 15:59:47.597727,57990,19.69,19.68,3650,2100,-567,533
276,BHC,2020-11-20,0 days 16:00:00.596340,53257,19.71,19.64,500,100,2933,-2367
277,BJ,2020-11-20,0 days 15:55:06.562778,100414,42.19,42.17,100,1694,-839,293
278,BJ,2020-11-20,0 days 15:55:15.563869,100414,42.2,42.17,400,2117,-434,61
279,BJ,2020-11-20,0 days 15:55:22.564157,100414,42.21,42.17,172,2814,-334,166
280,BJ,2020-11-20,0 days 15:55:34.566301,107127,42.2,42.17,300,1884,-421,679
281,BJ,2020-11-20,0 days 15:55:51.565281,112481,42.2,42.17,1343,2224,994,-854
282,BJ,2020-11-20,0 days 15:55:52.564939,111575,42.2,42.17,1343,2196,-706,994
283,BJ,2020-11-20,0 days 15:56:12.566014,115629,42.2,42.18,1115,1721,566,-1134
284,BJ,2020-11-20,0 days 15:56:13.565772,114695,42.2,42.18,1067,1721,-634,566
285,BJ,2020-11-20,0 days 15:59:01.571718,125043,42.19,42.17,540,100,4203,-194
286,BJ,2020-11-20,0 days 15:59:28.569907,141814,42.07,42.03,100,366,809,-760
287,BJ,2020-11-20,0 days 15:59:30.570560,137723,42.07,42.03,100,566,-2191,2709
288,BK,2020-11-20,0 days 15:59:14.598093,555041,37.8,37.79,9430,1022,53165,-2899
289,BK,2020-11-20,0 days 15:59:34.596798,577720,37.86,37.85,370,5889,-2944,7409
290,BKR,2020-11-20,0 days 15:59:06.120763,589197,18.19,18.18,4709,10140,-34068,6623
291,BKR,2020-11-20,0 days 15:59:17.114313,611398,18.19,18.18,7026,5872,62375,-11401
292,BKR,2020-11-20,0 days 15:59:21.114344,672709,18.19,18.18,13546,2224,1064,-1636
293,BKR,2020-11-20,0 days 15:59:26.115214,674062,18.19,18.18,2246,8790,-7297,4153
294,BKR,2020-11-20,0 days 15:59:35.114915,662366,18.18,18.16,12653,5840,13902,-5914
295,BKR,2020-11-20,0 days 15:59:47.115255,683327,18.18,18.17,10793,4390,-20421,14929
296,BKR,2020-11-20,0 days 15:59:50.117413,549948,18.18,18.17,3693,6093,136089,-13311
297,BKR,2020-11-20,0 days 16:00:00.159093,683537,18.22,18.2,800,800,-4462,24867
298,BMY,2020-11-20,0 days 15:59:50.255537,944221,61.65,61.64,3491,100,-75446,8854
299,BORR,2020-11-20,0 days 16:00:00.594397,301,0.61,0.6,700,9008,3199,-301
300,BP,2020-11-20,0 days 15:55:00.232059,71883,19.51,19.5,33951,34650,-6255,28601
301,BP,2020-11-20,0 days 15:59:07.241827,101037,19.5,19.49,29617,81756,-15043,11857
302,BP,2020-11-20,0 days 15:59:37.239855,116080,19.5,19.49,68357,45455,6257,-443
303,BP,2020-11-20,0 days 15:59:38.239606,115637,19.5,19.49,66353,45355,-443,6257
304,BP,2020-11-20,0 days 15:59:46.241050,116080,19.5,19.49,64495,45378,1857,-443
305,BP,2020-11-20,0 days 15:59:47.241169,115737,19.5,19.49,65495,43900,-343,1857
306,BRFS,2020-11-20,0 days 15:55:00.231950,14883,3.9,3.89,125003,117656,8304,-295
307,BRFS,2020-11-20,0 days 15:58:59.240441,26187,3.89,3.88,197726,190765,-3408,1030
308,BRFS,2020-11-20,0 days 15:59:37.239813,35535,3.89,3.88,248225,119903,1052,-348
309,BRK.B,2020-11-20,0 days 15:55:00.241531,645942,227.21,227.13,100,126,9536,-59065
310,BRK.B,2020-11-20,0 days 15:55:56.244967,659098,227.16,227.14,550,639,-27533,3746
311,BRK.B,2020-11-20,0 days 15:55:57.244485,658231,227.14,227.12,238,204,867,-27533
312,BRK.B,2020-11-20,0 days 15:56:03.244416,659437,227.16,227.14,527,157,-1494,1165
313,BRK.B,2020-11-20,0 days 15:56:04.244068,658831,227.16,227.15,627,200,565,-1494
314,BRK.B,2020-11-20,0 days 15:59:21.246567,756289,227.1,227.02,100,100,-1570,541
315,BRK.B,2020-11-20,0 days 15:59:22.245757,756059,227.1,227.03,100,200,189,-1570
316,BRK.B,2020-11-20,0 days 15:59:24.245787,756289,227.1,227.04,100,100,-10214,189
317,BRK.B,2020-11-20,0 days 15:59:29.247636,765603,227.07,227.02,200,100,5114,-6891
318,BRK.B,2020-11-20,0 days 15:59:30.248744,770717,227.07,227.01,300,361,-10823,5114
319,BRX,2020-11-20,0 days 15:56:01.245828,247838,16.7,16.69,4170,2015,1635,-648
320,BRX,2020-11-20,0 days 15:56:13.245883,250373,16.69,16.68,2900,3316,-3165,1635
321,BRX,2020-11-20,0 days 15:57:49.247718,208073,16.67,16.66,2422,3637,-3258,4542
322,BRX,2020-11-20,0 days 15:57:56.248360,213231,16.67,16.66,3122,3442,37142,-4158
323,BRX,2020-11-20,0 days 15:58:00.249588,252473,16.68,16.67,3500,2624,-558,242
324,BRX,2020-11-20,0 days 15:58:50.251727,280810,16.67,16.66,1654,4037,-2440,9668
325,BRX,2020-11-20,0 days 15:59:48.254421,288423,16.69,16.68,4100,5869,-3780,4220
326,BRX,2020-11-20,0 days 15:59:50.255933,282203,16.69,16.68,4634,5888,5320,-3880
327,BSX,2020-11-20,0 days 15:55:01.240852,796857,33.8,33.79,5578,7479,9194,-36297
328,BSX,2020-11-20,0 days 15:56:44.245073,952705,33.77,33.75,14061,3221,-24591,1703
329,BSX,2020-11-20,0 days 15:56:45.244836,937996,33.77,33.76,6401,4601,14403,-24591
330,BSX,2020-11-20,0 days 15:57:35.245666,962005,33.75,33.73,14099,6803,-2055,4545
331,BSX,2020-11-20,0 days 15:57:36.245817,951660,33.75,33.73,14101,6803,10345,-2055
332,BSX,2020-11-20,0 days 15:59:06.251604,1015271,33.67,33.66,2200,3976,4703,-9297
333,BSX,2020-11-20,0 days 15:59:30.247316,1031482,33.67,33.65,5518,3441,-2070,6329
334,BSX,2020-11-20,0 days 15:59:47.246521,1049382,33.67,33.66,9821,1900,-6027,4181
335,BWA,2020-11-20,0 days 15:55:00.586485,162672,37.51,37.49,566,100,-1366,43241
336,BWA,2020-11-20,0 days 15:58:10.596550,172649,37.46,37.45,200,962,2615,-119
337,BWA,2020-11-20,0 days 15:59:01.597525,172931,37.51,37.49,800,756,-1340,851
338,BWA,2020-11-20,0 days 15:59:02.598136,174271,37.51,37.49,1197,656,1906,-1340
339,BWA,2020-11-20,0 days 15:59:45.598589,175858,37.51,37.49,603,300,10949,-3691
340,BWA,2020-11-20,0 days 15:59:46.598007,186807,37.52,37.51,1320,200,-8167,10949
341,BWA,2020-11-20,0 days 15:59:50.598828,167733,37.53,37.52,543,774,9234,-4107
342,BX,2020-11-20,0 days 15:55:10.243345,138806,58.71,58.7,500,600,13266,-7150
343,BX,2020-11-20,0 days 15:55:11.242792,137572,58.72,58.71,589,317,-1234,13266
344,BX,2020-11-20,0 days 15:55:44.245845,138955,58.7,58.68,1072,100,1248,-786
345,BX,2020-11-20,0 days 15:57:16.247078,138430,58.7,58.68,200,603,202,-598
346,BX,2020-11-20,0 days 15:57:17.247253,137932,58.71,58.68,759,603,-498,202
347,BX,2020-11-20,0 days 15:57:32.247948,138430,58.69,58.65,920,302,302,-598
348,BX,2020-11-20,0 days 15:57:33.247224,137932,58.69,58.65,1324,502,-498,302
349,BX,2020-11-20,0 days 15:57:36.247255,138430,58.69,58.65,1381,602,202,-498
350,BX,2020-11-20,0 days 15:58:52.251339,144009,58.7,58.69,375,400,-221,379
351,BX,2020-11-20,0 days 15:58:53.251263,143630,58.7,58.69,375,300,379,-221
352,BX,2020-11-20,0 days 15:59:27.246338,146230,58.64,58.62,297,600,-226,474
353,BX,2020-11-20,0 days 15:59:28.246486,145856,58.64,58.63,156,200,374,-226
354,BX,2020-11-20,0 days 15:59:35.246075,148316,58.64,58.63,285,100,-140,1260
355,BX,2020-11-20,0 days 15:59:36.247491,148456,58.64,58.63,385,300,160,-140
356,C,2020-11-20,0 days 15:59:15.569849,1175965,51.65,51.64,13546,1595,-76779,100445
357,C,2020-11-20,0 days 15:59:29.570240,1204031,51.63,51.62,6560,3101,1930,-5270
358,C,2020-11-20,0 days 15:59:31.570504,1188075,51.65,51.64,3444,4600,-37112,1930
359,C,2020-11-20,0 days 15:59:55.572730,1247491,51.66,51.65,717,5000,29473,-48171
360,C,2020-11-20,0 days 15:59:56.571711,1199320,51.66,51.65,417,6698,-48653,29473
361,CAG,2020-11-20,0 days 15:56:33.594173,483941,35.86,35.85,1321,2702,18358,-17242
362,CAG,2020-11-20,0 days 15:57:08.593519,498978,35.87,35.86,2300,1000,-4387,7113
363,CAG,2020-11-20,0 days 15:59:14.598048,520557,35.83,35.82,1391,2811,397,-13980
364,CAH,2020-11-20,0 days 15:59:14.254827,237204,51.86,51.84,600,400,-3847,2123
365,CAH,2020-11-20,0 days 15:59:46.255229,272285,51.81,51.79,330,600,-4299,1614
366,CAH,2020-11-20,0 days 15:59:50.258492,232584,51.81,51.79,700,1260,40201,-3699
367,CARR,2020-11-20,0 days 15:55:00.242884,276451,38.52,38.51,1829,5116,1853,-821
368,CARR,2020-11-20,0 days 15:59:01.254436,289009,38.58,38.56,700,869,-8960,6875
369,CARR,2020-11-20,0 days 15:59:02.253126,285769,38.57,38.56,100,1569,3947,-8960
370,CARR,2020-11-20,0 days 15:59:15.248387,290123,38.57,38.56,1100,267,-4948,2338
371,CARR,2020-11-20,0 days 15:59:16.246554,288871,38.57,38.56,400,268,1252,-4948
372,CARR,2020-11-20,0 days 15:59:30.249330,291217,38.58,38.56,1300,504,-1633,1763
373,CAT,2020-11-20,0 days 15:58:10.250007,419887,172.52,172.42,407,700,-4600,2959
374,CAT,2020-11-20,0 days 15:58:11.249864,413514,172.49,172.42,144,700,6483,-4600
375,CAT,2020-11-20,0 days 15:58:12.250145,419887,172.52,172.42,400,700,-1572,6483
376,CAT,2020-11-20,0 days 15:58:14.249841,419659,172.52,172.42,400,500,228,-1272
377,CAT,2020-11-20,0 days 15:58:19.250638,420063,172.45,172.36,200,1000,-3523,7594
378,CAT,2020-11-20,0 days 15:58:21.250320,419461,172.34,172.19,200,100,888,-2957
379,CAT,2020-11-20,0 days 15:58:29.251859,420173,172.39,172.29,200,200,-1413,888
380,CAT,2020-11-20,0 days 15:58:31.250918,419461,172.31,172.25,300,184,888,-1413
381,CAT,2020-11-20,0 days 15:58:37.250830,415494,172.29,172.19,100,100,-2867,888
382,CAT,2020-11-20,0 days 15:58:56.251021,419842,172.37,172.28,200,200,-522,13
383,CAT,2020-11-20,0 days 15:59:00.256243,422313,172.38,172.26,100,300,2726,-1229
384,CAT,2020-11-20,0 days 15:59:04.252663,426566,172.41,172.29,300,100,-8472,4253
385,CAT,2020-11-20,0 days 15:59:33.246380,468827,172.25,172.14,100,100,46,-15673
386,CAT,2020-11-20,0 days 15:59:38.246421,468983,172.23,172.15,328,100,-4444,2090
387,CAT,2020-11-20,0 days 15:59:45.248109,473827,172.2,172.09,600,300,598,-4744
388,CAT,2020-11-20,0 days 15:59:46.248159,475092,172.2,172.11,600,200,-7318,598
389,CAT,2020-11-20,0 days 15:59:50.251471,477710,172.19,172.09,500,300,2180,-4454
390,CAT,2020-11-20,0 days 15:59:53.247285,479846,172.24,172.13,300,100,-6464,580
391,CAT,2020-11-20,0 days 15:59:54.248257,479310,172.24,172.13,300,100,580,-6464
392,CAT,2020-11-20,0 days 15:59:55.247597,479781,172.25,172.13,100,100,-6529,580
393,CB,2020-11-20,0 days 15:59:15.253362,359570,148.8,148.65,200,100,-10838,15193
394,CB,2020-11-20,0 days 15:59:50.255331,350191,148.88,148.81,390,150,12774,-4051
395,CCC,2020-11-20,0 days 15:55:41.245089,37119,27.77,27.76,2111,888,9438,-1037
396,CCC,2020-11-20,0 days 15:56:06.245580,37507,27.74,27.72,2008,503,-191,288
397,CCC,2020-11-20,0 days 15:56:25.246233,37709,27.74,27.72,2208,300,898,-202
398,CCC,2020-11-20,0 days 15:57:54.248832,40451,27.78,27.76,300,203,-1198,1802
399,CCC,2020-11-20,0 days 15:57:55.248297,40249,27.78,27.76,2000,103,202,-1198
400,CCC,2020-11-20,0 days 15:58:04.249419,40451,27.78,27.76,2108,606,-1598,202
401,CCC,2020-11-20,0 days 15:58:58.251524,42049,27.73,27.7,11900,600,834,-1198
402,CCC,2020-11-20,0 days 15:59:01.254222,44583,27.73,27.71,12517,309,-666,534
403,CCC,2020-11-20,0 days 15:59:32.246147,45320,27.69,27.67,17605,311,-839,1531
404,CCC,2020-11-20,0 days 15:59:47.248253,46214,27.68,27.64,600,200,1656,-94
405,CCI,2020-11-20,0 days 15:55:00.562290,142169,167.18,167.12,100,100,10779,-42099
406,CCI,2020-11-20,0 days 15:59:06.571995,165390,167.1,167.03,305,100,-3008,1135
407,CCI,2020-11-20,0 days 15:59:07.571439,164408,167.04,166.96,100,100,1485,-3008
408,CCI,2020-11-20,0 days 15:59:11.571642,165893,167.05,166.97,100,100,-915,1548
409,CCI,2020-11-20,0 days 15:59:12.571953,164508,167.01,166.96,202,100,3848,-915
410,CCI,2020-11-20,0 days 15:59:15.569903,168556,166.98,166.86,100,100,-11996,1548
411,CCI,2020-11-20,0 days 15:59:24.569921,180052,166.93,166.8,700,200,5,-8196
412,CCI,2020-11-20,0 days 15:59:26.570368,177657,167.01,166.86,200,200,-2295,105
413,CCI,2020-11-20,0 days 15:59:32.569794,180703,166.98,166.91,200,300,-155,45
414,CCI,2020-11-20,0 days 15:59:33.569583,180558,166.98,166.85,600,200,353,-155
415,CCI,2020-11-20,0 days 15:59:42.570453,181601,166.95,166.85,400,100,-367,143
416,CCI,2020-11-20,0 days 15:59:44.570739,181268,166.97,166.91,100,320,233,-67
417,CCI,2020-11-20,0 days 15:59:48.570546,186302,166.92,166.79,600,100,-1,359
418,CCI,2020-11-20,0 days 15:59:49.571639,186003,166.92,166.79,600,100,299,-1
419,CCL,2020-11-20,0 days 15:55:00.251468,3361699,17.37,17.36,12390,5741,-147,129204
420,CCL,2020-11-20,0 days 15:55:13.251839,3361846,17.37,17.36,12601,21940,439,-61
421,CCL,2020-11-20,0 days 15:55:28.253968,3362285,17.36,17.35,14876,20534,-280,2
422,CCL,2020-11-20,0 days 15:55:35.253869,3362602,17.36,17.35,737,38350,2869,-280
423,CCL,2020-11-20,0 days 15:55:52.255668,3365471,17.37,17.36,18706,17359,-137,1812
424,CCL,2020-11-20,0 days 15:56:01.256315,3365762,17.37,17.36,2831,25857,153,-291
425,CCL,2020-11-20,0 days 15:56:12.255677,3366215,17.36,17.35,8450,29179,-45219,453
426,CCL,2020-11-20,0 days 15:57:35.258406,3344095,17.37,17.36,7091,31314,21820,-6380
427,CCL,2020-11-20,0 days 15:57:37.258190,3366215,17.37,17.36,20046,12198,-8580,8820
428,CCL,2020-11-20,0 days 15:57:40.259110,3357395,17.37,17.36,16208,14031,8820,-8580
429,CCL,2020-11-20,0 days 15:57:41.258441,3366215,17.37,17.36,15408,13531,-8580,8820
430,CCL,2020-11-20,0 days 15:57:43.258456,3357395,17.37,17.36,13108,15431,8820,-8580
431,CCL,2020-11-20,0 days 15:57:44.258477,3366215,17.37,17.36,12154,13531,-8580,8820
432,CCL,2020-11-20,0 days 15:57:52.259134,3356544,17.37,17.36,11989,15682,9681,-8619
433,CCL,2020-11-20,0 days 15:57:53.259537,3366225,17.37,17.36,11135,15282,-8619,9681
434,CCL,2020-11-20,0 days 15:57:55.259190,3356544,17.37,17.36,17130,13982,9681,-8619
435,CCL,2020-11-20,0 days 15:57:56.259674,3366225,17.37,17.36,17556,13982,-8619,9681
436,CCL,2020-11-20,0 days 15:58:09.261616,3354945,17.37,17.36,23427,11673,12160,-38920
437,CCL,2020-11-20,0 days 15:58:10.260825,3367105,17.37,17.36,22577,13849,-8340,12160
438,CCL,2020-11-20,0 days 15:58:11.261518,3349345,17.37,17.36,22772,10500,17772,-8340
439,CCL,2020-11-20,0 days 15:58:16.261985,3367117,17.37,17.36,23162,8743,-428,1072
440,CCL,2020-11-20,0 days 15:58:20.261121,3351645,17.37,17.36,23616,8315,15472,-5828
441,CCL,2020-11-20,0 days 15:58:21.261118,3367117,17.37,17.36,22313,8625,-5828,15472
442,CDE,2020-11-20,0 days 15:55:06.244663,313903,7.61,7.6,16732,10278,22750,-7050
443,CDE,2020-11-20,0 days 15:55:07.244918,309753,7.61,7.6,17421,9878,-4150,22750
444,CDE,2020-11-20,0 days 15:56:34.248034,315508,7.61,7.6,16040,10206,369,-361
445,CDE,2020-11-20,0 days 15:56:35.248496,311777,7.61,7.6,15040,12706,-3731,369
446,CDE,2020-11-20,0 days 15:57:12.250367,316008,7.61,7.6,14724,10288,106510,-4090
447,CDE,2020-11-20,0 days 15:57:26.250459,361208,7.62,7.61,15298,12250,3110,-12390
448,CDE,2020-11-20,0 days 15:57:42.250029,364318,7.62,7.61,16427,14399,-2490,10
449,CDE,2020-11-20,0 days 15:57:43.249689,362308,7.62,7.61,16227,13899,2010,-2490
450,CDE,2020-11-20,0 days 15:57:44.249703,364318,7.62,7.61,16127,14899,-1590,2010
451,CDE,2020-11-20,0 days 15:57:45.250099,362808,7.62,7.61,16127,14699,1510,-1590
452,CDE,2020-11-20,0 days 15:57:47.250376,364331,7.62,7.61,16331,14299,-2077,1523
453,CDE,2020-11-20,0 days 15:57:48.249841,353308,7.62,7.61,16431,14287,11023,-2077
454,CF,2020-11-20,0 days 15:57:26.258173,197761,33.63,33.62,4285,1977,-4342,58
455,CF,2020-11-20,0 days 15:58:59.262515,200500,33.53,33.52,2440,200,875,-232
456,CF,2020-11-20,0 days 15:59:06.263907,213753,33.54,33.53,971,1854,-13542,15278
457,CF,2020-11-20,0 days 15:59:33.263214,218672,33.51,33.5,1125,1240,11716,-1687
458,CF,2020-11-20,0 days 15:59:34.262609,220088,33.54,33.52,1100,1300,-7440,11716
459,CF,2020-11-20,0 days 15:59:45.265306,227888,33.53,33.52,1737,200,-201,265
460,CFG,2020-11-20,0 days 15:55:26.253529,346187,32.45,32.44,1439,6320,3366,-25734
461,CFG,2020-11-20,0 days 15:55:27.253878,344853,32.45,32.44,1439,6120,-1334,3366
462,CFG,2020-11-20,0 days 15:55:41.254661,348288,32.45,32.44,1080,6716,3242,-3435
463,CFG,2020-11-20,0 days 15:55:42.254897,347730,32.45,32.44,780,7516,-558,3242
464,CFG,2020-11-20,0 days 15:55:44.254860,348288,32.45,32.44,2880,4449,397,-558
465,CFG,2020-11-20,0 days 15:55:56.255353,350658,32.46,32.45,1205,4922,5627,-5573
466,CFG,2020-11-20,0 days 15:55:57.255076,347485,32.46,32.45,1005,5022,-3173,5627
467,CFG,2020-11-20,0 days 15:56:35.256520,350788,32.44,32.43,3050,3124,-2553,3947
468,CFG,2020-11-20,0 days 15:59:07.264155,403351,32.38,32.37,6521,3392,25007,-312
469,CFG,2020-11-20,0 days 15:59:08.264010,400358,32.38,32.37,4921,3792,-2993,25007
470,CFG,2020-11-20,0 days 15:59:16.263707,420541,32.36,32.35,4403,2900,962,-16558
471,CFG,2020-11-20,0 days 15:59:29.264184,414628,32.33,32.32,3610,1300,-1076,3103
472,CFG,2020-11-20,0 days 15:59:40.264199,415704,32.33,32.32,7137,1268,560,-440
473,CFG,2020-11-20,0 days 15:59:50.268581,384171,32.31,32.3,5790,1298,-25433,5967
474,CHGG,2020-11-20,0 days 15:55:00.243672,67640,71.13,71.08,1088,258,94,-30713
475,CHGG,2020-11-20,0 days 15:58:11.250838,74934,71.2,71.19,135,526,-802,2675
476,CHGG,2020-11-20,0 days 15:58:57.252677,75736,71.2,71.19,120,478,2453,-747
477,CHGG,2020-11-20,0 days 15:59:04.254970,79158,71.24,71.2,300,310,-519,3122
478,CHGG,2020-11-20,0 days 15:59:12.254517,72675,71.2,71.15,100,571,3350,-252
479,CHGG,2020-11-20,0 days 15:59:36.255326,79625,71.21,71.17,805,300,-696,3186
480,CHGG,2020-11-20,0 days 15:59:46.255066,80321,71.21,71.17,500,701,4481,-696
481,CHGG,2020-11-20,0 days 15:59:50.258233,75802,71.21,71.17,600,400,-4519,3981
482,CHL,2020-11-20,0 days 15:55:00.244420,15276,30.3,30.29,2397,5170,325,-460
483,CHL,2020-11-20,0 days 15:59:05.255639,17374,30.33,30.32,1990,2778,-768,201
484,CHL,2020-11-20,0 days 15:59:15.254819,18931,30.33,30.32,1784,2578,121,-57
485,CHL,2020-11-20,0 days 15:59:30.257397,17452,30.34,30.33,2801,1692,-1679,121
486,CHWY,2020-11-20,0 days 15:59:06.572277,89453,68.65,68.56,100,500,-2283,1107
487,CHWY,2020-11-20,0 days 15:59:29.570595,87211,68.68,68.64,301,111,558,-3390
488,CHWY,2020-11-20,0 days 15:59:43.570328,87784,68.62,68.57,200,200,-1145,1122
489,CHWY,2020-11-20,0 days 15:59:50.571913,70662,68.61,68.52,100,400,17122,-1778
490,CI,2020-11-20,0 days 15:57:51.248129,173747,205.21,205.0,188,104,336,-764
491,CI,2020-11-20,0 days 15:57:52.248467,172783,205.14,205.01,300,100,-964,336
492,CI,2020-11-20,0 days 15:57:58.248822,170583,205.22,204.94,100,400,-3164,1236
493,CI,2020-11-20,0 days 15:59:12.253211,177526,205.33,205.06,200,113,1540,-1160
494,CI,2020-11-20,0 days 15:59:18.246592,176725,205.27,205.07,100,200,-801,4099
495,CI,2020-11-20,0 days 15:59:23.246938,177526,205.3,205.07,200,100,1899,-801
496,CI,2020-11-20,0 days 15:59:24.246323,173425,205.3,205.08,100,500,-4101,1899
497,CI,2020-11-20,0 days 15:59:31.247171,181138,205.32,205.1,206,600,7718,-7082
498,CI,2020-11-20,0 days 15:59:33.246403,180756,205.22,205.06,300,100,-382,1418
499,CI,2020-11-20,0 days 15:59:42.246921,181321,205.19,204.98,600,100,1675,-35
500,CI,2020-11-20,0 days 15:59:44.246851,181747,205.19,204.97,600,100,-74,2226
501,CI,2020-11-20,0 days 15:59:46.248292,181321,205.1,204.85,850,385,9792,-74
502,CI,2020-11-20,0 days 15:59:50.251616,172613,204.98,204.78,400,352,-8708,2592
503,CIEN,2020-11-20,0 days 15:55:00.111956,144347,42.2,42.18,400,592,-1596,27976
504,CIEN,2020-11-20,0 days 15:56:03.114855,147846,42.15,42.14,200,792,354,-972
505,CIEN,2020-11-20,0 days 15:56:04.115057,146600,42.16,42.15,400,377,-1246,354
506,CIEN,2020-11-20,0 days 15:57:40.116728,148456,42.14,42.13,200,100,454,-546
507,CIEN,2020-11-20,0 days 15:57:42.116438,147810,42.15,42.12,234,593,-646,1354
508,CIEN,2020-11-20,0 days 15:57:44.116270,148456,42.15,42.12,200,300,54,-646
509,CIEN,2020-11-20,0 days 15:57:45.116051,147910,42.15,42.13,234,100,-546,54
510,CIEN,2020-11-20,0 days 15:57:56.116978,148310,42.12,42.11,100,701,-146,1254
511,CIEN,2020-11-20,0 days 15:57:58.116932,148456,42.12,42.11,100,262,254,-46
512,CIEN,2020-11-20,0 days 15:58:01.118368,146139,42.13,42.1,200,506,-2317,554
513,CIEN,2020-11-20,0 days 15:58:03.117215,148456,42.13,42.11,300,200,683,-917
514,CIEN,2020-11-20,0 days 15:58:04.117939,146366,42.13,42.11,334,500,-2090,683
515,CIEN,2020-11-20,0 days 15:58:06.117912,148456,42.13,42.11,234,706,510,-1290
516,CIEN,2020-11-20,0 days 15:58:07.117802,147766,42.13,42.11,134,700,-690,510
517,CIEN,2020-11-20,0 days 15:58:28.119805,149456,42.14,42.11,502,500,509,-691
518,CIEN,2020-11-20,0 days 15:58:29.118839,148665,42.15,42.12,400,302,-791,509
519,CIEN,2020-11-20,0 days 15:58:31.118570,149456,42.12,42.11,100,700,909,-791
520,CIEN,2020-11-20,0 days 15:58:32.118750,148865,42.12,42.11,100,706,-591,909
521,CIEN,2020-11-20,0 days 15:59:01.120330,149482,42.1,42.08,300,900,2506,-1110
522,CIEN,2020-11-20,0 days 15:59:02.123437,149288,42.12,42.09,100,500,-194,2506
523,CIEN,2020-11-20,0 days 15:59:06.121033,149489,42.1,42.08,300,300,6099,-3401
524,CIEN,2020-11-20,0 days 15:59:11.120777,143925,42.11,42.09,700,200,-5564,8236
525,CIEN,2020-11-20,0 days 15:59:24.115334,149489,42.1,42.08,306,406,536,-364
526,CIG,2020-11-20,0 days 15:56:12.247594,197187,2.22,2.21,196939,208765,-8474,9326
527,CIG,2020-11-20,0 days 15:57:21.249345,206461,2.22,2.21,193189,258210,11626,-9274
528,CIM,2020-11-20,0 days 15:55:00.241853,133663,9.99,9.98,9341,14624,-1984,35923
529,CIM,2020-11-20,0 days 15:55:01.242168,131047,9.99,9.98,9041,17640,2616,-1984
530,CIM,2020-11-20,0 days 15:55:37.244538,133763,9.99,9.98,12541,15341,-184,2716
531,CIM,2020-11-20,0 days 15:55:38.244929,131422,9.99,9.98,12641,15341,2341,-184
532,CIM,2020-11-20,0 days 15:56:53.246935,133763,9.99,9.98,22562,7300,-218,2202
533,CIM,2020-11-20,0 days 15:57:51.248059,133081,9.99,9.98,15983,15215,2082,-18
534,CIM,2020-11-20,0 days 15:59:29.247984,135633,10.0,9.99,15393,13907,-366,19
535,CIM,2020-11-20,0 days 15:59:33.246206,135999,10.0,9.99,16393,14042,57,-366
536,CIM,2020-11-20,0 days 15:59:37.246538,136056,10.0,9.99,19693,13507,-90,57
537,CL,2020-11-20,0 days 15:55:23.247528,360131,85.34,85.32,1155,100,-304,419
538,CL,2020-11-20,0 days 15:55:24.246321,358935,85.34,85.33,1002,100,1196,-304
539,CL,2020-11-20,0 days 15:55:32.247173,360133,85.35,85.34,905,974,-2313,198
540,CL,2020-11-20,0 days 15:55:33.248374,360146,85.35,85.34,601,974,945,-2313
541,CL,2020-11-20,0 days 15:55:59.247817,361564,85.38,85.37,461,747,-3221,879
542,CL,2020-11-20,0 days 15:56:00.248302,361185,85.38,85.37,761,547,379,-3221
543,CL,2020-11-20,0 days 15:56:07.248654,358085,85.37,85.35,600,300,3872,-1235
544,CL,2020-11-20,0 days 15:56:53.249025,368688,85.32,85.3,1172,426,-1469,431
545,CL,2020-11-20,0 days 15:56:54.249025,368057,85.32,85.3,1172,305,631,-1469
546,CL,2020-11-20,0 days 15:57:37.249877,371697,85.31,85.3,400,1000,-660,3140
547,CL,2020-11-20,0 days 15:57:39.253421,370957,85.33,85.32,900,163,740,-2660
548,CL,2020-11-20,0 days 15:57:53.249999,371195,85.32,85.31,122,200,502,-2098
549,CL,2020-11-20,0 days 15:57:55.250091,371697,85.32,85.3,628,626,-398,502
550,CL,2020-11-20,0 days 15:57:59.250496,371697,85.32,85.31,300,422,-4798,102
551,CL,2020-11-20,0 days 15:58:00.251574,370649,85.32,85.31,653,159,1048,-4798
552,CL,2020-11-20,0 days 15:58:03.250436,368112,85.34,85.33,800,422,-5037,163
553,CL,2020-11-20,0 days 15:58:25.252472,366749,85.33,85.31,753,100,1363,-3037
554,CL,2020-11-20,0 days 15:58:29.252713,368112,85.34,85.33,815,400,-537,463
555,CL,2020-11-20,0 days 15:59:03.254493,370021,85.32,85.31,200,100,-2200,326
556,CL,2020-11-20,0 days 15:59:04.254209,373397,85.31,85.3,300,300,238,-2200
557,CL,2020-11-20,0 days 15:59:07.254577,375053,85.31,85.29,1082,300,-46,1306
558,CL,2020-11-20,0 days 15:59:08.254848,374899,85.31,85.3,749,200,154,-46
559,CL,2020-11-20,0 days 15:59:11.254971,361073,85.31,85.3,449,522,-13026,154
560,CL,2020-11-20,0 days 15:59:19.253241,475803,85.19,85.17,353,100,4201,-95637
561,CL,2020-11-20,0 days 15:59:20.253226,469004,85.19,85.17,253,405,-6799,4201
562,CL,2020-11-20,0 days 15:59:28.253018,476106,85.23,85.21,253,300,392,-10423
563,CL,2020-11-20,0 days 15:59:30.257397,471276,85.2,85.19,550,102,-10836,392
564,CL,2020-11-20,0 days 15:59:41.255049,485766,85.19,85.17,400,301,5132,-3059
565,CL,2020-11-20,0 days 15:59:42.254508,485098,85.19,85.17,300,527,-668,5132
566,CL,2020-11-20,0 days 15:59:43.255350,485766,85.19,85.17,300,427,2960,-668
567,CL,2020-11-20,0 days 15:59:46.255155,488799,85.17,85.16,1203,100,-3830,4360
568,CLDR,2020-11-20,0 days 15:56:12.248303,177862,11.3,11.29,7285,3242,-15010,2549
569,CLDR,2020-11-20,0 days 15:56:13.248728,172872,11.29,11.28,8211,5285,4849,-15010
570,CLF,2020-11-20,0 days 15:57:38.236641,590952,9.24,9.23,49986,10465,-3324,2316
571,CLF,2020-11-20,0 days 15:57:39.238003,582276,9.24,9.23,55593,7396,8516,-3324
572,CLNY,2020-11-20,0 days 15:55:00.111029,191001,4.3,4.29,12729,20859,5698,-47920
573,CLNY,2020-11-20,0 days 15:55:37.113601,201233,4.3,4.29,10529,27456,-374,7426
574,CLNY,2020-11-20,0 days 15:57:11.115649,207650,4.32,4.31,18836,20411,39857,-5143
575,CLNY,2020-11-20,0 days 15:57:12.116038,202207,4.32,4.31,18536,20961,-5443,39857
576,CLNY,2020-11-20,0 days 15:58:37.118655,219559,4.31,4.3,14391,28156,67248,-17952
577,CMS,2020-11-20,0 days 15:59:16.253738,453949,61.22,61.19,332,100,1689,-59371
578,CMS,2020-11-20,0 days 15:59:36.254939,458589,61.3,61.26,200,100,-90,2117
579,CNC,2020-11-20,0 days 15:58:08.261591,256024,63.01,62.99,411,750,-3871,4629
580,CNC,2020-11-20,0 days 15:59:37.263865,277046,62.98,62.95,1018,100,782,-2818
581,CNC,2020-11-20,0 days 15:59:41.263717,274228,62.98,62.96,527,200,-2818,782
582,CNC,2020-11-20,0 days 15:59:42.264098,277046,62.97,62.95,600,400,482,-2818
583,CNC,2020-11-20,0 days 15:59:55.264711,271564,63.0,62.97,398,100,-15116,4378
584,CNHI,2020-11-20,0 days 15:55:00.250754,23926,10.56,10.55,29925,8205,1014,-769
585,CNHI,2020-11-20,0 days 15:57:11.258751,25297,10.55,10.54,29182,16697,-8238,762
586,CNHI,2020-11-20,0 days 15:59:37.263694,43247,10.54,10.53,27011,23748,7659,-541
587,CNHI,2020-11-20,0 days 15:59:38.262475,42706,10.54,10.53,26111,23948,-541,7659
588,CNHI,2020-11-20,0 days 15:59:46.264232,42806,10.54,10.53,35217,20954,-535,659
589,CNK,2020-11-20,0 days 15:56:04.591578,150095,14.71,14.7,820,5618,-7368,1568
590,CNK,2020-11-20,0 days 15:57:43.593591,167146,14.68,14.67,876,5914,933,-15267
591,CNK,2020-11-20,0 days 15:57:44.593091,168079,14.69,14.68,1510,2647,-167,933
592,CNK,2020-11-20,0 days 15:57:50.593381,168046,14.69,14.68,1705,2903,43,-1657
593,CNK,2020-11-20,0 days 15:57:51.593888,168089,14.69,14.68,2005,2803,-1557,43
594,CNK,2020-11-20,0 days 15:58:24.596030,161646,14.68,14.67,700,3990,359,-141
595,CNK,2020-11-20,0 days 15:58:32.596099,161586,14.66,14.65,1405,2717,419,-1481
596,CNK,2020-11-20,0 days 15:59:47.597727,171932,14.69,14.68,118,3340,85,-4715
597,CNP,2020-11-20,0 days 15:57:40.248841,250523,23.49,23.48,1524,6882,1163,-137
598,CNP,2020-11-20,0 days 15:57:41.248243,247786,23.5,23.49,2798,6813,-2737,1163
599,CNP,2020-11-20,0 days 15:58:54.251806,239790,23.49,23.48,4185,5432,476,-72
600,CNP,2020-11-20,0 days 15:58:55.251870,238166,23.49,23.48,3685,5432,-1624,476
601,CNP,2020-11-20,0 days 15:59:10.253109,241630,23.49,23.48,8749,1300,10527,-2533
602,CNP,2020-11-20,0 days 15:59:42.253342,275827,23.48,23.47,10178,800,6431,-1429
603,CNP,2020-11-20,0 days 15:59:46.254429,275827,23.47,23.46,2000,7415,831,-969
604,CNQ,2020-11-20,0 days 15:57:06.246687,60838,21.71,21.7,4039,12000,1456,-1444
605,CNQ,2020-11-20,0 days 15:57:07.246672,57494,21.71,21.7,3839,12300,-3344,1456
606,CNQ,2020-11-20,0 days 15:59:08.252763,66074,21.73,21.72,21560,190,2704,-2280
607,CNQ,2020-11-20,0 days 15:59:09.252785,63378,21.73,21.72,21160,177,-1653,2704
608,CNQ,2020-11-20,0 days 15:59:32.253073,64031,21.71,21.7,1331,18426,633,-153
609,CNQ,2020-11-20,0 days 15:59:47.253397,65031,21.72,21.71,4970,11467,5433,-367
610,CNQ,2020-11-20,0 days 15:59:48.254376,63564,21.72,21.71,4912,11167,-1467,5433
611,CNX,2020-11-20,0 days 15:55:00.232008,220709,9.35,9.34,4910,2202,-4154,136050
612,CNX,2020-11-20,0 days 15:59:50.243677,208993,9.34,9.33,3014,5810,51827,-9073
613,COF,2020-11-20,0 days 15:56:49.236441,213380,83.73,83.69,100,1415,-29728,6072
614,COF,2020-11-20,0 days 15:56:50.236262,212102,83.71,83.68,100,113,1278,-29728
615,COF,2020-11-20,0 days 15:58:17.238281,253829,83.48,83.47,200,100,-1199,101
616,COF,2020-11-20,0 days 15:58:20.238711,255028,83.47,83.45,100,181,101,-1199
617,COF,2020-11-20,0 days 15:59:04.242045,266291,83.39,83.34,200,101,-8178,9697
618,COF,2020-11-20,0 days 15:59:05.242554,263369,83.42,83.37,700,100,448,-8178
619,COF,2020-11-20,0 days 15:59:25.238959,306874,83.51,83.48,300,200,-113,1566
620,COF,2020-11-20,0 days 15:59:30.243365,300094,83.5,83.47,100,109,9871,-1910
621,COF,2020-11-20,0 days 15:59:48.241471,308323,83.5,83.45,100,100,3319,-7081
622,COF,2020-11-20,0 days 15:59:54.241175,301442,83.6,83.58,478,1309,-1581,1819
623,COG,2020-11-20,0 days 15:55:01.111042,289352,17.11,17.1,3014,2573,-331,1091
624,COG,2020-11-20,0 days 15:55:09.112348,290253,17.1,17.09,703,4300,2799,-901
625,COG,2020-11-20,0 days 15:57:57.116892,302559,17.09,17.08,5718,3823,309,-291
626,COG,2020-11-20,0 days 15:58:50.119729,302868,17.09,17.08,4992,5354,-37210,2298
627,COLD,2020-11-20,0 days 15:55:00.562739,1070541,34.33,34.31,1912,900,-356,8932
628,COLD,2020-11-20,0 days 15:55:26.564030,1070897,34.31,34.3,464,1012,6176,-306
629,COLD,2020-11-20,0 days 15:55:27.564691,1070573,34.32,34.31,1500,1101,-324,6176
630,COLD,2020-11-20,0 days 15:55:29.564723,1070897,34.32,34.31,800,1407,2276,-324
631,COLD,2020-11-20,0 days 15:56:06.565571,1074168,34.35,34.33,701,2022,1575,-171
632,COLD,2020-11-20,0 days 15:56:07.565545,1074143,34.35,34.33,1301,2122,-25,1575
633,COLD,2020-11-20,0 days 15:56:13.565787,1074168,34.35,34.33,1201,2283,128,-25
634,COLD,2020-11-20,0 days 15:57:19.567531,1073931,34.35,34.32,1406,800,-4301,1603
635,COLD,2020-11-20,0 days 15:57:22.567836,1092332,34.35,34.33,1042,400,1603,-301
636,COLD,2020-11-20,0 days 15:57:41.568032,1160935,34.36,34.35,308,400,-7392,13508
637,COLD,2020-11-20,0 days 15:57:42.567478,1153427,34.36,34.35,400,400,11308,-7392
638,COLD,2020-11-20,0 days 15:59:33.569699,1214253,34.4,34.38,625,400,-4375,776
639,COP,2020-11-20,0 days 15:55:00.587601,688519,39.68,39.67,1808,3198,675,-60641
640,COP,2020-11-20,0 days 15:55:01.587135,687794,39.68,39.67,1402,4608,-725,675
641,COP,2020-11-20,0 days 15:55:02.588977,688519,39.67,39.66,4203,4776,975,-725
642,COP,2020-11-20,0 days 15:55:03.587923,687994,39.67,39.66,352,6876,-525,975
643,COP,2020-11-20,0 days 15:56:00.592235,705578,39.65,39.64,1700,3635,48,-9852
644,COP,2020-11-20,0 days 15:56:01.592080,701626,39.66,39.65,6023,1913,-3952,48
645,COP,2020-11-20,0 days 15:56:07.591709,705578,39.64,39.63,1902,2348,3819,-461
646,COP,2020-11-20,0 days 15:56:08.591554,705497,39.64,39.63,4602,805,-81,3819
647,COP,2020-11-20,0 days 15:56:09.592592,710078,39.61,39.6,1702,4820,2871,-81
648,COP,2020-11-20,0 days 15:56:28.592235,719672,39.62,39.61,3201,1239,-4206,2250
649,COP,2020-11-20,0 days 15:56:29.592678,718278,39.62,39.61,2001,2788,1394,-4206
650,COP,2020-11-20,0 days 15:57:03.593250,718478,39.62,39.61,1798,4949,1392,-4308
651,COP,2020-11-20,0 days 15:57:15.593708,719670,39.62,39.61,3550,3276,-57,843
652,COP,2020-11-20,0 days 15:57:16.593870,718927,39.62,39.61,4650,1764,743,-57
653,COP,2020-11-20,0 days 15:57:29.594015,723666,39.59,39.58,1579,4678,-1161,1299
654,COP,2020-11-20,0 days 15:57:39.593206,728769,39.59,39.58,3256,5848,-158,699
655,COP,2020-11-20,0 days 15:57:45.592853,734227,39.61,39.6,1243,3058,7639,-1261
656,COP,2020-11-20,0 days 15:57:46.593780,732866,39.61,39.6,694,5171,-1761,7639
657,COP,2020-11-20,0 days 15:58:06.595318,739650,39.6,39.59,2102,3531,3454,-1004
658,COP,2020-11-20,0 days 15:59:43.597342,792490,39.63,39.62,3052,2000,-4699,20001
659,COTY,2020-11-20,0 days 15:57:33.247153,598678,6.06,6.05,42049,24866,-576,15224
660,COTY,2020-11-20,0 days 15:57:35.246958,581754,6.06,6.05,47639,24973,16924,-5276
661,COTY,2020-11-20,0 days 15:59:28.246281,602852,6.06,6.05,7884,62713,-1093,11429
662,CPRI,2020-11-20,0 days 15:55:00.231554,153259,34.66,34.65,1207,990,-8915,48481
663,CPRI,2020-11-20,0 days 15:55:38.234563,158274,34.66,34.65,2929,374,191,-3155
664,CPRI,2020-11-20,0 days 15:55:53.231855,162565,34.66,34.65,920,1491,-1935,3305
665,CPRI,2020-11-20,0 days 15:58:10.237464,181736,34.63,34.62,576,1700,14694,-2406
666,CPRI,2020-11-20,0 days 15:58:11.234917,194530,34.65,34.64,400,912,-1006,14694
667,CPRI,2020-11-20,0 days 15:59:00.240039,189536,34.7,34.68,800,1340,2,-2784
668,CPRI,2020-11-20,0 days 15:59:01.241361,189538,34.69,34.68,329,500,-2703,2
669,CPRI,2020-11-20,0 days 15:59:07.238047,184841,34.7,34.68,300,1683,193,-207
670,CPRI,2020-11-20,0 days 16:00:00.238808,265138,34.76,34.59,100,300,-6399,5736
671,CRK,2020-11-20,0 days 15:56:53.571731,75323,4.57,4.56,6854,11916,-743,1677
672,CRK,2020-11-20,0 days 15:56:54.570809,71666,4.57,4.56,6874,10332,3657,-743
673,CRK,2020-11-20,0 days 15:57:19.567561,75923,4.57,4.56,6788,11281,-43,2757
674,CRK,2020-11-20,0 days 15:57:23.567992,75966,4.57,4.56,6357,9931,957,-43
675,CRK,2020-11-20,0 days 15:58:22.569578,68132,4.58,4.57,3400,12327,2801,-1899
676,CRK,2020-11-20,0 days 15:59:35.570507,80521,4.57,4.56,9774,16025,-557,1082
677,CRM,2020-11-20,0 days 15:59:49.254915,790342,257.94,257.86,100,850,7017,-20704
678,CRM,2020-11-20,0 days 15:59:50.257594,721680,258.13,257.94,1610,550,-69189,7017
679,CRM,2020-11-20,0 days 15:59:55.249367,790342,258.0,257.87,100,100,15004,-19230
680,CRM,2020-11-20,0 days 15:59:56.249777,748271,258.08,257.87,400,463,-42598,15004
681,CRM,2020-11-20,0 days 15:59:58.249901,790342,258.05,257.87,200,100,23252,-35754
682,CRM,2020-11-20,0 days 15:59:59.246843,764377,258.16,257.98,100,100,-26492,23252
683,CS,2020-11-20,0 days 15:57:09.246735,19837,12.23,12.22,83603,4209,-720,318
684,CTVA,2020-11-20,0 days 15:55:54.234999,400528,37.16,37.14,302,500,790,-5138
685,CTVA,2020-11-20,0 days 15:59:35.239589,432433,37.16,37.14,700,400,-22367,6533
686,CVE,2020-11-20,0 days 15:55:00.242587,56226,4.7,4.69,230128,67017,12723,-2526
687,CVE,2020-11-20,0 days 15:59:00.256243,69416,4.71,4.7,228206,334000,-1825,807
688,CVE,2020-11-20,0 days 15:59:36.247452,82288,4.71,4.7,15130,404498,2122,-7278
689,CVS,2020-11-20,0 days 15:55:00.250944,563814,66.43,66.41,365,100,14157,-52311
690,CVS,2020-11-20,0 days 15:56:25.256421,599587,66.41,66.4,797,200,-4499,9672
691,CVS,2020-11-20,0 days 15:57:20.258562,601088,66.31,66.3,1200,706,6355,-1245
692,CVS,2020-11-20,0 days 15:58:02.260220,604474,66.36,66.35,911,997,-2364,9769
693,CVS,2020-11-20,0 days 15:58:03.259921,596527,66.35,66.34,817,806,7947,-2364
694,CVS,2020-11-20,0 days 15:58:11.261417,604474,66.35,66.34,100,600,-1104,1448
695,CVS,2020-11-20,0 days 15:58:31.261505,604475,66.34,66.32,608,1200,-1704,2696
696,CVS,2020-11-20,0 days 15:58:37.261744,606179,66.33,66.32,300,871,3196,-447
697,CVS,2020-11-20,0 days 15:58:41.262274,604629,66.33,66.32,100,201,-447,3196
698,CVS,2020-11-20,0 days 15:58:47.261828,605076,66.32,66.3,1461,400,7053,-447
699,CVS,2020-11-20,0 days 15:59:04.263307,613827,66.34,66.33,100,562,-2878,1052
700,CVS,2020-11-20,0 days 15:59:11.264406,614922,66.32,66.3,800,871,3941,-2080
701,CVS,2020-11-20,0 days 15:59:15.264216,618763,66.31,66.29,1304,400,-1483,3741
702,CVS,2020-11-20,0 days 15:59:50.267997,607522,66.34,66.31,200,1461,15577,-11223
703,CVX,2020-11-20,0 days 15:59:38.246431,805000,86.03,85.98,489,150,-55520,1229
704,CVX,2020-11-20,0 days 15:59:47.248552,793653,85.96,85.92,650,210,27470,-45574
705,CVX,2020-11-20,0 days 15:59:50.251645,750723,85.91,85.86,991,1200,-30718,5388
706,CX,2020-11-20,0 days 15:57:20.246850,111682,4.61,4.6,46000,82352,-4500,5400
707,CX,2020-11-20,0 days 15:57:48.247316,116182,4.61,4.6,41397,84060,6400,-4300
708,CX,2020-11-20,0 days 15:58:48.250765,125557,4.62,4.61,98135,99305,-6063,6174
709,CX,2020-11-20,0 days 15:58:59.250888,132620,4.62,4.61,88450,99461,22820,-7063
710,CXO,2020-11-20,0 days 15:59:56.117226,106970,57.49,57.46,300,600,-29898,262
711,CYH,2020-11-20,0 days 15:55:25.244221,67766,8.62,8.61,4670,1613,-1707,1002
712,CYH,2020-11-20,0 days 15:55:26.244183,65773,8.62,8.61,4870,1636,1993,-1707
713,CYH,2020-11-20,0 days 15:59:06.253318,70794,8.61,8.6,2869,2280,-411,89
714,CYH,2020-11-20,0 days 15:59:17.246795,71120,8.6,8.59,2217,1700,84,-116
715,CYH,2020-11-20,0 days 15:59:34.246687,76805,8.61,8.6,7200,200,-845,6268
716,CYH,2020-11-20,0 days 15:59:35.246047,75850,8.61,8.59,7200,3700,755,-845
717,CYH,2020-11-20,0 days 15:59:36.247452,76605,8.61,8.6,6600,100,-159,755
718,CYH,2020-11-20,0 days 15:59:37.246625,76264,8.61,8.6,7000,900,341,-159
719,D,2020-11-20,0 days 15:55:00.231950,489414,78.6,78.56,100,100,-18657,65540
720,D,2020-11-20,0 days 15:57:44.236911,583881,78.59,78.57,206,447,4947,-7520
721,D,2020-11-20,0 days 15:57:45.236859,575228,78.62,78.6,200,423,-8653,4947
722,D,2020-11-20,0 days 15:57:58.236877,560528,78.59,78.58,100,360,-23758,8675
723,D,2020-11-20,0 days 15:58:50.241411,640423,78.59,78.58,500,528,16286,-45468
724,D,2020-11-20,0 days 15:58:51.240527,628609,78.6,78.58,800,600,-11814,16286
725,D,2020-11-20,0 days 15:59:01.242090,642903,78.59,78.57,500,423,5199,-10185
726,D,2020-11-20,0 days 15:59:02.242397,636284,78.59,78.57,200,518,-6619,5199
727,D,2020-11-20,0 days 15:59:06.242286,635382,78.58,78.57,1070,400,5117,-10454
728,D,2020-11-20,0 days 15:59:07.241788,630099,78.58,78.57,770,750,-5283,5117
729,D,2020-11-20,0 days 15:59:38.239567,653057,78.72,78.67,100,1000,3354,-1846
730,D,2020-11-20,0 days 15:59:39.240172,651211,78.72,78.71,100,288,-1846,3354
731,D,2020-11-20,0 days 15:59:42.239936,661957,78.69,78.67,800,100,2984,-10746
732,D,2020-11-20,0 days 15:59:50.243601,660012,78.67,78.65,100,750,-1917,83
733,DAL,2020-11-20,0 days 15:59:50.268402,460486,37.06,37.05,100,7166,9370,-19630
734,DB,2020-11-20,0 days 15:58:48.262261,37150,10.7,10.69,3433,148212,3538,-1860
735,DB,2020-11-20,0 days 15:58:53.262263,40788,10.7,10.69,1136,147422,-88,3538
736,DB,2020-11-20,0 days 15:59:11.264570,37150,10.7,10.69,2100,141417,3812,-10372
737,DB,2020-11-20,0 days 15:59:36.263681,50652,10.7,10.69,15100,121899,-3590,2415
738,DB,2020-11-20,0 days 15:59:46.264828,54242,10.7,10.69,5600,117994,2503,-690
739,DB,2020-11-20,0 days 15:59:47.265006,53745,10.7,10.69,5600,117994,-497,2503
740,DBI,2020-11-20,0 days 15:56:42.566373,69145,7.28,7.27,7261,1545,-1758,2542
741,DBI,2020-11-20,0 days 15:56:43.566175,67003,7.28,7.27,7641,1474,2142,-1758
742,DBI,2020-11-20,0 days 15:58:26.569324,69251,7.27,7.26,7793,4026,-443,557
743,DBI,2020-11-20,0 days 15:58:27.570153,66994,7.27,7.26,7793,4026,2257,-443
744,DBI,2020-11-20,0 days 15:59:06.571995,70482,7.27,7.26,11155,710,-1451,2191
745,DBI,2020-11-20,0 days 15:59:07.571390,69033,7.27,7.26,10655,710,1449,-1451
746,DBI,2020-11-20,0 days 15:59:35.570323,70482,7.27,7.26,8555,4907,-1645,1652
747,DBI,2020-11-20,0 days 15:59:46.571394,69677,7.27,7.26,9455,5399,1768,-3995
748,DD,2020-11-20,0 days 15:55:00.245533,227593,62.58,62.57,443,324,4963,-389
749,DD,2020-11-20,0 days 15:59:07.254817,250655,62.51,62.46,350,200,-13498,981
750,DD,2020-11-20,0 days 15:59:08.255023,247298,62.46,62.43,100,200,7009,-13498
751,DD,2020-11-20,0 days 15:59:15.255223,260307,62.44,62.39,200,212,-19287,8876
752,DD,2020-11-20,0 days 15:59:16.253847,258794,62.43,62.39,437,100,1513,-19287
753,DD,2020-11-20,0 days 15:59:31.254282,255287,62.44,62.38,100,500,840,-3360
754,DD,2020-11-20,0 days 15:59:37.254340,256127,62.44,62.4,310,100,-3933,734
755,DD,2020-11-20,0 days 15:59:38.253945,255660,62.44,62.39,210,100,467,-3933
756,DD,2020-11-20,0 days 15:59:39.253634,254627,62.47,62.4,100,500,-1033,467
757,DD,2020-11-20,0 days 15:59:44.254005,253281,62.47,62.42,100,200,326,-774
758,DDD,2020-11-20,0 days 15:55:41.246624,110170,7.43,7.42,6880,6962,-586,685
759,DDD,2020-11-20,0 days 15:55:42.246708,107356,7.43,7.42,6680,7149,2814,-586
760,DDD,2020-11-20,0 days 15:56:53.247873,110250,7.43,7.42,5347,7839,-1330,1090
761,DDD,2020-11-20,0 days 15:56:54.247920,107880,7.43,7.42,4447,8041,2370,-1330
762,DDD,2020-11-20,0 days 15:59:09.254972,110912,7.43,7.42,5730,4866,-103,282
763,DDD,2020-11-20,0 days 15:59:15.253935,109942,7.42,7.41,9046,3910,970,-103
764,DDD,2020-11-20,0 days 15:59:36.254063,110912,7.42,7.41,6837,10333,-1234,1367
765,DDD,2020-11-20,0 days 15:59:37.253241,110146,7.42,7.41,6137,10133,766,-1234
766,DDD,2020-11-20,0 days 15:59:45.255414,110912,7.42,7.41,3922,9828,-434,766
767,DDD,2020-11-20,0 days 15:59:48.255583,110146,7.42,7.41,4797,8221,766,-434
768,DELL,2020-11-20,0 days 15:55:00.242967,215230,68.51,68.48,410,100,-1145,2859
769,DELL,2020-11-20,0 days 15:57:01.246512,222401,68.51,68.49,378,100,2523,-2477
770,DELL,2020-11-20,0 days 15:57:38.247099,224424,68.57,68.54,101,400,-562,938
771,DELL,2020-11-20,0 days 15:59:50.256059,196064,68.49,68.45,100,100,-38855,10645
772,DFS,2020-11-20,0 days 15:55:52.245181,125163,74.95,74.93,301,300,6927,-173
773,DFS,2020-11-20,0 days 15:57:57.248507,135142,74.92,74.91,100,385,-243,657
774,DFS,2020-11-20,0 days 15:57:58.248772,134485,74.92,74.91,249,251,457,-243
775,DFS,2020-11-20,0 days 15:58:02.249323,135142,74.93,74.92,200,100,-343,457
776,DFS,2020-11-20,0 days 15:58:03.249216,133785,74.93,74.91,398,351,1157,-343
777,DFS,2020-11-20,0 days 15:58:08.249762,135142,74.94,74.93,1331,165,-643,657
778,DFS,2020-11-20,0 days 15:58:09.250202,134485,74.93,74.91,410,391,457,-643
779,DFS,2020-11-20,0 days 15:58:11.249843,135142,74.93,74.92,162,100,-1143,457
780,DFS,2020-11-20,0 days 15:58:12.250116,134490,74.91,74.88,714,800,452,-1143
781,DFS,2020-11-20,0 days 15:59:00.256166,138162,74.91,74.87,100,400,-4611,371
782,DFS,2020-11-20,0 days 15:59:45.247985,177710,74.86,74.85,100,166,4735,-1262
783,DFS,2020-11-20,0 days 15:59:46.247988,177569,74.86,74.85,300,213,-141,4735
784,DHI,2020-11-20,0 days 15:59:24.114169,218466,75.08,75.05,397,307,24288,-5986
785,DHI,2020-11-20,0 days 15:59:25.113681,216654,75.09,75.06,300,100,-3912,24288
786,DHI,2020-11-20,0 days 15:59:26.114092,222766,75.07,75.06,100,300,1978,-3912
787,DHI,2020-11-20,0 days 15:59:27.114688,221541,75.08,75.06,100,300,-1225,1978
788,DHI,2020-11-20,0 days 15:59:30.117089,222866,75.06,75.02,760,300,4105,-800
789,DHI,2020-11-20,0 days 15:59:31.114665,221871,75.06,75.02,558,100,-995,4105
790,DHI,2020-11-20,0 days 15:59:43.116380,232032,75.0,74.96,816,200,4806,-800
791,DHI,2020-11-20,0 days 15:59:44.116178,231138,75.0,74.96,400,200,-894,4806
792,DHI,2020-11-20,0 days 15:59:46.116609,232032,75.0,74.95,400,200,5596,-694
793,DHI,2020-11-20,0 days 15:59:48.116076,231604,74.97,74.93,796,300,-428,2372
794,DHI,2020-11-20,0 days 15:59:56.114769,228772,75.05,74.99,400,314,-4299,1040
795,DHI,2020-11-20,0 days 15:59:57.118980,232032,75.01,74.96,400,439,6516,-4299
796,DHR,2020-11-20,0 days 15:59:45.241510,409565,225.97,225.79,100,300,-4000,1105
797,DHR,2020-11-20,0 days 15:59:50.243490,406088,225.86,225.76,100,100,3477,-3623
798,DHT,2020-11-20,0 days 15:56:03.255314,88310,5.11,5.1,7797,18157,-383,176
799,DHT,2020-11-20,0 days 15:56:04.255784,84293,5.11,5.1,7797,18034,4017,-383
800,DHT,2020-11-20,0 days 15:59:00.266514,86335,5.12,5.11,4524,24905,-565,4742
801,DHT,2020-11-20,0 days 15:59:01.264722,86900,5.12,5.11,4622,24405,2835,-565
802,DIS,2020-11-20,0 days 15:57:43.258473,612251,141.02,141.01,700,300,1241,-459
803,DIS,2020-11-20,0 days 15:58:01.263900,596743,141.08,141.06,400,332,-16379,316
804,DIS,2020-11-20,0 days 15:59:03.263359,615453,141.04,141.02,752,100,3922,-2578
805,DIS,2020-11-20,0 days 15:59:17.263155,669551,140.98,140.94,100,400,-26713,33760
806,DIS,2020-11-20,0 days 15:59:25.262538,707271,141.0,140.95,200,1640,1391,-2455
807,DIS,2020-11-20,0 days 15:59:26.263649,689837,141.08,141.02,725,1536,-17445,1391
808,DIS,2020-11-20,0 days 15:59:28.263366,694882,141.08,141.03,100,200,4398,-6022
809,DIS,2020-11-20,0 days 15:59:29.264142,689480,141.08,141.03,100,301,-6802,4398
810,DIS,2020-11-20,0 days 15:59:30.266613,695141,141.05,141.02,701,100,11183,-6802
811,DIS,2020-11-20,0 days 15:59:40.264184,698166,141.08,141.04,200,400,-29215,33093
812,DIS,2020-11-20,0 days 15:59:41.263768,697581,141.06,141.03,300,200,585,-29215
813,DIS,2020-11-20,0 days 15:59:50.268490,716081,141.07,141.02,200,700,-18601,5767
814,DIS,2020-11-20,0 days 15:59:51.265689,734671,141.02,140.97,400,1072,4949,-18601
815,DIS,2020-11-20,0 days 15:59:54.265813,725781,141.08,141.03,300,100,-8901,4949
816,DKS,2020-11-20,0 days 15:59:01.255311,353610,58.31,58.3,500,300,3634,-23666
817,DKS,2020-11-20,0 days 15:59:03.254642,350644,58.35,58.34,100,100,-2094,669
818,DKS,2020-11-20,0 days 15:59:06.255270,352456,58.36,58.35,200,100,26559,-495
819,DOW,2020-11-20,0 days 15:59:15.239556,422993,54.71,54.7,294,300,-17019,11086
820,DOW,2020-11-20,0 days 15:59:16.238671,426812,54.7,54.68,300,100,382,-17019
821,DOW,2020-11-20,0 days 15:59:37.239739,451246,54.75,54.71,805,200,-4791,3339
822,DRE,2020-11-20,0 days 15:59:05.120921,401399,38.36,38.35,2363,1352,-8361,3833
823,DRE,2020-11-20,0 days 15:59:06.120819,398760,38.35,38.34,968,700,2915,-8361
824,DRE,2020-11-20,0 days 15:59:24.115116,411088,38.34,38.33,400,960,-2628,8450
825,DRE,2020-11-20,0 days 15:59:25.114961,407716,38.34,38.33,1500,100,3372,-2628
826,DRE,2020-11-20,0 days 15:59:35.114948,412373,38.34,38.32,1300,1100,-4773,9495
827,DRE,2020-11-20,0 days 15:59:36.115152,410446,38.33,38.32,1668,385,1927,-4773
828,DRE,2020-11-20,0 days 15:59:40.116163,401567,38.36,38.35,600,609,1393,-14507
829,DRH,2020-11-20,0 days 15:58:08.251244,113398,7.2,7.19,7701,9600,1701,-2199
830,DRH,2020-11-20,0 days 15:58:09.251111,111199,7.2,7.19,8001,9600,-2199,1701
831,DRH,2020-11-20,0 days 15:59:44.253799,112902,7.19,7.18,4840,14196,-714,2086
832,DRH,2020-11-20,0 days 15:59:46.255189,113616,7.19,7.18,7664,9561,9163,-714
833,DTE,2020-11-20,0 days 15:55:00.232703,133808,129.8,129.75,440,207,-818,30529
834,DTE,2020-11-20,0 days 15:57:36.236237,156720,129.65,129.57,200,1737,2774,-2126
835,DTE,2020-11-20,0 days 15:59:20.238837,189016,129.72,129.63,200,300,-1181,1019
836,DTE,2020-11-20,0 days 15:59:35.239609,170108,129.83,129.78,100,600,-19598,1202
837,DTE,2020-11-20,0 days 15:59:47.241318,170216,129.83,129.77,400,100,353,-2665
838,DUK,2020-11-20,0 days 15:55:00.587825,1335438,92.35,92.32,505,406,173576,-433432
839,DVN,2020-11-20,0 days 15:55:33.235192,478450,13.18,13.17,15947,16297,-113,4
840,DVN,2020-11-20,0 days 15:56:02.235359,477718,13.18,13.17,18250,8809,1030,-871
841,DVN,2020-11-20,0 days 15:56:06.235557,478748,13.18,13.17,18750,8399,-2607,1030
842,DVN,2020-11-20,0 days 15:56:07.236249,478055,13.18,13.17,24050,5799,693,-2607
843,DVN,2020-11-20,0 days 15:56:53.236670,478758,13.16,13.15,15561,14189,-1725,695
844,DVN,2020-11-20,0 days 15:57:27.236930,479283,13.16,13.15,17263,9831,1176,-424
845,DVN,2020-11-20,0 days 15:57:33.236287,480459,13.16,13.15,19026,5625,-4924,1176
846,DVN,2020-11-20,0 days 15:57:55.237267,479467,13.16,13.15,15210,10386,992,-408
847,DVN,2020-11-20,0 days 15:59:15.240017,472735,13.16,13.15,8612,14079,11305,-9395
848,DVN,2020-11-20,0 days 15:59:19.238846,484040,13.16,13.15,10365,13659,-3695,11305
849,DVN,2020-11-20,0 days 15:59:50.244365,422428,13.16,13.15,20880,10189,80549,-13751
850,EGO,2020-11-20,0 days 15:55:32.564702,104102,12.78,12.77,11200,2886,-141,157
851,EGO,2020-11-20,0 days 15:56:53.571670,106059,12.77,12.76,7454,2407,-604,1816
852,EGO,2020-11-20,0 days 15:56:54.570777,106663,12.77,12.76,6954,5007,3,-604
853,EGO,2020-11-20,0 days 15:57:15.567192,185419,12.79,12.78,7416,2109,-200,7256
854,EGO,2020-11-20,0 days 15:59:45.571804,185769,12.8,12.78,6800,20905,-7281,1219
855,EIX,2020-11-20,0 days 15:56:09.245035,263198,63.22,63.19,200,451,2061,-4239
856,EIX,2020-11-20,0 days 15:56:10.245244,259459,63.23,63.22,400,200,-3739,2061
857,EIX,2020-11-20,0 days 15:57:39.249666,264781,63.28,63.26,300,100,2074,-199
858,EIX,2020-11-20,0 days 15:57:40.247973,260155,63.28,63.26,500,200,-4599,2074
859,EIX,2020-11-20,0 days 15:58:02.248650,264963,63.28,63.27,300,200,92,-2408
860,EIX,2020-11-20,0 days 15:58:03.248284,262755,63.28,63.27,300,200,-2208,92
861,EIX,2020-11-20,0 days 15:59:22.253693,274396,63.27,63.25,458,100,-632,7368
862,EIX,2020-11-20,0 days 15:59:24.253015,275082,63.31,63.29,143,200,49716,-407
863,EL,2020-11-20,0 days 15:55:00.243237,186613,240.43,240.33,527,200,1425,-3722
864,EL,2020-11-20,0 days 15:59:02.255662,208871,240.62,240.53,476,137,-10168,1132
865,EL,2020-11-20,0 days 15:59:03.255415,206559,240.57,240.5,100,600,2312,-10168
866,EL,2020-11-20,0 days 15:59:24.255283,209364,240.6,240.5,200,700,-1068,1132
867,EL,2020-11-20,0 days 15:59:25.252709,208332,240.6,240.5,100,700,1032,-1068
868,EL,2020-11-20,0 days 15:59:27.252473,209364,240.66,240.5,300,700,-3768,1032
869,EL,2020-11-20,0 days 15:59:28.253373,208632,240.62,240.5,100,700,871,-3768
870,EL,2020-11-20,0 days 15:59:30.258868,209503,240.64,240.55,210,600,-2985,871
871,EL,2020-11-20,0 days 15:59:31.253558,209088,240.64,240.55,186,420,415,-2985
872,EL,2020-11-20,0 days 15:59:46.255009,209582,240.58,240.42,200,200,-6041,169
873,EL,2020-11-20,0 days 15:59:47.254945,209423,240.58,240.42,502,200,159,-6041
874,EL,2020-11-20,0 days 15:59:52.249456,209582,240.64,240.5,366,800,-1341,859
875,ELAN,2020-11-20,0 days 15:56:25.245691,226335,29.4,29.37,700,200,1567,-5333
876,ELAN,2020-11-20,0 days 15:56:26.246080,222302,29.42,29.39,300,1029,-4033,1567
877,ELAN,2020-11-20,0 days 15:57:37.246897,226335,29.42,29.4,424,163,809,-891
878,ELAN,2020-11-20,0 days 15:57:38.246944,222744,29.45,29.42,401,227,-3591,809
879,ELAN,2020-11-20,0 days 15:58:55.250851,223602,29.39,29.37,200,452,-1760,1040
880,ELAN,2020-11-20,0 days 15:59:00.254707,254144,29.38,29.36,200,813,242,-576
881,ELAN,2020-11-20,0 days 15:59:01.252562,254921,29.42,29.39,385,3991,-11123,242
882,ELAN,2020-11-20,0 days 15:59:21.252179,265045,29.47,29.43,200,100,292,-11632
883,ELAN,2020-11-20,0 days 15:59:30.256560,258086,29.44,29.38,400,100,-5959,41
884,ELAN,2020-11-20,0 days 15:59:33.253165,264045,29.44,29.38,400,200,3335,-1465
885,ELAN,2020-11-20,0 days 15:59:34.252688,265846,29.46,29.44,200,200,-11123,3335
886,ELAN,2020-11-20,0 days 15:59:37.252286,261546,29.43,29.38,300,100,-2499,9901
887,ELAN,2020-11-20,0 days 15:59:44.252308,261538,29.45,29.38,600,100,-2507,19393
888,ELAN,2020-11-20,0 days 15:59:47.253189,264045,29.45,29.4,600,100,34420,-12389
889,ELAN,2020-11-20,0 days 15:59:48.254148,262265,29.45,29.4,600,100,-1780,34420
890,ENB,2020-11-20,0 days 15:56:54.593198,57333,29.21,29.2,17454,7960,-376,1380
891,ENB,2020-11-20,0 days 15:57:09.593721,57709,29.21,29.2,16276,9814,2024,-376
892,ENB,2020-11-20,0 days 15:59:45.598952,63141,29.24,29.23,3000,18597,-4439,861
893,ENB,2020-11-20,0 days 15:59:46.598334,61780,29.24,29.23,5700,17797,761,-4439
894,ENLC,2020-11-20,0 days 15:55:09.251062,36624,3.63,3.62,5980,16491,-5493,907
895,ENLC,2020-11-20,0 days 15:55:10.252038,35717,3.63,3.62,5980,16964,907,-5493
896,ENLC,2020-11-20,0 days 15:58:48.262106,37179,3.63,3.62,7777,15155,-448,3942
897,EOG,2020-11-20,0 days 15:55:26.590507,233361,45.49,45.47,1245,892,3636,-3597
898,EOG,2020-11-20,0 days 15:55:27.591617,230297,45.49,45.48,450,484,-5555,3636
899,EOG,2020-11-20,0 days 15:56:17.591766,239344,45.43,45.42,871,209,-2547,253
900,EOG,2020-11-20,0 days 15:57:34.593316,242317,45.37,45.36,100,500,-432,1168
901,EOG,2020-11-20,0 days 15:58:21.595654,246980,45.39,45.37,1443,1134,1471,-729
902,EOG,2020-11-20,0 days 15:58:22.596022,244851,45.39,45.38,320,745,-2129,1471
903,EOG,2020-11-20,0 days 15:59:10.599355,241190,45.39,45.38,100,1373,23020,-127
904,EOG,2020-11-20,0 days 15:59:11.600084,238091,45.41,45.4,1200,100,-3099,23020
905,EOG,2020-11-20,0 days 15:59:44.598664,273957,45.36,45.35,800,1587,622,-878
906,EOG,2020-11-20,0 days 15:59:46.598293,273577,45.37,45.35,800,1510,-556,5020
907,EPD,2020-11-20,0 days 15:59:45.571651,69171,19.0,18.99,6600,14106,4682,-118
908,EPD,2020-11-20,0 days 15:59:46.571394,68153,19.0,18.99,1700,21606,-1018,4682
909,EQR,2020-11-20,0 days 15:55:00.244866,307024,60.46,60.45,489,113,-8762,33563
910,EQR,2020-11-20,0 days 15:58:04.251075,326031,60.43,60.42,1010,384,6677,-6018
911,EQR,2020-11-20,0 days 15:58:57.254130,327050,60.49,60.48,100,1282,-5740,260
912,EQR,2020-11-20,0 days 15:59:13.255014,334262,60.44,60.42,459,400,-7124,3101
913,EQR,2020-11-20,0 days 15:59:26.253315,349031,60.42,60.39,100,1330,42337,-3563
914,EQR,2020-11-20,0 days 15:59:27.252905,389873,60.49,60.44,200,1143,-4991,42337
915,EQR,2020-11-20,0 days 15:59:30.257647,394298,60.48,60.44,1204,432,6239,-4425
916,EQR,2020-11-20,0 days 15:59:48.256657,407579,60.5,60.47,600,200,-7320,6780
917,EQR,2020-11-20,0 days 15:59:50.258223,288799,60.5,60.48,300,400,68280,-7420
918,EQT,2020-11-20,0 days 15:55:00.251574,370334,14.72,14.71,6555,1172,-3495,120759
919,EQT,2020-11-20,0 days 15:55:05.252404,375929,14.72,14.71,6392,3163,7650,-3438
920,EQT,2020-11-20,0 days 15:58:10.260839,393206,14.69,14.68,5487,5618,2718,-6205
921,EQT,2020-11-20,0 days 15:59:11.264543,391076,14.69,14.68,4818,4913,3570,-314
922,EQT,2020-11-20,0 days 15:59:35.262860,431758,14.7,14.69,3300,6100,-3687,35356
923,EQT,2020-11-20,0 days 15:59:50.268449,354096,14.69,14.68,200,7900,80570,-10773
924,ERJ,2020-11-20,0 days 15:55:42.234783,44787,5.85,5.84,17840,13899,1970,-2230
925,ERJ,2020-11-20,0 days 15:58:59.240526,51028,5.83,5.82,7136,12206,-2878,1436
926,ERJ,2020-11-20,0 days 15:59:02.242528,51656,5.83,5.82,7036,12150,2372,-2878
927,ESI,2020-11-20,0 days 15:55:26.243540,139962,13.1,13.09,4758,2508,-11083,2271
928,ESI,2020-11-20,0 days 15:59:00.254956,154607,13.05,13.04,1651,5466,-3755,4199
929,ESI,2020-11-20,0 days 15:59:28.252858,148121,13.06,13.05,3709,2800,4555,-918
930,ESI,2020-11-20,0 days 15:59:40.252639,152822,13.06,13.05,1995,5640,-249,10455
931,ESI,2020-11-20,0 days 15:59:44.252394,151589,13.06,13.05,1994,5540,1087,-2167
932,ESI,2020-11-20,0 days 15:59:46.253268,152822,13.06,13.05,4584,2889,-3968,1087
933,ESI,2020-11-20,0 days 15:59:47.253397,151890,13.06,13.05,6684,2589,786,-3968
934,ET,2020-11-20,0 days 15:59:36.569347,101387,6.08,6.07,22532,62953,-10376,12424
935,ET,2020-11-20,0 days 15:59:37.571415,100663,6.08,6.07,22315,29353,724,-10376
936,ET,2020-11-20,0 days 15:59:45.571398,101387,6.08,6.07,16602,62740,-7676,724
937,ET,2020-11-20,0 days 15:59:46.571194,101163,6.08,6.07,15102,62940,224,-7676
938,ETN,2020-11-20,0 days 15:55:00.250982,179284,117.48,117.47,100,115,6526,-34738
939,ETN,2020-11-20,0 days 15:58:09.261560,199122,117.64,117.57,715,300,-364,3551
940,ETN,2020-11-20,0 days 15:58:10.260718,199733,117.64,117.57,515,200,1589,-364
941,ETN,2020-11-20,0 days 15:59:06.263950,207471,117.65,117.61,100,300,-4664,5027
942,ETN,2020-11-20,0 days 15:59:13.264401,227484,117.61,117.55,200,351,3287,-4164
943,ETN,2020-11-20,0 days 15:59:27.261933,229871,117.56,117.51,202,200,-1048,227
944,ETN,2020-11-20,0 days 15:59:50.268048,204789,117.49,117.41,580,200,-22930,5770
945,ETRN,2020-11-20,0 days 15:55:00.110801,911244,7.82,7.81,10537,2198,14983,-112850
946,ETRN,2020-11-20,0 days 15:55:01.110662,905627,7.82,7.81,10587,4210,-5617,14983
947,ETRN,2020-11-20,0 days 15:57:39.113642,1001635,7.82,7.81,14434,3112,5012,-15288
948,ETRN,2020-11-20,0 days 15:57:40.115692,987847,7.82,7.81,12434,3312,-13788,5012
949,ETRN,2020-11-20,0 days 15:57:47.114798,1001635,7.82,7.81,15239,535,1012,-15488
950,ETRN,2020-11-20,0 days 15:57:52.114948,988347,7.82,7.81,11930,3182,-13288,6512
951,ETRN,2020-11-20,0 days 15:59:02.122867,1091444,7.83,7.82,4278,22484,11074,-22426
952,ETRN,2020-11-20,0 days 15:59:03.120952,1074118,7.83,7.82,4778,23284,-17326,11074
953,ETRN,2020-11-20,0 days 15:59:15.115725,1091444,7.83,7.82,5037,18256,29306,-15163
954,ETRN,2020-11-20,0 days 15:59:16.114702,1077450,7.83,7.82,4229,18156,-13994,29306
955,ETRN,2020-11-20,0 days 15:59:49.114794,1047935,7.82,7.81,13637,5300,-2209,35791
956,EVRG,2020-11-20,0 days 15:59:24.253729,361172,54.53,54.52,200,193,-75613,98835
957,EW,2020-11-20,0 days 15:55:29.243581,197722,84.68,84.66,102,500,1528,-2881
958,EW,2020-11-20,0 days 15:55:30.243749,196350,84.69,84.68,100,200,-1372,1528
959,EW,2020-11-20,0 days 15:56:11.244577,250895,84.67,84.64,100,342,-2902,10398
960,EW,2020-11-20,0 days 15:56:26.246168,251341,84.63,84.61,1000,399,-2817,11983
961,EW,2020-11-20,0 days 15:57:48.247514,254158,84.6,84.58,567,245,1440,-2260
962,EW,2020-11-20,0 days 15:57:50.247702,252098,84.6,84.59,100,465,-2359,240
963,EW,2020-11-20,0 days 15:58:06.249421,254457,84.6,84.59,587,225,136,-2264
964,EW,2020-11-20,0 days 15:58:08.249232,251593,84.6,84.59,100,500,-2864,136
965,EW,2020-11-20,0 days 15:58:15.249768,259244,84.6,84.58,703,200,249,-951
966,EW,2020-11-20,0 days 15:58:16.249804,242393,84.6,84.58,703,200,-16851,249
967,EW,2020-11-20,0 days 15:59:03.252176,271523,84.65,84.61,100,100,6586,-5914
968,EW,2020-11-20,0 days 15:59:04.252471,267209,84.65,84.58,300,279,-7624,6586
969,EW,2020-11-20,0 days 15:59:11.252537,264764,84.62,84.6,192,200,5215,-3863
970,EW,2020-11-20,0 days 15:59:14.252964,279179,84.64,84.59,185,100,-12646,15054
971,EW,2020-11-20,0 days 15:59:32.253057,294959,84.63,84.57,200,948,1111,-70
972,EW,2020-11-20,0 days 15:59:36.253436,296070,84.6,84.57,6889,200,-4646,1111
973,EW,2020-11-20,0 days 15:59:46.253231,302226,84.6,84.55,6727,100,2828,-4379
974,EW,2020-11-20,0 days 15:59:47.253386,299854,84.59,84.57,100,322,-2372,2828
975,F,2020-11-20,0 days 15:59:53.116831,2774503,8.75,8.74,343727,310632,-10076,130424
976,FCAU,2020-11-20,0 days 15:59:43.597342,27219,15.3,15.29,29996,24427,996,-1204
977,FCX,2020-11-20,0 days 15:59:15.254870,1254283,21.28,21.27,24161,10897,-37334,120533
978,FCX,2020-11-20,0 days 15:59:46.255254,1260083,21.26,21.25,7918,18934,-46282,23302
979,FDX,2020-11-20,0 days 15:55:32.243668,85381,277.3,277.19,200,100,204,-595
980,FDX,2020-11-20,0 days 15:55:33.244849,84685,277.3,277.23,300,100,-696,204
981,FDX,2020-11-20,0 days 15:57:36.246989,89948,277.16,277.05,100,100,270,-930
982,FDX,2020-11-20,0 days 15:57:37.246886,89318,277.22,277.08,300,143,-630,270
983,FDX,2020-11-20,0 days 15:57:48.247359,89956,277.2,277.06,200,100,1862,-1438
984,FDX,2020-11-20,0 days 15:57:49.247570,89518,277.2,277.06,200,100,-438,1862
985,FDX,2020-11-20,0 days 15:58:12.249289,90170,277.24,277.07,100,100,61,-739
986,FDX,2020-11-20,0 days 15:58:13.249450,89731,277.23,277.07,100,200,-469,61
987,FDX,2020-11-20,0 days 15:58:22.249868,90200,277.2,277.07,100,100,431,-569
988,FDX,2020-11-20,0 days 15:58:24.249956,89418,277.21,277.0,100,461,-782,431
989,FDX,2020-11-20,0 days 15:59:06.252741,91339,277.21,277.15,100,100,196,-112
990,FE,2020-11-20,0 days 15:55:00.232008,575930,28.04,28.03,2030,1206,-37581,230418
991,FE,2020-11-20,0 days 15:57:54.237139,477985,28.0,27.99,3227,3032,171850,-28157
992,FE,2020-11-20,0 days 15:59:43.240269,782141,28.01,28.0,3226,3215,31779,-19474
993,FE,2020-11-20,0 days 15:59:44.240377,777420,28.01,28.0,1946,4315,-4721,31779
994,FEAC,2020-11-20,0 days 15:55:07.242274,1834,13.56,13.51,400,388,270,-230
995,FEAC,2020-11-20,0 days 15:55:21.243410,2104,13.68,13.51,700,588,-230,270
996,FEAC,2020-11-20,0 days 15:55:42.245111,1834,13.6,13.52,700,100,385,-115
997,FEAC,2020-11-20,0 days 15:56:04.245211,2219,13.6,13.51,200,388,-115,385
998,FEAC,2020-11-20,0 days 15:56:11.245620,1834,13.6,13.55,600,300,385,-115
999,FEAC,2020-11-20,0 days 15:58:27.250317,2019,13.48,13.31,102,500,-115,585
1000,FEAC,2020-11-20,0 days 15:58:28.250612,1934,13.48,13.31,102,1000,85,-115
1001,FEAC,2020-11-20,0 days 15:58:39.250755,2019,13.44,13.31,897,700,-115,164
1002,FEAC,2020-11-20,0 days 15:58:40.251224,1934,13.44,13.31,897,1001,85,-115
1003,FEAC,2020-11-20,0 days 15:59:32.246218,2019,13.6,13.47,1500,200,-315,585
1004,FEAC,2020-11-20,0 days 15:59:36.247472,2334,13.63,13.52,700,200,85,-315
1005,FEAC,2020-11-20,0 days 15:59:37.246644,2219,13.63,13.52,700,200,-115,85
1006,FEAC,2020-11-20,0 days 15:59:43.247244,1834,13.63,13.52,700,100,385,-115
1007,FEAC,2020-11-20,0 days 16:00:00.248088,2069,13.98,13.31,100,500,-1865,535
1008,FHN,2020-11-20,0 days 15:59:27.252817,585426,11.97,11.96,5993,21500,15738,-723
1009,FIS,2020-11-20,0 days 15:55:00.586638,234449,144.54,144.46,201,100,21223,-31095
1010,FIS,2020-11-20,0 days 15:57:22.593932,266575,144.5,144.46,200,400,-203,197
1011,FIS,2020-11-20,0 days 15:57:23.593926,264978,144.5,144.46,300,100,1497,-203
1012,FIS,2020-11-20,0 days 15:59:05.599282,283106,144.37,144.33,140,333,-4406,5413
1013,FIS,2020-11-20,0 days 15:59:07.597985,277912,144.34,144.29,100,200,6686,-3340
1014,FIS,2020-11-20,0 days 15:59:12.598403,291998,144.26,144.19,608,100,-5692,17405
1015,FIS,2020-11-20,0 days 15:59:45.598697,306805,144.19,144.16,100,300,348,-3612
1016,FIS,2020-11-20,0 days 15:59:46.598155,304753,144.22,144.15,100,840,-2052,348
1017,FIS,2020-11-20,0 days 15:59:52.598946,306786,144.27,144.14,348,448,3267,-2652
1018,FIS,2020-11-20,0 days 16:00:00.594113,306653,144.39,144.02,500,574,-152,3267
1019,FIT,2020-11-20,0 days 15:59:16.115222,169661,7.14,7.13,100723,33383,4895,-2805
1020,FIT,2020-11-20,0 days 15:59:36.115212,175356,7.14,7.13,103557,33471,-2170,4895
1021,FIT,2020-11-20,0 days 15:59:47.115375,171980,7.14,7.13,98833,32290,2576,-8024
1022,FL,2020-11-20,0 days 15:50:01.583909,80142,39.54,39.51,303,400,-3177,4823
1023,FL,2020-11-20,0 days 15:50:10.583767,82919,39.5,39.48,500,300,5223,-3177
1024,FL,2020-11-20,0 days 15:57:21.593629,143222,39.36,39.34,500,505,-194,706
1025,FL,2020-11-20,0 days 15:57:22.594045,140516,39.35,39.34,200,500,2706,-194
1026,FL,2020-11-20,0 days 15:57:34.593350,143222,39.36,39.34,600,613,-794,1506
1027,FL,2020-11-20,0 days 15:57:35.593463,142316,39.36,39.34,700,410,906,-794
1028,FL,2020-11-20,0 days 15:57:39.593187,143222,39.36,39.34,721,686,-1394,906
1029,FL,2020-11-20,0 days 15:57:40.593242,141216,39.36,39.34,921,618,2006,-1394
1030,FL,2020-11-20,0 days 15:58:00.595354,139662,39.36,39.34,1003,411,-554,2706
1031,FL,2020-11-20,0 days 15:58:01.595166,138416,39.36,39.35,703,100,1246,-554
1032,FL,2020-11-20,0 days 15:58:04.595340,117104,39.34,39.31,600,200,-6812,1246
1033,FL,2020-11-20,0 days 15:58:07.595060,117016,39.31,39.29,104,229,88,-812
1034,FL,2020-11-20,0 days 15:58:08.595944,117104,39.31,39.29,105,539,-687,88
1035,FL,2020-11-20,0 days 15:58:10.596729,134791,39.33,39.31,400,300,1487,-1313
1036,FL,2020-11-20,0 days 15:58:14.595658,136278,39.33,39.31,602,200,-1713,1487
1037,FL,2020-11-20,0 days 15:58:15.596475,134791,39.33,39.31,602,200,1487,-1713
1038,FL,2020-11-20,0 days 15:58:22.596045,136278,39.33,39.31,402,505,-1613,1687
1039,FL,2020-11-20,0 days 15:58:59.596891,135978,39.31,39.29,300,100,-111,1587
1040,FL,2020-11-20,0 days 15:59:00.598093,134591,39.31,39.29,350,100,1462,-111
1041,FL,2020-11-20,0 days 15:59:05.599548,136053,39.31,39.3,350,100,-636,1462
1042,FL,2020-11-20,0 days 15:59:28.596918,139701,39.3,39.28,213,100,709,-91
1043,FL,2020-11-20,0 days 15:59:29.597580,140410,39.34,39.28,300,100,-991,709
1044,FL,2020-11-20,0 days 15:59:30.598390,139101,39.3,39.28,154,200,1309,-991
1045,FL,2020-11-20,0 days 15:59:31.597744,140410,39.33,39.28,200,200,-991,1309
1046,FL,2020-11-20,0 days 15:59:37.598610,140610,39.33,39.28,300,220,-1059,141
1047,FLR,2020-11-20,0 days 15:59:17.570240,300436,15.51,15.5,1335,600,923,-14338
1048,FLR,2020-11-20,0 days 15:59:31.570591,304936,15.56,15.55,300,2738,-154,2646
1049,FSLY,2020-11-20,0 days 15:55:01.242490,119836,83.14,83.08,100,100,1587,-5313
1050,FSLY,2020-11-20,0 days 15:57:14.246495,128350,83.33,83.2,200,100,-4330,5070
1051,FSLY,2020-11-20,0 days 15:57:34.247311,125430,83.19,83.11,200,511,8920,-1180
1052,FSLY,2020-11-20,0 days 15:57:45.247507,132650,83.2,83.15,300,602,-280,5420
1053,FSLY,2020-11-20,0 days 15:57:47.247815,132930,83.17,83.13,612,1000,4220,-280
1054,FSLY,2020-11-20,0 days 15:59:07.251895,137074,83.21,83.16,100,400,-13439,5613
1055,FSLY,2020-11-20,0 days 15:59:18.252801,167596,83.23,83.16,221,200,978,-12822
1056,FSLY,2020-11-20,0 days 15:59:50.255273,128294,83.21,83.1,100,100,-37975,5125
1057,FSM,2020-11-20,0 days 15:59:46.255740,176081,6.46,6.45,37018,59300,9194,-12061
1058,FSM,2020-11-20,0 days 15:59:47.255703,169775,6.46,6.45,37018,58190,-6306,9194
1059,FSR,2020-11-20,0 days 15:55:31.566736,21110,16.39,16.38,200,400,6346,-308
1060,FSR,2020-11-20,0 days 15:58:01.568632,23863,16.4,16.38,2500,600,-2947,803
1061,FSR,2020-11-20,0 days 15:58:19.568650,24063,16.4,16.39,1954,100,-47,153
1062,FSR,2020-11-20,0 days 15:58:20.569054,23910,16.4,16.39,2190,200,153,-47
1063,FSR,2020-11-20,0 days 15:59:15.569425,25513,16.37,16.34,100,100,-6589,610
1064,FSR,2020-11-20,0 days 15:59:20.569200,32102,16.37,16.34,100,100,211,-589
1065,FSR,2020-11-20,0 days 15:59:24.568792,32102,16.38,16.34,100,100,211,-1289
1066,FSR,2020-11-20,0 days 15:59:46.571214,29913,16.36,16.3,800,616,-89,1011
1067,FTCH,2020-11-20,0 days 15:55:09.562966,52734,46.78,46.76,1300,300,418,-382
1068,FTCH,2020-11-20,0 days 15:55:37.566311,52952,46.88,46.86,201,200,-482,418
1069,FTCH,2020-11-20,0 days 15:55:51.565281,54834,46.91,46.9,1801,200,402,-318
1070,FTCH,2020-11-20,0 days 15:56:13.565772,54740,47.02,46.99,200,1480,-1041,59
1071,FTCH,2020-11-20,0 days 15:56:22.565926,54981,47.01,47.0,200,699,1359,-241
1072,FTCH,2020-11-20,0 days 15:57:06.567060,55051,47.01,46.98,200,100,1289,-311
1073,FTCH,2020-11-20,0 days 15:59:20.569840,61578,47.01,46.98,100,766,-116330,126270
1074,FTCH,2020-11-20,0 days 15:59:21.569871,61108,47.01,46.98,510,666,126270,-116330
1075,FTCH,2020-11-20,0 days 15:59:46.571603,192260,46.75,46.72,100,1196,-3956,134380
1076,FTCH,2020-11-20,0 days 15:59:48.570603,186116,46.9,46.78,149,200,6144,-4256
1077,FTCH,2020-11-20,0 days 15:59:55.572872,64760,47.04,46.94,200,100,-64490,62110
1078,FTCH,2020-11-20,0 days 15:59:57.570440,128450,47.04,46.95,200,100,62110,-64490
1079,FTCH,2020-11-20,0 days 16:00:00.570581,64760,47.05,45.15,1000,100,-64490,62110
1080,FTI,2020-11-20,0 days 15:55:00.250896,348392,8.28,8.27,35459,6525,44562,-103298
1081,FTI,2020-11-20,0 days 15:57:00.257362,392417,8.28,8.27,33916,8771,-9500,6800
1082,FTI,2020-11-20,0 days 15:57:19.257741,377617,8.28,8.27,29418,8560,13500,-10700
1083,FTI,2020-11-20,0 days 15:58:56.262182,410724,8.28,8.27,33279,29507,-328,8072
1084,FTI,2020-11-20,0 days 15:58:57.262710,408252,8.28,8.27,52755,4390,2472,-328
1085,FUBO,2020-11-20,0 days 15:56:13.248785,30235,23.48,23.47,270,100,-1030,783
1086,FUBO,2020-11-20,0 days 15:56:14.248967,28965,23.48,23.47,270,100,1270,-1030
1087,FUBO,2020-11-20,0 days 15:59:45.256577,33014,23.77,23.43,100,2000,-1151,1149
1088,FUBO,2020-11-20,0 days 15:59:48.256900,32695,23.65,23.43,5100,2000,700,-400
1089,GFI,2020-11-20,0 days 15:57:02.249905,303742,9.6,9.59,11517,32790,178194,-4806
1090,GFI,2020-11-20,0 days 15:59:17.254136,444992,9.63,9.62,12890,19184,-2605,795
1091,GFI,2020-11-20,0 days 15:59:47.255650,434665,9.65,9.63,24440,57663,2401,-16873
1092,GFL,2020-11-20,0 days 15:56:22.245072,10860,25.98,25.97,3853,100,140,-260
1093,GFL,2020-11-20,0 days 15:56:23.245025,9800,25.98,25.96,4053,100,-1060,140
1094,GFL,2020-11-20,0 days 15:59:30.256970,11070,25.95,25.93,609,100,1574,-133
1095,GGB,2020-11-20,0 days 15:59:36.253490,35045,3.98,3.97,165736,214917,-17443,20557
1096,GGB,2020-11-20,0 days 15:59:37.252469,33988,3.98,3.97,165736,209667,1057,-17443
1097,GIS,2020-11-20,0 days 15:59:25.252709,571747,61.37,61.36,300,1056,2034,-5673
1098,GIS,2020-11-20,0 days 15:59:50.257944,552679,61.38,61.36,1151,1235,-22867,11433
1099,GLW,2020-11-20,0 days 15:58:50.241503,450959,36.27,36.26,999,5063,17572,-6832
1100,GLW,2020-11-20,0 days 15:59:01.242205,455675,36.29,36.28,2100,3410,3476,-6745
1101,GLW,2020-11-20,0 days 15:59:11.241989,460370,36.29,36.28,2600,5181,-3885,7709
1102,GLW,2020-11-20,0 days 15:59:34.239371,474484,36.28,36.27,5303,2334,8212,-570
1103,GM,2020-11-20,0 days 15:55:00.244377,990568,43.22,43.21,2339,4301,4558,-46185
1104,GM,2020-11-20,0 days 15:55:09.244784,996468,43.23,43.22,4300,4400,-10462,1432
1105,GM,2020-11-20,0 days 15:55:10.244810,995230,43.23,43.22,2300,5332,1238,-10462
1106,GM,2020-11-20,0 days 15:55:13.245238,996655,43.23,43.22,2852,5032,-3325,1213
1107,GM,2020-11-20,0 days 15:55:14.245414,995880,43.23,43.22,2657,8932,775,-3325
1108,GM,2020-11-20,0 days 15:55:57.247500,1004888,43.21,43.2,2629,6405,5092,-3803
1109,GM,2020-11-20,0 days 15:56:00.248276,1009987,43.21,43.2,830,7600,-5101,1899
1110,GM,2020-11-20,0 days 15:56:01.248127,1008088,43.22,43.21,3296,3258,1899,-5101
1111,GM,2020-11-20,0 days 15:56:11.247890,1010829,43.22,43.21,1339,4814,-3115,2285
1112,GM,2020-11-20,0 days 15:56:12.248258,1011544,43.22,43.21,2839,4114,128,-3115
1113,GM,2020-11-20,0 days 15:57:23.250034,1013372,43.22,43.21,6217,3553,-1048,1152
1114,GM,2020-11-20,0 days 15:57:59.250496,1050272,43.22,43.21,2425,7648,-3555,2745
1115,GM,2020-11-20,0 days 15:58:03.250436,1053827,43.22,43.21,5785,2886,4550,-3255
1116,GM,2020-11-20,0 days 15:58:09.251111,1038901,43.21,43.2,6240,4474,-2826,7550
1117,GM,2020-11-20,0 days 15:58:12.251224,1041727,43.21,43.2,6782,3997,291,-2826
1118,GM,2020-11-20,0 days 15:58:15.251810,1039218,43.21,43.2,6395,5021,-2509,3991
1119,GM,2020-11-20,0 days 15:58:17.251267,1041727,43.21,43.2,7166,3676,3891,-2509
1120,GM,2020-11-20,0 days 15:58:18.251287,1039218,43.21,43.2,6453,3876,-2509,3891
1121,GM,2020-11-20,0 days 15:58:39.252804,1046327,43.18,43.17,1468,8400,16191,-4709
1122,GM,2020-11-20,0 days 15:58:40.252867,1043518,43.19,43.18,6316,1900,-2809,16191
1123,GM,2020-11-20,0 days 15:58:48.252664,1038812,43.14,43.13,1385,5100,3106,-11194
1124,GM,2020-11-20,0 days 15:58:49.252829,1036618,43.16,43.15,2500,5700,-2194,3106
1125,GM,2020-11-20,0 days 15:59:06.254876,1029742,43.15,43.13,3600,7638,1097,-843
1126,GM,2020-11-20,0 days 15:59:07.254577,1026149,43.13,43.12,3867,3500,-6371,1097
1127,GM,2020-11-20,0 days 15:59:14.255231,1032171,43.08,43.07,800,1850,10378,-2722
1128,GM,2020-11-20,0 days 15:59:15.254819,1029849,43.09,43.08,3253,1500,-2322,10378
1129,GM,2020-11-20,0 days 15:59:26.253143,1133621,43.1,43.09,600,2500,8543,-9772
1130,GM,2020-11-20,0 days 15:59:27.252759,1128235,43.1,43.09,200,2400,-5386,8543
1131,GM,2020-11-20,0 days 15:59:45.256289,1152660,43.06,43.05,4163,401,3518,-1289
1132,GM,2020-11-20,0 days 15:59:48.256493,1150442,43.07,43.06,6912,600,-11474,1896
1133,GNW,2020-11-20,0 days 15:56:24.255885,213840,4.61,4.6,25915,10799,-5300,8200
1134,GNW,2020-11-20,0 days 15:59:00.266631,220340,4.63,4.61,5822,46756,2151,-716
1135,GOL,2020-11-20,0 days 15:56:53.571670,5666,8.22,8.21,8697,2800,2257,-163
1136,GOL,2020-11-20,0 days 15:59:00.571818,8223,8.23,8.22,14389,2000,-401,99
1137,GOL,2020-11-20,0 days 15:59:36.569810,11829,8.22,8.21,10831,4136,1794,-2406
1138,GOL,2020-11-20,0 days 15:59:37.572067,11623,8.22,8.21,10631,4136,-106,1794
1139,GOLD,2020-11-20,0 days 15:55:01.251105,418737,24.21,24.2,26298,17100,9922,-27237
1140,GPK,2020-11-20,0 days 15:55:29.246249,344613,15.6,15.59,6113,7985,5947,-5249
1141,GPK,2020-11-20,0 days 15:55:30.246712,341160,15.6,15.59,5713,8985,-3457,5947
1142,GPK,2020-11-20,0 days 15:56:06.247592,344999,15.61,15.6,9361,4494,14188,-1930
1143,GPK,2020-11-20,0 days 15:56:07.247762,342787,15.61,15.6,9551,8094,-2212,14188
1144,GPK,2020-11-20,0 days 15:56:12.247685,382499,15.61,15.6,9551,7493,3688,-2212
1145,GPK,2020-11-20,0 days 15:57:43.249024,411943,15.63,15.62,5000,13100,-2356,15044
1146,GPK,2020-11-20,0 days 15:57:44.248908,406599,15.63,15.62,5400,10700,6244,-2356
1147,GPK,2020-11-20,0 days 15:58:50.253147,411543,15.65,15.64,2600,15237,-4342,5091
1148,GPK,2020-11-20,0 days 15:58:51.252356,408385,15.65,15.64,4500,13759,3158,-4342
1149,GPK,2020-11-20,0 days 15:59:26.253541,565059,15.65,15.64,2287,13950,-191,8309
1150,GPK,2020-11-20,0 days 15:59:28.253460,555010,15.65,15.64,9003,7740,10049,-191
1151,GPK,2020-11-20,0 days 15:59:30.258976,565059,15.65,15.64,7903,9832,-801,10049
1152,GPK,2020-11-20,0 days 15:59:32.253818,565860,15.65,15.64,13603,6198,7581,-801
1153,GPS,2020-11-20,0 days 15:59:47.115402,270365,24.37,24.36,8394,1045,8830,-190
1154,GPS,2020-11-20,0 days 15:59:59.115433,270365,24.37,24.35,3600,4765,13645,-41036
1155,GSK,2020-11-20,0 days 15:55:00.252064,38091,37.01,37.0,5566,2910,-2295,7656
1156,GSK,2020-11-20,0 days 15:55:13.251885,45570,37.01,37.0,3766,5900,1021,-2779
1157,GSK,2020-11-20,0 days 15:55:14.251878,44791,37.01,37.0,4808,5800,-779,1021
1158,GSK,2020-11-20,0 days 15:55:40.254960,45670,37.01,37.0,7868,4210,250,-879
1159,GSK,2020-11-20,0 days 15:55:41.254661,45020,37.01,37.0,7768,5310,-650,250
1160,GSK,2020-11-20,0 days 15:57:15.257742,49248,37.01,37.0,9001,8154,1080,-1020
1161,GSK,2020-11-20,0 days 15:57:16.257809,48428,37.01,37.0,7795,8054,-820,1080
1162,GSK,2020-11-20,0 days 15:59:17.263176,133582,37.02,37.01,7705,5952,-1876,6617
1163,GSK,2020-11-20,0 days 15:59:20.262582,133458,37.01,37.0,10443,7019,5724,-25476
1164,GSX,2020-11-20,0 days 15:55:03.587523,778572,65.81,65.74,300,100,5340,-216827
1165,GSX,2020-11-20,0 days 15:55:05.588061,783312,66.12,65.91,200,400,-217427,5340
1166,GSX,2020-11-20,0 days 15:55:24.590750,785812,66.01,65.93,287,800,-214927,7840
1167,GSX,2020-11-20,0 days 15:56:05.592141,778572,65.97,65.92,210,2779,26819,-196148
1168,GSX,2020-11-20,0 days 15:56:10.592220,806585,65.93,65.92,305,3079,-194954,27709
1169,GSX,2020-11-20,0 days 15:56:11.591949,778572,65.93,65.92,305,1587,28013,-194954
1170,GSX,2020-11-20,0 days 15:56:22.591687,806585,66.0,65.92,234,2424,-194954,28013
1171,GSX,2020-11-20,0 days 15:57:01.593526,807531,66.0,65.94,766,100,-194008,26459
1172,GSX,2020-11-20,0 days 15:57:15.593336,778572,65.96,65.95,2983,726,29859,-193108
1173,GSX,2020-11-20,0 days 15:57:42.592895,778572,65.94,65.92,200,100,29859,-260908
1174,GSX,2020-11-20,0 days 15:57:54.593202,808431,65.96,65.93,240,1000,-272208,29859
1175,GSX,2020-11-20,0 days 15:58:00.595139,778572,65.95,65.94,3200,1554,29859,-272308
1176,GSX,2020-11-20,0 days 15:58:53.596377,809031,65.83,65.69,100,200,-245208,30459
1177,GSX,2020-11-20,0 days 15:59:20.596689,778572,65.71,65.65,800,600,25829,-263948
1178,HAL,2020-11-20,0 days 15:55:00.242708,725059,15.93,15.92,23498,2900,-21244,192570
1179,HAL,2020-11-20,0 days 15:59:48.255683,845492,15.87,15.86,7000,17455,-30857,5743
1180,HAL,2020-11-20,0 days 15:59:50.257594,686749,15.87,15.86,8108,13052,158743,-30957
1181,HBI,2020-11-20,0 days 15:55:00.245582,403144,13.64,13.63,12732,3221,-3452,195718
1182,HBI,2020-11-20,0 days 15:56:53.249226,406899,13.63,13.62,7385,8603,2049,-371
1183,HBI,2020-11-20,0 days 15:57:34.249807,409748,13.63,13.62,5982,8844,-3362,1938
1184,HBI,2020-11-20,0 days 15:57:42.250046,406010,13.63,13.62,7479,8334,3738,-4862
1185,HBI,2020-11-20,0 days 15:57:48.249841,409748,13.63,13.62,7479,8334,-562,838
1186,HBI,2020-11-20,0 days 15:57:55.250236,411007,13.63,13.62,9879,6773,141,-5359
1187,HBI,2020-11-20,0 days 15:57:58.249790,411148,13.63,13.62,8829,7453,-2859,141
1188,HBI,2020-11-20,0 days 15:58:12.251381,408797,13.63,13.62,9562,5680,2351,-5649
1189,HBI,2020-11-20,0 days 15:58:15.251993,411148,13.63,13.62,9465,3378,-249,2351
1190,HBI,2020-11-20,0 days 15:59:50.258925,348117,13.62,13.61,13010,10838,68348,-14952
1191,HCA,2020-11-20,0 days 15:55:59.245143,141458,147.63,147.54,244,164,194,-80
1192,HCA,2020-11-20,0 days 15:56:04.245037,139752,147.64,147.56,166,258,-1706,94
1193,HCA,2020-11-20,0 days 15:57:33.247390,141468,147.5,147.43,127,200,1377,-23
1194,HCA,2020-11-20,0 days 15:57:34.247411,140911,147.52,147.46,204,118,-557,1377
1195,HCA,2020-11-20,0 days 15:57:39.249835,141468,147.59,147.51,100,120,564,-836
1196,HCA,2020-11-20,0 days 15:57:40.248161,140732,147.61,147.51,100,100,-736,564
1197,HCA,2020-11-20,0 days 15:57:50.247718,141595,147.61,147.49,350,100,2737,-1036
1198,HCA,2020-11-20,0 days 15:57:51.248075,141032,147.59,147.5,350,178,-563,2737
1199,HCA,2020-11-20,0 days 15:57:57.248131,141595,147.49,147.39,100,100,2237,-1463
1200,HCA,2020-11-20,0 days 15:57:58.247963,141232,147.49,147.41,100,130,-363,2237
1201,HCA,2020-11-20,0 days 15:58:16.249839,141589,147.53,147.42,100,244,2150,-650
1202,HCA,2020-11-20,0 days 15:58:18.249554,141239,147.53,147.42,205,344,-350,150
1203,HCA,2020-11-20,0 days 15:58:19.249951,141589,147.53,147.42,260,444,750,-350
1204,HCA,2020-11-20,0 days 15:58:21.250151,141239,147.53,147.42,360,344,-350,850
1205,HCA,2020-11-20,0 days 15:58:24.250022,141589,147.53,147.43,360,230,350,-350
1206,HCA,2020-11-20,0 days 15:58:25.250834,139139,147.63,147.49,100,100,-2450,350
1207,HCA,2020-11-20,0 days 15:58:26.250263,141589,147.55,147.42,100,100,2950,-2450
1208,HCA,2020-11-20,0 days 15:58:27.250166,141239,147.63,147.42,210,100,-350,2950
1209,HCA,2020-11-20,0 days 15:59:01.252807,142002,147.58,147.44,616,337,3038,-1062
1210,HCA,2020-11-20,0 days 15:59:08.252803,139232,147.52,147.39,100,100,-4020,2580
1211,HCA,2020-11-20,0 days 15:59:12.252936,155248,147.33,147.25,300,100,5284,-1424
1212,HCA,2020-11-20,0 days 15:59:18.253026,156893,147.33,147.17,100,100,339,-1061
1213,HCA,2020-11-20,0 days 15:59:19.252578,155932,147.3,147.13,148,200,-961,339
1214,HCA,2020-11-20,0 days 15:59:22.253814,156893,147.29,147.13,100,400,1639,-961
1215,HCA,2020-11-20,0 days 15:59:23.253448,156332,147.3,147.15,300,200,-1261,1639
1216,HCA,2020-11-20,0 days 15:59:29.255040,157593,147.27,147.13,507,110,1956,-944
1217,HCA,2020-11-20,0 days 15:59:30.257050,156949,147.27,147.15,100,633,-644,1956
1218,HCA,2020-11-20,0 days 15:59:35.252493,157648,147.31,147.21,400,100,421,-1207
1219,HCA,2020-11-20,0 days 15:59:41.253138,156969,147.37,147.21,100,100,-679,721
1220,HCA,2020-11-20,0 days 15:59:43.252825,157648,147.26,147.15,400,100,2121,-3587
1221,HCA,2020-11-20,0 days 15:59:44.252405,157069,147.23,147.1,400,100,-579,2121
1222,HCA,2020-11-20,0 days 15:59:45.254419,157648,147.16,147.04,600,100,5091,-579
1223,HCA,2020-11-20,0 days 15:59:46.253437,157439,147.16,147.01,550,100,-209,5091
1224,HD,2020-11-20,0 days 15:55:00.251070,764358,270.02,269.92,100,697,14174,-36192
1225,HD,2020-11-20,0 days 15:56:01.256253,785658,269.82,269.78,100,150,-1012,3114
1226,HD,2020-11-20,0 days 15:59:23.262687,838388,269.68,269.62,100,300,-3988,2287
1227,HD,2020-11-20,0 days 15:59:24.263116,836676,269.68,269.62,100,100,1712,-3988
1228,HD,2020-11-20,0 days 15:59:38.262601,832668,269.82,269.76,100,375,-14464,882
1229,HD,2020-11-20,0 days 15:59:39.262780,831732,269.83,269.76,300,575,528,-14464
1230,HD,2020-11-20,0 days 15:59:54.265703,835344,269.85,269.69,100,200,-8188,7758
1231,HFC,2020-11-20,0 days 15:59:06.255082,139311,22.14,22.13,870,605,6079,-363
1232,HFC,2020-11-20,0 days 15:59:10.254832,128838,22.14,22.13,716,1788,-10595,4656
1233,HIG,2020-11-20,0 days 15:57:31.247250,182805,45.78,45.77,937,210,670,-30
