,Symbol,Timestamp,TIME,iPaired,Ask_P,Bid_P,Ask_S,Bid_S,iShares,PreviShares
0,AA,2020-11-03,0 days 15:58:35.244814,195407,13.87,13.86,3300,2074,-2892,2059
1,AA,2020-11-03,0 days 15:59:01.245870,194758,13.86,13.85,2300,4593,764,-2214
2,AA,2020-11-03,0 days 15:59:06.246028,190234,13.85,13.84,2400,3917,-2409,728
3,ABBV,2020-11-03,0 days 15:55:00.106165,317778,88.43,88.42,200,300,27807,-13934
4,ABBV,2020-11-03,0 days 15:58:15.113566,376489,88.26,88.24,500,800,-31049,6310
5,ABBV,2020-11-03,0 days 15:59:15.114056,390315,88.01,87.99,828,300,6866,-3128
6,ABBV,2020-11-03,0 days 15:59:24.114721,397181,88.01,87.99,200,100,-78,1388
7,ABR,2020-11-03,0 days 15:55:33.099935,60580,12.68,12.67,2920,327,641,-559
8,ABR,2020-11-03,0 days 15:55:56.100517,62320,12.66,12.65,900,844,-1193,1520
9,ABR,2020-11-03,0 days 15:57:10.102522,65475,12.66,12.65,814,940,2250,-2750
10,ABR,2020-11-03,0 days 15:59:04.105367,62942,12.64,12.63,755,300,-2703,1922
11,ABT,2020-11-03,0 days 15:59:06.253037,469193,109.59,109.53,200,1002,774,-10337
12,ABT,2020-11-03,0 days 15:59:07.253541,462586,109.6,109.57,100,100,-7618,774
13,ABT,2020-11-03,0 days 15:59:08.254525,469193,109.58,109.54,200,100,793,-7618
14,ACI,2020-11-03,0 days 15:59:15.253041,49700,15.26,15.25,1000,951,-1048,1831
15,ACI,2020-11-03,0 days 15:59:40.252948,49900,15.25,15.22,1200,200,-4929,1724
16,ACI,2020-11-03,0 days 15:59:41.252550,48092,15.23,15.21,258,100,1808,-4929
17,ACI,2020-11-03,0 days 15:59:42.252766,49900,15.25,15.21,1200,300,-5639,1808
18,ACI,2020-11-03,0 days 15:59:45.255656,48092,15.25,15.21,2000,1100,1808,-5639
19,ACN,2020-11-03,0 days 15:59:06.259432,167179,225.72,225.56,100,567,1180,-435
20,AEO,2020-11-03,0 days 15:57:37.294083,211697,14.94,14.93,1803,4360,-923,77
21,AEO,2020-11-03,0 days 15:58:54.297197,210898,14.88,14.87,3776,1200,248,-50
22,AEO,2020-11-03,0 days 15:59:09.298072,211446,14.87,14.86,4165,1879,-9968,548
23,AEO,2020-11-03,0 days 15:59:15.298491,209018,14.87,14.86,2345,4322,2428,-9968
24,AEO,2020-11-03,0 days 15:59:34.297874,211146,14.87,14.86,1391,2804,-365,828
25,AES,2020-11-03,0 days 15:59:15.255780,500444,20.29,20.28,7801,4100,-141294,13816
26,AFL,2020-11-03,0 days 15:59:48.243764,787491,36.31,36.3,1000,100,-14041,9225
27,AG,2020-11-03,0 days 15:59:46.257949,76292,11.1,11.09,9729,5130,5521,-2899
28,AGI,2020-11-03,0 days 15:59:43.111334,158057,9.39,9.38,10858,16656,-1917,211
29,AIV,2020-11-03,0 days 15:59:44.104911,392258,26.93,26.92,800,200,2301,-1699
30,AIV,2020-11-03,0 days 15:59:47.105652,394112,26.96,26.93,400,1000,10563,-3752
31,ALLY,2020-11-03,0 days 15:57:37.294097,114065,28.66,28.65,3628,2198,-1549,51
32,ALLY,2020-11-03,0 days 15:59:01.297694,96705,28.54,28.52,3700,1100,23234,-12125
33,ALLY,2020-11-03,0 days 15:59:24.297517,123496,28.53,28.52,2748,968,-24914,20790
34,AM,2020-11-03,0 days 15:59:26.246149,667947,5.53,5.52,8118,3760,40387,-3331
35,AMH,2020-11-03,0 days 15:59:36.236768,183328,28.71,28.7,1200,1100,-2201,1241
36,AMWL,2020-11-03,0 days 15:59:46.235973,30900,26.0,25.98,100,100,-2493,1642
37,ANTM,2020-11-03,0 days 15:59:28.252040,70144,293.09,292.96,100,100,111,-8674
38,ANTM,2020-11-03,0 days 15:59:29.251816,68055,293.3,293.0,200,200,-9089,111
39,AON,2020-11-03,0 days 15:57:33.293703,94731,180.11,180.04,100,349,1794,-406
40,APLE,2020-11-03,0 days 15:55:00.098331,41667,10.8,10.79,5185,1699,10032,-1951
41,APTV,2020-11-03,0 days 15:59:08.247312,93930,101.92,101.81,500,100,-6803,3056
42,ATI,2020-11-03,0 days 15:59:33.297647,91762,10.03,10.02,1300,4895,596,-1951
43,AU,2020-11-03,0 days 15:55:00.253322,44363,25.41,25.4,3754,1600,7087,-504
44,AU,2020-11-03,0 days 15:59:30.260038,56475,25.43,25.42,500,3279,331,-727
45,AU,2020-11-03,0 days 15:59:40.257648,56806,25.43,25.42,726,2699,-301,331
46,AUY,2020-11-03,0 days 15:58:50.246196,155324,5.71,5.7,340190,227687,-2606,12596
47,AUY,2020-11-03,0 days 15:58:57.245544,157930,5.71,5.7,381290,225119,1358,-2606
48,AUY,2020-11-03,0 days 15:59:12.244339,159488,5.71,5.7,314480,237570,-11765,2535
49,AVTR,2020-11-03,0 days 15:58:14.231842,119739,23.75,23.74,50986,7118,-5539,14974
50,AVTR,2020-11-03,0 days 15:58:49.233152,125205,23.75,23.74,48757,4143,3834,-756
51,AVTR,2020-11-03,0 days 15:59:48.235549,195842,23.75,23.74,7281,1504,-4120,3885
52,AVYA,2020-11-03,0 days 15:59:46.235815,106526,17.23,17.21,612,100,-115,2528
53,AXP,2020-11-03,0 days 15:59:15.103673,315494,96.17,96.15,100,100,20469,-10989
54,AXP,2020-11-03,0 days 15:59:41.104904,324309,96.31,96.28,100,200,-31066,9714
55,AXP,2020-11-03,0 days 15:59:59.107885,319900,96.3,96.27,100,100,13349,-28128
56,AXP,2020-11-03,0 days 16:00:00.146663,330339,96.3,96.2,100,100,-25036,13349
57,BA,2020-11-03,0 days 15:55:00.290823,170193,154.71,154.7,400,100,-454,9573
58,BA,2020-11-03,0 days 15:57:36.293661,172384,154.2,154.18,244,466,683,-617
59,BA,2020-11-03,0 days 15:58:59.297236,183262,154.08,154.05,200,300,-29786,14416
60,BAM,2020-11-03,0 days 15:55:00.236690,15715,32.12,32.11,100,3500,-16443,265
61,BAX,2020-11-03,0 days 15:55:00.244977,147173,77.62,77.59,100,103,-12415,7721
62,BBVA,2020-11-03,0 days 15:58:01.232249,17728,3.07,3.06,302481,86781,-645,155
63,BBVA,2020-11-03,0 days 15:58:09.232123,18373,3.07,3.06,430581,129663,155,-645
64,BBVA,2020-11-03,0 days 15:58:13.232698,18528,3.07,3.06,431281,127463,-345,155
65,BBVA,2020-11-03,0 days 15:59:02.234945,19573,3.07,3.06,427569,120259,3087,-1045
66,BHC,2020-11-03,0 days 15:59:10.116333,112828,16.32,16.31,1455,1800,3034,-566
67,BHC,2020-11-03,0 days 15:59:36.114712,115862,16.32,16.31,1162,600,-1216,3034
68,BK,2020-11-03,0 days 15:55:00.105687,291195,36.22,36.21,5007,222,-117917,21196
69,BKR,2020-11-03,0 days 15:55:00.098331,375130,15.98,15.97,2275,5103,-103213,151073
70,BKR,2020-11-03,0 days 15:59:22.103921,511577,15.89,15.88,3100,7400,31741,-8189
71,BKR,2020-11-03,0 days 15:59:30.106463,530406,15.9,15.89,4293,1862,-8422,11875
72,BKR,2020-11-03,0 days 15:59:37.104609,538828,15.9,15.89,3080,2800,7609,-8422
73,BLL,2020-11-03,0 days 15:59:18.251877,142038,93.67,93.56,200,496,-2940,323
74,BMY,2020-11-03,0 days 15:55:00.290175,723634,61.6,61.59,1818,200,12644,-18261
75,BMY,2020-11-03,0 days 15:55:54.290696,742346,61.48,61.47,600,1873,-16,8136
76,BMY,2020-11-03,0 days 15:56:21.290980,757257,61.41,61.4,2989,1900,23107,-11815
77,BMY,2020-11-03,0 days 15:56:44.291625,778944,61.48,61.47,600,2528,-26204,17445
78,BMY,2020-11-03,0 days 15:58:08.294701,831538,61.37,61.36,1300,1401,-10313,791
79,BMY,2020-11-03,0 days 15:59:15.298361,897906,61.21,61.2,300,1300,-48706,27922
80,BP,2020-11-03,0 days 15:59:15.243061,314636,16.18,16.17,37922,34021,330,-48505
81,BRK.B,2020-11-03,0 days 15:58:33.231942,416654,206.64,206.57,650,150,31484,-17903
82,BRX,2020-11-03,0 days 15:55:00.291046,73334,11.89,11.88,3916,3310,-11347,1623
83,BSX,2020-11-03,0 days 15:59:55.235376,581555,35.13,35.12,300,706,11148,-520
84,BTI,2020-11-03,0 days 15:56:45.240118,15416,32.72,32.71,1000,3600,-149,15
85,BWA,2020-11-03,0 days 15:59:16.113010,303192,36.35,36.34,100,340,47829,-58357
86,BX,2020-11-03,0 days 15:59:11.235466,88884,51.95,51.93,1238,880,758,-815
87,C,2020-11-03,0 days 15:59:30.248991,5127334,43.71,43.7,3100,4086,-192704,161130
88,CAH,2020-11-03,0 days 15:55:46.236241,137159,48.94,48.93,200,400,-7797,11203
89,CAH,2020-11-03,0 days 15:57:22.244950,146335,48.89,48.87,603,332,2282,-2725
90,CAH,2020-11-03,0 days 15:59:00.246366,146645,48.87,48.85,200,450,1613,-6098
91,CAH,2020-11-03,0 days 15:59:06.243342,148247,48.86,48.84,300,633,-595,2070
92,CAH,2020-11-03,0 days 15:59:23.242901,151490,48.85,48.79,734,600,-9223,541
93,CARR,2020-11-03,0 days 15:59:13.235966,320315,36.97,36.95,2498,100,21019,-10786
94,CAT,2020-11-03,0 days 15:59:23.234777,402694,167.7,167.59,200,100,501,-328
95,CAT,2020-11-03,0 days 15:59:29.235201,419692,168.06,167.83,100,200,-781,14096
96,CAT,2020-11-03,0 days 15:59:41.235987,412063,167.88,167.77,671,100,7248,-8566
97,CAT,2020-11-03,0 days 15:59:52.236720,419311,168.0,167.78,330,100,-6278,4919
98,CAT,2020-11-03,0 days 15:59:58.239074,413299,167.94,167.72,500,200,7790,-6100
99,CBRE,2020-11-03,0 days 15:55:54.108744,152225,52.26,52.25,100,300,337,-1254
100,CBRE,2020-11-03,0 days 15:55:55.109399,141062,52.26,52.25,100,300,-10263,337
101,CBRE,2020-11-03,0 days 15:56:07.109357,151425,52.23,52.19,1111,800,2066,-10034
102,CBRE,2020-11-03,0 days 15:56:14.109035,153491,52.22,52.19,491,1022,-2134,2066
103,CBRE,2020-11-03,0 days 15:56:53.110279,159568,52.17,52.15,314,598,472,-3509
104,CBRE,2020-11-03,0 days 15:56:56.110237,148340,52.21,52.18,112,100,-11028,172
105,CBRE,2020-11-03,0 days 15:57:07.110455,159868,52.2,52.17,649,1054,172,-10828
106,CBRE,2020-11-03,0 days 15:57:33.112471,160240,52.18,52.16,649,517,-3228,372
107,CCL,2020-11-03,0 days 15:55:00.245587,284735,13.81,13.8,8295,4261,7528,-56425
108,CCL,2020-11-03,0 days 15:59:06.253290,336559,13.74,13.73,3501,5046,-10499,15509
109,CCL,2020-11-03,0 days 15:59:11.253791,349598,13.73,13.72,1425,11563,-5813,1450
110,CCL,2020-11-03,0 days 15:59:15.253154,368054,13.73,13.72,5124,9062,24180,-9379
111,CCL,2020-11-03,0 days 15:59:18.251846,385334,13.74,13.73,100,7132,-48435,97
112,CDE,2020-11-03,0 days 15:59:39.256686,209310,7.8,7.79,4400,7184,-16677,9577
113,CFG,2020-11-03,0 days 15:55:40.245355,197488,29.14,29.13,1000,1730,-27826,15546
114,CGC,2020-11-03,0 days 15:56:39.241746,39690,20.54,20.53,700,2109,-533,1667
115,CGC,2020-11-03,0 days 15:57:00.242291,40223,20.5,20.49,100,3100,2667,-533
116,CGC,2020-11-03,0 days 15:58:06.246021,42014,20.52,20.51,200,500,-209,291
117,CGC,2020-11-03,0 days 15:59:43.246688,42257,20.52,20.47,1700,1200,-1605,534
118,CHD,2020-11-03,0 days 15:58:02.294387,131396,89.35,89.31,400,367,-222,4258
119,CHD,2020-11-03,0 days 15:58:03.294214,128152,89.34,89.31,200,277,6049,-222
120,CHD,2020-11-03,0 days 15:59:31.298156,137559,89.11,89.02,766,100,-10488,8357
121,CHWY,2020-11-03,0 days 15:59:08.247557,38697,64.2,64.15,100,100,160,-5884
122,CHWY,2020-11-03,0 days 15:59:16.245497,34799,64.22,64.13,100,105,-3898,160
123,CHWY,2020-11-03,0 days 15:59:35.246580,38650,64.15,64.08,300,100,887,-2563
124,CHWY,2020-11-03,0 days 15:59:41.247110,38737,64.25,64.09,1600,2300,-7,40
125,CHWY,2020-11-03,0 days 15:59:48.247915,40928,64.25,64.07,400,800,238,-31
126,CL,2020-11-03,0 days 15:59:03.260209,364316,83.08,83.05,548,100,1122,-83378
127,CL,2020-11-03,0 days 15:59:06.259564,365982,83.12,83.08,100,110,-4748,1491
128,CL,2020-11-03,0 days 15:59:09.260053,376095,83.14,83.09,100,200,26886,-9805
129,CL,2020-11-03,0 days 15:59:22.255668,299067,83.09,83.02,300,400,-71886,44039
130,CL,2020-11-03,0 days 15:59:29.255783,373153,83.08,83.02,700,200,53865,-62093
131,CLDR,2020-11-03,0 days 15:56:53.256639,115055,10.1,10.09,2881,10367,-7939,1161
132,CLDR,2020-11-03,0 days 15:59:06.259661,130645,10.08,10.07,6783,4800,3389,-2021
133,CLDR,2020-11-03,0 days 15:59:18.255404,134139,10.08,10.07,6595,8528,-868,142
134,CLR,2020-11-03,0 days 15:56:22.101308,46229,12.71,12.7,1810,1614,-459,1925
135,CLR,2020-11-03,0 days 15:59:33.104332,54248,12.71,12.7,1401,476,2295,-891
136,CNP,2020-11-03,0 days 15:55:00.235002,156486,21.95,21.94,2236,2248,-24359,50368
137,CNP,2020-11-03,0 days 15:56:41.237524,180051,21.86,21.85,1800,3140,1697,-385
138,CNP,2020-11-03,0 days 15:59:09.243487,202759,21.83,21.82,3200,2000,-408,1050
139,CNP,2020-11-03,0 days 15:59:15.242172,209558,21.82,21.8,4436,1600,-2782,881
140,CNQ,2020-11-03,0 days 15:59:09.298087,27612,16.69,16.68,5457,7368,-2771,1202
141,CNX,2020-11-03,0 days 15:58:05.242376,166361,9.31,9.3,5444,3399,3387,-6891
142,CNX,2020-11-03,0 days 15:58:13.242626,171048,9.31,9.3,6136,2772,-25942,1001
143,CNX,2020-11-03,0 days 15:59:01.246613,193202,9.29,9.28,3600,4110,967,-707
144,CNX,2020-11-03,0 days 15:59:04.248108,192974,9.29,9.28,3510,13010,-228,1072
145,COF,2020-11-03,0 days 15:55:00.235307,340652,78.27,78.23,235,1037,3006,-3473
146,COF,2020-11-03,0 days 15:56:44.239690,355188,77.9,77.84,201,685,-3029,5071
147,COF,2020-11-03,0 days 15:58:05.242338,360565,77.71,77.68,100,296,-8595,952
148,COF,2020-11-03,0 days 15:58:24.243039,368914,77.66,77.59,300,200,1927,-1273
149,COF,2020-11-03,0 days 15:58:29.242822,367641,77.64,77.61,250,204,-1273,1927
150,COF,2020-11-03,0 days 15:58:30.242930,368914,77.64,77.59,550,100,1927,-1273
151,COF,2020-11-03,0 days 15:58:36.243002,368641,77.59,77.57,1462,200,-273,2127
152,COF,2020-11-03,0 days 15:58:40.243578,368914,77.62,77.58,200,300,3827,-73
153,COF,2020-11-03,0 days 15:59:13.244606,393720,77.5,77.45,200,300,-856,7540
154,COF,2020-11-03,0 days 15:59:14.244343,394605,77.48,77.41,194,100,5515,-856
155,COF,2020-11-03,0 days 15:59:17.242997,393786,77.51,77.44,600,266,-819,4181
156,COF,2020-11-03,0 days 15:59:21.244318,398532,77.49,77.42,200,100,3754,-2646
157,COF,2020-11-03,0 days 15:59:40.244300,393700,77.6,77.55,398,100,-2041,6469
158,COG,2020-11-03,0 days 15:55:33.099935,218404,16.88,16.87,1797,4635,-1257,743
159,COG,2020-11-03,0 days 15:55:47.099822,221635,16.88,16.87,4180,3932,10377,-3131
160,COG,2020-11-03,0 days 15:59:57.107208,315936,16.82,16.8,1500,700,-29940,5471
161,COP,2020-11-03,0 days 15:55:00.106704,336110,29.49,29.48,741,5750,-563956,110201
162,COP,2020-11-03,0 days 15:59:30.117743,906298,29.29,29.28,3449,2156,2806,-46228
163,COP,2020-11-03,0 days 15:59:31.114327,908870,29.3,29.29,1900,2250,-234,2806
164,COP,2020-11-03,0 days 15:59:36.114712,908834,29.32,29.31,1100,2000,-704,7296
165,COP,2020-11-03,0 days 15:59:37.111489,909538,29.32,29.31,2600,1100,11333,-704
166,COTY,2020-11-03,0 days 15:59:23.234631,619995,3.14,3.13,27356,83905,11413,-40442
167,CPB,2020-11-03,0 days 15:55:35.245395,122341,48.0,47.98,487,200,-405,195
168,CPB,2020-11-03,0 days 15:57:22.252047,126881,47.98,47.97,728,193,6386,-717
169,CPB,2020-11-03,0 days 15:59:00.256547,134473,47.96,47.94,418,321,-738,3942
170,CPB,2020-11-03,0 days 15:59:03.252982,133474,47.93,47.92,300,100,1570,-167
171,CPB,2020-11-03,0 days 15:59:16.251342,131210,47.9,47.87,400,100,-5643,3031
172,CPG,2020-11-03,0 days 15:55:00.253886,1576,1.32,1.31,220378,2219,-301,76
173,CPG,2020-11-03,0 days 15:57:08.257142,1877,1.31,1.3,34900,163400,3899,-301
174,CPRI,2020-11-03,0 days 15:55:00.234970,115191,23.11,23.1,2434,492,-19097,71990
175,CPRI,2020-11-03,0 days 15:59:10.241509,153151,22.95,22.93,100,334,1962,-1670
176,CPRI,2020-11-03,0 days 15:59:15.239290,155384,22.95,22.93,474,300,-29078,2233
177,CRM,2020-11-03,0 days 15:59:05.243097,328844,237.07,236.96,400,600,1560,-1908
178,CTVA,2020-11-03,0 days 15:55:00.235837,149430,33.08,33.07,300,200,-56787,1193
179,CVA,2020-11-03,0 days 15:59:39.252441,135859,10.51,10.5,960,300,-5222,3383
180,CVE,2020-11-03,0 days 15:55:00.227494,20723,3.63,3.62,96622,130261,-78,2537
181,CVS,2020-11-03,0 days 15:55:01.243729,272281,59.69,59.68,500,357,-53112,6940
182,CVS,2020-11-03,0 days 15:59:24.251688,364360,59.49,59.47,420,720,-1555,10343
183,CVS,2020-11-03,0 days 15:59:25.251386,365915,59.48,59.45,150,100,1945,-1555
184,CVS,2020-11-03,0 days 15:59:45.255568,351672,59.5,59.48,600,100,15105,-63190
185,CVX,2020-11-03,0 days 15:55:43.229177,416022,72.11,72.1,401,850,3428,-5026
186,CWH,2020-11-03,0 days 15:59:34.235208,43921,29.45,29.42,787,1570,-447,551
187,CWH,2020-11-03,0 days 15:59:42.235549,44368,29.43,29.28,424,100,754,-346
188,CWH,2020-11-03,0 days 15:59:45.237435,45522,29.43,29.33,424,200,-2201,754
189,CXO,2020-11-03,0 days 15:59:11.104829,82417,42.48,42.46,1236,200,-10855,1419
190,CXO,2020-11-03,0 days 15:59:32.104191,80754,42.46,42.43,591,500,7613,-6855
191,CXO,2020-11-03,0 days 15:59:42.105287,86367,42.48,42.46,554,521,-5819,5113
192,CXW,2020-11-03,0 days 15:55:00.253512,103621,7.54,7.53,200,9720,-2129,51131
193,CXW,2020-11-03,0 days 15:55:59.256201,105882,7.54,7.53,4839,2235,995,-575
194,CXW,2020-11-03,0 days 15:59:45.258765,135967,7.53,7.52,1652,3000,-3143,3562
195,CYH,2020-11-03,0 days 15:59:15.235097,218949,8.52,8.51,3368,1560,-48926,64921
196,CYH,2020-11-03,0 days 15:59:43.235616,269969,8.46,8.45,2375,900,2214,-7718
197,CYH,2020-11-03,0 days 15:59:45.237712,267183,8.46,8.45,1999,1001,-2786,2214
198,D,2020-11-03,0 days 15:59:32.242958,419656,82.86,82.79,768,500,3319,-10300
199,D,2020-11-03,0 days 15:59:33.243198,417275,82.89,82.85,100,699,-3518,3319
200,D,2020-11-03,0 days 15:59:34.242935,421730,82.89,82.81,650,300,1245,-3518
201,DD,2020-11-03,0 days 15:55:00.254082,170918,59.94,59.93,100,190,-8263,25629
202,DD,2020-11-03,0 days 15:59:07.259916,208266,59.64,59.61,400,100,6563,-5270
203,DFS,2020-11-03,0 days 15:55:38.228592,164581,69.83,69.79,386,198,-19787,11217
204,DFS,2020-11-03,0 days 15:59:15.234291,199967,69.26,69.23,1280,100,6828,-22851
205,DHR,2020-11-03,0 days 15:55:00.235251,109874,235.56,235.55,284,200,-1435,6919
206,DHR,2020-11-03,0 days 15:55:16.239388,110447,235.24,235.13,100,100,251,-449
207,DHR,2020-11-03,0 days 15:57:10.241654,117113,235.67,235.5,200,200,-1040,960
208,DHR,2020-11-03,0 days 15:57:22.244376,117291,235.48,235.23,100,300,1507,-1040
209,DHR,2020-11-03,0 days 15:58:02.241732,120573,235.32,235.27,100,200,-38,262
210,DHR,2020-11-03,0 days 15:58:03.241685,120611,235.29,235.26,309,100,62,-38
211,DHR,2020-11-03,0 days 15:58:05.242301,121373,235.29,235.25,165,200,-179,762
212,DHR,2020-11-03,0 days 15:58:09.242169,121651,235.26,235.12,210,100,272,-271
213,DIS,2020-11-03,0 days 15:55:00.245724,683387,125.02,125.0,200,328,-5083,62512
214,DIS,2020-11-03,0 days 15:56:09.246321,696230,124.62,124.6,554,200,-10694,11906
215,DIS,2020-11-03,0 days 15:57:39.249928,718982,124.56,124.55,589,100,-21295,1516
216,DIS,2020-11-03,0 days 15:58:06.253223,735306,124.42,124.4,100,100,794,-13065
217,DIS,2020-11-03,0 days 15:58:09.250902,737905,124.43,124.41,194,300,-7320,2596
218,DIS,2020-11-03,0 days 15:58:33.252791,740433,124.27,124.26,100,940,10572,-268
219,DIS,2020-11-03,0 days 15:59:15.253277,835544,124.15,124.05,110,150,-51788,33369
220,DKS,2020-11-03,0 days 15:55:36.254682,41648,57.87,57.84,1012,357,646,-116
221,DKS,2020-11-03,0 days 15:56:14.255561,42304,57.86,57.83,1432,498,-26,364
222,DKS,2020-11-03,0 days 15:56:18.256060,42230,57.82,57.81,405,200,74,-26
223,DKS,2020-11-03,0 days 15:56:25.255662,42304,57.78,57.73,210,200,-1121,74
224,DKS,2020-11-03,0 days 15:56:46.256760,44137,57.79,57.77,166,200,2317,-1491
225,DKS,2020-11-03,0 days 15:58:15.259663,45023,57.86,57.83,100,200,-1224,671
226,DKS,2020-11-03,0 days 15:58:20.259774,46152,57.85,57.81,100,200,771,-1124
227,DOW,2020-11-03,0 days 15:55:00.235251,236289,48.95,48.93,600,200,-2877,8181
228,DOW,2020-11-03,0 days 15:55:27.240015,238660,48.87,48.86,200,300,966,-192
229,DOW,2020-11-03,0 days 15:57:23.242380,251174,48.88,48.87,200,600,-2238,1762
230,DOW,2020-11-03,0 days 15:59:02.247007,256171,48.75,48.73,400,300,246,-1787
231,DOW,2020-11-03,0 days 15:59:42.243703,291935,48.76,48.74,200,100,-20448,892
232,DOW,2020-11-03,0 days 15:59:45.245132,292835,48.75,48.72,212,500,-20575,1290
233,DRE,2020-11-03,0 days 15:59:09.104287,126997,40.27,40.25,400,983,9360,-2503
234,DUK,2020-11-03,0 days 15:55:00.106915,221195,96.21,96.17,200,404,50055,-24469
235,DUK,2020-11-03,0 days 15:59:16.113354,292395,95.59,95.51,391,400,-35963,23104
236,DXC,2020-11-03,0 days 15:55:00.254228,108431,19.68,19.67,1408,1037,-23452,37913
237,ED,2020-11-03,0 days 15:59:11.104941,150462,81.32,81.27,100,200,-31353,5229
238,ED,2020-11-03,0 days 15:59:24.104878,186308,81.31,81.27,290,324,1160,-5727
239,ED,2020-11-03,0 days 15:59:32.104325,187468,81.37,81.31,147,896,-2274,22
240,EGHT,2020-11-03,0 days 15:59:16.113354,265859,17.58,17.57,290,500,16181,-80302
241,EGO,2020-11-03,0 days 15:55:37.239307,117186,13.07,13.06,6118,4972,1075,-391
242,EGO,2020-11-03,0 days 15:57:11.242276,121605,13.07,13.06,2386,10571,-767,638
243,EGO,2020-11-03,0 days 15:57:13.242611,122372,13.07,13.06,2383,10271,7533,-767
244,EL,2020-11-03,0 days 15:59:30.245966,145261,225.1,224.97,300,500,-2955,1081
245,EMR,2020-11-03,0 days 15:55:00.252823,144630,70.87,70.84,100,419,-29473,4254
246,ENB,2020-11-03,0 days 15:58:58.114608,51341,27.75,27.74,4983,8923,-2192,1403
247,EOG,2020-11-03,0 days 15:55:00.106059,170095,35.19,35.18,167,486,788,-15639
248,EOG,2020-11-03,0 days 15:59:46.111446,213048,35.06,35.04,634,600,-1481,3053
249,EOG,2020-11-03,0 days 15:59:57.111981,216246,35.04,35.0,400,300,2575,-2198
250,EPD,2020-11-03,0 days 15:59:46.249323,119180,16.58,16.57,5781,900,9342,-58
251,EQH,2020-11-03,0 days 15:55:00.244945,140290,22.5,22.49,1012,4560,-14671,9745
252,EQH,2020-11-03,0 days 15:55:39.245915,155361,22.47,22.46,976,1100,55684,-13916
253,EQNR,2020-11-03,0 days 15:57:11.239129,29063,13.17,13.16,19624,19607,-3163,623
254,EQR,2020-11-03,0 days 15:59:37.256635,264876,52.57,52.53,300,600,-6179,3334
255,EQR,2020-11-03,0 days 15:59:39.256657,271055,52.53,52.5,100,300,36721,-6179
256,EQR,2020-11-03,0 days 15:59:52.258851,264929,52.58,52.52,200,130,-12492,29508
257,EQR,2020-11-03,0 days 15:59:54.259686,277321,52.55,52.51,217,300,30508,-12992
258,EQR,2020-11-03,0 days 15:59:55.258629,262029,52.59,52.52,1000,300,-15392,30508
259,EQR,2020-11-03,0 days 15:59:59.258600,277321,52.55,52.5,100,500,29508,-10992
260,EQT,2020-11-03,0 days 15:55:00.245675,194170,14.92,14.91,3563,1598,64576,-53964
261,EQT,2020-11-03,0 days 15:59:23.252180,280382,14.89,14.88,1413,1200,-23310,5161
262,EQT,2020-11-03,0 days 15:59:46.253577,330283,14.85,14.84,963,2095,3041,-7181
263,ETRN,2020-11-03,0 days 15:55:00.097966,170903,7.07,7.06,784,2903,95866,-21719
264,EV,2020-11-03,0 days 15:59:22.243434,99392,61.47,61.44,300,900,-370,1246
265,EW,2020-11-03,0 days 15:55:00.290526,162334,74.77,74.73,398,342,1934,-17066
266,EW,2020-11-03,0 days 15:56:12.290723,164584,74.55,74.47,700,308,-33,67
267,EW,2020-11-03,0 days 15:56:17.290792,163417,74.47,74.41,100,200,1167,-33
268,EW,2020-11-03,0 days 15:56:43.292017,165332,74.5,74.48,405,175,-305,309
269,EW,2020-11-03,0 days 15:58:01.294830,165850,74.32,74.3,561,146,334,-130
270,EW,2020-11-03,0 days 15:59:00.300195,169376,74.24,74.22,611,200,9874,-192
271,EW,2020-11-03,0 days 15:59:31.298156,188143,74.27,74.19,100,100,-2844,17688
272,EW,2020-11-03,0 days 15:59:36.298425,190987,74.28,74.18,300,100,3956,-144
273,EXK,2020-11-03,0 days 15:55:00.291293,9210,3.42,3.41,21900,33125,3909,-992
274,EXPR,2020-11-03,0 days 15:55:00.106288,46012,0.6,0.59,934,17700,-1495,26237
275,EXPR,2020-11-03,0 days 15:55:57.109227,21307,0.61,0.6,76100,1600,25335,-865
276,EXPR,2020-11-03,0 days 15:57:20.111390,46642,0.6,0.59,200,17500,-12965,35
277,EXPR,2020-11-03,0 days 15:57:25.111591,36667,0.6,0.59,200,17500,9975,-9425
278,EXPR,2020-11-03,0 days 15:57:57.111939,46642,0.6,0.59,200,17600,-5,6195
279,F,2020-11-03,0 days 15:59:32.104270,1805261,7.89,7.88,351650,56958,12458,-14444
280,FBP,2020-11-03,0 days 15:59:37.297916,168240,7.17,7.16,2000,3176,-2168,1074
281,FCAU,2020-11-03,0 days 15:55:00.106808,24995,13.04,13.03,16183,12354,-6849,618
282,FCX,2020-11-03,0 days 15:59:32.256967,402381,18.79,18.78,7110,30867,-6590,2780
283,FCX,2020-11-03,0 days 15:59:36.258816,408871,18.79,18.78,12182,26359,32422,-6490
284,FDX,2020-11-03,0 days 15:55:00.289934,58523,275.92,275.54,200,100,-18323,625
285,FE,2020-11-03,0 days 15:55:00.235433,220897,30.21,30.2,1376,1343,-165,71503
286,FE,2020-11-03,0 days 15:56:45.240061,232765,30.17,30.16,1587,2473,3106,-3894
287,FE,2020-11-03,0 days 15:58:57.245544,240504,30.16,30.15,2588,1236,-4647,1249
288,FIS,2020-11-03,0 days 15:59:07.117187,191779,128.61,128.56,100,400,4101,-16423
289,FIT,2020-11-03,0 days 15:57:58.104230,127009,7.05,7.04,48334,283093,-4082,1218
290,FIT,2020-11-03,0 days 15:58:59.102568,128800,7.05,7.04,63412,31777,6763,-541
291,FIT,2020-11-03,0 days 15:59:11.104863,141847,7.05,7.04,48763,37995,-2060,6912
292,FLR,2020-11-03,0 days 15:59:09.246356,127835,13.23,13.22,500,310,-2743,12
293,FLR,2020-11-03,0 days 15:59:34.246478,134553,13.24,13.23,1622,500,17124,-2680
294,FNB,2020-11-03,0 days 15:59:17.245693,158349,8.01,8.0,15126,11212,-1487,17204
295,FSLY,2020-11-03,0 days 15:55:00.289934,44270,69.14,69.05,1140,350,3024,-4943
296,FSLY,2020-11-03,0 days 15:59:01.297459,43930,69.09,69.04,524,100,-7040,11702
297,FSLY,2020-11-03,0 days 15:59:24.297197,51218,69.08,68.98,200,200,10601,-1252
298,FSLY,2020-11-03,0 days 15:59:30.298057,49966,69.08,68.98,515,200,-4479,7374
299,FSLY,2020-11-03,0 days 15:59:40.298242,54445,69.01,68.99,300,100,4246,-3178
300,FTCH,2020-11-03,0 days 15:58:06.246146,96665,34.17,34.15,400,100,-3519,2885
301,FTCH,2020-11-03,0 days 15:58:07.244396,91458,34.17,34.15,400,100,5207,-3519
302,FTCH,2020-11-03,0 days 15:59:13.247473,98998,34.19,34.16,500,148,66,-34
303,FTCH,2020-11-03,0 days 15:59:46.249484,102460,34.18,34.16,200,100,-280,12187
304,FTV,2020-11-03,0 days 15:59:08.254707,91284,64.99,64.93,100,200,7665,-1010
305,GFI,2020-11-03,0 days 15:58:49.259877,81741,11.83,11.82,22807,5290,-1067,2287
306,GFI,2020-11-03,0 days 15:59:06.259815,83885,11.83,11.82,16131,4300,2416,-288
307,GFI,2020-11-03,0 days 15:59:15.256155,86301,11.83,11.82,9630,7454,-1039,2416
308,GIS,2020-11-03,0 days 15:59:13.244802,227630,60.87,60.84,400,100,609,-1177
309,GIS,2020-11-03,0 days 15:59:16.242680,234623,60.89,60.87,200,400,-1469,21384
310,GIS,2020-11-03,0 days 15:59:23.242781,236092,60.87,60.85,800,100,531,-1069
311,GLW,2020-11-03,0 days 15:59:15.243122,234797,33.65,33.64,1300,1100,327,-17426
312,GLW,2020-11-03,0 days 15:59:31.243462,234424,33.69,33.68,700,2819,-1151,8707
313,GLW,2020-11-03,0 days 15:59:32.243050,235575,33.69,33.68,1100,500,7299,-1151
314,GM,2020-11-03,0 days 15:59:15.255750,576669,35.35,35.34,3849,3461,4671,-123743
315,GM,2020-11-03,0 days 15:59:46.257762,596943,35.4,35.39,417,6261,-5371,7911
316,GM,2020-11-03,0 days 15:59:48.258621,606322,35.4,35.39,1891,4804,4182,-6247
317,GME,2020-11-03,0 days 16:00:00.253843,540013,11.73,11.39,100,100,4879,-29382
318,GOLD,2020-11-03,0 days 15:58:59.252553,329399,27.79,27.78,8821,42417,23477,-38751
319,GPS,2020-11-03,0 days 15:59:16.103685,284590,20.98,20.97,6042,2278,-26856,4567
320,GS,2020-11-03,0 days 15:56:04.254105,266419,198.26,198.17,200,900,6672,-13495
321,GS,2020-11-03,0 days 15:57:58.257262,283933,198.26,198.17,100,300,-50212,8921
322,GS,2020-11-03,0 days 15:58:23.258754,266238,197.99,197.91,1000,100,20918,-42682
323,GS,2020-11-03,0 days 15:59:47.257566,278585,198.0,197.93,100,100,25424,-40451
324,GSX,2020-11-03,0 days 16:00:00.152971,919338,68.62,68.54,200,2200,9968,-10431
325,HAL,2020-11-03,0 days 15:57:52.239495,279414,13.02,13.01,4001,13310,-1762,4838
326,HBI,2020-11-03,0 days 15:55:00.254069,128680,16.9,16.89,5891,3380,-2262,9217
327,HBI,2020-11-03,0 days 15:55:01.252879,128042,16.9,16.89,6294,3380,638,-2262
328,HBI,2020-11-03,0 days 15:56:37.255515,134860,16.87,16.86,1900,3732,-814,2239
329,HBI,2020-11-03,0 days 15:56:50.256922,133721,16.88,16.87,3662,1910,1801,-652
330,HCA,2020-11-03,0 days 15:56:35.291424,86303,136.38,136.18,268,100,14964,-24739
331,HCA,2020-11-03,0 days 15:59:42.298006,130720,136.31,136.28,200,100,-6243,21580
332,HCA,2020-11-03,0 days 15:59:47.297964,113212,136.22,136.1,405,300,18421,-5217
333,HEXO,2020-11-03,0 days 15:59:00.264427,1566,0.64,0.63,6900,110889,-2782,1566
334,HFC,2020-11-03,0 days 15:57:26.258681,114357,19.1,19.09,800,600,21464,-13236
335,HFC,2020-11-03,0 days 15:58:24.259754,108796,19.12,19.11,1411,473,-11298,23402
336,HFC,2020-11-03,0 days 15:58:27.259211,120694,19.12,19.11,1153,673,24102,-11298
337,HIG,2020-11-03,0 days 15:55:43.290186,168082,39.66,39.64,100,825,-18796,22644
338,HIG,2020-11-03,0 days 15:58:00.294355,191263,39.57,39.56,202,460,1188,-79
339,HIG,2020-11-03,0 days 15:59:07.298103,200135,39.52,39.51,500,200,-8696,4185
340,HLT,2020-11-03,0 days 15:59:16.103685,448256,91.2,91.12,100,501,-18983,178374
341,HON,2020-11-03,0 days 15:59:15.113899,423010,178.9,178.77,669,900,14530,-21325
342,HP,2020-11-03,0 days 15:55:00.235732,86137,15.89,15.88,221,1362,-8108,5301
343,HP,2020-11-03,0 days 15:59:06.243212,100845,15.8,15.79,449,1710,-4570,230
344,HPE,2020-11-03,0 days 15:59:01.103356,501541,9.31,9.3,32720,19664,3433,-30253
345,HPQ,2020-11-03,0 days 15:55:00.245269,402653,18.75,18.74,13622,3512,-156257,82392
346,HRB,2020-11-03,0 days 15:59:45.237683,137647,17.6,17.59,1433,2000,-3012,4483
347,HSBC,2020-11-03,0 days 15:56:48.240195,36269,22.57,22.56,2723,21276,31,-171
348,HSBC,2020-11-03,0 days 15:58:49.245543,39784,22.55,22.54,12546,25100,-5058,2415
349,HUN,2020-11-03,0 days 15:55:00.226528,73159,25.0,24.99,2608,277,-209,44559
350,HUN,2020-11-03,0 days 15:55:12.227246,72229,24.98,24.97,2812,808,930,-209
351,HUN,2020-11-03,0 days 15:55:33.228175,73259,25.01,25.0,704,575,-970,930
352,HUN,2020-11-03,0 days 15:55:38.228465,75279,25.02,25.01,1500,400,8980,-970
353,HUN,2020-11-03,0 days 15:57:14.230297,87456,25.01,25.0,2924,1038,-3433,6567
354,HUN,2020-11-03,0 days 15:58:10.232292,90235,24.97,24.96,1321,203,2695,-218
355,HUN,2020-11-03,0 days 15:59:03.234337,92885,24.98,24.97,3235,567,-275,85
356,HUN,2020-11-03,0 days 15:59:07.235534,85118,24.96,24.94,2700,865,7767,-275
357,HUN,2020-11-03,0 days 15:59:40.235856,94043,24.94,24.93,100,200,-3701,7141
358,HUYA,2020-11-03,0 days 15:59:30.297347,44860,22.16,22.14,853,400,114,-5046
359,HUYA,2020-11-03,0 days 15:59:41.298081,45274,22.19,22.15,400,300,-1269,114
360,HUYA,2020-11-03,0 days 15:59:46.297380,46743,22.18,22.16,200,700,62,-219
361,HWM,2020-11-03,0 days 15:59:32.242995,382001,18.66,18.65,1100,1600,-10974,4008
362,HWM,2020-11-03,0 days 15:59:46.243121,371878,18.65,18.64,131,1926,10123,-8583
363,IBM,2020-11-03,0 days 15:55:00.097981,240621,114.61,114.58,1004,293,-91636,18168
364,IBM,2020-11-03,0 days 15:59:11.104460,344856,114.18,114.1,100,100,7353,-29385
365,ICE,2020-11-03,0 days 15:55:38.236467,215120,96.35,96.31,1004,101,13859,-26141
366,ICE,2020-11-03,0 days 15:56:02.236843,212746,96.31,96.27,200,1600,-2382,14751
367,ICE,2020-11-03,0 days 15:57:18.239413,218425,96.26,96.23,1489,400,915,-2127
368,ICE,2020-11-03,0 days 15:58:07.240780,229183,96.27,96.26,108,300,-1534,2605
369,ICE,2020-11-03,0 days 15:58:24.241202,232961,96.22,96.1,558,200,85,-3857
370,ICE,2020-11-03,0 days 15:59:00.246337,236658,96.14,96.05,1605,145,-2387,3732
371,ICE,2020-11-03,0 days 15:59:06.243320,239210,96.05,95.98,140,800,4937,-1763
372,INFO,2020-11-03,0 days 15:59:42.252676,146988,83.97,83.9,113,150,-13463,23059
373,INFO,2020-11-03,0 days 15:59:46.253297,145229,83.93,83.87,400,109,6659,-12339
374,INFO,2020-11-03,0 days 15:59:56.254033,150821,84.0,83.9,300,100,-15234,3033
375,INFO,2020-11-03,0 days 15:59:59.254326,147788,83.96,83.85,100,300,4633,-16834
376,INFY,2020-11-03,0 days 15:59:46.253297,191885,14.3,14.29,30750,29714,451,-13137
377,IP,2020-11-03,0 days 15:53:12.237076,75525,46.71,46.69,917,400,-218,4782
378,IP,2020-11-03,0 days 15:53:22.236360,70743,46.69,46.68,1501,1140,4782,-218
379,IP,2020-11-03,0 days 15:53:35.236538,75525,46.7,46.68,1050,803,-218,4782
380,IP,2020-11-03,0 days 15:53:51.236496,70743,46.68,46.67,200,711,4782,-218
381,IP,2020-11-03,0 days 15:59:23.251833,224216,46.49,46.45,300,100,5916,-13894
382,IP,2020-11-03,0 days 15:59:26.251555,230932,46.48,46.43,184,300,-6184,11216
383,IP,2020-11-03,0 days 15:59:27.251011,224216,46.48,46.44,300,100,11216,-6184
384,IP,2020-11-03,0 days 15:59:29.251141,230932,46.49,46.46,300,100,-6184,11216
385,IPG,2020-11-03,0 days 15:56:23.292026,209651,19.46,19.45,2678,3310,-10114,17964
386,IR,2020-11-03,0 days 15:51:54.235566,74849,38.92,38.9,300,600,-1691,309
387,IR,2020-11-03,0 days 15:56:53.247952,115646,38.77,38.75,2202,710,2218,-527
388,IR,2020-11-03,0 days 15:58:59.252534,126315,38.78,38.77,300,464,-3102,701
389,IR,2020-11-03,0 days 15:59:01.254065,120575,38.77,38.76,289,100,5740,-3102
390,IR,2020-11-03,0 days 15:59:22.251726,129660,38.74,38.71,300,100,-1238,5262
391,IR,2020-11-03,0 days 15:59:23.252157,130898,38.74,38.69,320,200,764,-1238
392,IR,2020-11-03,0 days 15:59:46.253533,136194,38.75,38.69,236,200,3259,-610
393,IR,2020-11-03,0 days 15:59:58.255962,142983,38.77,38.72,500,300,-13860,6258
394,IR,2020-11-03,0 days 16:00:00.254762,138025,38.77,38.68,300,200,6258,-13860
395,IRM,2020-11-03,0 days 15:59:24.256185,135094,27.32,27.31,318,800,-5873,4496
396,IRM,2020-11-03,0 days 15:59:31.257399,123140,27.32,27.31,1163,800,12870,-4957
397,IRM,2020-11-03,0 days 15:59:46.257917,136010,27.32,27.31,100,300,-9800,10238
398,IVR,2020-11-03,0 days 15:59:39.297451,99492,2.81,2.8,45110,32714,-1154,2010
399,JCI,2020-11-03,0 days 15:55:00.105310,279452,44.38,44.37,401,839,-3727,97295
400,JCI,2020-11-03,0 days 15:56:14.108215,284193,44.35,44.34,800,400,390,-1826
401,JCI,2020-11-03,0 days 15:56:27.108599,286105,44.35,44.34,1175,100,-1362,1631
402,JCI,2020-11-03,0 days 15:57:36.111321,287478,44.35,44.34,941,200,1530,-670
403,JCI,2020-11-03,0 days 15:59:55.112734,335916,44.24,44.17,200,3462,-2993,3539
404,JCI,2020-11-03,0 days 15:59:56.111355,330469,44.25,44.17,500,525,7447,-2993
405,JCI,2020-11-03,0 days 15:59:58.110777,335916,44.24,44.17,300,400,-2993,7447
406,JKS,2020-11-03,0 days 15:59:01.242533,33813,64.23,64.16,100,100,-273,4100
407,JKS,2020-11-03,0 days 15:59:22.239200,35124,64.21,64.16,100,140,-62,1038
408,JKS,2020-11-03,0 days 15:59:23.239170,33593,64.21,64.16,100,140,1531,-62
409,JKS,2020-11-03,0 days 15:59:26.239451,35124,64.21,64.18,202,240,-62,1531
410,JKS,2020-11-03,0 days 15:59:33.239211,32400,64.21,64.1,463,200,3789,-534
411,JKS,2020-11-03,0 days 15:59:46.240082,36189,64.25,64.17,300,102,-860,17
412,JKS,2020-11-03,0 days 15:59:59.241344,36063,64.25,64.11,400,266,126,-860
413,JMIA,2020-11-03,0 days 15:57:22.263919,97324,17.35,17.32,2700,200,-8720,13780
414,JMIA,2020-11-03,0 days 15:58:49.259864,102652,17.3,17.28,300,100,-294,1920
415,JNJ,2020-11-03,0 days 15:59:15.298561,572126,138.33,138.25,100,200,56343,-7233
416,JNPR,2020-11-03,0 days 15:55:00.235251,217993,20.23,20.22,3613,3853,-45308,34024
417,JNPR,2020-11-03,0 days 15:59:06.246659,272305,20.12,20.11,2891,2890,-13203,10689
418,JNPR,2020-11-03,0 days 15:59:24.242738,293944,20.1,20.09,5028,1288,-28091,4022
419,JWN,2020-11-03,0 days 15:58:07.242791,152708,13.39,13.38,7725,1100,3014,-13692
420,JWN,2020-11-03,0 days 15:59:47.244216,197355,13.39,13.38,1400,10115,-4110,26199
421,KAR,2020-11-03,0 days 15:58:38.241185,142763,16.36,16.35,1048,1040,-5741,2027
422,KAR,2020-11-03,0 days 15:58:49.242484,148504,16.36,16.35,1059,910,1941,-5741
423,KAR,2020-11-03,0 days 15:59:00.246178,150775,16.36,16.35,469,1863,-3653,1717
424,KEY,2020-11-03,0 days 15:58:55.114678,593905,13.77,13.76,36882,218,61,-939
425,KEY,2020-11-03,0 days 15:59:02.116559,597201,13.76,13.75,17582,12400,-456,61
426,KEY,2020-11-03,0 days 15:59:04.118066,598905,13.76,13.75,22136,6155,286,-528
427,KEY,2020-11-03,0 days 15:59:09.116144,619359,13.76,13.75,31227,1507,-1925,9061
428,KEY,2020-11-03,0 days 15:59:15.113939,621884,13.75,13.74,20947,3921,16042,-1915
429,KIM,2020-11-03,0 days 15:55:20.099998,184722,11.11,11.1,9018,10165,3741,-918
430,KIM,2020-11-03,0 days 15:56:42.100893,202122,11.05,11.04,4500,7550,-85450,14450
431,KMI,2020-11-03,0 days 15:59:15.252807,1792509,12.02,12.01,39712,12327,-27440,683324
432,KMI,2020-11-03,0 days 15:59:30.255427,1830076,12.01,12.0,23934,19654,-46094,4445
433,KODK,2020-11-03,0 days 15:55:00.238953,52732,7.15,7.13,6646,2755,-22,29063
434,KODK,2020-11-03,0 days 15:55:12.238154,33794,7.15,7.14,6746,900,18938,-22
435,KODK,2020-11-03,0 days 15:55:36.239404,52732,7.15,7.14,6631,500,-111,18838
436,KODK,2020-11-03,0 days 15:55:56.240477,52843,7.16,7.15,2252,1378,42,-111
437,KODK,2020-11-03,0 days 15:56:02.240945,51285,7.19,7.18,422,4900,-1558,42
438,KODK,2020-11-03,0 days 15:59:31.246563,54289,7.15,7.13,1300,1700,668,-8357
439,KODK,2020-11-03,0 days 15:59:34.246369,54957,7.15,7.14,200,1300,-807,668
440,KR,2020-11-03,0 days 15:59:15.234233,668898,32.76,32.75,600,1577,10669,-194878
441,KSS,2020-11-03,0 days 15:59:15.298491,366656,21.75,21.74,3813,1428,35922,-108167
442,LIN,2020-11-03,0 days 15:59:22.246266,158372,234.2,234.09,200,600,2138,-4006
443,LIN,2020-11-03,0 days 15:59:31.246795,143978,234.12,233.99,100,206,-13646,5792
444,LIN,2020-11-03,0 days 15:59:41.247009,157283,234.01,233.77,1100,150,7110,-11613
445,LIN,2020-11-03,0 days 15:59:45.248353,161193,234.46,234.37,200,200,-2889,6475
446,LIN,2020-11-03,0 days 15:59:59.252147,159842,234.19,233.9,300,100,4251,-1801
447,LIN,2020-11-03,0 days 16:00:00.252010,161193,234.3,233.62,100,300,-103,4251
448,LLY,2020-11-03,0 days 15:57:40.293620,175839,131.04,130.86,200,100,1482,-218
449,LLY,2020-11-03,0 days 15:59:39.297735,200227,131.04,130.96,200,968,-18151,3516
450,LLY,2020-11-03,0 days 15:59:53.296731,196861,131.05,130.94,200,1300,8664,-15974
451,LLY,2020-11-03,0 days 15:59:55.297186,201154,131.06,130.94,100,1300,-17945,8664
452,LLY,2020-11-03,0 days 15:59:59.298629,196861,131.06,130.94,100,1000,6964,-15478
453,LLY,2020-11-03,0 days 16:00:00.299902,203621,131.05,130.86,100,100,-15478,6964
454,LOW,2020-11-03,0 days 15:59:18.113442,209659,164.59,164.44,200,100,772,-2413
455,LOW,2020-11-03,0 days 15:59:24.114672,208631,164.59,164.51,200,200,-1212,774
456,LOW,2020-11-03,0 days 15:59:25.113635,209749,164.59,164.43,300,100,682,-1212
457,LTHM,2020-11-03,0 days 15:59:47.235424,144943,11.59,11.57,958,400,5736,-3136
458,LU,2020-11-03,0 days 15:55:00.236448,55600,12.42,12.41,488,4800,6853,-12447
459,LU,2020-11-03,0 days 15:58:59.242719,62453,12.58,12.57,1998,600,-63147,6853
460,LUMN,2020-11-03,0 days 15:58:59.252565,507741,9.12,9.11,15471,4790,29654,-1746
461,LUV,2020-11-03,0 days 15:59:46.111287,209389,38.87,38.86,1000,480,-2517,12640
462,LVS,2020-11-03,0 days 15:57:07.240818,122173,49.25,49.24,1649,300,-6827,8173
463,LVS,2020-11-03,0 days 15:59:00.249335,135355,49.08,49.07,300,686,1725,-1546
464,LVS,2020-11-03,0 days 15:59:24.242714,144488,49.05,49.04,190,100,-4496,2086
465,LVS,2020-11-03,0 days 15:59:30.245694,142678,49.04,49.03,200,176,2610,-1347
466,LVS,2020-11-03,0 days 15:59:40.244251,147288,49.03,49.02,600,369,-2408,2610
467,LYB,2020-11-03,0 days 15:59:45.245398,139764,73.02,72.95,400,244,-2300,2596
468,LYB,2020-11-03,0 days 15:59:46.244433,142064,73.0,72.91,400,200,200,-2300
469,LYB,2020-11-03,0 days 15:59:48.244782,142764,73.0,72.92,400,100,-139,200
470,LYB,2020-11-03,0 days 15:59:59.243232,143014,72.99,72.82,100,100,1550,-639
471,M,2020-11-03,0 days 15:59:11.117091,439645,6.59,6.58,32504,45323,31298,-56090
472,MA,2020-11-03,0 days 15:59:15.255716,269278,295.2,295.02,300,500,12856,-26337
473,MA,2020-11-03,0 days 15:59:31.257226,282374,295.58,295.39,100,259,-174,26
474,MA,2020-11-03,0 days 15:59:39.256487,283574,295.43,295.2,100,300,8749,-800
475,MA,2020-11-03,0 days 15:59:41.257092,282674,295.59,295.35,300,100,-900,8849
476,MA,2020-11-03,0 days 15:59:48.258539,283608,295.52,295.4,259,300,214,-2300
477,MDLA,2020-11-03,0 days 15:58:58.103239,37498,28.3,28.28,842,400,18,-1940
478,MDT,2020-11-03,0 days 15:59:15.252942,356691,103.12,103.04,200,100,16663,-15695
479,MFC,2020-11-03,0 days 15:55:00.226386,36116,14.54,14.53,23415,20329,-240,15877
480,MGM,2020-11-03,0 days 15:59:45.237754,245438,21.74,21.73,2756,4400,7981,-9428
481,MGM,2020-11-03,0 days 15:59:53.236169,249852,21.77,21.76,1800,199,-64467,6614
482,MMC,2020-11-03,0 days 15:55:00.235701,141756,106.85,106.79,200,356,-18454,8887
483,MMC,2020-11-03,0 days 15:55:41.236643,160791,106.62,106.56,200,210,46684,-7996
484,MO,2020-11-03,0 days 15:59:52.244426,2104676,37.39,37.38,1674,600,17852,-7748
485,MO,2020-11-03,0 days 15:59:57.243096,2104676,37.39,37.37,300,3800,103144,-8951
486,MOS,2020-11-03,0 days 15:52:50.225266,120035,17.24,17.23,3949,600,25501,-52118
487,MPC,2020-11-03,0 days 15:58:30.242969,358993,31.94,31.93,700,500,3038,-7362
488,MPC,2020-11-03,0 days 15:58:44.245045,363131,31.91,31.9,400,201,-153,3547
489,MPC,2020-11-03,0 days 15:58:58.246502,364100,31.92,31.91,700,600,-2784,6116
490,MPC,2020-11-03,0 days 15:59:10.245192,361755,31.86,31.83,400,215,2234,-11766
491,MPC,2020-11-03,0 days 15:59:45.245243,394283,31.91,31.9,1716,800,-9655,27563
492,MPW,2020-11-03,0 days 15:59:30.259806,220008,19.05,19.04,500,5340,1136,-6488
493,MRK,2020-11-03,0 days 15:59:12.243806,591766,76.87,76.86,100,300,7123,-2371
494,MRK,2020-11-03,0 days 15:59:13.244637,592689,76.87,76.86,300,600,-300,7123
495,MRK,2020-11-03,0 days 15:59:15.242687,646289,76.87,76.86,600,300,25854,-43477
496,MRK,2020-11-03,0 days 15:59:24.243046,672143,76.89,76.87,200,200,-5211,15525
497,MRK,2020-11-03,0 days 15:59:59.244383,686812,76.95,76.92,1194,200,3604,-25323
498,MRO,2020-11-03,0 days 15:55:00.289771,468080,4.15,4.14,127217,129454,-374422,213573
499,MRO,2020-11-03,0 days 15:59:15.298043,951674,4.13,4.12,185421,129010,111144,-199296
500,MS,2020-11-03,0 days 15:56:45.241095,613868,51.33,51.32,4626,1438,1684,-98764
501,MS,2020-11-03,0 days 15:56:53.241736,615552,51.37,51.36,7308,200,-249,1090
502,MS,2020-11-03,0 days 15:58:57.245121,645449,51.22,51.21,8550,100,-13104,21302
503,MS,2020-11-03,0 days 15:59:06.245745,654026,51.2,51.18,10842,3000,-1763,4399
504,MS,2020-11-03,0 days 15:59:10.246762,655275,51.16,51.15,2412,1415,8251,-349
505,MT,2020-11-03,0 days 15:55:00.226739,22047,14.52,14.51,3900,9065,-8392,8549
506,MT,2020-11-03,0 days 15:59:24.234369,33872,14.46,14.45,13424,6423,1375,-2525
507,MTDR,2020-11-03,0 days 15:55:10.236551,184429,7.38,7.37,3794,1893,8093,-849
508,MTDR,2020-11-03,0 days 15:59:35.242935,200991,7.31,7.3,1536,500,-16386,35847
509,MTDR,2020-11-03,0 days 15:59:36.245188,166177,7.27,7.26,800,433,56247,-16386
510,MTDR,2020-11-03,0 days 15:59:48.244041,206138,7.29,7.28,400,2562,-352,44220
511,MTDR,2020-11-03,0 days 15:59:50.251181,206490,7.3,7.28,1137,2962,500,-68
512,MUR,2020-11-03,0 days 15:59:17.297717,119418,7.69,7.68,2800,4719,3995,-23
513,NCLH,2020-11-03,0 days 15:59:30.259638,185632,16.55,16.54,3880,5295,2556,-4728
514,NEE,2020-11-03,0 days 15:57:22.233072,503136,76.16,76.14,163,200,2169,-133
515,NEE,2020-11-03,0 days 15:57:41.231271,504205,76.19,76.16,657,1094,-1307,3867
516,NEM,2020-11-03,0 days 15:56:44.291655,295161,66.82,66.81,1600,1602,20277,-45509
517,NEM,2020-11-03,0 days 15:58:19.297952,320611,66.84,66.83,2843,1227,-238,62
518,NEM,2020-11-03,0 days 15:59:13.297809,318840,66.77,66.76,10032,456,-1729,4441
519,NEM,2020-11-03,0 days 15:59:23.297662,320732,66.74,66.73,1600,212,8063,-392
520,NI,2020-11-03,0 days 15:59:16.103814,291785,24.06,24.05,2840,657,-15704,69582
521,NIO,2020-11-03,0 days 15:55:00.245861,1550175,35.51,35.5,4500,2975,-177497,843378
522,NIO,2020-11-03,0 days 15:55:51.245403,1730887,35.5,35.49,800,175,103043,-179757
523,NIO,2020-11-03,0 days 15:57:07.248249,1618498,35.51,35.5,904,4297,-131793,151607
524,NKE,2020-11-03,0 days 15:59:30.255694,472672,124.75,124.68,800,100,-9750,17129
525,NLSN,2020-11-03,0 days 15:55:56.245911,181892,14.27,14.26,3586,1103,20410,-13690
526,NLSN,2020-11-03,0 days 15:58:05.250671,219776,14.26,14.25,1231,1921,-8798,30416
527,NRG,2020-11-03,0 days 15:55:41.254973,181047,32.88,32.86,324,371,-3440,15733
528,NVS,2020-11-03,0 days 15:56:53.247934,35412,81.2,81.19,1087,100,-337,63
529,NVS,2020-11-03,0 days 15:58:57.252742,35849,81.08,81.06,100,500,649,-101
530,NVST,2020-11-03,0 days 15:55:26.246473,35541,27.0,26.96,624,100,-1642,1758
531,NVST,2020-11-03,0 days 15:55:43.246713,38291,26.98,26.93,200,300,-1786,107
532,NVST,2020-11-03,0 days 15:58:23.251628,42318,26.94,26.91,307,100,1548,-852
533,NVST,2020-11-03,0 days 15:59:01.254020,42766,26.95,26.92,956,100,-809,348
534,NVST,2020-11-03,0 days 15:59:06.253269,43475,26.94,26.92,114,200,468,-732
535,NVST,2020-11-03,0 days 15:59:17.251562,43440,26.94,26.92,100,520,-839,7903
536,NVTA,2020-11-03,0 days 15:59:06.117699,162245,41.24,41.19,5381,200,2766,-6596
537,NVTA,2020-11-03,0 days 15:59:16.113227,156319,41.22,41.19,6487,100,-7211,1211
538,NVTA,2020-11-03,0 days 15:59:33.114310,162945,41.18,41.05,300,900,549,-324
539,NYCB,2020-11-03,0 days 15:59:17.242837,327307,8.39,8.38,13818,22241,-10669,1926
540,NYCB,2020-11-03,0 days 15:59:31.243950,322948,8.39,8.38,10162,24942,4710,-10318
541,NYCB,2020-11-03,0 days 15:59:33.243302,327658,8.39,8.38,5133,20646,-3838,4710
542,O,2020-11-03,0 days 15:55:00.235307,121981,59.53,59.4,100,403,44772,-1494
543,OKE,2020-11-03,0 days 15:55:00.099347,168622,29.17,29.16,295,1172,-56272,50331
544,OLN,2020-11-03,0 days 15:59:58.298636,128836,18.42,18.3,246,500,2063,-4652
545,ORCL,2020-11-03,0 days 15:59:15.242687,1218066,56.76,56.75,3765,1300,1355,-347952
546,ORCL,2020-11-03,0 days 15:59:16.242594,1202554,56.78,56.77,700,1304,-17297,1355
547,ORCL,2020-11-03,0 days 15:59:46.243255,1288670,56.85,56.84,400,970,-5409,3586
548,ORCL,2020-11-03,0 days 15:59:48.243858,1294079,56.85,56.83,1700,800,26358,-5409
549,ORI,2020-11-03,0 days 15:55:27.107364,112443,16.96,16.95,2830,716,-5468,2832
550,ORI,2020-11-03,0 days 15:59:06.117513,125733,16.93,16.92,5246,284,4476,-1624
551,OUT,2020-11-03,0 days 15:59:55.109939,235308,14.36,14.31,100,100,-2209,5787
552,OVV,2020-11-03,0 days 15:59:15.254345,304642,9.6,9.59,3143,2000,59816,-22721
553,PAGP,2020-11-03,0 days 15:59:39.243697,39490,6.72,6.71,1621,530,166,-1112
554,PAGS,2020-11-03,0 days 15:55:00.253512,22239,38.85,38.81,558,504,-1453,5046
555,PAGS,2020-11-03,0 days 15:59:11.260023,32808,38.66,38.62,758,200,519,-34
556,PBR.A,2020-11-03,0 days 15:58:49.114132,34834,6.87,6.86,162551,100352,-3351,3163
557,PBR.A,2020-11-03,0 days 15:58:59.114718,38185,6.87,6.86,161201,110856,439,-3351
558,PCG,2020-11-03,0 days 15:58:06.243584,250357,9.69,9.68,35393,3900,-7443,31086
559,PCG,2020-11-03,0 days 15:58:14.242715,261910,9.69,9.68,40145,100,8833,-7443
560,PE,2020-11-03,0 days 15:59:31.243924,105132,10.27,10.26,20076,2900,9363,-7940
561,PEAK,2020-11-03,0 days 15:59:23.234861,239329,28.52,28.51,1797,1202,15608,-1194
562,PEG,2020-11-03,0 days 15:57:23.240016,233572,59.33,59.31,100,100,7280,-37820
563,PEG,2020-11-03,0 days 15:57:25.239298,240852,59.37,59.35,318,219,-37820,7280
564,PEG,2020-11-03,0 days 15:58:15.241330,243390,59.36,59.34,605,678,-38924,9676
565,PEG,2020-11-03,0 days 15:58:20.241378,237014,59.35,59.33,200,100,9676,-38924
566,PEG,2020-11-03,0 days 15:59:29.243030,261149,59.37,59.33,333,100,-40268,13466
567,PEG,2020-11-03,0 days 15:59:30.245777,254817,59.35,59.31,100,100,9632,-40268
568,PEG,2020-11-03,0 days 15:59:31.243622,260049,59.39,59.32,778,100,-41368,9632
569,PGRE,2020-11-03,0 days 15:58:15.241452,92220,6.35,6.34,4810,8856,-6567,9212
570,PGRE,2020-11-03,0 days 15:59:01.243224,81897,6.33,6.32,3100,9128,10323,-5467
571,PGRE,2020-11-03,0 days 15:59:17.242730,100432,6.34,6.33,4837,9003,-6328,17256
572,PINS,2020-11-03,0 days 15:59:57.259598,1317406,59.61,59.51,300,2700,16605,-8887
573,PK,2020-11-03,0 days 15:59:00.105412,122867,10.8,10.79,3794,1126,11304,-896
574,PM,2020-11-03,0 days 15:56:35.239298,349777,72.13,72.11,300,354,-57696,14721
575,PNC,2020-11-03,0 days 15:58:55.102615,146138,119.44,119.32,600,300,1900,-367
576,PNC,2020-11-03,0 days 15:59:31.104657,159922,119.39,119.32,294,341,-1880,4654
577,PNC,2020-11-03,0 days 15:59:55.109864,161003,119.5,119.4,100,300,-9997,1165
578,PNC,2020-11-03,0 days 15:59:59.107915,161802,119.46,119.3,500,200,3168,-6630
579,PNC,2020-11-03,0 days 16:00:00.146861,164370,119.46,119.1,100,600,-6630,3168
580,PPL,2020-11-03,0 days 15:59:15.103748,230484,28.84,28.83,1800,2137,3726,-9764
581,PPL,2020-11-03,0 days 15:59:43.105504,254694,28.88,28.87,1600,1365,-971,1325
582,PPL,2020-11-03,0 days 15:59:46.105880,256165,28.88,28.87,1600,1280,11676,-1471
583,PRU,2020-11-03,0 days 15:59:15.255862,412155,67.79,67.72,397,100,-19860,153298
584,PRU,2020-11-03,0 days 15:59:31.257399,399544,67.84,67.71,454,300,22082,-9780
585,PRU,2020-11-03,0 days 15:59:41.257257,414086,67.84,67.78,100,300,-20556,8024
586,PSTG,2020-11-03,0 days 15:55:00.289499,73772,16.98,16.97,2343,2149,8159,-41921
587,PSTG,2020-11-03,0 days 15:55:25.289193,81931,16.96,16.95,3832,655,-3573,1144
588,PSTG,2020-11-03,0 days 15:59:08.297678,98117,16.91,16.9,2003,278,7095,-208
589,QEP,2020-11-03,0 days 15:50:40.227508,6075,0.93,0.92,4100,17730,448,-52
590,QEP,2020-11-03,0 days 15:51:37.228356,6023,0.93,0.92,6035,5135,-52,448
591,QEP,2020-11-03,0 days 15:55:00.236791,6311,0.93,0.92,1700,3000,89,-52
592,QEP,2020-11-03,0 days 15:56:48.238217,7000,0.93,0.92,2900,200,-19311,89
593,QEP,2020-11-03,0 days 15:58:11.240706,26311,0.92,0.91,3935,316,1184,-12501
594,QEP,2020-11-03,0 days 15:58:14.241273,27495,0.92,0.91,4535,316,-1526,1184
595,QEP,2020-11-03,0 days 15:59:36.245286,29021,0.92,0.91,2570,200,1209,-1526
596,QSR,2020-11-03,0 days 15:55:00.235512,45193,54.12,54.11,252,400,5440,-3390
597,QSR,2020-11-03,0 days 15:59:52.244515,60313,54.05,54.0,400,300,-2717,1400
598,QSR,2020-11-03,0 days 15:59:56.245586,59824,54.04,53.98,900,100,1100,-2717
599,RAD,2020-11-03,0 days 15:59:46.111287,55950,9.93,9.92,1500,1304,-361,1299
600,RDS.B,2020-11-03,0 days 15:59:15.253228,189078,25.47,25.46,1400,4800,6165,-137683
601,RDS.B,2020-11-03,0 days 15:59:16.251697,188854,25.48,25.47,5377,4100,-224,6165
602,RDS.B,2020-11-03,0 days 15:59:17.251601,189478,25.48,25.47,6377,1600,5176,-224
603,RF,2020-11-03,0 days 15:55:41.228466,404390,14.11,14.1,18521,18649,-19382,78337
604,RF,2020-11-03,0 days 15:56:02.228963,382342,14.08,14.07,4149,18690,26848,-8382
605,RF,2020-11-03,0 days 15:57:24.230853,415724,14.08,14.07,23626,5894,-25979,12390
606,RIO,2020-11-03,0 days 15:55:00.239432,429744,58.88,58.86,501,175,-20177,378737
607,RKT,2020-11-03,0 days 15:59:53.110615,105476,19.39,19.35,300,3000,-5706,3066
608,RKT,2020-11-03,0 days 15:59:56.111914,96842,19.39,19.35,2548,3000,3066,-5806
609,RKT,2020-11-03,0 days 15:59:58.111457,105476,19.39,19.35,2548,3000,-5706,3066
610,SAP,2020-11-03,0 days 15:56:15.228261,12609,109.82,109.81,200,105,-271,210
611,SAP,2020-11-03,0 days 15:59:08.235193,12933,109.67,109.65,402,100,686,-327
612,SAP,2020-11-03,0 days 15:59:22.233867,13819,109.69,109.67,300,400,-614,601
613,SAVE,2020-11-03,0 days 15:59:11.260069,92916,17.75,17.74,2200,2230,-6521,1652
614,SCHW,2020-11-03,0 days 15:55:43.239259,619763,42.79,42.78,2591,410,-8714,37113
615,SCHW,2020-11-03,0 days 15:55:49.238589,626477,42.76,42.75,1100,312,711,-5497
616,SCHW,2020-11-03,0 days 15:56:18.239176,627305,42.73,42.72,1470,100,-17509,711
617,SIX,2020-11-03,0 days 15:59:46.236076,56090,23.1,23.07,372,300,651,-7389
618,SIX,2020-11-03,0 days 15:59:49.236089,56741,23.09,23.07,100,300,-585,651
619,SKX,2020-11-03,0 days 15:59:30.245966,189916,30.98,30.92,700,400,5396,-3357
620,SNAP,2020-11-03,0 days 15:55:00.245861,147421,41.35,41.34,1814,1900,68077,-38164
621,SNAP,2020-11-03,0 days 15:57:22.252317,243677,41.28,41.27,2600,1000,-12649,43849
622,SNAP,2020-11-03,0 days 15:58:26.251939,213980,41.21,41.2,196,2400,-28124,13648
623,SNAP,2020-11-03,0 days 15:58:33.252791,239704,41.18,41.17,1008,100,31091,-18899
624,SNE,2020-11-03,0 days 15:59:46.249484,23531,86.48,86.42,100,100,-896,644
625,SPCE,2020-11-03,0 days 15:59:00.256883,89786,18.47,18.46,562,1178,-173,315
626,SPCE,2020-11-03,0 days 15:59:06.253306,90077,18.46,18.44,800,1300,-572,118
627,SPR,2020-11-03,0 days 15:55:22.239169,57205,19.9,19.89,2045,351,10150,-14350
628,SQ,2020-11-03,0 days 15:59:36.249745,558442,158.54,158.47,350,500,-3877,19202
629,SQ,2020-11-03,0 days 15:59:37.246627,558925,158.38,158.07,100,500,10217,-3877
630,SQ,2020-11-03,0 days 15:59:48.247915,565342,158.57,158.4,100,100,-15594,776
631,STL,2020-11-03,0 days 15:57:52.239443,122756,14.17,14.16,3706,8421,-225,975
632,STL,2020-11-03,0 days 15:59:45.244813,128725,14.16,14.15,606,8285,-2709,140
633,STOR,2020-11-03,0 days 15:59:35.103890,108312,27.46,27.45,360,2056,-1068,32
634,STOR,2020-11-03,0 days 15:59:47.105583,109380,27.46,27.45,1100,759,2707,-1068
635,STOR,2020-11-03,0 days 15:59:57.107219,109380,27.49,27.45,200,300,3113,-2333
636,SWN,2020-11-03,0 days 15:57:21.257852,349119,2.63,2.62,85223,117883,6869,-13931
637,SWN,2020-11-03,0 days 15:57:39.258742,377622,2.63,2.62,102973,95008,-121497,28503
638,SYF,2020-11-03,0 days 15:55:00.235571,231926,26.87,26.86,2000,2398,-13561,70919
639,SYY,2020-11-03,0 days 15:59:55.237284,277163,60.28,60.22,518,200,2860,-958
640,SYY,2020-11-03,0 days 15:59:56.237938,270244,60.33,60.22,100,300,-32743,2860
641,SYY,2020-11-03,0 days 16:00:00.239247,277163,60.37,60.14,800,800,5986,-30327
642,T,2020-11-03,0 days 15:59:15.242905,1640360,27.47,27.46,53850,23922,34650,-93743
643,T,2020-11-03,0 days 15:59:16.242761,1522415,27.47,27.46,30964,31626,-113579,34650
644,T,2020-11-03,0 days 15:59:35.242949,1641479,27.47,27.46,63846,12726,14010,-116764
645,T,2020-11-03,0 days 15:59:41.243151,1647039,27.48,27.47,7091,63416,-24067,15960
646,T,2020-11-03,0 days 15:59:48.243970,1677806,27.48,27.47,32627,33810,8053,-12386
647,TAL,2020-11-03,0 days 15:57:24.111916,65323,66.81,66.77,204,100,9298,-4697
648,TECK,2020-11-03,0 days 15:55:33.099950,109623,13.53,13.52,8106,5594,3101,-199
649,TECK,2020-11-03,0 days 15:59:00.105573,122265,13.5,13.49,9545,4314,-3567,511
650,TEL,2020-11-03,0 days 15:55:00.105997,71079,102.59,102.51,214,591,-22256,12242
651,TEL,2020-11-03,0 days 15:59:09.116212,98990,101.84,101.78,400,200,112,-7595
652,TEL,2020-11-03,0 days 15:59:18.113411,103449,101.87,101.8,200,787,-11423,5377
653,TEVA,2020-11-03,0 days 15:55:40.235785,66912,8.91,8.9,18834,6565,-918,588
654,TEVA,2020-11-03,0 days 15:56:02.236397,60843,8.91,8.9,26408,607,6083,-904
655,TEVA,2020-11-03,0 days 15:57:24.238901,67230,8.91,8.9,12440,17038,-1975,3908
656,TEVA,2020-11-03,0 days 15:59:22.242095,70978,8.89,8.88,23431,5187,1066,-1234
657,TEVA,2020-11-03,0 days 15:59:24.242818,72344,8.89,8.88,24731,1884,-3661,1066
658,TEVA,2020-11-03,0 days 15:59:32.242904,70078,8.89,8.88,21231,11651,2266,-1561
659,TEVA,2020-11-03,0 days 15:59:46.243036,74444,8.89,8.88,21831,8301,-1602,2028
660,TFC,2020-11-03,0 days 15:59:15.242601,698425,44.69,44.68,700,1000,99037,-49819
661,TGT,2020-11-03,0 days 15:57:22.252111,122408,156.96,156.9,100,215,132,-713
662,TGT,2020-11-03,0 days 15:59:22.251542,143070,156.72,156.62,100,300,-3566,4156
663,TGT,2020-11-03,0 days 15:59:54.253803,144631,156.83,156.73,200,200,-5986,2452
664,TGT,2020-11-03,0 days 15:59:57.255367,150207,156.75,156.68,100,100,2752,-5986
665,TGT,2020-11-03,0 days 16:00:00.253818,145631,156.98,156.45,500,500,-4576,2752
666,TJX,2020-11-03,0 days 15:55:00.226634,292823,54.28,54.27,600,464,57098,-9628
667,TJX,2020-11-03,0 days 15:59:32.234898,370645,54.04,54.03,519,1446,-2160,2993
668,TJX,2020-11-03,0 days 15:59:33.235250,373505,54.04,54.03,719,1454,3840,-2160
669,TJX,2020-11-03,0 days 15:59:37.235145,377345,54.04,54.03,300,2213,-18011,3840
670,TRGP,2020-11-03,0 days 15:55:00.236412,46086,16.63,16.62,925,1466,9340,-4538
671,TSM,2020-11-03,0 days 15:59:10.116298,161130,87.7,87.68,406,400,-11045,5927
672,TWTR,2020-11-03,0 days 15:59:32.246421,1630195,41.76,41.75,1696,800,12090,-63016
673,TWTR,2020-11-03,0 days 15:59:36.249730,1640099,41.76,41.75,1500,1200,-47881,3596
674,U,2020-11-03,0 days 15:55:00.098357,12049,98.4,98.06,100,100,-44,5944
675,U,2020-11-03,0 days 15:55:12.099125,11493,98.3,97.99,100,100,556,-44
676,UBS,2020-11-03,0 days 15:59:46.105643,41182,12.74,12.73,61489,58321,-8187,4686
677,UDR,2020-11-03,0 days 15:59:28.104017,154090,34.55,34.54,411,600,229,-494
678,UNH,2020-11-03,0 days 15:55:08.252183,269589,322.78,322.58,100,164,6299,-23501
679,UNH,2020-11-03,0 days 15:56:12.255921,283488,323.08,322.99,215,422,-2114,2156
680,UNH,2020-11-03,0 days 15:59:11.259915,344814,321.5,321.43,695,100,16771,-21687
681,UNH,2020-11-03,0 days 15:59:15.255862,362158,321.57,321.36,280,100,-9791,16544
682,USFD,2020-11-03,0 days 15:59:08.104426,89679,23.04,23.03,2498,266,820,-1346
683,USFD,2020-11-03,0 days 15:59:10.103687,90630,23.04,23.03,1727,300,-5549,820
684,V,2020-11-03,0 days 15:55:00.252683,496850,189.43,189.35,100,140,-24332,30446
685,V,2020-11-03,0 days 15:59:10.258565,553620,188.08,188.02,499,100,766,-1490
686,VICI,2020-11-03,0 days 15:58:51.251887,116556,24.01,24.0,600,1500,-4730,6870
687,VICI,2020-11-03,0 days 15:58:55.251764,120982,24.0,23.99,900,200,7674,-3226
688,VICI,2020-11-03,0 days 15:59:08.254798,130864,23.98,23.97,100,600,-23310,2360
689,VICI,2020-11-03,0 days 15:59:15.253277,126304,23.97,23.96,200,440,5501,-17269
690,VICI,2020-11-03,0 days 15:59:37.252001,142486,23.97,23.96,400,300,-2252,13041
691,VICI,2020-11-03,0 days 15:59:42.252901,142568,23.95,23.94,200,240,1918,-4040
692,VICI,2020-11-03,0 days 15:59:43.252466,142486,23.96,23.95,300,200,-9474,1918
693,VIPS,2020-11-03,0 days 15:55:00.289895,112161,21.36,21.35,4957,6406,-39853,2144
694,VIPS,2020-11-03,0 days 15:57:19.292957,175288,21.35,21.34,5555,3151,10794,-13206
695,VIPS,2020-11-03,0 days 15:58:57.296877,191816,21.4,21.39,3412,4752,-623,246
696,VLO,2020-11-03,0 days 15:56:47.101740,168344,39.62,39.61,300,611,373,-1744
697,VLO,2020-11-03,0 days 15:56:52.101362,168717,39.63,39.62,522,100,-51,9
698,VLO,2020-11-03,0 days 15:56:55.101777,168768,39.63,39.62,300,200,3949,-51
699,VLO,2020-11-03,0 days 15:56:59.103657,167400,39.64,39.62,702,500,-1368,3949
700,VLO,2020-11-03,0 days 15:57:06.102093,169143,39.65,39.64,400,301,3511,-1743
701,VLO,2020-11-03,0 days 15:57:37.103399,172654,39.62,39.61,300,200,-1038,262
702,VLO,2020-11-03,0 days 15:58:58.103205,171993,39.53,39.52,262,200,660,-1115
703,VLO,2020-11-03,0 days 15:59:06.104511,174264,39.53,39.52,200,100,-1449,2171
704,VLO,2020-11-03,0 days 15:59:11.104829,176351,39.5,39.49,100,300,1939,-2069
705,VLO,2020-11-03,0 days 15:59:30.106463,180179,39.53,39.51,500,196,-1731,2428
706,VLO,2020-11-03,0 days 15:59:57.107190,195666,39.52,39.47,600,100,2751,-16386
707,VLO,2020-11-03,0 days 15:59:58.107455,180580,39.51,39.46,300,300,-15486,2751
708,VNO,2020-11-03,0 days 15:59:46.111388,168245,34.04,34.0,600,200,1534,-2999
709,VNT,2020-11-03,0 days 15:59:15.245833,101447,29.91,29.88,1011,224,-19588,25671
710,VRT,2020-11-03,0 days 15:55:00.253074,124916,17.6,17.59,1070,4806,31839,-20478
711,VRT,2020-11-03,0 days 15:59:07.259767,142157,17.63,17.62,1100,253,-17176,21144
712,VRT,2020-11-03,0 days 15:59:34.256354,166889,17.6,17.59,100,100,18123,-9985
713,VZ,2020-11-03,0 days 15:59:15.242629,935225,57.74,57.73,5501,1200,8905,-2490
714,VZ,2020-11-03,0 days 15:59:45.244842,1013920,57.8,57.79,3100,2653,-3840,60
715,W,2020-11-03,0 days 15:58:07.232574,21963,276.2,275.85,500,500,-2351,1643
716,W,2020-11-03,0 days 15:58:09.232123,24314,275.99,275.77,205,300,1243,-2351
717,W,2020-11-03,0 days 15:58:14.232679,21963,275.99,275.76,100,400,-2351,1243
718,W,2020-11-03,0 days 15:58:20.232776,24314,275.78,275.65,100,300,1243,-2351
719,W,2020-11-03,0 days 15:59:45.237628,26945,274.68,274.44,100,100,-248,232
720,WELL,2020-11-03,0 days 15:55:00.253028,163646,59.49,59.48,300,100,282534,-8645
721,WELL,2020-11-03,0 days 15:59:47.257745,456464,59.11,59.08,300,201,-9523,19483
722,WFC,2020-11-03,0 days 15:57:19.242133,1178498,22.13,22.12,14039,38096,-1698,21433
723,WFC,2020-11-03,0 days 15:57:26.242842,1160765,22.12,22.11,31109,30400,17733,-1698
724,WM,2020-11-03,0 days 15:59:16.251599,273979,114.55,114.49,100,100,85294,-28179
725,WMB,2020-11-03,0 days 15:59:10.245395,432248,18.98,18.97,700,3200,2,-2556
726,WMT,2020-11-03,0 days 15:59:13.235982,374918,142.82,142.8,100,100,13705,-18812
727,WORK,2020-11-03,0 days 15:59:15.243391,289161,25.41,25.4,101,1400,-29262,77105
728,WPG,2020-11-03,0 days 15:56:26.101053,14022,0.61,0.6,1210,7200,-19289,7035
729,WPG,2020-11-03,0 days 15:58:20.105752,42661,0.61,0.6,9875,15600,386448,-25039
730,WPX,2020-11-03,0 days 15:59:45.248388,668018,4.94,4.93,4292,14007,62400,-4504
731,WRK,2020-11-03,0 days 15:55:00.098758,84143,39.95,39.93,260,801,1920,-967
732,WRK,2020-11-03,0 days 15:59:57.107219,109144,39.79,39.75,300,100,73,-43
733,WY,2020-11-03,0 days 15:55:00.098421,197103,28.53,28.52,1049,700,235170,-5538
734,WY,2020-11-03,0 days 15:55:19.099841,196997,28.55,28.54,1178,1200,-106,3994
735,WY,2020-11-03,0 days 15:55:24.099200,197175,28.55,28.54,876,1521,1727,-178
736,WY,2020-11-03,0 days 15:55:33.099935,197318,28.56,28.55,200,1225,-357,143
737,WY,2020-11-03,0 days 15:55:34.100042,197675,28.56,28.55,600,1225,1633,-357
738,WY,2020-11-03,0 days 15:55:48.099742,197110,28.54,28.53,180,1600,-745,2155
739,WY,2020-11-03,0 days 15:56:26.101135,200800,28.49,28.48,2137,300,-3363,598
740,WY,2020-11-03,0 days 15:57:35.103602,205283,28.44,28.43,100,1467,45,-955
741,WY,2020-11-03,0 days 15:59:22.103948,225626,28.42,28.41,700,979,-2223,5255
742,XOM,2020-11-03,0 days 15:59:22.246279,1107015,33.44,33.43,9729,5600,-798,37584
743,XOM,2020-11-03,0 days 15:59:29.246232,1108715,33.44,33.43,4329,4900,-517,9756
744,XOM,2020-11-03,0 days 15:59:55.249257,1158329,33.43,33.42,1300,410,14389,-42393
745,XPEV,2020-11-03,0 days 15:56:48.229754,63483,22.25,22.23,100,100,16183,-12656
746,XPEV,2020-11-03,0 days 15:59:57.237993,84674,22.29,22.18,4500,800,-21988,9858
747,XPEV,2020-11-03,0 days 15:59:58.238991,77623,22.29,22.17,4500,5100,7951,-21988
748,XRX,2020-11-03,0 days 15:59:15.242642,231572,18.72,18.71,1085,1493,-40383,16015
749,ZEN,2020-11-03,0 days 15:55:00.227883,37227,115.13,115.01,100,100,32176,-6965
750,ZTO,2020-11-03,0 days 15:55:00.226848,56796,29.1,29.08,912,200,-3912,2632
751,ZTO,2020-11-03,0 days 15:57:22.233308,66693,29.05,29.04,300,100,1396,-4
