,Symbol,Timestamp,TIME,iPaired,Ask_P,Bid_P,Ask_S,Bid_S,iShares,PreviShares
0,AA,2020-09-17,0 days 15:55:57.263850,363230,13.48,13.47,7904,15527,2940,-12761
1,AA,2020-09-17,0 days 15:55:58.263390,352270,13.48,13.47,7904,16527,-10960,2940
2,ABBV,2020-09-17,0 days 15:59:38.883006,747182,89.62,89.61,484,313,19314,-21272
3,ABBV,2020-09-17,0 days 15:59:55.882221,747104,89.6,89.59,3119,3947,42226,-23133
4,ABEV,2020-09-17,0 days 15:59:36.256596,293346,2.55,2.54,1226069,697839,57213,-67187
5,ABEV,2020-09-17,0 days 15:59:37.254804,289959,2.55,2.54,1224969,696939,-3387,57213
6,ABT,2020-09-17,0 days 15:55:48.246746,903140,106.59,106.57,586,593,-7730,1370
7,ABT,2020-09-17,0 days 15:56:07.246810,905804,106.59,106.58,700,657,1735,-1871
8,ABT,2020-09-17,0 days 15:58:57.253994,956676,106.63,106.61,100,1729,-225,782
9,ABT,2020-09-17,0 days 15:59:21.254537,958469,106.63,106.61,588,300,5866,-9644
10,ABT,2020-09-17,0 days 15:59:39.255147,958369,106.62,106.61,900,200,7241,-8259
11,ACB,2020-09-17,0 days 15:57:57.239224,13173,6.9,6.89,6695,4578,2539,-3561
12,ACB,2020-09-17,0 days 15:57:58.239649,12812,6.9,6.89,8095,4578,-361,2539
13,ACB,2020-09-17,0 days 15:59:01.243779,13655,6.9,6.89,11076,1204,2309,-3409
14,ADM,2020-09-17,0 days 15:55:54.241818,1831145,47.75,47.74,910,3409,-204,76
15,ADM,2020-09-17,0 days 15:55:59.240473,1827361,47.75,47.74,1410,4349,3784,-1789
16,ADM,2020-09-17,0 days 15:57:05.243572,1834595,47.74,47.73,1081,4842,-32409,2485
17,ADM,2020-09-17,0 days 15:57:06.243399,1834004,47.73,47.72,1300,3014,591,-32409
18,ADM,2020-09-17,0 days 15:57:19.243462,1834595,47.74,47.73,4657,607,-1871,764
19,ADM,2020-09-17,0 days 15:57:20.243581,1833966,47.73,47.72,3255,1633,629,-1871
20,ADM,2020-09-17,0 days 15:57:33.244649,1834595,47.73,47.72,1553,4473,-25171,629
21,ADM,2020-09-17,0 days 15:57:51.245230,1842822,47.71,47.7,203,4209,-9628,8572
22,ADM,2020-09-17,0 days 15:57:52.246912,1852450,47.71,47.7,400,2998,10072,-9628
23,ADM,2020-09-17,0 days 15:58:03.246467,1862974,47.73,47.72,3665,1500,4990,-1239
24,ADM,2020-09-17,0 days 15:58:04.246898,1849164,47.72,47.71,800,4862,-6886,4990
25,ADM,2020-09-17,0 days 15:58:15.247200,1859974,47.73,47.72,6076,3802,10590,-910
26,ADM,2020-09-17,0 days 15:58:16.247370,1859064,47.73,47.72,6509,3602,-910,10590
27,ADM,2020-09-17,0 days 15:58:24.246829,1850864,47.72,47.71,5023,1237,-87,8214
28,ADM,2020-09-17,0 days 15:58:25.247037,1849351,47.72,47.71,6721,890,1513,-87
29,ADM,2020-09-17,0 days 15:58:31.247372,1854164,47.74,47.73,2890,600,-10511,513
30,ADM,2020-09-17,0 days 15:58:33.246916,1860375,47.73,47.72,5919,2199,689,-611
31,ADM,2020-09-17,0 days 15:58:52.248772,1860664,47.71,47.7,2635,3817,-472,607
32,ADM,2020-09-17,0 days 15:59:01.249652,1861301,47.71,47.7,4778,2282,345,-1890
33,ADM,2020-09-17,0 days 15:59:30.252219,1907947,47.72,47.71,4407,2374,-15394,3009
34,ADM,2020-09-17,0 days 15:59:31.250697,1904941,47.72,47.71,689,4535,29250,-15394
35,ADM,2020-09-17,0 days 15:59:37.249186,1930996,47.73,47.72,3900,2328,3195,-6074
36,ADM,2020-09-17,0 days 15:59:41.252149,1933828,47.74,47.73,3430,3506,-14893,2495
37,AEO,2020-09-17,0 days 15:55:13.271814,297963,14.92,14.91,8057,7020,73,-727
38,AEO,2020-09-17,0 days 15:55:14.271931,300936,14.93,14.92,4759,13375,-1248,73
39,AEO,2020-09-17,0 days 15:56:07.273048,320934,14.93,14.92,5821,11546,1838,-1681
40,AEO,2020-09-17,0 days 15:56:08.273227,319572,14.93,14.92,10722,6094,-5887,1838
41,AEO,2020-09-17,0 days 15:56:13.273609,320934,14.92,14.91,14954,4975,2738,-1787
42,AEO,2020-09-17,0 days 15:56:14.273622,320372,14.92,14.91,15210,5954,-562,2738
43,AEO,2020-09-17,0 days 15:57:03.275812,320688,14.89,14.88,9724,8558,555,-1418
44,AEO,2020-09-17,0 days 15:57:04.275613,319543,14.89,14.88,8496,9359,-1145,555
45,AEO,2020-09-17,0 days 15:59:17.282446,344158,14.89,14.88,15119,11269,14621,-449
46,AEO,2020-09-17,0 days 15:59:18.283027,342979,14.89,14.88,12969,12869,-1179,14621
47,AEO,2020-09-17,0 days 15:59:40.283666,348262,14.89,14.88,25729,7127,6917,-1083
48,AEP,2020-09-17,0 days 15:55:00.245517,275222,79.98,79.96,200,622,14422,-98275
49,AEP,2020-09-17,0 days 15:55:25.246678,233535,80.01,80.0,200,200,-41687,14513
50,AEP,2020-09-17,0 days 15:56:09.248409,284570,79.98,79.97,470,110,11888,-44322
51,AEP,2020-09-17,0 days 15:57:36.251610,297366,79.97,79.95,781,400,-496,1604
52,AEP,2020-09-17,0 days 15:57:37.251234,293962,79.97,79.95,881,300,3404,-496
53,AEP,2020-09-17,0 days 15:57:54.251377,244956,80.0,79.98,1001,336,-46044,11256
54,AEP,2020-09-17,0 days 15:58:11.253452,244313,80.02,80.0,400,300,-46687,10613
55,AEP,2020-09-17,0 days 15:58:54.254269,292866,80.01,79.98,800,300,10167,-47433
56,AEP,2020-09-17,0 days 15:58:56.254446,245633,80.01,79.99,800,231,-47268,10367
57,AEP,2020-09-17,0 days 15:58:59.254871,292901,79.99,79.98,200,900,10843,-47057
58,AEP,2020-09-17,0 days 15:59:47.256391,325705,80.05,80.04,200,534,2664,-795
59,AEP,2020-09-17,0 days 15:59:48.256940,325377,80.06,80.05,369,500,-328,2664
60,AEP,2020-09-17,0 days 15:59:58.256222,320805,80.05,80.03,2280,2700,1703,-5857
61,AEP,2020-09-17,0 days 15:59:59.253976,319848,80.07,80.04,1000,200,-5857,1703
62,AEP,2020-09-17,0 days 16:00:00.263610,320805,80.07,80.03,5703,12785,2140,-5857
63,AES,2020-09-17,0 days 15:59:32.249888,976563,18.45,18.44,1075,12644,8919,-9860
64,AES,2020-09-17,0 days 15:59:33.249946,958482,18.46,18.45,10017,4884,-4381,8919
65,AES,2020-09-17,0 days 15:59:49.246954,976563,18.46,18.45,7340,8518,3109,-12090
66,AES,2020-09-17,0 days 15:59:50.252113,853803,18.46,18.45,7653,5567,-109060,3109
67,AFL,2020-09-17,0 days 15:50:45.227665,363649,37.58,37.57,1217,2518,201,-499
68,AFL,2020-09-17,0 days 15:55:42.236305,419097,37.58,37.57,5443,2606,-3201,799
69,AFL,2020-09-17,0 days 15:55:43.236006,417898,37.58,37.57,5212,2706,1199,-3201
70,AFL,2020-09-17,0 days 15:56:13.236747,422869,37.59,37.58,3329,2994,-944,456
71,AFL,2020-09-17,0 days 15:56:14.236603,421913,37.59,37.58,4328,3485,956,-944
72,AFL,2020-09-17,0 days 15:56:57.237853,424604,37.56,37.55,2097,6570,-2520,1145
73,AFL,2020-09-17,0 days 15:56:58.237839,423424,37.56,37.55,4291,2710,1180,-2520
74,AFL,2020-09-17,0 days 15:57:48.238743,454412,37.56,37.55,5681,3968,-812,1288
75,AFL,2020-09-17,0 days 15:57:49.238540,451324,37.56,37.55,7589,2572,3088,-812
76,AFL,2020-09-17,0 days 15:57:56.239147,454412,37.56,37.55,3325,10169,-812,3088
77,AFL,2020-09-17,0 days 15:59:00.245091,453908,37.58,37.57,4538,4954,-2722,2306
78,AFL,2020-09-17,0 days 15:59:01.243511,452730,37.58,37.57,4693,5154,2456,-2722
79,AFL,2020-09-17,0 days 15:59:04.242660,455186,37.58,37.57,2937,8470,-690,2443
80,AFL,2020-09-17,0 days 15:59:06.242828,454661,37.6,37.59,4210,2838,35153,-790
81,AFL,2020-09-17,0 days 15:59:12.244635,489829,37.6,37.59,4619,8755,-668,2818
82,AFL,2020-09-17,0 days 15:59:17.242772,490082,37.58,37.57,4889,1584,647,-594
83,AFL,2020-09-17,0 days 15:59:23.242145,497170,37.59,37.58,4094,3970,-11853,6447
84,AFL,2020-09-17,0 days 15:59:24.242383,494623,37.59,37.58,3489,2322,1847,-11853
85,AFL,2020-09-17,0 days 15:59:25.243131,497170,37.59,37.58,4366,2895,-943,1847
86,AFL,2020-09-17,0 days 15:59:29.243627,495419,37.6,37.59,4199,4742,1051,-5349
87,AFL,2020-09-17,0 days 15:59:50.249713,496107,37.62,37.61,4958,5559,3727,-4551
88,AFL,2020-09-17,0 days 15:59:52.245001,499834,37.64,37.63,5627,5544,-2105,3070
89,AFL,2020-09-17,0 days 15:59:55.246320,496764,37.62,37.61,710,2862,3070,-2105
90,AG,2020-09-17,0 days 15:57:19.243418,37877,12.16,12.15,12387,23341,-12,193
91,AG,2020-09-17,0 days 15:57:20.243565,37889,12.16,12.15,12087,23241,188,-12
92,AG,2020-09-17,0 days 15:57:48.245125,36689,12.16,12.15,17328,21541,1388,-112
93,AG,2020-09-17,0 days 15:59:16.249820,50241,12.15,12.14,12638,27522,-809,2268
94,AG,2020-09-17,0 days 15:59:19.249515,46051,12.15,12.14,6437,26140,4190,-809
95,AG,2020-09-17,0 days 15:59:38.249568,46051,12.16,12.15,32236,32435,1090,-1810
96,AG,2020-09-17,0 days 15:59:39.249548,47141,12.16,12.15,29384,36483,-7910,1090
97,AG,2020-09-17,0 days 15:59:40.250227,46051,12.16,12.15,29384,34122,1090,-7910
98,AG,2020-09-17,0 days 15:59:46.250798,47141,12.16,12.15,31779,35133,-2850,1090
99,AG,2020-09-17,0 days 15:59:47.250618,46291,12.16,12.15,29998,34633,850,-2850
100,AIG,2020-09-17,0 days 15:50:45.236136,2464245,28.79,28.78,598,5504,330978,-244743
101,AIG,2020-09-17,0 days 15:58:28.246637,3193576,28.7,28.69,1581,15739,16740,-8860
102,AIG,2020-09-17,0 days 15:59:05.249936,3279476,28.67,28.66,1731,4781,10221,-17449
103,AIG,2020-09-17,0 days 15:59:06.250681,3291905,28.67,28.66,3250,4089,-27993,10221
104,AIG,2020-09-17,0 days 15:59:51.248470,3283529,28.69,28.68,1100,5051,-20783,459
105,ALC,2020-09-17,0 days 15:55:00.958430,7261,58.89,58.88,1807,1271,5313,-2642
106,ALC,2020-09-17,0 days 15:57:10.960033,17283,58.99,58.98,248,854,-5234,7166
107,ALC,2020-09-17,0 days 15:57:11.960231,15954,58.99,58.98,588,500,1329,-5234
108,ALC,2020-09-17,0 days 15:59:46.969704,18284,59.09,59.08,269,4139,399,-753
109,ALK,2020-09-17,0 days 15:55:00.874976,156391,42.26,42.24,2260,746,10557,-45419
110,ALK,2020-09-17,0 days 15:55:01.873947,153648,42.26,42.24,800,1007,-2743,10557
111,ALK,2020-09-17,0 days 15:59:04.882421,156304,42.2,42.18,107,1654,-1211,2589
112,ALK,2020-09-17,0 days 15:59:20.881973,161546,42.17,42.16,1031,764,-807,2593
113,ALK,2020-09-17,0 days 15:59:21.882072,162353,42.16,42.15,601,2387,394,-807
114,ALK,2020-09-17,0 days 15:59:30.883059,158947,42.2,42.17,900,489,-3506,394
115,ALK,2020-09-17,0 days 15:59:43.882501,162653,42.18,42.17,774,700,4140,-518
116,ALK,2020-09-17,0 days 15:59:51.884034,162653,42.19,42.17,200,836,1828,-1972
117,ALLY,2020-09-17,0 days 15:55:00.272202,347623,26.08,26.07,3653,12174,5084,-48874
118,ALLY,2020-09-17,0 days 15:57:40.277319,370740,26.05,26.04,4005,6423,753,-1947
119,ALLY,2020-09-17,0 days 15:57:41.277302,373493,26.05,26.04,5315,11558,-847,753
120,ALLY,2020-09-17,0 days 15:58:07.279251,397840,26.05,26.04,7266,4540,443,-1744
121,ALLY,2020-09-17,0 days 15:58:08.279184,394583,26.05,26.04,5054,6440,-3257,443
122,ALLY,2020-09-17,0 days 15:58:58.281152,390273,26.02,26.01,1853,7303,-2219,15081
123,ALLY,2020-09-17,0 days 15:59:12.283306,441410,26.04,26.03,5721,5772,3098,-5002
124,ALLY,2020-09-17,0 days 15:59:35.283664,427069,26.07,26.06,7142,3254,1702,-16398
125,ALLY,2020-09-17,0 days 15:59:46.284652,439015,26.09,26.08,500,12390,-2692,11962
126,ALLY,2020-09-17,0 days 15:59:47.283519,438764,26.09,26.08,1300,10161,1660,-2692
127,AM,2020-09-17,0 days 15:59:46.252217,416529,5.42,5.41,24324,28076,-1714,10706
128,AMC,2020-09-17,0 days 15:55:56.246987,28450,5.71,5.7,2540,18116,-3053,4547
129,AMC,2020-09-17,0 days 15:55:57.247094,27903,5.71,5.7,2540,18116,547,-3053
130,AMC,2020-09-17,0 days 15:56:05.246851,28453,5.72,5.71,5902,14790,-2350,4150
131,AMC,2020-09-17,0 days 15:56:06.246768,28303,5.72,5.71,5802,14490,150,-2350
132,AMC,2020-09-17,0 days 15:56:16.247856,28453,5.72,5.71,6307,12390,-2750,4150
133,AMC,2020-09-17,0 days 15:56:17.247881,27903,5.72,5.71,5507,13190,550,-2750
134,AMC,2020-09-17,0 days 15:59:06.255621,31602,5.73,5.72,9080,5098,702,-2759
135,AMC,2020-09-17,0 days 15:59:37.254596,32773,5.73,5.72,14626,3590,-538,271
136,AMC,2020-09-17,0 days 15:59:38.255181,32611,5.73,5.72,14226,3590,162,-538
137,AMCR,2020-09-17,0 days 15:55:00.232761,897616,11.31,11.3,61198,14496,57413,-133831
138,AMCR,2020-09-17,0 days 15:58:29.241152,984827,11.32,11.31,48045,60092,-5846,2954
139,AMCR,2020-09-17,0 days 15:59:03.242932,990219,11.32,11.31,43971,49771,7079,-232
140,AMCR,2020-09-17,0 days 15:59:04.242684,986698,11.32,11.31,46071,49467,-3521,7079
141,AMCR,2020-09-17,0 days 15:59:15.246240,1046475,11.32,11.31,10626,50718,27601,-7828
142,AMCR,2020-09-17,0 days 15:59:17.242836,1041376,11.32,11.31,13609,62318,-3599,13101
143,AMCR,2020-09-17,0 days 15:59:47.244114,1056842,11.33,11.32,46796,26169,7978,-8686
144,AMCR,2020-09-17,0 days 15:59:48.244368,1055120,11.33,11.32,44160,26369,-1722,7978
145,AMH,2020-09-17,0 days 15:55:00.958399,163476,28.96,28.95,2941,656,12658,-2363
146,AMH,2020-09-17,0 days 15:57:15.959886,176244,28.84,28.83,5779,589,-305,495
147,AMH,2020-09-17,0 days 15:57:40.961672,179644,28.83,28.82,4461,569,-5,795
148,AMH,2020-09-17,0 days 15:57:41.962144,181449,28.83,28.82,4861,569,795,-5
149,AMH,2020-09-17,0 days 15:57:49.963024,185644,28.82,28.8,4075,3782,-5,2395
150,AMH,2020-09-17,0 days 15:57:57.962985,188844,28.83,28.82,100,2825,-1438,2895
151,AMH,2020-09-17,0 days 15:58:13.963264,186782,28.85,28.84,3288,1790,1189,-211
152,AMH,2020-09-17,0 days 15:58:14.963372,186771,28.85,28.84,2380,3720,-11,1189
153,AMH,2020-09-17,0 days 15:58:20.963919,186782,28.83,28.82,930,3552,789,-211
154,AMH,2020-09-17,0 days 15:59:06.965981,194369,28.82,28.81,1700,4155,-6153,538
155,AMH,2020-09-17,0 days 15:59:33.968217,216833,28.81,28.8,1953,4486,5864,-1446
156,AMH,2020-09-17,0 days 15:59:34.968449,216097,28.82,28.81,1110,5512,-736,5864
157,AMT,2020-09-17,0 days 15:55:00.238892,225449,251.02,250.97,390,100,-1090,47581
158,AMT,2020-09-17,0 days 15:55:01.237926,222339,251.02,250.98,100,157,3110,-1090
159,AMT,2020-09-17,0 days 15:59:07.249899,246250,250.26,250.18,325,568,-1407,2972
160,AMT,2020-09-17,0 days 15:59:08.249279,244757,250.26,250.2,200,425,1493,-1407
161,AMT,2020-09-17,0 days 15:59:09.249486,243573,250.26,250.2,100,625,-1184,1493
162,AMT,2020-09-17,0 days 15:59:14.250115,233708,250.44,250.35,100,1405,479,-672
163,AMT,2020-09-17,0 days 15:59:27.250226,235288,250.33,250.23,377,446,-7372,928
164,AMT,2020-09-17,0 days 15:59:30.252235,234160,250.39,250.29,700,925,491,-809
165,AMT,2020-09-17,0 days 15:59:37.249197,234450,250.47,250.39,100,1145,-110,32
166,AMT,2020-09-17,0 days 15:59:38.249579,234460,250.42,250.38,300,396,132,-110
167,AMT,2020-09-17,0 days 15:59:40.250255,234592,250.47,250.43,100,541,-68,132
168,AMT,2020-09-17,0 days 15:59:42.249549,234660,250.58,250.45,200,1008,386,-210
169,AMT,2020-09-17,0 days 15:59:43.249650,235046,250.53,250.46,225,721,-214,386
170,AMT,2020-09-17,0 days 15:59:47.250665,234792,250.61,250.49,201,725,254,-846
171,AMT,2020-09-17,0 days 15:59:59.246718,236636,250.8,250.58,300,1800,-621,854
172,AMX,2020-09-17,0 days 15:59:03.264432,33661,12.84,12.83,10500,40180,-2066,847
173,AMX,2020-09-17,0 days 15:59:10.267057,36189,12.84,12.83,14900,36956,989,-1328
174,AMX,2020-09-17,0 days 15:59:11.265424,29978,12.84,12.83,18400,49895,-6211,989
175,AMX,2020-09-17,0 days 15:59:33.251616,36491,12.84,12.83,30866,51992,5948,-5752
176,AMX,2020-09-17,0 days 15:59:34.251925,30739,12.84,12.83,21143,53792,-5752,5948
177,AMX,2020-09-17,0 days 15:59:36.251464,36391,12.85,12.84,30085,45994,4848,-5752
178,AMX,2020-09-17,0 days 15:59:37.251086,36039,12.85,12.84,27885,46979,-352,4848
179,ANF,2020-09-17,0 days 15:59:03.281976,106789,15.34,15.33,3932,4919,-265,244
180,ANF,2020-09-17,0 days 15:59:05.283188,107138,15.34,15.33,2826,6325,9931,-349
181,ANF,2020-09-17,0 days 15:59:10.284118,117069,15.33,15.32,400,4400,-19314,1997
182,ANF,2020-09-17,0 days 15:59:11.282756,114783,15.33,15.32,4909,2400,2286,-19314
183,ANF,2020-09-17,0 days 15:59:17.282328,118669,15.33,15.32,5063,4575,-1745,1198
184,ANF,2020-09-17,0 days 15:59:18.282966,117714,15.33,15.32,6218,2600,955,-1745
185,ANF,2020-09-17,0 days 15:59:35.283562,119888,15.35,15.34,5354,2446,-1943,557
186,ANF,2020-09-17,0 days 15:59:46.284548,120895,15.36,15.35,2782,3780,-21482,964
187,APLE,2020-09-17,0 days 15:58:46.237845,188637,10.77,10.76,17329,12430,5254,-881
188,APLE,2020-09-17,0 days 15:58:47.237882,183591,10.77,10.76,14961,11930,-5113,5254
189,APTV,2020-09-17,0 days 15:59:23.250946,320853,83.23,83.2,919,100,57,-6650
190,APTV,2020-09-17,0 days 15:59:27.251266,320510,83.22,83.19,100,869,-343,157
191,APTV,2020-09-17,0 days 15:59:28.251073,320853,83.22,83.19,100,869,813,-343
192,APTV,2020-09-17,0 days 15:59:32.251984,318499,83.23,83.2,243,1373,-2354,813
193,AR,2020-09-17,0 days 15:56:38.241642,490737,2.9,2.89,26390,177465,9040,-10960
194,AR,2020-09-17,0 days 15:56:39.240738,485377,2.9,2.89,25306,180065,-5360,9040
195,AR,2020-09-17,0 days 15:56:56.242695,490737,2.9,2.89,13630,188786,8339,-5360
196,AR,2020-09-17,0 days 15:56:57.242400,459177,2.9,2.89,15930,188776,-31560,8339
197,AR,2020-09-17,0 days 15:59:15.253256,504478,2.9,2.89,60430,167290,2264,-5064
198,AR,2020-09-17,0 days 15:59:20.249388,504478,2.9,2.89,59670,170977,3778,-1340
199,ARMK,2020-09-17,0 days 15:59:16.231421,288827,28.3,28.29,980,338,336,-7109
200,ARMK,2020-09-17,0 days 15:59:21.230800,285111,28.29,28.28,7214,1916,-3016,2384
201,ARMK,2020-09-17,0 days 15:59:50.238219,263278,28.3,28.29,852,900,-27135,2218
202,ATI,2020-09-17,0 days 15:59:47.283476,168796,9.76,9.75,9240,22869,-2252,12848
203,ATUS,2020-09-17,0 days 15:56:07.272905,1034783,26.65,26.64,3016,13311,-4665,3548
204,ATUS,2020-09-17,0 days 15:56:08.273085,1025648,26.65,26.64,3816,12843,9135,-4665
205,ATUS,2020-09-17,0 days 15:59:31.284169,1035483,26.64,26.63,4176,11018,-36659,7002
206,AUY,2020-09-17,0 days 15:57:02.228997,90926,6.16,6.15,382994,323892,-1310,4250
207,AVTR,2020-09-17,0 days 15:59:47.968463,1211420,22.46,22.45,3974,9189,14536,-1136
208,AVTR,2020-09-17,0 days 15:59:48.970537,1211756,22.47,22.46,2900,6632,-764,14536
209,AXP,2020-09-17,0 days 15:58:31.236939,412625,104.55,104.52,560,447,-28304,11597
210,AXP,2020-09-17,0 days 15:58:32.237116,404129,104.52,104.5,334,1300,8496,-28304
211,AXP,2020-09-17,0 days 15:59:16.238704,453032,104.59,104.56,1004,328,-16603,3564
212,AXP,2020-09-17,0 days 15:59:17.238155,449372,104.54,104.53,296,300,3562,-16603
213,AXP,2020-09-17,0 days 15:59:29.238720,453131,104.55,104.53,920,500,-1393,1475
214,AXP,2020-09-17,0 days 15:59:30.240641,450724,104.55,104.52,1220,1400,2308,-1393
215,AXP,2020-09-17,0 days 15:59:35.238917,450503,104.62,104.6,166,740,1838,-2134
216,AXP,2020-09-17,0 days 15:59:44.239830,449133,104.67,104.64,1731,300,-6373,18027
217,AXP,2020-09-17,0 days 15:59:45.241716,448760,104.65,104.64,363,300,373,-6373
218,AXP,2020-09-17,0 days 15:59:46.240355,449133,104.66,104.64,1114,200,-216,373
219,AXP,2020-09-17,0 days 15:59:48.240152,439909,104.68,104.66,1300,400,9224,-216
220,AXP,2020-09-17,0 days 15:59:56.242306,448748,104.69,104.64,5583,400,286,-8479
221,AXTA,2020-09-17,0 days 15:57:19.259803,203138,24.64,24.63,2344,7808,1537,-363
222,AXTA,2020-09-17,0 days 15:57:20.259681,201375,24.64,24.63,432,11268,-1763,1537
223,AXTA,2020-09-17,0 days 15:58:21.262589,206530,24.65,24.64,2966,3466,-1908,592
224,AXTA,2020-09-17,0 days 15:59:10.267002,212616,24.65,24.64,4685,1610,-1547,3653
225,AXTA,2020-09-17,0 days 15:59:27.251341,218990,24.64,24.63,5228,8193,-1640,5260
226,AZN,2020-09-17,0 days 15:55:00.261055,816175,55.93,55.92,1276,2400,60193,-758442
227,AZN,2020-09-17,0 days 15:56:00.265999,824968,55.99,55.98,1777,4517,-1859,8771
228,AZN,2020-09-17,0 days 15:57:41.260675,840974,55.89,55.88,1100,1879,13064,-9836
229,AZN,2020-09-17,0 days 15:57:42.261541,838938,55.9,55.88,2700,2939,-1536,13064
230,AZN,2020-09-17,0 days 15:57:44.260635,840974,55.9,55.89,2500,100,1564,-1536
231,AZN,2020-09-17,0 days 15:57:48.261015,842974,55.9,55.89,4007,500,3064,-1536
232,AZN,2020-09-17,0 days 15:58:17.264301,865152,55.91,55.9,4760,2032,3386,-3414
233,AZN,2020-09-17,0 days 15:58:18.261982,861138,55.91,55.9,4460,2650,-4014,3386
234,AZN,2020-09-17,0 days 15:58:23.262576,865152,55.9,55.89,5491,1758,1186,-4014
235,AZN,2020-09-17,0 days 15:59:47.251779,869221,55.95,55.94,1716,2703,-899,6101
236,AZUL,2020-09-17,0 days 15:56:07.246942,18357,16.66,16.65,2162,2901,11,-487
237,AZUL,2020-09-17,0 days 15:56:08.247403,17868,16.66,16.65,2562,2201,-489,11
238,AZUL,2020-09-17,0 days 15:59:46.257084,21061,16.66,16.65,4720,15366,1097,-493
239,BA,2020-09-17,0 days 15:59:06.283500,232906,167.54,167.5,400,261,-2587,1641
240,BA,2020-09-17,0 days 15:59:10.284341,235641,167.53,167.5,133,592,1868,-3432
241,BA,2020-09-17,0 days 15:59:11.282894,233609,167.54,167.52,100,764,-2504,1868
242,BABA,2020-09-17,0 days 15:59:40.883534,765434,275.84,275.74,2496,640,-4644,1706
243,BABA,2020-09-17,0 days 15:59:41.881687,747453,275.72,275.66,1523,140,18058,-4644
244,BAC,2020-09-17,0 days 15:59:23.251061,5718634,25.37,25.36,144334,102677,-247861,157153
245,BAC,2020-09-17,0 days 15:59:51.254273,6148347,25.35,25.34,65098,162618,-57425,44698
246,BAX,2020-09-17,0 days 15:55:06.244810,207353,82.35,82.34,1084,1336,6782,-1739
247,BAX,2020-09-17,0 days 15:55:07.244736,206535,82.35,82.34,932,1436,-818,6782
248,BAX,2020-09-17,0 days 15:55:28.246142,207353,82.35,82.34,451,998,2902,-170
249,BAX,2020-09-17,0 days 15:57:21.249877,216967,82.34,82.33,761,780,-445,1655
250,BAX,2020-09-17,0 days 15:57:22.250221,216712,82.34,82.33,1161,401,255,-445
251,BAX,2020-09-17,0 days 15:57:36.251470,217867,82.34,82.33,2950,1306,-147,153
252,BAX,2020-09-17,0 days 15:57:37.251152,220114,82.34,82.33,3350,1306,953,-147
253,BAX,2020-09-17,0 days 15:58:19.252509,220471,82.32,82.31,1154,100,874,-426
254,BAX,2020-09-17,0 days 15:58:29.253138,220371,82.31,82.3,1591,1498,674,-326
255,BAX,2020-09-17,0 days 15:59:05.256020,233324,82.3,82.29,1317,1100,18011,-389
256,BAX,2020-09-17,0 days 15:59:29.255966,259556,82.34,82.32,540,900,-1015,485
257,BAX,2020-09-17,0 days 15:59:43.255298,273886,82.34,82.33,900,635,1069,-5330
258,BAX,2020-09-17,0 days 15:59:50.262045,273112,82.36,82.34,381,3425,-3174,826
259,BB,2020-09-17,0 days 15:57:18.960465,15602,4.73,4.72,93900,79782,870,-995
260,BB,2020-09-17,0 days 15:59:14.967143,17172,4.73,4.72,95771,88802,-1777,457
261,BB,2020-09-17,0 days 15:59:17.967138,18949,4.73,4.72,96671,93802,786,-1777
262,BBD,2020-09-17,0 days 15:59:47.244290,502230,3.92,3.91,920944,656529,66174,-12500
263,BBD,2020-09-17,0 days 15:59:48.244622,499004,3.92,3.91,913244,627929,-426,66174
264,BBL,2020-09-17,0 days 15:56:00.249729,18438,45.88,45.87,1611,7570,-244,598
265,BBL,2020-09-17,0 days 15:56:01.248536,17782,45.88,45.87,3326,5337,656,-244
266,BBL,2020-09-17,0 days 15:59:37.254693,19475,45.85,45.84,1100,8413,234,-266
267,BBL,2020-09-17,0 days 15:59:46.256867,19609,45.87,45.86,1019,9511,-725,134
268,BBL,2020-09-17,0 days 15:59:47.256110,19434,45.87,45.86,1000,9811,75,-725
269,BBVA,2020-09-17,0 days 15:56:02.958167,23630,2.83,2.82,120319,334611,-288,1506
270,BBVA,2020-09-17,0 days 15:57:57.963021,24318,2.83,2.82,344273,276050,112,-688
271,BBVA,2020-09-17,0 days 15:58:46.964125,24830,2.83,2.82,397573,330252,-4351,512
272,BBVA,2020-09-17,0 days 15:59:13.967122,29743,2.83,2.82,410920,326379,2532,-4913
273,BBVA,2020-09-17,0 days 15:59:35.968943,32275,2.83,2.82,413463,305705,-2068,2532
274,BBVA,2020-09-17,0 days 15:59:36.968215,32143,2.83,2.82,416363,297613,132,-2068
275,BDN,2020-09-17,0 days 15:58:04.246909,208754,11.03,11.02,12184,10563,-1567,1033
276,BDN,2020-09-17,0 days 15:58:05.246811,206221,11.03,11.02,12718,9563,2533,-1567
277,BDN,2020-09-17,0 days 15:58:16.247370,208754,11.03,11.02,3891,34297,-2540,1760
278,BDN,2020-09-17,0 days 15:58:17.248480,206294,11.03,11.02,3603,31040,2460,-2540
279,BDN,2020-09-17,0 days 15:59:15.253546,211168,11.05,11.04,12466,3253,-52825,860
280,BDX,2020-09-17,0 days 15:56:01.242165,160026,227.77,227.73,400,101,109,-142
281,BDX,2020-09-17,0 days 15:56:18.241839,160882,227.77,227.7,422,200,-208,92
282,BDX,2020-09-17,0 days 15:56:19.242298,160690,227.77,227.7,407,200,192,-208
283,BDX,2020-09-17,0 days 15:57:12.243349,165942,227.82,227.76,100,300,-48,642
284,BDX,2020-09-17,0 days 15:57:13.243070,165290,227.82,227.77,100,300,652,-48
285,BDX,2020-09-17,0 days 15:57:44.244577,172332,227.69,227.66,400,208,-307,93
286,BDX,2020-09-17,0 days 15:57:45.244670,170875,227.69,227.65,512,305,1457,-307
287,BDX,2020-09-17,0 days 15:57:49.244769,175032,227.81,227.75,311,537,-1743,1457
288,BDX,2020-09-17,0 days 15:58:28.246637,177325,227.67,227.61,202,200,-1232,1894
289,BDX,2020-09-17,0 days 15:58:29.247223,176357,227.65,227.61,100,200,968,-1232
290,BDX,2020-09-17,0 days 15:59:01.249665,181108,227.47,227.42,605,391,-39,3155
291,BDX,2020-09-17,0 days 15:59:02.249092,181147,227.47,227.42,605,391,107,-39
292,BDX,2020-09-17,0 days 15:59:06.250667,179863,227.54,227.44,200,214,-1284,116
293,BDX,2020-09-17,0 days 15:59:07.249886,178547,227.56,227.47,100,314,1816,-1284
294,BDX,2020-09-17,0 days 15:59:33.250143,184929,227.59,227.49,100,200,-262,419
295,BDX,2020-09-17,0 days 15:59:49.247181,180238,227.62,227.52,600,216,3383,-2743
296,BDX,2020-09-17,0 days 15:59:52.247578,180921,227.69,227.5,700,811,-1243,1883
297,BDX,2020-09-17,0 days 15:59:53.247044,181738,227.69,227.5,100,1311,3191,-1243
298,BDX,2020-09-17,0 days 15:59:55.247808,180921,227.68,227.52,400,1005,-1243,3191
299,BDX,2020-09-17,0 days 15:59:56.248437,181638,227.68,227.48,200,1185,3291,-1243
300,BDX,2020-09-17,0 days 16:00:00.248232,178112,227.87,227.81,691,2819,-4163,1883
301,BE,2020-09-17,0 days 15:55:00.874949,114456,14.55,14.54,2220,1058,-9697,12429
302,BE,2020-09-17,0 days 15:55:01.873935,113573,14.55,14.54,2320,1140,883,-9697
303,BE,2020-09-17,0 days 15:55:13.874773,113768,14.57,14.56,734,1245,688,-1612
304,BE,2020-09-17,0 days 15:57:12.879394,116210,14.55,14.54,2777,2335,-1224,76
305,BE,2020-09-17,0 days 15:57:13.876515,115734,14.55,14.54,3069,2135,476,-1224
306,BE,2020-09-17,0 days 15:58:07.880388,119170,14.54,14.53,5044,2150,-1524,2456
307,BE,2020-09-17,0 days 15:58:09.879832,117894,14.54,14.53,4752,2117,1376,-124
308,BE,2020-09-17,0 days 15:58:15.879907,119270,14.54,14.53,4744,2589,-1524,676
309,BE,2020-09-17,0 days 15:58:16.880012,118594,14.54,14.53,4644,2589,676,-1524
310,BE,2020-09-17,0 days 15:59:30.883059,122633,14.55,14.54,844,1986,-41,3763
311,BE,2020-09-17,0 days 15:59:34.882852,121170,14.55,14.54,962,2084,411,-1289
312,BEN,2020-09-17,0 days 15:56:30.274322,395934,20.98,20.97,4441,5860,3366,-2034
313,BEN,2020-09-17,0 days 15:56:31.274564,393700,20.98,20.97,4687,7169,-2234,3366
314,BEN,2020-09-17,0 days 15:58:00.278838,398031,21.0,20.99,5071,10859,4438,-2127
315,BEN,2020-09-17,0 days 15:58:01.278794,396469,21.0,20.99,4668,11890,-1562,4438
316,BEN,2020-09-17,0 days 15:58:16.279966,398049,21.0,20.99,3951,18808,2141,-1059
317,BEN,2020-09-17,0 days 15:58:17.280160,401490,21.0,20.99,6602,10313,-1959,2141
318,BEN,2020-09-17,0 days 15:59:16.283352,405577,21.01,21.0,8392,7812,3754,-393
319,BEN,2020-09-17,0 days 15:59:17.282328,405131,21.01,21.0,7469,6610,-446,3754
320,BEN,2020-09-17,0 days 15:59:40.283608,409177,21.02,21.01,5104,12357,338,-337
321,BEN,2020-09-17,0 days 15:59:41.284734,409515,21.03,21.02,9635,4251,-18,338
322,BHC,2020-09-17,0 days 15:55:00.876066,37498,17.38,17.37,8578,4802,-7157,5726
323,BHP,2020-09-17,0 days 15:55:00.271389,22874,55.46,55.45,1368,3512,-581,8974
324,BHP,2020-09-17,0 days 15:55:01.270921,22655,55.46,55.45,1468,4112,219,-581
325,BHP,2020-09-17,0 days 15:55:08.271338,22474,55.48,55.47,2403,1690,-181,219
326,BHP,2020-09-17,0 days 15:55:09.271570,22255,55.48,55.47,2703,1290,219,-181
327,BHP,2020-09-17,0 days 15:55:59.273580,22474,55.49,55.48,2312,1837,-319,143
328,BHP,2020-09-17,0 days 15:56:00.273572,22293,55.5,55.49,3451,2131,181,-319
329,BHP,2020-09-17,0 days 15:56:07.273034,23164,55.5,55.49,4351,1522,-184,154
330,BHP,2020-09-17,0 days 15:56:27.274937,22948,55.47,55.46,1717,2274,1516,-1484
331,BHP,2020-09-17,0 days 15:56:42.274583,23564,55.46,55.45,4128,1637,-984,616
332,BHP,2020-09-17,0 days 15:56:48.275044,23210,55.46,55.45,5328,882,354,-984
333,BHP,2020-09-17,0 days 15:57:05.276018,23564,55.45,55.44,4531,1657,-984,354
334,BHP,2020-09-17,0 days 15:57:23.276525,24548,55.46,55.45,2919,2753,16,-484
335,BHP,2020-09-17,0 days 15:57:27.276927,24264,55.46,55.45,1800,3510,-284,16
336,BHP,2020-09-17,0 days 15:57:45.278313,22948,55.45,55.44,4568,1068,1516,-184
337,BHP,2020-09-17,0 days 15:58:15.279375,24664,55.47,55.46,1600,4116,-820,1378
338,BHP,2020-09-17,0 days 15:58:16.279966,24284,55.47,55.46,4300,1506,380,-820
339,BHP,2020-09-17,0 days 15:58:47.280308,24864,55.45,55.44,2060,2475,-19,380
340,BHP,2020-09-17,0 days 15:59:36.284076,26329,55.47,55.46,2050,3108,-118,82
341,BJ,2020-09-17,0 days 15:57:39.260761,196922,38.98,38.96,2388,200,1076,-224
342,BJ,2020-09-17,0 days 15:57:40.260519,192798,38.98,38.96,2388,400,-4124,1076
343,BJ,2020-09-17,0 days 15:58:15.262406,196889,38.98,38.97,4301,309,1047,-3653
344,BJ,2020-09-17,0 days 15:58:16.262216,193236,38.98,38.97,2043,1009,-3653,1047
345,BJ,2020-09-17,0 days 15:58:53.265230,198370,38.99,38.98,958,1209,31,-5020
346,BJ,2020-09-17,0 days 15:58:56.265202,192601,38.98,38.97,759,3263,-5769,5231
347,BJ,2020-09-17,0 days 15:59:08.264666,200861,38.99,38.97,439,3157,2762,-4703
348,BJ,2020-09-17,0 days 15:59:09.264639,198523,39.0,38.98,300,1484,-2338,2762
349,BJ,2020-09-17,0 days 15:59:46.251971,206533,39.01,39.0,486,6529,1126,-75
350,BJ,2020-09-17,0 days 15:59:48.252350,206059,39.01,39.0,312,6515,-474,1126
351,BJ,2020-09-17,0 days 15:59:49.252743,206533,39.01,39.0,1305,2027,1542,-474
352,BJ,2020-09-17,0 days 15:59:50.256817,193282,39.01,39.0,503,5698,-13251,1542
353,BK,2020-09-17,0 days 15:55:00.874874,318387,35.49,35.48,3511,2585,-10682,34605
354,BK,2020-09-17,0 days 15:55:01.873905,317950,35.49,35.48,4838,2385,437,-10682
355,BK,2020-09-17,0 days 15:56:52.878558,321272,35.52,35.51,4085,4708,-3771,429
356,BK,2020-09-17,0 days 15:56:53.879149,320843,35.52,35.51,4424,4008,429,-3771
357,BK,2020-09-17,0 days 15:56:54.878622,321272,35.52,35.51,3824,4608,-16071,429
358,BK,2020-09-17,0 days 15:56:55.878597,337343,35.52,35.51,6158,2950,9529,-16071
359,BK,2020-09-17,0 days 15:56:56.878947,335772,35.52,35.51,5354,3799,-1571,9529
360,BK,2020-09-17,0 days 15:58:16.879963,362723,35.54,35.53,3626,6298,101,-3037
361,BK,2020-09-17,0 days 15:58:20.880917,358624,35.54,35.53,6455,7133,-3619,101
362,BK,2020-09-17,0 days 15:59:07.883024,376829,35.55,35.54,4646,2775,14168,-2210
363,BK,2020-09-17,0 days 15:59:08.882411,376197,35.55,35.54,3134,5468,-152,14168
364,BK,2020-09-17,0 days 15:59:13.883342,377629,35.55,35.54,1076,9520,2913,-856
365,BK,2020-09-17,0 days 15:59:40.883676,384499,35.56,35.55,3658,8955,-15143,9549
366,BK,2020-09-17,0 days 15:59:46.883520,386699,35.56,35.55,3510,9332,-13724,2968
367,BK,2020-09-17,0 days 15:59:49.882674,383731,35.54,35.53,6607,1802,15668,-1024
368,BKR,2020-09-17,0 days 15:59:16.238740,1452923,15.15,15.14,1122,24769,293229,-92366
369,BKR,2020-09-17,0 days 15:59:45.241765,1576982,15.2,15.19,22708,7430,-8482,56742
370,BKR,2020-09-17,0 days 15:59:48.240188,1582969,15.2,15.19,24809,9221,-2495,7005
371,BKR,2020-09-17,0 days 15:59:49.241274,1585464,15.2,15.19,22879,7199,5601,-2495
372,BKR,2020-09-17,0 days 15:59:50.244630,1576992,15.2,15.19,22918,6134,-8472,5601
373,BMY,2020-09-17,0 days 15:59:02.282089,1200504,59.32,59.31,910,2601,-604,41
374,BMY,2020-09-17,0 days 15:59:13.283191,1184231,59.35,59.34,3232,5005,8149,-8831
375,BMY,2020-09-17,0 days 15:59:36.284037,1192858,59.38,59.37,700,4530,4176,-23824
376,BMY,2020-09-17,0 days 15:59:45.285749,1196703,59.4,59.39,6335,9954,-4774,570
377,BMY,2020-09-17,0 days 15:59:46.284527,1201280,59.4,59.39,6588,9657,3671,-4774
378,BOX,2020-09-17,0 days 15:57:03.265204,81336,17.82,17.81,5729,2392,-8856,1543
379,BOX,2020-09-17,0 days 15:57:04.265327,80992,17.81,17.8,3316,1350,344,-8856
380,BOX,2020-09-17,0 days 15:58:14.262482,82696,17.81,17.8,8846,3326,-7046,4
381,BOX,2020-09-17,0 days 15:59:17.250786,87806,17.8,17.79,3031,4983,-1331,9
382,BP,2020-09-17,0 days 15:55:00.223860,136591,19.56,19.55,63261,36800,-8806,67081
383,BP,2020-09-17,0 days 15:55:33.225896,145397,19.55,19.54,78856,29127,15934,-8766
384,BP,2020-09-17,0 days 15:56:07.227019,161797,19.57,19.56,31301,76420,-3025,14281
385,BP,2020-09-17,0 days 15:56:09.227543,157196,19.57,19.56,58731,29589,4601,-3025
386,BP,2020-09-17,0 days 15:56:24.227198,161909,19.57,19.56,57564,30200,-2850,4713
387,BP,2020-09-17,0 days 15:57:15.226029,157296,19.56,19.55,66834,35641,4613,-2950
388,BP,2020-09-17,0 days 15:59:16.231551,169250,19.56,19.55,26134,84815,-1945,1258
389,BRK.B,2020-09-17,0 days 15:59:53.969176,942130,218.0,217.89,434,343,-817,8330
390,BRX,2020-09-17,0 days 15:57:44.277397,331336,13.18,13.17,22501,10914,-7538,11362
391,BRX,2020-09-17,0 days 15:57:46.277838,338874,13.18,13.17,27847,3085,1062,-7538
392,BRX,2020-09-17,0 days 15:57:47.279487,332136,13.18,13.17,27459,1687,-7538,1062
393,BRX,2020-09-17,0 days 15:57:59.278395,339674,13.18,13.17,22987,13149,3746,-5454
394,BRX,2020-09-17,0 days 15:58:00.278906,335820,13.18,13.17,23886,14013,-3854,3746
395,BRX,2020-09-17,0 days 15:59:16.283506,388111,13.17,13.16,7582,20967,1143,-2147
396,BRX,2020-09-17,0 days 15:59:20.282553,381054,13.17,13.16,8751,18909,-7057,2843
397,BSX,2020-09-17,0 days 15:59:38.966154,582376,39.68,39.67,12771,1316,6850,-12650
398,BSX,2020-09-17,0 days 15:59:48.968750,575685,39.69,39.68,4555,11055,13541,-6484
399,BSX,2020-09-17,0 days 15:59:49.971095,588979,39.7,39.69,2033,12363,-4909,13541
400,BSX,2020-09-17,0 days 15:59:50.969239,527169,39.7,39.69,930,11539,61810,-4909
401,BTU,2020-09-17,0 days 15:55:42.224612,273340,3.77,3.76,17834,6910,-14575,18025
402,BTU,2020-09-17,0 days 15:59:09.230716,295857,3.77,3.76,26414,12483,10045,-18134
403,BTU,2020-09-17,0 days 15:59:10.231814,286602,3.77,3.76,25714,11683,-9255,10045
404,BTU,2020-09-17,0 days 15:59:24.229630,294057,3.73,3.72,22271,14300,3339,-1561
405,BTU,2020-09-17,0 days 15:59:28.229563,291184,3.73,3.72,15418,13307,-2573,59127
406,BTU,2020-09-17,0 days 15:59:45.233790,296057,3.74,3.73,20986,8196,-7800,10400
407,BVN,2020-09-17,0 days 15:59:16.255373,98694,12.14,12.13,3200,850,-4960,13470
408,BWA,2020-09-17,0 days 15:55:00.874714,1269608,39.48,39.47,511,1249,-37564,46266
409,BWA,2020-09-17,0 days 15:57:48.878426,1341343,39.54,39.53,3261,388,-6775,425
410,BWA,2020-09-17,0 days 15:57:50.878213,1335318,39.54,39.53,2541,1766,4925,-3775
411,BWA,2020-09-17,0 days 15:57:55.878263,1341643,39.55,39.54,900,3178,-275,4725
412,BWA,2020-09-17,0 days 15:57:56.878613,1334718,39.55,39.54,1084,2570,5325,-275
413,BWA,2020-09-17,0 days 15:57:59.878709,1341643,39.56,39.55,4473,543,-11375,5325
414,BWA,2020-09-17,0 days 15:58:00.879284,1334718,39.56,39.55,2500,1414,2386,-11375
415,BWA,2020-09-17,0 days 15:58:05.879533,1338704,39.56,39.55,356,7519,-3514,2386
416,BWA,2020-09-17,0 days 15:58:06.879573,1332275,39.56,39.55,499,6833,4829,-3514
417,BWA,2020-09-17,0 days 15:58:23.879822,1338704,39.55,39.54,3202,1055,-3571,6629
418,BWA,2020-09-17,0 days 15:58:24.880083,1332075,39.55,39.54,4882,955,5029,-3571
419,BWA,2020-09-17,0 days 15:58:49.881179,1317126,39.58,39.57,945,5550,2386,-10714
420,BWA,2020-09-17,0 days 15:59:09.883171,1318318,39.58,39.57,3017,1982,1598,-22762
421,BWA,2020-09-17,0 days 15:59:31.881598,1338503,39.57,39.56,4500,321,-2444,2685
422,BX,2020-09-17,0 days 15:55:00.959528,211125,52.24,52.23,1451,1993,7776,-23086
423,BX,2020-09-17,0 days 15:55:26.957215,219741,52.26,52.25,131,859,-584,1616
424,BX,2020-09-17,0 days 15:55:28.956534,219325,52.26,52.25,289,1000,416,-2684
425,BX,2020-09-17,0 days 15:56:15.958806,225899,52.27,52.26,550,946,-1126,974
426,BX,2020-09-17,0 days 15:56:16.960102,225125,52.27,52.26,750,391,774,-1126
427,BX,2020-09-17,0 days 15:56:26.958559,225099,52.26,52.25,3082,2263,-26,774
428,BX,2020-09-17,0 days 15:56:27.958448,224325,52.26,52.25,3195,2163,774,-26
429,BX,2020-09-17,0 days 15:56:52.958882,225899,52.26,52.25,2763,1704,-1426,774
430,BX,2020-09-17,0 days 15:56:53.958899,225125,52.26,52.25,2363,3404,774,-1426
431,BX,2020-09-17,0 days 15:57:18.960634,227899,52.25,52.24,1094,3819,-3224,564
432,BX,2020-09-17,0 days 15:57:19.960569,227223,52.25,52.24,1294,4119,676,-3224
433,BX,2020-09-17,0 days 15:57:45.963659,229217,52.23,52.22,1663,200,-1906,94
434,BX,2020-09-17,0 days 15:57:46.963053,229123,52.22,52.21,700,1262,794,-1906
435,BX,2020-09-17,0 days 15:57:50.962947,230217,52.22,52.21,1500,1418,-306,1094
436,BX,2020-09-17,0 days 15:57:52.962868,229423,52.23,52.22,663,820,794,-106
437,BX,2020-09-17,0 days 15:58:32.964423,227974,52.25,52.24,1418,2657,-1444,156
438,BX,2020-09-17,0 days 15:58:33.964262,227318,52.25,52.24,1618,2814,656,-1444
439,BX,2020-09-17,0 days 15:59:18.967126,231892,52.22,52.21,543,685,-466,335
440,BX,2020-09-17,0 days 15:59:45.968461,251554,52.18,52.17,3719,500,780,-1020
441,BX,2020-09-17,0 days 15:59:46.969873,250834,52.18,52.17,171,1400,-720,780
442,C,2020-09-17,0 days 15:59:23.250888,2150002,45.57,45.56,12032,5770,-90652,278642
443,C,2020-09-17,0 days 15:59:38.250988,2403238,45.5,45.49,16563,1037,5716,-9972
444,C,2020-09-17,0 days 15:59:39.251141,2387854,45.51,45.5,600,14600,-15384,5716
445,CAG,2020-09-17,0 days 15:55:00.874811,404500,34.76,34.75,2265,2053,9865,-40452
446,CAG,2020-09-17,0 days 15:55:01.873819,401665,34.76,34.75,3117,3927,-2835,9865
447,CAG,2020-09-17,0 days 15:57:46.878844,447922,34.75,34.74,2886,2319,104160,-4492
448,CAG,2020-09-17,0 days 15:59:12.883090,497325,34.8,34.79,1822,2933,931,-7969
449,CAG,2020-09-17,0 days 15:59:27.882598,499379,34.79,34.78,5494,1896,-1945,2054
450,CAG,2020-09-17,0 days 15:59:28.881623,498624,34.79,34.78,4620,3251,755,-1945
451,CAG,2020-09-17,0 days 15:59:32.882845,499379,34.8,34.79,6599,284,-2598,755
452,CAH,2020-09-17,0 days 15:59:32.243256,473876,47.22,47.21,300,990,3300,-23300
453,CAH,2020-09-17,0 days 15:59:39.243471,476906,47.24,47.23,1000,2197,-22770,2039
454,CAH,2020-09-17,0 days 15:59:40.243824,474794,47.23,47.22,900,1441,912,-22770
455,CAH,2020-09-17,0 days 15:59:43.243886,475215,47.25,47.24,600,886,-1782,512
456,CARR,2020-09-17,0 days 15:55:47.958034,477492,30.65,30.64,2209,2828,-24062,61138
457,CARR,2020-09-17,0 days 15:55:48.957474,472754,30.65,30.64,2809,2728,4738,-24062
458,CARR,2020-09-17,0 days 15:59:30.969378,609838,30.66,30.65,3295,2066,-3561,1859
459,CARR,2020-09-17,0 days 15:59:31.970026,607982,30.65,30.64,1810,800,1856,-3561
460,CARR,2020-09-17,0 days 15:59:39.968099,617139,30.67,30.66,3800,3359,-41443,577
461,CARR,2020-09-17,0 days 15:59:45.968390,609838,30.67,30.66,5114,2887,-853,2421
462,CARS,2020-09-17,0 days 15:59:01.232392,91150,8.73,8.72,21381,7205,67,-2681
463,CARS,2020-09-17,0 days 15:59:46.232953,101635,8.75,8.74,9251,3979,285,-9734
464,CAT,2020-09-17,0 days 15:55:00.959125,234702,154.11,154.04,1080,980,-28414,12935
465,CAT,2020-09-17,0 days 15:55:36.956700,238780,154.11,154.08,200,215,2614,-3822
466,CAT,2020-09-17,0 days 15:55:37.957564,238394,154.09,154.05,300,300,-322,2614
467,CAT,2020-09-17,0 days 15:55:55.958136,249674,154.15,154.12,300,100,2739,-156
468,CAT,2020-09-17,0 days 15:56:23.958493,256021,154.17,154.13,300,342,-1527,273
469,CAT,2020-09-17,0 days 15:56:24.958438,254184,154.15,154.09,400,400,1837,-1527
470,CAT,2020-09-17,0 days 15:57:36.962205,256724,154.01,153.99,258,200,-2124,376
471,CAT,2020-09-17,0 days 15:57:37.961439,255784,154.0,153.95,415,100,940,-2124
472,CAT,2020-09-17,0 days 15:57:42.961677,256851,153.99,153.96,215,301,-33,267
473,CAT,2020-09-17,0 days 15:57:43.962642,256184,153.97,153.95,436,391,2267,-33
474,CAT,2020-09-17,0 days 15:57:51.962905,261367,154.03,154.0,216,100,-717,183
475,CAT,2020-09-17,0 days 15:57:55.963040,264812,154.05,154.01,287,1000,15,-881
476,CAT,2020-09-17,0 days 15:57:56.963131,264027,154.07,154.03,200,700,-721,15
477,CAT,2020-09-17,0 days 15:57:57.963076,264812,154.07,154.03,200,700,215,-721
478,CAT,2020-09-17,0 days 15:57:58.963547,264027,154.07,154.03,200,700,-721,215
479,CAT,2020-09-17,0 days 15:58:00.963815,262248,154.05,154.01,100,302,1588,-721
480,CAT,2020-09-17,0 days 15:58:01.964012,261636,154.06,154.01,300,200,-3276,1588
481,CAT,2020-09-17,0 days 15:58:22.963751,257736,153.95,153.93,117,200,-264,3572
482,CAT,2020-09-17,0 days 15:58:52.964956,258201,154.01,153.96,718,669,3351,-849
483,CAT,2020-09-17,0 days 15:58:53.964563,257952,154.01,153.96,1218,668,-4449,3351
484,CAT,2020-09-17,0 days 15:59:03.966024,259036,153.98,153.95,168,400,-393,3271
485,CAT,2020-09-17,0 days 15:59:22.970203,292840,153.89,153.85,400,300,463,-180
486,CAT,2020-09-17,0 days 15:59:23.968102,293403,153.89,153.85,600,100,-4414,463
487,CAT,2020-09-17,0 days 15:59:46.969844,299214,153.9,153.85,900,1300,1645,-389
488,CAT,2020-09-17,0 days 15:59:47.969288,297659,153.95,153.89,1050,200,-1988,1645
489,CB,2020-09-17,0 days 15:55:29.272426,189655,116.87,116.84,100,604,-559,2241
490,CB,2020-09-17,0 days 15:55:30.272956,188314,116.89,116.84,300,494,1255,-559
491,CB,2020-09-17,0 days 15:55:57.273052,188769,116.93,116.89,200,395,-163,37
492,CB,2020-09-17,0 days 15:55:58.273695,187532,116.94,116.9,100,200,1237,-163
493,CB,2020-09-17,0 days 15:56:55.275280,191228,116.8,116.74,609,591,-589,1811
494,CB,2020-09-17,0 days 15:56:56.275469,189917,116.8,116.74,809,491,1311,-589
495,CB,2020-09-17,0 days 15:59:44.284895,208164,117.0,116.94,100,600,395,-2205
496,CB,2020-09-17,0 days 15:59:46.284440,208559,117.0,116.94,110,1003,-568,22
497,CB,2020-09-17,0 days 15:59:49.284888,208527,117.0,116.94,300,503,32,-68
498,CB,2020-09-17,0 days 15:59:51.287118,200859,117.06,116.95,500,419,-5068,2832
499,CCL,2020-09-17,0 days 15:59:32.255282,1189295,16.23,16.22,27370,19295,35958,-66642
500,CCL,2020-09-17,0 days 15:59:41.258035,1240345,16.24,16.23,27006,25102,5954,-17346
501,CCL,2020-09-17,0 days 15:59:49.257491,1248154,16.25,16.24,58126,2796,-10628,5754
502,CCL,2020-09-17,0 days 15:59:50.262294,1221073,16.25,16.24,36046,5149,27081,-10628
503,CDE,2020-09-17,0 days 15:55:00.238683,211133,8.25,8.24,16106,16879,11400,-26329
504,CDE,2020-09-17,0 days 15:58:32.247470,226290,8.26,8.25,33351,23380,243,-3657
505,CDE,2020-09-17,0 days 15:58:54.247905,226860,8.26,8.25,33109,24002,-626,169
506,CDE,2020-09-17,0 days 15:59:30.252219,229946,8.25,8.24,31268,28207,392,-5364
507,CFG,2020-09-17,0 days 15:59:15.260668,733842,27.5,27.49,7796,3166,84484,-68351
508,CFG,2020-09-17,0 days 15:59:16.255412,724165,27.51,27.5,8580,3980,-13446,84484
509,CFG,2020-09-17,0 days 15:59:47.256379,761602,27.5,27.49,2915,29008,-3365,20861
510,CHWY,2020-09-17,0 days 15:57:43.260891,457579,54.33,54.31,492,619,313,-4987
511,CHWY,2020-09-17,0 days 15:57:44.260662,451892,54.33,54.31,345,619,-5187,313
512,CHWY,2020-09-17,0 days 15:59:30.254544,461274,54.39,54.37,400,313,-2399,3401
513,CHWY,2020-09-17,0 days 15:59:46.252098,462973,54.33,54.32,1680,400,1072,-666
514,CHWY,2020-09-17,0 days 15:59:48.252402,460945,54.33,54.32,1347,300,-1528,1072
515,CI,2020-09-17,0 days 15:55:12.955838,268257,169.39,169.3,658,350,-3733,667
516,CI,2020-09-17,0 days 15:56:13.957852,273653,169.12,169.08,100,729,1075,-2725
517,CI,2020-09-17,0 days 15:56:14.957738,270028,169.13,169.08,1276,620,-3625,1075
518,CI,2020-09-17,0 days 15:56:47.959005,223594,169.01,168.98,200,300,47059,-2941
519,CI,2020-09-17,0 days 15:56:48.959204,235853,169.02,168.99,500,310,-48841,47059
520,CI,2020-09-17,0 days 15:57:28.961433,223594,169.01,168.99,224,294,46538,-3462
521,CI,2020-09-17,0 days 15:57:46.963053,242132,169.02,169.01,500,100,-50062,1938
522,CI,2020-09-17,0 days 15:57:47.963030,273594,169.02,168.99,969,100,538,-50062
523,CI,2020-09-17,0 days 15:57:48.963031,263232,169.02,168.99,719,300,-10362,538
524,CI,2020-09-17,0 days 15:58:06.965634,274801,169.02,169.0,907,100,3599,-2020
525,CI,2020-09-17,0 days 15:58:18.963277,221801,169.01,168.98,396,512,48899,-2101
526,CI,2020-09-17,0 days 15:58:31.963927,222601,169.01,168.98,230,600,48799,-45901
527,CI,2020-09-17,0 days 15:58:34.963896,249300,169.01,168.98,898,1072,-48401,2599
528,CI,2020-09-17,0 days 15:58:57.964963,249300,169.05,168.98,450,350,-48477,2523
529,CI,2020-09-17,0 days 15:59:00.966205,223477,169.03,168.97,740,300,49042,-2271
530,CI,2020-09-17,0 days 15:59:05.966461,246176,169.03,168.99,223,600,-47520,497
531,CI,2020-09-17,0 days 15:59:16.967611,226409,169.0,168.96,150,200,47804,-3196
532,CI,2020-09-17,0 days 15:59:17.967404,247313,169.02,168.97,165,450,-345,47804
533,CI,2020-09-17,0 days 15:59:18.967126,245968,169.02,168.97,134,848,1345,-345
534,CI,2020-09-17,0 days 15:59:22.970227,247913,169.02,169.0,156,100,-48055,2945
535,CI,2020-09-17,0 days 15:59:23.968102,228868,169.01,168.94,384,300,48745,-48055
536,CI,2020-09-17,0 days 15:59:29.968553,248215,169.03,168.99,671,531,-49253,1747
537,CI,2020-09-17,0 days 15:59:32.972116,228968,169.03,168.99,489,436,49160,-1840
538,CI,2020-09-17,0 days 15:59:40.969130,253680,169.03,169.02,500,1098,-55588,1668
539,CI,2020-09-17,0 days 15:59:49.973197,233168,169.0,168.98,530,500,33499,-17701
540,CIEN,2020-09-17,0 days 15:57:46.236516,115613,41.08,41.07,860,1277,197,-203
541,CIEN,2020-09-17,0 days 15:57:47.235753,114110,41.08,41.07,960,1277,-1503,197
542,CIEN,2020-09-17,0 days 15:59:03.239196,115953,41.07,41.06,667,730,-1201,1699
543,CIEN,2020-09-17,0 days 15:59:09.239235,117005,41.09,41.08,1048,1467,2349,-342
544,CIEN,2020-09-17,0 days 15:59:14.240036,120105,41.11,41.1,248,1650,-48,247
545,CIEN,2020-09-17,0 days 15:59:27.238760,119605,41.12,41.1,600,1492,-649,825
546,CIEN,2020-09-17,0 days 15:59:34.239435,120354,41.11,41.1,391,988,442,-249
547,CL,2020-09-17,0 days 15:55:00.237963,445977,76.69,76.67,502,1122,-8625,43433
548,CL,2020-09-17,0 days 15:57:37.244109,457669,76.58,76.57,600,200,974,-3226
549,CL,2020-09-17,0 days 15:57:49.244653,438735,76.58,76.57,1100,300,1108,-392
550,CL,2020-09-17,0 days 15:57:52.246797,448343,76.6,76.58,993,820,-9922,4208
551,CL,2020-09-17,0 days 15:58:11.247344,463172,76.64,76.63,525,100,1161,-1939
552,CL,2020-09-17,0 days 15:58:12.247159,460333,76.64,76.63,800,898,-2839,1161
553,CL,2020-09-17,0 days 15:58:20.246891,460300,76.63,76.62,137,816,-2872,1228
554,CL,2020-09-17,0 days 15:59:06.250445,464237,76.63,76.61,1348,1558,16807,-1703
555,CL,2020-09-17,0 days 15:59:07.249674,463167,76.65,76.64,1200,646,-4270,16807
556,CL,2020-09-17,0 days 15:59:21.249971,467656,76.65,76.63,1855,1317,6856,-744
557,CLDR,2020-09-17,0 days 15:59:15.253427,220671,10.76,10.75,17263,6327,22063,-22236
558,CLF,2020-09-17,0 days 15:56:02.226977,612230,6.7,6.69,83876,77214,20107,-2727
559,CLF,2020-09-17,0 days 15:59:15.235989,640155,6.69,6.68,59132,90814,-133385,8646
560,CLNY,2020-09-17,0 days 15:58:36.237026,347273,2.72,2.71,49596,40989,4121,-5379
561,CLNY,2020-09-17,0 days 15:58:37.236948,335994,2.72,2.71,49796,40889,-11279,4121
562,CLNY,2020-09-17,0 days 15:59:03.239003,350741,2.72,2.71,57511,39515,27065,-12872
563,CLNY,2020-09-17,0 days 15:59:04.238920,344806,2.72,2.71,59921,39415,-6235,27065
564,CLNY,2020-09-17,0 days 15:59:07.239217,351041,2.72,2.71,56011,52457,6400,-6235
565,CLNY,2020-09-17,0 days 15:59:08.239181,345941,2.72,2.71,56211,47457,-5100,6400
566,CLNY,2020-09-17,0 days 15:59:36.239659,351484,2.72,2.71,66845,46154,860,-3251
567,CLNY,2020-09-17,0 days 15:59:46.240306,348344,2.72,2.71,54606,51152,-3140,3860
568,CLR,2020-09-17,0 days 15:59:47.239709,448934,14.61,14.6,469,7658,-5273,7720
569,CNC,2020-09-17,0 days 15:55:01.244161,738375,60.5,60.48,649,200,1277,-6923
570,CNC,2020-09-17,0 days 15:56:05.247099,741019,60.53,60.51,921,449,-2648,1152
571,CNC,2020-09-17,0 days 15:56:06.247102,740367,60.53,60.51,1429,1150,652,-2648
572,CNC,2020-09-17,0 days 15:57:35.251213,745972,60.41,60.4,1763,200,-8674,2726
573,CNK,2020-09-17,0 days 15:55:00.876028,134771,11.95,11.94,3134,12571,56388,-69361
574,CNK,2020-09-17,0 days 15:55:01.874272,131359,11.96,11.95,2403,4701,-3412,56388
575,CNK,2020-09-17,0 days 15:57:02.878976,157666,11.95,11.94,4474,4319,10632,-2347
576,CNK,2020-09-17,0 days 15:57:03.879186,154298,11.95,11.94,3774,4300,-3368,10632
577,CNK,2020-09-17,0 days 15:59:12.883281,173464,11.99,11.98,7757,4918,2177,-11002
578,CNK,2020-09-17,0 days 15:59:13.883494,169041,11.99,11.98,7576,2532,-4423,2177
579,CNK,2020-09-17,0 days 15:59:35.882533,171543,11.97,11.96,1536,19032,-1221,579
580,CNP,2020-09-17,0 days 15:55:53.236265,680868,19.31,19.3,6000,21634,29396,-6206
581,CNP,2020-09-17,0 days 15:56:43.236900,676949,19.29,19.28,12319,7278,-1633,3567
582,CNP,2020-09-17,0 days 15:57:50.238302,699087,19.28,19.27,11544,12779,1720,-3180
583,CNP,2020-09-17,0 days 15:57:51.238956,695807,19.28,19.27,8852,15422,-1980,1720
584,CNP,2020-09-17,0 days 15:57:56.238888,699087,19.29,19.28,12750,14674,920,-4780
585,CNP,2020-09-17,0 days 15:57:57.238718,695807,19.29,19.28,10550,16491,-1980,920
586,CNP,2020-09-17,0 days 15:58:07.239808,701963,19.29,19.28,6955,19171,2331,-7469
587,CNP,2020-09-17,0 days 15:58:08.240026,692094,19.29,19.28,4445,20520,-9869,2331
588,CNP,2020-09-17,0 days 15:58:19.239934,701963,19.29,19.28,14889,2962,631,-3669
589,CNP,2020-09-17,0 days 15:58:20.240001,698294,19.29,19.28,12779,4782,-3669,631
590,CNP,2020-09-17,0 days 15:58:23.240099,701963,19.29,19.28,12810,5078,531,-3669
591,CNP,2020-09-17,0 days 15:58:24.240242,698294,19.29,19.28,12710,5078,-3669,531
592,CNP,2020-09-17,0 days 15:59:26.241797,716141,19.27,19.26,13695,24802,-1972,828
593,CNP,2020-09-17,0 days 15:59:34.243261,724408,19.28,19.27,16019,20428,5648,-2467
594,CNP,2020-09-17,0 days 15:59:35.243083,722556,19.28,19.27,7396,21902,-1852,5648
595,CNP,2020-09-17,0 days 15:59:48.243936,724206,19.29,19.28,23550,15401,-1989,9356
596,CNQ,2020-09-17,0 days 15:59:18.283081,83655,17.93,17.92,10059,11986,1406,-2377
597,CNQ,2020-09-17,0 days 15:59:19.282460,81561,17.93,17.92,9859,12886,-2094,1406
598,CNQ,2020-09-17,0 days 15:59:40.283666,85455,17.94,17.93,11914,19632,356,-8894
599,CNQ,2020-09-17,0 days 15:59:47.283505,84447,17.94,17.93,14931,9020,-1008,8492
600,CNX,2020-09-17,0 days 15:55:03.224435,224937,11.12,11.11,5840,3661,23477,-5687
601,CNX,2020-09-17,0 days 15:55:14.224973,251314,11.12,11.11,8807,3703,-13833,2277
602,CNX,2020-09-17,0 days 15:56:06.227349,221380,11.13,11.12,5026,7220,-32119,697
603,CNX,2020-09-17,0 days 15:58:06.228910,259234,11.08,11.07,7640,10404,-2813,887
604,CNX,2020-09-17,0 days 15:58:07.228983,258347,11.08,11.07,7545,11672,887,-2813
605,CNX,2020-09-17,0 days 15:59:40.232451,293657,11.09,11.08,8257,9223,11672,-1328
606,CNX,2020-09-17,0 days 15:59:41.234167,291829,11.09,11.08,6657,10113,-1828,11672
607,COF,2020-09-17,0 days 15:57:09.228948,261990,75.99,75.98,100,804,171,-129
608,COF,2020-09-17,0 days 15:57:10.228934,261067,76.01,75.98,700,2406,-923,171
609,COF,2020-09-17,0 days 15:57:23.228377,261990,76.03,76.02,1654,1462,171,-923
610,COF,2020-09-17,0 days 15:57:34.227056,262261,76.02,76.01,800,911,-2329,171
611,COF,2020-09-17,0 days 15:59:07.232193,293937,76.09,76.06,454,700,22816,-3917
612,COF,2020-09-17,0 days 15:59:08.232324,289277,76.1,76.08,456,1626,-2960,22816
613,COF,2020-09-17,0 days 15:59:32.231955,293156,76.01,76.0,900,200,4435,-6643
614,COF,2020-09-17,0 days 15:59:33.231314,290091,76.01,76.0,130,688,-3065,4435
615,COF,2020-09-17,0 days 15:59:49.233086,297999,76.02,76.01,2760,1105,-1461,539
616,COG,2020-09-17,0 days 15:56:30.234170,418293,19.37,19.36,6855,5244,4812,-1488
617,COG,2020-09-17,0 days 15:56:31.234028,416905,19.37,19.36,6755,5056,-1388,4812
618,COG,2020-09-17,0 days 15:57:03.235512,425993,19.35,19.34,9017,5382,252,-2248
619,COG,2020-09-17,0 days 15:57:04.235333,423945,19.35,19.34,8333,5302,-2048,252
620,COG,2020-09-17,0 days 15:57:34.235029,421838,19.35,19.34,9850,3838,9355,-1445
621,COG,2020-09-17,0 days 15:57:40.234925,426010,19.34,19.33,11074,4779,1283,-617
622,COG,2020-09-17,0 days 15:59:13.240171,494467,19.38,19.37,11734,4297,3405,-3895
623,COG,2020-09-17,0 days 15:59:25.238915,601650,19.38,19.37,8076,8080,-11531,2102
624,COG,2020-09-17,0 days 15:59:26.238344,592381,19.38,19.37,12976,2821,13499,-11531
625,COP,2020-09-17,0 days 15:55:00.875882,709648,36.0,35.99,4304,3623,42734,-189454
626,COP,2020-09-17,0 days 15:55:01.874172,695712,36.0,35.99,4994,6830,-13936,42734
627,COP,2020-09-17,0 days 15:55:09.874937,709648,35.98,35.97,2781,6761,16375,-13936
628,COP,2020-09-17,0 days 15:55:10.874433,698523,35.98,35.97,4594,6043,-11125,16375
629,COP,2020-09-17,0 days 15:59:02.882421,935531,36.01,36.0,4000,2600,20177,-31771
630,COP,2020-09-17,0 days 15:59:03.882162,922215,36.01,36.0,1935,4470,-14016,20177
631,COP,2020-09-17,0 days 15:59:16.883469,978536,36.04,36.03,1476,2446,192211,-2698
632,COTY,2020-09-17,0 days 15:59:04.967417,544057,3.22,3.21,167634,361990,-47782,13994
633,CPB,2020-09-17,0 days 15:55:53.246428,284766,45.57,45.56,2310,5351,-14402,198
634,CPB,2020-09-17,0 days 15:57:02.249368,300924,45.55,45.54,2655,2140,45,-175
635,CPB,2020-09-17,0 days 15:57:21.249730,299769,45.56,45.55,700,6137,-1155,545
636,CPB,2020-09-17,0 days 15:57:42.251235,313564,45.53,45.52,1193,300,105,-2195
637,CPB,2020-09-17,0 days 15:57:49.250648,311769,45.53,45.52,1832,1571,-1795,2005
638,CPB,2020-09-17,0 days 15:57:50.250829,313564,45.53,45.52,1632,1671,1305,-1795
639,CPB,2020-09-17,0 days 15:57:51.250857,311769,45.53,45.52,2359,3161,-1795,1305
640,CPB,2020-09-17,0 days 15:58:33.253197,318552,45.55,45.54,788,950,237,-1863
641,CPB,2020-09-17,0 days 15:58:34.253073,316589,45.55,45.54,788,2307,-1963,237
642,CPB,2020-09-17,0 days 15:59:00.257566,318564,45.55,45.54,2997,1458,908,-1200
643,CPB,2020-09-17,0 days 15:59:02.255802,319277,45.55,45.54,2773,1295,-1503,4497
644,CPB,2020-09-17,0 days 15:59:06.255753,321750,45.56,45.55,926,1957,12470,-1420
645,CPB,2020-09-17,0 days 15:59:34.255921,326650,45.58,45.57,660,2113,-1231,1140
646,CPE,2020-09-17,0 days 15:57:57.246178,185079,6.0,5.99,17117,9950,268,-2332
647,CPE,2020-09-17,0 days 15:57:58.246015,182947,6.0,5.99,13739,10650,-2132,268
648,CPE,2020-09-17,0 days 15:58:16.247314,185079,6.0,5.99,28971,14785,210,-1990
649,CPE,2020-09-17,0 days 15:58:17.248368,182989,6.0,5.99,36087,18217,-2090,210
650,CPRI,2020-09-17,0 days 15:57:49.226596,171335,21.67,21.66,3786,4679,-45,955
651,CPRI,2020-09-17,0 days 15:57:50.226815,169680,21.67,21.66,3386,5063,1655,-45
652,CPRI,2020-09-17,0 days 15:59:07.231577,187748,21.66,21.65,1195,3843,-18650,7068
653,CPRI,2020-09-17,0 days 15:59:08.231964,185698,21.66,21.65,1242,4021,2050,-18650
654,CPRI,2020-09-17,0 days 15:59:17.229679,190546,21.65,21.64,3899,1336,-50424,3499
655,CRM,2020-09-17,0 days 15:59:20.242208,375682,244.36,244.28,652,376,-708,9341
656,CRM,2020-09-17,0 days 15:59:24.242457,373535,244.25,244.2,100,700,2147,-9053
657,CRM,2020-09-17,0 days 15:59:27.242548,375682,244.25,244.18,100,127,-397,3899
658,CRM,2020-09-17,0 days 15:59:30.245906,373679,244.33,244.24,991,1105,2003,-897
659,CRM,2020-09-17,0 days 15:59:36.243501,369582,244.42,244.34,700,1215,10413,-7487
660,CRM,2020-09-17,0 days 15:59:41.245929,371592,244.45,244.32,200,2332,-11883,1213
661,CRM,2020-09-17,0 days 15:59:42.243410,370785,244.45,244.32,200,2332,807,-11883
662,CRM,2020-09-17,0 days 15:59:46.244818,376995,244.45,244.38,700,300,-1553,12147
663,CRM,2020-09-17,0 days 15:59:49.245473,369351,244.47,244.41,800,180,2644,-1656
664,CRM,2020-09-17,0 days 15:59:53.245850,369227,244.58,244.45,410,1149,-850,250
665,CRM,2020-09-17,0 days 15:59:55.246342,368277,244.61,244.46,2248,300,3315,-850
666,CS,2020-09-17,0 days 15:55:00.959268,86721,10.98,10.97,133853,23444,-43772,57675
667,CS,2020-09-17,0 days 15:55:01.955368,82193,10.98,10.97,126208,64709,4528,-43772
668,CS,2020-09-17,0 days 15:59:06.966164,99835,10.98,10.97,100255,130880,-1685,3842
669,CS,2020-09-17,0 days 15:59:14.967256,92506,10.98,10.97,108443,123146,7329,-1685
670,CS,2020-09-17,0 days 15:59:45.968390,99835,10.98,10.97,104934,134539,-5119,1279
671,CS,2020-09-17,0 days 15:59:46.969861,98154,10.98,10.97,104984,132639,1681,-5119
672,CTL,2020-09-17,0 days 15:57:01.249324,1106767,10.98,10.97,96473,21866,220,-1063
673,CTL,2020-09-17,0 days 15:57:36.251585,1105987,10.98,10.97,78671,63344,-780,220
674,CTL,2020-09-17,0 days 15:58:03.252344,1106767,10.98,10.97,83881,51765,8620,-8280
675,CTL,2020-09-17,0 days 15:58:04.252937,1095487,10.98,10.97,79349,60584,-11280,8620
676,CTL,2020-09-17,0 days 15:59:06.256113,1151700,11.0,10.99,27587,118381,31865,-13210
677,CTVA,2020-09-17,0 days 15:53:50.221974,2060012,29.61,29.6,1476,1000,3533,-13330
678,CTVA,2020-09-17,0 days 15:54:17.222302,2063545,29.63,29.62,1809,1465,-13330,3533
679,CTVA,2020-09-17,0 days 15:58:00.230018,2239686,29.56,29.55,3129,1276,51555,-6094
680,CTVA,2020-09-17,0 days 15:58:01.229495,2253441,29.58,29.57,2918,353,-5894,51555
681,CTVA,2020-09-17,0 days 15:59:15.235895,2316837,29.55,29.54,2751,3397,-49809,6673
682,CVE,2020-09-17,0 days 15:58:59.965535,29843,4.31,4.3,349263,125251,-2295,2219
683,CVE,2020-09-17,0 days 15:59:35.969002,32822,4.31,4.3,213397,350424,3444,-4556
684,CVE,2020-09-17,0 days 15:59:36.968308,32366,4.31,4.3,204197,351324,-456,3444
685,CVE,2020-09-17,0 days 15:59:39.968085,32822,4.31,4.3,203197,344124,5244,-456
686,CVE,2020-09-17,0 days 15:59:40.969109,32366,4.31,4.3,205797,343014,-456,5244
687,CVE,2020-09-17,0 days 15:59:48.970970,33422,4.31,4.3,225214,336192,144,-1056
688,CVE,2020-09-17,0 days 15:59:49.973170,32166,4.31,4.3,231314,333692,-1256,144
689,CVS,2020-09-17,0 days 15:59:23.254855,1415073,58.44,58.43,1425,1708,-158622,132867
690,CVX,2020-09-17,0 days 15:56:05.957547,901952,78.48,78.47,482,1500,605,-6644
691,CVX,2020-09-17,0 days 15:56:11.957841,908037,78.49,78.48,1000,2300,-6515,6085
692,CVX,2020-09-17,0 days 15:56:50.959545,913061,78.44,78.43,3739,1716,34958,-2224
693,CWH,2020-09-17,0 days 15:55:59.958542,193804,31.23,31.19,325,1355,-813,551
694,CWH,2020-09-17,0 days 15:56:00.958236,189225,31.23,31.19,525,1255,4579,-813
695,CWH,2020-09-17,0 days 15:59:50.971040,188525,31.0,30.97,1328,3623,2478,-222
696,CX,2020-09-17,0 days 15:55:00.271054,91641,3.9,3.89,133582,129763,-4451,25823
697,CX,2020-09-17,0 days 15:58:47.280190,99642,3.9,3.89,176649,179897,-5711,3381
698,D,2020-09-17,0 days 15:55:00.223812,469302,79.95,79.94,200,1337,-60717,41631
699,D,2020-09-17,0 days 15:59:23.231642,543944,79.84,79.83,784,2600,3509,-17597
700,D,2020-09-17,0 days 15:59:24.230827,535453,79.86,79.84,300,1437,-8491,3509
701,D,2020-09-17,0 days 15:59:43.232492,543944,79.85,79.84,900,400,14520,-401
702,D,2020-09-17,0 days 15:59:44.231635,529439,79.85,79.84,534,1753,-157852,14520
703,DAL,2020-09-17,0 days 15:57:35.251257,3076626,34.03,34.02,7527,7199,-13796,7504
704,DB,2020-09-17,0 days 15:55:00.245461,34959,9.25,9.24,73777,30484,-4246,2760
705,DB,2020-09-17,0 days 15:58:47.254086,43311,9.25,9.24,135913,15961,1039,-506
706,DB,2020-09-17,0 days 15:59:36.256760,45790,9.24,9.23,100187,107757,-2493,3007
707,DB,2020-09-17,0 days 15:59:37.254952,45583,9.24,9.23,100487,106557,207,-2493
708,DD,2020-09-17,0 days 15:59:46.250870,372644,60.8,60.77,316,900,-48908,1
709,DEI,2020-09-17,0 days 15:56:09.877171,209006,26.76,26.75,380,860,64,-531
710,DEI,2020-09-17,0 days 15:56:14.877250,207870,26.77,26.76,711,2455,-1136,64
711,DEI,2020-09-17,0 days 15:56:39.878150,222206,26.79,26.78,600,500,582,-1418
712,DEI,2020-09-17,0 days 15:57:03.879186,222749,26.79,26.78,1024,6257,-13,87
713,DEI,2020-09-17,0 days 15:57:04.879437,222762,26.79,26.78,714,5811,487,-13
714,DEI,2020-09-17,0 days 15:57:35.877929,223149,26.82,26.81,369,959,-5413,1087
715,DEI,2020-09-17,0 days 15:57:36.878830,222562,26.81,26.8,320,2090,587,-5413
716,DEI,2020-09-17,0 days 15:57:37.878001,223249,26.81,26.8,108,2090,-1313,587
717,DEI,2020-09-17,0 days 15:57:38.878099,219462,26.82,26.81,718,2920,5387,-1313
718,DEI,2020-09-17,0 days 15:57:57.878468,232857,26.78,26.77,743,7378,-1299,969
719,DEI,2020-09-17,0 days 15:57:58.878604,234156,26.78,26.77,757,6804,901,-1299
720,DEI,2020-09-17,0 days 15:57:59.878878,233157,26.78,26.77,849,7516,-999,901
721,DEI,2020-09-17,0 days 15:58:14.880834,242499,26.8,26.79,200,1701,20,-380
722,DEI,2020-09-17,0 days 15:58:19.880401,237619,26.79,26.78,2116,1388,-1880,3020
723,DEI,2020-09-17,0 days 15:58:25.879951,233619,26.77,26.75,1817,1322,-380,3020
724,DEI,2020-09-17,0 days 15:59:34.882880,248439,26.74,26.73,700,2998,819,-4944
725,DEI,2020-09-17,0 days 15:59:35.882533,247258,26.75,26.74,1438,938,-1181,819
726,DEI,2020-09-17,0 days 15:59:45.883383,248439,26.75,26.74,2337,970,3536,-1181
727,DEI,2020-09-17,0 days 15:59:46.883717,247775,26.75,26.74,1184,2425,-1711,3536
728,DELL,2020-09-17,0 days 15:55:57.273181,390140,66.68,66.65,500,960,1186,-227
729,DELL,2020-09-17,0 days 15:55:58.273778,389326,66.68,66.65,600,960,-814,1186
730,DELL,2020-09-17,0 days 15:57:25.276404,391023,66.57,66.54,533,1012,645,-525
731,DELL,2020-09-17,0 days 15:57:26.276610,390238,66.58,66.56,100,722,-785,645
732,DELL,2020-09-17,0 days 15:57:33.277093,394423,66.57,66.55,934,380,1615,-1055
733,DELL,2020-09-17,0 days 15:57:34.277189,393568,66.57,66.55,834,481,-855,1615
734,DELL,2020-09-17,0 days 15:57:35.277420,394423,66.55,66.54,300,340,2975,-855
735,DELL,2020-09-17,0 days 15:57:36.277378,393898,66.57,66.54,734,507,-525,2975
736,DELL,2020-09-17,0 days 15:57:37.277424,394423,66.57,66.54,834,507,2145,-525
737,DELL,2020-09-17,0 days 15:57:38.277218,394298,66.57,66.54,834,507,-125,2145
738,DELL,2020-09-17,0 days 15:57:39.277482,394423,66.57,66.54,602,637,545,-125
739,DELL,2020-09-17,0 days 15:57:40.277319,394198,66.57,66.55,735,613,-225,545
740,DELL,2020-09-17,0 days 15:57:44.277406,394423,66.57,66.55,435,501,1145,-1525
741,DFS,2020-09-17,0 days 15:55:01.955295,1045880,59.69,59.68,1236,100,9870,-49830
742,DFS,2020-09-17,0 days 15:55:02.955356,1039350,59.69,59.68,572,200,-6530,9870
743,DFS,2020-09-17,0 days 15:56:50.959503,1040877,59.6,59.58,200,1105,5302,-1640
744,DFS,2020-09-17,0 days 15:56:51.959127,1038179,59.6,59.59,185,860,-2498,5302
745,DFS,2020-09-17,0 days 15:59:26.968267,1157132,59.52,59.51,100,900,-1696,23653
746,DHF,2020-09-17,0 days 15:57:17.960215,223,2.79,2.78,34849,33695,1607,-223
747,DHF,2020-09-17,0 days 15:59:35.968943,3828,2.79,2.78,19398,64126,-495,2285
748,DHI,2020-09-17,0 days 15:59:32.238838,474165,73.35,73.34,972,100,2787,-17348
749,DHI,2020-09-17,0 days 15:59:33.239240,471052,73.35,73.33,784,1388,-2913,2787
750,DHI,2020-09-17,0 days 15:59:57.242894,468336,73.31,73.3,5800,100,5917,-24055
751,DHI,2020-09-17,0 days 15:59:58.242495,470556,73.35,73.3,5100,600,-5080,5917
752,DHT,2020-09-17,0 days 15:58:00.252970,113103,5.72,5.71,22312,31398,-1017,1158
753,DHT,2020-09-17,0 days 15:58:01.255119,107720,5.72,5.71,22850,30498,5383,-1017
754,DHT,2020-09-17,0 days 15:59:03.255292,115754,5.71,5.7,48688,3734,-5724,4252
755,DHT,2020-09-17,0 days 15:59:04.255442,112378,5.71,5.7,50933,5049,3376,-5724
756,DIS,2020-09-17,0 days 15:59:54.255622,730497,130.26,130.21,526,460,-11436,1243
757,DIS,2020-09-17,0 days 15:59:55.255409,726430,130.21,130.16,300,200,4840,-11436
758,DKS,2020-09-17,0 days 15:57:50.245033,276069,58.58,58.57,2051,400,988,-2912
759,DKS,2020-09-17,0 days 15:57:51.245243,273157,58.58,58.57,1751,500,-2912,988
760,DKS,2020-09-17,0 days 15:59:31.250711,279627,58.53,58.51,882,1519,7221,-720
761,DKS,2020-09-17,0 days 15:59:33.250143,278748,58.54,58.53,701,600,-179,421
762,DKS,2020-09-17,0 days 15:59:45.252137,280227,58.56,58.55,291,1177,1503,-379
763,DLPH,2020-09-17,0 days 15:59:45.241634,107407,16.93,16.92,4529,8523,2513,-177
764,DLPH,2020-09-17,0 days 15:59:46.240256,105520,16.93,16.92,1816,10569,-987,2513
765,DLR,2020-09-17,0 days 15:55:00.230486,972898,147.25,147.2,280,100,-8638,103608
766,DLR,2020-09-17,0 days 15:56:48.234317,981533,146.82,146.75,702,417,109,-791
767,DLR,2020-09-17,0 days 15:57:01.234979,978042,146.8,146.76,840,117,-3530,1870
768,DLR,2020-09-17,0 days 15:59:03.238924,996464,146.7,146.66,577,1012,5689,-3456
769,DLR,2020-09-17,0 days 15:59:04.238824,993753,146.71,146.67,304,626,-2711,5689
770,DLR,2020-09-17,0 days 15:59:33.239293,995386,146.74,146.69,486,900,-2162,5938
771,DLR,2020-09-17,0 days 15:59:45.241653,997953,146.71,146.65,1327,100,14633,-1062
772,DLR,2020-09-17,0 days 15:59:46.240256,996286,146.71,146.64,1127,200,-2152,14633
773,DOW,2020-09-17,0 days 15:55:00.223729,479891,51.02,51.01,908,634,-13546,84236
774,DOW,2020-09-17,0 days 15:55:04.225273,460414,50.96,50.94,1994,822,20677,-346
775,DOW,2020-09-17,0 days 15:55:10.224707,480832,50.98,50.97,600,706,259,-741
776,DOW,2020-09-17,0 days 15:55:25.226225,481119,50.99,50.98,200,322,-18913,2110
777,DOW,2020-09-17,0 days 15:55:26.226160,480832,50.99,50.98,300,622,287,-18913
778,DOW,2020-09-17,0 days 15:57:44.227720,498489,50.95,50.94,706,2209,-445,2855
779,DOW,2020-09-17,0 days 15:59:02.231418,497202,50.94,50.93,613,1094,-6897,13269
780,DOW,2020-09-17,0 days 15:59:13.232158,501049,50.96,50.95,700,391,364,-236
781,DOW,2020-09-17,0 days 15:59:17.231037,501513,50.94,50.93,752,1052,-23530,664
782,DOW,2020-09-17,0 days 15:59:23.231595,523897,50.95,50.94,800,300,8485,-3835
783,DOW,2020-09-17,0 days 15:59:36.232367,553732,50.99,50.98,200,216,-4427,273
784,DOW,2020-09-17,0 days 15:59:37.231429,553459,50.99,50.97,403,587,273,-4427
785,DOW,2020-09-17,0 days 15:59:57.234775,537482,50.97,50.96,3343,2242,20379,-3944
786,DRE,2020-09-17,0 days 15:55:00.230737,326150,37.15,37.14,1066,3637,-7627,44682
787,DRE,2020-09-17,0 days 15:55:01.230670,324077,37.14,37.13,2720,4541,2073,-7627
788,DRE,2020-09-17,0 days 15:56:32.234585,379183,37.01,37.0,1751,400,-11419,2571
789,DRE,2020-09-17,0 days 15:57:27.234879,394271,37.02,37.01,5038,1171,88,-11717
790,DRE,2020-09-17,0 days 15:57:29.234657,394135,37.02,37.01,4024,2085,-136,1288
791,DRE,2020-09-17,0 days 15:57:43.235713,392982,37.0,36.99,4017,1140,-1289,1911
792,DRE,2020-09-17,0 days 15:57:46.236435,394271,37.0,36.99,4247,2017,711,-689
793,DRE,2020-09-17,0 days 15:57:47.235725,393682,37.0,36.99,4047,1503,-589,711
794,DRE,2020-09-17,0 days 15:57:48.235552,394271,37.0,36.99,4947,403,3211,-589
795,DRE,2020-09-17,0 days 15:57:49.235491,393982,37.0,36.99,4547,503,-289,3211
796,DRE,2020-09-17,0 days 15:59:06.239958,411957,37.01,37.0,762,3596,-10537,247
797,DT,2020-09-17,0 days 15:55:00.875410,121177,39.89,39.88,1335,2068,22467,-25661
798,DT,2020-09-17,0 days 15:55:37.876158,141244,39.91,39.9,1180,370,-104333,467
799,DT,2020-09-17,0 days 15:55:38.875824,140477,39.86,39.83,1125,710,767,-104333
800,DT,2020-09-17,0 days 15:55:55.876435,147744,39.82,39.81,231,415,-557,667
801,DT,2020-09-17,0 days 15:58:23.879927,159708,39.81,39.8,3315,1200,-3405,95
802,DT,2020-09-17,0 days 15:59:45.883264,178120,39.84,39.83,991,7913,1300,-2133
803,DTE,2020-09-17,0 days 15:59:25.231045,261654,116.61,116.58,120,133,2877,-3723
804,DTE,2020-09-17,0 days 15:59:27.231216,258531,116.66,116.61,420,100,-5423,577
805,DTE,2020-09-17,0 days 15:59:30.234988,258554,116.66,116.62,100,531,77,-223
806,DTE,2020-09-17,0 days 15:59:45.234539,276672,116.86,116.82,800,750,-741,2063
807,DTE,2020-09-17,0 days 15:59:47.232262,277589,116.86,116.82,483,945,953,-741
808,DTE,2020-09-17,0 days 15:59:54.236022,277989,116.89,116.85,439,100,1580,-2361
809,DTE,2020-09-17,0 days 15:59:59.232399,279039,116.89,116.86,200,3000,-491,3450
810,DTE,2020-09-17,0 days 16:00:00.233733,277989,116.86,116.85,7343,5380,3450,-491
811,DUK,2020-09-17,0 days 15:59:22.882926,387377,84.46,84.44,1150,1329,17833,-3223
812,DUK,2020-09-17,0 days 15:59:46.883717,482788,84.59,84.58,4004,687,4382,-4214
813,DVN,2020-09-17,0 days 15:59:17.231272,726377,9.94,9.93,5166,42346,88233,-30731
814,DXC,2020-09-17,0 days 15:59:26.249854,422226,18.83,18.82,4100,1114,9874,-3897
815,DXC,2020-09-17,0 days 15:59:30.252267,425589,18.85,18.84,3400,1028,-367,3063
816,DXC,2020-09-17,0 days 15:59:45.252159,442929,18.85,18.84,4693,11294,830,-845
817,DXC,2020-09-17,0 days 15:59:48.251137,441094,18.86,18.85,200,11894,-1835,7165
818,DXC,2020-09-17,0 days 15:59:57.249593,443129,18.86,18.85,4117,9629,1714,-621
819,EAF,2020-09-17,0 days 15:58:59.230873,523339,7.93,7.92,27384,6520,-9805,5599
820,EAF,2020-09-17,0 days 15:59:39.232085,567749,7.93,7.92,26572,16920,4772,-13228
821,EGO,2020-09-17,0 days 15:57:56.260673,53840,11.78,11.77,25474,6774,-209,1291
822,EGO,2020-09-17,0 days 15:57:57.260867,51749,11.77,11.76,19822,15671,2091,-209
823,EGO,2020-09-17,0 days 15:59:30.254475,55662,11.77,11.76,24614,25800,-4426,1763
824,EGO,2020-09-17,0 days 15:59:31.252982,54288,11.77,11.76,25366,25541,1374,-4426
825,EGO,2020-09-17,0 days 15:59:46.251957,55462,11.78,11.77,3403,35099,-1350,1174
826,EGO,2020-09-17,0 days 15:59:47.251779,54612,11.78,11.77,3093,35099,850,-1350
827,EIX,2020-09-17,0 days 15:57:03.275751,1163717,52.61,52.59,596,520,-18857,4243
828,EIX,2020-09-17,0 days 15:57:04.275558,1162874,52.61,52.59,301,1013,843,-18857
829,EIX,2020-09-17,0 days 15:57:38.277122,1191274,52.58,52.56,300,1370,3643,-457
830,EIX,2020-09-17,0 days 15:57:40.277250,1194917,52.59,52.57,879,1111,-3557,3643
831,EIX,2020-09-17,0 days 15:57:41.277175,1198474,52.57,52.56,200,1164,4543,-3557
832,EIX,2020-09-17,0 days 15:58:52.280528,1174603,52.64,52.62,2845,1755,2028,-15772
833,EIX,2020-09-17,0 days 15:59:00.283778,1176182,52.63,52.62,1075,660,2176,-10724
834,EIX,2020-09-17,0 days 15:59:07.283026,1202426,52.64,52.63,100,847,-10813,25147
835,EIX,2020-09-17,0 days 15:59:08.282233,1200839,52.64,52.63,101,734,1983,-10813
836,EIX,2020-09-17,0 days 15:59:32.283881,1222041,52.62,52.59,364,118,2120,-21480
837,EIX,2020-09-17,0 days 15:59:34.283829,1204461,52.64,52.61,1208,110,-17580,2120
838,EIX,2020-09-17,0 days 15:59:35.283396,1203541,52.64,52.61,1468,312,20620,-17580
839,EIX,2020-09-17,0 days 15:59:42.284959,1204041,52.65,52.63,380,732,420,-18180
840,EIX,2020-09-17,0 days 15:59:43.283372,1204461,52.67,52.65,500,100,-230,420
841,EIX,2020-09-17,0 days 15:59:46.284380,1205013,52.68,52.66,456,800,1502,-57
842,ELAN,2020-09-17,0 days 15:59:48.284763,1548750,27.32,27.31,5467,1644,7792,-2618
843,ELAN,2020-09-17,0 days 15:59:51.287118,1548452,27.35,27.34,4192,8102,-17908,49602
844,EMR,2020-09-17,0 days 15:55:33.239911,211205,69.02,69.0,400,589,7970,-3243
845,EMR,2020-09-17,0 days 15:59:08.248982,223610,69.09,69.06,1500,660,-234,14000
846,EMR,2020-09-17,0 days 15:59:09.249251,223944,69.08,69.06,1263,200,894,-234
847,EMR,2020-09-17,0 days 15:59:10.249755,224838,69.07,69.05,726,300,-17064,894
848,ENB,2020-09-17,0 days 15:55:00.875681,20302,30.8,30.79,2904,5199,-13602,10757
849,ENB,2020-09-17,0 days 15:56:00.876720,24304,30.83,30.82,7930,3746,207,-980
850,ENB,2020-09-17,0 days 15:56:02.877244,21499,30.83,30.82,8100,2405,-4031,207
851,ENB,2020-09-17,0 days 15:58:09.879870,28937,30.84,30.83,1505,12090,335,-3865
852,ENB,2020-09-17,0 days 15:58:10.880212,25072,30.84,30.83,1605,12270,-3865,335
853,ENB,2020-09-17,0 days 15:58:22.881127,28737,30.83,30.82,11366,8937,135,-3665
854,ENB,2020-09-17,0 days 15:58:23.879927,25072,30.83,30.82,10966,9237,-3665,135
855,ENB,2020-09-17,0 days 15:58:47.880986,28937,30.84,30.83,9750,5183,140,-465
856,ENB,2020-09-17,0 days 15:59:02.882403,29157,30.83,30.82,8479,3652,-564,220
857,ENB,2020-09-17,0 days 15:59:05.883153,31149,30.83,30.82,6877,7692,912,-735
858,ENIA,2020-09-17,0 days 15:55:59.263700,19293,7.43,7.42,7397,22631,-81,3637
859,ENIA,2020-09-17,0 days 15:59:10.267057,25739,7.43,7.42,18727,10648,1325,-540
860,ENIA,2020-09-17,0 days 15:59:11.265424,21164,7.43,7.42,17884,11662,-4575,1325
861,ENIA,2020-09-17,0 days 15:59:36.251464,24707,7.42,7.41,35859,28019,2957,-3543
862,ENIA,2020-09-17,0 days 15:59:37.251086,24464,7.42,7.41,35759,28019,-243,2957
863,EOG,2020-09-17,0 days 15:59:16.883415,546717,41.08,41.07,670,1347,99892,-7454
864,EOG,2020-09-17,0 days 15:59:41.882785,666458,41.16,41.14,6700,4910,-1080,40534
865,EPD,2020-09-17,0 days 15:59:02.264368,189633,16.63,16.62,11998,89331,812,-5784
866,EPD,2020-09-17,0 days 15:59:03.264271,190445,16.63,16.62,11698,90889,-1495,812
867,EPD,2020-09-17,0 days 15:59:46.251830,193140,16.65,16.64,9887,46684,437,-4386
868,EPD,2020-09-17,0 days 15:59:48.252216,188577,16.65,16.64,10335,49283,-3763,1237
869,EQH,2020-09-17,0 days 15:56:10.247171,416701,19.11,19.1,3718,2485,12994,-12006
870,EQH,2020-09-17,0 days 15:56:11.247158,411895,19.11,19.1,3302,3640,-4806,12994
871,EQH,2020-09-17,0 days 15:56:20.247606,416782,19.12,19.11,1775,4725,1613,-4887
872,EQH,2020-09-17,0 days 15:57:23.250062,418327,19.1,19.09,7104,4793,723,-477
873,EQH,2020-09-17,0 days 15:57:24.251501,417850,19.1,19.09,7027,5393,-477,723
874,EQH,2020-09-17,0 days 15:57:43.250867,431527,19.1,19.09,8080,4505,923,-1677
875,EQH,2020-09-17,0 days 15:57:44.250640,429850,19.1,19.09,7380,5236,-1677,923
876,EQH,2020-09-17,0 days 15:57:45.251191,431527,19.1,19.09,8080,5219,923,-1677
877,EQH,2020-09-17,0 days 15:57:46.251745,429850,19.1,19.09,8380,4605,-1677,923
878,EQH,2020-09-17,0 days 15:58:04.252812,431527,19.1,19.09,7342,7620,2723,-277
879,EQH,2020-09-17,0 days 15:58:05.252236,429951,19.1,19.09,8007,8020,-15211,2723
880,EQH,2020-09-17,0 days 15:58:38.253541,430151,19.09,19.08,7906,11272,-1811,12689
881,EQR,2020-09-17,0 days 15:57:07.242983,1258599,55.77,55.76,200,600,-25571,3666
882,EQR,2020-09-17,0 days 15:57:38.244597,1278870,55.74,55.73,757,300,1829,-7771
883,EQR,2020-09-17,0 days 15:57:39.244515,1280699,55.74,55.73,957,305,-6071,1829
884,EQR,2020-09-17,0 days 15:57:41.244456,1278870,55.74,55.73,1071,905,1829,-9571
885,EQR,2020-09-17,0 days 15:57:42.245003,1280699,55.74,55.73,1071,905,-6071,1829
886,EQR,2020-09-17,0 days 15:57:43.244576,1278870,55.74,55.73,1083,905,1829,-6071
887,EQR,2020-09-17,0 days 15:57:45.244657,1280699,55.74,55.73,1424,1005,-10271,1829
888,EQR,2020-09-17,0 days 15:57:46.245952,1278870,55.74,55.73,1126,1306,1829,-10271
889,EQR,2020-09-17,0 days 15:57:48.245125,1280699,55.75,55.74,330,340,-1971,1829
890,EQR,2020-09-17,0 days 15:57:50.245010,1278970,55.75,55.74,630,500,1729,-3671
891,EQR,2020-09-17,0 days 15:57:52.246864,1280699,55.75,55.74,400,1102,-10671,1729
892,EQR,2020-09-17,0 days 15:57:55.245520,1267170,55.74,55.73,1034,793,13529,-871
893,EQR,2020-09-17,0 days 15:57:56.246287,1279899,55.75,55.74,900,400,-3171,13529
894,EQR,2020-09-17,0 days 15:57:57.246216,1278070,55.75,55.74,1257,868,1829,-3171
895,EQR,2020-09-17,0 days 15:58:02.246499,1279809,55.75,55.74,684,957,-9589,1805
896,EQR,2020-09-17,0 days 15:58:03.246440,1277798,55.75,55.74,784,957,2011,-9589
897,EQR,2020-09-17,0 days 15:58:07.246802,1279809,55.75,55.74,1126,1838,-6148,9852
898,EQR,2020-09-17,0 days 15:58:08.247766,1277857,55.75,55.74,726,2778,1952,-6148
899,EQR,2020-09-17,0 days 15:58:09.247274,1279809,55.75,55.74,820,3903,-2283,1952
900,EQR,2020-09-17,0 days 15:58:10.247280,1265392,55.76,55.75,1037,100,14417,-2283
901,EQR,2020-09-17,0 days 15:59:05.249899,1282347,55.75,55.73,1486,500,-5592,1457
902,EQR,2020-09-17,0 days 15:59:28.249627,1312426,55.72,55.7,618,600,-9160,9738
903,EQR,2020-09-17,0 days 15:59:29.249891,1311186,55.72,55.71,766,360,1240,-9160
904,EQR,2020-09-17,0 days 15:59:41.252135,1295346,55.75,55.73,287,800,-39181,353
905,EQR,2020-09-17,0 days 15:59:45.252112,1296802,55.73,55.71,487,479,28044,-10281
906,EQR,2020-09-17,0 days 15:59:47.250618,1298806,55.74,55.71,358,1059,-43786,4204
907,EQT,2020-09-17,0 days 15:59:17.254045,344957,14.59,14.58,9404,1228,5583,-9851
908,EQT,2020-09-17,0 days 15:59:18.254600,340840,14.59,14.58,11153,989,-4117,5583
909,EQT,2020-09-17,0 days 15:59:43.255368,353757,14.61,14.6,8042,2475,6392,-9783
910,EQT,2020-09-17,0 days 15:59:44.256239,348649,14.61,14.6,8569,1475,-5108,6392
911,EQT,2020-09-17,0 days 15:59:46.257127,353757,14.61,14.6,8959,1822,6283,-2018
912,EQT,2020-09-17,0 days 15:59:47.256367,349240,14.61,14.6,8278,2722,-2717,6283
913,ESRT,2020-09-17,0 days 15:57:37.877833,224885,6.51,6.5,7722,16669,-705,995
914,ESRT,2020-09-17,0 days 15:57:38.877981,222190,6.51,6.5,9122,15169,2695,-705
915,ESRT,2020-09-17,0 days 15:57:45.878313,224885,6.51,6.5,8020,16569,-1105,1395
916,ESRT,2020-09-17,0 days 15:57:46.878844,222590,6.51,6.5,9020,15069,2295,-1105
917,ESRT,2020-09-17,0 days 15:58:39.880450,224885,6.51,6.5,10563,39041,-8627,3373
918,ESRT,2020-09-17,0 days 15:58:40.881063,222512,6.51,6.5,11463,37341,2373,-8627
919,ESRT,2020-09-17,0 days 15:59:46.883460,232758,6.5,6.49,8274,19504,-4901,171
920,ESRT,2020-09-17,0 days 15:59:47.884801,231759,6.5,6.49,8874,17934,999,-4901
921,ET,2020-09-17,0 days 15:56:57.264582,333119,6.06,6.05,27437,124179,2662,-838
922,ET,2020-09-17,0 days 15:56:58.264323,317981,6.06,6.05,27537,123679,-15138,2662
923,ETRN,2020-09-17,0 days 15:50:00.224149,1969838,9.29,9.28,800,300,-6838,69481
924,ETRN,2020-09-17,0 days 15:59:08.238826,2421017,9.29,9.28,11411,12128,31134,-21231
925,ETRN,2020-09-17,0 days 15:59:09.238719,2402851,9.29,9.28,10458,12028,-22466,31134
926,ETRN,2020-09-17,0 days 15:59:49.240989,2554422,9.3,9.29,27219,19372,3378,-8065
927,ETRN,2020-09-17,0 days 15:59:50.244039,2513100,9.3,9.29,29214,18265,-41322,3378
928,ETRN,2020-09-17,0 days 15:59:55.241461,2499947,9.29,9.28,79811,4345,42435,-41322
929,EVRI,2020-09-17,0 days 15:59:10.256693,88000,8.29,8.28,3402,7871,8422,-468
930,F,2020-09-17,0 days 15:59:07.239419,1874829,7.29,7.28,776901,617890,129366,-39326
931,FCAU,2020-09-17,0 days 15:55:32.875858,27198,12.73,12.72,36416,9505,-6112,1373
932,FCAU,2020-09-17,0 days 15:59:15.881977,34895,12.72,12.71,52036,13276,68,-375
933,FCX,2020-09-17,0 days 15:56:12.241094,1471489,17.07,17.06,41743,20439,54109,-16612
934,FCX,2020-09-17,0 days 15:56:13.240932,1463798,17.07,17.06,31643,32639,-7691,54109
935,FCX,2020-09-17,0 days 15:57:33.244570,1474284,17.06,17.05,49151,37703,-10205,95
936,FCX,2020-09-17,0 days 15:57:44.244500,1530189,17.06,17.05,59625,23532,1479,-23021
937,FCX,2020-09-17,0 days 15:57:45.244591,1518368,17.06,17.05,57325,25232,-11821,1479
938,FCX,2020-09-17,0 days 15:57:47.244759,1548989,17.06,17.05,59197,25590,8379,-15421
939,FCX,2020-09-17,0 days 15:57:48.245029,1537468,17.06,17.05,58597,26390,-12721,8379
940,FCX,2020-09-17,0 days 15:57:56.246221,1561389,17.06,17.05,58969,28404,579,-23921
941,FCX,2020-09-17,0 days 15:57:57.246178,1561968,17.06,17.05,52862,44498,-1221,579
942,FCX,2020-09-17,0 days 15:58:52.248702,1566988,17.05,17.04,58857,34197,27986,-12714
943,FCX,2020-09-17,0 days 15:58:53.247934,1552974,17.05,17.04,56457,33287,-14014,27986
944,FCX,2020-09-17,0 days 15:59:07.249720,1567169,17.05,17.04,54946,31203,5107,-4708
945,FDX,2020-09-17,0 days 15:50:02.265491,81795,243.9,243.81,300,200,15152,-8248
946,FDX,2020-09-17,0 days 15:50:07.265575,96847,244.05,243.98,597,200,-8248,15152
947,FDX,2020-09-17,0 days 15:50:13.265694,81795,243.97,243.88,100,392,15152,-8248
948,FDX,2020-09-17,0 days 15:50:30.266442,96847,244.16,244.04,100,300,-8248,15152
949,FDX,2020-09-17,0 days 15:50:49.267019,81795,244.04,243.94,200,200,15052,-8248
950,FDX,2020-09-17,0 days 15:50:53.266116,96847,244.17,244.01,300,300,-8248,15052
951,FDX,2020-09-17,0 days 15:51:41.266787,81795,243.98,243.94,100,200,15152,-8248
952,FDX,2020-09-17,0 days 15:51:50.267482,96847,244.24,244.12,219,200,-8248,15152
953,FDX,2020-09-17,0 days 15:52:58.268770,81395,243.91,243.81,809,377,15552,-8248
954,FDX,2020-09-17,0 days 15:53:12.268146,96847,244.1,244.02,306,877,-8248,15152
955,FDX,2020-09-17,0 days 15:55:07.271618,122173,244.14,244.03,100,712,-21672,1728
956,FDX,2020-09-17,0 days 15:55:32.272811,104388,244.03,243.98,100,511,17786,-5514
957,FDX,2020-09-17,0 days 15:55:35.272402,133760,244.07,244.05,120,240,-20428,2872
958,FDX,2020-09-17,0 days 15:55:36.272256,133088,244.07,244.05,320,240,672,-20428
959,FDX,2020-09-17,0 days 15:55:50.272667,133760,244.07,243.96,897,300,-20528,2772
960,FDX,2020-09-17,0 days 15:55:51.273011,133288,244.07,243.96,897,300,572,-20528
961,FDX,2020-09-17,0 days 15:55:52.272733,133860,244.07,243.96,897,240,-528,572
962,FDX,2020-09-17,0 days 15:55:53.272997,133388,244.07,244.0,997,300,472,-528
963,FDX,2020-09-17,0 days 15:56:05.272989,136819,244.1,244.06,100,200,-1041,613
964,FDX,2020-09-17,0 days 15:56:06.273068,136260,244.1,244.07,100,300,559,-1041
965,FDX,2020-09-17,0 days 15:59:06.283259,160639,243.98,243.97,135,100,-461,2566
966,FDX,2020-09-17,0 days 15:59:29.283449,161369,244.11,244.02,1150,800,-22801,599
967,FDX,2020-09-17,0 days 15:59:40.283520,140770,244.04,243.95,200,1100,24564,-336
968,FDX,2020-09-17,0 days 15:59:41.284593,165234,244.09,244.03,200,1200,-23938,24564
969,FDX,2020-09-17,0 days 15:59:42.284959,142974,244.05,244.0,400,200,22360,-23938
970,FDX,2020-09-17,0 days 15:59:44.284840,165234,244.1,244.01,400,1100,-26540,760
971,FE,2020-09-17,0 days 15:59:46.232702,507527,29.8,29.79,3722,4908,3738,-2931
972,FEAC,2020-09-17,0 days 15:55:00.959253,3830,12.74,12.73,1400,868,-5470,3830
973,FEAC,2020-09-17,0 days 15:55:01.955353,3400,12.74,12.73,1400,868,430,-5470
974,FEAC,2020-09-17,0 days 15:57:58.963547,3131,12.78,12.76,3190,268,-2151,3049
975,FEAC,2020-09-17,0 days 15:57:59.963269,2782,12.78,12.76,3190,268,349,-2151
976,FHN,2020-09-17,0 days 15:57:44.244548,638785,9.76,9.75,44879,26902,4448,-452
977,FHN,2020-09-17,0 days 15:57:45.244591,625533,9.76,9.75,43201,31002,-13252,4448
978,FHN,2020-09-17,0 days 15:59:09.249414,638787,9.76,9.75,60101,12542,7507,-9211
979,FHN,2020-09-17,0 days 15:59:10.249855,633194,9.76,9.75,52380,14487,-5593,7507
980,FHN,2020-09-17,0 days 15:59:15.253365,638787,9.76,9.75,55463,10730,427,-5593
981,FHN,2020-09-17,0 days 15:59:46.250725,640487,9.76,9.75,52622,46721,22267,-7389
982,FHN,2020-09-17,0 days 15:59:47.250570,636654,9.76,9.75,36335,54421,-3833,22267
983,FHN,2020-09-17,0 days 15:59:49.247066,640487,9.76,9.75,18410,52752,2383,-3833
984,FHN,2020-09-17,0 days 15:59:50.252205,603222,9.76,9.75,30501,54961,-37265,2383
985,FI,2020-09-17,0 days 15:55:00.237885,165236,2.67,2.66,7700,8503,-103280,10954
986,FIS,2020-09-17,0 days 15:55:00.874976,270858,148.63,148.61,693,271,25234,-88649
987,FIS,2020-09-17,0 days 15:58:01.880254,317642,148.55,148.51,400,607,-644,3656
988,FIS,2020-09-17,0 days 15:58:02.879576,314486,148.55,148.51,500,752,3156,-644
989,FIS,2020-09-17,0 days 15:58:06.879622,317642,148.56,148.53,100,870,-2744,3156
990,FIS,2020-09-17,0 days 15:58:07.880328,314586,148.56,148.53,100,970,3056,-2744
991,FIS,2020-09-17,0 days 15:58:10.880125,317574,148.6,148.57,345,310,-412,3056
992,FIS,2020-09-17,0 days 15:59:02.882260,353943,148.6,148.56,964,233,-31,14247
993,FIS,2020-09-17,0 days 15:59:04.882340,350127,148.59,148.56,683,526,3589,-3425
994,FIS,2020-09-17,0 days 15:59:05.882975,348716,148.61,148.57,320,700,-1707,3589
995,FIS,2020-09-17,0 days 15:59:06.882756,345104,148.62,148.59,900,665,3612,-1707
996,FIS,2020-09-17,0 days 15:59:11.884558,349616,148.62,148.61,443,311,-146,10
997,FIS,2020-09-17,0 days 15:59:17.881717,349762,148.6,148.57,434,500,4922,-146
998,FIS,2020-09-17,0 days 15:59:27.882637,355207,148.61,148.58,201,934,-134,245
999,FIS,2020-09-17,0 days 15:59:29.882564,346941,148.64,148.61,510,536,3266,-5134
1000,FIS,2020-09-17,0 days 15:59:37.882664,349003,148.72,148.69,700,700,1204,-3596
1001,FIT,2020-09-17,0 days 15:57:23.234353,88603,6.44,6.43,76145,56391,79,-821
1002,FIT,2020-09-17,0 days 15:58:13.236861,88882,6.44,6.43,77946,63465,-981,105
1003,FIT,2020-09-17,0 days 15:58:47.237943,89863,6.44,6.43,75064,63598,148,-981
1004,FIT,2020-09-17,0 days 15:58:51.238450,90407,6.44,6.43,72964,66186,-239,344
1005,FIT,2020-09-17,0 days 15:59:00.240384,90646,6.44,6.43,74546,60356,208,-201
1006,FL,2020-09-17,0 days 15:55:00.875766,192878,35.97,35.96,3080,1671,11364,-11927
1007,FL,2020-09-17,0 days 15:55:58.876608,204642,35.98,35.97,500,3958,-341,319
1008,FL,2020-09-17,0 days 15:57:41.879481,217200,35.93,35.92,2491,1310,1281,-1319
1009,FL,2020-09-17,0 days 15:57:42.877796,216381,35.93,35.92,2491,2091,-819,1281
1010,FL,2020-09-17,0 days 15:57:47.878409,216999,35.92,35.91,1621,1648,-201,481
1011,FL,2020-09-17,0 days 15:59:41.882807,235337,35.96,35.95,937,2040,699,-3601
1012,FLR,2020-09-17,0 days 15:57:21.259769,154735,9.41,9.4,18586,5774,1998,-102
1013,FLR,2020-09-17,0 days 15:57:22.259919,150133,9.41,9.4,18038,5835,-4602,1998
1014,FLR,2020-09-17,0 days 15:59:45.253362,161159,9.41,9.4,17069,10956,701,-2299
1015,FLR,2020-09-17,0 days 15:59:47.251805,159090,9.41,9.4,14888,9767,-2069,3531
1016,FNB,2020-09-17,0 days 15:55:59.263575,289986,7.25,7.24,14752,48115,-481,1419
1017,FNB,2020-09-17,0 days 15:56:13.263638,290467,7.25,7.24,24740,35543,1067,-39
1018,FSLY,2020-09-17,0 days 15:58:04.279486,160644,82.5,82.43,401,566,317,-8271
1019,FSLY,2020-09-17,0 days 15:58:05.279555,160961,82.5,82.44,100,375,-383,317
1020,FSLY,2020-09-17,0 days 15:58:44.280376,163261,82.37,82.31,566,375,-849,1239
1021,FSLY,2020-09-17,0 days 15:59:12.283041,168932,82.43,82.33,496,175,495,-1233
1022,FSLY,2020-09-17,0 days 15:59:18.282839,169676,82.5,82.41,529,224,-256,1595
1023,FSLY,2020-09-17,0 days 15:59:39.283023,168685,82.41,82.32,175,175,17999,-908
1024,FSLY,2020-09-17,0 days 15:59:55.285419,184312,82.44,82.37,100,100,2372,-14235
1025,FSLY,2020-09-17,0 days 15:59:56.285498,169677,82.44,82.37,650,3300,-14535,2372
1026,FSLY,2020-09-17,0 days 15:59:58.288081,186612,82.42,82.38,800,1000,72,-14535
1027,FSLY,2020-09-17,0 days 15:59:59.285347,169977,82.42,82.38,2220,2499,-14235,72
1028,FSM,2020-09-17,0 days 15:59:02.249149,36433,7.76,7.75,800,111701,-8340,14037
1029,FSM,2020-09-17,0 days 15:59:03.249488,34573,7.76,7.75,800,110901,99,-8340
1030,FSM,2020-09-17,0 days 15:59:40.250266,34170,7.78,7.77,27574,94548,844,-2956
1031,FTCH,2020-09-17,0 days 15:58:01.264401,34253,24.44,24.43,2235,1900,2544,-1027
1032,FTI,2020-09-17,0 days 15:59:12.257132,288696,7.37,7.36,27982,53090,24933,-83151
1033,FTV,2020-09-17,0 days 15:55:00.244461,1114270,77.53,77.52,100,745,-8046,121027
1034,FTV,2020-09-17,0 days 15:55:22.246256,1113051,77.49,77.47,1000,228,1120,-7245
1035,FTV,2020-09-17,0 days 15:55:23.245916,1105571,77.49,77.47,2280,328,-7480,1120
1036,FTV,2020-09-17,0 days 15:55:26.246337,1102626,77.49,77.45,520,1288,2945,-7480
1037,FTV,2020-09-17,0 days 15:55:27.246751,1096171,77.49,77.45,1062,1635,-7255,2945
1038,FTV,2020-09-17,0 days 15:56:20.247639,1099658,77.45,77.43,2940,400,-6070,4530
1039,FTV,2020-09-17,0 days 15:57:33.251136,1116968,77.34,77.32,393,441,7680,-5248
1040,FTV,2020-09-17,0 days 15:57:34.251012,1111248,77.34,77.33,1905,1068,-5720,7680
1041,FTV,2020-09-17,0 days 15:57:44.250705,1116968,77.35,77.34,2256,617,2280,-3920
1042,FTV,2020-09-17,0 days 15:57:45.251294,1113948,77.35,77.33,2400,972,-3020,2280
1043,FTV,2020-09-17,0 days 15:58:04.252898,1116968,77.37,77.35,2399,604,766,-1934
1044,FTV,2020-09-17,0 days 15:58:05.252318,1114734,77.37,77.35,1998,804,-2234,766
1045,FTV,2020-09-17,0 days 15:58:50.254330,1117888,77.38,77.37,1286,1595,512,-1468
1046,FTV,2020-09-17,0 days 15:58:51.254214,1115700,77.38,77.37,2100,1705,-2188,512
1047,FTV,2020-09-17,0 days 15:59:08.255450,1123004,77.41,77.39,800,700,15629,-6604
1048,FTV,2020-09-17,0 days 15:59:09.256277,1121533,77.45,77.41,600,838,-1471,15629
1049,FTV,2020-09-17,0 days 15:59:22.254293,1134533,77.45,77.43,1052,678,281,-1419
1050,FTV,2020-09-17,0 days 15:59:29.256054,1133339,77.45,77.44,300,1063,-1194,906
1051,FTV,2020-09-17,0 days 15:59:49.257480,1135292,77.45,77.43,200,512,-17200,116
1052,GE,2020-09-17,0 days 15:57:33.961398,3878889,7.04,7.03,417515,606887,-36207,3338
1053,GE,2020-09-17,0 days 15:59:23.968033,4385864,7.04,7.03,430836,436469,131026,-102380
1054,GFI,2020-09-17,0 days 15:56:14.241256,179865,13.74,13.73,18319,13188,-5403,797
1055,GFI,2020-09-17,0 days 15:56:15.241885,176368,13.74,13.73,18419,13288,3497,-5403
1056,GFI,2020-09-17,0 days 15:59:18.249605,224533,13.7,13.69,18263,52774,-669,208
1057,GFL,2020-09-17,0 days 15:57:36.277362,21622,21.82,21.8,400,200,874,-916
1058,GFL,2020-09-17,0 days 15:59:04.281942,26822,21.86,21.85,3524,2100,10,-617
1059,GFL,2020-09-17,0 days 15:59:08.282424,25632,21.86,21.85,3424,2400,-632,568
1060,GFL,2020-09-17,0 days 15:59:46.284634,26764,21.87,21.86,8791,169,557,-468
1061,GFL,2020-09-17,0 days 15:59:47.283519,26421,21.87,21.86,8791,169,-343,557
1062,GGB,2020-09-17,0 days 15:57:26.276610,33293,4.12,4.11,232978,89153,1837,-929
1063,GGB,2020-09-17,0 days 15:59:48.284989,44717,4.12,4.11,236361,179243,444,-4556
1064,GIS,2020-09-17,0 days 15:55:00.233169,416524,57.5,57.49,2526,2587,-9752,28502
1065,GIS,2020-09-17,0 days 15:57:34.238477,440301,57.42,57.41,2194,500,1896,-2404
1066,GIS,2020-09-17,0 days 15:57:35.238878,437897,57.42,57.41,2480,958,-2404,1896
1067,GIS,2020-09-17,0 days 15:57:40.238685,440301,57.42,57.41,3816,776,5396,-4
1068,GIS,2020-09-17,0 days 15:57:41.239240,435727,57.42,57.41,2516,1939,-4574,5396
1069,GIS,2020-09-17,0 days 15:57:42.239090,440301,57.42,57.41,3165,1837,4055,-4574
1070,GIS,2020-09-17,0 days 15:57:43.239188,437527,57.42,57.41,2715,2637,-2774,4055
1071,GIS,2020-09-17,0 days 15:57:48.239047,440301,57.41,57.4,1355,1208,1396,-104
1072,GIS,2020-09-17,0 days 15:57:49.238804,433197,57.41,57.4,1844,1708,-7104,1396
1073,GIS,2020-09-17,0 days 15:59:03.243097,445901,57.52,57.51,995,6679,17371,-1333
1074,GIS,2020-09-17,0 days 15:59:04.242947,435888,57.54,57.53,2013,1160,-14930,17371
1075,GIS,2020-09-17,0 days 15:59:12.244857,451618,57.53,57.52,495,2582,7487,-708
1076,GIS,2020-09-17,0 days 15:59:13.242960,448980,57.54,57.53,985,1058,-2638,7487
1077,GIS,2020-09-17,0 days 15:59:23.242492,451618,57.53,57.52,1471,3216,12326,-835
1078,GIS,2020-09-17,0 days 15:59:24.242565,450753,57.54,57.52,1575,3678,-865,12326
1079,GIS,2020-09-17,0 days 15:59:25.243323,451618,57.54,57.53,1675,230,1551,-865
1080,GIS,2020-09-17,0 days 15:59:26.242342,450969,57.53,57.52,1896,3208,-649,1551
1081,GIS,2020-09-17,0 days 15:59:28.243052,451618,57.53,57.52,1396,3299,1397,-549
1082,GIS,2020-09-17,0 days 15:59:29.243819,451115,57.54,57.53,485,2000,-503,1397
1083,GIS,2020-09-17,0 days 15:59:33.243614,451618,57.55,57.54,202,2017,772,-503
1084,GIS,2020-09-17,0 days 15:59:47.244275,454041,57.56,57.55,200,4275,4155,-1191
1085,GLW,2020-09-17,0 days 15:59:51.234740,2519096,32.82,32.81,5700,5800,-10336,3964
1086,GM,2020-09-17,0 days 15:55:00.237918,562488,31.85,31.84,5124,3177,57665,-8926
1087,GM,2020-09-17,0 days 15:55:28.239681,619757,31.87,31.86,3909,7894,-15051,3954
1088,GM,2020-09-17,0 days 15:55:29.239470,616408,31.87,31.86,3509,8694,3349,-15051
1089,GM,2020-09-17,0 days 15:55:57.240756,622967,31.85,31.84,4487,5600,-5141,6559
1090,GM,2020-09-17,0 days 15:55:59.240249,621940,31.85,31.84,4488,8238,1027,-25173
1091,GM,2020-09-17,0 days 15:56:00.243012,622967,31.86,31.85,2756,5899,-255,1027
1092,GM,2020-09-17,0 days 15:56:01.241998,622022,31.86,31.85,4256,5312,945,-255
1093,GM,2020-09-17,0 days 15:56:07.240785,622976,31.85,31.84,6210,4535,-3259,930
1094,GM,2020-09-17,0 days 15:56:08.240777,622435,31.85,31.84,5926,3735,541,-3259
1095,GM,2020-09-17,0 days 15:56:11.240610,626965,31.85,31.84,7909,2200,-952,844
1096,GM,2020-09-17,0 days 15:56:12.241048,626317,31.85,31.84,7832,2955,648,-952
1097,GM,2020-09-17,0 days 15:56:34.241993,630065,31.85,31.84,6001,3892,-1880,720
1098,GM,2020-09-17,0 days 15:58:44.247318,716235,31.9,31.89,3380,4604,-7054,1946
1099,GM,2020-09-17,0 days 15:59:06.250445,733763,31.91,31.9,2187,8839,65848,-8172
1100,GM,2020-09-17,0 days 15:59:30.252051,740888,31.93,31.92,15478,5363,841,-2059
1101,GM,2020-09-17,0 days 15:59:37.249083,764240,31.94,31.93,29317,2905,1289,-9214
1102,GM,2020-09-17,0 days 15:59:56.248294,761936,31.93,31.92,15869,1119,1992,-1168
1103,GME,2020-09-17,0 days 15:59:56.255681,328007,9.2,9.19,7781,11581,-25573,327
1104,GOLD,2020-09-17,0 days 15:59:08.255497,330929,29.12,29.11,31557,36395,-1893,5979
1105,GOLD,2020-09-17,0 days 15:59:10.256668,325453,29.12,29.11,53228,11375,5476,-21733
1106,GOLD,2020-09-17,0 days 15:59:42.255889,334399,29.13,29.12,19265,52398,4385,-41215
1107,GPK,2020-09-17,0 days 15:59:15.246730,580554,14.18,14.17,26027,12524,78407,-219422
1108,GPK,2020-09-17,0 days 15:59:45.246228,653226,14.21,14.2,6545,49683,-14238,14623
1109,GPS,2020-09-17,0 days 15:57:35.234984,591197,16.87,16.86,15557,16826,-3918,5982
1110,GPS,2020-09-17,0 days 15:57:36.235293,585415,16.87,16.86,19578,5726,5782,-3918
1111,GPS,2020-09-17,0 days 15:58:14.237107,593928,16.87,16.86,2653,23722,-126,9874
1112,GPS,2020-09-17,0 days 15:58:20.236631,585654,16.87,16.86,16929,3443,7874,-126
1113,GPS,2020-09-17,0 days 15:59:08.239338,599585,16.89,16.88,9534,11495,-15791,5015
1114,GPS,2020-09-17,0 days 15:59:31.240739,600833,16.89,16.88,16673,13146,1595,-11305
1115,GPS,2020-09-17,0 days 15:59:35.239029,602428,16.89,16.88,10140,21853,-186,1595
1116,GRUB,2020-09-17,0 days 15:59:09.282556,286020,68.72,68.71,4538,603,112,-849
1117,GRUB,2020-09-17,0 days 15:59:20.282379,284927,68.72,68.71,2654,1364,-1093,396
1118,GRUB,2020-09-17,0 days 15:59:23.284998,280858,68.68,68.65,708,359,22481,-93
1119,GRUB,2020-09-17,0 days 15:59:24.282743,281739,68.72,68.69,1783,363,-7581,22481
1120,GRUB,2020-09-17,0 days 15:59:31.284305,288787,68.77,68.71,500,658,5967,-1117
1121,GRUB,2020-09-17,0 days 15:59:32.283960,292554,68.77,68.72,400,1635,-1902,5967
1122,GRUB,2020-09-17,0 days 15:59:36.284037,293049,68.77,68.72,400,1283,-1170,217
1123,GRUB,2020-09-17,0 days 15:59:37.283288,293019,68.77,68.72,200,1283,30,-1170
1124,GRUB,2020-09-17,0 days 15:59:43.283476,293149,68.77,68.72,100,3004,-28,130
1125,GRUB,2020-09-17,0 days 15:59:45.285749,293267,68.77,68.72,300,3145,505,-28
1126,GRUB,2020-09-17,0 days 15:59:48.284898,295109,68.77,68.72,300,3142,-513,1364
1127,GRUB,2020-09-17,0 days 15:59:49.284978,295422,68.77,68.72,300,3042,1028,-513
1128,GRUB,2020-09-17,0 days 15:59:57.286290,296383,68.85,68.76,200,4379,-1903,2733
1129,GRUB,2020-09-17,0 days 15:59:58.288225,293622,68.86,68.76,4600,3981,4549,-1903
1130,GS,2020-09-17,0 days 15:59:19.249112,363759,194.8,194.75,100,175,-512,7351
1131,GS,2020-09-17,0 days 15:59:20.249259,361232,194.79,194.76,336,200,2527,-512
1132,GS,2020-09-17,0 days 15:59:23.250250,366391,194.76,194.72,597,415,-26583,338
1133,GS,2020-09-17,0 days 15:59:36.249658,385683,194.74,194.69,204,669,12548,-12838
1134,GS,2020-09-17,0 days 15:59:41.251843,390782,194.81,194.76,100,636,-452,6958
1135,GSK,2020-09-17,0 days 15:56:00.250010,13302,39.47,39.46,5726,6400,-50,900
1136,GSK,2020-09-17,0 days 15:59:06.256128,15667,39.42,39.41,6535,4889,2398,-223
1137,GSX,2020-09-17,0 days 15:55:00.874665,39313,105.0,104.99,300,808,-24368,13449
1138,GSX,2020-09-17,0 days 15:55:12.874537,30581,105.16,105.04,700,1531,1032,-6368
1139,GSX,2020-09-17,0 days 15:58:28.882928,38671,105.33,105.25,1470,800,-310,190
1140,GSX,2020-09-17,0 days 15:58:29.880619,37481,105.43,105.34,369,100,1190,-310
1141,GSX,2020-09-17,0 days 15:58:33.880640,38671,105.43,105.34,469,543,-54,1290
1142,GSX,2020-09-17,0 days 15:58:34.880083,37525,105.43,105.34,469,1023,1146,-54
1143,GSX,2020-09-17,0 days 15:59:18.881131,41367,105.44,105.25,1341,870,-1445,1186
1144,GSX,2020-09-17,0 days 15:59:19.881611,40412,105.44,105.25,1297,1125,955,-1445
1145,HAL,2020-09-17,0 days 15:57:15.237917,1046165,14.76,14.75,55896,41048,1013,-2061
1146,HAL,2020-09-17,0 days 15:57:27.238237,1020078,14.76,14.75,67923,42673,-26087,2613
1147,HAL,2020-09-17,0 days 15:58:45.241919,916804,14.75,14.74,84254,45483,-18512,89688
1148,HAL,2020-09-17,0 days 15:59:15.246257,1175067,14.78,14.77,18957,45402,247271,-112102
1149,HAL,2020-09-17,0 days 15:59:16.242749,1171033,14.8,14.79,17411,67820,-21234,247271
1150,HAL,2020-09-17,0 days 15:59:27.242523,1211269,14.81,14.8,12366,53482,12020,-8880
1151,HAL,2020-09-17,0 days 15:59:28.242873,1206089,14.81,14.8,8407,63245,-5180,12020
1152,HAL,2020-09-17,0 days 15:59:42.243410,1349768,14.85,14.84,54907,20250,5648,-39345
1153,HBI,2020-09-17,0 days 15:55:00.239088,468109,15.78,15.77,4020,25296,586356,-164209
1154,HBI,2020-09-17,0 days 15:55:08.238355,402665,15.81,15.8,8530,8098,-65644,584556
1155,HBI,2020-09-17,0 days 15:55:09.238739,468109,15.8,15.79,9800,9072,643956,-65644
1156,HBI,2020-09-17,0 days 15:55:45.241159,402666,15.82,15.81,15802,3169,-65643,584557
1157,HBI,2020-09-17,0 days 15:55:46.240448,468109,15.8,15.79,2400,20561,643957,-65643
1158,HBI,2020-09-17,0 days 15:56:17.241691,541119,15.8,15.79,12111,5026,638111,-10783
1159,HD,2020-09-17,0 days 15:59:31.257899,470222,279.8,279.69,100,1317,-3816,828
1160,HD,2020-09-17,0 days 15:59:32.255174,468674,279.8,279.69,100,1317,1196,-3816
1161,HD,2020-09-17,0 days 15:59:41.257941,469061,279.93,279.89,528,200,-6418,501
1162,HD,2020-09-17,0 days 15:59:42.255798,468179,279.94,279.89,125,448,882,-6418
1163,HD,2020-09-17,0 days 15:59:45.259766,469094,279.98,279.9,113,400,-175,165
1164,HES,2020-09-17,0 days 15:59:15.881676,357118,44.22,44.21,671,701,69117,-121007
1165,HFC,2020-09-17,0 days 15:59:15.253427,498097,22.22,22.21,300,2840,67456,-451
1166,HFC,2020-09-17,0 days 15:59:17.249467,493853,22.28,22.27,875,776,-4744,20056
1167,HFC,2020-09-17,0 days 15:59:29.249966,498033,22.27,22.26,760,1513,-564,2836
1168,HFC,2020-09-17,0 days 15:59:49.247099,535451,22.26,22.25,471,1772,1504,-11346
1169,HIG,2020-09-17,0 days 15:55:42.272732,369052,37.57,37.56,700,1660,-1874,2926
1170,HIG,2020-09-17,0 days 15:55:43.272939,366926,37.57,37.56,900,1360,2126,-1874
1171,HIG,2020-09-17,0 days 15:58:49.280697,374759,37.63,37.62,2203,4325,-1161,939
1172,HIG,2020-09-17,0 days 15:58:50.280715,372945,37.63,37.62,3172,4498,1814,-1161
1173,HIG,2020-09-17,0 days 15:59:22.282681,391523,37.62,37.61,1200,1247,-461,6157
1174,HIG,2020-09-17,0 days 15:59:43.283598,395395,37.62,37.61,958,1359,1049,-377
1175,HIG,2020-09-17,0 days 15:59:45.285870,395462,37.63,37.62,2336,800,-3047,1049
1176,HL,2020-09-17,0 days 15:55:00.958430,428264,5.76,5.75,33075,42349,172746,-134998
1177,HL,2020-09-17,0 days 15:55:01.955207,418010,5.76,5.75,46785,52365,-10254,172746
1178,HL,2020-09-17,0 days 15:58:51.964427,440218,5.76,5.75,74492,76958,27016,-6684
1179,HL,2020-09-17,0 days 15:58:52.964847,429734,5.76,5.75,74492,82558,-10484,27016
1180,HL,2020-09-17,0 days 15:59:11.967507,439531,5.76,5.75,69257,70036,37754,-546
1181,HL,2020-09-17,0 days 15:59:48.970756,568181,5.77,5.76,78184,127663,3562,-1816
1182,HL,2020-09-17,0 days 15:59:49.973024,566643,5.77,5.76,95227,119463,-1538,3562
1183,HLT,2020-09-17,0 days 15:55:40.232405,926231,91.32,91.31,210,218,-4363,54841
1184,HLT,2020-09-17,0 days 15:56:07.233378,931387,91.41,91.37,594,1830,290,-710
1185,HLT,2020-09-17,0 days 15:56:08.233642,930977,91.39,91.36,720,921,-410,290
1186,HLT,2020-09-17,0 days 15:57:20.234171,931322,91.31,91.27,415,601,518,-385
1187,HLT,2020-09-17,0 days 15:57:21.234049,930940,91.31,91.27,415,1176,-382,518
1188,HLT,2020-09-17,0 days 15:57:36.235309,947454,91.24,91.23,100,200,10486,-1814
1189,HLT,2020-09-17,0 days 15:57:37.235102,945640,91.24,91.22,100,300,-1814,10486
1190,HLT,2020-09-17,0 days 15:57:41.235184,949954,91.25,91.22,934,769,3886,-4314
1191,HLT,2020-09-17,0 days 15:57:42.235348,947940,91.24,91.22,519,100,-5714,3886
1192,HLT,2020-09-17,0 days 15:57:46.236487,937858,91.21,91.19,200,207,13482,-2314
1193,HLT,2020-09-17,0 days 15:57:47.235740,936940,91.22,91.19,200,507,-918,13482
1194,HLT,2020-09-17,0 days 15:57:51.235752,937858,91.22,91.19,457,1784,3682,-418
1195,HLT,2020-09-17,0 days 15:57:52.236745,938540,91.22,91.21,151,200,-15118,3682
1196,HLT,2020-09-17,0 days 15:57:53.235940,953658,91.23,91.21,800,200,3482,-15118
1197,HLT,2020-09-17,0 days 15:57:54.235643,951340,91.24,91.22,200,507,-2318,3482
1198,HLT,2020-09-17,0 days 15:58:02.235984,954154,91.26,91.25,601,267,586,-2814
1199,HLT,2020-09-17,0 days 15:58:03.236591,951840,91.29,91.27,200,354,-2314,586
1200,HLT,2020-09-17,0 days 15:58:32.237240,953974,91.27,91.25,300,400,5366,-10834
1201,HLT,2020-09-17,0 days 15:58:33.237371,951540,91.28,91.25,1622,1437,-2434,5366
1202,HLT,2020-09-17,0 days 15:58:50.238049,954193,91.28,91.25,676,1801,1374,-626
1203,HLT,2020-09-17,0 days 15:58:51.238450,952167,91.28,91.25,900,507,-2026,1374
1204,HLT,2020-09-17,0 days 15:59:00.240384,949616,91.24,91.23,191,445,3053,-1528
1205,HLT,2020-09-17,0 days 15:59:01.239887,948698,91.24,91.23,200,445,-918,3053
1206,HLT,2020-09-17,0 days 15:59:07.239419,949876,91.25,91.23,482,641,791,-691
1207,HLT,2020-09-17,0 days 15:59:08.239338,949106,91.28,91.25,149,500,-770,791
1208,HLT,2020-09-17,0 days 15:59:43.240381,962834,91.23,91.19,677,400,14018,-21182
1209,HLT,2020-09-17,0 days 15:59:44.239901,961752,91.23,91.19,544,574,-4224,14018
1210,HLT,2020-09-17,0 days 15:59:45.241888,966276,91.23,91.2,680,200,821,-4224
1211,HLT,2020-09-17,0 days 15:59:48.240290,965297,91.24,91.21,404,300,-16979,821
1212,HLT,2020-09-17,0 days 15:59:53.240900,970476,91.23,91.18,233,1400,5021,-6779
1213,HLX,2020-09-17,0 days 15:55:59.247214,146825,3.1,3.09,30822,38628,213,-202
1214,HLX,2020-09-17,0 days 15:59:03.255118,152608,3.1,3.09,50768,29146,-791,1878
1215,HLX,2020-09-17,0 days 15:59:44.256027,221787,3.1,3.09,70591,9825,5956,-4779
1216,HLX,2020-09-17,0 days 15:59:45.259560,218743,3.1,3.09,83904,5287,-8344,5956
1217,HMY,2020-09-17,0 days 15:57:52.278631,127752,5.77,5.76,111787,61048,7574,-126
1218,HMY,2020-09-17,0 days 15:59:47.283233,132727,5.77,5.76,140888,54494,2598,-4902
1219,HOG,2020-09-17,0 days 15:55:48.272762,276516,25.83,25.82,2618,1794,-5344,5456
1220,HOG,2020-09-17,0 days 15:57:34.277139,288706,25.8,25.79,4326,360,-786,914
1221,HOG,2020-09-17,0 days 15:57:35.277396,287992,25.79,25.78,546,2125,414,-786
1222,HOG,2020-09-17,0 days 15:57:36.277345,288706,25.79,25.78,246,3028,-2086,414
1223,HOG,2020-09-17,0 days 15:57:54.277679,288870,25.8,25.79,1169,4179,-522,1378
1224,HOG,2020-09-17,0 days 15:59:50.287911,322113,25.8,25.79,4921,816,-672,162
