,Symbol,Timestamp,TIME,iPaired,Ask_P,Bid_P,Ask_S,Bid_S,iShares,PreviShares
0,ABB,2020-05-29,0 days 15:58:51.126777,25604,19.69,19.68,17362,16597,438,-196
1,ABB,2020-05-29,0 days 15:59:06.165184,26905,19.69,19.68,22651,11219,-1224,438
2,ABB,2020-05-29,0 days 15:59:36.232667,28129,19.68,19.67,24366,8758,976,-1224
3,ABB,2020-05-29,0 days 15:59:37.234979,28005,19.68,19.67,23666,8858,-124,976
4,ABEV,2020-05-29,0 days 15:58:11.022239,1100987,2.34,2.33,891718,902818,-105706,144294
5,ABR,2020-05-29,0 days 15:55:00.593915,554174,8.43,8.42,1324,1085,141062,-233493
6,ABT,2020-05-29,0 days 16:00:00.304232,3259699,95.16,95.13,199625,8141,-120626,213615
7,ACB,2020-05-29,0 days 15:59:52.268485,26960,14.09,14.06,598,1300,-8396,276
8,ACN,2020-05-29,0 days 15:56:00.718086,718955,202.29,202.22,100,951,1480,-5220
9,ACN,2020-05-29,0 days 15:57:24.918138,718450,202.35,202.31,102,400,-726,1174
10,ACN,2020-05-29,0 days 15:57:25.920249,717876,202.35,202.31,102,200,574,-726
11,ACN,2020-05-29,0 days 15:57:35.944132,718350,202.4,202.36,100,191,-4726,274
12,ACN,2020-05-29,0 days 15:58:31.077348,758351,202.18,202.11,400,107,-2283,4317
13,ACN,2020-05-29,0 days 15:58:46.113079,759292,202.16,202.12,300,100,6459,-441
14,ACN,2020-05-29,0 days 15:58:47.117186,756651,202.16,202.12,100,100,-41,6459
15,ACN,2020-05-29,0 days 15:59:08.169986,767297,202.32,202.25,300,636,1624,-888
16,ACN,2020-05-29,0 days 15:59:09.172298,764821,202.29,202.23,300,500,-2176,1624
17,ADM,2020-05-29,0 days 15:59:10.176089,901139,39.41,39.4,2762,347,-8260,1376
18,ADM,2020-05-29,0 days 15:59:19.192181,902439,39.35,39.34,2505,1100,-22539,1385
19,ADM,2020-05-29,0 days 15:59:21.197574,864766,39.32,39.31,1448,620,38078,-9034
20,ADM,2020-05-29,0 days 15:59:34.230743,900965,39.38,39.37,1200,307,1274,-4005
21,ADM,2020-05-29,0 days 15:59:51.270733,903839,39.4,39.37,1500,2282,-17819,12686
22,ADM,2020-05-29,0 days 15:59:53.272402,897460,39.4,39.37,1500,1429,5079,-17819
23,ADM,2020-05-29,0 days 15:59:54.276629,903839,39.42,39.4,1700,1451,-30143,5079
24,ADM,2020-05-29,0 days 15:59:55.277768,897460,39.38,39.37,500,200,5079,-30143
25,AEE,2020-05-29,0 days 15:55:00.568372,439114,74.86,74.84,300,100,-8614,63157
26,AEE,2020-05-29,0 days 15:59:15.179188,455247,74.88,74.87,198,200,13,-3480
27,AEE,2020-05-29,0 days 15:59:22.195451,450638,74.85,74.82,1201,100,-709,4913
28,AEE,2020-05-29,0 days 15:59:59.274835,447426,74.77,74.74,1491,1424,132,-6606
29,AEO,2020-05-29,0 days 15:57:53.993468,490774,9.17,9.16,10800,14558,3899,-8801
30,AEO,2020-05-29,0 days 15:59:21.206269,504483,9.18,9.17,34722,19801,3448,-6711
31,AEO,2020-05-29,0 days 15:59:45.266166,504483,9.18,9.17,15547,34383,4048,-811
32,AEO,2020-05-29,0 days 15:59:46.267830,499072,9.19,9.18,23097,30377,-5411,4048
33,AEO,2020-05-29,0 days 15:59:57.293875,496583,9.17,9.16,23757,7127,7148,-852
34,AES,2020-05-29,0 days 15:55:32.652943,1011154,12.56,12.55,10546,17647,-7065,15035
35,AES,2020-05-29,0 days 15:55:33.655361,998219,12.56,12.55,12955,16647,12935,-7065
36,AES,2020-05-29,0 days 15:55:55.708060,1011154,12.55,12.54,16480,17012,-91468,16671
37,AES,2020-05-29,0 days 15:55:56.709539,1010922,12.55,12.54,18600,15212,232,-91468
38,AES,2020-05-29,0 days 15:55:57.712169,1011154,12.55,12.54,25729,13812,-689,232
39,AES,2020-05-29,0 days 15:57:20.909012,1011562,12.54,12.53,23520,16863,-94955,1192
40,AES,2020-05-29,0 days 15:58:51.126748,1074543,12.54,12.53,11696,25347,-28174,3826
41,AES,2020-05-29,0 days 15:59:49.263224,1514550,12.48,12.47,14132,69686,-4128,16876
42,AFL,2020-05-29,0 days 15:51:51.132607,7495590,36.43,36.41,500,800,-15999,19298
43,AFL,2020-05-29,0 days 15:51:59.152544,7511589,36.41,36.4,500,530,19298,-15999
44,AFL,2020-05-29,0 days 15:55:00.573939,9391093,36.28,36.27,1527,800,-400788,223096
45,AFL,2020-05-29,0 days 15:55:14.607705,9569881,36.18,36.17,2499,1300,32953,-57747
46,AFL,2020-05-29,0 days 15:55:37.666263,9593373,36.21,36.2,3500,700,-4408,8653
47,AFL,2020-05-29,0 days 15:55:59.717083,9578963,36.26,36.25,500,1848,77673,-29976
48,AFL,2020-05-29,0 days 15:56:00.722228,9621596,36.28,36.27,727,3286,-36931,77673
49,AFL,2020-05-29,0 days 15:58:42.107427,10084036,36.39,36.38,1001,819,173223,-44740
50,AFL,2020-05-29,0 days 15:59:36.231523,10124040,36.46,36.45,3373,600,-165418,35694
51,AFL,2020-05-29,0 days 15:59:37.234091,10120981,36.43,36.42,685,2370,100497,-165418
52,AFL,2020-05-29,0 days 15:59:38.236061,10124040,36.44,36.43,1015,1948,-89618,100497
53,AFL,2020-05-29,0 days 15:59:40.242740,10108588,36.45,36.44,264,2304,1969,-10501
54,AGI,2020-05-29,0 days 15:58:26.084174,49105,8.1,8.09,9254,49818,2240,-160
55,AGI,2020-05-29,0 days 15:59:41.257016,49968,8.1,8.09,39553,2644,1336,-4764
56,ALLY,2020-05-29,0 days 15:55:00.579772,1954557,17.52,17.51,6457,1300,10246,-95358
57,ALLY,2020-05-29,0 days 15:55:59.719646,1965203,17.51,17.5,14607,7095,-38043,5042
58,ALLY,2020-05-29,0 days 15:56:00.723646,1957146,17.5,17.49,12097,4570,7657,-38043
59,ALLY,2020-05-29,0 days 15:57:29.936419,1933341,17.52,17.51,12060,21236,-4398,6702
60,ALLY,2020-05-29,0 days 15:57:39.959660,1958639,17.52,17.51,17748,13209,14702,-25298
61,ALLY,2020-05-29,0 days 15:57:45.974373,1973341,17.52,17.51,20367,26846,-9398,16302
62,ALLY,2020-05-29,0 days 15:57:46.977161,1970439,17.52,17.51,23109,26746,2902,-9398
63,ALLY,2020-05-29,0 days 15:57:48.981380,1933341,17.52,17.51,29216,26658,-33511,2902
64,ALLY,2020-05-29,0 days 15:58:03.016175,1950752,17.52,17.51,39810,20153,23433,-17567
65,ALLY,2020-05-29,0 days 15:58:43.112853,1974341,17.52,17.51,46549,5869,-11,3789
66,ALLY,2020-05-29,0 days 15:58:54.140565,1971181,17.51,17.5,15502,15680,3160,-11
67,ALLY,2020-05-29,0 days 15:59:10.181051,1995256,17.5,17.49,9468,14710,-214722,3307
68,AM,2020-05-29,0 days 15:52:53.312813,1269400,4.81,4.8,10670,13109,3542,-11258
69,AM,2020-05-29,0 days 15:55:00.612202,1612997,4.8,4.79,16348,16878,-2918,3542
70,AM,2020-05-29,0 days 15:55:31.687612,1615915,4.79,4.78,13537,19200,2882,-2918
71,AM,2020-05-29,0 days 15:55:32.689270,1604597,4.79,4.78,13537,19310,-11318,2882
72,AM,2020-05-29,0 days 15:57:03.908657,1636576,4.8,4.79,12300,8588,270,-14530
73,AM,2020-05-29,0 days 15:57:09.923707,1615746,4.79,4.78,8335,15209,-12269,8831
74,AM,2020-05-29,0 days 15:57:13.933640,1621415,4.78,4.77,14788,10900,1001569,-12269
75,AM,2020-05-29,0 days 15:58:02.050608,1536046,4.8,4.79,19683,18094,-3739,8161
76,AM,2020-05-29,0 days 15:58:15.082707,1538304,4.8,4.79,35700,22084,-1481,519
77,AMH,2020-05-29,0 days 15:51:13.013007,326908,25.22,25.2,1389,3400,-23469,21431
78,AMH,2020-05-29,0 days 15:55:26.621910,440174,25.27,25.26,1415,3000,65083,-89917
79,AMH,2020-05-29,0 days 15:55:27.624319,432157,25.28,25.27,2602,2300,-8017,65083
80,AMH,2020-05-29,0 days 15:57:19.893813,442863,25.32,25.31,5986,4229,1803,-6497
81,AMH,2020-05-29,0 days 15:57:20.895959,435666,25.32,25.31,6186,4091,-5297,1803
82,AMH,2020-05-29,0 days 15:59:18.178227,405846,25.25,25.24,4238,1100,-446,49496
83,AMH,2020-05-29,0 days 15:59:45.241939,407589,25.25,25.24,1763,3112,-2436,62318
84,AMH,2020-05-29,0 days 15:59:46.245107,410025,25.25,25.24,1763,2912,2542,-2436
85,AMT,2020-05-29,0 days 15:55:59.716354,493531,258.69,258.63,305,810,-4920,380
86,AMT,2020-05-29,0 days 15:56:00.720282,491751,258.65,258.57,300,100,1780,-4920
87,AMT,2020-05-29,0 days 15:59:08.170338,545069,258.54,258.45,500,200,-6305,14163
88,AMT,2020-05-29,0 days 15:59:09.172605,543474,258.54,258.45,400,198,1595,-6305
89,AMT,2020-05-29,0 days 15:59:10.176225,545069,258.54,258.45,514,205,-1322,1595
90,AMT,2020-05-29,0 days 15:59:11.178108,542891,258.52,258.4,840,500,2178,-1322
91,AMT,2020-05-29,0 days 15:59:18.190437,545069,258.48,258.43,1108,202,-29480,2978
92,AMT,2020-05-29,0 days 15:59:28.214262,552237,258.26,258.16,1191,1400,2932,-568
93,AMT,2020-05-29,0 days 15:59:33.231522,555208,258.29,258.22,178,195,-329,822
94,AMT,2020-05-29,0 days 15:59:35.234188,551637,258.29,258.2,179,200,3532,-4068
95,AMT,2020-05-29,0 days 15:59:38.236094,551669,258.28,258.2,400,206,-3868,1271
96,AMT,2020-05-29,0 days 15:59:42.247722,551137,258.35,258.26,200,702,532,-468
97,AMT,2020-05-29,0 days 15:59:43.249048,551669,258.45,258.26,125,812,-386,532
98,AMT,2020-05-29,0 days 15:59:47.259427,550386,258.25,258.13,300,100,4922,-1068
99,AMT,2020-05-29,0 days 15:59:49.263490,555648,258.24,258.14,300,330,-101,208
100,AMT,2020-05-29,0 days 15:59:58.286748,550805,258.23,258.02,700,334,4843,-2131
101,APA,2020-05-29,0 days 15:55:00.577575,10554744,10.79,10.78,2417,4400,310022,-1910100
102,APA,2020-05-29,0 days 15:55:01.578649,10612359,10.81,10.8,14700,1610,-577132,310022
103,APA,2020-05-29,0 days 15:55:40.673794,10672859,10.79,10.78,8103,55516,-135802,126898
104,APA,2020-05-29,0 days 15:55:53.704746,10808661,10.79,10.78,18197,47258,160932,-19082
105,APA,2020-05-29,0 days 15:58:37.097247,11870623,10.78,10.77,9055,6733,-32202,603868
106,APA,2020-05-29,0 days 15:58:38.099708,11850225,10.78,10.77,8755,7567,20398,-32202
107,APA,2020-05-29,0 days 15:59:01.156813,11792902,10.79,10.78,4800,7617,-94237,29077
108,APA,2020-05-29,0 days 15:59:02.158949,11785039,10.79,10.78,6198,8071,7863,-94237
109,APA,2020-05-29,0 days 15:59:22.206669,12200247,10.77,10.76,7904,1748,-139974,405326
110,APA,2020-05-29,0 days 15:59:23.209420,12191721,10.76,10.75,4402,4358,405126,-139974
111,APA,2020-05-29,0 days 15:59:24.211861,12229614,10.77,10.76,4824,2975,-110307,405126
112,APA,2020-05-29,0 days 15:59:29.223564,12219221,10.76,10.75,2183,7334,419347,-113907
113,APA,2020-05-29,0 days 15:59:30.227689,12229614,10.76,10.75,2459,4976,-113707,419347
114,APA,2020-05-29,0 days 15:59:31.229976,12156813,10.75,10.74,2900,7526,760455,-113707
115,APA,2020-05-29,0 days 15:59:40.253042,12154663,10.77,10.76,11948,6821,184478,-172476
116,APA,2020-05-29,0 days 15:59:41.254896,12102314,10.78,10.77,1738,14189,-225549,184478
117,APA,2020-05-29,0 days 15:59:42.256087,12163062,10.77,10.76,12321,4895,220141,-225549
118,APA,2020-05-29,0 days 15:59:43.258542,12256791,10.78,10.77,1203,14069,-127690,220141
119,APA,2020-05-29,0 days 15:59:44.261274,12250381,10.78,10.77,900,11600,50574,-127690
120,APA,2020-05-29,0 days 15:59:58.296198,12154364,10.8,10.79,500,7000,-781725,58825
121,APLE,2020-05-29,0 days 15:55:56.728235,740225,10.31,10.3,3996,19445,12166,-16634
122,APLE,2020-05-29,0 days 15:55:57.730953,738691,10.31,10.3,3221,18781,-1534,12166
123,APO,2020-05-29,0 days 15:58:36.096471,4870450,47.49,47.46,400,500,27972,-24508
124,APO,2020-05-29,0 days 15:58:37.098617,4854322,47.49,47.46,400,500,-10628,27972
125,APO,2020-05-29,0 days 15:58:44.115342,4842250,47.51,47.47,707,200,20888,-2701
126,APO,2020-05-29,0 days 15:58:45.120227,4829638,47.48,47.47,400,700,-7112,20888
127,APO,2020-05-29,0 days 15:58:48.125315,4757033,47.47,47.43,158,100,93205,-7098
128,APO,2020-05-29,0 days 15:58:49.127456,4752338,47.47,47.46,400,522,-78076,93205
129,APO,2020-05-29,0 days 15:59:29.225216,5003367,47.56,47.55,158,300,12366,-72034
130,APO,2020-05-29,0 days 15:59:30.229599,4994533,47.64,47.61,600,800,-129732,12366
131,APO,2020-05-29,0 days 15:59:31.231864,5105115,47.59,47.55,1200,199,7518,-129732
132,APO,2020-05-29,0 days 15:59:33.240853,4990133,47.59,47.55,324,815,-60750,112766
133,APO,2020-05-29,0 days 15:59:35.240505,5039367,47.58,47.52,400,300,5266,-6350
134,APO,2020-05-29,0 days 15:59:37.245632,5044533,47.61,47.58,300,300,-51732,5266
135,APO,2020-05-29,0 days 15:59:44.262806,5098411,47.65,47.62,500,300,-25764,41986
136,APO,2020-05-29,0 days 15:59:50.282612,5089809,47.71,47.57,1600,307,-216787,37016
137,APO,2020-05-29,0 days 15:59:56.291880,5056893,47.69,47.52,100,3600,35116,-4766
138,APO,2020-05-29,0 days 16:00:00.306969,5089809,47.68,47.67,1085,1924,-151892,35116
139,APTV,2020-05-29,0 days 15:56:01.760033,627750,75.47,75.41,220,100,-11952,31282
140,APTV,2020-05-29,0 days 15:56:02.762788,608157,75.29,75.23,500,500,19593,-11952
141,APTV,2020-05-29,0 days 15:57:40.997779,630772,75.44,75.42,600,735,-2684,3216
142,APTV,2020-05-29,0 days 15:57:42.000139,622056,75.42,75.39,400,240,8716,-2684
143,APTV,2020-05-29,0 days 15:59:10.217262,697834,75.28,75.25,300,300,-14141,1476
144,APTV,2020-05-29,0 days 15:59:11.218709,688801,75.24,75.2,300,200,9033,-14141
145,APTV,2020-05-29,0 days 15:59:33.265297,701642,75.29,75.2,100,800,-1433,4667
146,APTV,2020-05-29,0 days 15:59:45.290413,703384,75.26,75.22,290,700,926,-1842
147,APY,2020-05-29,0 days 15:55:40.654844,253858,9.1,9.09,8216,5266,-2981,9558
148,APY,2020-05-29,0 days 15:55:41.658284,245739,9.1,9.09,6598,7110,8119,-2981
149,APY,2020-05-29,0 days 15:59:16.174106,263177,9.05,9.04,8433,600,-583,6740
150,APY,2020-05-29,0 days 15:59:19.179499,258644,9.05,9.03,11656,24300,4533,-583
151,ARGO,2020-05-29,0 days 15:52:03.191626,46611,30.69,30.64,300,319,-23,177
152,ARGO,2020-05-29,0 days 15:53:17.369402,46611,30.72,30.64,300,400,-23,277
153,ARGO,2020-05-29,0 days 15:55:02.616234,50363,30.59,30.48,200,104,-1891,2838
154,ARGO,2020-05-29,0 days 15:55:09.633511,47425,30.59,30.54,200,1000,2838,-1891
155,ARGO,2020-05-29,0 days 15:55:17.653104,50363,30.61,30.51,1005,600,-1891,2838
156,ARGO,2020-05-29,0 days 15:55:39.706618,47425,30.53,30.51,200,100,2838,-1891
157,ARGO,2020-05-29,0 days 15:58:53.173544,49790,30.74,30.69,200,100,-5333,1165
158,ARGO,2020-05-29,0 days 15:58:59.188098,55073,30.71,30.65,300,100,317,-5333
159,ARGO,2020-05-29,0 days 15:59:07.208645,55390,30.72,30.65,893,1000,-8097,232
160,ARMK,2020-05-29,0 days 15:58:41.110109,929622,25.92,25.91,100,1100,-16,9984
161,ARMK,2020-05-29,0 days 15:58:42.112883,929638,25.92,25.9,841,9402,6484,-16
162,ARMK,2020-05-29,0 days 15:59:02.162596,929563,25.94,25.93,932,200,-24594,14724
163,ARMK,2020-05-29,0 days 15:59:03.164614,925157,25.92,25.91,656,400,10906,-24594
164,ARNC,2020-05-29,0 days 15:55:00.574577,353733,14.48,14.46,975,1926,67563,-55575
165,ARNC,2020-05-29,0 days 15:59:08.170056,460272,14.45,14.42,700,1198,-4311,5344
166,ARNC,2020-05-29,0 days 15:59:09.172358,451523,14.45,14.42,840,1098,11606,-4311
167,ARNC,2020-05-29,0 days 15:59:16.185985,460272,14.47,14.43,2669,600,-2964,3493
168,ARNC,2020-05-29,0 days 15:59:17.189101,454302,14.47,14.43,2486,600,8827,-2964
169,ARNC,2020-05-29,0 days 15:59:24.205950,454302,14.47,14.45,2731,1008,5970,-3630
170,ARNC,2020-05-29,0 days 15:59:38.235957,432002,14.47,14.46,467,700,28270,-10668
171,ARNC,2020-05-29,0 days 15:59:40.242708,423799,14.49,14.48,2240,7209,-34803,1670
172,ARNC,2020-05-29,0 days 15:59:46.257837,427802,14.46,14.45,600,584,34942,-12174
173,ATI,2020-05-29,0 days 15:59:14.189808,274127,8.7,8.69,8695,9700,115,-7348
174,ATI,2020-05-29,0 days 15:59:41.256395,270669,8.7,8.69,4944,20117,-3458,5835
175,ATUS,2020-05-29,0 days 15:57:06.881557,6496393,25.86,25.85,1271,1300,-144604,103050
176,ATUS,2020-05-29,0 days 15:57:07.884387,6252818,25.82,25.81,1544,705,243575,-144604
177,ATUS,2020-05-29,0 days 15:57:51.989413,6491063,25.86,25.85,655,2086,9330,-108405
178,ATUS,2020-05-29,0 days 15:58:47.123248,6500393,25.87,25.86,2800,600,-88116,21619
179,ATUS,2020-05-29,0 days 15:58:49.127313,6500174,25.87,25.86,1562,100,219,-63316
180,ATUS,2020-05-29,0 days 15:58:51.132317,6500393,25.88,25.87,1240,1940,-109424,219
181,ATUS,2020-05-29,0 days 15:58:52.137269,6284574,25.84,25.83,1538,1100,215819,-109424
182,ATUS,2020-05-29,0 days 15:58:53.137089,6500393,25.86,25.85,500,900,-83316,215819
183,ATUS,2020-05-29,0 days 15:59:00.159659,6382174,25.86,25.85,1958,100,118433,-109310
184,ATUS,2020-05-29,0 days 15:59:27.219750,6361545,25.69,25.68,2685,2600,184621,-37433
185,ATUS,2020-05-29,0 days 15:59:33.240526,6481664,25.72,25.7,1100,3177,64502,-151233
186,ATUS,2020-05-29,0 days 15:59:34.239633,6546166,25.75,25.74,610,1200,-226470,64502
187,ATUS,2020-05-29,0 days 15:59:35.240159,6480264,25.72,25.71,338,600,65902,-226470
188,ATUS,2020-05-29,0 days 15:59:37.245406,6546166,25.75,25.74,1360,700,-165970,65902
189,ATUS,2020-05-29,0 days 15:59:40.254570,6576568,25.72,25.71,800,1200,127898,-166774
190,ATUS,2020-05-29,0 days 15:59:43.259875,6575831,25.73,25.72,500,2700,138744,-138815
191,ATUS,2020-05-29,0 days 15:59:56.291562,6542476,25.7,25.69,400,100,62916,-253196
192,ATUS,2020-05-29,0 days 15:59:57.293650,6605392,25.74,25.71,800,2520,-13459,62916
193,AUY,2020-05-29,0 days 15:59:05.169158,342633,5.37,5.36,351996,70489,-1642,2163
194,AUY,2020-05-29,0 days 15:59:06.172948,344275,5.37,5.36,354996,62094,4719,-1642
195,AUY,2020-05-29,0 days 15:59:46.269305,354297,5.36,5.35,380945,123159,-3571,6732
196,AUY,2020-05-29,0 days 15:59:48.274228,346668,5.36,5.35,384745,148533,7629,-3571
197,AVTR,2020-05-29,0 days 15:55:00.559053,14826705,19.11,19.1,7486,7300,-580347,236045
198,AVTR,2020-05-29,0 days 15:55:01.560116,14498044,19.02,19.01,4260,3100,328661,-580347
199,AVTR,2020-05-29,0 days 15:55:07.575160,14816087,19.06,19.05,3321,4900,10618,-125922
200,AVTR,2020-05-29,0 days 15:55:56.692502,14827405,19.06,19.05,4911,5032,-21931,15469
201,AVTR,2020-05-29,0 days 15:55:57.694428,14724996,19.05,19.04,500,4100,156409,-21931
202,AVTR,2020-05-29,0 days 15:55:59.698677,14881545,19.04,19.03,10057,2300,-65308,24381
203,AVTR,2020-05-29,0 days 15:56:27.767694,15165803,19.03,19.02,4445,1000,-370342,17057
204,AVTR,2020-05-29,0 days 15:56:46.812118,14489633,19.0,18.99,1100,1502,676170,-124819
205,AVTR,2020-05-29,0 days 15:57:13.877818,14821008,19.0,18.99,12980,7223,344795,-79205
206,AVTR,2020-05-29,0 days 15:59:14.169761,15202789,18.99,18.98,2976,880,-414572,193242
207,AVTR,2020-05-29,0 days 15:59:15.172362,15063316,18.95,18.94,3200,1300,141185,-414572
208,AVTR,2020-05-29,0 days 15:59:18.177538,15204501,18.97,18.96,1560,1500,-136175,95460
209,AVTR,2020-05-29,0 days 15:59:19.179154,15145016,18.96,18.95,4000,501,59485,-136175
210,AVTR,2020-05-29,0 days 15:59:22.186551,15204501,18.98,18.96,1100,2806,-37291,142785
211,AVTR,2020-05-29,0 days 15:59:43.238038,14877659,18.95,18.93,6770,12310,366339,-274543
212,AVTR,2020-05-29,0 days 15:59:58.263193,15309488,18.99,18.97,4023,44200,-259695,183304
213,AXL,2020-05-29,0 days 15:55:43.682995,219342,7.14,7.13,2756,7097,-1023,451
214,AXL,2020-05-29,0 days 15:55:44.685199,218665,7.14,7.13,2394,7597,677,-1023
215,AXL,2020-05-29,0 days 15:55:56.714230,220579,7.14,7.13,3199,7033,-2389,1811
216,AXL,2020-05-29,0 days 15:55:57.716760,219768,7.14,7.13,3299,7033,811,-2389
217,AXL,2020-05-29,0 days 15:57:37.957508,220679,7.13,7.12,5583,12900,-389,811
218,AXL,2020-05-29,0 days 15:57:38.959562,219868,7.13,7.12,5683,12800,811,-389
219,AXL,2020-05-29,0 days 15:58:05.023420,221579,7.14,7.13,4217,9139,-27154,911
220,AXTA,2020-05-29,0 days 15:55:01.615006,260206,23.28,23.27,1007,3439,2680,-1620
221,AXTA,2020-05-29,0 days 15:57:35.985895,263890,23.2,23.19,300,5027,-45756,4143
222,AXTA,2020-05-29,0 days 15:57:36.988624,276546,23.2,23.19,500,5022,28744,-45756
223,AXTA,2020-05-29,0 days 15:57:39.995284,278190,23.2,23.19,1727,8183,-956,2244
224,AXTA,2020-05-29,0 days 15:57:49.016802,259147,23.2,23.19,1030,9041,8243,-1156
225,AXTA,2020-05-29,0 days 15:59:10.217428,294417,23.15,23.14,10178,1800,-34337,10476
226,AXTA,2020-05-29,0 days 15:59:11.218847,292554,23.15,23.14,2819,4418,1363,-34337
227,AXTA,2020-05-29,0 days 15:59:47.293606,308870,23.12,23.11,13642,2509,1200,-2800
228,AZN,2020-05-29,0 days 15:57:44.005006,199526,54.64,54.63,8300,2075,-486,114
229,AZN,2020-05-29,0 days 15:57:45.007565,190712,54.64,54.63,8000,4869,8814,-486
230,AZN,2020-05-29,0 days 15:59:08.211161,195810,54.61,54.6,1555,2363,4868,-13046
231,AZUL,2020-05-29,0 days 15:55:00.568372,22796,7.96,7.94,2127,300,5696,-1591
232,AZUL,2020-05-29,0 days 15:57:27.920790,27729,7.94,7.93,359,1451,563,-37
233,AZUL,2020-05-29,0 days 15:58:58.135236,28176,7.96,7.95,200,1689,-53,163
234,AZUL,2020-05-29,0 days 15:58:59.136856,27629,7.96,7.95,200,1001,547,-53
235,AZUL,2020-05-29,0 days 15:59:03.148475,29276,7.96,7.95,1107,2060,-453,547
236,AZUL,2020-05-29,0 days 15:59:04.150607,28929,7.96,7.95,1107,2060,347,-453
237,AZUL,2020-05-29,0 days 15:59:07.158333,31291,7.96,7.95,100,2441,-438,2362
238,AZUL,2020-05-29,0 days 15:59:08.161850,30829,7.96,7.95,293,2643,462,-438
239,AZUL,2020-05-29,0 days 15:59:49.262610,29960,7.98,7.96,424,524,231,-469
240,BA,2020-05-29,0 days 15:55:00.579552,391489,145.74,145.68,100,300,8124,-60230
241,BA,2020-05-29,0 days 15:55:01.580086,386513,145.77,145.72,200,400,-4976,8124
242,BA,2020-05-29,0 days 15:55:49.696900,391489,145.63,145.59,382,200,331,-851
243,BA,2020-05-29,0 days 15:55:50.699306,388820,145.61,145.56,200,300,-2669,331
244,BA,2020-05-29,0 days 15:56:35.806849,392610,145.54,145.49,100,300,489,-311
245,BA,2020-05-29,0 days 15:56:36.808716,390899,145.6,145.55,600,100,-1711,489
246,BA,2020-05-29,0 days 15:57:42.966616,402913,145.77,145.73,395,500,3202,-5868
247,BA,2020-05-29,0 days 15:57:43.969048,400415,145.81,145.77,200,200,-2598,3202
248,BA,2020-05-29,0 days 15:57:46.977130,404813,145.78,145.72,698,1002,324,-3877
249,BA,2020-05-29,0 days 15:57:48.981380,402237,145.78,145.74,300,200,-2752,3124
250,BA,2020-05-29,0 days 15:57:51.989561,402341,145.78,145.74,300,500,-2648,548
251,BA,2020-05-29,0 days 15:58:03.016175,407089,145.79,145.74,400,400,4648,-1122
252,BA,2020-05-29,0 days 15:58:08.027882,403811,145.74,145.72,150,100,1983,-3370
253,BA,2020-05-29,0 days 15:58:09.032635,406490,145.78,145.75,500,100,-1121,1983
254,BA,2020-05-29,0 days 15:58:15.045450,407711,145.81,145.76,600,300,4879,-2691
255,BA,2020-05-29,0 days 15:58:16.047986,405790,145.78,145.73,400,300,-1821,4879
256,BA,2020-05-29,0 days 15:58:30.081886,407711,145.79,145.76,600,412,4879,-2391
257,BA,2020-05-29,0 days 15:58:31.083807,400720,145.84,145.8,500,176,-8791,4879
258,BA,2020-05-29,0 days 15:58:33.089054,407711,145.8,145.77,600,300,4979,-2891
259,BA,2020-05-29,0 days 15:58:34.092310,400020,145.84,145.8,401,500,-9491,4979
260,BA,2020-05-29,0 days 15:58:48.125288,416995,145.78,145.76,202,100,-3099,9901
261,BA,2020-05-29,0 days 15:58:53.137264,420094,145.72,145.69,400,100,2101,-3603
262,BA,2020-05-29,0 days 15:58:54.140539,417909,145.72,145.68,641,240,-2185,2101
263,BA,2020-05-29,0 days 15:59:01.158426,425794,145.81,145.78,320,828,18441,-6759
264,BA,2020-05-29,0 days 15:59:33.240813,443852,145.91,145.87,229,400,-621,6349
265,BA,2020-05-29,0 days 15:59:34.239862,440873,145.9,145.86,800,100,2979,-621
266,BA,2020-05-29,0 days 15:59:54.288619,440191,146.0,145.93,3016,800,-5183,1236
267,BA,2020-05-29,0 days 15:59:55.290321,441255,145.97,145.91,1600,3698,2136,-5183
268,BAC,2020-05-29,0 days 16:00:00.315556,32813715,24.1,24.09,11449,649961,695765,-177377
269,BAM,2020-05-29,0 days 15:59:48.274600,103529,31.38,31.37,195,1054,-448,252
270,BAX,2020-05-29,0 days 15:57:04.865490,1798970,90.03,90.0,812,100,-66667,26093
271,BAX,2020-05-29,0 days 15:57:05.867161,1793137,89.97,89.94,580,600,5833,-66667
272,BAX,2020-05-29,0 days 15:57:38.944943,1813530,90.09,90.05,101,700,-23136,30
273,BAX,2020-05-29,0 days 15:57:43.956436,1811800,90.06,90.03,300,600,1735,-3301
274,BAX,2020-05-29,0 days 15:57:47.965398,1813535,90.05,90.03,200,300,-1568,2535
275,BAX,2020-05-29,0 days 15:57:53.980032,1841835,89.99,89.97,436,700,-5891,36245
276,BAX,2020-05-29,0 days 15:57:54.982834,1837590,90.02,89.99,453,500,4245,-5891
277,BAX,2020-05-29,0 days 15:57:55.985125,1833435,90.03,90.01,404,100,-3191,4245
278,BAX,2020-05-29,0 days 15:58:58.135173,1859835,89.98,89.96,312,100,-8471,18142
279,BAX,2020-05-29,0 days 15:58:59.136823,1854270,89.98,89.96,312,100,5565,-8471
280,BAX,2020-05-29,0 days 15:59:04.150512,1839497,90.01,89.97,626,700,2338,-10571
281,BAX,2020-05-29,0 days 15:59:32.221622,1851552,89.99,89.97,417,800,-6799,10437
282,BAX,2020-05-29,0 days 15:59:34.227061,1841215,90.01,89.99,513,300,1937,-5899
283,BAX,2020-05-29,0 days 15:59:54.273373,1841343,90.05,89.99,1518,400,-8462,18351
284,BAX,2020-05-29,0 days 15:59:55.274199,1835192,90.05,89.99,1870,400,26851,-8462
285,BAX,2020-05-29,0 days 15:59:56.275793,1841343,90.05,90.0,654,3100,-11295,26851
286,BB,2020-05-29,0 days 15:55:32.636669,41997,4.66,4.65,43008,181395,5,-1495
287,BB,2020-05-29,0 days 15:59:36.221493,47183,4.64,4.63,42894,182422,-2843,3657
288,BB,2020-05-29,0 days 15:59:37.224737,46926,4.64,4.63,42666,175019,57,-2843
289,BBVA,2020-05-29,0 days 15:59:06.150896,44363,3.11,3.1,194456,243353,205,-2869
290,BBY,2020-05-29,0 days 15:55:00.568115,662220,78.25,78.21,200,701,198418,-159658
291,BBY,2020-05-29,0 days 15:57:19.901478,801806,78.32,78.3,630,1218,-126,3
292,BBY,2020-05-29,0 days 15:57:20.904328,791870,78.27,78.23,400,200,9936,-126
293,BBY,2020-05-29,0 days 15:57:45.961050,802106,78.31,78.27,534,500,-4765,2835
294,BBY,2020-05-29,0 days 15:57:46.962539,796247,78.31,78.27,678,590,5859,-4765
295,BBY,2020-05-29,0 days 15:57:47.965398,802106,78.31,78.27,578,806,-1141,5859
296,BBY,2020-05-29,0 days 15:57:51.975684,790047,78.3,78.28,606,800,12059,-3841
297,BBY,2020-05-29,0 days 15:58:05.007704,826747,78.31,78.3,100,100,-3806,19431
298,BBY,2020-05-29,0 days 15:58:06.010409,820653,78.3,78.29,100,1065,9485,-3806
299,BBY,2020-05-29,0 days 15:59:10.166804,838446,78.22,78.2,500,800,-8230,4980
300,BBY,2020-05-29,0 days 15:59:33.228782,840334,78.16,78.15,531,280,-9878,1222
301,BBY,2020-05-29,0 days 15:59:36.230337,839824,78.19,78.16,714,200,510,-190
302,BBY,2020-05-29,0 days 15:59:45.253151,843291,78.15,78.12,400,600,-9821,10779
303,BBY,2020-05-29,0 days 15:59:46.255282,841912,78.14,78.12,100,200,13246,-9821
304,BBY,2020-05-29,0 days 15:59:51.267642,850258,78.16,78.11,1471,300,-566,3468
305,BBY,2020-05-29,0 days 15:59:55.274153,856927,78.18,78.11,2175,3092,3931,-1366
306,BBY,2020-05-29,0 days 15:59:56.275763,850258,78.18,78.11,2960,3192,-1366,3931
307,BBY,2020-05-29,0 days 15:59:57.277439,856927,78.18,78.11,2274,6848,4341,-1366
308,BCE,2020-05-29,0 days 15:59:04.161935,25516,41.5,41.49,423,4505,-378,206
309,BCE,2020-05-29,0 days 15:59:05.163346,24994,41.5,41.49,445,2905,522,-378
310,BCS,2020-05-29,0 days 15:59:07.181807,126568,5.66,5.65,101735,141952,2592,-13258
311,BCS,2020-05-29,0 days 15:59:40.260318,129160,5.66,5.65,80594,124743,-104,796
312,BCS,2020-05-29,0 days 15:59:48.278833,127814,5.66,5.65,102937,107917,1346,-104
313,BEN,2020-05-29,0 days 15:55:00.579285,1483456,18.7,18.69,1574,1300,-261872,307782
314,BEN,2020-05-29,0 days 15:55:49.696841,1620882,18.69,18.68,2801,1142,-1328,2428
315,BEN,2020-05-29,0 days 15:55:50.699275,1618810,18.7,18.69,2293,959,23094,-1328
316,BEN,2020-05-29,0 days 15:56:06.737064,1641904,18.71,18.7,2700,1398,-1806,10394
317,BEN,2020-05-29,0 days 15:56:07.739163,1637910,18.71,18.7,1703,1538,2794,-1806
318,BEN,2020-05-29,0 days 15:57:07.884507,1641301,18.71,18.7,7431,4937,-7909,2691
319,BEN,2020-05-29,0 days 15:57:08.886584,1637510,18.73,18.72,500,4256,3791,-7909
320,BEN,2020-05-29,0 days 15:57:16.905277,1624310,18.74,18.73,4340,2706,2538,-10662
321,BEN,2020-05-29,0 days 16:00:00.306414,2096030,18.89,18.88,219511,10885,-18146,90354
322,BHP,2020-05-29,0 days 15:59:06.171127,83929,47.13,47.12,2734,2414,3977,-873
323,BHP,2020-05-29,0 days 15:59:07.173009,82728,47.13,47.12,200,3614,-2105,3977
324,BHP,2020-05-29,0 days 15:59:50.282337,79168,47.16,47.15,3100,2366,-5665,335
325,BIG,2020-05-29,0 days 15:59:17.202040,184256,38.6,38.58,416,827,-1109,7691
326,BIG,2020-05-29,0 days 15:59:21.206917,185365,38.66,38.6,400,3856,9604,-209
327,BIG,2020-05-29,0 days 15:59:47.270619,192717,38.7,38.68,100,575,355,-545
328,BIG,2020-05-29,0 days 15:59:48.273619,193072,38.7,38.69,100,200,-495,355
329,BJ,2020-05-29,0 days 15:58:41.144860,349948,36.11,36.1,938,688,-7151,3392
330,BJ,2020-05-29,0 days 15:58:42.146911,348456,36.08,36.06,100,210,4692,-7151
331,BK,2020-05-29,0 days 15:59:19.201637,1316734,37.2,37.19,2593,1744,-120442,16770
332,BK,2020-05-29,0 days 15:59:20.205437,1328505,37.14,37.13,3039,800,28082,-120442
333,BK,2020-05-29,0 days 15:59:45.266085,1331543,37.18,37.17,5606,1101,24026,-11744
334,BKR,2020-05-29,0 days 15:59:19.208056,3381060,16.73,16.72,17717,274,-592708,624625
335,BKR,2020-05-29,0 days 15:59:48.278965,3434116,16.53,16.52,6268,1000,-607,40674
336,BOX,2020-05-29,0 days 15:59:10.217262,211564,20.02,20.01,6593,4037,-7116,1809
337,BOX,2020-05-29,0 days 15:59:24.239633,215780,19.99,19.98,8319,5342,6854,-2208
338,BP,2020-05-29,0 days 15:59:48.274296,403694,23.19,23.18,13419,4038,250,-2750
339,BP,2020-05-29,0 days 15:59:50.284071,369651,23.19,23.18,11342,7663,-33443,250
340,BRFS,2020-05-29,0 days 15:59:43.261934,211298,4.29,4.28,57527,116628,3181,-10450
341,BRFS,2020-05-29,0 days 15:59:47.271078,206316,4.29,4.28,93530,112129,-5682,16515
342,BRFS,2020-05-29,0 days 15:59:48.274228,211998,4.29,4.28,96630,94743,7549,-5682
343,BRFS,2020-05-29,0 days 15:59:50.283981,165314,4.29,4.28,78692,108247,-46684,7513
344,BRX,2020-05-29,0 days 15:55:01.580109,628302,11.17,11.16,2638,6733,5950,-16650
345,BRX,2020-05-29,0 days 15:55:46.689427,631369,11.19,11.18,2947,9601,-12,2067
346,BRX,2020-05-29,0 days 15:55:57.715243,605781,11.19,11.18,3672,7784,48888,-12
347,BRX,2020-05-29,0 days 15:55:58.717687,654669,11.19,11.18,2972,7784,-29612,48888
348,BRX,2020-05-29,0 days 15:55:59.719619,647081,11.19,11.18,3372,8184,7588,-29612
349,BRX,2020-05-29,0 days 15:57:08.886651,673719,11.18,11.17,7300,6898,-154555,2673
350,BRX,2020-05-29,0 days 15:58:51.132500,825931,11.18,11.17,5016,8944,-2971,3698
351,BRX,2020-05-29,0 days 15:59:04.164997,831031,11.18,11.17,6618,7596,114,-1185
352,BRX,2020-05-29,0 days 15:59:09.178597,830545,11.18,11.17,7788,7368,-486,114
353,BRX,2020-05-29,0 days 15:59:10.180848,831031,11.18,11.17,10603,1311,168,-486
354,BRX,2020-05-29,0 days 15:59:38.246924,845406,11.17,11.16,3227,10795,-708,2692
355,BRX,2020-05-29,0 days 15:59:40.254915,846114,11.17,11.16,3014,8676,1192,-708
356,BRX,2020-05-29,0 days 15:59:46.267857,846114,11.17,11.16,3231,6757,7373,-282
357,BUD,2020-05-29,0 days 15:55:04.602619,45509,46.95,46.93,700,600,338,-1262
358,BUD,2020-05-29,0 days 15:55:05.605678,44447,46.95,46.93,701,600,-1062,338
359,BUD,2020-05-29,0 days 15:57:04.892417,44579,46.94,46.92,798,1000,-980,420
360,BUD,2020-05-29,0 days 15:57:45.983155,47159,46.98,46.97,300,3400,420,-380
361,BUD,2020-05-29,0 days 15:57:46.985486,46179,46.98,46.97,300,3500,-980,420
362,BUD,2020-05-29,0 days 15:58:43.122097,45559,46.96,46.95,400,441,620,-980
363,BUD,2020-05-29,0 days 15:58:44.124585,44679,46.96,46.94,700,600,-880,620
364,BUD,2020-05-29,0 days 15:59:05.176544,45625,46.92,46.91,772,4677,580,-796
365,BUD,2020-05-29,0 days 15:59:21.213517,46205,47.0,46.96,761,674,-1520,80
366,BUD,2020-05-29,0 days 15:59:25.222366,49789,46.97,46.93,1351,100,1316,-20
367,BUD,2020-05-29,0 days 15:59:26.225015,49605,46.97,46.93,1351,200,-184,1316
368,BUD,2020-05-29,0 days 15:59:33.244718,49789,46.89,46.88,305,871,16,-84
369,BURL,2020-05-29,0 days 15:59:18.225826,324356,210.06,210.0,1000,250,-23317,25650
370,BURL,2020-05-29,0 days 15:59:19.227660,314073,209.51,209.32,200,100,12663,-23317
371,BX,2020-05-29,0 days 15:57:36.933369,973235,56.76,56.75,600,934,-1539,1561
372,BX,2020-05-29,0 days 15:57:37.935100,972874,56.76,56.75,400,1034,361,-1539
373,BX,2020-05-29,0 days 15:57:45.954481,976174,56.77,56.76,100,2587,661,-4239
374,BX,2020-05-29,0 days 15:57:49.965582,976835,56.78,56.76,303,2707,-1039,1061
375,BX,2020-05-29,0 days 15:57:50.966939,976374,56.78,56.76,344,2707,461,-1039
376,BX,2020-05-29,0 days 15:57:55.978360,976835,56.77,56.76,400,1367,-3746,1054
377,BX,2020-05-29,0 days 15:57:56.980124,976381,56.77,56.76,300,2927,454,-3746
378,BX,2020-05-29,0 days 15:58:36.076650,978865,56.76,56.74,407,700,630,-870
379,BX,2020-05-29,0 days 15:59:27.199464,983024,56.71,56.7,100,400,-9504,2996
380,BX,2020-05-29,0 days 15:59:28.202447,981628,56.7,56.68,650,400,1396,-9504
381,BYD,2020-05-29,0 days 15:55:00.568683,129099,21.41,21.4,1233,100,-6080,9017
382,BYD,2020-05-29,0 days 15:58:37.085453,134050,21.47,21.46,203,4625,1797,-2145
383,BYD,2020-05-29,0 days 15:58:38.086976,132047,21.48,21.47,200,720,-2003,1797
384,BYD,2020-05-29,0 days 15:59:09.163868,143438,21.44,21.43,2081,1595,245,-155
385,BYD,2020-05-29,0 days 15:59:15.179345,144163,21.41,21.39,1269,1740,-4932,545
386,CADE,2020-05-29,0 days 15:59:06.179726,288172,8.05,8.04,11858,3522,-2208,4139
387,CADE,2020-05-29,0 days 15:59:08.184625,283680,8.04,8.03,1060,5807,7092,-5208
388,CADE,2020-05-29,0 days 15:59:15.202438,291877,8.05,8.04,10059,1956,-10819,4882
389,CADE,2020-05-29,0 days 15:59:16.204019,286296,8.05,8.04,10264,1884,4476,-10819
390,CAG,2020-05-29,0 days 16:00:00.292899,1206872,34.83,34.82,100,11400,-89528,59421
391,CARR,2020-05-29,0 days 15:59:38.226262,18466004,20.48,20.47,2300,710,378439,-151603
392,CARR,2020-05-29,0 days 15:59:39.231317,18522818,20.61,20.6,2315,2200,-1514161,378439
393,CARR,2020-05-29,0 days 15:59:42.236939,18761966,20.49,20.48,1400,2914,213142,-203618
394,CARR,2020-05-29,0 days 15:59:43.238396,18758308,20.51,20.48,4769,300,-3658,213142
395,CARR,2020-05-29,0 days 15:59:47.247220,18639023,20.48,20.47,789,2235,-124359,462248
396,CARR,2020-05-29,0 days 15:59:48.248689,18763382,20.48,20.47,1589,2300,1383,-124359
397,CARR,2020-05-29,0 days 15:59:51.247993,18686627,20.51,20.48,16018,2487,-76755,278257
398,CAT,2020-05-29,0 days 15:59:18.178420,602429,120.3,120.23,400,120,5353,-3532
399,CAT,2020-05-29,0 days 15:59:19.179533,600132,120.3,120.27,293,514,-2397,5353
400,CAT,2020-05-29,0 days 15:59:50.258451,601192,120.24,120.21,336,475,-5218,1729
401,CAT,2020-05-29,0 days 15:59:58.263679,594760,120.23,120.11,1232,2000,5882,-4533
402,CB,2020-05-29,0 days 15:55:00.579131,374706,122.14,122.07,200,200,-5304,46312
403,CB,2020-05-29,0 days 15:55:01.579929,369410,122.13,122.07,201,200,5296,-5304
404,CB,2020-05-29,0 days 15:55:20.626518,374462,122.16,122.07,475,400,-748,5052
405,CB,2020-05-29,0 days 15:55:21.628885,369210,122.16,122.07,575,400,5252,-748
406,CB,2020-05-29,0 days 15:57:39.959564,379783,122.34,122.31,411,198,-269,837
407,CB,2020-05-29,0 days 15:57:40.962775,376052,122.33,122.31,200,198,3731,-269
408,CB,2020-05-29,0 days 15:57:45.974309,380028,122.31,122.26,500,288,-342,1054
409,CB,2020-05-29,0 days 15:57:46.977059,377170,122.31,122.26,200,288,2613,-342
410,CB,2020-05-29,0 days 15:58:11.035521,380063,122.32,122.25,2006,200,-1046,1224
411,CB,2020-05-29,0 days 15:58:22.065024,378609,122.28,122.25,100,100,1699,-1046
412,CB,2020-05-29,0 days 15:58:43.112729,380078,122.26,122.21,602,600,-2431,1469
413,CB,2020-05-29,0 days 15:58:53.137162,372809,122.2,122.16,1000,300,7269,-2431
414,CB,2020-05-29,0 days 15:59:03.163115,380078,122.21,122.16,300,200,-11780,1720
415,CB,2020-05-29,0 days 15:59:46.267661,424444,122.11,122.07,560,700,1705,-35432
416,CB,2020-05-29,0 days 15:59:49.274913,412415,122.07,121.99,100,800,-129,1252
417,CBL,2020-05-29,0 days 15:59:24.239696,126406,0.32,0.29,82100,3600,113514,-20239
418,CBL,2020-05-29,0 days 15:59:28.249629,168106,0.32,0.29,146772,3600,-20239,113514
419,CBL,2020-05-29,0 days 15:59:43.286332,126406,0.31,0.29,13184,3605,115614,-21439
420,CBL,2020-05-29,0 days 15:59:47.293606,168106,0.3,0.29,600,3305,-15439,65875
421,CBL,2020-05-29,0 days 15:59:52.306568,176345,0.3,0.29,400,300,63575,-15439
422,CCEP,2020-05-29,0 days 15:55:51.699839,2863044,37.73,37.72,300,400,-16274,18339
423,CCEP,2020-05-29,0 days 15:56:52.844997,2926558,37.83,37.81,200,600,-439,13961
424,CCEP,2020-05-29,0 days 15:56:55.852377,2885397,37.84,37.82,278,485,8808,-14492
425,CCEP,2020-05-29,0 days 15:57:07.881492,2882697,37.86,37.84,700,678,11508,-17592
426,CCEP,2020-05-29,0 days 15:58:15.042794,2924773,37.9,37.89,600,1248,8526,-2214
427,CCEP,2020-05-29,0 days 15:58:37.095867,2938588,37.88,37.87,200,482,-55303,12641
428,CCEP,2020-05-29,0 days 15:58:38.097950,2931991,37.87,37.84,400,700,30863,-55303
429,CCEP,2020-05-29,0 days 15:58:55.139871,2940288,37.92,37.88,815,1334,-13603,10663
430,CCEP,2020-05-29,0 days 15:58:56.141696,2933491,37.92,37.88,1407,1434,4625,-13603
431,CCEP,2020-05-29,0 days 15:59:01.153741,2938116,37.92,37.89,300,600,-38775,4625
432,CCEP,2020-05-29,0 days 15:59:02.155705,2933609,37.92,37.89,300,719,347,-38775
433,CCEP,2020-05-29,0 days 15:59:18.187502,3064707,37.81,37.76,360,900,-206660,29980
434,CCEP,2020-05-29,0 days 15:59:47.258258,3162264,37.64,37.62,400,1200,-29318,56135
435,CCEP,2020-05-29,0 days 15:59:48.263661,3175155,37.62,37.59,1200,4800,22662,-29318
436,CCI,2020-05-29,0 days 15:59:42.283122,677217,172.13,172.1,600,200,-307,4506
437,CCI,2020-05-29,0 days 15:59:45.290413,673003,172.1,172.03,192,400,4214,-307
438,CCI,2020-05-29,0 days 15:59:49.297672,677569,172.14,172.07,253,1700,-7462,1194
439,CCI,2020-05-29,0 days 15:59:50.304379,655610,172.14,172.07,100,1900,21959,-7462
440,CCL,2020-05-29,0 days 16:00:00.304752,2999344,15.75,15.74,52750,14037,-102851,49749
441,CFG,2020-05-29,0 days 15:55:31.643400,881564,24.16,24.15,1638,1604,-4360,4440
442,CFG,2020-05-29,0 days 15:55:32.646277,877224,24.15,24.14,900,3291,4340,-4360
443,CFG,2020-05-29,0 days 15:55:39.663115,881564,24.15,24.14,700,1470,-12924,8540
444,CFG,2020-05-29,0 days 15:55:40.664409,878688,24.15,24.14,2100,1270,2876,-12924
445,CFG,2020-05-29,0 days 15:55:45.677099,881564,24.15,24.14,3702,300,-897,2876
446,CFG,2020-05-29,0 days 15:55:46.679439,879061,24.15,24.14,2811,2100,2503,-897
447,CFG,2020-05-29,0 days 15:55:51.691426,881564,24.14,24.13,1457,1798,-4891,2503
448,CFG,2020-05-29,0 days 15:55:52.694835,879755,24.14,24.13,2866,1635,1809,-4891
449,CFG,2020-05-29,0 days 15:55:59.709507,882045,24.14,24.13,3928,801,-5510,2290
450,CFG,2020-05-29,0 days 15:56:00.712834,874755,24.14,24.13,5540,645,7290,-5510
451,CFG,2020-05-29,0 days 15:56:08.730657,882155,24.15,24.14,1101,1253,390,-8310
452,CFG,2020-05-29,0 days 15:57:08.875945,883645,24.15,24.14,1700,2639,-5867,433
453,CFG,2020-05-29,0 days 15:57:09.881420,883212,24.16,24.15,1895,4224,433,-5867
454,CFG,2020-05-29,0 days 15:57:33.933813,883345,24.17,24.16,3396,3576,-1897,703
455,CFG,2020-05-29,0 days 15:59:06.156421,910210,24.16,24.15,5941,4304,7912,-2885
456,CFG,2020-05-29,0 days 15:59:07.158480,908022,24.16,24.15,6770,4176,-3188,7912
457,CFG,2020-05-29,0 days 15:59:12.171217,892122,24.14,24.13,1213,10982,-906,16194
458,CHAP,2020-05-29,0 days 15:57:13.896817,8958,0.49,0.48,1056,58739,1808,-1773
459,CHAP,2020-05-29,0 days 15:58:45.116846,7185,0.5,0.48,16368,63839,-1773,1808
460,CHGG,2020-05-29,0 days 15:58:41.104571,270067,61.14,61.13,300,736,-4256,1761
461,CHGG,2020-05-29,0 days 15:58:42.107521,267506,61.11,61.1,120,600,2661,-4256
462,CHGG,2020-05-29,0 days 15:59:07.168595,272891,61.13,61.1,716,2300,-10351,3249
463,CHGG,2020-05-29,0 days 16:00:00.290090,274371,61.13,61.08,9284,19034,-249,674
464,CHL,2020-05-29,0 days 15:55:05.585722,127931,35.14,35.13,1950,3232,3029,-659
465,CHL,2020-05-29,0 days 15:56:31.790313,129410,35.2,35.19,3001,891,-1429,2171
466,CHL,2020-05-29,0 days 15:56:32.792164,129139,35.2,35.19,3401,1091,271,-1429
467,CHL,2020-05-29,0 days 15:57:41.958472,131110,35.2,35.19,9033,2170,-400,300
468,CHL,2020-05-29,0 days 15:57:42.960909,130810,35.2,35.19,9033,2170,300,-400
469,CHL,2020-05-29,0 days 15:57:52.984968,135710,35.19,35.18,2992,707,-400,3100
470,CHL,2020-05-29,0 days 15:57:53.987859,135710,35.19,35.18,2980,535,800,-400
471,CHL,2020-05-29,0 days 15:57:57.997550,136510,35.18,35.17,600,1200,-100,800
472,CHL,2020-05-29,0 days 15:57:58.999839,135710,35.18,35.17,2600,167,800,-100
473,CHL,2020-05-29,0 days 15:58:37.093143,136510,35.17,35.16,4808,514,-200,900
474,CHL,2020-05-29,0 days 15:58:38.095717,135710,35.17,35.16,4508,514,800,-200
475,CHL,2020-05-29,0 days 15:59:06.165123,133976,35.17,35.16,14100,2892,-1318,715
476,CHL,2020-05-29,0 days 15:59:07.167334,133194,35.17,35.16,14100,2892,782,-1318
477,CHWY,2020-05-29,0 days 15:57:53.026814,96794,44.44,44.4,387,916,-416,384
478,CHWY,2020-05-29,0 days 15:57:54.029320,96610,44.44,44.4,1587,616,184,-416
479,CHWY,2020-05-29,0 days 15:59:21.232489,98633,44.47,44.41,202,500,782,-678
480,CHWY,2020-05-29,0 days 15:59:28.249730,96833,44.5,44.44,6886,500,2582,-1118
481,CHWY,2020-05-29,0 days 15:59:35.267581,98633,44.49,44.44,1020,400,782,-118
482,CHWY,2020-05-29,0 days 15:59:40.280210,99415,44.49,44.44,957,324,-5905,782
483,CHWY,2020-05-29,0 days 15:59:41.281677,98920,44.49,44.47,977,1711,495,-5905
484,CHWY,2020-05-29,0 days 15:59:44.288408,99415,44.49,44.47,657,1556,-467,495
485,CHWY,2020-05-29,0 days 15:59:48.295976,98982,44.48,44.44,1264,146,433,-467
486,CHWY,2020-05-29,0 days 15:59:49.297906,99415,44.48,44.44,1194,146,-420,433
487,CHWY,2020-05-29,0 days 16:00:00.315653,99045,44.45,44.41,2000,27417,6591,-595
488,CIEN,2020-05-29,0 days 15:55:00.594320,435767,55.14,55.11,1393,102,-16853,16802
489,CIEN,2020-05-29,0 days 15:55:01.596312,400925,55.03,55.02,800,410,34842,-16853
490,CIEN,2020-05-29,0 days 15:55:15.630694,435720,55.11,55.09,676,200,49,-751
491,CIEN,2020-05-29,0 days 15:55:36.680444,412025,55.05,55.04,1021,1803,23744,-2951
492,CIEN,2020-05-29,0 days 15:55:41.692039,437587,55.12,55.11,700,200,-36233,3867
493,CIEN,2020-05-29,0 days 15:56:34.819608,481565,55.12,55.1,472,403,1895,-1205
494,CIM,2020-05-29,0 days 15:56:01.705976,510527,8.31,8.3,29072,15678,13764,-6165
495,CIM,2020-05-29,0 days 15:56:02.707581,506191,8.31,8.3,29365,13058,-4336,13764
496,CIM,2020-05-29,0 days 15:57:49.965465,510527,8.31,8.3,48793,30583,1605,-3395
497,CIM,2020-05-29,0 days 15:57:50.966814,507132,8.31,8.3,46623,30683,-3395,1605
498,CIM,2020-05-29,0 days 15:57:57.982864,510527,8.31,8.3,49216,32418,1105,-3395
499,CIM,2020-05-29,0 days 15:57:58.985755,507132,8.31,8.3,48028,32218,-3395,1105
500,CIM,2020-05-29,0 days 15:59:08.155393,517352,8.31,8.3,28395,43755,1451,-278
501,CIM,2020-05-29,0 days 15:59:13.167729,515903,8.31,8.3,33563,42401,-1449,7951
502,CIM,2020-05-29,0 days 15:59:16.173993,517352,8.31,8.3,38065,39185,4569,-1449
503,CL,2020-05-29,0 days 15:58:07.020772,717839,72.49,72.48,500,1027,452,-4940
504,CL,2020-05-29,0 days 15:58:08.022013,716461,72.52,72.51,300,1117,-1380,452
505,CL,2020-05-29,0 days 15:58:19.049229,718793,72.53,72.52,1547,1641,2208,-170
506,CL,2020-05-29,0 days 15:59:15.186116,737704,72.45,72.44,400,370,11864,-1093
507,CL,2020-05-29,0 days 15:59:23.202376,744522,72.42,72.41,1199,200,-3304,5026
508,CL,2020-05-29,0 days 15:59:24.206116,741526,72.41,72.4,410,411,6926,-3304
509,CL,2020-05-29,0 days 15:59:33.231251,742122,72.44,72.43,200,700,-3104,417
510,CL,2020-05-29,0 days 15:59:40.242971,741826,72.42,72.41,300,300,2586,-988
511,CL,2020-05-29,0 days 15:59:57.283239,746309,72.4,72.37,100,800,91,-3519
512,CLDR,2020-05-29,0 days 15:55:57.712207,405737,10.29,10.28,7701,4714,6928,-772
513,CLDR,2020-05-29,0 days 15:55:58.714531,391165,10.29,10.28,210,7196,-14572,6928
514,CLDR,2020-05-29,0 days 15:59:43.248952,465987,10.27,10.26,12244,6526,2640,-3323
515,CLDR,2020-05-29,0 days 15:59:46.257940,415714,10.27,10.26,22511,5136,-50273,10173
516,CLNY,2020-05-29,0 days 15:55:59.735563,1628996,2.02,2.01,31623,46806,-3568,74596
517,CLNY,2020-05-29,0 days 15:57:39.968637,1666864,2.02,2.01,38134,45579,14832,-7368
518,CLNY,2020-05-29,0 days 15:57:40.971077,1659496,2.02,2.01,38134,47079,-7368,14832
519,CLNY,2020-05-29,0 days 15:57:41.973358,1666864,2.02,2.01,38943,45079,8732,-7368
520,CLNY,2020-05-29,0 days 15:57:42.975441,1659496,2.02,2.01,38742,44679,-7368,8732
521,CLNY,2020-05-29,0 days 15:58:05.029787,1666664,2.02,2.01,38498,48566,69913,-7168
522,CLNY,2020-05-29,0 days 15:59:18.208310,1711863,2.02,2.01,31579,35007,-68930,15899
523,CLR,2020-05-29,0 days 15:55:00.593751,2874093,12.24,12.23,300,1400,14763,-463373
524,CLR,2020-05-29,0 days 15:55:01.596098,2795677,12.29,12.28,801,300,-78416,14763
525,CLR,2020-05-29,0 days 15:55:06.607668,2874093,12.26,12.25,600,515,25063,-11116
526,CLR,2020-05-29,0 days 15:55:07.610201,2857956,12.28,12.26,1000,700,-16137,25063
527,CLR,2020-05-29,0 days 15:55:13.625618,2874093,12.27,12.26,500,600,29863,-21316
528,CLR,2020-05-29,0 days 15:55:14.627377,2835477,12.27,12.26,100,1000,-38616,29863
529,CLR,2020-05-29,0 days 15:55:26.656528,2833106,12.24,12.23,300,1300,-40987,33763
530,CLR,2020-05-29,0 days 15:55:30.665766,2833106,12.24,12.22,2373,1100,-40987,14263
531,CLR,2020-05-29,0 days 15:55:40.689937,2870785,12.19,12.17,700,1310,-3308,6342
532,CLR,2020-05-29,0 days 15:55:47.707021,2847985,12.2,12.18,1300,1426,-26108,37542
533,CLR,2020-05-29,0 days 15:55:52.719448,2874093,12.18,12.17,700,600,34942,-5908
534,CLR,2020-05-29,0 days 15:55:53.721294,2847985,12.19,12.18,2600,400,-26108,34942
535,CLR,2020-05-29,0 days 15:56:17.778830,2894553,12.27,12.26,1044,1208,-28445,25105
536,CLR,2020-05-29,0 days 15:56:27.802753,2906161,12.26,12.25,1200,205,-16837,20213
537,CLR,2020-05-29,0 days 15:56:37.827361,2900761,12.24,12.23,2400,1172,-22237,11613
538,CLR,2020-05-29,0 days 15:56:40.834420,2922998,12.23,12.22,1500,1700,14713,-22237
539,CLR,2020-05-29,0 days 15:56:42.839597,2897561,12.24,12.23,5260,451,-25437,6413
540,CLR,2020-05-29,0 days 15:56:43.841402,2922998,12.23,12.22,1600,1504,4113,-25437
541,CLR,2020-05-29,0 days 15:57:32.952082,3021103,12.24,12.21,2320,801,-68902,8388
542,CLR,2020-05-29,0 days 15:57:33.954652,3012905,12.23,12.22,1800,100,5348,-68902
543,CLR,2020-05-29,0 days 15:57:50.996439,3010042,12.26,12.25,700,800,-44355,2495
544,CLR,2020-05-29,0 days 15:59:01.166714,3292284,12.2,12.19,3260,489,-3213,34898
545,CLR,2020-05-29,0 days 15:59:07.181807,3160643,12.23,12.21,3200,1394,12,-58152
546,CLR,2020-05-29,0 days 16:00:00.303605,3343852,12.24,12.22,100,120976,30903,-100147
547,CNC,2020-05-29,0 days 15:59:57.277472,1574159,66.28,66.26,11000,7415,2005,-627
548,CNK,2020-05-29,0 days 15:59:17.202189,440226,15.05,15.04,11504,7296,4456,-4806
549,CNQ,2020-05-29,0 days 15:59:26.217807,51235,18.1,18.09,8759,1000,-1500,700
550,CNX,2020-05-29,0 days 15:55:44.685155,327544,10.2,10.19,5600,2577,-751,1703
551,CNX,2020-05-29,0 days 15:56:48.840014,328695,10.18,10.17,21560,3209,380,-3620
552,CNX,2020-05-29,0 days 15:56:58.863873,328575,10.2,10.19,1200,2639,-120,380
553,CNX,2020-05-29,0 days 15:58:06.026892,328695,10.2,10.19,13231,16777,244,-120
554,CNX,2020-05-29,0 days 15:58:51.134679,328575,10.21,10.2,19797,3869,-120,144
555,CNX,2020-05-29,0 days 15:59:30.233395,414062,10.18,10.17,22512,14800,179467,-5733
556,CNX,2020-05-29,0 days 15:59:50.284071,415541,10.19,10.18,11037,4932,-731,5885
557,COF,2020-05-29,0 days 15:55:00.579071,626025,68.08,68.05,100,200,37768,-169471
558,COF,2020-05-29,0 days 15:55:54.710621,663793,68.07,68.05,108,500,-596,2004
559,COF,2020-05-29,0 days 15:55:56.714149,653537,68.08,68.06,200,300,10256,-3696
560,COF,2020-05-29,0 days 15:56:30.795612,662200,68.11,68.1,300,300,-2488,112
561,COF,2020-05-29,0 days 15:56:31.798768,652988,68.11,68.08,600,600,9412,-2488
562,COF,2020-05-29,0 days 15:57:08.888276,662400,68.12,68.11,510,101,-337,7563
563,COF,2020-05-29,0 days 15:57:09.892918,655651,68.12,68.11,429,355,6749,-337
564,COF,2020-05-29,0 days 15:57:44.974270,660519,68.21,68.19,880,1945,2881,-8943
565,COF,2020-05-29,0 days 15:59:01.160729,674000,68.19,68.18,600,1415,1129,-1271
566,COF,2020-05-29,0 days 15:59:05.169125,715070,68.22,68.21,608,300,-10483,976
567,COF,2020-05-29,0 days 15:59:45.267214,833098,68.01,68.0,300,100,5903,-14571
568,COF,2020-05-29,0 days 15:59:48.274196,831651,68.0,67.98,472,601,-545,4956
569,COG,2020-05-29,0 days 15:58:00.018166,1776115,19.94,19.93,5498,673,-19372,1233
570,COG,2020-05-29,0 days 15:58:01.021231,1771587,19.94,19.93,5516,200,1633,-19372
571,COG,2020-05-29,0 days 15:59:18.208406,1802403,19.93,19.92,8713,1175,-377896,19999
572,COG,2020-05-29,0 days 15:59:45.272410,2079434,19.85,19.84,3964,2200,8815,-5101
573,COP,2020-05-29,0 days 16:00:00.293511,2472082,42.19,42.17,100,105580,13435,-13622
574,COTY,2020-05-29,0 days 15:55:50.678957,14630893,3.61,3.6,71467,141766,167351,-319211
575,COTY,2020-05-29,0 days 15:59:50.258084,14838272,3.63,3.62,215701,16343,379561,-243885
576,CPB,2020-05-29,0 days 15:55:05.578674,745662,50.98,50.97,100,1007,-9372,2483
577,CPB,2020-05-29,0 days 15:55:06.582075,745034,50.98,50.97,100,2128,652,-9372
578,CPB,2020-05-29,0 days 15:55:58.706677,755920,51.02,51.01,500,736,-433,3567
579,CPB,2020-05-29,0 days 15:58:07.012138,771987,51.01,51.0,2740,1103,2315,-5623
580,CPB,2020-05-29,0 days 15:58:09.017935,778402,50.99,50.97,1300,1012,-5062,715
581,CPRI,2020-05-29,0 days 15:56:48.836795,4643056,15.1,15.09,200,3230,71702,-17054
582,CPRI,2020-05-29,0 days 15:56:49.838692,4544258,15.13,15.12,4805,300,-98798,71702
583,CPRI,2020-05-29,0 days 15:56:52.846664,4643056,15.11,15.1,3823,1276,11702,-77498
584,CPRI,2020-05-29,0 days 15:57:53.993100,4654056,15.1,15.09,869,1808,86802,-2398
585,CPRI,2020-05-29,0 days 15:58:05.019963,4653214,15.11,15.1,6878,1900,-10348,7774
586,CRM,2020-05-29,0 days 15:59:10.176785,1712572,174.26,174.25,200,100,14924,-57344
587,CRM,2020-05-29,0 days 15:59:12.181022,1707423,174.39,174.36,896,1000,-5408,3031
588,CRM,2020-05-29,0 days 15:59:15.188636,1712815,174.31,174.3,300,300,7331,-108
589,CRM,2020-05-29,0 days 15:59:17.192691,1707423,174.41,174.37,323,500,-5408,977
590,CRM,2020-05-29,0 days 15:59:18.187420,1712831,174.4,174.39,200,210,317689,-5408
591,CTL,2020-05-29,0 days 15:59:51.267886,3852385,9.85,9.84,25728,55825,-12374,346140
592,CTLT,2020-05-29,0 days 15:51:37.089939,3607267,77.75,77.72,288,202,-18629,3135
593,CTLT,2020-05-29,0 days 15:54:53.561603,3553395,77.74,77.65,300,300,53872,-22629
594,CTLT,2020-05-29,0 days 15:55:00.578960,4264247,77.69,77.66,100,300,-26129,64515
595,CTLT,2020-05-29,0 days 15:55:16.617946,4251730,77.59,77.5,400,100,12517,-26729
596,CTLT,2020-05-29,0 days 15:55:17.618646,4241947,77.61,77.59,100,300,-49029,12517
597,CTLT,2020-05-29,0 days 15:55:28.647978,4253330,77.57,77.54,200,300,5117,-11520
598,CTLT,2020-05-29,0 days 15:55:29.647132,4243447,77.58,77.56,400,545,-8149,5117
599,CTLT,2020-05-29,0 days 15:57:19.912974,4702599,77.85,77.77,500,501,15184,-186742
600,CTLT,2020-05-29,0 days 15:57:26.928248,4715683,77.84,77.78,100,502,-23459,44484
601,CTLT,2020-05-29,0 days 15:57:27.930964,4702599,77.83,77.8,549,496,32984,-23459
602,CTLT,2020-05-29,0 days 15:57:28.933849,4708383,77.88,77.87,302,500,-41083,32984
603,CTLT,2020-05-29,0 days 15:57:29.936778,4739942,77.83,77.8,500,1054,11641,-41083
604,CTLT,2020-05-29,0 days 15:57:36.953926,4714783,77.85,77.83,110,204,-34683,41884
605,CTLT,2020-05-29,0 days 15:57:37.955654,4702599,77.82,77.79,706,100,25584,-34683
606,CTLT,2020-05-29,0 days 15:57:41.966051,4721183,77.86,77.83,560,400,-17959,18584
607,CTLT,2020-05-29,0 days 15:57:45.974753,4702599,77.8,77.77,600,200,29984,-2559
608,CTLT,2020-05-29,0 days 15:57:54.997479,4705383,77.89,77.87,300,700,-44083,15884
609,CTLT,2020-05-29,0 days 15:58:00.009156,4739942,77.83,77.81,537,183,12441,-4383
610,CTLT,2020-05-29,0 days 15:58:05.021081,4712176,77.89,77.84,241,600,-61690,26984
611,CTLT,2020-05-29,0 days 15:58:06.025042,4749669,77.89,77.81,200,200,25707,-61690
612,CTLT,2020-05-29,0 days 15:58:07.028166,4746676,77.88,77.83,500,700,-8617,25707
613,CTLT,2020-05-29,0 days 15:58:15.046758,4672026,77.8,77.78,200,110,90580,-3987
614,CTLT,2020-05-29,0 days 15:58:16.048062,4723806,77.85,77.81,100,601,-21063,90580
615,CTLT,2020-05-29,0 days 15:58:32.086068,4743506,77.88,77.84,205,502,-40087,35437
616,CTLT,2020-05-29,0 days 15:58:33.089352,4763993,77.83,77.8,400,429,3013,-40087
617,CTLT,2020-05-29,0 days 15:58:47.123514,4763993,77.86,77.85,200,264,22389,-1211
618,CTLT,2020-05-29,0 days 15:58:54.141953,4726682,77.83,77.82,100,200,-18187,58856
619,CTLT,2020-05-29,0 days 15:58:58.150398,4727182,77.84,77.8,200,501,-21687,61156
620,CTLT,2020-05-29,0 days 15:59:00.160549,4712326,77.81,77.77,400,104,34556,-1987
621,CTLT,2020-05-29,0 days 15:59:01.160313,4727182,77.84,77.8,527,901,-28111,34556
622,CTLT,2020-05-29,0 days 15:59:02.162483,4749669,77.82,77.79,200,200,3613,-28111
623,CTLT,2020-05-29,0 days 15:59:10.182408,4880119,77.95,77.91,143,300,-141891,21168
624,CTLT,2020-05-29,0 days 15:59:11.184691,4923993,77.88,77.82,500,400,77926,-141891
625,CTLT,2020-05-29,0 days 15:59:12.186326,4920919,77.91,77.87,400,100,-25474,77926
626,CTLT,2020-05-29,0 days 15:59:21.208649,4949093,77.91,77.87,1002,200,63873,-73944
627,CTLT,2020-05-29,0 days 15:59:22.209790,4945066,77.93,77.88,300,507,-34427,63873
628,CTLT,2020-05-29,0 days 15:59:23.211952,4955893,77.87,77.84,236,100,13673,-34427
629,CTLT,2020-05-29,0 days 15:59:26.218161,4899366,77.91,77.85,400,400,-84255,106712
630,CTLT,2020-05-29,0 days 15:59:27.221463,4928821,77.85,77.79,400,423,43945,-84255
631,CTLT,2020-05-29,0 days 15:59:28.223822,4926166,77.9,77.83,100,308,-22404,43945
632,CTLT,2020-05-29,0 days 15:59:31.233172,4915912,77.84,77.78,790,300,116354,-85821
633,CTLT,2020-05-29,0 days 15:59:32.235413,4902266,77.87,77.86,100,246,-47570,116354
634,CTLT,2020-05-29,0 days 15:59:33.239607,4915912,77.81,77.76,1422,261,50154,-47570
635,CTLT,2020-05-29,0 days 15:59:34.240612,4902366,77.89,77.82,330,400,-23070,50154
636,CTLT,2020-05-29,0 days 15:59:35.242130,4930236,77.89,77.82,330,300,5830,-23070
637,CTLT,2020-05-29,0 days 15:59:41.257552,4902648,77.9,77.87,374,900,-57006,70214
638,CTLT,2020-05-29,0 days 15:59:42.259226,4933364,77.88,77.8,457,300,22984,-57006
639,CTLT,2020-05-29,0 days 15:59:43.261484,4943366,77.86,77.76,1007,400,-6801,22984
640,CTLT,2020-05-29,0 days 15:59:46.269058,4868527,77.82,77.71,1015,300,97905,-4135
641,CTVA,2020-05-29,0 days 15:55:00.579498,998697,27.37,27.36,1907,1263,123830,-44182
642,CTVA,2020-05-29,0 days 15:55:36.665933,1128563,27.36,27.35,702,2682,-15840,16360
643,CTVA,2020-05-29,0 days 15:55:37.668840,1121703,27.37,27.36,1002,4100,6860,-15840
644,CTVA,2020-05-29,0 days 15:55:39.674061,1128563,27.36,27.35,1612,1020,-52173,6860
645,CTVA,2020-05-29,0 days 15:55:40.675965,1127636,27.36,27.35,1413,2320,927,-52173
646,CTVA,2020-05-29,0 days 15:55:58.719345,1128563,27.38,27.37,1515,1800,-1484,2727
647,CTVA,2020-05-29,0 days 15:57:48.984126,1172285,27.43,27.42,2600,1407,-230,170
648,CTVA,2020-05-29,0 days 15:59:01.160914,1216144,27.4,27.39,2730,195,13944,-29232
649,CTVA,2020-05-29,0 days 15:59:02.162742,1211916,27.41,27.39,1200,1202,-1618,13944
650,CTVA,2020-05-29,0 days 15:59:40.256856,1221088,27.36,27.35,500,100,8158,-2166
651,CVE,2020-05-29,0 days 15:59:48.248666,135256,4.35,4.34,149504,116145,-2600,3000
652,CVS,2020-05-29,0 days 15:55:00.568115,1088461,65.71,65.7,1789,100,13841,-82446
653,CVS,2020-05-29,0 days 15:55:37.658417,1102702,65.73,65.72,700,1146,-1377,284
654,CVS,2020-05-29,0 days 15:55:38.660836,1101279,65.73,65.72,1500,736,1423,-1377
655,CVS,2020-05-29,0 days 15:55:59.709419,1102703,65.79,65.78,1906,1489,-1427,273
656,CVS,2020-05-29,0 days 15:56:00.712714,1101530,65.79,65.78,2106,2824,1173,-1427
657,CVS,2020-05-29,0 days 15:56:02.716433,1102703,65.79,65.78,2065,4455,-727,1173
658,CVS,2020-05-29,0 days 15:56:03.719271,1101730,65.79,65.78,2171,4955,973,-727
659,CVS,2020-05-29,0 days 15:57:40.950671,1139398,65.69,65.68,1795,4921,-5484,3216
660,CVS,2020-05-29,0 days 15:57:43.956436,1135582,65.7,65.69,4068,3685,7616,-5884
661,CVS,2020-05-29,0 days 15:57:44.958472,1143198,65.7,65.69,4123,3640,-2884,7616
662,CVS,2020-05-29,0 days 15:57:45.961050,1128282,65.69,65.68,1410,565,14916,-2884
663,CVS,2020-05-29,0 days 15:57:47.965398,1143198,65.69,65.68,1820,1330,-5484,4516
664,CVS,2020-05-29,0 days 15:57:50.973033,1131082,65.68,65.67,800,5226,12616,-2984
665,CVS,2020-05-29,0 days 15:57:51.975684,1143698,65.69,65.68,2300,300,-5484,12616
666,CVS,2020-05-29,0 days 15:57:52.977081,1129082,65.66,65.65,500,700,15516,-5484
667,CVS,2020-05-29,0 days 15:58:37.085335,1145399,65.68,65.67,2315,2297,-1641,3674
668,CVS,2020-05-29,0 days 15:59:16.180595,1172185,65.65,65.64,1491,1703,-1539,1176
669,CVS,2020-05-29,0 days 15:59:17.183138,1171324,65.65,65.64,2530,1145,861,-1539
670,CVS,2020-05-29,0 days 15:59:21.193219,1172241,65.64,65.63,2430,661,-31683,33974
671,CVS,2020-05-29,0 days 15:59:22.195340,1171824,65.64,65.63,2428,1012,417,-31683
672,CVS,2020-05-29,0 days 15:59:36.230369,1173898,65.63,65.62,1000,2100,-30426,2631
673,CVS,2020-05-29,0 days 15:59:46.255282,1184857,65.63,65.62,846,1142,591,-6660
674,CVS,2020-05-29,0 days 15:59:52.267480,1201017,65.7,65.69,306,1196,-8402,1708
675,CVS,2020-05-29,0 days 15:59:55.274153,1208819,65.67,65.62,121,1074,1708,-8602
676,CVX,2020-05-29,0 days 15:55:00.559785,5048093,91.25,91.24,730,400,167051,-506420
677,CVX,2020-05-29,0 days 15:57:37.935100,5237653,91.51,91.49,506,2200,-6240,14060
678,CVX,2020-05-29,0 days 15:57:38.937447,5230745,91.49,91.47,223,1300,6908,-6240
679,CVX,2020-05-29,0 days 15:57:48.961893,5240653,91.47,91.46,2157,200,-1430,2035
680,CVX,2020-05-29,0 days 15:57:50.966939,5228183,91.45,91.43,400,100,12470,-7030
681,CVX,2020-05-29,0 days 15:57:57.982957,5240653,91.46,91.45,2800,900,-1830,5170
682,CVX,2020-05-29,0 days 15:57:58.985847,5239083,91.46,91.45,3293,714,1570,-1830
683,CVX,2020-05-29,0 days 15:58:11.015491,5263653,91.47,91.46,969,390,-855,280
684,CVX,2020-05-29,0 days 15:58:12.019545,5260408,91.47,91.46,1269,550,3245,-855
685,CVX,2020-05-29,0 days 15:58:24.047107,5297553,91.42,91.41,300,500,-13498,85170
686,CVX,2020-05-29,0 days 15:58:25.049482,5281851,91.39,91.38,231,200,15702,-13498
687,CVX,2020-05-29,0 days 15:58:40.085749,5260808,91.47,91.45,6562,3021,2845,-25420
688,CVX,2020-05-29,0 days 15:58:51.112098,5263653,91.44,91.43,200,1195,-25236,7164
689,CVX,2020-05-29,0 days 15:58:52.116759,5259589,91.44,91.43,420,996,4064,-25236
690,CVX,2020-05-29,0 days 15:59:08.155594,5284324,91.45,91.44,1200,500,-15162,17238
691,CVX,2020-05-29,0 days 15:59:09.157045,5267986,91.45,91.43,1102,1967,16338,-15162
692,CWH,2020-05-29,0 days 15:59:08.155354,81521,21.16,21.12,763,1000,-482,318
693,CWH,2020-05-29,0 days 15:59:09.156855,80903,21.16,21.12,763,1304,518,-482
694,CWH,2020-05-29,0 days 15:59:15.172975,81192,21.17,21.16,200,1244,-2980,289
695,CWH,2020-05-29,0 days 15:59:51.247732,81492,21.19,21.17,721,974,-80,249
696,CX,2020-05-29,0 days 15:55:52.703319,254160,2.41,2.4,212866,103760,70438,-9562
697,CX,2020-05-29,0 days 15:55:53.705567,232998,2.41,2.4,213038,103760,-21162,70438
698,CX,2020-05-29,0 days 15:59:37.245372,263409,2.4,2.39,297973,199800,951,-1549
699,CX,2020-05-29,0 days 15:59:38.246748,263160,2.4,2.39,295073,177900,-249,951
700,CX,2020-05-29,0 days 15:59:40.254523,263409,2.4,2.39,283368,169303,1501,-249
701,CXO,2020-05-29,0 days 15:58:07.035616,774288,54.52,54.5,100,800,-8974,7069
702,CXO,2020-05-29,0 days 15:58:08.038009,766462,54.53,54.52,1775,110,7826,-8974
703,CXO,2020-05-29,0 days 15:59:23.218153,794466,54.43,54.42,317,770,-57,743
704,CXO,2020-05-29,0 days 15:59:25.222267,791623,54.41,54.37,600,1700,3583,-57
705,CXO,2020-05-29,0 days 15:59:35.247251,781723,54.45,54.43,453,1135,12743,-7557
706,CXO,2020-05-29,0 days 15:59:38.253647,794466,54.45,54.43,312,1540,-3457,4043
707,CXO,2020-05-29,0 days 15:59:40.260421,791023,54.45,54.43,379,895,3443,-3457
708,CXO,2020-05-29,0 days 15:59:41.262018,794466,54.46,54.44,300,200,-4057,3443
709,CXO,2020-05-29,0 days 15:59:44.269061,787374,54.51,54.49,100,436,3009,-7791
710,DAL,2020-05-29,0 days 15:55:00.568540,2124950,25.06,25.05,11789,5944,84798,-116351
711,DAL,2020-05-29,0 days 15:55:01.569574,2110348,25.06,25.05,12462,6774,-14602,84798
712,DAL,2020-05-29,0 days 15:55:53.695972,2112557,25.02,25.01,12852,10725,-13059,2041
713,DAL,2020-05-29,0 days 15:57:39.948355,2127009,25.05,25.04,21333,2347,2195,-4055
714,DAL,2020-05-29,0 days 15:57:40.950776,2123104,25.05,25.04,14194,6470,-3905,2195
715,DAL,2020-05-29,0 days 15:57:42.953815,2127009,25.05,25.04,12676,9071,10806,-2694
716,DAL,2020-05-29,0 days 15:57:48.967640,2114153,25.08,25.07,3102,8915,-12856,25544
717,DAL,2020-05-29,0 days 15:58:03.003252,2125053,25.07,25.06,11401,1642,-1956,15644
718,DAN,2020-05-29,0 days 15:56:09.741202,200738,12.7,12.69,2232,2671,-77,700
719,DAN,2020-05-29,0 days 15:56:10.743617,198715,12.7,12.69,2432,2971,2023,-77
720,DAN,2020-05-29,0 days 15:57:19.909776,199754,12.71,12.7,2100,1500,984,-3277
721,DAN,2020-05-29,0 days 15:58:24.064376,200738,12.72,12.71,7500,1004,-2316,1384
722,DAN,2020-05-29,0 days 15:58:25.067554,199754,12.72,12.71,7461,875,984,-2316
723,DAN,2020-05-29,0 days 15:58:43.108610,200738,12.71,12.7,4529,2000,-16,984
724,DAN,2020-05-29,0 days 15:58:44.112403,200254,12.71,12.7,4129,2600,484,-16
725,DAN,2020-05-29,0 days 15:58:58.145126,198071,12.71,12.7,712,3926,-2183,484
726,DAN,2020-05-29,0 days 15:58:59.147692,196554,12.71,12.7,812,4326,1517,-2183
727,DAN,2020-05-29,0 days 15:59:11.178926,211706,12.68,12.67,2805,2167,-897,2303
728,DB,2020-05-29,0 days 15:59:36.230601,73726,8.41,8.4,117980,62408,6165,-7335
729,DB,2020-05-29,0 days 15:59:37.233761,73291,8.41,8.4,117188,64408,-435,6165
730,DB,2020-05-29,0 days 15:59:38.234943,73726,8.41,8.4,114741,63365,12865,-435
731,DB,2020-05-29,0 days 15:59:39.239893,73291,8.41,8.4,113796,64395,-435,12865
732,DDD,2020-05-29,0 days 15:55:00.574428,197137,7.37,7.36,2929,2256,1308,-13616
733,DDD,2020-05-29,0 days 15:55:44.678847,198445,7.37,7.36,6500,4007,-860,654
734,DDD,2020-05-29,0 days 15:55:45.681092,197305,7.37,7.36,6300,3907,1140,-860
735,DDD,2020-05-29,0 days 15:59:00.152057,204945,7.38,7.37,681,8918,-4226,1074
736,DDD,2020-05-29,0 days 15:59:01.151619,203471,7.38,7.37,1240,8161,1474,-4226
737,DDD,2020-05-29,0 days 15:59:06.163190,204945,7.38,7.37,6998,8889,-1353,1464
738,DDD,2020-05-29,0 days 15:59:07.165524,203698,7.38,7.37,7314,8104,1247,-1353
739,DDD,2020-05-29,0 days 15:59:14.182092,209345,7.37,7.36,4824,10690,-669,1247
740,DDD,2020-05-29,0 days 15:59:15.184497,208214,7.37,7.36,9366,3870,1131,-669
741,DDD,2020-05-29,0 days 15:59:37.233414,204314,7.38,7.37,8900,15572,631,-3269
742,DFS,2020-05-29,0 days 15:55:51.682057,605952,47.84,47.83,519,300,-1703,12736
743,DFS,2020-05-29,0 days 15:55:52.684743,601899,47.83,47.82,612,693,5088,-1703
744,DG,2020-05-29,0 days 15:59:18.187502,1219855,191.91,191.87,303,100,-45066,93433
745,DG,2020-05-29,0 days 15:59:19.190465,1203483,191.55,191.48,600,200,42958,-45066
746,DG,2020-05-29,0 days 15:59:42.246849,1251990,191.58,191.5,500,1050,-8237,15024
747,DG,2020-05-29,0 days 15:59:43.248641,1250227,191.54,191.5,700,250,1763,-8237
748,DG,2020-05-29,0 days 15:59:51.267886,1263161,191.56,191.43,600,100,-2656,10219
749,DHI,2020-05-29,0 days 15:55:00.593536,1099346,55.33,55.32,400,334,90965,-122784
750,DHI,2020-05-29,0 days 15:55:01.595847,1098411,55.34,55.33,800,900,-400935,90965
751,DHI,2020-05-29,0 days 15:55:04.602102,1106646,55.31,55.29,400,755,83565,-400935
752,DHR,2020-05-29,0 days 15:57:46.979059,1667586,166.96,166.91,200,100,-5839,17644
753,DHR,2020-05-29,0 days 15:57:47.981324,1657542,166.92,166.87,1035,200,10044,-5839
754,DHR,2020-05-29,0 days 15:57:48.983962,1667586,166.93,166.87,302,200,-1639,10044
755,DHR,2020-05-29,0 days 15:57:49.987374,1664542,166.86,166.8,502,500,3044,-1639
756,DHR,2020-05-29,0 days 15:59:04.167724,1667117,166.78,166.77,200,930,-2135,9936
757,DHR,2020-05-29,0 days 15:59:05.169093,1664369,166.79,166.77,1769,881,2748,-2135
758,DHR,2020-05-29,0 days 15:59:23.213567,1668017,166.76,166.72,200,200,-4636,12605
759,DHR,2020-05-29,0 days 15:59:24.216726,1635612,166.7,166.66,300,300,32405,-4636
760,DHR,2020-05-29,0 days 15:59:46.269230,1670831,166.74,166.73,400,100,-3585,17867
761,DHR,2020-05-29,0 days 15:59:47.271047,1656933,166.73,166.69,625,400,19508,-3585
762,DHR,2020-05-29,0 days 15:59:48.274168,1676441,166.74,166.71,895,200,-32211,19508
763,DHR,2020-05-29,0 days 15:59:49.275793,1669015,166.73,166.7,400,173,7426,-32211
764,DHR,2020-05-29,0 days 15:59:50.283956,1676441,166.8,166.74,1700,300,-25454,7426
765,DHR,2020-05-29,0 days 15:59:58.299873,1642971,166.68,166.45,1053,4000,67570,-28713
766,DHT,2020-05-29,0 days 15:55:56.702317,213892,5.96,5.95,4715,17867,23436,-33464
767,DHT,2020-05-29,0 days 15:55:57.705762,210228,5.96,5.95,3963,17867,-3664,23436
768,DKS,2020-05-29,0 days 15:55:52.700285,226004,36.06,36.03,499,8980,-12084,2537
769,DKS,2020-05-29,0 days 15:55:53.702278,224888,36.06,36.03,499,8980,1116,-12084
770,DKS,2020-05-29,0 days 15:56:27.781152,226014,36.05,36.03,1166,1828,-831,569
771,DKS,2020-05-29,0 days 15:56:28.784566,224945,36.05,36.04,500,500,1069,-831
772,DKS,2020-05-29,0 days 15:57:55.992362,233814,36.1,36.09,515,3260,-1430,370
773,DKS,2020-05-29,0 days 15:59:01.153264,235044,36.05,36.04,2417,3534,797,-303
774,DKS,2020-05-29,0 days 15:59:12.180116,234887,36.07,36.05,1476,2735,-3485,315
775,DOC,2020-05-29,0 days 15:57:20.949697,794554,17.29,17.28,14652,2042,-4218,1882
776,DOC,2020-05-29,0 days 15:57:37.990898,802370,17.31,17.3,7001,4366,2396,-4804
777,DOC,2020-05-29,0 days 15:57:38.992726,797566,17.31,17.3,8818,1666,-4804,2396
778,DOC,2020-05-29,0 days 15:57:40.997813,802370,17.3,17.29,5545,6950,2396,-4804
779,DOC,2020-05-29,0 days 15:57:42.000170,797566,17.3,17.29,5150,7350,-4804,2396
780,DOC,2020-05-29,0 days 15:57:50.020859,802370,17.3,17.29,10854,5154,2396,-4804
781,DOC,2020-05-29,0 days 15:57:51.022794,797566,17.3,17.29,8626,5858,-4804,2396
782,DOC,2020-05-29,0 days 15:59:11.218803,813647,17.27,17.26,11787,8877,24851,-2857
783,DOC,2020-05-29,0 days 15:59:12.221952,805998,17.29,17.28,4500,4157,-7649,24851
784,DOC,2020-05-29,0 days 15:59:43.286332,816748,17.28,17.27,6398,7693,1619,-3850
785,DOC,2020-05-29,0 days 15:59:47.293575,816343,17.28,17.27,8441,910,-405,3695
786,DOW,2020-05-29,0 days 15:55:00.579045,734787,38.66,38.65,287,639,-73171,42170
787,DOW,2020-05-29,0 days 15:55:40.675818,737158,38.65,38.64,300,901,12826,-1871
788,DOW,2020-05-29,0 days 15:56:31.798725,751485,38.68,38.67,400,601,-14271,24629
789,DOW,2020-05-29,0 days 15:56:32.800170,746556,38.68,38.66,600,800,4929,-14271
790,DOW,2020-05-29,0 days 15:56:33.803654,751485,38.68,38.66,1100,700,-16671,4929
791,DOW,2020-05-29,0 days 15:56:34.805422,734356,38.66,38.65,700,1000,17129,-16671
792,DOW,2020-05-29,0 days 15:57:02.873063,751485,38.67,38.66,771,837,-8244,1843
793,DOW,2020-05-29,0 days 15:57:20.916827,756329,38.65,38.64,300,1516,1056,-844
794,DOW,2020-05-29,0 days 15:57:32.945410,757385,38.68,38.67,2229,513,-1444,756
795,DOW,2020-05-29,0 days 15:57:33.947429,756829,38.67,38.66,383,651,556,-1444
796,DOW,2020-05-29,0 days 15:57:36.955636,757385,38.67,38.66,296,583,-3244,556
797,DOW,2020-05-29,0 days 15:57:45.976809,802046,38.66,38.65,1266,645,31845,-43561
798,DOW,2020-05-29,0 days 15:57:46.979059,804991,38.66,38.65,1166,645,-3355,31845
799,DOW,2020-05-29,0 days 15:59:06.172915,824326,38.64,38.63,900,300,11108,-6997
800,DOW,2020-05-29,0 days 15:59:07.174062,817628,38.66,38.64,1467,100,-10942,11108
801,DOW,2020-05-29,0 days 15:59:10.182694,828670,38.66,38.64,764,400,37176,-10336
802,DOW,2020-05-29,0 days 15:59:11.184809,825746,38.66,38.64,842,899,-4524,37176
803,DOW,2020-05-29,0 days 15:59:20.207771,821945,38.62,38.61,601,200,5701,-3399
804,DOW,2020-05-29,0 days 15:59:21.208719,819146,38.62,38.61,901,363,-2799,5701
805,DOW,2020-05-29,0 days 15:59:40.256416,831045,38.62,38.61,1263,601,6901,-14160
806,DOW,2020-05-29,0 days 15:59:41.258158,827446,38.65,38.63,700,380,-3599,6901
807,DOW,2020-05-29,0 days 15:59:48.274168,831045,38.63,38.61,2334,984,5897,-5410
808,DOW,2020-05-29,0 days 15:59:49.275793,829298,38.63,38.61,2679,1000,-1747,5897
809,DOW,2020-05-29,0 days 16:00:00.300192,824641,38.58,38.57,803,20977,4657,-1747
810,DRE,2020-05-29,0 days 15:55:00.593952,1555930,34.63,34.62,300,259,370296,-791994
811,DRE,2020-05-29,0 days 15:57:21.933472,1755368,34.72,34.71,3004,2367,-11177,8123
812,DRE,2020-05-29,0 days 15:57:39.968694,1757302,34.68,34.67,1915,800,-3343,3357
813,DRE,2020-05-29,0 days 15:57:40.971173,1759304,34.65,34.64,401,800,13898,-3343
814,DRE,2020-05-29,0 days 15:57:45.983094,1754205,34.63,34.62,400,1200,30197,-3903
815,DRE,2020-05-29,0 days 15:57:46.985393,1751502,34.64,34.62,2590,1200,-2703,30197
816,DRE,2020-05-29,0 days 15:57:49.993231,1754505,34.64,34.62,2242,2200,9783,-2917
817,DRE,2020-05-29,0 days 15:57:50.996481,1751788,34.64,34.63,2042,1474,-6017,9783
818,DRE,2020-05-29,0 days 15:57:54.003458,1758804,34.64,34.63,1493,636,18771,-3630
819,DRE,2020-05-29,0 days 15:57:55.005140,1755775,34.64,34.63,1379,1816,-3029,18771
820,DRE,2020-05-29,0 days 15:58:29.088771,1808249,34.6,34.59,600,1300,8489,-711
821,DRE,2020-05-29,0 days 15:58:30.092045,1800538,34.6,34.59,3242,100,-6511,8489
822,DRE,2020-05-29,0 days 15:59:11.192232,1900374,34.56,34.55,501,1715,5020,-93600
823,DRE,2020-05-29,0 days 15:59:25.222267,1874613,34.53,34.52,1903,499,-18508,2292
824,DRH,2020-05-29,0 days 15:55:01.576547,466565,5.97,5.96,6398,4072,1164,-14036
825,DRH,2020-05-29,0 days 15:57:02.865156,475541,5.98,5.97,13825,13246,-43737,1158
826,DRH,2020-05-29,0 days 15:58:05.016029,517278,5.98,5.97,30626,17583,33718,-26637
827,DRH,2020-05-29,0 days 15:58:39.097662,545496,5.99,5.98,5810,20044,-1982,3518
828,DRH,2020-05-29,0 days 15:58:40.100030,542478,5.99,5.98,5410,17491,3018,-1982
829,DRH,2020-05-29,0 days 15:59:06.165123,554579,6.0,5.99,6813,21968,-4899,10021
830,DRH,2020-05-29,0 days 15:59:07.167334,552278,6.0,5.99,14598,9866,2301,-4899
831,DRH,2020-05-29,0 days 15:59:15.186146,554579,6.0,5.99,15082,7078,-28368,2301
832,DT,2020-05-29,0 days 15:55:50.713350,4576950,38.54,38.53,400,100,197591,-131475
833,DT,2020-05-29,0 days 15:55:51.714726,4440925,38.57,38.53,602,200,-155325,197591
834,DT,2020-05-29,0 days 15:56:04.745463,4446566,38.55,38.51,1025,1100,-156784,132
835,DT,2020-05-29,0 days 15:56:18.778775,4599850,38.53,38.51,1244,700,142932,-13284
836,DT,2020-05-29,0 days 15:56:39.830625,4446566,38.54,38.53,500,777,-155684,532
837,DT,2020-05-29,0 days 15:57:01.882413,4599850,38.55,38.52,986,100,142932,-13984
838,DT,2020-05-29,0 days 15:57:25.939049,4767166,38.55,38.52,1100,700,-9705,19695
839,DT,2020-05-29,0 days 15:58:24.080613,4777084,38.49,38.44,1096,1300,-17490,32556
840,DT,2020-05-29,0 days 15:59:06.177802,4729987,38.53,38.48,666,1344,188546,-180128
841,DT,2020-05-29,0 days 15:59:07.180725,4771833,38.53,38.48,466,1302,-6654,188546
842,DT,2020-05-29,0 days 15:59:08.182331,4729987,38.53,38.48,1167,1402,47946,-6654
843,DT,2020-05-29,0 days 15:59:10.188472,4849182,38.56,38.43,126,1417,-314905,47946
844,DT,2020-05-29,0 days 15:59:11.189479,5035987,38.56,38.49,726,200,158711,-314905
845,DT,2020-05-29,0 days 15:59:12.192033,4870482,38.56,38.49,1142,588,-293605,158711
846,DT,2020-05-29,0 days 15:59:21.206989,5024987,38.53,38.47,400,210,190494,-26922
847,DT,2020-05-29,0 days 15:59:22.209739,4869365,38.51,38.45,200,500,-212522,190494
848,DT,2020-05-29,0 days 15:59:23.211712,5024987,38.52,38.46,396,400,192094,-212522
849,DT,2020-05-29,0 days 15:59:24.214649,5023381,38.54,38.46,599,1000,-50106,192094
850,DT,2020-05-29,0 days 15:59:26.218864,5035987,38.54,38.46,1099,500,24524,-12976
851,DT,2020-05-29,0 days 15:59:27.221168,4869995,38.56,38.47,700,1000,-211892,24524
852,DT,2020-05-29,0 days 15:59:29.225928,5014287,38.56,38.49,896,100,204524,-75092
853,DT,2020-05-29,0 days 15:59:30.231855,4868995,38.55,38.54,200,200,-303492,204524
854,DT,2020-05-29,0 days 15:59:31.232472,5024987,38.49,38.43,556,100,194224,-303492
855,DT,2020-05-29,0 days 15:59:51.280718,4847863,38.49,38.42,769,1200,192746,-9270
856,DT,2020-05-29,0 days 15:59:57.293276,5040609,38.49,38.41,1600,1030,-7365,87981
857,DT,2020-05-29,0 days 15:59:58.296428,4017934,38.37,38.07,800,200,1066975,-7365
858,DUK,2020-05-29,0 days 15:55:51.714726,948579,85.96,85.94,305,1409,2084,-14150
859,DUK,2020-05-29,0 days 15:56:02.740660,948509,86.06,86.05,900,316,1875,-13625
860,DUK,2020-05-29,0 days 15:56:28.803278,950478,86.09,86.07,616,400,-7431,9269
861,DUK,2020-05-29,0 days 15:56:29.804961,948609,86.09,86.07,410,500,1869,-7431
862,DUK,2020-05-29,0 days 15:57:19.925359,1000979,86.11,86.09,500,400,-3786,83
863,DUK,2020-05-29,0 days 15:57:35.962715,1004765,86.04,86.01,1840,400,12914,-3786
864,DUK,2020-05-29,0 days 15:57:36.965872,1001179,86.04,86.02,240,700,-3186,12914
865,DUK,2020-05-29,0 days 15:57:37.967731,1004765,86.04,86.03,203,300,3414,-3186
866,DUK,2020-05-29,0 days 15:57:39.972752,1001879,86.04,86.03,300,500,-2486,6114
867,DUK,2020-05-29,0 days 15:57:43.982291,1004120,86.03,86.02,1100,100,6714,-11186
868,DUK,2020-05-29,0 days 15:57:45.986494,996434,86.02,86.01,2361,251,-7686,6714
869,DUK,2020-05-29,0 days 15:57:50.998879,1004120,86.01,86.0,200,500,4839,-1861
870,DUK,2020-05-29,0 days 15:57:52.001941,1003039,85.99,85.97,500,600,-1081,4839
871,DUK,2020-05-29,0 days 15:57:54.005761,1004120,85.99,85.96,2180,858,7239,-8581
872,DUK,2020-05-29,0 days 15:57:55.008903,1002659,86.01,85.99,329,300,-1461,7239
873,DUK,2020-05-29,0 days 15:57:57.012762,1004120,86.01,85.99,100,700,39,-1461
874,DUK,2020-05-29,0 days 15:57:58.015215,995659,86.03,86.0,331,810,-8461,39
875,DUK,2020-05-29,0 days 15:58:19.068101,1002124,85.97,85.95,700,700,-1159,5804
876,DUK,2020-05-29,0 days 15:58:23.079502,1003720,85.99,85.97,700,300,1824,-1976
877,DUK,2020-05-29,0 days 15:58:24.080640,1002424,85.99,85.97,400,600,-1296,1824
878,DUK,2020-05-29,0 days 15:58:43.120402,1003683,85.96,85.95,600,100,15356,-1644
879,DUK,2020-05-29,0 days 15:59:05.174961,1021332,85.95,85.93,400,800,2475,-1483
880,DUK,2020-05-29,0 days 15:59:06.177894,1020507,85.95,85.94,500,200,-825,2475
881,DVN,2020-05-29,0 days 15:57:48.984126,14054672,10.83,10.82,24726,19111,-11880,51493
882,EAT,2020-05-29,0 days 15:57:28.933605,150403,26.44,26.41,301,1600,420,-580
883,EAT,2020-05-29,0 days 15:57:29.936390,148623,26.44,26.41,606,1337,-1780,420
884,EAT,2020-05-29,0 days 15:59:17.197846,171960,26.39,26.37,1819,4344,-3128,2472
885,EAT,2020-05-29,0 days 15:59:43.260056,175088,26.42,26.41,223,2245,1740,-328
886,EAT,2020-05-29,0 days 15:59:50.282385,171106,26.39,26.38,789,1337,-2582,2018
887,ECL,2020-05-29,0 days 15:55:00.589656,1025726,213.35,213.2,106,1368,16818,-499456
888,ECL,2020-05-29,0 days 15:55:01.591124,1023244,213.48,213.39,246,1451,-9682,16818
889,ECL,2020-05-29,0 days 15:55:02.593282,1026426,213.47,213.38,350,100,3318,-9682
890,ECL,2020-05-29,0 days 15:55:03.596562,1023844,213.63,213.51,300,379,-9082,3318
891,ECL,2020-05-29,0 days 15:55:47.705841,1052917,214.12,213.95,100,200,15496,-5104
892,ECL,2020-05-29,0 days 15:55:48.708413,1050613,214.34,214.12,302,100,-3804,15496
893,ECL,2020-05-29,0 days 15:55:51.714726,1055917,214.17,213.94,303,200,1796,-2943
894,ECL,2020-05-29,0 days 15:55:52.717820,1053313,214.25,214.15,400,301,-3304,1796
895,ECL,2020-05-29,0 days 15:55:54.721962,1056617,214.24,214.15,100,301,396,-6643
896,ECL,2020-05-29,0 days 15:55:55.724950,1054013,214.28,214.16,300,300,-2604,396
897,ECL,2020-05-29,0 days 15:56:02.740631,1057317,214.22,214.1,200,200,596,-2243
898,ECL,2020-05-29,0 days 15:56:03.742890,1054613,214.24,214.11,300,100,-4643,596
899,ECL,2020-05-29,0 days 15:56:08.754727,1054417,214.02,213.88,401,215,596,-1304
900,ECL,2020-05-29,0 days 15:56:09.757307,1052013,214.0,213.93,200,300,-1804,596
901,ECL,2020-05-29,0 days 15:56:36.822063,1045017,213.73,213.61,303,500,7209,-891
902,ECL,2020-05-29,0 days 15:56:37.824762,1043826,213.62,213.51,100,100,-1191,7209
903,ECL,2020-05-29,0 days 15:56:38.826830,1038344,213.57,213.41,100,100,5955,-1191
904,ECL,2020-05-29,0 days 15:56:40.831803,1038199,213.61,213.56,300,400,-145,555
905,ECL,2020-05-29,0 days 15:56:44.841442,1037644,213.53,213.44,300,200,555,-1018
906,ECL,2020-05-29,0 days 15:56:54.865580,1034499,213.55,213.52,587,200,-385,1215
907,ECL,2020-05-29,0 days 15:57:03.886616,1034499,213.51,213.48,265,300,-385,315
908,ECL,2020-05-29,0 days 15:57:04.888753,1034184,213.49,213.36,500,100,315,-385
909,ECL,2020-05-29,0 days 15:57:09.903147,1033099,213.47,213.43,525,719,-385,1015
910,ECL,2020-05-29,0 days 15:57:16.917051,1033484,213.46,213.42,100,200,215,-485
911,ECL,2020-05-29,0 days 15:57:17.920598,1033099,213.47,213.43,369,200,-1085,215
912,ECL,2020-05-29,0 days 15:58:44.122946,1083370,212.65,212.56,334,200,9987,-2413
913,ECL,2020-05-29,0 days 15:58:45.127260,1080257,212.66,212.62,200,100,-4513,9987
914,ECL,2020-05-29,0 days 15:59:01.165576,1090557,212.79,212.71,300,300,-27015,8885
915,ECL,2020-05-29,0 days 15:59:15.200238,1117319,212.53,212.43,1256,285,2983,-6077
916,ECL,2020-05-29,0 days 15:59:24.214607,1115219,212.42,212.34,100,100,1433,-5967
917,ECL,2020-05-29,0 days 15:59:25.216514,1115552,212.47,212.41,200,100,-1767,1433
918,ECL,2020-05-29,0 days 15:59:49.274115,1138669,212.71,212.64,100,437,3011,-8762
919,ECL,2020-05-29,0 days 15:59:50.281830,1117372,212.77,212.64,200,200,-42297,3011
920,EGHT,2020-05-29,0 days 15:55:37.681372,260897,14.56,14.54,1105,874,1379,-5079
921,EGHT,2020-05-29,0 days 15:55:38.684289,256976,14.56,14.54,1105,874,-3921,1379
922,EGHT,2020-05-29,0 days 15:58:07.038773,264770,14.52,14.51,386,200,37719,-2392
923,EGHT,2020-05-29,0 days 15:59:06.177802,267353,14.57,14.55,1721,1377,7106,-133
924,EGHT,2020-05-29,0 days 15:59:46.268413,280598,14.54,14.53,3900,2748,-1677,475
925,EGO,2020-05-29,0 days 15:59:06.207472,35289,8.4,8.39,19897,30658,-998,8432
926,EGO,2020-05-29,0 days 15:59:07.208512,34487,8.4,8.39,17597,30558,802,-998
927,EGO,2020-05-29,0 days 15:59:08.211161,35289,8.4,8.39,22207,6191,-322,802
928,EGO,2020-05-29,0 days 15:59:09.213522,34511,8.39,8.38,21199,26410,1178,-322
929,EIX,2020-05-29,0 days 15:55:00.579045,910521,58.01,57.99,1300,379,980,-33515
930,EIX,2020-05-29,0 days 15:55:01.579864,906001,58.0,57.98,200,400,-4520,980
931,EIX,2020-05-29,0 days 15:55:28.647754,910521,58.0,57.99,1360,400,4475,-4025
932,EIX,2020-05-29,0 days 15:55:29.647835,906796,58.0,57.99,1260,300,-3725,4475
933,EIX,2020-05-29,0 days 15:55:47.691587,910621,57.99,57.98,2100,667,8203,-3132
934,EIX,2020-05-29,0 days 15:55:48.694472,908396,57.99,57.98,2100,667,-2225,8203
935,EIX,2020-05-29,0 days 15:56:31.796581,910621,58.01,58.0,2546,2172,175,-1625
936,EIX,2020-05-29,0 days 15:56:32.798900,908296,58.01,58.0,2546,2233,-2325,175
937,EIX,2020-05-29,0 days 15:57:20.914327,910821,58.08,58.05,700,910,19675,-1825
938,EIX,2020-05-29,0 days 15:57:52.991170,959396,58.11,58.1,210,601,-1161,41739
939,EIX,2020-05-29,0 days 15:57:54.996563,958313,58.11,58.09,413,300,4583,-4117
940,EIX,2020-05-29,0 days 15:58:14.042562,953257,58.14,58.11,1289,700,4009,-1491
941,EIX,2020-05-29,0 days 15:58:50.130209,947357,58.14,58.13,100,505,3405,-2495
942,EIX,2020-05-29,0 days 15:59:45.265969,974414,58.16,58.15,508,200,512,-3288
943,EIX,2020-05-29,0 days 15:59:46.267627,974926,58.16,58.14,290,226,-2318,512
944,EIX,2020-05-29,0 days 15:59:48.272273,974093,58.16,58.13,1379,404,833,-2318
945,EL,2020-05-29,0 days 15:55:00.574428,547863,198.01,197.79,200,688,132383,-314010
946,EL,2020-05-29,0 days 15:55:47.688844,624536,198.51,198.35,456,100,-23269,7026
947,EL,2020-05-29,0 days 15:55:48.691909,618418,198.45,198.24,430,419,6467,-23269
948,EL,2020-05-29,0 days 15:55:50.697569,624536,198.54,198.45,200,300,-2569,1618
949,EL,2020-05-29,0 days 15:55:51.699916,621618,198.42,198.28,200,400,2918,-2569
950,EL,2020-05-29,0 days 15:56:14.752808,624636,198.52,198.46,200,100,-160,440
951,EL,2020-05-29,0 days 15:56:19.765677,624216,198.66,198.55,200,400,420,-1580
952,EL,2020-05-29,0 days 15:56:26.782672,615416,198.66,198.59,400,936,9220,-9212
953,EL,2020-05-29,0 days 15:57:01.866426,624636,198.78,198.71,304,701,-1671,861
954,EL,2020-05-29,0 days 15:59:38.236264,707699,197.94,197.91,100,100,2783,-517
955,EL,2020-05-29,0 days 15:59:39.240068,705682,197.98,197.92,600,600,-6907,2783
956,EL,2020-05-29,0 days 15:59:43.248754,711399,198.01,197.88,344,700,319,-367
957,EL,2020-05-29,0 days 15:59:44.250542,711718,198.02,197.91,344,500,-871,319
958,EL,2020-05-29,0 days 15:59:49.263000,716524,197.93,197.85,200,400,93,-4724
959,EL,2020-05-29,0 days 15:59:50.269635,692817,197.92,197.79,110,500,-13582,93
960,EL,2020-05-29,0 days 15:59:55.276964,694380,197.73,197.58,6246,100,2661,-13998
961,ELS,2020-05-29,0 days 15:58:34.087269,482688,62.46,62.4,1601,355,1108,-1158
962,ELS,2020-05-29,0 days 15:58:35.089569,475730,62.46,62.42,585,500,-6958,1108
963,ELS,2020-05-29,0 days 15:59:12.179988,496842,62.41,62.39,1128,687,709,-2721
964,ELS,2020-05-29,0 days 15:59:19.192065,486385,62.42,62.39,191,400,-10457,8326
965,ELS,2020-05-29,0 days 15:59:24.206181,494440,62.41,62.39,490,200,-2402,9064
966,ELS,2020-05-29,0 days 15:59:26.209856,496842,62.36,62.34,202,110,9784,-1202
967,ELS,2020-05-29,0 days 15:59:27.212517,485960,62.4,62.35,900,111,-10882,9784
968,ELS,2020-05-29,0 days 15:59:29.216305,496842,62.38,62.31,1100,600,5684,-2882
969,ELS,2020-05-29,0 days 15:59:30.222094,495360,62.38,62.31,1446,1700,-1482,5684
970,ELS,2020-05-29,0 days 15:59:50.270147,488439,62.39,62.27,485,1551,-10153,3752
971,ENB,2020-05-29,0 days 15:55:00.589656,238577,32.51,32.5,901,2670,-9006,18943
972,ENB,2020-05-29,0 days 15:59:07.180754,253446,32.54,32.53,2500,2500,1436,-964
973,ENB,2020-05-29,0 days 15:59:10.188498,246222,32.52,32.51,1683,4900,-6324,3336
974,ENLC,2020-05-29,0 days 15:55:00.568084,1707885,2.35,2.34,6571,24214,-28842,437371
975,EOG,2020-05-29,0 days 15:55:47.705841,997366,50.72,50.7,1390,681,-11197,89512
976,EOG,2020-05-29,0 days 15:55:48.708413,970649,50.68,50.67,100,805,27117,-11197
977,EQNR,2020-05-29,0 days 15:59:43.248754,127003,14.63,14.62,20044,25985,218,-1335
978,ESNT,2020-05-29,0 days 15:59:07.153325,7857090,33.07,33.05,2108,2022,58893,-156563
979,ESNT,2020-05-29,0 days 15:59:49.250603,7915983,33.06,33.03,1200,100,-1273,15056
980,ESNT,2020-05-29,0 days 15:59:50.258230,7900927,33.03,33.02,2382,3451,15056,-1273
981,ESNT,2020-05-29,0 days 15:59:57.260536,7904598,33.03,33.02,344,3048,11385,-4944
982,ET,2020-05-29,0 days 15:56:48.871749,1806541,8.17,8.16,59772,13677,36749,-4366
983,ET,2020-05-29,0 days 15:56:49.874295,1799390,8.17,8.16,55124,14377,-7151,36749
984,ET,2020-05-29,0 days 15:57:24.958372,1806541,8.16,8.15,21800,29281,32049,-2151
985,ET,2020-05-29,0 days 15:57:25.960664,1804390,8.16,8.15,22410,29281,-2151,32049
986,ETN,2020-05-29,0 days 15:55:46.679357,821494,84.93,84.92,480,800,-6268,132
987,ETN,2020-05-29,0 days 15:57:40.950671,886614,84.95,84.93,1534,1256,-974,6326
988,ETN,2020-05-29,0 days 15:57:42.953762,885788,84.93,84.91,799,567,826,-5974
989,ETN,2020-05-29,0 days 15:57:48.967547,886814,84.93,84.92,804,400,-7174,6326
990,ETN,2020-05-29,0 days 15:57:52.977116,894688,84.95,84.94,500,800,5526,-674
991,ETN,2020-05-29,0 days 15:59:06.156157,930719,84.92,84.91,100,400,776,-1860
992,ETN,2020-05-29,0 days 15:59:31.221333,941555,84.83,84.81,435,1000,-4203,16497
993,ETN,2020-05-29,0 days 15:59:32.221622,941258,84.84,84.83,400,100,197,-4203
994,ETN,2020-05-29,0 days 15:59:33.228816,937155,84.92,84.87,1463,543,-7803,197
995,ETN,2020-05-29,0 days 15:59:34.227061,935958,84.91,84.9,800,126,437,-7803
996,ETN,2020-05-29,0 days 15:59:42.245769,928458,84.92,84.9,300,628,7937,-6163
997,ETN,2020-05-29,0 days 15:59:43.247845,931495,84.94,84.93,193,500,-6730,7937
998,ETN,2020-05-29,0 days 15:59:46.255314,932490,84.92,84.9,1100,856,-135,465
999,ETN,2020-05-29,0 days 15:59:48.260288,930766,84.91,84.88,1000,400,6424,-552
1000,EURN,2020-05-29,0 days 15:55:40.672304,48128,10.12,10.11,4927,11465,-365,469
1001,EURN,2020-05-29,0 days 15:55:41.674881,46593,10.12,10.11,4927,7965,1535,-365
1002,EURN,2020-05-29,0 days 15:59:01.153952,48128,10.12,10.11,2376,12943,-965,735
1003,EURN,2020-05-29,0 days 15:59:02.155849,47193,10.12,10.11,2776,12043,935,-965
1004,EURN,2020-05-29,0 days 15:59:07.168616,49144,10.12,10.11,769,14391,-1008,551
1005,EURN,2020-05-29,0 days 15:59:08.171523,48352,10.12,10.11,2292,13903,792,-1008
1006,EURN,2020-05-29,0 days 15:59:49.263090,49144,10.14,10.13,7809,16465,-4654,596
1007,EVRI,2020-05-29,0 days 15:59:16.180893,217853,6.23,6.22,2822,17166,-3394,506
1008,EVRI,2020-05-29,0 days 15:59:17.183381,217658,6.23,6.22,2719,17066,195,-3394
1009,EVRI,2020-05-29,0 days 15:59:39.239893,217953,6.23,6.22,4785,10426,-1175,834
1010,EXK,2020-05-29,0 days 15:59:36.242463,2147,1.92,1.91,106112,74483,-1653,2047
1011,EXK,2020-05-29,0 days 15:59:37.245632,2000,1.92,1.91,106112,74525,147,-1653
1012,EXK,2020-05-29,0 days 15:59:38.246951,2147,1.92,1.91,106112,74025,-853,147
1013,EXK,2020-05-29,0 days 15:59:39.251387,2000,1.92,1.91,105512,73230,147,-853
1014,FCAU,2020-05-29,0 days 15:59:47.270686,227142,8.84,8.83,33085,17772,3436,-6661
1015,FDX,2020-05-29,0 days 15:59:33.240560,421781,130.76,130.7,100,523,-8965,6822
1016,FDX,2020-05-29,0 days 15:59:34.239663,402959,130.71,130.65,700,200,19122,-8965
1017,FHN,2020-05-29,0 days 15:55:51.697847,525854,9.37,9.36,14730,24904,-74030,105731
1018,FHN,2020-05-29,0 days 15:55:52.700225,514284,9.37,9.36,23076,22377,11470,-74030
1019,FHN,2020-05-29,0 days 15:57:45.968117,522669,9.4,9.39,23568,30411,2985,-10
1020,FHN,2020-05-29,0 days 15:58:34.087238,525654,9.4,9.39,33198,14591,-3410,23585
1021,FHN,2020-05-29,0 days 15:58:35.089569,522769,9.4,9.39,37398,9943,2885,-3410
1022,FHN,2020-05-29,0 days 15:58:37.093143,517654,9.4,9.39,36573,9271,-1810,2885
1023,FHN,2020-05-29,0 days 15:58:38.095757,515469,9.4,9.39,38303,9850,2185,-1810
1024,FHN,2020-05-29,0 days 15:58:41.102631,517754,9.4,9.39,39082,7470,-10210,2185
1025,FHN,2020-05-29,0 days 15:58:42.105160,516269,9.4,9.39,41424,5100,1385,-10210
1026,FHN,2020-05-29,0 days 15:59:45.255282,538074,9.35,9.34,38942,6159,-2498,2614
1027,FIS,2020-05-29,0 days 15:55:00.589303,700847,138.98,138.91,200,200,2178,-37167
1028,FIS,2020-05-29,0 days 15:55:01.590952,697825,139.04,138.97,600,300,-422,2178
1029,FIS,2020-05-29,0 days 15:55:47.705758,722251,139.07,139.0,555,503,45354,-18334
1030,FIS,2020-05-29,0 days 15:55:48.708295,719905,139.07,139.03,455,657,-1246,45354
1031,FIS,2020-05-29,0 days 15:56:57.872922,722890,139.07,139.03,200,700,1848,-152
1032,FIS,2020-05-29,0 days 15:56:58.874887,721618,139.07,139.03,596,600,-72,1848
1033,FIS,2020-05-29,0 days 15:57:38.970116,722990,139.12,139.1,109,844,196,-1004
1034,FIS,2020-05-29,0 days 15:58:24.080556,722420,139.29,139.26,400,201,-944,6456
1035,FIS,2020-05-29,0 days 15:59:06.177685,725085,139.21,139.19,500,335,-6213,136
1036,FIS,2020-05-29,0 days 15:59:48.273449,830273,138.96,138.9,1405,300,-1252,222
1037,FIT,2020-05-29,0 days 15:57:58.011799,652968,6.33,6.32,78639,53928,-8967,25333
1038,FIT,2020-05-29,0 days 15:59:10.190362,655468,6.32,6.31,67519,56495,-21534,7285
1039,FL,2020-05-29,0 days 15:59:06.177867,283904,27.7,27.69,1262,906,-192,588
1040,FL,2020-05-29,0 days 15:59:08.182331,280331,27.7,27.69,1072,398,5073,-7027
1041,FNB,2020-05-29,0 days 15:55:29.682012,280733,7.44,7.43,18006,12842,-1363,1437
1042,FNB,2020-05-29,0 days 15:55:30.684745,279296,7.44,7.43,17906,12952,1237,-1363
1043,FNB,2020-05-29,0 days 15:55:39.706560,281033,7.44,7.43,18691,13993,-1081,637
1044,FNB,2020-05-29,0 days 15:55:40.708148,279814,7.44,7.43,18496,14093,1019,-1081
1045,FNB,2020-05-29,0 days 15:55:49.731856,312346,7.44,7.43,19586,13993,-21368,32332
1046,FNB,2020-05-29,0 days 15:55:50.733897,308214,7.44,7.43,19486,13793,3932,-21368
1047,FNB,2020-05-29,0 days 15:59:06.207472,312997,7.43,7.42,16924,6604,-4107,1053
1048,FNF,2020-05-29,0 days 15:55:00.575056,1736183,31.82,31.8,807,800,767673,-449349
1049,FNF,2020-05-29,0 days 15:58:17.044738,2375227,31.86,31.85,408,200,-6664,42316
1050,FNF,2020-05-29,0 days 15:58:18.047034,2349191,31.86,31.84,1435,400,26036,-6664
1051,FNF,2020-05-29,0 days 15:58:27.068647,2375227,31.86,31.85,1500,1100,-6364,21136
1052,FNF,2020-05-29,0 days 15:58:28.070863,2355791,31.86,31.85,1234,1300,19436,-6364
1053,FNF,2020-05-29,0 days 15:58:31.078747,2375227,31.89,31.87,11501,700,-2044,19436
1054,FNF,2020-05-29,0 days 15:58:32.080596,2357771,31.87,31.86,647,600,17456,-2044
1055,FNF,2020-05-29,0 days 15:58:38.095757,2361471,31.91,31.89,800,1200,13756,-15344
1056,FNF,2020-05-29,0 days 15:59:06.165355,2353400,31.88,31.86,1492,400,23871,-54329
1057,FNF,2020-05-29,0 days 15:59:19.192181,2373194,31.89,31.88,1045,900,4077,-54802
1058,FNF,2020-05-29,0 days 15:59:20.196188,2377271,31.92,31.9,1100,300,-13923,4077
1059,FNF,2020-05-29,0 days 15:59:23.202407,2291911,31.84,31.83,601,1013,86803,-18277
1060,FNF,2020-05-29,0 days 15:59:24.206287,2378714,31.89,31.88,610,200,-80777,86803
1061,FNF,2020-05-29,0 days 15:59:32.226151,2346111,31.85,31.84,600,500,32603,-59377
1062,FNF,2020-05-29,0 days 15:59:34.230743,2378714,31.88,31.87,500,900,-20397,7103
1063,FNF,2020-05-29,0 days 15:59:40.243161,2371091,31.87,31.86,400,2485,8823,-9277
1064,FNF,2020-05-29,0 days 15:59:43.249048,2380506,31.89,31.88,1100,100,-13954,2354
1065,FSK,2020-05-29,0 days 15:55:11.601490,241411,3.71,3.7,3300,14598,-1641,6059
1066,FSK,2020-05-29,0 days 15:55:12.603966,236052,3.71,3.7,2609,14808,5359,-1641
1067,FSK,2020-05-29,0 days 15:55:39.669516,241411,3.72,3.71,3700,13696,-1570,5359
1068,FSK,2020-05-29,0 days 15:55:40.671112,236681,3.72,3.71,5500,11843,4730,-1570
1069,FSK,2020-05-29,0 days 15:57:06.874911,241411,3.72,3.71,8879,12137,-4962,2830
1070,FSK,2020-05-29,0 days 15:57:07.875853,239473,3.72,3.71,13653,8310,1938,-4962
1071,FSK,2020-05-29,0 days 15:57:39.953606,241411,3.72,3.71,14556,12789,-5647,2301
1072,FSK,2020-05-29,0 days 15:57:40.957067,239410,3.72,3.71,14556,12789,2001,-5647
1073,FSK,2020-05-29,0 days 15:59:07.167270,241236,3.72,3.71,14735,31013,-10612,3726
1074,FTCH,2020-05-29,0 days 15:58:49.163712,91512,13.85,13.84,14576,9935,-975,1390
1075,FTCH,2020-05-29,0 days 15:58:50.166438,90387,13.85,13.84,14332,9792,1125,-975
1076,FTCH,2020-05-29,0 days 15:59:06.207533,91492,13.85,13.84,15178,5511,-4180,1105
1077,FTCH,2020-05-29,0 days 15:59:07.208543,90972,13.85,13.84,14078,5511,520,-4180
1078,FTI,2020-05-29,0 days 15:55:00.568084,10699165,7.42,7.41,3100,10000,453094,-2234546
1079,FTI,2020-05-29,0 days 15:55:01.569414,10527459,7.44,7.43,32186,4232,-171706,453094
1080,GGB,2020-05-29,0 days 15:59:46.267857,297851,2.51,2.5,170277,517023,41297,-10066
1081,GGB,2020-05-29,0 days 15:59:47.270383,290048,2.51,2.5,162577,517023,-7803,41297
1082,GIS,2020-05-29,0 days 15:55:26.639083,1462035,63.28,63.27,100,617,-4631,1335
1083,GIS,2020-05-29,0 days 15:55:27.641875,1458766,63.28,63.27,250,300,3269,-4631
1084,GIS,2020-05-29,0 days 15:55:39.670387,1462035,63.31,63.3,1378,624,-515,469
1085,GIS,2020-05-29,0 days 15:58:18.049950,1496458,63.22,63.21,229,333,18990,-26210
1086,GIS,2020-05-29,0 days 15:58:19.051660,1493948,63.24,63.22,300,900,-1010,18990
1087,GIS,2020-05-29,0 days 15:58:23.062591,1488958,63.2,63.18,513,502,3804,-2196
1088,GIS,2020-05-29,0 days 15:58:24.064441,1487262,63.21,63.19,227,800,-496,3804
1089,GIS,2020-05-29,0 days 15:59:02.155798,1505667,63.2,63.18,774,1117,-1491,1109
1090,GIS,2020-05-29,0 days 15:59:21.194888,1534971,63.2,63.19,602,100,-4769,3378
1091,GIS,2020-05-29,0 days 15:59:22.197297,1505640,63.19,63.18,1209,100,29331,-4769
1092,GIS,2020-05-29,0 days 15:59:23.200249,1503471,63.17,63.16,300,100,-1069,29331
1093,GIS,2020-05-29,0 days 15:59:40.242990,1485671,63.15,63.13,3872,641,-3771,2081
1094,GIS,2020-05-29,0 days 15:59:48.263786,1493615,63.13,63.11,300,1115,-11329,9079
1095,GIS,2020-05-29,0 days 15:59:55.276964,1492224,63.11,63.09,6400,100,25608,-21198
1096,GM,2020-05-29,0 days 15:55:00.574674,3613503,25.84,25.83,3542,6170,5977,-667312
1097,GM,2020-05-29,0 days 15:55:13.606559,3598702,25.89,25.88,1919,9735,-10782,8146
1098,GM,2020-05-29,0 days 15:55:14.608484,3594184,25.89,25.88,753,12593,4418,-10782
1099,GM,2020-05-29,0 days 15:55:51.697811,3625256,25.84,25.83,13105,2331,-31699,6425
1100,GM,2020-05-29,0 days 15:55:52.700191,3621755,25.84,25.83,15069,2278,3501,-31699
1101,GM,2020-05-29,0 days 15:57:19.906393,3625367,25.86,25.85,5300,9500,-5788,512
1102,GM,2020-05-29,0 days 15:57:20.909012,3622659,25.87,25.86,4629,10034,163,-5788
1103,GM,2020-05-29,0 days 15:57:48.975256,3712831,25.89,25.88,4080,21328,-58465,6735
1104,GM,2020-05-29,0 days 15:57:53.987859,3672296,25.9,25.89,3811,16828,4335,-28665
1105,GM,2020-05-29,0 days 15:57:55.992206,3676631,25.9,25.89,3754,18839,-16665,4335
1106,GM,2020-05-29,0 days 15:57:57.997550,3639496,25.9,25.89,2233,25838,4301,-28765
1107,GM,2020-05-29,0 days 15:58:16.042395,3728214,25.9,25.89,21405,5067,-182,9818
1108,GM,2020-05-29,0 days 15:58:24.061479,3764414,25.89,25.88,8091,7756,-32182,60718
1109,GM,2020-05-29,0 days 15:58:25.063872,3752296,25.89,25.88,11270,5459,12118,-32182
1110,GM,2020-05-29,0 days 15:59:01.153007,3764207,25.89,25.88,9903,6089,-32389,16211
1111,GM,2020-05-29,0 days 15:59:02.154882,3747105,25.88,25.87,3733,12830,17102,-32389
1112,GM,2020-05-29,0 days 15:59:10.175676,3792243,25.86,25.85,10203,9852,-14248,9977
1113,GM,2020-05-29,0 days 15:59:17.189139,4041430,25.86,25.85,4359,11647,-9861,271239
1114,GM,2020-05-29,0 days 15:59:18.190204,4018491,25.87,25.86,3688,12901,24131,-9861
1115,GM,2020-05-29,0 days 15:59:33.231251,4029631,25.88,25.87,3200,15251,-381,16947
1116,GM,2020-05-29,0 days 15:59:38.235993,4001112,25.89,25.88,9030,4213,16168,-48932
1117,GME,2020-05-29,0 days 15:59:43.247780,520065,4.07,4.06,16733,8257,3634,-2975
1118,GME,2020-05-29,0 days 15:59:48.260194,502841,4.09,4.08,7600,8609,-32057,8585
1119,GNC,2020-05-29,0 days 15:56:38.811283,17592,0.76,0.75,25000,400,-14162,6918
1120,GNC,2020-05-29,0 days 15:59:56.277794,25374,0.75,0.74,200,952,-6380,16300
1121,GNC,2020-05-29,0 days 15:59:58.282677,10674,0.76,0.75,1500,400,11408,-6380
1122,GNW,2020-05-29,0 days 15:55:44.674032,692991,3.05,3.04,45388,44387,-5919,743
1123,GNW,2020-05-29,0 days 15:55:46.679412,683410,3.05,3.04,42788,45518,9581,-39519
1124,GNW,2020-05-29,0 days 15:58:41.094286,693357,3.06,3.05,36174,38103,-612,11
1125,GNW,2020-05-29,0 days 15:59:03.148508,691189,3.06,3.05,41416,24303,2168,-412
1126,GNW,2020-05-29,0 days 15:59:16.180824,693557,3.06,3.05,38765,20308,-102288,1718
1127,GOLD,2020-05-29,0 days 15:59:45.253333,679001,23.99,23.98,22948,7743,-8706,1065
1128,GOLD,2020-05-29,0 days 15:59:48.260508,677814,23.99,23.98,19456,6345,1187,-3518
1129,GPK,2020-05-29,0 days 15:57:08.883840,188954,14.53,14.52,26459,8452,5621,-579
1130,GPK,2020-05-29,0 days 15:57:42.964998,195075,14.53,14.52,18876,21530,-1879,21
1131,GPK,2020-05-29,0 days 15:58:17.047977,230571,14.51,14.5,15221,7000,18704,-30096
1132,GPK,2020-05-29,0 days 15:58:18.049950,225875,14.51,14.5,18345,5800,-896,18704
1133,GPK,2020-05-29,0 days 15:59:40.243222,244162,14.49,14.48,9823,22825,2175,-6325
1134,GPK,2020-05-29,0 days 15:59:41.245049,242237,14.49,14.48,7035,36020,-1925,2175
1135,GS,2020-05-29,0 days 15:59:48.261188,411339,196.55,196.5,700,215,17949,-284
1136,GS,2020-05-29,0 days 15:59:50.269883,410135,196.64,196.58,210,200,-20696,296
1137,GSK,2020-05-29,0 days 15:55:00.568743,58183,41.88,41.87,2900,1306,-159,11805
1138,GSK,2020-05-29,0 days 15:59:01.144321,61679,41.95,41.93,6539,2518,634,-333
1139,GSK,2020-05-29,0 days 15:59:07.158480,63340,41.95,41.94,3882,4867,3851,-840
1140,HAL,2020-05-29,0 days 15:55:45.684128,2342631,11.75,11.74,45569,17383,-3993,21467
1141,HAL,2020-05-29,0 days 15:55:46.686515,2319524,11.75,11.74,65871,3704,23107,-3993
1142,HAL,2020-05-29,0 days 15:57:45.972079,2388607,11.78,11.77,16192,40535,-8929,14471
1143,HAL,2020-05-29,0 days 15:57:46.974189,2374136,11.78,11.77,20492,32686,14471,-8929
1144,HAL,2020-05-29,0 days 15:57:47.976623,2388607,11.78,11.77,19992,33435,-9229,14471
1145,HAL,2020-05-29,0 days 15:57:48.979560,2376336,11.78,11.77,19992,34064,12447,-9229
1146,HAL,2020-05-29,0 days 15:58:46.117034,2409336,11.77,11.76,64016,9745,7693,-41007
1147,HBI,2020-05-29,0 days 15:55:00.575202,12405419,9.81,9.8,36297,20641,335699,-1877496
1148,HBI,2020-05-29,0 days 15:59:01.153264,12669318,9.86,9.85,6314,29288,-111285,85715
1149,HBI,2020-05-29,0 days 15:59:43.249048,12817747,9.86,9.85,30438,34204,-19988,5213
1150,HBI,2020-05-29,0 days 15:59:44.252632,12837735,9.86,9.85,12709,37809,73748,-19988
1151,HD,2020-05-29,0 days 15:57:07.872474,1159325,249.4,249.35,100,300,-656,1347
1152,HD,2020-05-29,0 days 15:57:46.962539,1175925,249.7,249.66,200,500,-17037,5963
1153,HD,2020-05-29,0 days 15:57:47.965430,1171362,249.66,249.64,400,753,4563,-17037
1154,HD,2020-05-29,0 days 15:57:48.967581,1175925,249.69,249.64,200,953,-3537,4563
1155,HD,2020-05-29,0 days 15:57:50.973065,1171362,249.67,249.64,200,703,4563,-2437
1156,HD,2020-05-29,0 days 15:58:16.035363,1173327,249.58,249.55,378,250,15176,-15087
1157,HD,2020-05-29,0 days 15:58:20.045523,1188525,249.66,249.58,200,400,-3202,2498
1158,HD,2020-05-29,0 days 15:58:22.048978,1181327,249.61,249.56,480,200,7198,-6387
1159,HD,2020-05-29,0 days 15:59:06.156188,1227550,249.25,249.13,1300,100,-57698,6167
1160,HD,2020-05-29,0 days 15:59:46.255314,1284630,249.02,248.91,203,400,280,-1988
1161,HD,2020-05-29,0 days 15:59:50.269520,1272029,249.06,248.97,290,400,-12241,1328
1162,HDB,2020-05-29,0 days 15:55:39.663115,100285,41.91,41.89,659,1044,2168,-467
1163,HDB,2020-05-29,0 days 15:55:40.664409,99853,41.9,41.89,100,1044,-432,2168
1164,HDB,2020-05-29,0 days 15:59:00.144808,106179,41.86,41.85,700,3200,286,-114
1165,HES,2020-05-29,0 days 15:55:47.705727,598863,47.4,47.39,502,502,1256,-6854
1166,HES,2020-05-29,0 days 15:55:48.708206,594019,47.4,47.39,189,1203,-4844,1256
1167,HES,2020-05-29,0 days 15:58:18.066030,617959,47.39,47.38,440,100,4884,-3016
1168,HES,2020-05-29,0 days 15:58:19.067974,614843,47.38,47.36,200,200,-3116,4884
1169,HES,2020-05-29,0 days 15:58:32.093997,617043,47.35,47.32,1588,579,-916,984
1170,HES,2020-05-29,0 days 15:59:45.266025,649841,47.47,47.45,970,600,-3584,5116
1171,HES,2020-05-29,0 days 15:59:58.296160,650725,47.51,47.45,1200,2500,2074,-4487
1172,HFC,2020-05-29,0 days 15:55:00.574885,551731,31.47,31.45,200,300,-163592,31701
1173,HFC,2020-05-29,0 days 15:58:04.013172,660123,31.57,31.55,200,500,4211,-9489
1174,HFC,2020-05-29,0 days 15:58:05.016082,652827,31.58,31.56,807,722,-5196,4211
1175,HFC,2020-05-29,0 days 15:58:46.114948,658879,31.57,31.56,300,100,6005,-7695
1176,HFC,2020-05-29,0 days 15:58:47.117359,643984,31.58,31.57,445,1070,-14895,6005
1177,HFC,2020-05-29,0 days 15:59:24.206181,723467,31.47,31.46,619,1200,-9040,11926
1178,HIG,2020-05-29,0 days 15:55:00.579743,2710102,38.26,38.24,600,329,86423,-397196
1179,HIG,2020-05-29,0 days 15:55:01.580109,2711465,38.32,38.31,261,500,-224788,86423
1180,HIG,2020-05-29,0 days 15:55:34.660714,2710102,38.29,38.28,400,600,135130,-94888
1181,HIG,2020-05-29,0 days 15:55:51.701870,2729632,38.29,38.28,1938,803,-25820,91380
1182,HIG,2020-05-29,0 days 15:56:16.760919,2718449,38.28,38.27,100,910,184183,-45968
1183,HIG,2020-05-29,0 days 15:56:17.763335,2750232,38.32,38.31,1020,300,-226668,184183
1184,HIG,2020-05-29,0 days 15:56:40.818878,2750749,38.28,38.27,300,304,3483,-317
1185,HIG,2020-05-29,0 days 15:57:16.905330,2855259,38.27,38.26,714,400,-8290,12710
1186,HIG,2020-05-29,0 days 15:57:27.930964,2876059,38.24,38.22,600,1173,-3933,11267
1187,HIG,2020-05-29,0 days 15:57:28.933631,2866592,38.24,38.22,900,1851,9467,-3933
1188,HIG,2020-05-29,0 days 15:57:36.952949,2896259,38.28,38.27,884,538,-1333,1567
1189,HIG,2020-05-29,0 days 15:57:37.954912,2883092,38.28,38.27,784,1038,9067,-1333
1190,HIG,2020-05-29,0 days 15:57:40.962881,2866084,38.3,38.29,500,1200,-37308,9524
1191,HIG,2020-05-29,0 days 15:57:41.964512,2856292,38.28,38.27,400,404,9792,-37308
1192,HIG,2020-05-29,0 days 15:58:11.035606,2946282,38.3,38.29,500,1661,-48010,7122
1193,HIG,2020-05-29,0 days 15:58:37.098617,3039497,38.24,38.23,474,900,-92846,26505
1194,HIG,2020-05-29,0 days 15:58:38.101075,3024443,38.24,38.23,100,1200,15054,-92846
1195,HIG,2020-05-29,0 days 15:59:02.160470,3048540,38.26,38.25,300,3120,-25219,12181
1196,HIG,2020-05-29,0 days 15:59:05.167264,3019570,38.26,38.24,2107,1012,8170,-35030
1197,HIG,2020-05-29,0 days 15:59:33.240938,3088482,38.24,38.23,900,698,2158,-52242
1198,HIG,2020-05-29,0 days 15:59:36.242433,3029582,38.26,38.25,300,1003,4758,-56242
1199,HLT,2020-05-29,0 days 15:58:54.148950,717684,79.35,79.34,200,4100,2905,-19971
1200,HLT,2020-05-29,0 days 15:58:55.151642,711289,79.35,79.34,400,4100,-6395,2905
1201,HLT,2020-05-29,0 days 15:59:12.194485,739118,79.4,79.36,400,300,-2510,2090
1202,HMC,2020-05-29,0 days 15:59:05.162241,36978,26.08,26.07,700,7213,-329,419
1203,HMC,2020-05-29,0 days 15:59:39.240631,37204,26.08,26.07,5600,2020,-303,397
1204,HP,2020-05-29,0 days 15:58:59.147768,360369,20.03,20.02,1708,4328,-1471,272
1205,HP,2020-05-29,0 days 15:59:06.166315,363540,20.05,20.04,110,385,34433,-566
1206,HP,2020-05-29,0 days 15:59:09.173665,391050,20.05,20.04,325,200,1575,-6215
1207,HP,2020-05-29,0 days 15:59:48.263756,515106,20.14,20.13,1296,201,-1094,406
1208,HP,2020-05-29,0 days 15:59:50.269604,462600,20.15,20.14,2267,11969,47283,-1094
1209,HPP,2020-05-29,0 days 15:59:19.190632,7675302,24.11,24.09,797,100,328407,-1404634
1210,HPP,2020-05-29,0 days 15:59:20.194203,7664112,24.42,24.39,100,400,-668550,328407
1211,HRL,2020-05-29,0 days 15:59:04.174361,614085,48.84,48.83,1200,968,-6396,24729
1212,HRL,2020-05-29,0 days 15:59:05.176432,606081,48.82,48.81,1518,100,8004,-6396
1213,HSBC,2020-05-29,0 days 15:55:00.579215,127258,23.02,23.01,14685,18045,2393,-37030
1214,HSBC,2020-05-29,0 days 15:55:36.665933,129751,23.01,23.0,12669,34255,-1807,100
