,Symbol,Timestamp,TIME,iPaired,Ask_P,Bid_P,Ask_S,Bid_S,iShares,PreviShares
0,AA,2020-10-19,0 days 15:56:28.265613,167735,12.63,12.62,5385,5600,-2266,334
1,AA,2020-10-19,0 days 15:59:41.245430,203060,12.64,12.63,9223,3129,8377,-6223
2,AA,2020-10-19,0 days 15:59:42.245639,201337,12.64,12.63,8823,3529,-1723,8377
3,ABBV,2020-10-19,0 days 15:59:08.253781,2434270,84.32,84.31,200771,4239,-6719,3009
4,ABBV,2020-10-19,0 days 15:59:12.254506,2440529,84.32,84.31,174229,5855,56417,-6719
5,ABBV,2020-10-19,0 days 15:59:39.250785,2515236,84.32,84.31,140814,2500,-24046,750
6,ABT,2020-10-19,0 days 15:59:40.254786,457378,108.14,108.07,100,400,2865,-558
7,ABT,2020-10-19,0 days 15:59:48.254531,453437,108.14,108.08,754,300,-3941,3359
8,ACI,2020-10-19,0 days 15:59:23.252510,160783,14.45,14.44,265,2100,-7165,1935
9,ACI,2020-10-19,0 days 15:59:46.255656,178346,14.45,14.43,1281,1100,7753,-2547
10,ACI,2020-10-19,0 days 15:59:47.253848,173699,14.44,14.42,2565,400,-2347,7753
11,ADM,2020-10-19,0 days 15:57:47.247744,383321,50.35,50.34,1886,546,-7133,6567
12,ADM,2020-10-19,0 days 15:57:48.247286,383054,50.34,50.33,443,1402,267,-7133
13,ADM,2020-10-19,0 days 15:57:54.248395,381454,50.36,50.35,100,3984,1867,-1933
14,ADM,2020-10-19,0 days 15:58:00.248538,379121,50.36,50.35,2700,204,-1733,1967
15,ADM,2020-10-19,0 days 15:58:01.248464,374954,50.35,50.33,2162,1498,3794,-1733
16,ADM,2020-10-19,0 days 15:58:29.250153,378748,50.38,50.37,1000,1620,-2806,4694
17,ADM,2020-10-19,0 days 15:58:31.250252,376754,50.38,50.37,1521,1049,1994,-1306
18,ADM,2020-10-19,0 days 15:58:48.250703,382948,50.39,50.38,2600,170,-106,2694
19,ADM,2020-10-19,0 days 15:58:50.250040,382759,50.39,50.38,2600,270,189,-6811
20,ADM,2020-10-19,0 days 15:59:05.252094,383028,50.38,50.37,2852,587,-214,1675
21,ADM,2020-10-19,0 days 15:59:06.254610,383242,50.38,50.37,239,3273,11636,-214
22,ADM,2020-10-19,0 days 15:59:07.252547,394892,50.36,50.35,2826,445,-21117,11636
23,AEO,2020-10-19,0 days 15:56:33.315343,193201,14.25,14.24,3559,4190,3406,-443
24,AEO,2020-10-19,0 days 15:56:34.314129,192107,14.25,14.24,3666,4365,-1094,3406
25,AEO,2020-10-19,0 days 15:58:08.317549,193357,14.26,14.25,1607,5013,140,-7454
26,AEO,2020-10-19,0 days 15:58:09.317502,191997,14.26,14.25,1107,5888,-1360,140
27,AEO,2020-10-19,0 days 15:59:10.321209,200070,14.26,14.25,5875,2296,1160,-2540
28,AEO,2020-10-19,0 days 15:59:28.320692,213579,14.24,14.23,3400,3700,-2078,3524
29,AES,2020-10-19,0 days 15:59:16.249961,520635,19.96,19.95,5305,6044,6588,-35774
30,AES,2020-10-19,0 days 15:59:44.249889,513482,19.93,19.92,9806,3500,-12455,15721
31,AES,2020-10-19,0 days 15:59:46.251636,525937,19.92,19.91,13406,1300,30316,-12455
32,AES,2020-10-19,0 days 15:59:47.249808,517290,19.92,19.91,13706,800,-3847,30316
33,AFL,2020-10-19,0 days 15:56:37.247690,350703,36.48,36.47,315,3705,-729,2037
34,AFL,2020-10-19,0 days 15:56:38.247540,344932,36.49,36.48,2446,872,5771,-729
35,AG,2020-10-19,0 days 15:55:00.243108,29500,10.35,10.34,14860,7833,-13627,7417
36,AGI,2020-10-19,0 days 15:55:00.245072,26617,8.31,8.3,9366,17335,-6059,3221
37,AGI,2020-10-19,0 days 15:59:36.250157,39522,8.3,8.29,29505,11692,77,-4321
38,AGI,2020-10-19,0 days 15:59:45.250453,37201,8.3,8.29,31529,7943,-221,3579
39,ALK,2020-10-19,0 days 15:55:40.247130,75701,39.54,39.52,654,656,391,-139
40,ALK,2020-10-19,0 days 15:55:41.246950,75592,39.54,39.52,654,656,-109,391
41,ALK,2020-10-19,0 days 15:56:28.248341,75836,39.57,39.56,242,394,63,-274
42,ALK,2020-10-19,0 days 15:56:29.248250,75699,39.57,39.56,342,394,-137,63
43,ALK,2020-10-19,0 days 15:57:59.250129,84042,39.6,39.59,600,413,1196,-504
44,ALK,2020-10-19,0 days 15:58:00.251046,83438,39.6,39.59,600,513,-604,1196
45,ALK,2020-10-19,0 days 15:58:02.250006,84042,39.6,39.59,300,300,169,-604
46,ALK,2020-10-19,0 days 15:58:03.249796,83291,39.6,39.59,300,300,-751,169
47,ALK,2020-10-19,0 days 15:58:30.250807,88467,39.62,39.61,565,804,824,-476
48,ALK,2020-10-19,0 days 15:58:31.251156,87391,39.62,39.61,1166,304,-1076,824
49,ALK,2020-10-19,0 days 15:59:40.250354,90759,39.59,39.58,200,500,-216,13484
50,ALK,2020-10-19,0 days 15:59:46.247875,90971,39.59,39.57,200,300,2496,-112
51,ALL,2020-10-19,0 days 15:55:40.245500,163509,91.29,91.24,200,200,-3899,2101
52,ALL,2020-10-19,0 days 15:55:41.245504,160966,91.29,91.24,200,310,2543,-3899
53,ALL,2020-10-19,0 days 15:57:35.248171,164838,91.41,91.39,100,276,-2025,1075
54,ALL,2020-10-19,0 days 15:57:36.247385,163793,91.4,91.38,170,200,170,-2025
55,ALL,2020-10-19,0 days 15:57:37.247792,164838,91.4,91.35,200,100,-555,170
56,ALL,2020-10-19,0 days 15:57:54.248274,164838,91.39,91.36,200,200,-749,51
57,ALL,2020-10-19,0 days 15:57:55.247798,164487,91.39,91.36,200,513,351,-749
58,ALL,2020-10-19,0 days 15:58:09.249020,163797,91.44,91.4,370,200,166,-1374
59,ALL,2020-10-19,0 days 15:58:12.249337,163963,91.5,91.42,369,535,-2544,1356
60,ALL,2020-10-19,0 days 15:58:16.249134,162607,91.42,91.37,200,100,1356,-1344
61,ALL,2020-10-19,0 days 15:58:31.250208,163807,91.43,91.39,100,100,156,-1244
62,ALL,2020-10-19,0 days 15:58:47.250643,163963,91.46,91.42,100,300,-2544,156
63,ALL,2020-10-19,0 days 15:59:20.248972,178053,91.49,91.43,100,200,795,-4182
64,ALL,2020-10-19,0 days 15:59:28.248740,179048,91.49,91.45,151,100,-835,665
65,ALL,2020-10-19,0 days 15:59:29.249384,178483,91.49,91.45,151,100,565,-835
66,ALL,2020-10-19,0 days 15:59:35.249609,179048,91.49,91.44,441,100,-835,665
67,ALL,2020-10-19,0 days 15:59:36.249709,178583,91.49,91.45,489,100,465,-835
68,ALLY,2020-10-19,0 days 15:55:01.310949,271954,28.46,28.45,4542,3052,-4026,3474
69,ALLY,2020-10-19,0 days 15:55:02.310246,269580,28.46,28.45,4642,2453,2374,-4026
70,ALLY,2020-10-19,0 days 15:55:37.312016,271984,28.47,28.46,5302,1994,-1180,592
71,ALLY,2020-10-19,0 days 15:55:38.312557,269764,28.46,28.45,2400,1562,2220,-1180
72,ALLY,2020-10-19,0 days 15:56:45.314472,279376,28.47,28.46,3100,1300,-1717,2383
73,ALLY,2020-10-19,0 days 15:56:46.314781,277693,28.47,28.46,7700,2000,1683,-1717
74,ALLY,2020-10-19,0 days 15:56:56.314970,279376,28.47,28.46,7665,3111,-117,1683
75,ALLY,2020-10-19,0 days 15:56:57.314087,277793,28.47,28.46,7365,3866,1583,-117
76,ALLY,2020-10-19,0 days 15:57:02.314803,279376,28.47,28.46,7265,1639,-617,1583
77,ALLY,2020-10-19,0 days 15:57:03.317038,277793,28.47,28.46,5911,3512,1583,-617
78,ALLY,2020-10-19,0 days 15:57:52.316135,285931,28.48,28.47,2138,3012,-1562,1992
79,ALLY,2020-10-19,0 days 15:57:53.315737,284293,28.48,28.47,1638,4780,1638,-1562
80,ALLY,2020-10-19,0 days 15:58:31.318768,278259,28.49,28.48,2787,3701,789,-1811
81,ALLY,2020-10-19,0 days 15:58:53.318617,278674,28.47,28.46,2108,4482,374,-3311
82,ALLY,2020-10-19,0 days 15:59:09.322147,310063,28.49,28.48,757,5484,-13188,2389
83,ALLY,2020-10-19,0 days 15:59:10.321235,308351,28.49,28.48,757,5664,1712,-13188
84,ALLY,2020-10-19,0 days 15:59:45.323767,316691,28.46,28.45,3109,2112,-3914,818
85,AM,2020-10-19,0 days 15:57:36.255884,687758,6.58,6.57,6011,12945,8491,-13509
86,AM,2020-10-19,0 days 15:57:37.256722,676449,6.58,6.57,6011,12545,-9809,8491
87,AM,2020-10-19,0 days 15:59:17.248103,687936,6.58,6.57,10714,6524,3447,-2877
88,AM,2020-10-19,0 days 15:59:18.248635,684083,6.58,6.57,10614,6524,-2353,3447
89,AM,2020-10-19,0 days 15:59:45.247483,687718,6.57,6.56,11035,12989,4015,-985
90,AM,2020-10-19,0 days 15:59:46.247734,686933,6.57,6.56,6146,16589,-785,4015
91,AM,2020-10-19,0 days 15:59:47.245416,687718,6.57,6.56,6146,16789,730,-785
92,AM,2020-10-19,0 days 15:59:48.246298,687048,6.57,6.56,7966,12489,-670,730
93,AMC,2020-10-19,0 days 15:59:17.252826,52313,3.57,3.56,7415,4300,1542,-1554
94,AMC,2020-10-19,0 days 15:59:18.253142,50955,3.57,3.56,7515,4000,-958,1542
95,AMC,2020-10-19,0 days 15:59:47.253537,51313,3.55,3.54,7095,2000,588,-1473
96,AMC,2020-10-19,0 days 15:59:49.254435,49501,3.54,3.53,200,7451,-512,88
97,AMCR,2020-10-19,0 days 15:59:30.250535,925761,11.3,11.29,15151,5055,26550,-15515
98,AMCR,2020-10-19,0 days 15:59:31.247869,914011,11.3,11.29,24344,5155,-11750,26550
99,AMX,2020-10-19,0 days 15:56:25.265479,35816,12.5,12.49,12093,8794,63,-1837
100,AMX,2020-10-19,0 days 15:56:26.265067,34179,12.5,12.49,11885,8694,-1637,63
101,AMX,2020-10-19,0 days 15:59:03.259057,38410,12.5,12.49,18435,2669,1621,-612
102,AMX,2020-10-19,0 days 15:59:04.259522,37831,12.49,12.48,12872,6671,-579,1621
103,AMX,2020-10-19,0 days 15:59:20.248108,40851,12.49,12.48,12181,7096,294,-2020
104,APH,2020-10-19,0 days 15:55:00.242997,149380,112.61,112.55,410,202,4350,-17598
105,APH,2020-10-19,0 days 15:55:03.242039,147030,112.59,112.56,400,200,-2350,4350
106,APH,2020-10-19,0 days 15:59:12.253842,161390,113.09,113.04,128,356,15286,-1645
107,APH,2020-10-19,0 days 15:59:21.249103,173776,113.15,113.11,100,312,-276,3386
108,APH,2020-10-19,0 days 15:59:26.249468,172738,113.12,113.04,100,100,3138,-524
109,APO,2020-10-19,0 days 15:59:16.323221,239672,39.1,39.04,1300,286,9632,-101677
110,APO,2020-10-19,0 days 15:59:17.320569,236601,39.08,39.05,100,507,-3071,9632
111,APO,2020-10-19,0 days 15:59:23.320312,239672,39.06,39.01,200,242,29,-3071
112,APO,2020-10-19,0 days 15:59:41.321502,239672,39.04,39.01,182,100,1925,-75
113,APO,2020-10-19,0 days 15:59:42.320886,238497,39.04,39.01,302,200,-1175,1925
114,APO,2020-10-19,0 days 15:59:45.323822,239672,39.08,39.01,800,200,6284,-1175
115,APO,2020-10-19,0 days 15:59:46.322746,220106,39.06,39.01,500,223,-20027,6284
116,APO,2020-10-19,0 days 15:59:55.322373,240033,39.01,38.93,100,600,2535,-9765
117,APO,2020-10-19,0 days 16:00:00.322933,232599,39.05,38.92,700,300,-7434,5245
118,ARMK,2020-10-19,0 days 15:55:40.241203,88008,27.98,27.96,1399,200,3425,-2475
119,ARMK,2020-10-19,0 days 15:55:41.240905,86333,27.97,27.96,200,200,-1675,3425
120,ARMK,2020-10-19,0 days 15:59:47.245193,117779,27.99,27.97,301,420,-1633,4667
121,ATUS,2020-10-19,0 days 15:59:32.320978,787897,28.21,28.2,1600,5298,-740,59260
122,ATUS,2020-10-19,0 days 15:59:36.320664,776797,28.19,28.18,5181,3989,-313,10187
123,ATUS,2020-10-19,0 days 15:59:40.321409,777710,28.19,28.18,1365,8289,887,-313
124,ATUS,2020-10-19,0 days 15:59:41.321296,776897,28.19,28.18,1465,7428,-213,887
125,ATUS,2020-10-19,0 days 15:59:45.323378,778902,28.19,28.18,529,11528,35017,-982
126,AXP,2020-10-19,0 days 15:59:06.248870,273459,102.51,102.49,400,300,-4189,3023
127,AXP,2020-10-19,0 days 15:59:12.247202,296540,102.51,102.5,300,100,3253,-1072
128,AXP,2020-10-19,0 days 15:59:13.246345,294978,102.52,102.51,100,100,-1562,3253
129,AXP,2020-10-19,0 days 15:59:39.246437,323963,102.41,102.39,300,100,12155,-1522
130,AXP,2020-10-19,0 days 15:59:42.244898,323207,102.4,102.38,100,800,-956,1644
131,AXP,2020-10-19,0 days 15:59:45.247023,324207,102.47,102.42,600,1100,51,-3005
132,AXP,2020-10-19,0 days 15:59:58.242915,325256,102.47,102.43,126,500,-13600,1241
133,AXTA,2020-10-19,0 days 15:59:20.248082,124020,25.19,25.18,1657,1914,166,-4231
134,AXTA,2020-10-19,0 days 15:59:25.247515,118586,25.19,25.18,5218,788,-3827,1773
135,AXTA,2020-10-19,0 days 15:59:45.247459,122552,25.19,25.18,5417,1095,1658,-1966
136,AXTA,2020-10-19,0 days 15:59:48.246009,120139,25.19,25.18,5439,622,-2413,1987
137,BA,2020-10-19,0 days 15:59:30.321555,305738,167.14,167.1,349,433,7678,-4111
138,BA,2020-10-19,0 days 15:59:31.320752,302116,167.18,167.14,406,300,-3622,7678
139,BA,2020-10-19,0 days 15:59:41.321488,305738,167.16,167.12,521,300,1727,-2273
140,BA,2020-10-19,0 days 15:59:42.320880,307465,167.21,167.16,100,400,-2273,1727
141,BA,2020-10-19,0 days 15:59:46.322599,309586,167.19,167.15,127,400,7147,-3322
142,BA,2020-10-19,0 days 15:59:48.322069,303715,167.16,167.12,136,300,-1871,5129
143,BABA,2020-10-19,0 days 15:59:58.246536,679617,305.44,305.25,100,900,-27478,2815
144,BABA,2020-10-19,0 days 15:59:59.245480,679499,305.5,305.22,110,100,217,-27478
145,BABA,2020-10-19,0 days 16:00:00.243310,679585,305.8,305.35,100,100,-34805,217
146,BB,2020-10-19,0 days 15:59:22.234562,49088,5.19,5.18,89892,37889,-4689,4011
147,BB,2020-10-19,0 days 15:59:29.234386,53777,5.19,5.18,110892,33713,8711,-4689
148,BB,2020-10-19,0 days 15:59:36.234629,62488,5.19,5.18,103392,28613,-7289,8711
149,BB,2020-10-19,0 days 15:59:37.234790,61977,5.19,5.18,103392,28613,511,-7289
150,BB,2020-10-19,0 days 15:59:46.236719,62488,5.19,5.18,99804,54896,-2289,511
151,BB,2020-10-19,0 days 15:59:47.235076,62177,5.19,5.18,97904,70282,311,-2289
152,BCS,2020-10-19,0 days 15:59:36.244730,71641,5.29,5.28,94982,192829,-23092,27208
153,BCS,2020-10-19,0 days 15:59:37.244861,70233,5.29,5.28,94982,191129,1408,-23092
154,BDN,2020-10-19,0 days 15:59:17.248998,101569,9.98,9.97,3200,8485,3452,-3138
155,BDN,2020-10-19,0 days 15:59:27.248945,93321,9.98,9.97,4300,8126,-2848,2352
156,BDN,2020-10-19,0 days 15:59:46.252206,96170,9.98,9.97,7684,5334,969,-2849
157,BDN,2020-10-19,0 days 15:59:48.251015,94339,9.98,9.97,7484,5386,-1831,969
158,BE,2020-10-19,0 days 15:59:16.250324,154046,18.36,18.33,100,300,-228,2717
159,BE,2020-10-19,0 days 15:59:27.250037,151874,18.35,18.33,100,629,2272,-3528
160,BE,2020-10-19,0 days 15:59:46.247840,157146,18.3,18.26,100,500,-5500,791
161,BE,2020-10-19,0 days 15:59:47.246009,155246,18.3,18.29,100,300,1700,-5500
162,BEN,2020-10-19,0 days 15:56:04.314105,294143,23.23,23.22,5987,1946,-190,5684
163,BEN,2020-10-19,0 days 15:56:13.313208,294615,23.23,23.22,4690,2347,1828,-472
164,BEN,2020-10-19,0 days 15:56:14.313277,296443,23.23,23.22,5091,2349,-1804,1828
165,BEN,2020-10-19,0 days 15:56:15.313152,286147,23.23,23.22,6087,1749,10296,-1804
166,BEN,2020-10-19,0 days 15:58:32.317766,302128,23.23,23.22,4132,4151,-3816,8317
167,BEN,2020-10-19,0 days 15:58:33.318982,292244,23.23,23.22,5033,3558,9884,-3816
168,BEN,2020-10-19,0 days 15:59:13.320580,301920,23.23,23.22,2959,4577,7190,-5510
169,BEN,2020-10-19,0 days 15:59:15.322706,317610,23.22,23.21,7669,1900,-76886,7190
170,BHC,2020-10-19,0 days 15:56:25.248235,57619,17.18,17.17,8888,3499,722,-1178
171,BHC,2020-10-19,0 days 15:56:26.247788,54141,17.18,17.17,9488,3899,-3478,722
172,BHC,2020-10-19,0 days 15:59:46.248089,73429,17.23,17.21,12032,9747,4847,-3259
173,BK,2020-10-19,0 days 15:55:00.244562,257630,36.9,36.89,630,4795,3971,-16546
174,BK,2020-10-19,0 days 15:55:21.246548,261118,36.94,36.93,2877,3713,-1912,3488
175,BK,2020-10-19,0 days 15:55:22.246630,258130,36.94,36.93,3105,1200,2989,-1912
176,BK,2020-10-19,0 days 15:57:35.249569,262366,36.96,36.95,1809,3379,-979,721
177,BK,2020-10-19,0 days 15:57:36.248838,259745,36.96,36.95,1809,2867,2621,-979
178,BK,2020-10-19,0 days 15:57:37.249932,262366,36.97,36.96,3386,453,-579,2621
179,BK,2020-10-19,0 days 15:58:11.250239,260237,37.0,36.99,2201,3370,-3472,2565
180,BK,2020-10-19,0 days 15:58:20.251422,260237,36.99,36.98,2608,1390,-872,1028
181,BK,2020-10-19,0 days 15:58:21.250484,259609,36.99,36.98,3608,390,628,-872
182,BK,2020-10-19,0 days 15:58:47.251636,259542,37.01,37.0,1801,1980,-267,1828
183,BK,2020-10-19,0 days 15:58:51.251085,258117,37.01,37.0,2688,1273,525,-1975
184,BK,2020-10-19,0 days 15:59:07.252865,264204,37.01,37.0,3700,400,-21940,257
185,BK,2020-10-19,0 days 15:59:24.250009,301171,36.99,36.98,2396,1400,-2717,1583
186,BK,2020-10-19,0 days 15:59:31.251194,298528,36.97,36.96,3164,1600,3189,-4786
187,BK,2020-10-19,0 days 15:59:32.250116,296217,36.97,36.96,1248,2200,-2311,3189
188,BKD,2020-10-19,0 days 15:57:09.253320,85587,2.89,2.88,13631,20748,-1278,122
189,BKD,2020-10-19,0 days 15:57:10.252929,81565,2.89,2.88,14463,20636,3522,-1278
190,BKR,2020-10-19,0 days 15:55:36.243366,555986,13.11,13.1,7938,7165,34625,-3763
191,BKR,2020-10-19,0 days 15:55:37.242855,552411,13.11,13.1,5739,8265,-3575,34625
192,BKR,2020-10-19,0 days 15:57:19.242646,567002,13.13,13.12,9960,6729,1147,-2653
193,BKR,2020-10-19,0 days 15:57:20.242805,562649,13.13,13.12,9798,7519,-4353,1147
194,BKR,2020-10-19,0 days 15:58:02.244079,571241,13.12,13.11,7556,10009,608,-6592
195,BKR,2020-10-19,0 days 15:58:03.243557,566383,13.12,13.11,8256,10009,-4858,608
196,BKR,2020-10-19,0 days 15:58:37.244782,563658,13.11,13.1,3596,8065,-2783,3717
197,BMY,2020-10-19,0 days 15:58:17.317365,745011,60.73,60.72,2036,1799,-657,13443
198,BMY,2020-10-19,0 days 15:58:19.317254,732368,60.73,60.72,3233,1500,12643,-657
199,BMY,2020-10-19,0 days 15:58:28.321149,745011,60.74,60.73,1186,3995,-757,2243
200,BMY,2020-10-19,0 days 15:58:38.318259,734068,60.73,60.72,3666,1823,9458,-2242
201,BMY,2020-10-19,0 days 15:58:54.318617,742782,60.76,60.75,700,2106,-2986,9903
202,BMY,2020-10-19,0 days 15:58:55.319099,734468,60.77,60.76,1784,1996,6744,-2986
203,BMY,2020-10-19,0 days 15:59:05.319585,786676,60.77,60.76,3542,931,-7712,10099
204,BMY,2020-10-19,0 days 15:59:06.320685,778011,60.77,60.76,3192,1131,8665,-7712
205,BMY,2020-10-19,0 days 15:59:09.322034,787876,60.77,60.76,2390,1437,-34163,8230
206,BMY,2020-10-19,0 days 15:59:10.321109,780131,60.74,60.73,200,1807,7745,-34163
207,BMY,2020-10-19,0 days 15:59:21.320212,797468,60.76,60.75,3490,100,-5783,1590
208,BMY,2020-10-19,0 days 15:59:22.320480,792451,60.76,60.74,3490,2382,5017,-5783
209,BMY,2020-10-19,0 days 15:59:23.320268,797468,60.75,60.74,2136,1240,-1237,5017
210,BMY,2020-10-19,0 days 15:59:24.320827,781149,60.71,60.7,700,1900,24943,-1237
211,BMY,2020-10-19,0 days 15:59:30.321488,806092,60.71,60.7,4500,2400,-21495,3646
212,BMY,2020-10-19,0 days 15:59:31.320636,813087,60.71,60.7,4064,2600,2381,-21495
213,BRFS,2020-10-19,0 days 15:59:36.244568,16470,3.24,3.23,119310,173585,5294,-6706
214,BRFS,2020-10-19,0 days 15:59:37.244634,16064,3.24,3.23,118664,173585,-106,5294
215,BRK.B,2020-10-19,0 days 15:57:38.241522,395933,208.9,208.84,500,200,-2511,46
216,BRK.B,2020-10-19,0 days 15:57:39.242305,391744,208.87,208.84,100,100,4146,-2511
217,BRK.B,2020-10-19,0 days 15:57:54.243346,399133,208.88,208.84,100,100,-1294,5793
218,BRK.B,2020-10-19,0 days 15:57:55.242093,395227,208.88,208.84,300,200,3906,-1294
219,BRK.B,2020-10-19,0 days 15:58:04.243494,399097,208.87,208.85,106,200,-430,6893
220,BRK.B,2020-10-19,0 days 15:58:05.246325,394927,208.93,208.87,300,800,4170,-430
221,BRK.B,2020-10-19,0 days 15:58:09.243791,396395,209.01,208.94,100,600,-981,2463
222,BRK.B,2020-10-19,0 days 15:58:10.247248,392676,209.02,208.94,500,116,3677,-981
223,BRK.B,2020-10-19,0 days 15:58:11.244193,396395,209.03,208.94,200,600,-3531,3677
224,BRK.B,2020-10-19,0 days 15:58:12.243867,393426,209.0,208.94,100,100,2863,-3531
225,BRK.B,2020-10-19,0 days 15:58:37.244439,396353,209.02,208.92,200,100,-14813,2487
226,BRK.B,2020-10-19,0 days 15:58:38.244057,393866,208.94,208.93,300,100,2487,-14813
227,BRK.B,2020-10-19,0 days 15:58:47.244311,396289,209.02,208.97,100,100,-376,2652
228,BRK.B,2020-10-19,0 days 15:58:48.244902,393865,209.02,208.98,100,395,1942,-376
229,BRK.B,2020-10-19,0 days 15:59:00.251120,395893,209.05,208.94,200,300,-322,288
230,BRK.B,2020-10-19,0 days 15:59:01.248507,395526,209.05,208.99,103,100,324,-322
231,BRK.B,2020-10-19,0 days 15:59:02.248277,396043,209.05,208.97,203,100,-783,324
232,BRK.B,2020-10-19,0 days 15:59:31.235277,398588,208.89,208.8,100,420,6500,-5452
233,BRK.B,2020-10-19,0 days 15:59:32.234888,405088,208.85,208.8,240,101,-603,6500
234,BRK.B,2020-10-19,0 days 15:59:39.236075,405088,208.88,208.8,203,104,-2503,3197
235,BRK.B,2020-10-19,0 days 15:59:40.235665,401944,208.87,208.71,711,200,53844,-2503
236,BRK.B,2020-10-19,0 days 15:59:43.234830,405152,208.87,208.73,691,100,-39443,10642
237,BRK.B,2020-10-19,0 days 15:59:44.235144,404724,208.87,208.72,405,300,50470,-39443
238,BRK.B,2020-10-19,0 days 15:59:50.238699,405088,208.88,208.79,100,1122,-41270,9836
239,BRK.B,2020-10-19,0 days 15:59:52.235067,445511,208.85,208.72,103,303,10541,-41270
240,BRK.B,2020-10-19,0 days 15:59:53.236044,405088,208.87,208.72,400,300,-44170,10541
241,BRK.B,2020-10-19,0 days 15:59:55.236645,442562,208.76,208.56,211,1171,67339,-41206
242,BRK.B,2020-10-19,0 days 15:59:57.236984,405088,208.86,208.69,300,200,-41270,10477
243,BRK.B,2020-10-19,0 days 15:59:58.236468,446380,208.86,208.7,300,400,8814,-41270
244,BRK.B,2020-10-19,0 days 15:59:59.235440,401821,209.0,208.7,400,800,-54086,8814
245,BSX,2020-10-19,0 days 15:55:00.235268,507521,37.83,37.82,7636,4958,-4683,36260
246,BSX,2020-10-19,0 days 15:55:01.238515,506104,37.83,37.82,6500,7946,1417,-4683
247,BSX,2020-10-19,0 days 15:55:36.238628,510023,37.82,37.81,16400,9666,-7586,214
248,BSX,2020-10-19,0 days 15:55:43.237961,518821,37.82,37.81,16160,8632,5102,-7586
249,BSX,2020-10-19,0 days 15:55:44.237894,511281,37.82,37.81,15360,10147,-7540,5102
250,BSX,2020-10-19,0 days 15:58:15.242010,717778,37.78,37.77,26512,4541,11210,-5554
251,BSX,2020-10-19,0 days 15:58:16.242302,709465,37.78,37.77,26712,6543,-8313,11210
252,BSX,2020-10-19,0 days 15:59:07.246630,740335,37.78,37.77,23696,9434,2128,-8262
253,BSX,2020-10-19,0 days 15:59:08.246678,732802,37.78,37.77,24196,9617,-7533,2128
254,BSX,2020-10-19,0 days 15:59:44.233725,770840,37.76,37.75,26432,800,-697,17152
255,BSX,2020-10-19,0 days 15:59:46.234918,773037,37.76,37.75,24345,457,5606,-697
256,BSX,2020-10-19,0 days 15:59:50.237113,766411,37.76,37.75,22343,800,-6626,5474
257,BTU,2020-10-19,0 days 15:58:01.243029,95920,1.54,1.53,7480,14169,-10442,14458
258,BTU,2020-10-19,0 days 15:58:02.243285,94462,1.54,1.53,7480,15112,1458,-10442
259,BTU,2020-10-19,0 days 15:58:09.243671,95920,1.54,1.53,7480,16937,-9519,1198
260,BTU,2020-10-19,0 days 15:58:10.242541,92439,1.54,1.53,7480,16937,3481,-9519
261,C,2020-10-19,0 days 15:59:16.248416,1671874,42.91,42.9,7200,6140,-196043,13788
262,C,2020-10-19,0 days 15:59:24.248098,1848536,42.91,42.9,11498,2800,63719,-127057
263,CAT,2020-10-19,0 days 15:58:32.244461,301367,167.61,167.55,100,400,-480,1896
264,CAT,2020-10-19,0 days 15:58:33.245071,298547,167.61,167.55,954,300,2820,-480
265,CAT,2020-10-19,0 days 15:58:58.247934,303556,167.63,167.57,100,100,-1238,2166
266,CAT,2020-10-19,0 days 15:58:59.247891,298375,167.62,167.53,100,100,5181,-1238
267,CAT,2020-10-19,0 days 15:59:11.247884,304180,167.69,167.62,100,200,-3671,647
268,CAT,2020-10-19,0 days 15:59:12.249662,303151,167.75,167.63,500,500,1029,-3671
269,CAT,2020-10-19,0 days 15:59:15.239079,304004,167.75,167.67,300,400,-48757,753
270,CDE,2020-10-19,0 days 15:55:00.243787,61597,7.69,7.68,10730,5204,-23672,5596
271,CDE,2020-10-19,0 days 15:58:54.250808,85735,7.69,7.68,16400,4297,-2125,2075
272,CDE,2020-10-19,0 days 15:59:41.250018,88038,7.68,7.67,6564,10200,2467,-1433
273,CDE,2020-10-19,0 days 15:59:42.249974,87405,7.68,7.67,6264,10200,-633,2467
274,CFG,2020-10-19,0 days 15:55:24.249865,212840,26.62,26.61,3248,2810,-1513,1292
275,CFG,2020-10-19,0 days 15:55:25.250089,211253,26.62,26.61,2903,4120,1587,-1513
276,CFG,2020-10-19,0 days 15:57:04.254071,221874,26.63,26.62,4700,4169,-535,3175
277,CFG,2020-10-19,0 days 15:57:05.253587,219709,26.63,26.62,5599,3273,2165,-535
278,CFG,2020-10-19,0 days 15:57:59.255986,226754,26.65,26.64,900,5385,-1807,2293
279,CFG,2020-10-19,0 days 15:58:00.257264,223802,26.65,26.64,1400,5183,2752,-1807
280,CFG,2020-10-19,0 days 15:58:02.256222,223209,26.65,26.64,2500,5398,-593,2752
281,CFG,2020-10-19,0 days 15:58:03.255722,221002,26.65,26.64,3645,4035,2207,-593
282,CFG,2020-10-19,0 days 15:58:13.257316,222809,26.67,26.66,2900,3456,-1869,1531
283,CFG,2020-10-19,0 days 15:58:14.259301,220678,26.66,26.65,5480,2156,2131,-1869
284,CFG,2020-10-19,0 days 15:59:28.252762,241219,26.68,26.67,7081,959,-1014,710
285,CFG,2020-10-19,0 days 15:59:29.252546,238633,26.67,26.66,5400,805,2975,-1014
286,CFG,2020-10-19,0 days 15:59:46.255788,242008,26.66,26.65,7947,546,-11244,59
287,CGC,2020-10-19,0 days 15:55:07.261480,65679,19.8,19.79,5531,4610,1378,-2722
288,CGC,2020-10-19,0 days 15:55:29.264654,67057,19.83,19.82,200,4590,-719,1378
289,CGC,2020-10-19,0 days 15:55:30.264811,66276,19.83,19.82,300,4890,781,-719
290,CGC,2020-10-19,0 days 15:56:25.265343,67057,19.81,19.8,1510,1776,-1233,667
291,CGC,2020-10-19,0 days 15:56:26.265007,66390,19.8,19.79,2710,300,667,-1233
292,CGC,2020-10-19,0 days 15:57:37.256610,66922,19.75,19.74,333,1660,535,-265
293,CGC,2020-10-19,0 days 15:57:55.255988,66822,19.8,19.79,100,4680,235,-2165
294,CGC,2020-10-19,0 days 15:58:04.258838,65722,19.8,19.79,1239,1185,104,-296
295,CGC,2020-10-19,0 days 15:58:40.259528,65622,19.83,19.82,1600,1949,204,-196
296,CGC,2020-10-19,0 days 15:59:03.258935,67245,19.84,19.83,592,663,42,-339
297,CGC,2020-10-19,0 days 15:59:41.245377,69535,19.85,19.84,900,300,-4092,308
298,CGC,2020-10-19,0 days 15:59:42.245565,69327,19.85,19.84,1096,300,208,-4092
299,CGC,2020-10-19,0 days 15:59:47.245288,69535,19.85,19.84,900,400,-2658,208
300,CHD,2020-10-19,0 days 15:59:36.320832,297784,92.3,92.25,302,100,-1991,809
301,CHD,2020-10-19,0 days 15:59:41.321474,300236,92.27,92.22,302,100,2756,-1244
302,CHD,2020-10-19,0 days 15:59:42.320853,298992,92.27,92.25,370,400,-1244,2756
303,CHD,2020-10-19,0 days 15:59:49.322384,299535,92.26,92.24,100,589,-608,7792
304,CHD,2020-10-19,0 days 15:59:57.324109,300143,92.28,92.22,100,100,4098,-4808
305,CHD,2020-10-19,0 days 15:59:58.323747,299519,92.32,92.23,200,100,-624,4098
306,CHWY,2020-10-19,0 days 15:55:30.264873,36615,68.8,68.74,400,100,939,-69
307,CHWY,2020-10-19,0 days 15:55:31.264702,36454,68.8,68.74,547,100,-69,939
308,CHWY,2020-10-19,0 days 15:55:48.264794,36807,68.8,68.76,743,410,-416,92
309,CHWY,2020-10-19,0 days 15:56:08.264572,38065,68.84,68.8,300,200,-131,146
310,CHWY,2020-10-19,0 days 15:56:22.264962,40996,68.85,68.81,400,100,69,-350
311,CHWY,2020-10-19,0 days 15:56:23.264772,40665,68.84,68.79,100,100,-331,69
312,CHWY,2020-10-19,0 days 15:58:06.258940,45198,68.98,68.95,200,100,12,-532
313,CHWY,2020-10-19,0 days 15:58:07.257050,44510,68.98,68.95,200,100,-688,12
314,CHWY,2020-10-19,0 days 15:59:20.248108,46002,68.98,68.94,500,200,1991,-306
315,CHWY,2020-10-19,0 days 15:59:21.247568,45519,68.98,68.94,400,212,-183,1991
316,CHWY,2020-10-19,0 days 15:59:37.245183,45512,68.94,68.85,111,1200,9,-181
317,CHWY,2020-10-19,0 days 15:59:41.245430,45221,68.96,68.88,400,100,-191,8809
318,CHWY,2020-10-19,0 days 15:59:46.247686,45520,68.94,68.89,200,100,1181,-199
319,CHWY,2020-10-19,0 days 15:59:47.245409,45301,68.9,68.89,300,100,-119,1181
320,CIG,2020-10-19,0 days 15:59:02.251733,143039,1.97,1.96,157377,336482,20931,-53150
321,CIG,2020-10-19,0 days 15:59:36.246793,174704,1.97,1.96,208003,332612,-26835,31665
322,CIG,2020-10-19,0 days 15:59:37.247041,173039,1.97,1.96,207903,300412,1665,-26835
323,CIG,2020-10-19,0 days 15:59:45.249498,174704,1.97,1.96,202677,274412,-1335,1665
324,CIG,2020-10-19,0 days 15:59:48.247897,173239,1.97,1.96,202677,272412,1465,-1335
325,CIT,2020-10-19,0 days 15:59:47.249846,299415,26.38,26.37,506,500,2722,-3056
326,CIT,2020-10-19,0 days 15:59:48.250717,296735,26.38,26.37,453,593,-2680,2722
327,CL,2020-10-19,0 days 15:55:00.242844,402299,79.1,79.08,1200,1110,44609,-67241
328,CL,2020-10-19,0 days 15:55:10.242849,446408,79.12,79.11,2000,300,-144,676
329,CL,2020-10-19,0 days 15:55:11.242953,446552,79.11,79.09,1200,401,890,-144
330,CL,2020-10-19,0 days 15:56:32.245938,468515,79.04,79.03,1379,857,-1557,3643
331,CL,2020-10-19,0 days 15:56:33.246290,466583,79.04,79.03,1657,1357,1932,-1557
332,CL,2020-10-19,0 days 15:57:12.245970,468135,79.06,79.05,400,1417,-1102,1046
333,CL,2020-10-19,0 days 15:57:13.246594,466237,79.06,79.05,400,1917,1898,-1102
334,CL,2020-10-19,0 days 15:57:41.247304,488403,79.09,79.08,342,2498,-49,6451
335,CL,2020-10-19,0 days 15:57:45.247263,488452,79.09,79.08,1105,1498,2851,-49
336,CL,2020-10-19,0 days 15:57:53.247201,491603,79.1,79.09,2145,2060,-1149,2851
337,CL,2020-10-19,0 days 15:57:56.247657,480652,79.12,79.11,900,300,3251,-3349
338,CL,2020-10-19,0 days 15:58:09.249020,480438,79.19,79.16,800,1100,-125,175
339,CL,2020-10-19,0 days 15:58:13.250284,470263,79.19,79.17,1510,600,2375,-1725
340,CL,2020-10-19,0 days 15:58:54.250682,472067,79.19,79.18,500,1029,2481,-4119
341,CL,2020-10-19,0 days 15:59:05.251963,467106,79.19,79.18,300,400,-7740,1219
342,CL,2020-10-19,0 days 15:59:06.254462,465946,79.2,79.19,100,500,1160,-7740
343,CL,2020-10-19,0 days 15:59:09.252228,467106,79.19,79.18,300,610,-35201,1160
344,CL,2020-10-19,0 days 15:59:25.249233,543564,79.19,79.18,200,220,39418,-40362
345,CL,2020-10-19,0 days 15:59:26.249425,534738,79.23,79.21,500,400,-8826,39418
346,CL,2020-10-19,0 days 15:59:30.251769,543564,79.21,79.2,200,700,10264,-17
347,CL,2020-10-19,0 days 15:59:31.250003,541028,79.2,79.19,603,600,-2536,10264
348,CL,2020-10-19,0 days 15:59:43.249852,544014,79.21,79.2,100,200,184,-2200
349,CL,2020-10-19,0 days 15:59:46.251636,548664,79.21,79.2,300,410,-3313,83
350,CLF,2020-10-19,0 days 15:55:00.239105,321702,7.84,7.83,24200,8435,42650,-185742
351,CLF,2020-10-19,0 days 15:55:37.241190,333292,7.84,7.83,19800,17195,-9735,1990
352,CLNY,2020-10-19,0 days 15:56:26.243463,166028,3.08,3.07,13904,24764,1255,-11145
353,CLNY,2020-10-19,0 days 15:56:27.243352,161383,3.08,3.07,14604,24764,-4645,1255
354,CLNY,2020-10-19,0 days 15:58:11.244487,174728,3.08,3.07,16643,21685,10320,-6004
355,CLNY,2020-10-19,0 days 15:58:12.244805,170848,3.08,3.07,14943,20885,-3880,10320
356,CLNY,2020-10-19,0 days 15:58:16.244542,174728,3.08,3.07,16943,19385,920,-3780
357,CLNY,2020-10-19,0 days 15:58:17.244683,170848,3.08,3.07,16843,19185,-3880,920
358,CLNY,2020-10-19,0 days 15:59:04.246492,173428,3.08,3.07,16561,14555,6771,-1929
359,CLNY,2020-10-19,0 days 15:59:05.245910,170799,3.08,3.07,16561,14555,-2629,6771
360,CLR,2020-10-19,0 days 15:59:36.244778,161492,12.92,12.91,385,2261,4570,-14330
361,CLR,2020-10-19,0 days 15:59:48.245538,157917,12.91,12.9,2586,1771,-3565,6368
362,CNC,2020-10-19,0 days 15:58:37.257227,230110,65.76,65.7,400,100,2091,-4136
363,CNC,2020-10-19,0 days 15:58:38.257239,226601,65.75,65.7,200,200,-3509,2091
364,CNC,2020-10-19,0 days 15:59:06.262321,228393,65.76,65.72,806,309,-2965,5567
365,CNC,2020-10-19,0 days 15:59:46.255607,258453,65.77,65.73,200,100,1965,-1635
366,CNC,2020-10-19,0 days 15:59:48.254688,255752,65.77,65.73,200,100,-1301,5999
367,CNK,2020-10-19,0 days 15:55:22.246719,210460,8.37,8.36,3874,6500,-7802,11098
368,CNK,2020-10-19,0 days 15:55:34.247328,218776,8.37,8.36,6826,5706,2364,-8316
369,CNK,2020-10-19,0 days 15:55:35.247296,211840,8.37,8.36,5330,6339,-6936,2364
370,CNK,2020-10-19,0 days 15:57:37.250020,240695,8.39,8.38,10908,758,1384,-216
371,CNK,2020-10-19,0 days 15:57:38.248834,230579,8.39,8.38,10698,1058,-10116,1384
372,CNK,2020-10-19,0 days 15:58:00.251120,221687,8.38,8.37,8312,3428,15292,-3716
373,CNK,2020-10-19,0 days 15:58:01.250140,212279,8.38,8.37,7512,4042,-9408,15292
374,CNK,2020-10-19,0 days 15:58:04.250516,165957,8.38,8.37,5529,5584,2722,-9408
375,CNK,2020-10-19,0 days 15:58:05.252928,162979,8.38,8.37,5629,5184,-2978,2722
376,CNK,2020-10-19,0 days 15:58:14.252697,165957,8.39,8.38,4358,6722,11035,-1265
377,CNK,2020-10-19,0 days 15:58:21.250563,162692,8.39,8.38,1001,7215,-3265,14035
378,CNK,2020-10-19,0 days 15:58:28.251067,167557,8.41,8.4,3800,4700,11935,-3865
379,CNK,2020-10-19,0 days 15:58:47.251709,193420,8.4,8.39,14151,3795,9272,-4328
380,CNK,2020-10-19,0 days 15:58:48.251484,191692,8.4,8.39,13946,3995,-128,9272
381,CNK,2020-10-19,0 days 15:58:50.251005,191820,8.4,8.39,14046,3795,19872,-128
382,CNK,2020-10-19,0 days 15:58:51.251122,189292,8.4,8.39,14046,3795,-2528,19872
383,CNK,2020-10-19,0 days 15:59:24.250128,224703,8.39,8.38,3200,4548,-929,22371
384,CNP,2020-10-19,0 days 15:56:47.247917,503076,20.83,20.82,3512,7862,637,-1563
385,CNP,2020-10-19,0 days 15:56:48.247944,502213,20.83,20.82,3237,7962,-863,637
386,CNP,2020-10-19,0 days 15:57:40.246683,519536,20.86,20.85,4868,12882,2103,-2397
387,CNP,2020-10-19,0 days 15:57:42.246396,517139,20.86,20.85,5606,12882,-5197,2103
388,CNP,2020-10-19,0 days 15:57:59.248338,524036,20.86,20.85,6499,12139,3503,-1297
389,CNP,2020-10-19,0 days 15:58:00.249340,521139,20.86,20.85,6499,11539,-2897,3503
390,CNP,2020-10-19,0 days 15:59:21.248091,637563,20.85,20.84,10473,3100,3044,-2459
391,CNP,2020-10-19,0 days 15:59:25.247384,629138,20.84,20.83,7822,4300,-1734,12266
392,CNP,2020-10-19,0 days 15:59:33.247067,640586,20.82,20.81,10775,3229,7,-3393
393,CNP,2020-10-19,0 days 15:59:40.247650,635093,20.81,20.8,12537,4334,-5493,34207
394,CNQ,2020-10-19,0 days 15:57:39.315616,57890,17.41,17.39,17594,12719,75,-115
395,CNQ,2020-10-19,0 days 15:57:50.316506,54465,17.4,17.39,4004,11000,-3415,75
396,CNQ,2020-10-19,0 days 15:59:04.319967,57880,17.39,17.38,2539,17037,284,-16
397,CNQ,2020-10-19,0 days 15:59:08.325755,54526,17.4,17.39,110,20830,-2608,246
398,CNQ,2020-10-19,0 days 15:59:28.320692,57334,17.4,17.39,8261,12122,3632,-2068
399,CNQ,2020-10-19,0 days 15:59:29.320473,55666,17.4,17.39,4800,14769,-1668,3632
400,CNX,2020-10-19,0 days 15:55:00.237865,157443,10.05,10.04,1481,3457,1006,-22682
401,CNX,2020-10-19,0 days 15:55:30.241117,165999,10.05,10.04,3679,3195,-1065,1735
402,CNX,2020-10-19,0 days 15:55:43.241198,165253,10.05,10.04,1764,5395,746,-954
403,CNX,2020-10-19,0 days 15:56:24.241840,164381,10.09,10.08,3500,1630,906,-794
404,CNX,2020-10-19,0 days 15:56:25.242271,165287,10.09,10.08,3400,1530,-994,906
405,CNX,2020-10-19,0 days 15:56:26.242202,164381,10.09,10.08,2600,3230,906,-994
406,CNX,2020-10-19,0 days 15:59:07.246816,175432,10.07,10.06,2937,5416,-278,746
407,CNX,2020-10-19,0 days 15:59:41.245503,181575,10.05,10.04,3334,5638,-30468,232
408,COF,2020-10-19,0 days 15:59:43.244900,240604,77.13,77.11,300,200,192950,-96829
409,COG,2020-10-19,0 days 15:55:37.242885,400440,19.06,19.05,3279,3302,-1930,844
410,COG,2020-10-19,0 days 15:55:38.243046,391170,19.06,19.05,3979,2802,9270,-1930
411,COG,2020-10-19,0 days 15:58:59.245857,406759,19.11,19.1,2938,3895,3798,-328
412,COG,2020-10-19,0 days 15:59:15.246761,412975,19.11,19.1,6154,5257,-1910,1317
413,COG,2020-10-19,0 days 15:59:23.245514,401706,19.1,19.09,9244,915,11369,-1910
414,COG,2020-10-19,0 days 15:59:30.246379,413075,19.1,19.09,8925,2105,-12632,4955
415,COG,2020-10-19,0 days 15:59:31.244942,412107,19.1,19.09,11425,1605,968,-12632
416,COG,2020-10-19,0 days 15:59:42.244983,428975,19.09,19.08,9156,1690,-4595,25968
417,COLD,2020-10-19,0 days 15:57:16.255078,162645,36.41,36.4,200,1000,684,-3300
418,COLD,2020-10-19,0 days 15:57:17.255265,160229,36.4,36.39,1100,1300,-2416,684
419,COLD,2020-10-19,0 days 15:57:35.256904,161745,36.39,36.38,500,1400,363,-1237
420,COLD,2020-10-19,0 days 15:57:36.255861,159508,36.39,36.38,1344,1310,-3137,363
421,COLD,2020-10-19,0 days 15:59:17.248063,188534,36.37,36.35,1386,778,-2263,1379
422,COLD,2020-10-19,0 days 15:59:28.247106,190797,36.36,36.34,586,200,4855,-1618
423,COLD,2020-10-19,0 days 15:59:29.246417,188852,36.36,36.35,100,400,-1945,4855
424,COP,2020-10-19,0 days 15:55:00.245648,320601,32.81,32.8,3123,2535,48610,-26650
425,COP,2020-10-19,0 days 15:56:10.247680,381245,32.82,32.81,4110,6049,3138,-1362
426,COP,2020-10-19,0 days 15:59:08.253866,415205,32.76,32.75,4002,4845,-17077,7479
427,COTY,2020-10-19,0 days 15:55:00.236976,125086,3.22,3.21,24101,60051,25642,-16160
428,CPE,2020-10-19,0 days 15:58:06.249471,14392,4.54,4.53,4741,4208,6391,-585
429,CPE,2020-10-19,0 days 15:59:36.249709,20181,4.54,4.52,7762,1727,-1989,3011
430,CPRI,2020-10-19,0 days 15:55:00.237413,90356,21.57,21.55,1102,1281,-540,13316
431,CPRI,2020-10-19,0 days 15:55:34.234915,90999,21.57,21.56,1981,800,375,-643
432,CPRI,2020-10-19,0 days 15:55:35.235181,89774,21.57,21.56,1981,894,-1225,375
433,CPRI,2020-10-19,0 days 15:57:38.237909,97068,21.59,21.58,2500,100,100,-1000
434,CPRI,2020-10-19,0 days 15:57:43.238152,94068,21.59,21.58,1207,1000,-3000,100
435,CPRI,2020-10-19,0 days 15:59:45.242450,183886,21.52,21.51,2845,900,-3574,6626
436,CRM,2020-10-19,0 days 15:55:00.243338,298444,254.63,254.51,100,104,-11724,65990
437,CRM,2020-10-19,0 days 15:55:01.245327,297568,254.69,254.67,178,122,876,-11724
438,CRM,2020-10-19,0 days 15:55:10.243932,297909,254.87,254.78,300,554,-2835,296
439,CRM,2020-10-19,0 days 15:55:11.243972,297344,254.87,254.79,370,200,565,-2835
440,CRM,2020-10-19,0 days 15:56:18.247392,310606,254.98,254.9,200,600,-7378,522
441,CRM,2020-10-19,0 days 15:56:19.248628,309988,254.97,254.85,375,105,618,-7378
442,CRM,2020-10-19,0 days 15:56:30.247518,309106,254.85,254.77,100,100,-1382,518
443,CRM,2020-10-19,0 days 15:56:31.247776,308788,254.83,254.77,202,100,318,-1382
444,CRM,2020-10-19,0 days 15:57:08.247745,311338,255.02,254.96,100,100,-50,350
445,CRM,2020-10-19,0 days 15:57:09.246133,310988,255.02,254.93,100,200,350,-50
446,CRM,2020-10-19,0 days 15:57:27.246911,310353,255.19,255.12,100,100,170,-190
447,CRM,2020-10-19,0 days 15:57:40.247231,319588,255.19,255.14,200,306,-1765,2235
448,CRM,2020-10-19,0 days 15:57:41.247143,318553,255.19,255.08,100,200,2875,-1765
449,CRM,2020-10-19,0 days 15:57:43.247407,319588,255.23,255.14,100,400,-665,1175
450,CRM,2020-10-19,0 days 15:57:44.247294,318553,255.19,255.14,200,443,1035,-665
451,CRM,2020-10-19,0 days 15:57:46.248986,319588,255.19,255.13,400,100,-665,1035
452,CRM,2020-10-19,0 days 15:57:47.247697,318553,255.15,255.05,100,962,3135,-665
453,CRM,2020-10-19,0 days 15:57:48.247402,325028,255.19,255.11,300,200,-6125,3135
454,CRM,2020-10-19,0 days 15:57:50.248290,321449,255.19,255.15,100,218,439,-2265
455,CRM,2020-10-19,0 days 15:57:55.247939,321888,255.3,255.25,100,200,-1161,539
456,CRM,2020-10-19,0 days 15:57:57.247883,321349,255.29,255.15,200,104,539,-861
457,CRM,2020-10-19,0 days 15:57:58.249466,321888,255.31,255.2,100,249,-2261,539
458,CRM,2020-10-19,0 days 15:57:59.248917,319507,255.23,255.13,200,200,2381,-2261
459,CRM,2020-10-19,0 days 15:58:00.249743,319988,255.23,255.18,100,100,-4419,2381
460,CRM,2020-10-19,0 days 15:58:04.249048,321147,255.29,255.2,100,200,-3560,340
461,CRM,2020-10-19,0 days 15:58:05.252239,320707,255.27,255.2,100,100,440,-3560
462,CRM,2020-10-19,0 days 15:58:10.252779,322847,255.4,255.28,100,200,-695,1670
463,CRM,2020-10-19,0 days 15:58:11.249152,323542,255.4,255.31,100,100,505,-695
464,CRM,2020-10-19,0 days 15:58:12.249501,323247,255.4,255.3,100,100,-295,505
465,CRM,2020-10-19,0 days 15:58:19.249266,323542,255.27,255.2,100,300,805,-2995
466,CRM,2020-10-19,0 days 15:58:20.250802,321147,255.3,255.23,100,100,-3095,805
467,CRM,2020-10-19,0 days 15:58:33.249958,323542,255.38,255.24,100,100,455,-395
468,CRM,2020-10-19,0 days 15:58:34.249714,323297,255.32,255.21,100,500,-245,455
469,CRM,2020-10-19,0 days 15:58:42.249538,323542,255.27,255.17,100,217,855,-345
470,CRM,2020-10-19,0 days 15:58:43.250547,323297,255.23,255.17,100,117,-245,855
471,CRM,2020-10-19,0 days 15:58:46.249423,323297,255.25,255.2,100,517,-245,455
472,CS,2020-10-19,0 days 15:59:36.234765,37710,10.62,10.61,50646,95395,-2779,3621
473,CS,2020-10-19,0 days 15:59:37.234923,37389,10.62,10.61,51146,94933,321,-2779
474,CS,2020-10-19,0 days 15:59:46.236967,37710,10.62,10.61,59399,55657,-179,321
475,CS,2020-10-19,0 days 15:59:48.235923,37389,10.62,10.61,60599,46629,321,-179
476,CTVA,2020-10-19,0 days 15:59:15.246572,802485,33.5,33.48,1100,1600,78256,-28587
477,CTVA,2020-10-19,0 days 15:59:16.244790,786541,33.5,33.49,500,900,-16244,78256
478,CTVA,2020-10-19,0 days 15:59:21.244622,802485,33.49,33.48,1200,800,39343,-6800
479,CTVA,2020-10-19,0 days 15:59:22.245014,796228,33.49,33.48,600,800,-6257,39343
480,CTVA,2020-10-19,0 days 15:59:24.245996,804601,33.55,33.54,500,2997,140476,-384
481,CVE,2020-10-19,0 days 15:59:01.248889,177963,3.67,3.66,388594,87618,104549,-133251
482,CVE,2020-10-19,0 days 15:59:02.248638,168112,3.67,3.66,378494,87418,-9851,104549
483,CVE,2020-10-19,0 days 15:59:45.236857,181060,3.66,3.65,242200,335072,14186,-5014
484,CVE,2020-10-19,0 days 15:59:46.236955,175546,3.66,3.65,261700,324572,-8523,14186
485,CVS,2020-10-19,0 days 15:55:00.246159,357829,58.75,58.74,706,690,-83689,10537
486,CVS,2020-10-19,0 days 15:55:27.250169,442464,58.73,58.72,100,2711,10912,-2444
487,CVS,2020-10-19,0 days 15:55:28.250210,435557,58.74,58.73,1000,706,-6907,10912
488,CVS,2020-10-19,0 days 15:55:34.250631,442464,58.74,58.73,492,2300,29277,-6779
489,CVS,2020-10-19,0 days 15:55:35.250402,438794,58.74,58.73,100,2500,-3710,29277
490,CVS,2020-10-19,0 days 15:57:45.254120,479649,58.79,58.78,2193,1100,1628,-7172
491,CVS,2020-10-19,0 days 15:57:46.255756,474277,58.79,58.78,2293,1100,-5372,1628
492,CVS,2020-10-19,0 days 15:59:06.262282,486080,58.84,58.83,1167,1200,9866,-5555
493,CVS,2020-10-19,0 days 15:59:07.259385,491046,58.84,58.83,1567,800,-4657,9866
494,CX,2020-10-19,0 days 15:55:00.309885,31026,4.05,4.04,25245,62450,5720,-5829
495,CXO,2020-10-19,0 days 15:55:32.243179,205792,47.4,47.38,2018,400,-962,438
496,CXO,2020-10-19,0 days 15:55:33.243169,205554,47.39,47.37,896,431,238,-962
497,CXO,2020-10-19,0 days 15:55:52.243093,205892,47.37,47.36,400,400,-462,338
498,CXO,2020-10-19,0 days 15:57:35.243322,221110,47.38,47.37,1900,200,1529,-371
499,CXO,2020-10-19,0 days 15:58:04.245793,237297,47.36,47.35,675,1725,-913,1487
500,CXO,2020-10-19,0 days 15:58:05.246461,235910,47.37,47.36,771,618,1387,-913
501,CXO,2020-10-19,0 days 15:58:06.244822,290897,47.36,47.35,380,878,-5113,1387
502,CXO,2020-10-19,0 days 15:59:41.244998,364875,47.26,47.25,1208,2353,19104,-9696
503,CXO,2020-10-19,0 days 15:59:42.244983,360393,47.26,47.25,914,3000,-4482,19104
504,CXO,2020-10-19,0 days 15:59:43.244957,364875,47.26,47.25,1614,1539,363,-4482
505,CXO,2020-10-19,0 days 15:59:47.244848,360654,47.25,47.23,1694,353,-3388,5270
506,CYH,2020-10-19,0 days 15:56:47.241824,86903,4.95,4.94,18307,7095,-84,3016
507,CYH,2020-10-19,0 days 15:57:08.242467,83087,4.95,4.94,23220,10796,3816,-84
508,CYH,2020-10-19,0 days 15:59:07.248471,95764,4.95,4.94,7731,8691,-1259,362
509,CYH,2020-10-19,0 days 15:59:08.248553,92823,4.95,4.94,7731,8091,2941,-1259
510,CYH,2020-10-19,0 days 15:59:45.236843,98064,4.96,4.94,7300,19301,-1017,1883
511,D,2020-10-19,0 days 15:55:00.237782,317958,80.83,80.8,200,500,-31238,9289
512,DAL,2020-10-19,0 days 15:58:00.257264,436286,31.48,31.47,14562,3602,5179,-24493
513,DAL,2020-10-19,0 days 15:58:01.256525,420365,31.48,31.47,14069,2402,-15921,5179
514,DAL,2020-10-19,0 days 15:59:15.257147,469678,31.5,31.49,3990,12912,184832,-2674
515,DB,2020-10-19,0 days 15:59:46.255941,44683,9.29,9.28,59550,69420,-24,776
516,DD,2020-10-19,0 days 15:59:15.251001,382739,58.39,58.37,100,227,103771,-16434
517,DD,2020-10-19,0 days 15:59:20.249100,393134,58.44,58.41,100,500,-1102,1130
518,DD,2020-10-19,0 days 15:59:39.250743,415539,58.4,58.38,230,1500,7274,-8685
519,DD,2020-10-19,0 days 15:59:59.251952,422759,58.44,58.39,100,500,-13737,6446
520,DDD,2020-10-19,0 days 15:58:09.247851,182310,6.92,6.91,3243,5900,-136,1826
521,DDD,2020-10-19,0 days 15:58:17.248401,179246,6.93,6.92,6154,4920,3164,-436
522,DDD,2020-10-19,0 days 15:58:58.249524,180273,6.94,6.93,6423,7143,2037,-863
523,DDD,2020-10-19,0 days 15:59:45.249918,270366,6.95,6.94,5211,8237,-1783,4377
524,DFS,2020-10-19,0 days 15:59:15.239019,198361,63.59,63.56,110,586,369,-3372
525,DFS,2020-10-19,0 days 15:59:35.234818,199030,63.6,63.54,200,600,-271,293
526,DFS,2020-10-19,0 days 15:59:46.236884,200384,63.59,63.52,400,300,-3745,24962
527,DHI,2020-10-19,0 days 15:55:59.241414,230117,75.59,75.56,357,310,1095,-505
528,DHI,2020-10-19,0 days 15:57:37.243322,231552,75.73,75.72,100,100,-2126,574
529,DHI,2020-10-19,0 days 15:57:38.242283,229478,75.74,75.71,700,500,2074,-2126
530,DHI,2020-10-19,0 days 15:57:45.242256,233752,75.71,75.69,200,100,-626,874
531,DHI,2020-10-19,0 days 15:57:46.243240,232878,75.71,75.69,200,201,874,-626
532,DHI,2020-10-19,0 days 15:57:50.243013,234552,75.71,75.67,200,100,-1126,974
533,DHI,2020-10-19,0 days 15:57:51.242585,233578,75.71,75.67,400,100,997,-1126
534,DHI,2020-10-19,0 days 15:57:54.243756,233775,75.74,75.7,100,514,-403,1997
535,DHI,2020-10-19,0 days 15:58:01.244190,233275,75.74,75.71,300,415,-703,197
536,DHI,2020-10-19,0 days 15:58:03.243347,232578,75.74,75.71,698,142,697,-803
537,DHI,2020-10-19,0 days 15:58:12.244576,235607,75.79,75.77,200,100,-4751,2329
538,DHI,2020-10-19,0 days 15:58:51.244462,238407,75.77,75.74,200,300,-451,881
539,DHI,2020-10-19,0 days 15:58:52.243166,237658,75.78,75.75,204,300,749,-451
540,DHI,2020-10-19,0 days 15:58:55.245248,238407,75.79,75.77,100,100,-151,749
541,DHI,2020-10-19,0 days 15:59:04.245903,237126,75.79,75.75,392,400,3647,-536
542,DHI,2020-10-19,0 days 15:59:08.247564,241826,75.8,75.78,200,300,271,-6529
543,DHI,2020-10-19,0 days 15:59:28.243930,255270,75.79,75.76,235,100,967,-1833
544,DHI,2020-10-19,0 days 15:59:38.245037,256237,75.82,75.8,110,308,-6712,588
545,DHR,2020-10-19,0 days 15:55:37.241051,214707,222.94,222.89,412,220,2804,-691
546,DHR,2020-10-19,0 days 15:55:38.241352,214202,222.91,222.88,200,100,-505,2804
547,DHR,2020-10-19,0 days 15:55:51.241401,217197,222.86,222.78,100,200,4951,-49
548,DHR,2020-10-19,0 days 15:55:52.241428,216639,222.86,222.82,100,100,-558,4951
549,DHR,2020-10-19,0 days 15:56:13.242364,219164,222.92,222.89,194,301,8938,-462
550,DIS,2020-10-19,0 days 15:59:24.253788,690485,124.28,124.26,201,228,-2325,57335
551,DIS,2020-10-19,0 days 15:59:26.253355,691010,124.28,124.24,216,100,256,-1544
552,DIS,2020-10-19,0 days 15:59:30.256101,691349,124.23,124.19,1150,950,-9975,10656
553,DIS,2020-10-19,0 days 15:59:39.254107,691349,124.22,124.19,100,800,-28475,1117
554,DK,2020-10-19,0 days 15:55:00.240986,147596,10.24,10.23,752,895,-7486,4713
555,DK,2020-10-19,0 days 15:56:25.243966,156204,10.28,10.27,1584,2401,1167,-733
556,DK,2020-10-19,0 days 15:56:26.243620,155771,10.28,10.27,1500,2575,-433,1167
557,DK,2020-10-19,0 days 15:56:36.244340,156304,10.29,10.28,1510,500,67,-533
558,DK,2020-10-19,0 days 15:56:37.243763,155871,10.29,10.28,1610,302,-333,67
559,DK,2020-10-19,0 days 15:57:44.242784,156104,10.26,10.25,988,200,107,-93
560,DK,2020-10-19,0 days 15:57:45.242555,155911,10.26,10.25,898,100,-193,107
561,DK,2020-10-19,0 days 15:57:48.242555,156104,10.26,10.25,998,100,1107,-193
562,DK,2020-10-19,0 days 15:57:49.243072,156011,10.26,10.25,1098,200,-93,1107
563,DK,2020-10-19,0 days 15:57:52.243348,156104,10.26,10.25,1098,200,507,-93
564,DK,2020-10-19,0 days 15:57:53.242990,154911,10.26,10.25,998,500,-1193,507
565,DK,2020-10-19,0 days 15:58:00.245262,156104,10.26,10.25,996,600,7,-1393
566,DK,2020-10-19,0 days 15:58:01.244418,154711,10.26,10.25,993,700,-4193,7
567,DK,2020-10-19,0 days 15:59:44.244995,164379,10.25,10.24,200,1956,-1687,3713
568,DOW,2020-10-19,0 days 15:55:00.237658,275866,48.85,48.84,100,384,-701,2234
569,DOW,2020-10-19,0 days 15:55:01.240012,273667,48.86,48.84,300,1133,2199,-701
570,DOW,2020-10-19,0 days 15:56:28.241897,304835,48.79,48.78,1500,170,-204,704
571,DOW,2020-10-19,0 days 15:56:32.236176,302750,48.78,48.77,500,900,2085,-204
572,DOW,2020-10-19,0 days 15:58:30.245928,306617,48.83,48.82,200,100,1397,-3203
573,DOW,2020-10-19,0 days 15:59:02.246360,306329,48.82,48.81,502,500,1040,-2632
574,DOW,2020-10-19,0 days 15:59:18.244158,302813,48.82,48.79,600,533,4151,-20749
575,DOW,2020-10-19,0 days 15:59:19.244194,306964,48.83,48.81,200,200,-3749,4151
576,DOW,2020-10-19,0 days 15:59:42.245046,314613,48.81,48.79,100,1016,26400,-6049
577,DOW,2020-10-19,0 days 15:59:46.247440,326068,48.83,48.81,100,400,7495,-14673
578,DOW,2020-10-19,0 days 15:59:51.245871,320163,48.83,48.81,200,868,-4526,574
579,DOW,2020-10-19,0 days 15:59:55.246664,319589,48.82,48.79,200,1093,574,-4526
580,DRH,2020-10-19,0 days 15:59:27.248829,240228,4.76,4.75,8145,13804,-884,716
581,DRH,2020-10-19,0 days 15:59:46.251636,252976,4.78,4.77,9387,22299,760,-5234
582,DRH,2020-10-19,0 days 15:59:48.250676,251736,4.78,4.77,9004,22399,-1240,760
583,DUK,2020-10-19,0 days 15:59:57.246769,351685,92.07,91.99,100,700,1824,-30835
584,DUK,2020-10-19,0 days 15:59:58.247079,336750,92.11,92.01,1200,200,-14935,1824
585,DVN,2020-10-19,0 days 15:59:00.249730,362678,8.88,8.87,20372,9939,17427,-4301
586,DVN,2020-10-19,0 days 15:59:09.247417,382008,8.88,8.87,22878,8113,-22455,13986
587,DVN,2020-10-19,0 days 15:59:10.246364,375563,8.88,8.87,33615,6457,6445,-22455
588,DVN,2020-10-19,0 days 15:59:15.246598,382008,8.87,8.86,22687,15300,-6391,13745
589,DVN,2020-10-19,0 days 15:59:16.244814,376399,8.87,8.86,24212,13800,5609,-6391
590,DVN,2020-10-19,0 days 15:59:41.245580,382008,8.86,8.85,31961,8339,-20844,10256
591,DVN,2020-10-19,0 days 15:59:42.245265,377752,8.86,8.85,22444,10226,4256,-20844
592,ED,2020-10-19,0 days 15:50:01.237999,99735,80.7,80.64,783,100,220,-280
593,ED,2020-10-19,0 days 15:50:02.237200,99455,80.7,80.66,253,744,-280,220
594,ED,2020-10-19,0 days 15:50:04.237172,99735,80.7,80.66,354,644,220,-280
595,ED,2020-10-19,0 days 15:51:35.238829,99455,80.73,80.7,722,300,-280,220
596,ED,2020-10-19,0 days 15:55:00.241312,128793,80.64,80.62,113,311,-822,220
597,ED,2020-10-19,0 days 15:55:38.243070,130471,80.66,80.64,509,618,4833,-767
598,ED,2020-10-19,0 days 15:55:44.242890,135959,80.68,80.67,100,107,-212,4688
599,ED,2020-10-19,0 days 15:57:36.243019,141526,80.78,80.76,300,200,858,-442
600,ED,2020-10-19,0 days 15:57:37.243682,140184,80.76,80.75,200,251,-1342,858
601,ED,2020-10-19,0 days 15:57:42.242843,141526,80.76,80.74,200,447,858,-42
602,ED,2020-10-19,0 days 15:59:00.249460,142770,80.91,80.87,200,261,3999,-1501
603,ED,2020-10-19,0 days 15:59:07.246998,147246,80.89,80.88,249,200,-2540,3360
604,ED,2020-10-19,0 days 15:59:09.247127,147049,80.91,80.88,100,100,197,-703
605,ED,2020-10-19,0 days 15:59:10.246805,147246,80.91,80.89,100,112,-2903,197
606,ED,2020-10-19,0 days 15:59:24.245040,151646,80.86,80.81,722,300,1700,-4300
607,ED,2020-10-19,0 days 15:59:26.244994,153346,80.86,80.83,400,100,-1200,1700
608,ED,2020-10-19,0 days 15:59:27.244490,153146,80.84,80.78,517,200,200,-1200
609,ED,2020-10-19,0 days 15:59:30.246489,153346,80.83,80.81,400,258,-4739,200
610,EGO,2020-10-19,0 days 15:55:00.259472,28669,13.37,13.36,1668,14647,261,-3239
611,EGO,2020-10-19,0 days 15:57:05.264941,47977,13.35,13.34,1674,16495,-312,588
612,EGO,2020-10-19,0 days 15:59:46.247450,59451,13.35,13.34,18663,7295,260,-1464
613,EIX,2020-10-19,0 days 15:55:00.310065,313415,58.15,58.13,200,185,7860,-17831
614,EIX,2020-10-19,0 days 15:57:35.315416,324021,58.32,58.29,100,336,-832,2968
615,EIX,2020-10-19,0 days 15:57:39.315480,324021,58.32,58.29,100,300,-832,2868
616,EIX,2020-10-19,0 days 15:57:40.316048,323153,58.32,58.29,243,400,868,-832
617,EIX,2020-10-19,0 days 15:57:47.315950,324021,58.31,58.24,439,200,-217,1668
618,EIX,2020-10-19,0 days 15:59:08.325507,327744,58.36,58.31,600,100,-35,260
619,EIX,2020-10-19,0 days 15:59:42.320751,338761,58.27,58.2,900,100,4254,-746
620,ELAN,2020-10-19,0 days 15:59:30.321458,925705,30.89,30.88,300,900,19023,-514
621,EMR,2020-10-19,0 days 15:55:02.241969,260142,69.82,69.81,100,200,12121,-20284
622,EMR,2020-10-19,0 days 15:55:03.241947,257863,69.84,69.82,584,300,-2279,12121
623,EMR,2020-10-19,0 days 15:55:13.243274,260455,69.84,69.83,100,203,2697,-2592
624,EMR,2020-10-19,0 days 15:55:14.245138,243452,69.84,69.83,100,253,-17003,2697
625,EMR,2020-10-19,0 days 15:58:33.251191,296597,70.02,69.98,354,300,2156,-7644
626,EMR,2020-10-19,0 days 15:58:34.250142,292253,70.04,70.02,110,100,-14144,2156
627,EMR,2020-10-19,0 days 15:59:16.249883,313377,70.0,69.97,100,500,1665,-45290
628,EMR,2020-10-19,0 days 15:59:17.248746,295942,70.01,69.98,300,200,-27077,1665
629,EMR,2020-10-19,0 days 15:59:46.251559,335103,69.98,69.95,400,400,7611,-6045
630,EMR,2020-10-19,0 days 15:59:47.249761,332714,69.98,69.95,400,400,-2389,7611
631,ENB,2020-10-19,0 days 15:55:03.244373,34913,29.05,29.04,3239,4803,-2912,4088
632,ENB,2020-10-19,0 days 15:55:04.244671,34525,29.06,29.05,8346,6416,388,-2912
633,ENB,2020-10-19,0 days 15:55:23.246952,34913,29.05,29.04,8150,3807,-2912,4088
634,ENB,2020-10-19,0 days 15:55:24.246901,34525,29.05,29.04,7650,3107,388,-2912
635,ENB,2020-10-19,0 days 15:55:36.247120,34913,29.05,29.04,6135,3508,-1562,388
636,ENB,2020-10-19,0 days 15:55:37.247061,32775,29.05,29.04,6235,3508,2138,-1562
637,ENB,2020-10-19,0 days 15:56:05.247267,37538,29.06,29.05,7010,3505,-3038,4262
638,ENB,2020-10-19,0 days 15:56:06.247720,37076,29.06,29.05,8120,3105,462,-3038
639,ENB,2020-10-19,0 days 15:57:50.249317,37538,29.05,29.04,4078,14005,-798,2
640,EOG,2020-10-19,0 days 15:59:24.250107,1353830,36.27,36.26,4600,1469,-80228,255190
641,EPD,2020-10-19,0 days 15:59:44.245337,273067,17.16,17.15,17542,6400,309,-2619
642,EPD,2020-10-19,0 days 15:59:48.245814,263476,17.15,17.14,18696,2000,-5691,309
643,EQNR,2020-10-19,0 days 15:57:23.247084,29706,14.17,14.16,14137,20090,-30,376
644,EQNR,2020-10-19,0 days 15:57:32.247792,29736,14.17,14.16,13037,19170,1487,-30
645,EQNR,2020-10-19,0 days 15:57:36.247266,29706,14.17,14.16,12237,19340,-30,1487
646,EQNR,2020-10-19,0 days 15:57:46.249097,29530,14.17,14.16,27621,2884,176,-230
647,EQNR,2020-10-19,0 days 15:57:48.247478,29706,14.17,14.16,30021,2587,-170,176
648,EQNR,2020-10-19,0 days 15:57:52.248158,29876,14.17,14.16,25701,8287,1281,-170
649,EQNR,2020-10-19,0 days 15:58:07.249005,31157,14.17,14.16,12737,23177,-619,881
650,EQT,2020-10-19,0 days 15:59:26.253365,178353,14.68,14.67,4060,1100,-5058,1325
651,EQT,2020-10-19,0 days 15:59:46.255734,191647,14.66,14.65,5943,1522,50655,-7142
652,EQT,2020-10-19,0 days 15:59:47.253924,191202,14.66,14.65,7433,2322,-1535,50655
653,ESRT,2020-10-19,0 days 15:59:28.249928,63505,6.33,6.32,9700,5418,12549,-12351
654,ESRT,2020-10-19,0 days 15:59:29.249747,63354,6.33,6.32,9400,5618,-151,12549
655,ET,2020-10-19,0 days 15:59:40.245545,221231,5.89,5.88,39764,60375,1096,-1018
656,ET,2020-10-19,0 days 15:59:42.245193,212637,5.89,5.88,47814,61032,-4094,5606
657,ET,2020-10-19,0 days 15:59:46.247113,216731,5.89,5.88,42364,56332,11706,-4094
658,ET,2020-10-19,0 days 15:59:47.244967,213437,5.89,5.88,40656,58232,-3294,11706
659,ETRN,2020-10-19,0 days 15:55:24.241930,146511,8.21,8.2,9251,11906,3911,-1189
660,ETRN,2020-10-19,0 days 15:55:25.241618,139922,8.21,8.2,9247,11906,-6589,3911
661,ETRN,2020-10-19,0 days 15:56:06.241506,146511,8.21,8.2,5911,16873,695,-5840
662,ETRN,2020-10-19,0 days 15:56:09.241789,147206,8.21,8.2,4126,18173,-209,23
663,ETRN,2020-10-19,0 days 15:57:23.240274,157315,8.21,8.2,2942,20760,4925,-6475
664,ETRN,2020-10-19,0 days 15:59:46.246547,178883,8.21,8.2,4391,17447,3061,-1439
665,ETRN,2020-10-19,0 days 15:59:47.244456,178044,8.21,8.2,4921,14347,-839,3061
666,EV,2020-10-19,0 days 15:59:15.246633,349381,61.46,61.45,1222,213,-70557,102561
667,EV,2020-10-19,0 days 15:59:16.244826,344718,61.45,61.43,200,900,4663,-70557
668,FE,2020-10-19,0 days 15:59:08.246472,422440,31.85,31.84,1039,2905,3510,-83917
669,FE,2020-10-19,0 days 15:59:16.244725,412105,31.86,31.85,474,3217,-13935,10606
670,FE,2020-10-19,0 days 15:59:48.246486,411594,31.78,31.77,1097,1700,-7305,8030
671,FHN,2020-10-19,0 days 15:55:00.242965,427482,10.52,10.51,20506,9391,-80132,58196
672,FIS,2020-10-19,0 days 15:55:00.244552,176039,139.44,139.25,100,112,-17057,10877
673,FIS,2020-10-19,0 days 15:55:34.247192,193394,139.52,139.5,300,1099,5146,-3338
674,FIS,2020-10-19,0 days 15:55:35.247185,188967,139.56,139.52,100,100,-4427,5146
675,FIS,2020-10-19,0 days 15:57:12.247947,194899,139.56,139.48,200,306,157,-2443
676,FIS,2020-10-19,0 days 15:57:16.247905,194482,139.61,139.58,100,305,-417,83
677,FIS,2020-10-19,0 days 15:57:17.248985,194899,139.56,139.52,100,100,83,-417
678,FIS,2020-10-19,0 days 15:57:35.249554,191156,139.62,139.59,100,300,-3743,157
679,FIS,2020-10-19,0 days 15:57:42.248688,191855,139.61,139.54,300,300,-3044,630
680,FIS,2020-10-19,0 days 15:57:47.248818,194899,139.58,139.54,209,300,4456,-1070
681,FIS,2020-10-19,0 days 15:57:48.248662,194629,139.58,139.54,105,400,-270,4456
682,FIS,2020-10-19,0 days 15:58:44.251037,194877,139.83,139.81,200,359,63,-2437
683,FIS,2020-10-19,0 days 15:58:47.251681,194140,139.91,139.87,109,236,-737,63
684,FIS,2020-10-19,0 days 15:59:07.252917,197298,139.88,139.83,159,500,13,-804
685,FIS,2020-10-19,0 days 15:59:08.253604,194175,139.92,139.87,248,200,-3123,13
686,FIS,2020-10-19,0 days 15:59:18.249625,197949,139.95,139.91,257,100,679,-721
687,FIS,2020-10-19,0 days 15:59:19.249600,198663,139.94,139.85,244,100,-1948,679
688,FIS,2020-10-19,0 days 15:59:26.250300,200611,139.81,139.78,500,241,2982,-256
689,FIS,2020-10-19,0 days 15:59:27.250037,198993,139.77,139.72,423,100,-1618,2982
690,FIS,2020-10-19,0 days 15:59:30.252851,201862,139.68,139.67,100,100,1961,-1225
691,FIS,2020-10-19,0 days 15:59:34.250291,200911,139.59,139.57,300,300,-951,1849
692,FIS,2020-10-19,0 days 15:59:46.247810,201862,139.66,139.61,400,233,5471,-9639
693,FIS,2020-10-19,0 days 15:59:48.246640,201176,139.68,139.59,800,500,-686,2314
694,FIT,2020-10-19,0 days 15:59:07.246957,956734,7.03,7.02,51644,41880,-6267,17008
695,FIT,2020-10-19,0 days 15:59:17.245735,963001,7.03,7.02,53976,32897,68,-332
696,FIT,2020-10-19,0 days 15:59:20.244614,963069,7.03,7.02,43976,28197,-23,68
697,FIT,2020-10-19,0 days 15:59:36.244839,973456,7.03,7.02,64403,25209,8713,-10387
698,FIT,2020-10-19,0 days 15:59:37.244995,972869,7.03,7.02,65303,25077,-587,8713
699,FLR,2020-10-19,0 days 15:59:15.251649,110856,11.4,11.39,1847,2985,9255,-1104
700,FLR,2020-10-19,0 days 15:59:16.248518,107911,11.4,11.39,4947,1475,-1831,9255
701,FLR,2020-10-19,0 days 15:59:33.245496,109742,11.4,11.39,5837,927,347,-1831
702,FLR,2020-10-19,0 days 15:59:41.245393,109589,11.4,11.39,4470,2829,-153,15047
703,FLR,2020-10-19,0 days 15:59:46.247450,109742,11.4,11.39,5270,1064,4617,-2005
704,FLR,2020-10-19,0 days 15:59:47.245367,108159,11.4,11.39,4507,1164,-1583,4617
705,FNB,2020-10-19,0 days 15:55:00.259472,188263,7.37,7.36,14960,4395,1383,-79825
706,FNB,2020-10-19,0 days 15:55:25.262517,216946,7.38,7.37,10210,11239,-577,3723
707,FNB,2020-10-19,0 days 15:55:26.263536,213623,7.38,7.37,10310,11432,3323,-577
708,FNB,2020-10-19,0 days 15:58:04.258885,235413,7.4,7.39,7321,13260,-6056,4679
709,FNB,2020-10-19,0 days 15:58:05.259856,230269,7.4,7.39,7921,11470,5144,-6056
710,FNB,2020-10-19,0 days 15:58:08.258167,235413,7.4,7.39,5421,16218,-1856,5144
711,FNB,2020-10-19,0 days 15:58:09.257576,231979,7.4,7.39,1971,18518,3434,-1856
712,FNB,2020-10-19,0 days 15:58:11.257516,235413,7.41,7.4,10658,9431,-30,1088
713,FNB,2020-10-19,0 days 15:58:34.259095,232030,7.4,7.39,8748,13543,3383,-617
714,FNB,2020-10-19,0 days 15:59:07.259674,140953,7.4,7.39,11902,10693,-74435,1625
715,FNB,2020-10-19,0 days 15:59:17.248018,235502,7.4,7.39,10918,9189,2355,-62073
716,FSLY,2020-10-19,0 days 15:55:36.312207,68625,83.2,83.15,600,593,-1407,674
717,FSLY,2020-10-19,0 days 15:55:37.311930,67132,83.2,83.15,600,593,1493,-1407
718,FSLY,2020-10-19,0 days 15:55:57.312835,65747,83.29,83.26,200,100,-1385,1515
719,FSLY,2020-10-19,0 days 15:55:58.312858,64532,83.29,83.24,500,200,1215,-1385
720,FSLY,2020-10-19,0 days 15:59:20.320102,82394,83.56,83.48,300,100,-9217,2344
721,FSLY,2020-10-19,0 days 15:59:21.320174,81311,83.56,83.5,300,100,1083,-9217
722,FSLY,2020-10-19,0 days 15:59:39.321186,83938,83.47,83.43,520,200,-19040,860
723,FSLY,2020-10-19,0 days 15:59:40.321451,83078,83.46,83.43,600,200,860,-19040
724,FSLY,2020-10-19,0 days 15:59:44.321513,83938,83.46,83.43,200,100,-840,860
725,FSLY,2020-10-19,0 days 15:59:46.322357,83518,83.46,83.41,410,200,731,-3380
726,FSM,2020-10-19,0 days 15:57:12.246101,20835,6.77,6.76,33576,11000,-9022,336
727,FSM,2020-10-19,0 days 15:59:08.253910,21687,6.76,6.75,21513,26552,704,-671
728,FSM,2020-10-19,0 days 15:59:14.252498,22391,6.76,6.75,6881,44270,-7765,235
729,FTCH,2020-10-19,0 days 15:59:45.247432,165461,27.4,27.38,100,210,-2949,581
730,FTCH,2020-10-19,0 days 15:59:48.245978,163010,27.4,27.38,100,210,598,-2402
731,FTI,2020-10-19,0 days 15:55:36.250874,212126,6.95,6.94,40460,14116,4515,-11686
732,FTI,2020-10-19,0 days 15:58:11.256722,242491,6.95,6.94,14587,36067,-3184,9616
733,FTI,2020-10-19,0 days 15:58:12.256815,238875,6.95,6.94,15487,34567,3616,-3184
734,FTI,2020-10-19,0 days 15:58:20.258240,242491,6.95,6.94,16887,36727,-484,3616
735,FTI,2020-10-19,0 days 15:58:21.256448,238875,6.95,6.94,14987,36327,3616,-484
736,FTI,2020-10-19,0 days 15:59:07.259385,240652,6.96,6.95,44307,8835,-1452,6448
737,FTI,2020-10-19,0 days 15:59:08.262261,238304,6.96,6.95,42807,8135,2348,-1452
738,FTI,2020-10-19,0 days 15:59:36.252823,260341,6.95,6.94,15191,34838,-1843,5957
739,FUBO,2020-10-19,0 days 15:57:36.247519,9201,12.06,12.01,2200,100,-645,155
740,FUBO,2020-10-19,0 days 15:59:01.252577,9846,12.05,12.0,100,500,155,-1145
741,FUBO,2020-10-19,0 days 15:59:02.251798,9734,12.06,12.0,2100,500,-112,155
742,FUBO,2020-10-19,0 days 15:59:03.252453,9846,12.06,12.0,2200,500,155,-112
743,FUBO,2020-10-19,0 days 15:59:48.251015,9545,11.96,11.95,400,100,-301,99
744,GD,2020-10-19,0 days 15:55:00.237828,308404,138.7,138.62,207,103,794,-14060
745,GD,2020-10-19,0 days 15:55:44.241108,310752,138.68,138.64,400,200,-215,1042
746,GD,2020-10-19,0 days 15:58:21.244097,329717,138.77,138.73,100,333,710,-4890
747,GD,2020-10-19,0 days 15:58:22.245204,327627,138.78,138.76,100,100,-2090,710
748,GD,2020-10-19,0 days 15:59:09.247251,333691,138.87,138.81,200,302,7752,-1688
749,GD,2020-10-19,0 days 15:59:10.246217,333043,138.87,138.81,100,335,-348,7752
750,GD,2020-10-19,0 days 15:59:16.244725,341545,138.9,138.83,100,200,3499,-5401
751,GD,2020-10-19,0 days 15:59:17.244291,340144,138.9,138.83,100,200,-1901,3499
752,GD,2020-10-19,0 days 15:59:30.246661,341829,138.78,138.69,800,711,6188,-1509
753,GD,2020-10-19,0 days 15:59:43.244946,335640,138.72,138.66,300,311,8814,-623
754,GD,2020-10-19,0 days 15:59:44.245444,333317,138.76,138.69,100,410,-9423,8814
755,GD,2020-10-19,0 days 15:59:47.245284,332440,138.71,138.62,550,100,12774,-63
756,GD,2020-10-19,0 days 15:59:50.249990,335814,138.75,138.62,100,100,-5126,3574
757,GD,2020-10-19,0 days 15:59:52.244976,335640,138.66,138.61,463,100,174,-5126
758,GD,2020-10-19,0 days 15:59:59.245383,334577,138.75,138.66,100,400,-8163,3674
759,GE,2020-10-19,0 days 15:59:15.238993,7333026,7.29,7.28,297748,191728,-123188,2796494
760,GE,2020-10-19,0 days 15:59:45.236796,7368656,7.29,7.28,259724,190961,-2475,2527
761,GFI,2020-10-19,0 days 15:56:25.246937,167652,12.14,12.13,17504,7734,-209,1691
762,GFI,2020-10-19,0 days 15:56:31.246474,167861,12.14,12.13,17119,5626,63,-37
763,GFI,2020-10-19,0 days 15:57:37.247917,168152,12.14,12.13,15111,13190,-809,91
764,GFI,2020-10-19,0 days 15:57:38.247518,160761,12.14,12.13,15126,11408,7191,-809
765,GFI,2020-10-19,0 days 15:58:01.248478,167118,12.14,12.13,20911,9205,-143,863
766,GFI,2020-10-19,0 days 15:58:02.248576,159061,12.14,12.13,22311,9905,7857,-143
767,GFI,2020-10-19,0 days 15:59:15.251001,166956,12.14,12.13,22736,13140,-1547,2574
768,GFI,2020-10-19,0 days 15:59:16.250194,162203,12.14,12.13,25936,10929,4753,-1547
769,GIS,2020-10-19,0 days 15:55:34.246667,278723,61.17,61.16,700,887,2892,-2892
770,GIS,2020-10-19,0 days 15:55:35.246441,275615,61.17,61.16,733,1287,-3158,2892
771,GIS,2020-10-19,0 days 15:57:35.247946,285256,61.22,61.21,510,1121,189,-2411
772,GIS,2020-10-19,0 days 15:57:36.247266,282645,61.21,61.2,300,987,-2611,189
773,GIS,2020-10-19,0 days 15:58:32.250149,285690,61.26,61.25,389,900,2108,-2666
774,GIS,2020-10-19,0 days 15:58:33.250033,282159,61.26,61.25,163,1600,-3131,2108
775,GIS,2020-10-19,0 days 15:59:09.251817,291656,61.3,61.28,605,768,20632,-2074
776,GIS,2020-10-19,0 days 15:59:10.252443,289929,61.3,61.29,700,384,-1727,20632
777,GIS,2020-10-19,0 days 15:59:22.248983,315559,61.3,61.28,700,700,318,-1429
778,GIS,2020-10-19,0 days 15:59:31.248035,314259,61.29,61.28,484,643,-1300,12600
779,GIS,2020-10-19,0 days 15:59:39.248744,304343,61.3,61.29,300,900,-11916,384
780,GIS,2020-10-19,0 days 15:59:57.250674,313643,61.29,61.28,300,300,-4075,28685
781,GLW,2020-10-19,0 days 15:59:00.249579,210805,34.55,34.54,3794,1710,4051,-6245
782,GLW,2020-10-19,0 days 15:59:41.245551,227681,34.56,34.55,7799,300,6390,-4810
783,GM,2020-10-19,0 days 15:58:25.249358,804959,33.34,33.33,1400,4990,-14980,4320
784,GM,2020-10-19,0 days 15:58:26.249200,789639,33.34,33.33,3325,2200,15320,-14980
785,GM,2020-10-19,0 days 15:58:37.250152,796697,33.34,33.33,3700,3934,-1842,6420
786,GM,2020-10-19,0 days 15:58:38.249831,783739,33.34,33.33,3900,2934,12958,-1842
787,GM,2020-10-19,0 days 15:59:06.254462,802974,33.35,33.34,4935,3434,-1920,3814
788,GM,2020-10-19,0 days 15:59:07.252410,798254,33.35,33.34,6035,1834,4720,-1920
789,GM,2020-10-19,0 days 15:59:13.252857,798554,33.37,33.36,6700,1034,4420,-2780
790,GM,2020-10-19,0 days 15:59:15.250849,803032,33.36,33.35,2300,7542,-24952,4420
791,GM,2020-10-19,0 days 15:59:16.249961,792136,33.35,33.34,5000,3900,10896,-24952
792,GM,2020-10-19,0 days 15:59:30.251754,1003032,33.34,33.33,2305,4619,-12396,22433
793,GM,2020-10-19,0 days 15:59:31.249979,989228,33.34,33.33,2505,5928,13804,-12396
794,GM,2020-10-19,0 days 15:59:46.251605,1014354,33.33,33.32,500,7997,-21511,24330
795,GM,2020-10-19,0 days 15:59:47.249808,1006665,33.34,33.33,9163,2400,7589,-21511
796,GME,2020-10-19,0 days 15:59:02.258871,138308,13.89,13.88,200,2097,1813,-1883
797,GME,2020-10-19,0 days 15:59:03.258566,138121,13.89,13.88,1108,1793,-187,1813
798,GME,2020-10-19,0 days 15:59:21.252336,137911,13.89,13.88,498,2010,-1197,603
799,GME,2020-10-19,0 days 15:59:45.254931,139108,13.91,13.89,2047,6095,1203,-897
800,GME,2020-10-19,0 days 15:59:46.255492,138311,13.91,13.9,3047,400,-1084,1203
801,GNW,2020-10-19,0 days 15:59:47.253924,148087,3.54,3.53,33663,22048,4513,-2635
802,GNW,2020-10-19,0 days 15:59:48.254763,144800,3.54,3.53,33663,22048,-3287,4513
803,GOLD,2020-10-19,0 days 15:57:24.254079,207397,27.03,27.02,40145,5321,-2515,2836
804,GOLD,2020-10-19,0 days 15:57:25.254117,199512,27.03,27.02,39445,5321,3933,-2515
805,GOLD,2020-10-19,0 days 15:59:43.252891,218356,27.02,27.01,38903,13687,-1458,6324
806,GPK,2020-10-19,0 days 15:59:07.251856,335904,14.37,14.36,13568,7521,-19551,10515
807,GPK,2020-10-19,0 days 15:59:08.251590,331455,14.37,14.36,13568,8021,4449,-19551
808,GPK,2020-10-19,0 days 15:59:10.252462,335904,14.37,14.36,10726,8721,-651,1264
809,GPK,2020-10-19,0 days 15:59:47.246817,345813,14.35,14.34,13095,9667,803,-5466
810,GPS,2020-10-19,0 days 15:58:37.244852,293358,19.1,19.09,4392,4332,17385,-8051
811,GPS,2020-10-19,0 days 15:58:49.245313,315943,19.1,19.09,3120,5669,-5755,16685
812,GPS,2020-10-19,0 days 15:59:06.249009,293377,19.1,19.09,6021,3885,19258,-9082
813,GPS,2020-10-19,0 days 15:59:15.246795,340804,19.13,19.12,3810,7335,-3702,16779
814,GPS,2020-10-19,0 days 15:59:55.240785,373839,19.1,19.08,5600,4200,8681,-10838
815,GS,2020-10-19,0 days 15:56:16.245093,278779,205.32,205.26,238,729,4857,-4006
816,GS,2020-10-19,0 days 15:56:17.245290,276563,205.32,205.26,203,729,-2216,4857
817,GS,2020-10-19,0 days 15:57:44.246917,283513,205.41,205.32,100,100,130,-4619
818,GS,2020-10-19,0 days 15:57:45.246801,283643,205.39,205.36,177,100,-470,130
819,GS,2020-10-19,0 days 15:57:46.248291,284713,205.37,205.32,100,100,7830,-470
820,GS,2020-10-19,0 days 15:57:47.246898,282743,205.37,205.32,100,100,-1970,7830
821,GS,2020-10-19,0 days 15:57:57.247336,289613,205.46,205.42,200,200,432,-2268
822,GS,2020-10-19,0 days 15:57:58.248513,284894,205.44,205.37,200,200,-5019,432
823,GS,2020-10-19,0 days 15:58:00.248344,285313,205.44,205.35,800,200,2281,-2319
824,GS,2020-10-19,0 days 15:58:01.248256,283345,205.48,205.4,200,200,-6568,2281
825,GS,2020-10-19,0 days 15:59:05.251861,300233,205.67,205.58,200,500,-3546,3189
826,GS,2020-10-19,0 days 15:59:17.248659,303890,205.67,205.55,200,400,4461,-1115
827,GS,2020-10-19,0 days 15:59:18.249095,301201,205.67,205.61,100,500,-2689,4461
828,GS,2020-10-19,0 days 15:59:24.250414,309363,205.77,205.65,200,100,22848,-1746
829,GSK,2020-10-19,0 days 15:57:12.253628,126957,36.14,36.13,9402,6000,-241,375
830,GSK,2020-10-19,0 days 15:57:28.257685,127198,36.15,36.14,10718,9999,59,-241
831,GSK,2020-10-19,0 days 15:57:36.254327,127257,36.15,36.14,9665,8107,-741,59
832,GSK,2020-10-19,0 days 15:57:37.255327,120798,36.15,36.14,10165,6911,6459,-741
833,GSK,2020-10-19,0 days 15:59:08.262547,126446,36.16,36.15,9412,5896,-14766,864
834,GSK,2020-10-19,0 days 15:59:09.260307,123312,36.16,36.15,10122,5200,3134,-14766
835,GSK,2020-10-19,0 days 15:59:46.255907,126446,36.16,36.15,12800,2050,-8399,2234
836,GSK,2020-10-19,0 days 15:59:47.253946,124745,36.16,36.15,13100,950,1701,-8399
837,GSX,2020-10-19,0 days 15:55:00.244313,541384,100.3,100.29,213,100,-2174,475841
838,GSX,2020-10-19,0 days 15:56:10.247444,544270,100.33,100.29,100,100,114,-2886
839,GSX,2020-10-19,0 days 15:56:30.247772,544384,100.35,100.31,110,118,-134,114
840,GSX,2020-10-19,0 days 15:57:40.248341,551818,100.44,100.36,100,300,3169,-2431
841,GSX,2020-10-19,0 days 15:57:41.248623,550087,100.44,100.36,100,300,-1731,3169
842,GSX,2020-10-19,0 days 15:57:45.249003,555118,100.44,100.36,100,300,969,-1731
843,GSX,2020-10-19,0 days 15:57:46.249933,553087,100.44,100.36,200,300,-2031,969
844,GSX,2020-10-19,0 days 15:57:50.249147,555718,100.39,100.36,200,291,3102,-2631
845,GSX,2020-10-19,0 days 15:57:51.248473,553720,100.39,100.36,200,291,-1998,3102
846,GSX,2020-10-19,0 days 15:58:08.251209,556018,100.44,100.37,200,100,2935,-1865
847,GSX,2020-10-19,0 days 15:58:09.250107,554053,100.44,100.37,200,200,-2100,2935
848,GSX,2020-10-19,0 days 15:58:11.250154,556153,100.44,100.37,200,200,2900,-2100
849,GSX,2020-10-19,0 days 15:58:12.250455,554153,100.44,100.37,200,200,-2000,2900
850,GSX,2020-10-19,0 days 15:59:02.252252,571785,100.63,100.53,200,100,1186,-4214
851,GSX,2020-10-19,0 days 15:59:03.252157,569313,100.62,100.48,300,100,-2472,1186
852,GTT,2020-10-19,0 days 15:59:47.244754,15810,5.27,5.26,400,340,264,-166
853,GTT,2020-10-19,0 days 15:59:48.245480,15674,5.27,5.26,400,340,-36,264
854,HAL,2020-10-19,0 days 15:59:15.251644,1153128,12.17,12.16,5386,2293,-17208,8836
855,HAL,2020-10-19,0 days 15:59:16.248791,1139436,12.17,12.16,3249,4933,13692,-17208
856,HAL,2020-10-19,0 days 15:59:30.250552,1156328,12.17,12.16,4427,7103,-19990,12194
857,HAL,2020-10-19,0 days 15:59:31.247869,1148018,12.17,12.16,10027,5503,5110,-19990
858,HAL,2020-10-19,0 days 15:59:49.248048,1157211,12.17,12.16,5800,13297,-726,13699
859,HAL,2020-10-19,0 days 15:59:50.250056,1068937,12.17,12.16,7429,5605,88274,-726
860,HBI,2020-10-19,0 days 15:59:20.249100,387720,16.77,16.76,6394,2900,8554,-11370
861,HBI,2020-10-19,0 days 15:59:21.249225,380574,16.77,16.76,6494,3500,-7146,8554
862,HEXO,2020-10-19,0 days 15:57:05.247923,3165,0.78,0.77,90215,4500,-3695,2805
863,HFC,2020-10-19,0 days 15:56:45.247285,265755,19.53,19.52,1688,301,246,-358
864,HFC,2020-10-19,0 days 15:57:15.247088,266010,19.51,19.5,2423,300,-2058,242
865,HFC,2020-10-19,0 days 15:57:37.247869,268068,19.48,19.47,423,1498,962,-2738
866,HFC,2020-10-19,0 days 15:57:39.247475,266830,19.48,19.47,1550,1573,-1238,762
867,HFC,2020-10-19,0 days 15:59:08.253820,272226,19.48,19.47,443,2099,15951,-1746
868,HL,2020-10-19,0 days 15:59:15.238813,231582,5.16,5.15,53854,49812,14109,-6829
869,HL,2020-10-19,0 days 15:59:16.237470,222791,5.16,5.15,53854,48412,-8791,14109
870,HL,2020-10-19,0 days 15:59:33.235583,236987,5.16,5.15,90652,52028,926,-6658
871,HL,2020-10-19,0 days 15:59:46.236804,242687,5.17,5.16,85408,59716,2613,-4774
872,HL,2020-10-19,0 days 15:59:48.235771,237100,5.17,5.16,88308,57673,-5587,2613
873,HMY,2020-10-19,0 days 15:55:00.309885,37977,5.53,5.52,16192,56457,-24079,14345
874,HRB,2020-10-19,0 days 15:59:31.235567,1338162,17.67,17.66,1827,7927,50362,-63527
875,HRB,2020-10-19,0 days 15:59:32.235066,1330124,17.68,17.67,3740,4903,-8038,50362
876,HRB,2020-10-19,0 days 15:59:42.235205,1338295,17.67,17.66,4600,4200,1168,-3671
877,HRB,2020-10-19,0 days 15:59:46.236901,1333907,17.67,17.66,3303,4100,-4388,8229
878,HRB,2020-10-19,0 days 15:59:47.235255,1338295,17.67,17.66,3925,4100,37940,-4388
879,HRB,2020-10-19,0 days 15:59:48.235893,1336035,17.67,17.66,2803,3900,-2260,37940
880,HRB,2020-10-19,0 days 15:59:52.235279,1328395,17.66,17.65,6400,2367,5628,-26186
881,HRB,2020-10-19,0 days 15:59:55.236910,1326809,17.67,17.66,800,4839,-11486,5628
882,HST,2020-10-19,0 days 15:58:11.249994,584422,10.67,10.66,19097,30595,10642,-18532
883,HST,2020-10-19,0 days 15:59:31.250206,638286,10.68,10.67,19277,14280,-3719,10851
884,HST,2020-10-19,0 days 15:59:36.249822,642005,10.68,10.67,20977,12857,2881,-3719
885,HST,2020-10-19,0 days 15:59:37.249348,641686,10.68,10.67,20977,12857,-319,2881
886,HUYA,2020-10-19,0 days 15:57:25.314422,113753,22.95,22.94,949,1117,-157,2939
887,HUYA,2020-10-19,0 days 15:57:35.314626,109410,22.96,22.94,600,1849,2703,-157
888,HUYA,2020-10-19,0 days 15:57:42.314377,111110,22.96,22.95,223,1989,1003,-1097
889,HWM,2020-10-19,0 days 15:57:49.247299,311334,18.58,18.57,690,3437,2682,-618
890,IAG,2020-10-19,0 days 15:59:36.243920,34614,3.84,3.83,210230,30097,18653,-24347
891,IBM,2020-10-19,0 days 15:55:22.241454,429133,125.21,125.19,600,517,874,-3734
892,IBM,2020-10-19,0 days 15:55:23.240782,423999,125.2,125.19,200,517,-5134,874
893,IBM,2020-10-19,0 days 15:59:37.244259,508949,125.47,125.42,650,300,4961,-2339
894,IBM,2020-10-19,0 days 15:59:38.245007,505652,125.5,125.46,420,150,-11097,4961
895,IBN,2020-10-19,0 days 15:59:46.236754,332092,11.32,11.31,64718,39399,18304,-11048
896,IBN,2020-10-19,0 days 15:59:47.235126,323396,11.32,11.31,64718,36599,-8696,18304
897,ICE,2020-10-19,0 days 15:55:22.245128,252018,98.62,98.58,882,400,-166,234
898,ICE,2020-10-19,0 days 15:57:38.247164,318316,98.57,98.51,600,500,-2012,4088
899,ICE,2020-10-19,0 days 15:59:28.247641,371670,98.5,98.42,200,700,-8834,5432
900,ICE,2020-10-19,0 days 15:59:32.247652,380504,98.49,98.45,100,300,1580,-3206
901,ICE,2020-10-19,0 days 15:59:35.247409,377998,98.47,98.44,100,300,-2506,1580
902,ICE,2020-10-19,0 days 15:59:38.247818,377984,98.49,98.45,100,300,-2520,4080
903,INFY,2020-10-19,0 days 15:55:00.246105,308651,15.15,15.14,29127,64201,3863,-41777
904,INFY,2020-10-19,0 days 15:55:01.249566,303414,15.15,15.14,27006,65046,-5237,3863
905,INFY,2020-10-19,0 days 15:55:11.246878,308651,15.15,15.14,27026,69746,210,-5237
906,INFY,2020-10-19,0 days 15:55:34.250596,308861,15.15,15.14,35206,65401,-1784,110
907,INFY,2020-10-19,0 days 15:55:38.250658,310645,15.15,15.14,40662,60354,25816,-584
908,INFY,2020-10-19,0 days 15:59:01.260665,349439,15.14,15.13,56809,63326,-14727,31487
909,INFY,2020-10-19,0 days 15:59:02.258916,334966,15.14,15.13,50109,65708,14473,-14727
910,INFY,2020-10-19,0 days 15:59:20.253180,350106,15.15,15.14,39006,85200,-1824,4755
911,INFY,2020-10-19,0 days 15:59:36.252767,374286,15.15,15.14,61756,104456,7835,-9265
912,INFY,2020-10-19,0 days 15:59:37.253056,373821,15.15,15.14,61756,104290,-465,7835
913,ING,2020-10-19,0 days 15:57:10.314016,29199,7.35,7.34,136810,101500,-346,2659
914,ING,2020-10-19,0 days 15:59:36.320783,43200,7.35,7.34,18898,295308,6491,-9906
915,INVH,2020-10-19,0 days 15:58:40.249681,216065,27.7,27.69,1168,3982,110080,-6720
916,INVH,2020-10-19,0 days 15:58:41.250176,211028,27.71,27.7,2325,1204,-3137,110080
917,INVH,2020-10-19,0 days 15:59:02.251588,327304,27.71,27.7,2811,3058,6386,-6908
918,INVH,2020-10-19,0 days 15:59:03.252271,315990,27.71,27.7,3138,2358,-11314,6386
919,INVH,2020-10-19,0 days 15:59:28.248779,334323,27.69,27.68,3269,1303,738,-1030
920,INVH,2020-10-19,0 days 15:59:33.249816,335561,27.69,27.68,3040,2703,-3462,1238
921,IP,2020-10-19,0 days 15:57:56.254749,231332,46.77,46.76,2016,1100,-840,1160
922,IP,2020-10-19,0 days 15:57:57.254526,230872,46.76,46.75,1223,1434,460,-840
923,IP,2020-10-19,0 days 15:58:01.256321,178432,46.73,46.72,1000,100,-47436,1464
924,IP,2020-10-19,0 days 15:59:19.252539,215860,46.74,46.73,628,200,-48137,2834
925,IP,2020-10-19,0 days 15:59:35.252782,263718,46.71,46.69,1300,2185,1055,-3446
926,IP,2020-10-19,0 days 15:59:45.254853,263830,46.71,46.7,100,3733,-201,1373
927,IP,2020-10-19,0 days 15:59:49.254460,260876,46.7,46.69,357,100,2654,-501
928,IP,2020-10-19,0 days 15:59:50.258888,263330,46.72,46.7,800,1100,-5046,2654
929,IPG,2020-10-19,0 days 15:56:13.313229,243997,17.75,17.74,5103,5377,-423,3977
930,IPG,2020-10-19,0 days 15:56:14.313320,240720,17.75,17.74,5103,5278,3277,-423
931,IPG,2020-10-19,0 days 15:58:32.317827,246186,17.75,17.74,2725,7692,-5281,7159
932,IPG,2020-10-19,0 days 15:58:33.319035,240267,17.75,17.74,3654,5692,5919,-5281
933,IPG,2020-10-19,0 days 15:58:59.319547,246380,17.75,17.74,5362,3320,-442,4541
934,IPG,2020-10-19,0 days 15:59:00.320859,242531,17.75,17.74,5597,3324,3849,-442
935,IPG,2020-10-19,0 days 15:59:05.319655,246857,17.75,17.74,5538,2410,-2932,4290
936,IPG,2020-10-19,0 days 15:59:06.320728,244289,17.75,17.74,5632,2910,2568,-2932
937,IPG,2020-10-19,0 days 15:59:09.322127,247257,17.74,17.73,3300,7104,-1856,2568
938,IPG,2020-10-19,0 days 15:59:10.321209,253722,17.74,17.73,3596,7463,435,-1856
939,IPOB,2020-10-19,0 days 15:54:44.235990,2376,21.15,21.08,246,100,-123,1177
940,IPOB,2020-10-19,0 days 15:55:00.237343,4399,21.21,21.15,100,100,277,-123
941,IPOB,2020-10-19,0 days 15:58:08.244680,4707,21.13,21.12,100,179,-909,1460
942,IPOB,2020-10-19,0 days 15:58:09.244047,4516,21.13,21.12,100,179,191,-909
943,IPOB,2020-10-19,0 days 15:58:26.243784,4707,21.23,21.13,200,200,-909,391
944,IPOB,2020-10-19,0 days 15:58:27.244270,4516,21.23,21.13,200,200,191,-909
945,IPOB,2020-10-19,0 days 15:58:59.247877,4707,21.21,21.16,100,200,-219,191
946,IPOB,2020-10-19,0 days 15:59:00.251391,4526,21.21,21.16,100,200,150,-219
947,IPOB,2020-10-19,0 days 15:59:20.234416,4676,21.33,21.25,100,208,-419,50
948,IPOB,2020-10-19,0 days 15:59:21.234299,4595,21.33,21.25,100,208,81,-419
949,IPOB,2020-10-19,0 days 15:59:41.235385,4676,21.33,21.3,100,194,-219,81
950,IPOB,2020-10-19,0 days 15:59:42.235205,4595,21.33,21.3,100,194,81,-219
951,IPOB,2020-10-19,0 days 15:59:46.236901,4676,21.38,21.15,900,300,-99,81
952,IPOB,2020-10-19,0 days 15:59:47.235255,4575,21.38,21.15,900,300,101,-99
953,ITUB,2020-10-19,0 days 15:59:15.239079,362351,4.14,4.13,824126,138220,-5129,174865
954,ITUB,2020-10-19,0 days 15:59:20.234441,367480,4.14,4.13,817926,156970,16802,-5129
955,ITUB,2020-10-19,0 days 15:59:36.234746,389016,4.14,4.13,848926,129709,-7774,14826
956,ITUB,2020-10-19,0 days 15:59:46.236928,383640,4.14,4.13,791372,94414,676,-5024
957,ITUB,2020-10-19,0 days 15:59:47.235277,384316,4.14,4.13,791372,109114,-83963,676
958,IVR,2020-10-19,0 days 15:55:00.309935,95557,2.76,2.75,57404,27865,1028,-9721
959,IVR,2020-10-19,0 days 15:59:49.322150,134318,2.75,2.74,103348,5350,300,-3900
960,JCI,2020-10-19,0 days 15:58:21.249759,651369,42.41,42.4,400,3239,-1419,11081
961,JCI,2020-10-19,0 days 15:58:22.250763,643588,42.42,42.41,2630,2604,7781,-1419
962,JCI,2020-10-19,0 days 15:58:31.250389,644369,42.43,42.42,3078,2038,7000,-700
963,JCI,2020-10-19,0 days 15:59:15.250086,673465,42.46,42.45,1000,2528,-10058,978
964,JE,2020-10-19,0 days 15:59:01.251946,23588,5.75,5.74,500,986,1674,-139
965,JKS,2020-10-19,0 days 15:56:12.235690,55203,75.74,75.52,200,231,440,-1160
966,JKS,2020-10-19,0 days 15:56:13.235958,54243,75.68,75.52,200,631,-960,440
967,JKS,2020-10-19,0 days 15:56:35.236091,55203,75.63,75.53,200,100,513,-1087
968,JKS,2020-10-19,0 days 15:56:36.236168,54216,75.69,75.53,100,331,-987,513
969,JKS,2020-10-19,0 days 15:57:20.239050,58203,75.73,75.62,200,600,213,-1087
970,JKS,2020-10-19,0 days 15:57:21.238154,56916,75.82,75.7,200,100,-1287,213
971,JKS,2020-10-19,0 days 15:57:52.238200,59203,75.88,75.63,100,580,473,-143
972,JKS,2020-10-19,0 days 15:57:53.237830,57876,75.88,75.63,100,580,-1527,473
973,JKS,2020-10-19,0 days 15:58:01.238685,59503,75.75,75.64,100,100,573,-627
974,JKS,2020-10-19,0 days 15:58:02.238590,58176,75.87,75.66,100,100,-1327,573
975,JKS,2020-10-19,0 days 15:58:07.238770,58103,75.86,75.67,200,931,151,-1449
976,JKS,2020-10-19,0 days 15:58:08.239708,56883,75.86,75.68,100,1100,-1320,151
977,JKS,2020-10-19,0 days 15:59:46.243222,68452,75.8,75.74,300,100,1066,-1291
978,JKS,2020-10-19,0 days 15:59:47.241159,67418,75.81,75.68,100,591,-1034,1066
979,JMIA,2020-10-19,0 days 15:57:54.248395,92722,15.33,15.29,200,1047,-1093,1559
980,JMIA,2020-10-19,0 days 15:57:55.247909,86463,15.33,15.3,200,657,6259,-1093
981,JMIA,2020-10-19,0 days 15:58:02.248576,89202,15.32,15.3,300,1357,-913,2807
982,JMIA,2020-10-19,0 days 15:58:03.248382,84915,15.32,15.3,300,1357,4287,-913
983,JNJ,2020-10-19,0 days 15:55:00.311261,703140,144.26,144.25,100,100,30459,-14092
984,JNJ,2020-10-19,0 days 15:55:44.312606,749687,144.2,144.19,1812,213,-698,1398
985,JNJ,2020-10-19,0 days 15:55:45.312762,748785,144.2,144.19,1558,213,241,-698
986,JNJ,2020-10-19,0 days 15:56:52.314172,761857,144.21,144.19,600,900,229,-410
987,JNJ,2020-10-19,0 days 15:57:11.314941,761279,144.2,144.19,400,200,1468,-893
988,JNJ,2020-10-19,0 days 15:57:35.315533,769727,144.4,144.38,100,100,-10952,1187
989,JNJ,2020-10-19,0 days 15:57:36.315566,768179,144.41,144.38,400,629,1548,-10952
990,JNJ,2020-10-19,0 days 15:57:42.315283,777540,144.39,144.38,506,1844,-859,4041
991,JNJ,2020-10-19,0 days 15:57:43.317135,775699,144.38,144.36,420,100,1841,-859
992,JNJ,2020-10-19,0 days 15:57:55.316666,763899,144.46,144.43,700,220,10442,-1148
993,JNJ,2020-10-19,0 days 15:57:59.318053,775151,144.42,144.4,774,600,-5316,681
994,JNJ,2020-10-19,0 days 15:58:00.317095,773467,144.42,144.4,700,400,1613,-5316
995,JNJ,2020-10-19,0 days 15:58:02.317157,773361,144.42,144.4,200,600,-106,6484
996,JNJ,2020-10-19,0 days 15:58:05.318268,771267,144.48,144.46,500,300,1284,-516
997,JNJ,2020-10-19,0 days 15:58:11.317616,769186,144.54,144.53,136,655,384,-4175
998,JNJ,2020-10-19,0 days 15:58:13.317572,769570,144.55,144.52,700,800,-316,384
999,JNJ,2020-10-19,0 days 15:58:14.317822,764086,144.52,144.49,800,200,9884,-316
1000,JNJ,2020-10-19,0 days 15:58:15.317579,769711,144.51,144.49,400,100,-75,9884
1001,JNJ,2020-10-19,0 days 15:58:18.317268,769486,144.5,144.47,900,200,226,-2835
1002,JNJ,2020-10-19,0 days 15:58:22.320567,769711,144.54,144.52,200,400,-1775,825
1003,JNJ,2020-10-19,0 days 15:58:23.317503,769186,144.54,144.52,201,200,384,-1775
1004,JNJ,2020-10-19,0 days 15:58:39.318601,769711,144.54,144.51,200,410,-1843,757
1005,JNJ,2020-10-19,0 days 15:58:40.318445,769154,144.53,144.51,100,410,416,-1843
1006,JNJ,2020-10-19,0 days 15:58:44.319458,769711,144.52,144.51,100,200,-843,958
1007,JNJ,2020-10-19,0 days 15:58:48.318772,769054,144.56,144.54,263,200,40,-1984
1008,JNJ,2020-10-19,0 days 15:59:05.319666,782688,144.56,144.53,600,165,-9026,4806
1009,JPM,2020-10-19,0 days 15:59:15.251634,1501028,99.95,99.94,710,800,-282765,305842
1010,JPM,2020-10-19,0 days 15:59:33.245445,1661028,99.77,99.76,1911,100,5768,-1522
1011,JPM,2020-10-19,0 days 15:59:35.245519,1647496,99.77,99.75,511,3500,-15664,8368
1012,JPM,2020-10-19,0 days 15:59:49.246741,1663118,99.71,99.7,1700,100,-1026,6674
1013,JPM,2020-10-19,0 days 15:59:55.246715,1662744,99.63,99.62,638,900,5633,-1926
1014,JPM,2020-10-19,0 days 15:59:56.246633,1662303,99.68,99.66,600,400,-441,5633
1015,JWN,2020-10-19,0 days 15:59:09.247139,199972,12.18,12.17,986,12409,2564,-4415
1016,JWN,2020-10-19,0 days 15:59:10.246134,193736,12.18,12.17,1200,12636,-6236,2564
1017,JWN,2020-10-19,0 days 15:59:17.244208,201272,12.19,12.18,9010,1817,6713,-4736
1018,JWN,2020-10-19,0 days 15:59:18.244176,195985,12.19,12.18,8600,4804,-9787,6713
1019,JWN,2020-10-19,0 days 15:59:48.246364,203265,12.18,12.17,9491,11693,-2507,3693
1020,KEY,2020-10-19,0 days 15:55:00.244573,336014,12.78,12.77,21872,19396,38867,-97738
1021,KEY,2020-10-19,0 days 15:55:21.246576,348466,12.79,12.78,12075,30547,-9454,9496
1022,KEY,2020-10-19,0 days 15:55:22.246662,338970,12.79,12.78,12387,28617,9501,-9454
1023,KEY,2020-10-19,0 days 15:55:36.247066,349271,12.79,12.78,20773,18706,-6882,10301
1024,KEY,2020-10-19,0 days 15:55:49.247634,356153,12.79,12.78,16039,24668,2420,-2017
1025,KEY,2020-10-19,0 days 15:56:11.247586,358573,12.8,12.79,27273,29622,-860,170
1026,KEY,2020-10-19,0 days 15:57:35.249612,380123,12.8,12.79,26115,22620,4879,-9210
1027,KEY,2020-10-19,0 days 15:57:36.248872,363502,12.8,12.79,24676,22844,-16621,4879
1028,KEY,2020-10-19,0 days 15:58:24.250169,400545,12.8,12.79,31889,12967,714,-2486
1029,KEY,2020-10-19,0 days 15:58:25.250534,398059,12.8,12.79,27589,15167,-2486,714
1030,KEY,2020-10-19,0 days 15:58:29.250572,400545,12.8,12.79,30636,16627,714,-2486
1031,KEY,2020-10-19,0 days 15:58:30.250807,398059,12.8,12.79,25206,17307,-2486,714
1032,KEY,2020-10-19,0 days 15:59:42.248642,482628,12.79,12.78,19860,31169,-3768,14232
1033,KEY,2020-10-19,0 days 15:59:46.247840,486362,12.79,12.78,20326,27869,10786,-3034
1034,KEY,2020-10-19,0 days 15:59:47.246009,483248,12.79,12.78,21951,28116,-3114,10786
1035,KIM,2020-10-19,0 days 15:59:15.246795,605565,10.91,10.9,3277,28388,159485,-157850
1036,KMI,2020-10-19,0 days 15:55:14.251035,969384,12.71,12.7,31841,64517,77894,-90206
1037,KMI,2020-10-19,0 days 15:55:15.248235,949678,12.71,12.7,24305,59317,-21114,77894
1038,KMI,2020-10-19,0 days 15:57:11.253022,987857,12.71,12.7,52567,17507,1177,-1604
1039,KMI,2020-10-19,0 days 15:57:12.253452,974283,12.71,12.7,55432,12907,-13574,1177
1040,KMI,2020-10-19,0 days 15:59:16.253858,1201569,12.72,12.71,48144,15767,215946,-51415
1041,KMI,2020-10-19,0 days 15:59:17.252920,1198015,12.72,12.71,44983,29665,-3554,215946
1042,KMI,2020-10-19,0 days 15:59:26.253186,1207798,12.72,12.71,22863,40305,4805,-9495
1043,KMI,2020-10-19,0 days 15:59:27.252236,1202403,12.72,12.71,27804,41905,-5395,4805
1044,KNX,2020-10-19,0 days 15:57:44.243146,184023,39.25,39.24,1005,310,-76,1624
1045,KNX,2020-10-19,0 days 15:57:45.242723,182699,39.25,39.24,405,242,1324,-76
1046,KNX,2020-10-19,0 days 15:58:00.244151,177178,39.26,39.24,597,946,-5921,937
1047,KNX,2020-10-19,0 days 15:58:20.247083,170811,39.22,39.2,1460,273,-426,174
1048,KNX,2020-10-19,0 days 15:58:21.244097,170637,39.21,39.2,300,100,174,-426
1049,KNX,2020-10-19,0 days 15:58:23.244138,170811,39.22,39.21,484,200,-726,174
1050,KNX,2020-10-19,0 days 15:58:27.244538,169537,39.22,39.21,384,497,1274,-826
1051,KNX,2020-10-19,0 days 15:59:02.246498,174524,39.23,39.2,500,1398,-109,170
1052,KNX,2020-10-19,0 days 15:59:03.246026,174478,39.23,39.2,600,1380,46,-109
1053,KNX,2020-10-19,0 days 15:59:04.246934,174424,39.23,39.2,600,1380,-54,46
1054,KNX,2020-10-19,0 days 15:59:05.245807,174078,39.23,39.2,600,1480,346,-54
1055,KNX,2020-10-19,0 days 15:59:08.246557,174424,39.23,39.2,400,839,-11701,346
1056,KNX,2020-10-19,0 days 15:59:17.244332,188025,39.23,39.21,792,700,5341,-14189
1057,KNX,2020-10-19,0 days 15:59:18.244272,189066,39.23,39.22,200,100,-957,5341
1058,KNX,2020-10-19,0 days 15:59:39.245585,183347,39.23,39.2,300,1851,-8871,329
1059,KO,2020-10-19,0 days 15:58:01.248760,1245248,49.53,49.52,4992,6600,8924,-7576
1060,KO,2020-10-19,0 days 15:58:02.248700,1234872,49.53,49.52,3246,7300,-10376,8924
1061,KO,2020-10-19,0 days 15:58:04.249186,1245248,49.54,49.53,6454,7454,24,-10376
1062,KO,2020-10-19,0 days 15:58:27.249731,1249434,49.57,49.56,4269,8080,590,-9710
1063,KO,2020-10-19,0 days 15:59:21.248696,1408915,49.61,49.6,2600,13057,-4432,16768
1064,KO,2020-10-19,0 days 15:59:30.250735,1386946,49.6,49.59,6623,5055,-2101,21599
1065,KO,2020-10-19,0 days 15:59:37.247167,1396443,49.58,49.57,10695,4840,7164,-2975
1066,KO,2020-10-19,0 days 15:59:38.247807,1394807,49.58,49.57,1122,13858,-1636,7164
1067,KO,2020-10-19,0 days 15:59:44.247888,1402862,49.59,49.58,1900,13293,-1781,3819
1068,KO,2020-10-19,0 days 15:59:45.249673,1406643,49.6,49.59,6591,10428,3979,-1781
1069,KODK,2020-10-19,0 days 15:58:43.258355,61543,8.91,8.9,3236,1830,3786,-1214
1070,KODK,2020-10-19,0 days 15:58:44.257997,60829,8.91,8.9,500,2523,-714,3786
1071,KODK,2020-10-19,0 days 15:59:00.262131,59687,8.9,8.89,10752,403,-556,444
1072,KR,2020-10-19,0 days 15:59:16.237470,576286,33.88,33.87,5370,5004,-70532,15654
1073,KR,2020-10-19,0 days 15:59:17.237024,564070,33.87,33.86,5103,6145,12216,-70532
1074,KR,2020-10-19,0 days 15:59:30.237163,576593,33.89,33.88,5420,3454,-22274,4166
1075,KR,2020-10-19,0 days 15:59:31.235485,571367,33.89,33.88,5200,3420,6718,-22274
1076,KSS,2020-10-19,0 days 15:55:00.310713,166847,19.36,19.35,9368,3068,-805,5492
1077,KSS,2020-10-19,0 days 15:58:02.317131,181559,19.38,19.37,4949,1219,4478,-2934
1078,KSS,2020-10-19,0 days 15:58:03.316712,178837,19.38,19.37,5319,500,-1367,4478
1079,KSU,2020-10-19,0 days 15:59:17.244332,77137,179.54,179.33,300,100,641,-59
1080,KSU,2020-10-19,0 days 15:59:18.244272,75878,179.54,179.42,300,285,-1259,641
1081,KSU,2020-10-19,0 days 15:59:46.247666,78345,179.6,179.47,200,100,1633,-7
1082,KSU,2020-10-19,0 days 15:59:47.245355,77478,179.59,179.47,216,100,-867,1633
1083,KSU,2020-10-19,0 days 15:59:49.245889,78345,179.6,179.5,200,300,133,-867
1084,KSU,2020-10-19,0 days 15:59:50.250041,75278,179.6,179.52,200,300,-3067,133
1085,LAC,2020-10-19,0 days 15:55:30.250842,21776,12.74,12.71,1200,700,-447,353
1086,LAC,2020-10-19,0 days 15:55:31.250228,21623,12.74,12.71,1200,700,153,-447
1087,LAC,2020-10-19,0 days 15:57:11.252712,21776,12.79,12.76,200,600,-721,179
1088,LAC,2020-10-19,0 days 15:57:12.253420,21597,12.79,12.76,200,600,995,-721
1089,LAC,2020-10-19,0 days 15:58:00.257072,22776,12.82,12.79,400,300,-321,383
1090,LAC,2020-10-19,0 days 15:58:01.256321,22497,12.82,12.8,300,300,279,-321
1091,LB,2020-10-19,0 days 15:59:16.248942,1193374,33.18,33.17,1113,200,86545,-535714
1092,LB,2020-10-19,0 days 15:59:17.248470,1176619,33.21,33.19,400,400,-16755,86545
1093,LB,2020-10-19,0 days 15:59:30.250588,1203283,33.2,33.19,863,1200,51365,-2022
1094,LB,2020-10-19,0 days 15:59:31.247896,1195450,33.2,33.19,1006,700,-1833,51365
1095,LEN,2020-10-19,0 days 15:59:29.246961,466230,82.5,82.41,541,100,316,-3784
1096,LEN,2020-10-19,0 days 15:59:31.247763,469016,82.49,82.42,220,100,-1314,14386
1097,LEN,2020-10-19,0 days 15:59:34.247266,470330,82.49,82.43,778,300,21334,-1314
1098,LEN,2020-10-19,0 days 15:59:40.248221,479503,82.52,82.51,204,100,-21494,473
1099,LEN,2020-10-19,0 days 15:59:41.247239,479197,82.52,82.47,325,100,628,-21494
1100,LEN,2020-10-19,0 days 15:59:43.247050,479718,82.53,82.5,400,100,-479,314
1101,LEN,2020-10-19,0 days 15:59:45.249382,479495,82.55,82.53,180,100,462,-131
1102,LEN,2020-10-19,0 days 15:59:47.246568,474352,82.55,82.5,1079,276,-4394,11
1103,LEN,2020-10-19,0 days 15:59:48.247781,478646,82.53,82.5,100,100,8138,-4394
1104,LLY,2020-10-19,0 days 15:57:35.315533,626952,142.76,142.73,100,237,-4658,3242
1105,LLY,2020-10-19,0 days 15:57:37.316385,626125,142.76,142.73,400,137,827,-1073
1106,LLY,2020-10-19,0 days 15:57:38.315315,626952,142.75,142.71,201,158,-712,827
1107,LLY,2020-10-19,0 days 15:57:39.315627,626264,142.75,142.7,201,100,688,-712
1108,LLY,2020-10-19,0 days 15:57:45.315566,627052,142.74,142.7,200,200,-712,5988
1109,LLY,2020-10-19,0 days 15:57:46.316331,625064,142.74,142.7,300,200,3988,-712
1110,LLY,2020-10-19,0 days 15:57:47.316104,627252,142.74,142.7,300,200,-112,3988
1111,LLY,2020-10-19,0 days 15:57:51.317076,627535,142.74,142.7,641,300,417,-283
1112,LLY,2020-10-19,0 days 15:57:52.316135,627052,142.74,142.7,541,606,-483,417
1113,LLY,2020-10-19,0 days 15:57:53.315737,627535,142.74,142.71,400,300,2317,-483
1114,LLY,2020-10-19,0 days 15:57:54.317312,627452,142.76,142.74,470,100,-1283,2317
1115,LLY,2020-10-19,0 days 15:58:00.317108,628253,142.73,142.7,100,206,3399,-29
1116,LLY,2020-10-19,0 days 15:58:01.317702,627052,142.73,142.7,200,200,-9201,3399
1117,LLY,2020-10-19,0 days 15:58:19.317292,630745,142.8,142.75,100,454,354,-446
1118,LLY,2020-10-19,0 days 15:58:20.318533,630599,142.8,142.75,100,654,-146,354
1119,LLY,2020-10-19,0 days 15:59:01.319866,628659,142.87,142.82,601,232,602,-1344
1120,LLY,2020-10-19,0 days 15:59:05.319677,629778,142.82,142.77,579,100,-3978,1023
1121,LLY,2020-10-19,0 days 15:59:14.321989,664365,142.85,142.76,500,200,1357,-2478
1122,LLY,2020-10-19,0 days 15:59:15.322870,662182,142.8,142.77,100,100,-2183,1357
1123,LLY,2020-10-19,0 days 15:59:37.320780,669630,142.66,142.61,650,100,2047,-2253
1124,LTHM,2020-10-19,0 days 15:55:26.239569,95681,10.16,10.15,6941,741,-15650,1150
1125,LTHM,2020-10-19,0 days 15:55:27.239115,94331,10.15,10.14,5800,1342,1350,-15650
1126,LTHM,2020-10-19,0 days 15:55:36.240206,97581,10.15,10.14,6200,1142,-26,2050
1127,LTHM,2020-10-19,0 days 15:55:37.239577,96407,10.15,10.14,6600,742,874,-26
1128,LTHM,2020-10-19,0 days 15:55:55.239736,97581,10.14,10.13,3738,1104,-26,874
1129,LTHM,2020-10-19,0 days 15:55:56.239974,96407,10.14,10.13,3738,1104,874,-26
1130,LTHM,2020-10-19,0 days 15:56:25.241058,102637,10.15,10.14,3500,2248,-211,1389
1131,LTHM,2020-10-19,0 days 15:56:26.240313,101348,10.15,10.14,3500,2248,989,-211
1132,LUMN,2020-10-19,0 days 15:58:05.260093,674301,9.62,9.61,5321,29694,-14113,5487
1133,LUMN,2020-10-19,0 days 15:59:30.256116,823083,9.62,9.61,11002,19972,20085,-29920
1134,LUMN,2020-10-19,0 days 15:59:31.253992,808368,9.62,9.61,16164,19009,-14715,20085
1135,LUV,2020-10-19,0 days 15:58:58.251804,434791,39.86,39.85,800,3404,-1219,310
1136,LUV,2020-10-19,0 days 15:58:59.251852,428810,39.86,39.85,600,3704,5981,-1219
1137,LUV,2020-10-19,0 days 15:59:08.253604,435506,39.86,39.85,703,2604,-629,2028
1138,LUV,2020-10-19,0 days 15:59:17.249513,433547,39.86,39.85,200,1730,2859,-17841
1139,LUV,2020-10-19,0 days 15:59:35.250903,437036,39.86,39.85,2968,850,-335,641
1140,LUV,2020-10-19,0 days 15:59:39.250653,415171,39.85,39.84,5175,1000,21865,-335
1141,M,2020-10-19,0 days 15:55:00.245634,237088,6.06,6.05,69487,42699,-6138,25405
1142,M,2020-10-19,0 days 15:58:00.251109,249039,6.09,6.08,26050,76620,6120,-8803
1143,M,2020-10-19,0 days 15:58:01.250130,191859,6.09,6.08,25250,70020,-57180,6120
1144,M,2020-10-19,0 days 15:59:08.253839,352589,6.09,6.08,9659,116255,8069,-15509
1145,MA,2020-10-19,0 days 15:59:34.249482,395233,331.46,331.35,100,400,9293,-5216
1146,MA,2020-10-19,0 days 15:59:35.249401,389216,331.51,331.39,671,400,-6017,9293
1147,MA,2020-10-19,0 days 15:59:37.249135,395233,331.63,331.39,100,448,483,-1217
1148,MA,2020-10-19,0 days 15:59:39.250551,389616,331.69,331.49,100,300,-5617,483
1149,MA,2020-10-19,0 days 15:59:40.250428,395233,331.45,331.21,400,100,6393,-5617
1150,MA,2020-10-19,0 days 15:59:41.249826,394326,331.49,331.31,100,100,-907,6393
1151,MA,2020-10-19,0 days 15:59:46.251528,395486,331.49,331.31,578,100,1788,-4023
1152,MA,2020-10-19,0 days 15:59:47.249734,394474,331.49,331.31,428,100,-1012,1788
1153,MA,2020-10-19,0 days 15:59:48.250545,395486,331.49,331.33,326,400,3927,-1012
1154,MA,2020-10-19,0 days 15:59:49.250345,394713,331.57,331.33,426,555,-773,3927
1155,MAC,2020-10-19,0 days 15:59:01.253518,192828,7.27,7.26,11309,1086,2240,-7554
1156,MAC,2020-10-19,0 days 15:59:16.250368,184955,7.27,7.26,11042,1703,-8873,12727
1157,MCD,2020-10-19,0 days 15:59:16.246270,392942,225.92,225.83,213,420,60816,-25436
1158,MCD,2020-10-19,0 days 15:59:31.244787,420125,226.11,226.08,330,200,-189,1749
1159,MCD,2020-10-19,0 days 15:59:32.245265,420314,226.1,226.08,613,300,911,-189
1160,MCD,2020-10-19,0 days 15:59:33.245099,420225,226.1,226.08,613,415,-89,911
1161,MCD,2020-10-19,0 days 15:59:40.245540,420314,226.1,226.08,100,300,12,-188
1162,MCD,2020-10-19,0 days 15:59:42.244867,419126,226.07,226.0,212,900,-1188,1112
1163,MCD,2020-10-19,0 days 15:59:43.244819,420314,226.07,225.98,200,900,912,-1188
1164,MCD,2020-10-19,0 days 15:59:45.246973,420546,226.13,226.08,300,200,-1787,318
1165,MCD,2020-10-19,0 days 16:00:00.240177,420572,226.43,225.72,100,300,1126,-1187
1166,MDT,2020-10-19,0 days 15:55:01.249693,468757,108.23,108.21,100,100,-847,1927
1167,MDT,2020-10-19,0 days 15:55:02.246992,465055,108.21,108.18,100,200,3702,-847
1168,MDT,2020-10-19,0 days 15:55:10.247582,468757,108.25,108.22,223,300,-74,140
1169,MDT,2020-10-19,0 days 15:55:16.248806,464403,108.24,108.22,100,100,4354,-1246
1170,MDT,2020-10-19,0 days 15:55:44.250807,470375,108.19,108.16,340,500,-124,3374
1171,MDT,2020-10-19,0 days 15:55:45.250745,470499,108.19,108.16,906,500,289,-124
1172,MDT,2020-10-19,0 days 15:57:23.253637,469716,108.26,108.23,400,415,3386,-714
1173,MDT,2020-10-19,0 days 15:57:34.254413,474230,108.32,108.3,200,200,-9386,1328
1174,MDT,2020-10-19,0 days 15:57:35.255316,470116,108.32,108.29,200,500,11914,-9386
1175,MDT,2020-10-19,0 days 15:57:40.254759,489830,108.33,108.32,101,268,-686,3414
1176,MDT,2020-10-19,0 days 15:57:41.254127,486216,108.35,108.31,400,1305,3614,-686
1177,MDT,2020-10-19,0 days 15:57:45.254188,489830,108.33,108.31,175,1005,-2986,3614
1178,MDT,2020-10-19,0 days 15:57:46.255797,486216,108.33,108.3,400,200,3614,-2986
1179,MDT,2020-10-19,0 days 15:57:55.255183,486214,108.32,108.3,100,402,3616,-584
1180,MDT,2020-10-19,0 days 15:58:02.256157,475463,108.32,108.27,310,300,-9078,1953
1181,MDT,2020-10-19,0 days 15:58:03.255651,472943,108.32,108.28,690,100,2520,-9078
1182,MDT,2020-10-19,0 days 15:59:15.257123,516277,108.48,108.41,100,400,1706,-6307
1183,MDT,2020-10-19,0 days 15:59:22.253402,508825,108.49,108.45,100,100,9583,-6375
1184,MDT,2020-10-19,0 days 15:59:30.256050,530218,108.42,108.37,950,600,-4981,4678
1185,MDT,2020-10-19,0 days 15:59:31.253911,528699,108.42,108.4,600,100,1421,-4981
1186,MDT,2020-10-19,0 days 15:59:44.254138,520299,108.51,108.45,100,500,-11201,539
1187,MDT,2020-10-19,0 days 15:59:46.255656,519711,108.54,108.48,1278,300,153,-8948
1188,MET,2020-10-19,0 days 15:55:20.242166,393039,39.0,38.99,5412,1712,-3247,1253
1189,MET,2020-10-19,0 days 15:55:21.242335,391086,39.0,38.99,5986,909,2495,-3247
1190,MET,2020-10-19,0 days 15:57:22.242247,390263,39.07,39.06,1828,5369,941,-1259
1191,MET,2020-10-19,0 days 15:57:35.243388,391204,39.06,39.05,1121,4362,-1559,941
1192,MET,2020-10-19,0 days 15:57:36.243019,390563,39.06,39.05,1404,4762,1047,-1559
1193,MET,2020-10-19,0 days 15:57:37.243666,391610,39.06,39.05,1404,4362,-1053,1047
1194,MET,2020-10-19,0 days 15:57:38.242611,391163,39.06,39.05,1604,3765,447,-1053
1195,MET,2020-10-19,0 days 15:57:58.244521,394304,39.06,39.05,5115,246,1306,-294
1196,MET,2020-10-19,0 days 15:57:59.243685,394010,39.06,39.05,4486,800,-194,1306
1197,MET,2020-10-19,0 days 15:58:06.244869,394424,39.08,39.07,2213,4068,-280,3320
1198,MET,2020-10-19,0 days 15:58:17.244777,397924,39.07,39.06,3266,597,-296,5704
1199,MET,2020-10-19,0 days 15:58:18.244476,398220,39.07,39.06,3298,2503,4,-296
1200,MET,2020-10-19,0 days 15:58:19.244618,395524,39.07,39.06,2998,1592,-2596,4
1201,MET,2020-10-19,0 days 15:58:22.245181,398220,39.07,39.06,1129,4139,1104,-296
1202,MET,2020-10-19,0 days 15:58:23.244721,397624,39.08,39.07,3470,400,-596,1104
1203,MET,2020-10-19,0 days 15:58:44.244644,397924,39.07,39.06,3285,600,-296,5704
1204,MET,2020-10-19,0 days 15:59:30.246489,508931,39.09,39.08,2585,2664,-5142,3783
1205,MET,2020-10-19,0 days 15:59:31.244974,507973,39.09,39.08,3348,697,958,-5142
1206,MET,2020-10-19,0 days 15:59:45.247258,508631,39.09,39.08,1425,4186,-4695,1572
1207,MET,2020-10-19,0 days 15:59:46.247164,504926,39.09,39.08,2357,3820,4191,-4695
1208,MFA,2020-10-19,0 days 15:59:16.244759,221530,2.84,2.83,151655,42462,4677,-9939
1209,MFA,2020-10-19,0 days 15:59:17.244332,216807,2.84,2.83,151655,44962,-3823,4677
1210,MGM,2020-10-19,0 days 15:55:40.239795,257039,20.78,20.77,6922,4618,-35438,5662
1211,MGM,2020-10-19,0 days 15:55:41.239389,253677,20.78,20.77,7222,2245,3362,-35438
1212,MGM,2020-10-19,0 days 15:55:48.239995,257039,20.79,20.78,6517,5673,-945,3255
1213,MGM,2020-10-19,0 days 15:55:49.239950,253684,20.79,20.78,6717,3600,3355,-945
1214,MGM,2020-10-19,0 days 15:57:11.240927,259700,20.81,20.8,6314,5210,-201,223
1215,MGM,2020-10-19,0 days 15:57:12.240642,256701,20.81,20.8,7330,4167,2999,-201
1216,MGM,2020-10-19,0 days 15:57:37.242372,259700,20.82,20.81,9148,1941,-2901,499
1217,MGM,2020-10-19,0 days 15:57:39.242531,257501,20.81,20.8,5022,7344,2199,-401
1218,MGM,2020-10-19,0 days 15:58:22.244788,259349,20.82,20.81,1966,6505,1514,-86
1219,MGM,2020-10-19,0 days 15:58:57.246961,260863,20.82,20.81,5783,3966,-1258,590
1220,MGM,2020-10-19,0 days 15:59:16.237662,265063,20.83,20.82,5343,2547,-23699,1174
1221,MMM,2020-10-19,0 days 15:55:44.247130,210316,169.28,169.22,100,200,-46,2035
1222,MMM,2020-10-19,0 days 15:55:50.247337,210371,169.3,169.26,202,500,1299,-22
1223,MMM,2020-10-19,0 days 15:57:38.248700,210929,169.56,169.55,305,100,-264,1136
1224,MMM,2020-10-19,0 days 15:57:39.249270,209760,169.53,169.5,300,200,1229,-264
1225,MMM,2020-10-19,0 days 15:57:55.249257,208293,169.56,169.54,136,200,2636,-804
1226,MMM,2020-10-19,0 days 15:58:10.252557,210524,169.68,169.63,200,800,-604,1285
1227,MMM,2020-10-19,0 days 15:58:11.250178,208128,169.66,169.63,200,200,2096,-604
1228,MMM,2020-10-19,0 days 15:58:57.251173,209994,169.74,169.72,160,200,1789,-960
1229,MMM,2020-10-19,0 days 15:58:58.251713,211783,169.74,169.72,260,190,-2682,1789
1230,MMM,2020-10-19,0 days 15:58:59.251794,210265,169.75,169.74,106,200,1518,-2682
1231,MMM,2020-10-19,0 days 15:59:03.252175,212679,169.67,169.53,600,144,-38099,2049
1232,MOS,2020-10-19,0 days 15:56:52.236919,350096,19.05,19.04,1684,6976,22,-968
1233,MOS,2020-10-19,0 days 15:56:56.236574,350118,19.05,19.04,380,9166,-1178,22
