,Symbol,Timestamp,TIME,iPaired,Ask_P,Bid_P,Ask_S,Bid_S,iShares,PreviShares
0,A,2020-11-02,0 days 15:58:15.239682,157053,105.24,105.19,100,100,-2848,1099
1,A,2020-11-02,0 days 15:58:16.240061,154101,105.24,105.17,100,188,2952,-2848
2,A,2020-11-02,0 days 15:59:10.242429,159800,105.01,104.98,565,100,-459,1963
3,A,2020-11-02,0 days 15:59:13.243064,160259,105.02,104.99,111,200,4469,-459
4,A,2020-11-02,0 days 15:59:30.245926,166161,105.17,105.12,294,150,-4338,184
5,A,2020-11-02,0 days 15:59:31.242379,163999,105.17,105.09,294,300,2162,-4338
6,A,2020-11-02,0 days 15:59:45.243193,166261,105.13,105.1,300,210,-1522,662
7,A,2020-11-02,0 days 15:59:46.243115,165083,105.11,105.05,192,400,1263,-1522
8,A,2020-11-02,0 days 15:59:58.244027,166246,105.28,105.18,300,1510,-2354,1046
9,AA,2020-11-02,0 days 15:55:00.503144,158973,13.62,13.61,3325,5688,3574,-51436
10,AA,2020-11-02,0 days 15:56:44.506027,167320,13.61,13.6,3881,10389,-1373,823
11,AA,2020-11-02,0 days 15:56:45.506176,165993,13.61,13.6,3781,11289,1327,-1373
12,AA,2020-11-02,0 days 15:58:15.508325,175622,13.61,13.6,8879,8651,-8642,1154
13,AA,2020-11-02,0 days 15:58:16.508383,174864,13.61,13.6,7301,3350,758,-8642
14,AA,2020-11-02,0 days 15:58:30.508875,175622,13.61,13.6,8703,3006,-7342,6758
15,AA,2020-11-02,0 days 15:58:31.508801,168864,13.61,13.6,8803,3006,6758,-7342
16,AA,2020-11-02,0 days 15:59:01.509838,177922,13.61,13.6,19198,711,-1187,5159
17,AA,2020-11-02,0 days 15:59:04.510759,174952,13.61,13.6,17002,1301,670,-3676
18,AA,2020-11-02,0 days 15:59:41.503263,216282,13.61,13.6,1306,12950,-2114,31230
19,AA,2020-11-02,0 days 15:59:48.504309,218440,13.61,13.6,5616,12305,351,-2158
20,AA,2020-11-02,0 days 15:59:49.504072,217295,13.61,13.6,2015,12195,-1145,351
21,ABT,2020-11-02,0 days 15:56:48.945065,567403,107.3,107.29,100,100,-550,455
22,ABT,2020-11-02,0 days 15:56:50.944280,566963,107.28,107.26,132,200,440,-550
23,ABT,2020-11-02,0 days 15:58:32.934426,580229,107.25,107.23,100,100,-2445,755
24,ABT,2020-11-02,0 days 15:58:58.934996,589407,107.16,107.13,151,206,-677,3036
25,ABT,2020-11-02,0 days 15:58:59.935542,587484,107.19,107.14,100,406,1923,-677
26,ABT,2020-11-02,0 days 15:59:11.934931,593056,107.19,107.13,100,300,-599,814
27,ABT,2020-11-02,0 days 15:59:12.936129,630055,107.22,107.13,100,200,2371,-599
28,ABT,2020-11-02,0 days 15:59:44.930742,740122,107.47,107.46,200,100,-3348,8470
29,ABT,2020-11-02,0 days 15:59:45.931414,740036,107.45,107.41,200,200,184,-3348
30,ABT,2020-11-02,0 days 15:59:48.932160,729644,107.47,107.45,200,200,12330,-8717
31,ACI,2020-11-02,0 days 15:55:00.942494,45766,14.65,14.64,900,600,3736,-1221
32,ACI,2020-11-02,0 days 15:55:42.944054,50221,14.67,14.66,1200,2175,-634,745
33,ACI,2020-11-02,0 days 15:55:43.943967,48765,14.67,14.66,1200,2286,956,-634
34,ACI,2020-11-02,0 days 15:59:05.937509,49246,14.68,14.67,1795,1098,-547,547
35,ACI,2020-11-02,0 days 15:59:06.935793,49093,14.67,14.66,826,667,153,-547
36,ACI,2020-11-02,0 days 15:59:12.936250,49546,14.67,14.66,826,431,-1747,153
37,ADM,2020-11-02,0 days 15:55:01.002009,315505,48.38,48.37,1100,735,-2338,15526
38,ADM,2020-11-02,0 days 15:55:01.997285,312243,48.38,48.37,700,1535,3262,-2338
39,ADM,2020-11-02,0 days 15:59:04.004180,358081,48.4,48.39,1000,962,-5551,5449
40,ADM,2020-11-02,0 days 15:59:05.004883,354775,48.39,48.37,1700,1400,3942,-5551
41,ADM,2020-11-02,0 days 15:59:15.003213,399211,48.42,48.4,2249,2399,5592,-372
42,ADM,2020-11-02,0 days 15:59:17.997974,393445,48.45,48.44,900,1571,5858,-3542
43,ADM,2020-11-02,0 days 15:59:27.994335,399975,48.49,48.47,2205,1699,-714,2136
44,ADM,2020-11-02,0 days 15:59:29.995440,395367,48.48,48.47,195,1999,4608,-714
45,ADM,2020-11-02,0 days 15:59:42.994959,398975,48.51,48.5,421,1961,-1381,377
46,ADM,2020-11-02,0 days 15:59:48.996650,393633,48.51,48.5,194,3682,5342,-562
47,ADT,2020-11-02,0 days 15:55:00.943619,91847,6.7,6.69,1739,5902,-18789,24771
48,ADT,2020-11-02,0 days 15:55:02.938829,91136,6.7,6.69,3539,6602,511,-15889
49,ADT,2020-11-02,0 days 15:55:39.944165,91747,6.7,6.69,4963,6484,-1689,511
50,ADT,2020-11-02,0 days 15:55:40.943496,91036,6.7,6.69,3186,7593,711,-1689
51,AEO,2020-11-02,0 days 15:56:13.085405,154071,14.43,14.42,4651,4211,-2391,4009
52,AEO,2020-11-02,0 days 15:56:14.085869,149562,14.43,14.42,4350,3900,4943,-2391
53,AEO,2020-11-02,0 days 15:57:43.078884,156305,14.43,14.42,3224,5289,-4288,1712
54,AEO,2020-11-02,0 days 15:57:44.078772,153393,14.43,14.42,3844,3416,4012,-4288
55,AEO,2020-11-02,0 days 15:59:24.079781,178137,14.41,14.4,3700,7546,-56406,2257
56,AES,2020-11-02,0 days 15:55:01.000818,318357,19.9,19.89,11122,9011,12593,-61392
57,AES,2020-11-02,0 days 15:55:02.997023,313750,19.91,19.9,5000,6910,-4607,40993
58,AES,2020-11-02,0 days 15:56:08.000724,322656,19.95,19.94,4497,13226,1344,-2956
59,AES,2020-11-02,0 days 15:56:09.001003,321521,19.95,19.94,4733,14829,-1435,1344
60,AES,2020-11-02,0 days 15:57:21.999089,324133,19.98,19.97,9246,4531,681,-120
61,AES,2020-11-02,0 days 15:57:22.999370,323320,19.98,19.97,9332,5285,-813,681
62,AES,2020-11-02,0 days 15:57:38.000291,323833,19.99,19.98,3048,9474,3087,-113
63,AES,2020-11-02,0 days 15:57:38.999790,323220,19.99,19.98,2605,10943,-613,3087
64,AES,2020-11-02,0 days 15:57:51.000466,323833,19.99,19.98,6976,7575,949,-151
65,AES,2020-11-02,0 days 15:57:52.000814,317282,19.99,19.98,7076,9106,-6551,949
66,AES,2020-11-02,0 days 15:57:56.000583,323833,19.99,19.98,7481,7826,449,-3151
67,AES,2020-11-02,0 days 15:57:57.000682,322982,19.99,19.98,6748,9534,-851,449
68,AES,2020-11-02,0 days 15:58:03.001717,323833,19.99,19.98,3646,11526,2454,-2551
69,AES,2020-11-02,0 days 15:58:04.002624,322287,19.99,19.98,2146,14005,-1546,2454
70,AES,2020-11-02,0 days 15:58:15.002298,323833,19.98,19.97,9174,3375,246,-1446
71,AES,2020-11-02,0 days 15:58:16.002151,320379,19.98,19.97,9264,5029,-3454,246
72,AES,2020-11-02,0 days 15:59:06.004534,326241,19.96,19.95,4625,10484,2535,-3171
73,AES,2020-11-02,0 days 15:59:07.004823,324976,19.96,19.95,5725,11890,-2470,2535
74,AES,2020-11-02,0 days 15:59:15.999525,327446,19.97,19.96,300,17832,54151,-2470
75,AFL,2020-11-02,0 days 15:55:00.227707,381938,35.43,35.42,461,3868,-12451,37378
76,AFL,2020-11-02,0 days 15:55:01.227141,371189,35.43,35.42,1363,4077,10749,-12451
77,AFL,2020-11-02,0 days 15:59:10.232714,422357,35.4,35.39,501,3477,-273,327
78,AFL,2020-11-02,0 days 15:59:13.233083,442630,35.4,35.39,600,3500,7205,-1073
79,AFL,2020-11-02,0 days 15:59:16.230905,448454,35.43,35.42,200,3100,-498,6805
80,AFL,2020-11-02,0 days 15:59:31.229534,439138,35.45,35.44,4300,500,7283,-2977
81,AG,2020-11-02,0 days 15:55:01.001247,72653,10.6,10.59,12029,23394,-25626,37112
82,AG,2020-11-02,0 days 15:55:01.997177,68179,10.6,10.59,11373,25480,4474,-25626
83,AG,2020-11-02,0 days 15:55:24.999361,72653,10.6,10.59,11433,29926,-139,4474
84,AG,2020-11-02,0 days 15:57:10.000341,74190,10.6,10.59,27097,4286,-402,498
85,AG,2020-11-02,0 days 15:57:10.999476,70192,10.6,10.59,27097,3286,3998,-402
86,AG,2020-11-02,0 days 15:59:37.995064,76412,10.6,10.59,21519,16686,-7886,2314
87,AG,2020-11-02,0 days 15:59:38.994927,74698,10.6,10.59,21519,16486,1714,-7886
88,AG,2020-11-02,0 days 15:59:45.995941,76412,10.6,10.59,10005,36722,-3886,1714
89,AGI,2020-11-02,0 days 15:55:00.112777,48926,9.47,9.46,15353,6968,-6862,6222
90,AGI,2020-11-02,0 days 15:55:01.112887,47388,9.47,9.46,16703,7868,1538,-6862
91,AGI,2020-11-02,0 days 15:58:01.115145,42254,9.46,9.45,24840,9491,-5574,1147
92,AGI,2020-11-02,0 days 15:58:02.115594,34728,9.46,9.45,24640,12120,7526,-5574
93,AGI,2020-11-02,0 days 15:59:01.117565,42254,9.46,9.45,6349,26486,-4874,6926
94,AGI,2020-11-02,0 days 15:59:02.118161,41428,9.46,9.45,6949,27486,826,-4874
95,AGI,2020-11-02,0 days 15:59:38.116616,47547,9.46,9.45,3662,37466,-5071,229
96,AGI,2020-11-02,0 days 15:59:39.115174,47218,9.46,9.45,6262,28781,329,-5071
97,AIG,2020-11-02,0 days 15:55:08.998862,410221,32.47,32.46,725,5733,17603,-6807
98,AIG,2020-11-02,0 days 15:55:09.998873,404724,32.47,32.46,1304,5633,-4907,17603
99,AIG,2020-11-02,0 days 15:55:30.999741,409731,32.47,32.46,2229,3201,2946,-1354
100,AIG,2020-11-02,0 days 15:55:31.999737,405077,32.47,32.46,2703,2388,-4654,2946
101,AIG,2020-11-02,0 days 15:57:34.000292,486365,32.38,32.37,2985,5180,74,-2726
102,AIG,2020-11-02,0 days 15:57:36.000854,483039,32.38,32.37,2775,4480,-3326,74
103,AIG,2020-11-02,0 days 15:58:16.002395,489761,32.39,32.38,1537,2701,893,-9307
104,AIG,2020-11-02,0 days 15:58:17.002145,482154,32.39,32.38,200,4221,-7607,893
105,AIG,2020-11-02,0 days 15:59:45.996230,523105,32.42,32.41,1500,1833,17723,-1809
106,AIG,2020-11-02,0 days 15:59:46.995449,520228,32.43,32.42,1000,2019,-3185,17723
107,AIV,2020-11-02,0 days 15:59:25.105462,3489634,32.02,31.99,100,172,-6001,88799
108,AIV,2020-11-02,0 days 15:59:26.105582,3400922,32.01,31.98,200,1520,108512,-6001
109,AIV,2020-11-02,0 days 16:00:00.158011,3426298,32.17,31.98,200,200,8180,-49069
110,ALK,2020-11-02,0 days 15:59:11.117461,94833,38.16,38.15,841,200,2264,-3229
111,ALK,2020-11-02,0 days 15:59:19.114548,96519,38.22,38.2,602,100,-2216,512
112,ALK,2020-11-02,0 days 15:59:20.114615,93797,38.22,38.2,502,100,2722,-2216
113,ALLY,2020-11-02,0 days 15:55:18.085486,220498,27.6,27.59,2622,1300,20192,-4691
114,ALLY,2020-11-02,0 days 15:55:19.085126,218390,27.6,27.59,2315,2442,-2108,20192
115,ALLY,2020-11-02,0 days 15:55:34.085042,221298,27.6,27.59,3099,1262,992,-2908
116,ALLY,2020-11-02,0 days 15:55:35.085130,219090,27.6,27.59,2081,4478,-2208,992
117,ALLY,2020-11-02,0 days 15:55:44.085050,221299,27.6,27.59,3431,2934,291,-1260
118,ALLY,2020-11-02,0 days 15:55:56.085241,221426,27.61,27.6,1032,2100,37440,-1357
119,ALLY,2020-11-02,0 days 15:57:16.079551,265073,27.59,27.58,4071,1314,-349,4151
120,ALLY,2020-11-02,0 days 15:57:17.079271,261722,27.59,27.58,4471,1168,3351,-349
121,ALLY,2020-11-02,0 days 15:57:21.080452,269363,27.59,27.58,6543,578,-2059,2865
122,ALLY,2020-11-02,0 days 15:57:22.080125,265622,27.59,27.58,6643,465,1596,-2059
123,ALLY,2020-11-02,0 days 15:59:17.077977,279124,27.57,27.56,600,4867,-4337,1946
124,ALLY,2020-11-02,0 days 15:59:18.077467,278161,27.57,27.56,1500,3867,963,-4337
125,ALLY,2020-11-02,0 days 15:59:43.078775,280657,27.58,27.57,2736,3271,-3217,190
126,AM,2020-11-02,0 days 15:55:58.505120,271407,5.59,5.58,5190,11664,-25,319
127,AMCR,2020-11-02,0 days 15:56:24.229554,650179,10.84,10.83,25935,21148,-50125,14275
128,AMCR,2020-11-02,0 days 15:56:25.228903,635904,10.84,10.83,25835,15837,16174,-50125
129,AMCR,2020-11-02,0 days 15:59:05.234091,707153,10.83,10.82,13815,25865,-1455,13687
130,AMCR,2020-11-02,0 days 15:59:13.233154,708931,10.83,10.82,20694,16915,4972,-1778
131,AMCR,2020-11-02,0 days 15:59:30.232347,715003,10.83,10.82,7955,21399,-5450,4987
132,AMCR,2020-11-02,0 days 15:59:31.229608,703086,10.83,10.82,7955,36199,9617,-5450
133,AMWL,2020-11-02,0 days 15:55:01.011544,23128,25.34,25.26,191,200,-18470,21537
134,AMWL,2020-11-02,0 days 15:55:02.006154,21998,25.34,25.26,492,310,1130,-18470
135,AMWL,2020-11-02,0 days 15:55:19.007359,42831,25.34,25.24,522,100,-3767,1130
136,AMX,2020-11-02,0 days 15:56:44.506027,17910,11.89,11.88,3940,10734,-1771,429
137,AMX,2020-11-02,0 days 15:56:45.506176,17181,11.89,11.88,4561,10000,729,-1771
138,AMX,2020-11-02,0 days 15:59:19.504127,19390,11.91,11.9,5421,22587,-491,647
139,AON,2020-11-02,0 days 15:55:00.084610,116993,180.91,180.7,300,205,34634,-8961
140,AON,2020-11-02,0 days 15:55:01.083920,116127,180.9,180.62,100,109,-866,34634
141,AON,2020-11-02,0 days 15:57:36.078652,166029,180.61,180.51,645,119,699,-1401
142,AON,2020-11-02,0 days 15:57:37.082615,163628,180.76,180.49,213,100,-2801,699
143,AON,2020-11-02,0 days 15:58:14.081374,166029,180.63,180.55,401,100,84,-1716
144,AON,2020-11-02,0 days 15:58:17.081479,163507,180.71,180.61,364,200,-3512,788
145,AON,2020-11-02,0 days 15:58:39.082236,163896,180.5,180.45,335,300,-2718,1582
146,AON,2020-11-02,0 days 15:58:57.082126,166890,180.6,180.45,200,247,604,-2801
147,AON,2020-11-02,0 days 15:58:58.082511,164194,180.6,180.46,100,100,-2696,604
148,AON,2020-11-02,0 days 15:59:04.085576,167244,180.52,180.47,309,100,25,-3263
149,AON,2020-11-02,0 days 15:59:05.084422,165074,180.52,180.48,377,100,-514,25
150,AON,2020-11-02,0 days 15:59:06.084101,165539,180.52,180.46,377,100,1735,-514
151,AON,2020-11-02,0 days 15:59:13.084043,155852,180.81,180.5,100,400,-9692,1735
152,AON,2020-11-02,0 days 15:59:20.077376,166443,180.69,180.47,200,746,2794,-1745
153,AON,2020-11-02,0 days 15:59:21.077401,165837,180.69,180.47,200,746,-606,2794
154,AON,2020-11-02,0 days 15:59:23.077806,168839,180.69,180.49,100,400,64,-506
155,AON,2020-11-02,0 days 15:59:28.078236,170067,180.69,180.53,469,300,-568,828
156,AON,2020-11-02,0 days 15:59:47.078922,176709,180.65,180.57,269,400,761,-3380
157,AON,2020-11-02,0 days 15:59:48.084224,177711,180.65,180.54,250,500,-541,761
158,AON,2020-11-02,0 days 15:59:51.080713,179757,180.73,180.44,100,500,2954,-446
159,AON,2020-11-02,0 days 15:59:54.081038,179311,180.76,180.48,200,100,-446,2954
160,APLE,2020-11-02,0 days 15:59:04.111236,134853,10.2,10.19,3949,3033,474,-1848
161,APLE,2020-11-02,0 days 15:59:05.111765,134127,10.2,10.19,4206,2733,-726,474
162,APLE,2020-11-02,0 days 15:59:19.104967,137853,10.2,10.19,3559,4123,3413,-708
163,APLE,2020-11-02,0 days 15:59:20.105586,137466,10.2,10.19,3354,4123,-387,3413
164,APO,2020-11-02,0 days 15:59:10.083977,72691,38.3,38.29,100,125,-570,830
165,APO,2020-11-02,0 days 15:59:13.084043,69161,38.33,38.31,100,864,930,-1970
166,APO,2020-11-02,0 days 15:59:24.079826,73135,38.38,38.36,100,564,-21,679
167,APO,2020-11-02,0 days 15:59:30.080976,72124,38.36,38.34,162,200,1011,-21
168,APO,2020-11-02,0 days 15:59:46.080662,73135,38.38,38.37,500,200,-754,411
169,APO,2020-11-02,0 days 15:59:48.084209,71989,38.39,38.37,200,306,1146,-754
170,APTV,2020-11-02,0 days 15:55:28.506318,190882,97.6,97.55,918,300,-1469,1150
171,APTV,2020-11-02,0 days 15:55:29.504678,190351,97.6,97.55,818,300,531,-1469
172,APTV,2020-11-02,0 days 15:56:15.505180,190984,97.72,97.64,200,931,13,-187
173,APTV,2020-11-02,0 days 15:57:35.507630,190785,97.72,97.67,793,506,1192,-908
174,APTV,2020-11-02,0 days 15:57:37.507686,191977,97.75,97.67,101,529,-208,292
175,APTV,2020-11-02,0 days 15:58:07.508176,198985,97.71,97.66,618,100,3,-897
176,APTV,2020-11-02,0 days 15:58:10.508869,198188,97.71,97.66,321,400,-197,203
177,APTV,2020-11-02,0 days 15:58:20.509169,194485,97.63,97.61,100,100,3150,-750
178,APTV,2020-11-02,0 days 15:59:00.510027,194085,97.62,97.53,100,300,372,-80
179,APTV,2020-11-02,0 days 15:59:03.509959,195985,97.62,97.56,100,500,4171,-100
180,APTV,2020-11-02,0 days 15:59:15.504956,218503,97.78,97.73,290,406,384,-1216
181,APTV,2020-11-02,0 days 15:59:26.503662,226307,97.82,97.74,150,200,-4146,3204
182,APTV,2020-11-02,0 days 15:59:27.503229,226073,97.89,97.74,700,200,234,-4146
183,AR,2020-11-02,0 days 15:55:01.000724,340252,3.64,3.63,26429,12080,-48340,77841
184,AR,2020-11-02,0 days 15:55:01.996871,330492,3.64,3.63,29729,9630,5560,-48340
185,AR,2020-11-02,0 days 15:58:05.001610,328784,3.64,3.63,15725,29744,-16763,7437
186,AR,2020-11-02,0 days 15:58:06.002273,323647,3.64,3.63,15825,29544,5137,-16763
187,AR,2020-11-02,0 days 15:59:15.002817,365920,3.63,3.62,52265,5600,-17750,6573
188,AR,2020-11-02,0 days 15:59:15.999476,361070,3.63,3.62,36748,46350,4850,-17750
189,AR,2020-11-02,0 days 15:59:34.994573,362209,3.64,3.63,51308,25900,-5607,393
190,AR,2020-11-02,0 days 15:59:35.994794,359416,3.64,3.63,51008,25789,2793,-5607
191,ARCH,2020-11-02,0 days 15:58:56.014280,20777,32.4,32.35,100,300,-1849,2651
192,ARCH,2020-11-02,0 days 15:58:57.014458,20426,32.38,32.36,100,405,351,-1849
193,ARCH,2020-11-02,0 days 15:59:20.011073,20777,32.37,32.34,636,200,-114,75
194,ARCH,2020-11-02,0 days 15:59:32.011846,20926,32.37,32.35,1046,300,179,-114
195,ARCH,2020-11-02,0 days 15:59:36.012464,21105,32.37,32.35,1046,300,-21,179
196,ARCH,2020-11-02,0 days 15:59:37.012388,21026,32.37,32.35,1046,300,79,-21
197,ARCH,2020-11-02,0 days 15:59:46.013748,21205,32.36,32.34,300,200,-201,279
198,ASB,2020-11-02,0 days 15:55:00.228437,57690,14.0,13.99,1900,8015,-1499,3890
199,ASB,2020-11-02,0 days 15:56:46.229978,59499,14.0,13.99,3604,3986,825,-885
200,ASB,2020-11-02,0 days 15:57:26.229460,60624,14.0,13.99,2992,3838,-266,134
201,ASB,2020-11-02,0 days 15:58:01.232102,60990,14.01,14.0,4745,3138,59,-41
202,ASB,2020-11-02,0 days 15:58:03.231102,61049,14.01,14.0,4350,3738,-41,59
203,ASB,2020-11-02,0 days 15:58:23.231909,61549,13.99,13.98,6543,2400,-627,73
204,ASB,2020-11-02,0 days 15:58:39.231693,61476,13.99,13.98,6096,1151,73,-627
205,ASB,2020-11-02,0 days 15:59:11.233019,65096,13.98,13.97,2505,4170,253,-447
206,ASB,2020-11-02,0 days 15:59:25.228045,67559,13.99,13.98,1000,8551,1079,-10
207,ASB,2020-11-02,0 days 15:59:26.228435,67138,13.99,13.98,1100,8951,-421,1079
208,ASB,2020-11-02,0 days 15:59:40.229189,67559,14.0,13.99,6800,6562,6079,-21
209,ASB,2020-11-02,0 days 15:59:41.229724,67438,14.0,13.99,3000,6677,-121,6079
210,ATI,2020-11-02,0 days 15:59:02.083794,301321,9.65,9.63,5595,3664,-1825,17375
211,ATI,2020-11-02,0 days 15:59:04.085461,303146,9.63,9.62,5601,200,2406,-1125
212,ATI,2020-11-02,0 days 15:59:16.078086,305006,9.63,9.62,2077,2370,-49390,12737
213,ATI,2020-11-02,0 days 15:59:17.077880,286705,9.63,9.62,3177,1165,18301,-49390
214,ATI,2020-11-02,0 days 15:59:30.080888,301877,9.63,9.62,2960,1642,8129,-7971
215,ATI,2020-11-02,0 days 15:59:32.078584,310006,9.63,9.62,1400,4442,-352,8129
216,ATI,2020-11-02,0 days 15:59:48.084074,306200,9.63,9.62,1708,5087,4532,-1868
217,ATUS,2020-11-02,0 days 15:56:45.086463,154642,26.76,26.75,4090,1322,-1939,1261
218,ATUS,2020-11-02,0 days 15:57:08.087213,153844,26.75,26.74,3432,2431,1498,-539
219,ATUS,2020-11-02,0 days 15:57:09.085526,152542,26.75,26.74,4682,630,-902,1498
220,ATUS,2020-11-02,0 days 15:57:22.079969,196444,26.77,26.76,1399,5500,6298,-1602
221,ATUS,2020-11-02,0 days 15:57:38.078385,200964,26.77,26.76,405,6207,1578,-3822
222,ATUS,2020-11-02,0 days 15:58:08.081323,205106,26.76,26.75,5442,606,-12838,3342
223,ATUS,2020-11-02,0 days 15:58:09.080751,203044,26.75,26.74,802,2913,2062,-12838
224,ATUS,2020-11-02,0 days 15:59:44.079384,214260,26.78,26.77,5329,538,382,-5218
225,AUY,2020-11-02,0 days 15:55:00.232146,163357,5.67,5.66,159275,151545,-12389,17079
226,AUY,2020-11-02,0 days 15:55:01.232043,63046,5.67,5.66,162775,121945,95911,-12389
227,AUY,2020-11-02,0 days 15:59:01.241141,149749,5.67,5.66,218739,235324,-63645,83555
228,AUY,2020-11-02,0 days 15:59:02.241722,141694,5.67,5.66,221939,235116,8055,-63645
229,AUY,2020-11-02,0 days 15:59:10.242200,154140,5.67,5.66,219439,225211,-793,12446
230,AUY,2020-11-02,0 days 15:59:28.242061,80230,5.67,5.66,178350,225761,73910,-2390
231,AVTR,2020-11-02,0 days 15:55:01.009451,137299,23.46,23.45,1841,2329,-16430,34265
232,AVTR,2020-11-02,0 days 15:58:05.012374,140294,23.45,23.44,2400,1000,-62698,1122
233,AVTR,2020-11-02,0 days 15:59:20.010728,224775,23.42,23.41,900,2437,983,-4322
234,AVTR,2020-11-02,0 days 15:59:27.010212,221084,23.42,23.41,534,2711,-3991,4309
235,AXL,2020-11-02,0 days 15:59:03.242192,130538,6.92,6.91,2606,5000,4730,-70
236,AXL,2020-11-02,0 days 15:59:04.242075,128168,6.92,6.91,2206,5205,-1970,4730
237,AXL,2020-11-02,0 days 15:59:10.242243,131001,6.92,6.91,2701,3205,577,-2433
238,AXL,2020-11-02,0 days 15:59:11.241886,129978,6.92,6.91,2696,3505,-623,577
239,AXL,2020-11-02,0 days 15:59:19.241578,145611,6.92,6.91,3906,2268,246,-2433
240,AXL,2020-11-02,0 days 15:59:30.245809,144328,6.92,6.91,2985,3280,-1483,5817
241,AXL,2020-11-02,0 days 15:59:49.242815,144978,6.92,6.91,4612,2216,-833,1367
242,AXP,2020-11-02,0 days 15:55:00.101186,281068,93.11,93.08,100,815,10010,-32878
243,AXP,2020-11-02,0 days 15:55:21.103930,191128,93.15,93.13,210,100,-92835,8668
244,AXP,2020-11-02,0 days 15:56:43.104375,283960,93.11,93.1,543,393,23522,-77981
245,AXP,2020-11-02,0 days 15:57:10.105403,207200,93.14,93.12,100,200,-77649,10054
246,AXP,2020-11-02,0 days 15:57:16.104707,207356,93.14,93.12,600,100,-77493,22010
247,AXP,2020-11-02,0 days 15:59:03.112249,320426,93.07,93.05,400,200,-675,429
248,AXP,2020-11-02,0 days 15:59:09.111035,321954,93.0,92.97,200,315,1547,-256
249,AXP,2020-11-02,0 days 15:59:15.108286,378827,93.12,93.1,100,100,11286,-69
250,AXP,2020-11-02,0 days 15:59:18.104669,294223,93.1,93.07,600,200,106903,-89755
251,AXP,2020-11-02,0 days 15:59:20.105544,294026,93.18,93.1,200,200,-95439,27499
252,AXP,2020-11-02,0 days 15:59:23.105145,294727,93.12,93.11,300,210,6778,-4015
253,AXP,2020-11-02,0 days 15:59:28.106418,328660,93.2,93.14,701,400,15435,-5266
254,AXP,2020-11-02,0 days 15:59:38.106991,445495,93.31,93.28,100,100,-3061,9756
255,AXP,2020-11-02,0 days 15:59:39.105963,409253,93.29,93.24,172,100,36242,-3061
256,AXP,2020-11-02,0 days 15:59:46.107425,446435,93.29,93.26,400,200,-4226,2813
257,AXP,2020-11-02,0 days 15:59:48.108335,393863,93.33,93.29,1658,200,58907,-1257
258,AXP,2020-11-02,0 days 15:59:49.107399,453424,93.33,93.31,200,264,-36252,58907
259,AXP,2020-11-02,0 days 15:59:50.109787,450076,93.32,93.24,100,240,3348,-36252
260,AXTA,2020-11-02,0 days 15:59:06.511180,139824,25.61,25.6,4598,204,-4262,5159
261,AXTA,2020-11-02,0 days 15:59:07.511449,134186,25.61,25.6,4746,200,3338,-4262
262,AXTA,2020-11-02,0 days 15:59:16.505800,131957,25.62,25.6,1700,5080,4867,-17233
263,AXTA,2020-11-02,0 days 15:59:46.503458,140216,25.65,25.64,3497,1893,2508,-6992
264,AZUL,2020-11-02,0 days 15:55:00.942703,11801,11.86,11.85,3859,1553,-267,1889
265,AZUL,2020-11-02,0 days 15:55:01.940427,11568,11.86,11.85,3959,1553,33,-267
266,AZUL,2020-11-02,0 days 15:55:39.944088,11801,11.86,11.85,5159,3688,-167,233
267,AZUL,2020-11-02,0 days 15:55:40.943484,10368,11.86,11.85,4859,3488,1433,-167
268,AZUL,2020-11-02,0 days 15:59:10.935404,12966,11.86,11.85,600,4893,-955,245
269,AZUL,2020-11-02,0 days 15:59:11.935033,12721,11.87,11.85,1800,4993,245,-955
270,AZUL,2020-11-02,0 days 15:59:18.930072,13678,11.87,11.85,1400,6237,-443,257
271,AZUL,2020-11-02,0 days 15:59:19.930371,13421,11.86,11.85,100,5093,57,-443
272,BA,2020-11-02,0 days 15:55:00.084147,547587,147.91,147.84,300,400,-326173,55830
273,BA,2020-11-02,0 days 15:59:26.077846,878656,148.03,147.99,345,200,170208,-45214
274,BABA,2020-11-02,0 days 15:56:09.113905,308169,310.6,310.48,846,200,-3170,6746
275,BABA,2020-11-02,0 days 15:56:10.113843,306639,310.59,310.5,400,100,1530,-3170
276,BABA,2020-11-02,0 days 15:57:14.110650,313379,310.66,310.59,251,300,-401,5399
277,BABA,2020-11-02,0 days 15:57:47.113654,329679,310.76,310.72,100,300,-5644,795
278,BABA,2020-11-02,0 days 15:57:50.115156,335323,310.71,310.69,278,100,156,-2544
279,BABA,2020-11-02,0 days 15:57:51.113191,334479,310.71,310.68,200,202,-812,156
280,BABA,2020-11-02,0 days 15:58:06.114641,333915,310.72,310.65,400,139,3019,-2681
281,BABA,2020-11-02,0 days 15:58:08.115361,329334,310.7,310.63,400,100,-4557,3051
282,BABA,2020-11-02,0 days 15:58:13.115707,331802,310.64,310.53,177,100,4632,-2457
283,BABA,2020-11-02,0 days 15:58:14.114914,329834,310.6,310.53,100,200,-1553,4632
284,BABA,2020-11-02,0 days 15:58:19.115149,331379,310.61,310.57,100,100,455,-1545
285,BABA,2020-11-02,0 days 15:58:20.116056,329434,310.65,310.57,100,100,-1984,455
286,BABA,2020-11-02,0 days 15:58:30.115882,331512,310.61,310.53,226,100,4722,-2283
287,BABA,2020-11-02,0 days 15:58:31.116107,329534,310.67,310.61,300,100,-1978,4722
288,BABA,2020-11-02,0 days 15:58:35.115195,338082,310.75,310.69,200,100,1752,-13299
289,BABA,2020-11-02,0 days 15:58:36.118377,335534,310.68,310.62,300,200,-2524,1752
290,BABA,2020-11-02,0 days 15:58:37.115668,330554,310.66,310.55,100,100,4580,-2524
291,BABA,2020-11-02,0 days 15:58:38.115189,328634,310.65,310.55,100,200,-1920,4580
292,BABA,2020-11-02,0 days 15:58:52.114790,316633,310.43,310.33,173,200,14701,-520
293,BABA,2020-11-02,0 days 15:59:01.117200,322141,310.49,310.4,200,100,-13513,3408
294,BABA,2020-11-02,0 days 15:59:03.119450,330654,310.56,310.51,200,100,52,-322
295,BABA,2020-11-02,0 days 15:59:09.117182,329264,310.52,310.46,100,100,-472,33
296,BABA,2020-11-02,0 days 15:59:12.117689,315715,310.49,310.33,100,200,15049,-472
297,BABA,2020-11-02,0 days 15:59:14.116943,322864,310.47,310.4,100,100,-851,49
298,BABA,2020-11-02,0 days 15:59:26.115076,338043,310.62,310.53,200,400,614,-1470
299,BABA,2020-11-02,0 days 15:59:27.114542,337957,310.6,310.54,300,300,-223,614
300,BABA,2020-11-02,0 days 15:59:33.114672,348416,310.72,310.64,300,100,89,-11641
301,BABA,2020-11-02,0 days 15:59:35.113953,344005,310.75,310.71,100,100,-4411,3689
302,BABA,2020-11-02,0 days 15:59:36.115942,345716,310.8,310.68,1000,200,1889,-4411
303,BABA,2020-11-02,0 days 15:59:37.114800,345105,310.8,310.68,1000,100,-3311,1889
304,BABA,2020-11-02,0 days 15:59:45.116174,348416,310.8,310.77,100,316,6189,-7924
305,BABA,2020-11-02,0 days 15:59:46.115071,347314,310.83,310.78,200,400,-1135,6189
306,BABA,2020-11-02,0 days 15:59:50.119484,355570,310.94,310.85,1351,400,858,-12852
307,BABA,2020-11-02,0 days 15:59:51.117719,356428,311.0,310.86,741,741,-4052,858
308,BABA,2020-11-02,0 days 15:59:53.115831,355870,311.0,310.85,236,341,558,-4052
309,BAC,2020-11-02,0 days 15:55:00.503144,2602328,24.06,24.05,62126,21799,15452,-567247
310,BAC,2020-11-02,0 days 15:55:01.502449,2576080,24.07,24.06,15500,81850,-26248,15452
311,BAC,2020-11-02,0 days 15:57:36.507381,2773909,24.09,24.08,54854,47128,31772,-40380
312,BAC,2020-11-02,0 days 15:57:37.507775,2760681,24.1,24.09,22073,87194,-8580,31772
313,BAC,2020-11-02,0 days 15:58:04.508713,2760899,24.1,24.09,23767,94626,425,-22575
314,BAC,2020-11-02,0 days 15:58:06.508661,2761324,24.1,24.09,47466,74965,-34925,425
315,BAC,2020-11-02,0 days 15:58:16.508383,2775824,24.08,24.07,90434,60076,-21195,19105
316,BAC,2020-11-02,0 days 15:58:24.509196,2791424,24.07,24.06,47405,99707,-17504,10496
317,BAC,2020-11-02,0 days 15:58:26.508506,2808928,24.07,24.06,53805,101977,1696,-17504
318,BAC,2020-11-02,0 days 15:58:27.509066,2791424,24.07,24.06,41611,117856,-32204,1696
319,BAC,2020-11-02,0 days 15:58:36.509179,2804418,24.06,24.05,147250,10300,-14562,12738
320,BAC,2020-11-02,0 days 15:58:42.510024,2789618,24.05,24.04,93546,52900,-3786,50914
321,BAC,2020-11-02,0 days 15:59:15.505125,2817631,24.04,24.03,19075,109473,13992,-2781
322,BAC,2020-11-02,0 days 15:59:45.504063,3297654,24.06,24.05,9300,120405,-35062,358574
323,BAM,2020-11-02,0 days 15:55:31.233407,43618,30.03,30.02,5500,1233,-1286,359
324,BAM,2020-11-02,0 days 15:55:32.233917,42104,30.03,30.02,4100,932,1514,-1286
325,BAM,2020-11-02,0 days 15:56:46.235751,44433,30.02,30.01,2655,3324,-1178,300
326,BAM,2020-11-02,0 days 15:56:47.235435,43511,30.02,30.01,2819,3795,992,-1178
327,BAM,2020-11-02,0 days 15:57:39.237681,44503,30.01,30.0,2709,1329,-858,142
328,BAM,2020-11-02,0 days 15:57:42.237721,45361,30.01,30.0,2387,2430,442,-358
329,BAM,2020-11-02,0 days 15:57:58.238539,45803,30.01,30.0,3155,1956,-58,42
330,BAM,2020-11-02,0 days 15:58:03.239060,43361,30.01,30.0,3328,2831,2442,-258
331,BAM,2020-11-02,0 days 15:58:07.241284,42589,30.01,30.0,6810,1000,-172,742
332,BAM,2020-11-02,0 days 15:58:50.240899,42589,29.99,29.98,5413,211,-4595,28
333,BAM,2020-11-02,0 days 15:59:05.242848,43333,30.0,29.99,1100,100,6,-44
334,BAX,2020-11-02,0 days 15:55:00.942414,200737,78.62,78.56,107,288,26370,-31823
335,BAX,2020-11-02,0 days 15:55:01.940312,198907,78.6,78.58,101,100,-1830,26370
336,BAX,2020-11-02,0 days 15:58:14.933175,215713,78.6,78.58,500,522,-1253,447
337,BAX,2020-11-02,0 days 15:58:17.933252,216966,78.59,78.56,200,100,147,-2553
338,BAX,2020-11-02,0 days 15:58:18.933967,215713,78.6,78.58,100,500,-1253,147
339,BAX,2020-11-02,0 days 15:58:43.934102,223345,78.51,78.47,400,200,-1191,2309
340,BAX,2020-11-02,0 days 15:59:14.933179,229501,78.68,78.58,100,550,22604,-662
341,BB,2020-11-02,0 days 15:57:23.010657,35842,4.49,4.48,63553,117850,-552,17636
342,BB,2020-11-02,0 days 15:58:22.014338,37794,4.48,4.47,61234,133702,2324,-1153
343,BB,2020-11-02,0 days 15:59:01.015476,36041,4.48,4.47,41247,120702,-2253,1224
344,BB,2020-11-02,0 days 15:59:36.012278,43576,4.48,4.47,15620,128767,1549,-3151
345,BBD,2020-11-02,0 days 15:59:36.229326,302228,3.54,3.53,554920,362060,84524,-99976
346,BBD,2020-11-02,0 days 15:59:37.228942,296852,3.54,3.53,554920,362060,-5376,84524
347,BBL,2020-11-02,0 days 15:55:00.942182,16191,39.07,39.06,2611,1714,-5248,6780
348,BBL,2020-11-02,0 days 15:55:01.940192,15639,39.07,39.06,2911,2114,552,-5248
349,BBL,2020-11-02,0 days 15:57:15.931100,17968,39.02,39.01,2300,3616,-203,897
350,BBL,2020-11-02,0 days 15:57:16.931236,17371,39.02,39.01,2406,3616,597,-203
351,BBL,2020-11-02,0 days 15:59:02.937550,19466,38.99,38.98,1211,3100,-258,405
352,BCS,2020-11-02,0 days 15:59:36.106895,57945,5.51,5.5,134766,60506,-19006,23094
353,BCS,2020-11-02,0 days 15:59:37.106061,56451,5.51,5.5,147166,63931,1494,-19006
354,BDN,2020-11-02,0 days 15:55:01.002759,79723,9.0,8.99,2024,5361,-27675,36870
355,BDN,2020-11-02,0 days 15:55:01.997582,77098,9.0,8.99,3380,7262,2625,-27675
356,BDN,2020-11-02,0 days 15:58:02.002136,116440,9.02,9.01,10400,6118,-12262,6075
357,BEKE,2020-11-02,0 days 15:57:41.506949,29492,69.86,69.77,105,264,-46,54
358,BEKE,2020-11-02,0 days 15:57:42.508405,29438,69.86,69.77,105,264,54,-46
359,BEKE,2020-11-02,0 days 15:57:45.507114,29492,69.86,69.78,205,100,-46,54
360,BEKE,2020-11-02,0 days 15:57:46.507494,29438,69.86,69.78,205,100,54,-46
361,BEKE,2020-11-02,0 days 15:57:49.507273,29492,69.86,69.78,205,100,-46,54
362,BEKE,2020-11-02,0 days 15:58:59.510413,31891,69.78,69.61,130,1000,1,-499
363,BEKE,2020-11-02,0 days 15:59:14.511646,32049,70.03,69.71,1000,1000,-274,58
364,BEKE,2020-11-02,0 days 15:59:15.505171,31923,70.03,69.71,1000,1000,126,-274
365,BEKE,2020-11-02,0 days 15:59:45.504207,32049,69.93,69.64,103,1000,-366,126
366,BEKE,2020-11-02,0 days 15:59:46.503501,31915,69.93,69.79,103,325,134,-366
367,BEKE,2020-11-02,0 days 15:59:49.504084,32049,69.93,69.64,100,1000,-66,134
368,BEN,2020-11-02,0 days 15:57:58.079538,247899,19.54,19.53,2951,4020,4252,-4848
369,BEN,2020-11-02,0 days 15:58:23.081671,266991,19.54,19.53,1317,5296,-441,2059
370,BG,2020-11-02,0 days 15:55:01.001178,56807,58.1,58.08,248,345,-19143,11729
371,BG,2020-11-02,0 days 15:55:01.997151,56350,58.1,58.08,148,600,457,-19143
372,BG,2020-11-02,0 days 15:55:44.999966,57490,58.08,58.07,800,100,-184,213
373,BG,2020-11-02,0 days 15:58:56.003581,67770,57.97,57.95,400,200,56,-44
374,BHC,2020-11-02,0 days 15:55:00.113561,98947,17.28,17.27,3195,3883,3130,-2483
375,BHC,2020-11-02,0 days 15:55:33.114249,102077,17.3,17.29,3262,6769,-5370,2830
376,BHC,2020-11-02,0 days 15:55:34.113953,99747,17.3,17.29,3462,6476,2330,-5370
377,BHC,2020-11-02,0 days 15:56:26.114989,114075,17.31,17.3,4051,4783,-1559,3041
378,BHC,2020-11-02,0 days 15:56:27.115023,113434,17.31,17.3,4051,5083,641,-1559
379,BHC,2020-11-02,0 days 15:56:42.115098,107138,17.32,17.31,2155,16345,-1123,5141
380,BHC,2020-11-02,0 days 15:56:50.115553,110571,17.32,17.31,2859,13731,2408,-3433
381,BHC,2020-11-02,0 days 15:57:35.113203,117079,17.31,17.3,3603,1894,-1892,3408
382,BHC,2020-11-02,0 days 15:57:36.112875,116471,17.31,17.3,3403,2094,608,-1892
383,BHC,2020-11-02,0 days 15:57:41.113460,117471,17.31,17.3,2753,2391,708,-1692
384,BHC,2020-11-02,0 days 15:57:55.114068,123279,17.3,17.29,1696,3141,-1092,1208
385,BHC,2020-11-02,0 days 15:57:57.114071,122071,17.3,17.29,1400,3141,1208,-1092
386,BHC,2020-11-02,0 days 15:58:33.116364,118678,17.31,17.3,1900,1440,690,-4210
387,BHC,2020-11-02,0 days 15:59:30.119161,119378,17.32,17.31,1643,2523,280,-720
388,BHC,2020-11-02,0 days 15:59:34.115194,118978,17.33,17.32,500,1613,280,-620
389,BHC,2020-11-02,0 days 15:59:48.117123,118621,17.31,17.3,900,2030,6048,-63
390,BHC,2020-11-02,0 days 15:59:51.118106,123881,17.33,17.32,3390,1930,-40,1448
391,BHP,2020-11-02,0 days 15:59:16.078086,37370,48.07,48.06,2378,1198,-1339,410
392,BHP,2020-11-02,0 days 15:59:17.077880,36809,48.07,48.06,1843,1934,561,-1339
393,BHP,2020-11-02,0 days 15:59:37.078993,37075,48.08,48.06,5462,1434,77,-123
394,BHP,2020-11-02,0 days 15:59:46.080484,37370,48.08,48.07,2000,2082,-1757,77
395,BK,2020-11-02,0 days 15:59:24.116310,408161,35.05,35.04,400,4583,18448,-3289
396,BK,2020-11-02,0 days 15:59:25.114884,425609,35.05,35.04,2100,2313,-361,18448
397,BK,2020-11-02,0 days 15:59:27.115029,424401,35.05,35.04,900,4064,1208,-361
398,BK,2020-11-02,0 days 15:59:47.114886,426972,35.07,35.06,600,6646,1052,-821
399,BKR,2020-11-02,0 days 15:57:38.106269,422217,15.7,15.69,3537,21994,1083,-769
400,BKR,2020-11-02,0 days 15:57:39.106209,423300,15.71,15.7,4341,20007,-2217,1083
401,BKR,2020-11-02,0 days 15:57:40.106423,417717,15.71,15.7,4141,19607,4683,-2217
402,BKR,2020-11-02,0 days 15:57:51.107189,422560,15.73,15.72,3500,10100,-675,425
403,BKR,2020-11-02,0 days 15:57:52.106759,420535,15.73,15.72,3400,11000,2025,-675
404,BKR,2020-11-02,0 days 15:58:01.107862,422560,15.74,15.73,5100,11470,-875,2425
405,BKR,2020-11-02,0 days 15:58:02.108691,420435,15.74,15.73,1700,18086,2125,-875
406,BKR,2020-11-02,0 days 15:58:14.109273,423130,15.73,15.72,6569,6845,-5,3225
407,BKR,2020-11-02,0 days 15:58:18.108534,415523,15.73,15.72,4989,9170,7607,-2493
408,BKR,2020-11-02,0 days 15:58:23.109428,423130,15.73,15.72,5915,11470,-13093,7607
409,BKR,2020-11-02,0 days 15:58:24.108735,415523,15.73,15.72,5915,10670,7607,-13093
410,BKR,2020-11-02,0 days 15:58:26.109296,423130,15.73,15.72,6640,11680,-8193,7607
411,BKR,2020-11-02,0 days 15:58:27.108954,415523,15.73,15.72,7915,9989,7607,-8193
412,BKR,2020-11-02,0 days 15:59:16.105696,439271,15.71,15.7,2815,9142,-6334,986
413,BKR,2020-11-02,0 days 15:59:38.107041,504407,15.71,15.7,9700,10817,25559,-10641
414,BKR,2020-11-02,0 days 15:59:39.106018,501066,15.71,15.7,9800,11617,-3341,25559
415,BKR,2020-11-02,0 days 15:59:43.106532,506507,15.71,15.7,7832,10017,1859,-5441
416,BKR,2020-11-02,0 days 15:59:46.107479,508366,15.71,15.7,5751,12562,-20300,1764
417,BMY,2020-11-02,0 days 15:58:30.082671,746448,59.39,59.38,3000,1290,18063,-4740
418,BMY,2020-11-02,0 days 15:58:31.082267,733211,59.4,59.39,2600,1504,-13237,18063
419,BMY,2020-11-02,0 days 15:58:36.085598,736548,59.38,59.37,2400,690,3544,-10556
420,BMY,2020-11-02,0 days 15:58:37.082602,727392,59.38,59.37,7200,200,-7487,3544
421,BMY,2020-11-02,0 days 15:59:16.077990,747847,59.37,59.36,100,3372,155655,-2057
422,BMY,2020-11-02,0 days 15:59:34.078855,832133,59.48,59.47,2100,600,-12575,2522
423,BMY,2020-11-02,0 days 15:59:46.080368,835768,59.47,59.45,1990,2725,-1996,186
424,BP,2020-11-02,0 days 15:55:31.233351,110244,16.09,16.08,15178,65651,-8803,18297
425,BP,2020-11-02,0 days 15:55:32.233842,106847,16.09,16.08,13911,67751,1897,-8803
426,BP,2020-11-02,0 days 15:59:01.241174,134842,16.08,16.07,87163,51511,-9741,20959
427,BP,2020-11-02,0 days 15:59:19.241578,138150,16.08,16.07,36562,84455,-5201,167
428,BP,2020-11-02,0 days 15:59:24.241400,149773,16.09,16.08,51506,87206,7127,-12123
429,BRFS,2020-11-02,0 days 15:57:33.237154,25680,3.02,3.01,83304,48317,1052,-4248
430,BRX,2020-11-02,0 days 15:55:35.085130,135198,11.2,11.19,6126,3893,-4115,485
431,BRX,2020-11-02,0 days 15:56:09.085443,135556,11.19,11.18,5864,6500,-3757,4743
432,BRX,2020-11-02,0 days 15:57:05.086730,114656,11.18,11.17,9071,5764,-1357,21743
433,BRX,2020-11-02,0 days 15:57:13.079572,116013,11.18,11.17,3410,9563,43,-1357
434,BRX,2020-11-02,0 days 15:57:18.079672,112156,11.19,11.18,5693,7261,-27157,43
435,BRX,2020-11-02,0 days 15:57:48.079995,139456,11.19,11.18,3124,13848,721,-79
436,BRX,2020-11-02,0 days 15:57:49.078938,137484,11.19,11.18,3224,14048,-1972,721
437,BRX,2020-11-02,0 days 15:58:02.081886,139456,11.19,11.18,2967,11604,6345,-437
438,BRX,2020-11-02,0 days 15:58:03.080447,136237,11.19,11.18,3467,12304,-1382,6345
439,BRX,2020-11-02,0 days 15:58:15.082814,137619,11.19,11.18,7306,6478,6721,-1879
440,BRX,2020-11-02,0 days 15:58:16.081231,136540,11.19,11.18,7006,6478,-1079,6721
441,BRX,2020-11-02,0 days 15:59:46.080599,174057,11.2,11.19,8401,7987,4043,-4057
442,BRX,2020-11-02,0 days 15:59:47.078906,172900,11.2,11.19,7001,9387,-1157,4043
443,BSBR,2020-11-02,0 days 15:59:36.503149,12915,5.57,5.56,12907,57527,-3811,4989
444,BSBR,2020-11-02,0 days 15:59:37.503293,12726,5.57,5.56,12807,55754,189,-3811
445,BSBR,2020-11-02,0 days 15:59:46.503481,12915,5.57,5.56,10284,59723,-337,189
446,BSBR,2020-11-02,0 days 15:59:47.503964,12752,5.57,5.56,10084,59646,163,-337
447,BSX,2020-11-02,0 days 15:55:01.007953,536766,34.58,34.57,4293,6159,30705,-176454
448,BSX,2020-11-02,0 days 15:55:02.004070,524471,34.58,34.57,4893,6097,-12295,30705
449,BSX,2020-11-02,0 days 15:55:09.004640,536766,34.58,34.57,3557,7684,17511,-10823
450,BSX,2020-11-02,0 days 15:55:10.004554,527368,34.58,34.57,4296,7373,-9398,17511
451,BSX,2020-11-02,0 days 15:55:44.006219,536766,34.59,34.58,4786,9089,1939,-4489
452,BSX,2020-11-02,0 days 15:55:45.006355,534466,34.59,34.58,4386,8789,-2300,1939
453,BSX,2020-11-02,0 days 15:59:17.009358,725061,34.56,34.55,1500,4330,-3066,116837
454,BTI,2020-11-02,0 days 15:55:00.232979,15143,32.22,32.21,1489,2810,-410,1660
455,BTI,2020-11-02,0 days 15:56:01.234540,15563,32.24,32.23,4100,2300,716,-384
456,BTI,2020-11-02,0 days 15:59:01.241320,18719,32.21,32.2,4330,1631,-1177,1723
457,BTI,2020-11-02,0 days 15:59:02.241932,18496,32.21,32.2,4330,1631,223,-1177
458,BTI,2020-11-02,0 days 15:59:03.242288,19718,32.21,32.2,630,4398,-455,223
459,BUD,2020-11-02,0 days 15:55:00.102286,25414,52.21,52.17,100,100,-1172,8422
460,BUD,2020-11-02,0 days 15:59:01.111169,26237,52.23,52.21,907,490,1000,-500
461,BUD,2020-11-02,0 days 15:59:46.107783,27874,52.24,52.22,200,355,-843,227
462,BUD,2020-11-02,0 days 15:59:54.106835,25174,52.26,52.22,200,200,-1343,1357
463,BWA,2020-11-02,0 days 15:59:13.118570,289721,35.56,35.54,900,2881,-2468,332
464,BWA,2020-11-02,0 days 15:59:18.114492,305485,35.57,35.56,700,404,-15,3485
465,BWA,2020-11-02,0 days 15:59:21.114282,305500,35.55,35.54,200,940,85,-15
466,BX,2020-11-02,0 days 15:55:01.011606,138188,51.3,51.29,1102,500,-78955,64658
467,BX,2020-11-02,0 days 15:55:11.007327,154743,51.25,51.24,1102,602,1295,-1655
468,BX,2020-11-02,0 days 15:55:12.006602,153438,51.24,51.23,100,1203,-1305,1295
469,BX,2020-11-02,0 days 15:55:44.007846,165619,51.25,51.24,400,2201,1844,-530
470,BX,2020-11-02,0 days 15:55:45.007955,164163,51.26,51.24,601,2503,-2236,1844
471,BX,2020-11-02,0 days 15:58:31.014939,169680,51.31,51.3,906,1382,327,-1873
472,BX,2020-11-02,0 days 15:58:32.014541,167707,51.31,51.3,600,1782,-1473,327
473,BX,2020-11-02,0 days 15:58:48.014385,169180,51.31,51.28,2101,200,3530,-1470
474,BX,2020-11-02,0 days 15:58:49.014885,167810,51.31,51.28,1101,200,-1370,3530
475,BX,2020-11-02,0 days 15:59:43.012218,174092,51.34,51.32,300,200,401,-1179
476,BX,2020-11-02,0 days 15:59:47.012527,180656,51.37,51.34,300,300,-690,2897
477,BX,2020-11-02,0 days 15:59:48.013514,181346,51.36,51.33,400,500,427,-690
478,BX,2020-11-02,0 days 15:59:50.020024,180927,51.37,51.34,100,200,-818,282
479,C,2020-11-02,0 days 15:58:00.508837,747473,42.2,42.19,5281,10859,27101,-115844
480,C,2020-11-02,0 days 15:58:08.507718,757545,42.2,42.19,10400,1420,-141853,6278
481,C,2020-11-02,0 days 15:58:15.508231,756598,42.18,42.17,9176,1168,11947,-120848
482,C,2020-11-02,0 days 15:58:20.509139,778345,42.17,42.16,2859,6815,-124498,11844
483,C,2020-11-02,0 days 15:58:30.508710,764605,42.15,42.14,5030,7615,25420,-117376
484,C,2020-11-02,0 days 15:58:36.509034,789425,42.14,42.13,8981,4115,-117550,25120
485,C,2020-11-02,0 days 15:58:39.508932,763868,42.13,42.12,10083,3748,34644,-108156
486,C,2020-11-02,0 days 15:58:42.509957,805112,42.12,42.11,7672,5815,-101556,34644
487,C,2020-11-02,0 days 15:59:16.505413,891678,42.14,42.13,1000,8296,105396,-82642
488,C,2020-11-02,0 days 15:59:24.503903,990633,42.17,42.16,4900,2705,-116226,5139
489,C,2020-11-02,0 days 15:59:45.503692,1025487,42.16,42.14,8800,9409,-51147,32066
490,CAG,2020-11-02,0 days 15:55:00.112128,209433,35.58,35.57,100,1400,93658,-21062
491,CAG,2020-11-02,0 days 15:59:14.117424,314759,35.56,35.54,2200,1164,3609,-2491
492,CAG,2020-11-02,0 days 15:59:22.114394,312464,35.57,35.56,1525,846,2343,-3957
493,CAG,2020-11-02,0 days 15:59:24.116261,321326,35.56,35.55,1224,314,-1001,1362
494,CAG,2020-11-02,0 days 15:59:25.114826,320927,35.55,35.54,1624,1004,399,-1001
495,CAG,2020-11-02,0 days 15:59:32.115537,324352,35.58,35.57,1800,315,-2272,3665
496,CAG,2020-11-02,0 days 15:59:33.115125,324024,35.58,35.57,1600,415,328,-2272
497,CAG,2020-11-02,0 days 15:59:47.114825,332055,35.59,35.58,981,1498,-5067,6431
498,CAG,2020-11-02,0 days 15:59:49.116164,330911,35.59,35.58,828,1414,480,-867
499,CAH,2020-11-02,0 days 15:55:00.229253,413340,47.5,47.47,259,628,-73567,111809
500,CAH,2020-11-02,0 days 15:59:17.229167,515650,47.57,47.55,100,222,8183,-7564
501,CAH,2020-11-02,0 days 15:59:19.228234,507633,47.6,47.56,400,512,-7054,10583
502,CAH,2020-11-02,0 days 15:59:38.229326,521357,47.57,47.55,200,300,9687,-4576
503,CAH,2020-11-02,0 days 15:59:39.230063,515244,47.59,47.56,200,400,-7076,9687
504,CARR,2020-11-02,0 days 15:55:01.011544,339149,34.99,34.97,1500,2266,70646,-99756
505,CARR,2020-11-02,0 days 15:59:46.013887,442966,35.11,35.09,500,300,38150,-48512
506,CARR,2020-11-02,0 days 15:59:50.019946,448565,35.09,35.08,727,600,32551,-45049
507,CARR,2020-11-02,0 days 15:59:52.016062,431116,35.12,35.08,100,1020,-17449,32551
508,CAT,2020-11-02,0 days 15:59:19.010936,339121,163.33,163.22,100,100,14548,-5663
509,CAT,2020-11-02,0 days 15:59:20.011073,335669,163.39,163.27,200,291,-9194,14548
510,CAT,2020-11-02,0 days 15:59:21.010751,339164,163.39,163.27,200,100,2785,-9194
511,CAT,2020-11-02,0 days 15:59:22.011318,336449,163.39,163.27,200,100,-2722,2785
512,CAT,2020-11-02,0 days 15:59:24.012263,344870,163.39,163.34,200,100,6810,-2787
513,CAT,2020-11-02,0 days 15:59:25.011433,342880,163.39,163.29,300,100,-1990,6810
514,CAT,2020-11-02,0 days 15:59:27.011445,339171,163.27,163.2,300,200,3909,-1990
515,CAT,2020-11-02,0 days 15:59:28.011781,332980,163.34,163.23,100,100,-6848,3909
516,CAT,2020-11-02,0 days 15:59:30.012775,339871,163.35,163.23,300,641,157,-1648
517,CAT,2020-11-02,0 days 15:59:32.011864,339148,163.35,163.23,300,741,-680,157
518,CAT,2020-11-02,0 days 15:59:39.013098,340171,163.35,163.25,1114,300,5077,-6879
519,CAT,2020-11-02,0 days 15:59:41.012658,339748,163.31,163.19,1124,400,-239,38151
520,CAT,2020-11-02,0 days 15:59:48.013501,340562,163.24,163.16,496,421,275,-573
521,CAT,2020-11-02,0 days 15:59:51.015407,342382,163.21,163.1,800,600,7130,-7253
522,CAT,2020-11-02,0 days 15:59:53.013825,341986,163.24,163.13,100,757,-4091,7130
523,CB,2020-11-02,0 days 15:58:08.081404,250416,134.48,134.44,319,100,-1283,6235
524,CB,2020-11-02,0 days 15:59:04.085333,252403,134.35,134.32,600,400,-1007,3641
525,CB,2020-11-02,0 days 15:59:17.077732,264103,134.47,134.31,200,100,12729,-3444
526,CB,2020-11-02,0 days 15:59:24.079674,277895,134.5,134.36,100,300,-3908,3560
527,CB,2020-11-02,0 days 15:59:25.078005,275403,134.47,134.38,100,401,2492,-3908
528,CB,2020-11-02,0 days 15:59:30.080809,278320,134.49,134.39,200,100,-6700,4830
529,CB,2020-11-02,0 days 15:59:31.079891,271959,134.49,134.42,500,100,6561,-6700
530,CB,2020-11-02,0 days 15:59:33.078504,278320,134.53,134.44,500,196,-2712,6548
531,CB,2020-11-02,0 days 15:59:34.078830,275032,134.53,134.4,200,500,3188,-2712
532,CB,2020-11-02,0 days 15:59:47.078682,288835,134.55,134.44,400,100,-26388,10382
533,CB,2020-11-02,0 days 15:59:48.083897,289141,134.54,134.46,200,295,1500,-26388
534,CB,2020-11-02,0 days 15:59:56.080918,290254,134.65,134.53,300,1966,-5061,4988
535,CBRE,2020-11-02,0 days 15:55:00.113140,233332,52.56,52.55,200,401,235203,-7075
536,CBRE,2020-11-02,0 days 15:59:24.116653,509958,52.67,52.64,100,700,-86661,70464
537,CBRE,2020-11-02,0 days 15:59:25.115032,506760,52.61,52.54,1000,100,7698,-86661
538,CBRE,2020-11-02,0 days 15:59:26.115677,509958,52.66,52.58,2036,200,-2552,7698
539,CBRE,2020-11-02,0 days 15:59:27.115196,506764,52.66,52.58,300,200,3194,-2552
540,CBRE,2020-11-02,0 days 15:59:36.116396,506591,52.69,52.62,200,407,-3804,3933
541,CBRE,2020-11-02,0 days 15:59:37.115126,505819,52.7,52.62,100,407,772,-3804
542,CBRE,2020-11-02,0 days 15:59:41.115462,507218,52.7,52.65,100,400,-517,1499
543,CBRE,2020-11-02,0 days 15:59:43.115542,505719,52.7,52.65,100,307,1764,-517
544,CBRE,2020-11-02,0 days 15:59:49.116378,519247,52.67,52.64,100,100,61,-11861
545,CBRE,2020-11-02,0 days 15:59:50.120203,510908,52.67,52.64,100,100,-6950,61
546,CBRE,2020-11-02,0 days 15:59:51.118087,518225,52.67,52.58,621,700,1083,-6950
547,CBRE,2020-11-02,0 days 16:00:00.166810,510908,52.74,52.6,664,200,-6950,7305
548,CCC,2020-11-02,0 days 15:55:01.009782,53902,27.84,27.82,1289,200,-16012,20300
549,CCC,2020-11-02,0 days 15:55:02.005704,52214,27.84,27.82,1389,400,1688,-16012
550,CCC,2020-11-02,0 days 15:56:46.010062,53971,27.87,27.85,900,569,-1472,184
551,CCC,2020-11-02,0 days 15:56:47.010253,53843,27.86,27.85,100,514,128,-1472
552,CCC,2020-11-02,0 days 15:58:08.013876,55871,27.88,27.75,100,400,-13791,809
553,CCC,2020-11-02,0 days 15:58:09.013813,57462,27.85,27.75,215,400,11109,-13791
554,CCC,2020-11-02,0 days 15:58:10.013522,57271,27.85,27.76,100,300,-91,11109
555,CCC,2020-11-02,0 days 15:58:31.014804,61258,27.84,27.83,1000,100,1396,-204
556,CCC,2020-11-02,0 days 15:58:32.014439,60754,27.84,27.83,800,200,-504,1396
557,CCC,2020-11-02,0 days 15:59:00.018056,61358,27.85,27.83,400,1022,4838,-504
558,CCC,2020-11-02,0 days 15:59:04.015288,62496,27.85,27.84,200,1028,-117,38
559,CCC,2020-11-02,0 days 15:59:43.012057,73818,27.84,27.83,400,200,423,-606
560,CCC,2020-11-02,0 days 15:59:45.012582,68341,27.88,27.81,100,100,-279,5621
561,CCC,2020-11-02,0 days 15:59:48.013370,76518,27.88,27.8,500,100,12,-3368
562,CCL,2020-11-02,0 days 15:59:02.937820,670428,13.52,13.51,15599,6543,-4588,2303
563,CCL,2020-11-02,0 days 15:59:24.930217,729684,13.51,13.5,12497,19300,13038,-24969
564,CCL,2020-11-02,0 days 15:59:25.930032,751122,13.51,13.5,5575,21045,-22563,13038
565,CCL,2020-11-02,0 days 15:59:26.929850,732785,13.51,13.5,4575,19945,9937,-22563
566,CDE,2020-11-02,0 days 15:55:01.002136,117451,7.43,7.42,7144,6272,-43949,12912
567,CDE,2020-11-02,0 days 15:55:01.997312,116500,7.43,7.42,8148,5320,911,-43949
568,CDE,2020-11-02,0 days 15:55:39.999840,117951,7.43,7.42,7314,9622,-1450,1950
569,CDE,2020-11-02,0 days 15:55:40.999762,116801,7.43,7.42,8914,8822,1150,-1450
570,CDE,2020-11-02,0 days 15:55:45.000003,118451,7.43,7.42,10114,5408,-1506,1650
571,CDE,2020-11-02,0 days 15:57:18.999258,121351,7.42,7.41,12307,6262,-444,456
572,CDE,2020-11-02,0 days 15:57:20.001287,118995,7.42,7.41,11907,6062,2356,-444
573,CDE,2020-11-02,0 days 15:57:26.999593,121351,7.42,7.41,12307,6393,-2444,2356
574,CDE,2020-11-02,0 days 15:57:28.000111,118995,7.42,7.41,12507,6193,2356,-2444
575,CDE,2020-11-02,0 days 15:58:23.002841,121551,7.42,7.41,4966,10334,-14187,13
576,CDE,2020-11-02,0 days 15:59:06.004803,122312,7.42,7.41,15731,4144,843,-761
577,CDE,2020-11-02,0 days 15:59:13.005572,123155,7.42,7.41,13817,6227,-3147,753
578,CF,2020-11-02,0 days 15:55:00.942354,106187,27.99,27.98,1300,1213,23761,-36496
579,CF,2020-11-02,0 days 15:55:02.938723,105948,27.99,27.98,1208,2209,-239,14161
580,CF,2020-11-02,0 days 15:55:58.943462,110802,28.01,28.0,1426,900,15306,-966
581,CF,2020-11-02,0 days 15:57:48.931703,132012,28.05,28.04,1112,746,-112,888
582,CF,2020-11-02,0 days 15:57:49.931836,131824,28.05,28.04,1112,546,188,-112
583,CF,2020-11-02,0 days 15:57:51.931601,132112,28.04,28.03,1400,357,-1512,2488
584,CF,2020-11-02,0 days 15:57:53.932184,130724,28.04,28.03,1300,200,1388,-312
585,CF,2020-11-02,0 days 15:58:06.934072,130924,28.05,28.04,1400,300,1088,-112
586,CF,2020-11-02,0 days 15:58:15.933956,132112,28.03,28.02,700,900,-392,1208
587,CF,2020-11-02,0 days 15:58:16.934036,131004,28.03,28.02,1064,500,1108,-392
588,CF,2020-11-02,0 days 15:59:37.930893,137531,28.04,28.03,200,1327,11264,-36
589,CFG,2020-11-02,0 days 15:55:00.943466,168421,27.91,27.9,1300,3619,15986,-15103
590,CFG,2020-11-02,0 days 15:55:45.944606,223119,27.96,27.95,5395,1300,-24711,2634
591,CFG,2020-11-02,0 days 15:55:46.943207,221230,27.95,27.94,5696,2775,1889,-24711
592,CFG,2020-11-02,0 days 15:59:19.930472,324748,27.94,27.93,1266,6408,-5663,2119
593,CFG,2020-11-02,0 days 15:59:20.929641,320411,27.94,27.93,3167,5419,4337,-5663
594,CFG,2020-11-02,0 days 15:59:42.931550,382210,27.98,27.97,2352,6827,-1407,1765
595,CFG,2020-11-02,0 days 15:59:47.930626,378207,27.99,27.98,1923,8054,12458,-14169
596,CGC,2020-11-02,0 days 15:55:00.502191,87288,21.07,21.05,1400,438,-50,52810
597,CGC,2020-11-02,0 days 15:55:12.503630,82876,21.04,21.03,402,3000,4412,-741
598,CGC,2020-11-02,0 days 15:56:17.504765,87464,20.95,20.94,900,1185,-1702,948
599,CGC,2020-11-02,0 days 15:56:18.505013,83566,20.95,20.94,1208,1285,3898,-1702
600,CGC,2020-11-02,0 days 15:59:02.509902,95752,20.88,20.87,4186,300,-131,669
601,CGC,2020-11-02,0 days 15:59:04.510590,92804,20.88,20.87,3588,500,1448,-3552
602,CGC,2020-11-02,0 days 15:59:20.503471,100011,20.88,20.87,3974,500,-393,7207
603,CGC,2020-11-02,0 days 15:59:39.503147,96873,20.9,20.89,400,338,741,-6259
604,CGC,2020-11-02,0 days 15:59:48.504124,94553,20.93,20.92,800,1500,467,-1536
605,CHGG,2020-11-02,0 days 15:56:04.229903,100245,72.91,72.86,200,200,1169,-1531
606,CHGG,2020-11-02,0 days 15:56:05.229513,99014,72.91,72.86,200,200,-1031,1169
607,CHGG,2020-11-02,0 days 15:57:14.229039,99253,72.88,72.84,200,358,-1147,53
608,CHGG,2020-11-02,0 days 15:57:37.230611,100900,72.86,72.85,200,100,53,-147
609,CHGG,2020-11-02,0 days 15:57:38.230221,100253,72.86,72.84,200,355,-647,53
610,CHGG,2020-11-02,0 days 15:57:42.229780,100900,72.85,72.81,100,240,53,-147
611,CHGG,2020-11-02,0 days 15:57:43.230098,100153,72.85,72.83,200,100,-747,53
612,CHGG,2020-11-02,0 days 15:58:31.232158,102064,72.79,72.72,100,204,2655,-845
613,CHGG,2020-11-02,0 days 15:58:32.231936,101619,72.82,72.74,300,359,-445,2655
614,CHGG,2020-11-02,0 days 15:59:10.232987,102235,72.76,72.71,200,305,1151,-249
615,CHGG,2020-11-02,0 days 15:59:11.233040,101986,72.76,72.71,369,205,-249,1151
616,CHGG,2020-11-02,0 days 15:59:14.233308,102235,72.79,72.71,100,200,151,-749
617,CHGG,2020-11-02,0 days 15:59:46.230475,110130,72.89,72.82,100,167,-617,1495
618,CHWY,2020-11-02,0 days 15:58:00.508988,51937,60.89,60.86,100,300,-1535,20354
619,CHWY,2020-11-02,0 days 15:59:06.511220,48364,60.85,60.67,100,897,-3041,15462
620,CHWY,2020-11-02,0 days 15:59:09.510996,50630,60.71,60.67,300,197,2582,-3041
621,CHWY,2020-11-02,0 days 15:59:11.511399,49543,60.77,60.67,200,297,-1087,2582
622,CHWY,2020-11-02,0 days 15:59:16.506196,50630,60.73,60.67,330,100,2582,-1087
623,CHX,2020-11-02,0 days 15:55:01.010992,166308,9.29,9.28,2613,4773,-27469,23462
624,CHX,2020-11-02,0 days 15:55:02.005855,161891,9.29,9.28,2313,4773,4417,-27469
625,CHX,2020-11-02,0 days 15:58:15.014255,172559,9.3,9.29,1088,1300,1110,-2190
626,CHX,2020-11-02,0 days 15:58:17.014047,173869,9.3,9.29,1154,1103,-190,1110
627,CHX,2020-11-02,0 days 15:58:18.014253,172559,9.3,9.29,1354,1003,1110,-190
628,CHX,2020-11-02,0 days 15:59:38.012339,177996,9.31,9.3,1175,2200,-19226,1574
629,CI,2020-11-02,0 days 15:55:01.011574,181555,174.48,174.36,200,100,36546,-26088
630,CI,2020-11-02,0 days 15:55:02.006209,180101,174.64,174.41,100,237,-1509,36546
631,CI,2020-11-02,0 days 15:55:44.007846,181920,174.75,174.69,136,300,816,-658
632,CI,2020-11-02,0 days 15:55:45.007955,181736,174.75,174.69,136,200,-184,816
633,CI,2020-11-02,0 days 15:56:36.009093,182003,174.79,174.72,102,393,51,-149
634,CI,2020-11-02,0 days 15:56:37.009245,181854,174.79,174.72,102,401,-149,51
635,CI,2020-11-02,0 days 15:56:42.009354,182203,174.79,174.73,100,208,251,-249
636,CI,2020-11-02,0 days 15:56:43.009361,182054,174.77,174.72,200,200,-149,251
637,CI,2020-11-02,0 days 15:57:36.011465,186803,174.87,174.75,100,200,350,-350
638,CI,2020-11-02,0 days 15:57:37.013662,186243,175.03,174.78,400,210,-4075,350
639,CI,2020-11-02,0 days 15:57:46.012226,191818,174.92,174.81,100,330,3225,-1775
640,CI,2020-11-02,0 days 15:57:47.011822,190743,175.01,174.82,700,220,-2475,3225
641,CI,2020-11-02,0 days 15:58:00.014407,192333,174.87,174.72,300,100,1012,-1688
642,CI,2020-11-02,0 days 15:58:01.013286,192126,174.85,174.72,300,100,-207,1012
643,CI,2020-11-02,0 days 15:58:07.021947,197118,174.87,174.8,100,100,1118,-1607
644,CI,2020-11-02,0 days 15:58:08.014022,195526,174.87,174.8,200,200,-3152,1118
645,CI,2020-11-02,0 days 15:58:13.013512,205702,174.84,174.8,100,150,834,-2691
646,CI,2020-11-02,0 days 15:58:14.013907,203336,174.84,174.8,100,150,-2366,834
647,CI,2020-11-02,0 days 15:58:36.014783,203067,174.73,174.63,185,100,292,-2208
648,CI,2020-11-02,0 days 15:58:37.014992,201159,174.68,174.55,100,239,-1608,292
649,CI,2020-11-02,0 days 15:59:11.015999,197003,174.67,174.53,100,315,-4126,3274
650,CI,2020-11-02,0 days 15:59:14.015695,201784,174.66,174.56,500,200,7019,-381
651,CI,2020-11-02,0 days 15:59:16.012154,197203,174.81,174.67,100,100,-7281,2819
652,CI,2020-11-02,0 days 15:59:17.011360,205784,174.93,174.77,100,500,18614,-7281
653,CIEN,2020-11-02,0 days 15:59:19.105098,177408,39.11,39.1,998,200,-8101,2050
654,CIG,2020-11-02,0 days 15:59:47.228985,219345,1.86,1.85,168346,127372,-1190,883
655,CIG,2020-11-02,0 days 15:59:48.230542,215135,1.86,1.85,168346,127372,4210,-1190
656,CIM,2020-11-02,0 days 15:55:01.009692,112906,8.6,8.59,3627,17454,-46927,60094
657,CIM,2020-11-02,0 days 15:55:02.005671,108633,8.6,8.59,3627,18154,4273,-46927
658,CIM,2020-11-02,0 days 15:58:08.013797,113206,8.61,8.6,21205,1838,-1504,596
659,CIM,2020-11-02,0 days 15:58:09.013786,109510,8.61,8.6,20805,938,3396,-1504
660,CIM,2020-11-02,0 days 15:59:05.015568,112477,8.61,8.6,13358,6548,-548,2415
661,CIM,2020-11-02,0 days 15:59:13.016290,110247,8.61,8.6,13627,10152,2230,-548
662,CIT,2020-11-02,0 days 15:55:01.000927,90565,30.5,30.46,200,416,18459,-6832
663,CL,2020-11-02,0 days 15:55:01.000865,287197,79.85,79.84,100,1400,29716,-73553
664,CL,2020-11-02,0 days 15:55:01.996938,284613,79.88,79.86,500,200,-2584,29716
665,CL,2020-11-02,0 days 15:55:43.000253,302335,79.97,79.96,503,600,16822,-3431
666,CL,2020-11-02,0 days 15:55:43.999840,300457,79.97,79.96,504,300,-1878,16822
667,CL,2020-11-02,0 days 15:56:46.001509,303616,80.01,80.0,300,577,-2550,1150
668,CL,2020-11-02,0 days 15:57:15.999712,305298,80.02,80.0,700,1162,-868,1732
669,CL,2020-11-02,0 days 15:57:40.001340,306166,80.07,80.06,700,397,167,-833
670,CL,2020-11-02,0 days 15:57:41.999788,305033,80.08,80.07,504,432,-1133,1367
671,CL,2020-11-02,0 days 15:57:42.999989,306285,80.08,80.07,104,1034,2048,-1133
672,CL,2020-11-02,0 days 15:57:43.999881,304233,80.08,80.07,104,1313,-1933,2048
673,CL,2020-11-02,0 days 15:57:47.000315,306285,80.09,80.08,900,291,456,-952
674,CL,2020-11-02,0 days 15:57:49.000276,305441,80.09,80.08,104,1061,-844,756
675,CL,2020-11-02,0 days 15:57:51.000507,306585,80.09,80.08,904,510,4256,-1144
676,CL,2020-11-02,0 days 15:57:52.000833,304341,80.09,80.08,909,118,-2244,4256
677,CL,2020-11-02,0 days 15:58:03.001735,306335,80.1,80.09,213,1563,2406,-394
678,CL,2020-11-02,0 days 15:58:04.002647,305441,80.12,80.11,709,206,-894,2406
679,CL,2020-11-02,0 days 15:58:10.001598,306216,80.07,80.06,400,410,25,-875
680,CL,2020-11-02,0 days 15:58:11.001988,304341,80.08,80.07,1180,232,-1875,25
681,CL,2020-11-02,0 days 15:58:15.002320,306816,80.03,80.01,100,500,3425,-2475
682,CL,2020-11-02,0 days 15:58:28.002845,306296,80.05,80.04,108,1377,-1087,3213
683,CL,2020-11-02,0 days 15:59:13.005360,320856,80.05,80.03,300,100,-2891,9
684,CL,2020-11-02,0 days 15:59:14.004482,320147,80.05,80.02,300,500,709,-2891
685,CL,2020-11-02,0 days 15:59:16.997937,377791,80.12,80.11,160,400,-2599,60644
686,CL,2020-11-02,0 days 15:59:17.997786,381961,80.06,80.03,300,355,8712,-2599
687,CLDR,2020-11-02,0 days 15:55:01.000968,181158,9.79,9.78,3498,8142,-52965,74927
688,CLDR,2020-11-02,0 days 15:55:01.997068,174623,9.79,9.78,3598,7882,6535,-52965
689,CLDR,2020-11-02,0 days 15:55:43.000397,181158,9.79,9.78,3784,19808,-7245,6534
690,CLDR,2020-11-02,0 days 15:55:43.999878,175903,9.79,9.78,3984,19508,5255,-7245
691,CLDR,2020-11-02,0 days 15:57:38.000438,181158,9.81,9.8,2853,5357,-340,660
692,CLDR,2020-11-02,0 days 15:57:43.000025,176498,9.81,9.8,3653,5157,4660,-340
693,CLDR,2020-11-02,0 days 15:58:06.002446,178515,9.81,9.8,200,7670,-5597,3510
694,CLDR,2020-11-02,0 days 15:59:31.995298,179325,9.82,9.81,7947,6928,-4173,1169
695,CLDR,2020-11-02,0 days 15:59:37.995032,178898,9.82,9.81,8137,4914,427,-1173
696,CLDR,2020-11-02,0 days 15:59:39.995460,179325,9.82,9.81,7837,8714,-9173,427
697,CLF,2020-11-02,0 days 15:59:15.242647,266628,8.29,8.28,11296,13989,-18077,3955
698,CLF,2020-11-02,0 days 15:59:16.242174,259405,8.29,8.28,7796,14589,7223,-18077
699,CLF,2020-11-02,0 days 15:59:32.241886,246694,8.3,8.29,25864,12381,12172,-2182
700,CLF,2020-11-02,0 days 15:59:45.243237,258966,8.3,8.29,16032,23364,-1128,872
701,CLF,2020-11-02,0 days 15:59:48.243859,255494,8.3,8.29,16032,22468,3472,-1128
702,CLNY,2020-11-02,0 days 15:59:17.104721,375003,3.67,3.66,8901,36562,11313,-40987
703,CLR,2020-11-02,0 days 15:59:47.106274,123207,12.54,12.53,200,3317,-2658,921
704,CLX,2020-11-02,0 days 15:55:00.233400,113633,215.86,215.54,100,106,-14665,8940
705,CLX,2020-11-02,0 days 15:55:18.232686,128300,215.76,215.51,284,500,1692,-14508
706,CLX,2020-11-02,0 days 15:57:55.238697,146803,216.43,216.2,400,100,-1420,1037
707,CLX,2020-11-02,0 days 15:59:24.241558,163676,216.2,215.38,400,200,-3165,1742
708,CLX,2020-11-02,0 days 15:59:25.241354,162341,216.2,215.38,400,200,435,-3165
709,CLX,2020-11-02,0 days 15:59:47.242358,163720,216.2,215.65,300,100,-21,233
710,CLX,2020-11-02,0 days 15:59:55.243737,160420,216.2,215.71,300,600,-1474,1479
711,CNC,2020-11-02,0 days 15:55:00.942445,295973,62.29,62.27,600,700,-182901,51528
712,CNC,2020-11-02,0 days 15:59:17.930077,563358,62.38,62.32,520,300,426,-1574
713,CNC,2020-11-02,0 days 15:59:23.932556,564562,62.4,62.38,100,213,-5896,5104
714,CNC,2020-11-02,0 days 15:59:29.930049,588321,62.39,62.38,100,100,2857,-5859
715,CNC,2020-11-02,0 days 15:59:30.930892,586756,62.39,62.38,300,207,-1565,2857
716,CNK,2020-11-02,0 days 15:55:44.114042,87675,8.33,8.32,2208,9524,-252,493
717,CNP,2020-11-02,0 days 15:55:00.227559,366112,21.45,21.44,16883,3060,-4655,71658
718,CNP,2020-11-02,0 days 15:55:58.228694,347347,21.45,21.44,13524,8035,599,-2108
719,CNP,2020-11-02,0 days 15:56:00.228973,345811,21.45,21.44,14624,5086,-1536,64
720,CNP,2020-11-02,0 days 15:56:17.227988,347535,21.45,21.44,12156,5680,1200,-1274
721,CNP,2020-11-02,0 days 15:56:18.228309,346235,21.45,21.44,12356,6280,-1300,1200
722,CNP,2020-11-02,0 days 15:56:27.228559,343795,21.45,21.44,12240,6490,3697,-203
723,CNP,2020-11-02,0 days 15:56:33.229118,343692,21.46,21.45,5277,7910,-103,3697
724,CNP,2020-11-02,0 days 15:57:16.228063,345733,21.46,21.45,2246,9100,59,-1741
725,CNP,2020-11-02,0 days 15:57:22.228723,345548,21.46,21.45,4044,5812,-185,59
726,CNP,2020-11-02,0 days 15:57:33.229075,345733,21.46,21.45,5835,7100,15,-185
727,CNP,2020-11-02,0 days 15:58:22.231020,358232,21.47,21.46,5863,2400,-1143,1668
728,CNP,2020-11-02,0 days 15:58:23.231211,356775,21.47,21.46,6340,2400,1457,-1143
729,CNP,2020-11-02,0 days 15:58:55.231372,357775,21.47,21.45,9603,6500,457,-143
730,CNP,2020-11-02,0 days 15:59:17.227375,353537,21.49,21.48,2631,9836,31605,-1200
731,CNP,2020-11-02,0 days 15:59:18.227347,383842,21.49,21.48,1700,9328,-5389,31605
732,CNP,2020-11-02,0 days 15:59:19.227467,382131,21.49,21.48,3711,8418,111,-5389
733,CNP,2020-11-02,0 days 15:59:26.227547,384623,21.48,21.47,5683,6886,-18728,1192
734,CNP,2020-11-02,0 days 15:59:34.227855,403183,21.48,21.47,5856,8727,3040,-4235
735,CNP,2020-11-02,0 days 15:59:35.231108,401623,21.48,21.47,7025,7327,-1560,3040
736,CNQ,2020-11-02,0 days 15:56:45.086623,40944,16.22,16.21,13600,2300,-124,1976
737,CNQ,2020-11-02,0 days 15:56:46.087321,40068,16.21,16.2,4205,11300,876,-124
738,CNQ,2020-11-02,0 days 15:57:23.079917,41444,16.22,16.21,16944,2642,-224,876
739,CNQ,2020-11-02,0 days 15:57:24.079967,40468,16.22,16.21,16844,2668,976,-224
740,CNQ,2020-11-02,0 days 15:58:15.082814,41844,16.22,16.21,8467,7219,-4224,6476
741,CNQ,2020-11-02,0 days 15:58:16.081205,41368,16.22,16.21,9067,6819,376,-4224
742,CNQ,2020-11-02,0 days 15:58:19.081191,41844,16.21,16.2,5000,14945,-3624,6776
743,CNQ,2020-11-02,0 days 15:59:05.084373,41336,16.21,16.2,2000,11567,79,-578
744,CNQ,2020-11-02,0 days 15:59:08.083643,39337,16.21,16.2,6500,7767,-1999,7
745,CNQ,2020-11-02,0 days 15:59:09.084201,37736,16.21,16.2,13667,2297,1601,-1999
746,CNQ,2020-11-02,0 days 15:59:21.077354,39637,16.21,16.2,16170,2299,-6679,665
747,CNX,2020-11-02,0 days 15:59:15.242440,578211,9.69,9.68,8368,3047,-3253,16326
748,CNX,2020-11-02,0 days 15:59:18.240954,562005,9.69,9.68,8568,2864,5406,-3253
749,CNX,2020-11-02,0 days 15:59:38.241860,567411,9.69,9.68,3022,6455,-30057,1543
750,CNX,2020-11-02,0 days 15:59:39.243182,563168,9.69,9.68,4222,4528,4243,-30057
751,COF,2020-11-02,0 days 15:59:15.242377,481457,75.42,75.36,100,455,-14332,180536
752,COF,2020-11-02,0 days 15:59:16.241897,477591,75.4,75.33,300,337,9554,-14332
753,COF,2020-11-02,0 days 15:59:18.240903,486845,75.44,75.34,200,498,-22075,7567
754,COF,2020-11-02,0 days 15:59:22.240900,480625,75.43,75.37,500,100,3320,-2556
755,COF,2020-11-02,0 days 15:59:31.242148,478931,75.49,75.4,300,300,-2454,1046
756,COF,2020-11-02,0 days 15:59:32.241653,476285,75.49,75.4,200,672,2646,-2454
757,COF,2020-11-02,0 days 15:59:36.242070,481720,75.54,75.48,350,969,-665,5735
758,COF,2020-11-02,0 days 15:59:38.241786,479985,75.54,75.48,100,901,2035,-665
759,COG,2020-11-02,0 days 15:55:00.101505,315236,17.4,17.39,14391,887,-79883,79572
760,COG,2020-11-02,0 days 15:55:01.101669,313119,17.39,17.38,1900,4087,2117,-79883
761,COG,2020-11-02,0 days 15:56:01.103946,367929,17.44,17.43,4670,1144,-162,3994
762,COG,2020-11-02,0 days 15:56:03.103455,325991,17.43,17.42,310,6705,2724,-39376
763,COG,2020-11-02,0 days 15:59:21.105549,421717,17.42,17.41,2001,7754,-5622,8270
764,COG,2020-11-02,0 days 15:59:22.105407,414839,17.42,17.41,2201,7008,6878,-5622
765,COP,2020-11-02,0 days 15:55:00.113322,709543,30.08,30.07,1009,5200,-34108,53553
766,COP,2020-11-02,0 days 15:56:13.114673,748211,30.07,30.06,798,5800,7211,-620
767,COP,2020-11-02,0 days 15:56:47.115624,754637,30.12,30.11,2585,3520,-12274,7626
768,COP,2020-11-02,0 days 15:57:25.112394,767009,30.11,30.1,1398,5735,519,-6781
769,COP,2020-11-02,0 days 15:57:36.112875,747330,30.14,30.13,1057,4447,-19679,46719
770,COP,2020-11-02,0 days 15:58:01.115187,753897,30.15,30.14,1256,4930,5077,-8035
771,COP,2020-11-02,0 days 15:58:02.115621,733474,30.16,30.14,2608,10940,-15423,5077
772,COP,2020-11-02,0 days 15:59:06.117519,747812,30.13,30.12,2315,1400,-7214,86311
773,COP,2020-11-02,0 days 15:59:11.117583,754611,30.12,30.1,5805,3100,-632,3462
774,COP,2020-11-02,0 days 15:59:38.116643,1056160,30.18,30.17,2410,5100,-44451,205860
775,COP,2020-11-02,0 days 15:59:41.115480,1044979,30.18,30.17,3302,4324,7981,-70619
776,COTY,2020-11-02,0 days 15:59:07.015212,170279,3.04,3.03,19272,66732,887,-3155
777,COTY,2020-11-02,0 days 15:59:31.013231,191427,3.04,3.03,20576,89529,-4852,8487
778,COTY,2020-11-02,0 days 15:59:32.011638,189879,3.04,3.03,18276,92479,1548,-4852
779,COTY,2020-11-02,0 days 15:59:36.012321,191427,3.04,3.03,20301,91224,-12152,14348
780,COTY,2020-11-02,0 days 15:59:37.012207,190679,3.04,3.03,29801,91624,748,-12152
781,COTY,2020-11-02,0 days 15:59:39.012956,191427,3.04,3.03,29101,93824,-34952,748
782,COTY,2020-11-02,0 days 15:59:40.012244,190679,3.04,3.03,29101,91524,748,-34952
783,CPRI,2020-11-02,0 days 15:55:35.232829,162797,22.16,22.15,3592,1195,2367,-4644
784,CPRI,2020-11-02,0 days 15:55:36.232699,159464,22.16,22.15,3396,1395,-3323,2367
785,CPRI,2020-11-02,0 days 15:59:39.241804,232806,22.06,22.05,1900,700,433,-7567
786,CRK,2020-11-02,0 days 15:56:44.506041,62395,5.32,5.31,4892,5203,-128,2072
787,CRK,2020-11-02,0 days 15:56:45.506189,59923,5.32,5.31,4892,3237,2472,-128
788,CRK,2020-11-02,0 days 15:59:21.505108,78582,5.32,5.31,1934,4800,-651,6330
789,CRK,2020-11-02,0 days 15:59:25.504029,76033,5.32,5.31,2788,2339,2549,-3651
790,CRK,2020-11-02,0 days 15:59:45.504263,79971,5.32,5.31,1103,7115,-1485,1115
791,CRM,2020-11-02,0 days 15:55:06.228018,374643,232.12,232.04,200,300,-9199,9415
792,CRM,2020-11-02,0 days 15:55:07.227552,371742,232.12,232.04,400,700,2901,-9199
793,CRM,2020-11-02,0 days 15:55:18.228467,374323,232.21,232.14,200,400,-1111,476
794,CRM,2020-11-02,0 days 15:55:19.228866,371934,232.23,232.19,300,300,2384,-1111
795,CRM,2020-11-02,0 days 15:56:30.229313,380789,232.64,232.56,300,985,-1022,2478
796,CRM,2020-11-02,0 days 15:56:31.229069,378211,232.62,232.56,100,785,2578,-1022
797,CRM,2020-11-02,0 days 15:58:08.230985,416406,232.47,232.37,100,200,-11866,17951
798,CRM,2020-11-02,0 days 15:58:09.231342,412372,232.47,232.37,385,100,4034,-11866
799,CRM,2020-11-02,0 days 15:58:15.231176,413056,232.36,232.29,300,100,-685,2815
800,CRM,2020-11-02,0 days 15:58:16.232390,407641,232.31,232.15,810,209,10615,-685
801,CRM,2020-11-02,0 days 15:58:30.231891,423778,232.29,232.19,300,220,-683,2817
802,CRM,2020-11-02,0 days 15:58:31.231997,420361,232.23,232.15,100,200,3417,-683
803,CRM,2020-11-02,0 days 15:59:16.231036,450009,232.07,231.93,100,566,-31401,4796
804,CRM,2020-11-02,0 days 15:59:17.228212,448624,232.02,231.82,307,100,1775,-31401
805,CRM,2020-11-02,0 days 15:59:20.228137,453376,232.02,231.85,300,100,-7900,6587
806,CRM,2020-11-02,0 days 15:59:21.227924,452338,231.91,231.79,100,200,5901,-7900
807,CRM,2020-11-02,0 days 15:59:26.228236,491787,232.16,232.0,100,120,-2112,3671
808,CRM,2020-11-02,0 days 15:59:27.227872,487854,232.2,231.92,100,100,8678,-2112
809,CRM,2020-11-02,0 days 15:59:35.231836,490389,232.06,232.01,136,100,4835,-3148
810,CRM,2020-11-02,0 days 15:59:36.229098,488279,232.12,232.01,400,770,-3784,4835
811,CRM,2020-11-02,0 days 15:59:38.229079,481811,232.12,232.07,100,100,11713,-3784
812,CRM,2020-11-02,0 days 15:59:47.228945,501468,232.23,232.04,400,200,-428,6443
813,CRM,2020-11-02,0 days 15:59:49.229910,497993,232.24,232.11,406,100,2412,-723
814,CRM,2020-11-02,0 days 15:59:58.231182,484639,232.48,232.21,158,400,-1386,2751
815,CS,2020-11-02,0 days 15:55:01.011482,68875,9.64,9.63,49949,24901,-32734,45106
816,CS,2020-11-02,0 days 15:55:02.006052,64509,9.64,9.63,51649,34866,4366,-32734
817,CS,2020-11-02,0 days 15:58:16.013842,70975,9.64,9.63,113328,6965,-22200,32600
818,CS,2020-11-02,0 days 15:58:17.014093,66975,9.64,9.63,113328,6965,4000,-22200
819,CS,2020-11-02,0 days 15:59:01.015739,70975,9.63,9.62,109078,73142,-19395,26605
820,CS,2020-11-02,0 days 15:59:02.015724,68370,9.63,9.62,106978,73066,2605,-19395
821,CS,2020-11-02,0 days 15:59:36.012529,74290,9.63,9.62,44475,104237,-11726,14774
822,CS,2020-11-02,0 days 15:59:37.012400,73116,9.63,9.62,46275,103837,1174,-11726
823,CS,2020-11-02,0 days 15:59:46.013793,74290,9.63,9.62,55277,101198,-5508,974
824,CS,2020-11-02,0 days 15:59:47.012478,73598,9.63,9.62,55175,100898,692,-5508
825,CTVA,2020-11-02,0 days 15:59:38.241931,647071,33.45,33.44,200,1966,9233,-24550
826,CTVA,2020-11-02,0 days 15:59:39.243271,612004,33.46,33.45,115,2411,-35067,9233
827,CTVA,2020-11-02,0 days 15:59:47.242279,647067,33.47,33.45,1100,1018,1527,-2140
828,CTVA,2020-11-02,0 days 15:59:48.243815,646326,33.47,33.45,900,1001,-741,1527
829,CTVA,2020-11-02,0 days 15:59:51.243437,647067,33.46,33.45,400,858,4060,-13810
830,CUK,2020-11-02,0 days 15:55:01.011944,18728,11.62,11.6,3600,2660,-10510,13787
831,CUK,2020-11-02,0 days 15:55:02.006404,17638,11.61,11.6,300,3200,1090,-10510
832,CUK,2020-11-02,0 days 15:56:46.010224,18728,11.6,11.59,200,2242,-1487,590
833,CUK,2020-11-02,0 days 15:56:47.010316,17815,11.6,11.59,100,3017,913,-1487
834,CUK,2020-11-02,0 days 15:59:46.014011,20218,11.6,11.59,400,895,-1392,513
835,CUK,2020-11-02,0 days 15:59:47.012564,19996,11.61,11.59,2800,2678,222,-1392
836,CVA,2020-11-02,0 days 15:55:00.942661,103907,10.4,10.39,4354,2829,-17136,22666
837,CVA,2020-11-02,0 days 15:55:01.940427,102143,10.4,10.39,5258,2829,1764,-17136
838,CVA,2020-11-02,0 days 15:59:01.936078,127687,10.42,10.41,2765,1199,-363,2837
839,CVA,2020-11-02,0 days 15:59:05.937568,137209,10.4,10.39,1876,1906,2498,-4622
840,CVA,2020-11-02,0 days 15:59:45.931607,140874,10.43,10.42,4723,1084,-110,2121
841,CVA,2020-11-02,0 days 15:59:47.930590,141884,10.43,10.42,4223,1084,518,-110
842,CVE,2020-11-02,0 days 15:59:36.012529,96150,3.44,3.43,315277,214600,-58831,69069
843,CVE,2020-11-02,0 days 15:59:37.012400,92681,3.44,3.43,311403,219204,3469,-58831
844,CVE,2020-11-02,0 days 15:59:49.013618,85681,3.45,3.44,211740,504116,7331,-969
845,CVNA,2020-11-02,0 days 15:59:24.106205,41205,184.76,184.04,300,100,1417,-170
846,CVNA,2020-11-02,0 days 15:59:31.107455,41357,184.77,184.45,400,100,-302,636
847,CVNA,2020-11-02,0 days 15:59:32.105909,40959,184.77,184.45,500,100,398,-302
848,CVNA,2020-11-02,0 days 15:59:40.106505,41357,184.77,184.65,200,269,-157,198
849,CVNA,2020-11-02,0 days 15:59:44.106886,41159,184.7,184.34,100,150,198,-157
850,CVS,2020-11-02,0 days 15:56:40.943585,706464,58.04,58.03,2363,1404,9481,-5057
851,CVS,2020-11-02,0 days 15:56:47.944501,720845,58.06,58.05,1490,1079,-265,14381
852,CVS,2020-11-02,0 days 15:56:48.945098,721110,58.05,58.04,100,2509,519,-265
853,CVS,2020-11-02,0 days 15:57:33.932399,726006,58.1,58.09,1500,300,-797,3503
854,CVS,2020-11-02,0 days 15:59:00.936699,726337,58.02,58.01,100,1100,-9474,12302
855,CVS,2020-11-02,0 days 15:59:03.935432,736903,58.04,58.03,616,500,168,-4066
856,CVS,2020-11-02,0 days 15:59:04.935750,737071,58.03,58.02,1000,500,-3732,168
857,CVS,2020-11-02,0 days 15:59:15.930998,745409,58.04,58.03,316,901,68174,-1438
858,CVS,2020-11-02,0 days 15:59:18.930022,794214,58.09,58.08,400,700,-1835,1620
859,CVS,2020-11-02,0 days 15:59:24.930109,794214,58.08,58.07,1000,100,-12607,8634
860,CVS,2020-11-02,0 days 15:59:29.930003,794917,58.07,58.06,165,1100,-409,96
861,CVS,2020-11-02,0 days 15:59:38.931106,804327,58.06,58.04,800,1010,73290,-541
862,CVS,2020-11-02,0 days 15:59:39.931422,803817,58.08,58.07,1097,500,-510,73290
863,CVS,2020-11-02,0 days 15:59:43.931481,804358,58.07,58.06,490,810,82467,-84890
864,CVS,2020-11-02,0 days 15:59:44.930782,803338,58.08,58.07,600,100,-1189,82467
865,CVS,2020-11-02,0 days 15:59:45.931448,805058,58.08,58.07,100,310,1019,-1189
866,CVX,2020-11-02,0 days 15:55:01.011726,690329,72.01,71.99,310,500,53173,-47053
867,CVX,2020-11-02,0 days 15:57:38.011116,778128,72.14,72.12,693,500,-2836,9564
868,CVX,2020-11-02,0 days 15:57:39.011389,771964,72.13,72.11,352,1214,8264,-2836
869,CVX,2020-11-02,0 days 15:59:01.015754,813892,72.0,71.99,100,469,-662,4820
870,CVX,2020-11-02,0 days 15:59:03.017593,814554,72.01,72.0,450,500,626,-615
871,CVX,2020-11-02,0 days 15:59:29.011983,960785,72.09,72.06,1010,843,-1727,1973
872,CVX,2020-11-02,0 days 15:59:31.013496,955511,72.09,72.06,300,600,5274,-3508
873,CVX,2020-11-02,0 days 15:59:38.012367,967848,72.11,72.09,399,400,-3333,6270
874,CVX,2020-11-02,0 days 15:59:39.013111,894759,72.05,72.04,300,100,81347,-3333
875,CVX,2020-11-02,0 days 15:59:42.012501,970222,72.09,72.08,100,662,-1052,262
876,CVX,2020-11-02,0 days 15:59:44.013947,901856,72.1,72.06,400,700,77366,-79105
877,CVX,2020-11-02,0 days 15:59:53.013825,976538,72.13,72.1,100,200,-11370,2785
878,CWH,2020-11-02,0 days 15:55:01.009623,63841,27.35,27.33,300,1200,-11931,10328
879,CWH,2020-11-02,0 days 15:55:40.007691,63992,27.28,27.25,100,540,-235,765
880,CXO,2020-11-02,0 days 15:59:02.111143,349728,43.63,43.62,648,156,-15910,6090
881,CXO,2020-11-02,0 days 15:59:06.111019,347538,43.64,43.62,200,608,2505,-3800
882,CXO,2020-11-02,0 days 15:59:16.105798,357002,43.64,43.63,296,400,-135753,5457
883,CXO,2020-11-02,0 days 15:59:25.105364,480762,43.61,43.58,238,1799,3969,-16831
884,CXO,2020-11-02,0 days 15:59:30.108774,495085,43.65,43.62,800,800,-5377,5740
885,CXO,2020-11-02,0 days 15:59:33.105886,484462,43.66,43.64,300,500,3423,-3277
886,CYH,2020-11-02,0 days 15:55:12.006582,87082,7.12,7.11,1980,3219,2809,-3781
887,CYH,2020-11-02,0 days 15:56:39.009007,90523,7.09,7.08,7023,500,-1963,574
888,CYH,2020-11-02,0 days 15:56:45.009878,92286,7.09,7.07,9722,200,1543,-1363
889,CYH,2020-11-02,0 days 15:56:47.010300,94429,7.09,7.07,9472,600,-957,1543
890,CYH,2020-11-02,0 days 15:56:48.010164,92286,7.09,7.08,9422,500,1543,-957
891,CYH,2020-11-02,0 days 15:57:16.010525,98929,7.08,7.07,5439,3110,-557,2343
892,CYH,2020-11-02,0 days 15:57:17.010247,98086,7.08,7.07,5339,3110,843,-557
893,CYH,2020-11-02,0 days 15:58:04.013655,103669,7.08,7.07,5685,3239,-2092,1108
894,CYH,2020-11-02,0 days 15:58:05.013740,102361,7.08,7.07,5785,2739,508,-2092
895,CYH,2020-11-02,0 days 15:58:52.014777,107869,7.08,7.07,7252,2040,-642,858
896,CYH,2020-11-02,0 days 15:58:53.015328,106411,7.08,7.07,7252,2440,1458,-642
897,CYH,2020-11-02,0 days 15:59:04.015422,103669,7.08,7.07,6635,3539,-1037,558
898,CYH,2020-11-02,0 days 15:59:05.015834,103202,7.08,7.07,6535,3539,467,-1037
899,CYH,2020-11-02,0 days 15:59:20.011073,110448,7.08,7.07,8472,2644,-3540,469
900,CYH,2020-11-02,0 days 15:59:21.010751,109688,7.08,7.07,8372,2744,760,-3540
901,CYH,2020-11-02,0 days 15:59:27.011445,110448,7.08,7.07,8472,1625,-7635,760
902,CYH,2020-11-02,0 days 15:59:28.011765,110083,7.08,7.07,8372,2025,365,-7635
903,CYH,2020-11-02,0 days 15:59:33.012248,115956,7.08,7.07,7454,4897,-727,4773
904,D,2020-11-02,0 days 15:56:16.234413,276745,81.53,81.48,100,316,-2391,4065
905,D,2020-11-02,0 days 15:57:05.235908,280160,81.51,81.49,311,100,11284,-3382
906,D,2020-11-02,0 days 15:57:06.235769,277247,81.53,81.51,400,303,-2913,11284
907,D,2020-11-02,0 days 15:57:25.236866,281173,81.57,81.55,737,305,312,-3788
908,D,2020-11-02,0 days 15:57:26.237038,281485,81.58,81.56,301,339,-488,312
909,D,2020-11-02,0 days 15:57:40.238443,283211,81.62,81.6,200,203,666,-2634
910,D,2020-11-02,0 days 15:57:41.237593,280977,81.63,81.62,729,100,-2234,666
911,D,2020-11-02,0 days 15:58:12.239312,278700,81.58,81.56,200,350,-798,14380
912,D,2020-11-02,0 days 15:58:31.240492,279498,81.52,81.51,200,369,955,-16455
913,D,2020-11-02,0 days 15:58:32.240741,273243,81.57,81.54,300,200,-6255,955
914,D,2020-11-02,0 days 15:58:36.241122,279498,81.53,81.49,800,200,3455,-2955
915,D,2020-11-02,0 days 15:58:37.241297,278463,81.52,81.49,300,100,-911,3455
916,D,2020-11-02,0 days 15:58:44.240878,279374,81.5,81.48,500,200,4288,-9612
917,D,2020-11-02,0 days 15:58:45.240795,278462,81.5,81.48,500,200,-912,4288
918,D,2020-11-02,0 days 15:58:52.240648,279374,81.46,81.43,600,119,1298,-912
919,D,2020-11-02,0 days 15:58:54.240661,276308,81.45,81.43,300,219,-3066,3098
920,D,2020-11-02,0 days 15:59:05.242624,286679,81.51,81.47,200,200,14320,-2894
921,D,2020-11-02,0 days 15:59:10.242176,300899,81.49,81.47,100,100,-959,1041
922,D,2020-11-02,0 days 15:59:11.241798,299958,81.49,81.46,100,100,941,-959
923,D,2020-11-02,0 days 15:59:28.242017,321073,81.56,81.51,200,101,-3452,1037
924,D,2020-11-02,0 days 15:59:29.241995,319125,81.56,81.51,200,101,1948,-3452
925,D,2020-11-02,0 days 15:59:31.242148,323244,81.6,81.56,800,900,-781,7229
926,D,2020-11-02,0 days 15:59:33.242354,321363,81.6,81.55,850,100,1881,-1903
927,D,2020-11-02,0 days 15:59:45.242990,325454,81.63,81.6,600,500,-219,369
928,D,2020-11-02,0 days 15:59:47.242120,324461,81.63,81.61,300,510,3905,-1854
929,DAL,2020-11-02,0 days 15:55:00.943076,339696,30.17,30.16,3029,6820,96575,-40884
930,DB,2020-11-02,0 days 15:58:49.934864,62183,9.64,9.63,78285,51741,4008,-3681
931,DB,2020-11-02,0 days 15:59:35.931004,67926,9.64,9.63,60821,71081,-3910,4690
932,DB,2020-11-02,0 days 15:59:36.930876,67774,9.64,9.63,59721,71081,152,-3910
933,DD,2020-11-02,0 days 15:55:01.002624,193720,58.66,58.63,530,600,24495,-24686
934,DD,2020-11-02,0 days 15:56:08.000838,198414,58.7,58.68,1228,646,-3827,173
935,DD,2020-11-02,0 days 15:57:20.999440,202476,58.63,58.61,100,900,1277,-223
936,DD,2020-11-02,0 days 15:57:37.004067,205276,58.68,58.66,101,200,17,-183
937,DD,2020-11-02,0 days 15:58:00.001047,203571,58.71,58.69,100,1100,-560,895
938,DD,2020-11-02,0 days 15:58:13.002764,206338,58.68,58.66,375,302,-1425,485
939,DD,2020-11-02,0 days 15:58:14.003420,205263,58.66,58.65,100,100,1375,-1425
940,DD,2020-11-02,0 days 15:58:16.002379,187838,58.69,58.66,400,600,-13925,475
941,DD,2020-11-02,0 days 15:58:19.003564,201763,58.69,58.66,300,200,968,-1332
942,DD,2020-11-02,0 days 15:58:31.003206,195831,58.64,58.63,100,100,-4432,1968
943,DD,2020-11-02,0 days 15:58:36.003515,201763,58.64,58.62,200,300,7268,-4132
944,DD,2020-11-02,0 days 15:58:42.003059,201763,58.63,58.61,200,222,17968,-2132
945,DD,2020-11-02,0 days 15:59:01.004927,208818,58.65,58.62,100,100,-1924,4189
946,DD,2020-11-02,0 days 15:59:15.999932,258709,58.72,58.7,100,412,-1254,3701
947,DD,2020-11-02,0 days 15:59:16.998371,259963,58.73,58.7,100,110,6985,-1254
948,DD,2020-11-02,0 days 15:59:42.995005,268769,58.76,58.74,100,300,-1205,76
949,DD,2020-11-02,0 days 15:59:43.995860,268374,58.75,58.73,100,100,395,-1205
950,DD,2020-11-02,0 days 15:59:46.995449,271350,58.79,58.74,900,400,-330,1474
951,DDD,2020-11-02,0 days 15:55:01.000484,162894,5.74,5.73,7603,8262,-81437,103641
952,DDD,2020-11-02,0 days 15:55:02.996022,156431,5.74,5.73,7300,5412,6463,-23437
953,DFS,2020-11-02,0 days 15:55:01.010453,134224,67.04,67.01,564,2131,20333,-33059
954,DFS,2020-11-02,0 days 15:55:46.007724,154867,67.09,67.07,350,200,-4371,2229
955,DFS,2020-11-02,0 days 15:58:55.014461,165690,66.93,66.91,400,300,-620,1080
956,DFS,2020-11-02,0 days 15:59:05.015728,170500,67.02,66.97,362,500,16361,-2125
957,DFS,2020-11-02,0 days 15:59:16.011980,184155,67.04,67.0,400,600,-1649,1204
958,DFS,2020-11-02,0 days 15:59:17.011232,183704,67.06,67.01,300,100,451,-1649
959,DFS,2020-11-02,0 days 15:59:18.011235,184155,67.07,67.04,100,100,-1649,451
960,DFS,2020-11-02,0 days 15:59:20.011000,183474,67.07,67.03,100,2802,681,-1519
961,DFS,2020-11-02,0 days 15:59:24.012230,186042,67.08,67.03,927,3222,-5975,868
962,DFS,2020-11-02,0 days 15:59:45.012658,196169,67.12,67.08,300,1433,139,-1461
963,DFS,2020-11-02,0 days 15:59:48.013416,199308,67.12,67.08,200,200,-2845,373
964,DHI,2020-11-02,0 days 15:57:49.106178,345549,69.14,69.12,1000,419,-5462,538
965,DHI,2020-11-02,0 days 15:58:08.108308,340149,69.14,69.12,300,400,-4351,1149
966,DHI,2020-11-02,0 days 15:59:10.110918,339484,69.03,69.01,100,200,-892,724
967,DHI,2020-11-02,0 days 15:59:16.105464,340876,69.12,69.07,700,1546,74664,-2092
968,DHI,2020-11-02,0 days 15:59:38.106737,390703,69.19,69.17,200,200,-63,147
969,DHI,2020-11-02,0 days 15:59:39.105710,389466,69.17,69.14,100,100,1237,-63
970,DHI,2020-11-02,0 days 15:59:46.107244,390930,69.18,69.14,300,200,-1001,138
971,DHI,2020-11-02,0 days 15:59:47.105979,391236,69.16,69.15,100,100,677,-1001
972,DHI,2020-11-02,0 days 15:59:57.108297,393269,69.17,69.1,156,400,-1462,7692
973,DHR,2020-11-02,0 days 15:56:53.234409,197922,232.49,232.33,213,220,-15499,1935
974,DHR,2020-11-02,0 days 15:57:41.237531,198689,232.49,232.31,100,324,-16941,19159
975,DHR,2020-11-02,0 days 15:57:42.237588,198430,232.48,232.31,100,324,259,-16941
976,DHR,2020-11-02,0 days 15:57:55.238566,215543,232.43,232.33,100,100,-5387,18113
977,DHR,2020-11-02,0 days 15:57:56.238785,212296,232.42,232.33,100,100,3247,-5387
978,DHR,2020-11-02,0 days 15:58:01.239457,210978,232.41,232.33,400,100,-3348,717
979,DHR,2020-11-02,0 days 15:58:46.240931,215439,232.02,231.81,700,100,-761,3639
980,DHR,2020-11-02,0 days 15:58:47.241104,214600,232.02,231.81,500,100,839,-761
981,DHR,2020-11-02,0 days 15:59:01.241027,214361,232.03,231.85,100,100,-1757,638
982,DHR,2020-11-02,0 days 15:59:02.241646,213818,232.03,231.86,100,100,2243,-1757
983,DHR,2020-11-02,0 days 15:59:03.241979,214361,232.1,231.93,100,100,-655,2243
984,DHR,2020-11-02,0 days 15:59:04.241885,213916,232.1,231.97,100,100,45,-655
985,DHR,2020-11-02,0 days 15:59:23.241269,256834,232.43,232.21,600,214,16,-484
986,DHR,2020-11-02,0 days 15:59:28.241936,256850,232.43,232.23,600,100,-284,16
987,DHR,2020-11-02,0 days 15:59:31.242122,254514,232.32,232.16,100,167,2358,-6142
988,DHR,2020-11-02,0 days 15:59:47.242065,266337,232.3,232.15,100,150,-1,6514
989,DHR,2020-11-02,0 days 15:59:48.243538,264438,232.3,232.15,100,150,2269,-1
990,DHT,2020-11-02,0 days 15:55:00.942494,72754,4.9,4.89,7762,19273,-4367,49025
991,DHT,2020-11-02,0 days 15:55:02.938780,67921,4.9,4.89,20896,20101,4833,-30467
992,DHT,2020-11-02,0 days 15:59:04.935810,86341,4.89,4.88,2282,16533,-4835,5073
993,DHT,2020-11-02,0 days 15:59:05.937509,83176,4.89,4.88,2282,18016,2485,-4835
994,DHT,2020-11-02,0 days 15:59:44.930826,85661,4.9,4.89,14319,10086,-889,2111
995,DHT,2020-11-02,0 days 15:59:48.932335,84150,4.9,4.89,13519,11047,1715,-685
996,DIS,2020-11-02,0 days 15:59:24.930261,992191,119.98,119.89,600,534,16735,-6107
997,DIS,2020-11-02,0 days 15:59:28.929877,991934,120.0,119.94,700,400,-257,4489
998,DIS,2020-11-02,0 days 15:59:36.930846,987359,120.03,120.01,100,531,-5846,7340
999,DIS,2020-11-02,0 days 15:59:43.931612,996444,120.02,119.99,575,300,685,-15641
1000,DIS,2020-11-02,0 days 15:59:44.930946,982843,120.04,119.99,300,876,-13601,685
1001,DIS,2020-11-02,0 days 15:59:49.933376,1000314,120.03,120.0,600,300,1453,-1530
1002,DIS,2020-11-02,0 days 15:59:50.933194,997749,120.04,120.0,100,1046,-2565,1453
1003,DKS,2020-11-02,0 days 15:59:45.996100,149528,56.34,56.31,320,200,39,-3218
1004,DKS,2020-11-02,0 days 15:59:48.996692,144067,56.34,56.31,520,100,-5361,39
1005,DOW,2020-11-02,0 days 15:56:16.234387,306056,47.66,47.65,200,1200,380,-4420
1006,DOW,2020-11-02,0 days 15:56:17.234169,300636,47.66,47.65,601,100,-5420,380
1007,DOW,2020-11-02,0 days 15:58:18.239683,307860,47.69,47.68,100,200,10234,-3001
1008,DOW,2020-11-02,0 days 15:58:19.239615,302094,47.7,47.68,100,506,-5766,10234
1009,DOW,2020-11-02,0 days 15:58:38.240816,305419,47.66,47.63,100,100,-2441,2559
1010,DOW,2020-11-02,0 days 15:58:45.240782,305319,47.64,47.62,364,200,-2541,159
1011,DOW,2020-11-02,0 days 15:59:05.242547,317986,47.68,47.66,505,300,33777,-5476
1012,DOW,2020-11-02,0 days 15:59:31.242122,404946,47.73,47.7,273,100,-4810,3524
1013,DOW,2020-11-02,0 days 15:59:32.241653,399456,47.71,47.69,303,183,5090,-4810
1014,DOW,2020-11-02,0 days 15:59:41.242975,404446,47.73,47.7,510,405,-2526,4133
1015,DOW,2020-11-02,0 days 15:59:44.241629,401547,47.74,47.7,600,200,2899,-3901
1016,DRE,2020-11-02,0 days 15:59:16.105798,329500,38.98,38.96,1500,2092,-459,63492
1017,DRE,2020-11-02,0 days 15:59:20.105643,323807,38.97,38.96,1116,700,6213,-14187
1018,DUK,2020-11-02,0 days 15:59:16.115463,406317,93.69,93.66,700,200,11027,-73511
1019,DUK,2020-11-02,0 days 15:59:21.114605,406538,93.7,93.68,100,200,-661,239
1020,DUK,2020-11-02,0 days 15:59:22.114563,407199,93.7,93.68,100,188,865,-661
1021,DUK,2020-11-02,0 days 15:59:47.115288,406325,93.79,93.78,100,400,-14010,2325
1022,DVN,2020-11-02,0 days 15:59:14.242600,515934,9.41,9.4,27081,11699,-4366,17406
1023,DVN,2020-11-02,0 days 15:59:20.241445,501077,9.41,9.4,24981,10191,14857,-4366
1024,DVN,2020-11-02,0 days 15:59:30.245926,508831,9.41,9.4,9486,19870,7303,-20615
1025,DVN,2020-11-02,0 days 15:59:40.242004,508761,9.41,9.4,6738,28567,7373,-35627
1026,DXC,2020-11-02,0 days 15:59:15.999988,198945,18.89,18.88,237,1730,12612,-32084
1027,DXC,2020-11-02,0 days 15:59:27.994427,212919,18.91,18.9,124,3108,-744,4453
1028,DXC,2020-11-02,0 days 15:59:30.995693,215063,18.92,18.9,2000,3045,3858,-2144
1029,DXC,2020-11-02,0 days 15:59:52.996578,215401,18.95,18.94,600,2107,-1962,1338
1030,ED,2020-11-02,0 days 15:59:46.107890,358489,79.84,79.77,400,110,-2779,489
1031,ED,2020-11-02,0 days 15:59:47.106600,356375,79.81,79.75,100,100,2114,-2779
1032,EGHT,2020-11-02,0 days 15:59:24.116653,327718,17.25,17.24,1158,1612,49837,-61013
1033,EGHT,2020-11-02,0 days 15:59:43.115542,369327,17.3,17.29,500,810,-2230,1100
1034,EGHT,2020-11-02,0 days 15:59:44.115385,368057,17.3,17.29,1420,710,1270,-2230
1035,EGHT,2020-11-02,0 days 15:59:46.115647,369327,17.3,17.29,1413,500,-5182,3002
1036,EGHT,2020-11-02,0 days 15:59:47.115185,369276,17.3,17.29,1220,1721,16262,-5182
1037,EGHT,2020-11-02,0 days 15:59:48.117048,385538,17.3,17.29,1320,1721,-2660,16262
1038,EGHT,2020-11-02,0 days 15:59:50.120156,382151,17.3,17.29,1220,1621,3387,-4513
1039,EGO,2020-11-02,0 days 15:55:00.502246,16702,12.68,12.67,6398,2271,63,-6743
1040,EGO,2020-11-02,0 days 15:59:03.510016,23426,12.69,12.68,6317,1307,-28,262
1041,EGO,2020-11-02,0 days 15:59:04.510671,23454,12.69,12.68,6417,728,449,-28
1042,EGO,2020-11-02,0 days 15:59:15.504986,21888,12.69,12.68,5282,2697,-1566,449
1043,EGO,2020-11-02,0 days 15:59:17.503435,23454,12.69,12.68,5682,1682,395,-1566
1044,EGO,2020-11-02,0 days 15:59:20.503556,23849,12.69,12.68,6682,1402,-44,395
1045,EGO,2020-11-02,0 days 15:59:27.503229,23893,12.69,12.68,6182,1788,1356,-44
1046,EGO,2020-11-02,0 days 15:59:38.503289,26991,12.69,12.68,10171,6629,-5702,198
1047,EGO,2020-11-02,0 days 15:59:39.503147,26793,12.69,12.68,6671,3020,198,-5702
1048,ELAN,2020-11-02,0 days 15:55:00.083275,122044,31.78,31.75,500,267,-116,42626
1049,ELAN,2020-11-02,0 days 15:55:31.085159,122185,31.78,31.76,301,502,239,-91
1050,ELAN,2020-11-02,0 days 15:55:39.084476,123324,31.84,31.78,200,800,-61,239
1051,ELAN,2020-11-02,0 days 15:55:40.084911,123185,31.84,31.78,300,700,139,-61
1052,ELAN,2020-11-02,0 days 15:55:48.085779,123351,31.84,31.78,1287,802,-93,166
1053,ELAN,2020-11-02,0 days 15:56:23.086054,123682,31.81,31.8,250,300,211,-5589
1054,ELAN,2020-11-02,0 days 15:56:48.086444,124193,31.81,31.79,457,807,-939,180
1055,ELAN,2020-11-02,0 days 15:59:07.083509,123170,31.78,31.76,200,443,406,-3866
1056,ELAN,2020-11-02,0 days 15:59:18.077303,124089,31.84,31.8,300,900,-3173,219
1057,ELAN,2020-11-02,0 days 15:59:27.077942,126962,31.82,31.79,400,100,4505,-702
1058,ELAN,2020-11-02,0 days 15:59:33.078471,129313,31.85,31.84,500,300,-6250,651
1059,ELAN,2020-11-02,0 days 15:59:34.078830,128062,31.84,31.83,210,400,6251,-6250
1060,ELAN,2020-11-02,0 days 15:59:35.078210,129313,31.84,31.81,100,200,-5550,6251
1061,ELAN,2020-11-02,0 days 15:59:43.078585,133224,31.82,31.81,600,200,40679,-4134
1062,ELAN,2020-11-02,0 days 15:59:46.080280,174716,31.82,31.8,400,100,-3684,2047
1063,ELAN,2020-11-02,0 days 15:59:47.078682,172988,31.81,31.8,300,100,1728,-3684
1064,ELAN,2020-11-02,0 days 15:59:48.083897,174716,31.83,31.8,100,100,-2519,1728
1065,ELAN,2020-11-02,0 days 15:59:49.079615,174163,31.82,31.8,100,100,553,-2519
1066,EMR,2020-11-02,0 days 15:59:15.002800,488806,67.93,67.89,1012,510,3768,-79343
1067,EMR,2020-11-02,0 days 15:59:15.999476,488247,67.99,67.9,100,400,-559,3768
1068,ENB,2020-11-02,0 days 15:57:00.118390,53593,27.54,27.53,7390,11000,464,-636
1069,ENB,2020-11-02,0 days 15:57:01.116363,51357,27.54,27.53,8290,11800,-2236,464
1070,ENB,2020-11-02,0 days 15:58:01.115158,46470,27.54,27.53,6200,17199,287,-3336
1071,ENB,2020-11-02,0 days 15:58:02.115607,45057,27.54,27.53,6400,16099,-1513,287
1072,ENB,2020-11-02,0 days 15:59:46.115647,53695,27.5,27.49,5364,34150,3259,-1038
1073,ENB,2020-11-02,0 days 15:59:47.115185,53217,27.5,27.49,5664,33950,-478,3259
1074,ENLC,2020-11-02,0 days 15:55:00.942276,205794,2.62,2.61,19799,2231,-956,5520
1075,ENLC,2020-11-02,0 days 15:58:49.934772,205982,2.62,2.61,10701,15692,689,-188
1076,ENLC,2020-11-02,0 days 15:59:36.930653,206671,2.62,2.61,8935,20082,-511,89
1077,ENLC,2020-11-02,0 days 15:59:37.930838,206582,2.62,2.61,8935,19282,89,-511
1078,EOG,2020-11-02,0 days 15:55:15.113482,394131,35.13,35.12,1604,1757,-3572,2528
1079,EOG,2020-11-02,0 days 15:56:47.115597,415879,35.15,35.14,967,1302,7143,-857
1080,EOG,2020-11-02,0 days 15:56:48.115599,412432,35.15,35.14,2000,2925,-3447,7143
1081,EOG,2020-11-02,0 days 15:57:04.116479,413322,35.14,35.13,2204,217,-1457,5975
1082,EOG,2020-11-02,0 days 15:57:35.113192,418147,35.15,35.14,744,2513,977,-1423
1083,EOG,2020-11-02,0 days 15:57:44.113580,418107,35.17,35.16,2004,1090,322,-1018
1084,EOG,2020-11-02,0 days 15:57:45.113629,416229,35.16,35.15,700,3816,-1878,322
1085,EOG,2020-11-02,0 days 15:57:48.114632,414966,35.15,35.13,2704,2200,-3181,3519
1086,EOG,2020-11-02,0 days 15:58:16.116123,421489,35.13,35.12,2095,1328,2624,-76
1087,EOG,2020-11-02,0 days 15:58:36.118924,416005,35.1,35.09,612,700,5423,-817
1088,EOG,2020-11-02,0 days 15:58:45.116097,415628,35.1,35.09,1600,900,-337,1763
1089,EOG,2020-11-02,0 days 15:59:18.114685,464870,35.1,35.09,700,1036,7419,-5898
1090,EOG,2020-11-02,0 days 15:59:22.114526,476028,35.1,35.08,400,1513,-1673,719
1091,EOG,2020-11-02,0 days 15:59:23.114488,475201,35.1,35.08,500,900,827,-1673
1092,EOG,2020-11-02,0 days 15:59:24.116594,482749,35.11,35.09,100,200,-1252,827
1093,EOG,2020-11-02,0 days 15:59:30.119042,500751,35.1,35.09,900,500,670,-10702
1094,EOG,2020-11-02,0 days 15:59:32.115690,497621,35.11,35.1,500,497,-3130,670
1095,EOG,2020-11-02,0 days 15:59:45.116866,502271,35.11,35.1,300,400,-450,3120
1096,EPD,2020-11-02,0 days 15:57:35.507596,225720,16.41,16.4,9072,6286,-8507,21684
1097,EPD,2020-11-02,0 days 15:59:15.504905,191602,16.4,16.39,2500,8150,-3571,35429
1098,EQH,2020-11-02,0 days 15:58:37.934207,278521,21.89,21.88,3480,1009,3326,-5384
1099,EQH,2020-11-02,0 days 15:58:38.934726,271847,21.89,21.88,3780,2039,-5874,3326
1100,EQNR,2020-11-02,0 days 15:55:00.228338,42253,13.37,13.36,27714,11095,5197,-1429
1101,EQNR,2020-11-02,0 days 15:56:13.229062,49200,13.37,13.36,35176,8866,-576,1198
1102,EQNR,2020-11-02,0 days 15:57:03.229877,49176,13.36,13.35,28486,18811,24,-576
1103,EQNR,2020-11-02,0 days 15:57:22.229517,49200,13.36,13.35,28976,16379,-762,24
1104,EQNR,2020-11-02,0 days 15:59:36.229288,53543,13.35,13.34,1000,44098,2445,-3655
1105,EQR,2020-11-02,0 days 15:59:24.000440,416528,49.31,49.29,202,100,30429,-88816
1106,EQR,2020-11-02,0 days 15:59:24.997755,411585,49.33,49.3,100,400,-4980,30429
1107,EQR,2020-11-02,0 days 15:59:34.994676,414062,49.28,49.26,300,421,13989,-2425
1108,EQR,2020-11-02,0 days 15:59:35.994931,412164,49.32,49.28,600,200,-3598,13989
1109,EQR,2020-11-02,0 days 15:59:40.995756,414496,49.28,49.27,700,200,1329,-1732
1110,EQR,2020-11-02,0 days 15:59:41.995024,413325,49.28,49.27,500,308,-1171,1329
1111,EQR,2020-11-02,0 days 15:59:43.995834,414496,49.26,49.24,400,1267,629,-1171
1112,EQR,2020-11-02,0 days 15:59:44.995456,413925,49.27,49.25,356,200,-1182,629
1113,EQR,2020-11-02,0 days 15:59:47.995297,415107,49.27,49.25,300,300,8871,-1182
1114,EQR,2020-11-02,0 days 15:59:48.996579,414037,49.31,49.28,100,943,-2770,8871
1115,EQR,2020-11-02,0 days 15:59:51.997010,415107,49.3,49.26,100,224,7527,-5143
1116,EQT,2020-11-02,0 days 15:55:32.943897,719125,15.47,15.46,4503,4131,360,-48981
1117,EQT,2020-11-02,0 days 15:55:34.944193,719485,15.47,15.46,3303,5017,-6040,360
1118,EQT,2020-11-02,0 days 15:55:49.944216,725812,15.48,15.47,1800,1693,26392,-327
1119,EQT,2020-11-02,0 days 15:55:50.943082,718204,15.48,15.47,2649,3009,-7608,26392
1120,EQT,2020-11-02,0 days 15:59:24.930261,768769,15.45,15.44,3714,4000,-29882,29080
1121,ERJ,2020-11-02,0 days 15:59:28.242192,45984,4.1,4.09,14587,13463,-152,1574
1122,ERJ,2020-11-02,0 days 15:59:48.243773,44336,4.1,4.09,13172,20913,1648,-652
1123,ESRT,2020-11-02,0 days 15:55:00.112128,101014,5.67,5.66,8557,6786,-11233,45399
1124,ESRT,2020-11-02,0 days 15:55:01.112670,97047,5.67,5.66,9065,6886,3967,-11233
1125,ET,2020-11-02,0 days 15:57:16.505185,413599,5.18,5.17,35450,63438,4373,-3427
1126,ET,2020-11-02,0 days 15:59:59.505166,458169,5.18,5.17,26896,3000,-11199,5926
1127,ET,2020-11-02,0 days 16:00:00.505080,463668,5.18,5.15,100,9023,5926,-11199
1128,ETRN,2020-11-02,0 days 15:59:20.105270,169282,7.15,7.14,1950,6054,-2299,5243
1129,ETRN,2020-11-02,0 days 15:59:21.105180,164581,7.15,7.14,1950,6037,4701,-2299
1130,ETRN,2020-11-02,0 days 15:59:36.105812,164399,7.16,7.15,2783,4937,2583,-10217
1131,EV,2020-11-02,0 days 15:55:27.233077,34406,60.41,60.4,100,1572,1619,-481
1132,EV,2020-11-02,0 days 15:55:28.233574,34125,60.42,60.41,1001,900,-281,1619
1133,EV,2020-11-02,0 days 15:55:34.233512,34406,60.43,60.42,100,824,319,-281
1134,EV,2020-11-02,0 days 15:55:35.234019,34125,60.44,60.43,1104,1248,-291,319
1135,EV,2020-11-02,0 days 15:56:13.234251,34543,60.42,60.41,1255,400,264,-213
1136,EV,2020-11-02,0 days 15:56:14.234515,34307,60.42,60.41,215,985,-236,264
1137,EV,2020-11-02,0 days 15:56:59.236775,35848,60.46,60.45,1100,810,139,-461
1138,EV,2020-11-02,0 days 15:57:18.236316,35848,60.45,60.44,700,600,339,-141
1139,EV,2020-11-02,0 days 15:57:19.236518,36507,60.45,60.44,1100,500,-2771,339
1140,EV,2020-11-02,0 days 15:58:21.241141,42797,60.44,60.43,907,100,-598,612
1141,EV,2020-11-02,0 days 15:59:46.243232,52042,60.45,60.43,100,567,3854,-3903
1142,EV,2020-11-02,0 days 15:59:47.242373,51296,60.47,60.43,100,3280,-746,3854
1143,EVRI,2020-11-02,0 days 15:55:50.943091,70240,9.05,9.04,585,2314,556,-1744
1144,EW,2020-11-02,0 days 15:59:15.078812,297253,72.57,72.55,200,100,40847,-19711
1145,EW,2020-11-02,0 days 15:59:16.078133,295590,72.66,72.57,100,430,-1663,40847
1146,EW,2020-11-02,0 days 15:59:47.078864,300857,72.6,72.56,100,138,-497,3603
1147,EW,2020-11-02,0 days 15:59:51.080689,301354,72.6,72.55,100,200,510,-5597
1148,EXK,2020-11-02,0 days 15:59:36.079149,14419,3.31,3.3,30551,89030,-7253,8547
1149,EXK,2020-11-02,0 days 15:59:37.079061,13972,3.31,3.3,36951,88754,526,-7253
1150,EXK,2020-11-02,0 days 15:59:38.078617,14498,3.31,3.3,36951,88654,-1574,526
1151,EXK,2020-11-02,0 days 15:59:39.078530,13972,3.31,3.3,36951,88654,526,-1574
1152,EXPR,2020-11-02,0 days 15:57:28.112932,28876,0.58,0.57,22324,300,-808,2552
1153,F,2020-11-02,0 days 15:55:00.101814,3032868,7.71,7.7,226641,275974,13795,-1524168
1154,F,2020-11-02,0 days 15:57:23.105150,3062640,7.71,7.7,135191,379609,-11225,16771
1155,F,2020-11-02,0 days 15:57:34.105621,3072065,7.71,7.7,108793,386667,3775,-9425
1156,F,2020-11-02,0 days 15:59:10.111367,3192139,7.71,7.7,457239,222332,35457,-4443
1157,F,2020-11-02,0 days 15:59:31.107386,3592695,7.71,7.7,378098,229323,-59239,111364
1158,F,2020-11-02,0 days 15:59:53.106455,3660134,7.71,7.7,306300,265608,34371,-14229
1159,FCAU,2020-11-02,0 days 15:55:00.113438,36287,12.62,12.61,28283,10426,1221,-18829
1160,FCAU,2020-11-02,0 days 15:55:01.112935,34708,12.62,12.61,29716,8526,-850,1221
1161,FCAU,2020-11-02,0 days 15:56:01.114710,38513,12.62,12.61,6855,32338,11915,-16685
1162,FCAU,2020-11-02,0 days 15:56:02.114137,36828,12.62,12.61,6255,31538,-1075,11915
1163,FCAU,2020-11-02,0 days 15:57:23.112219,38445,12.62,12.61,6555,28131,12860,-17598
1164,FCAU,2020-11-02,0 days 15:57:24.112502,36805,12.62,12.61,6555,28131,-1640,12860
1165,FCAU,2020-11-02,0 days 15:59:03.119870,38444,12.62,12.61,25843,25785,919,-3779
1166,FCX,2020-11-02,0 days 15:59:24.000329,768814,18.22,18.21,15500,23896,125897,-87913
1167,FCX,2020-11-02,0 days 15:59:45.995772,935860,18.24,18.23,2240,29654,-57404,8998
1168,FCX,2020-11-02,0 days 15:59:48.996514,941248,18.24,18.23,11723,21926,14914,-8543
1169,FDX,2020-11-02,0 days 15:57:42.078421,80966,266.48,266.2,100,350,423,-877
1170,FDX,2020-11-02,0 days 15:57:43.078729,80055,266.41,266.2,200,350,-911,423
1171,FDX,2020-11-02,0 days 15:58:08.081349,82073,266.45,266.37,100,100,2942,-2079
1172,FDX,2020-11-02,0 days 15:58:09.080751,80357,266.48,266.39,200,257,-2016,2942
1173,FDX,2020-11-02,0 days 15:58:20.082084,82073,266.39,266.22,100,350,4319,-1044
1174,FDX,2020-11-02,0 days 15:58:21.082879,80634,266.39,266.22,200,350,-1439,4319
1175,FDX,2020-11-02,0 days 15:58:42.081640,82073,266.29,266.11,303,300,3705,-1316
1176,FDX,2020-11-02,0 days 15:58:43.083021,81178,266.29,266.16,100,100,-895,3705
1177,FDX,2020-11-02,0 days 15:58:53.084105,82073,266.18,266.05,100,250,573,-461
1178,FDX,2020-11-02,0 days 15:58:54.081911,81875,266.18,266.05,100,150,-198,573
1179,FDX,2020-11-02,0 days 15:59:05.084100,83071,266.31,266.2,200,100,6685,-759
1180,FDX,2020-11-02,0 days 15:59:10.083800,88526,266.5,266.27,100,100,-645,5555
1181,FDX,2020-11-02,0 days 15:59:11.083907,88171,266.47,266.33,100,250,355,-645
1182,FDX,2020-11-02,0 days 15:59:44.079454,101909,266.85,266.63,100,400,-2052,566
1183,FDX,2020-11-02,0 days 15:59:45.079869,98577,266.8,266.67,200,200,3366,-2052
1184,FE,2020-11-02,0 days 15:55:57.234079,279801,30.01,30.0,2276,2235,3594,-3477
1185,FE,2020-11-02,0 days 15:55:58.234335,277200,30.01,30.0,2076,2439,-2601,3594
1186,FE,2020-11-02,0 days 15:57:37.237704,286401,30.02,30.01,925,2938,765,-2805
1187,FE,2020-11-02,0 days 15:57:38.237574,283996,30.02,30.01,925,3038,-2405,765
1188,FE,2020-11-02,0 days 15:57:40.238443,284301,30.0,29.99,1514,589,395,-1705
1189,FE,2020-11-02,0 days 15:57:41.237616,282596,30.0,29.99,1318,889,-1705,395
1190,FE,2020-11-02,0 days 15:57:44.238965,284301,30.0,29.99,2033,986,295,-805
1191,FE,2020-11-02,0 days 15:57:45.238103,283496,30.0,29.99,1933,1286,-805,295
1192,FE,2020-11-02,0 days 15:57:48.237764,284301,30.0,29.99,2514,928,127,-373
1193,FE,2020-11-02,0 days 15:57:49.238081,280598,30.0,29.99,2514,828,-3762,127
1194,FE,2020-11-02,0 days 15:59:05.242624,454816,29.96,29.95,1210,301,26084,-21246
1195,FE,2020-11-02,0 days 15:59:06.241528,446500,29.96,29.95,1010,963,-8316,26084
1196,FE,2020-11-02,0 days 15:59:43.242272,493171,29.94,29.93,2953,1779,2579,-1403
1197,FE,2020-11-02,0 days 15:59:48.243632,486827,29.94,29.93,2803,1435,-6344,3818
1198,FEAC,2020-11-02,0 days 15:55:01.011482,6524,11.09,11.07,800,100,-9648,6294
1199,FEAC,2020-11-02,0 days 15:55:02.006052,5472,11.09,11.07,800,100,1052,-9648
1200,FEAC,2020-11-02,0 days 15:55:51.007666,6624,11.05,11.02,1000,200,-753,1147
1201,FEAC,2020-11-02,0 days 15:55:52.007978,6477,11.05,11.02,1000,200,147,-753
1202,FEAC,2020-11-02,0 days 15:56:01.008384,6624,11.05,11.02,1000,200,-103,147
1203,FEAC,2020-11-02,0 days 15:56:02.008905,6427,11.05,11.02,1000,200,197,-103
1204,FEAC,2020-11-02,0 days 15:58:15.014277,6524,11.09,11.07,500,300,-203,97
1205,FEAC,2020-11-02,0 days 15:58:16.013842,6227,11.09,11.07,600,300,297,-203
1206,FEAC,2020-11-02,0 days 15:59:38.012351,6524,11.1,11.06,100,283,-104,96
1207,FEAC,2020-11-02,0 days 15:59:39.013111,6428,11.1,11.06,100,283,96,-104
1208,FEAC,2020-11-02,0 days 15:59:46.013857,6524,11.1,11.08,100,300,-4,196
1209,FHN,2020-11-02,0 days 15:55:01.000927,230215,10.66,10.65,16297,10369,-110335,37886
1210,FHN,2020-11-02,0 days 15:55:01.997029,222750,10.66,10.65,20197,11194,7465,-110335
1211,FHN,2020-11-02,0 days 15:58:02.001987,246239,10.67,10.66,7831,24314,-783,8870
1212,FHN,2020-11-02,0 days 15:58:05.001714,239649,10.67,10.66,6806,21014,4690,-910
1213,FIS,2020-11-02,0 days 15:59:15.118223,290021,123.9,123.8,100,100,33841,-35186
1214,FIT,2020-11-02,0 days 15:59:05.111909,129873,7.05,7.04,39859,40404,-3936,2149
1215,FIT,2020-11-02,0 days 15:59:06.111095,129409,7.05,7.04,42559,38486,464,-3936
1216,FIT,2020-11-02,0 days 15:59:16.105879,128138,7.05,7.04,41204,38301,-871,2961
1217,FIT,2020-11-02,0 days 15:59:36.107137,130133,7.05,7.04,40925,42069,935,-1995
1218,FIT,2020-11-02,0 days 15:59:43.106609,131068,7.05,7.04,37480,27966,-65,35
1219,FIT,2020-11-02,0 days 15:59:44.106822,130933,7.05,7.04,37480,27866,135,-65
1220,FNB,2020-11-02,0 days 15:57:44.506806,136127,7.78,7.77,30443,11633,-1049,2051
1221,FNB,2020-11-02,0 days 15:57:45.507077,134076,7.78,7.77,30843,11033,2051,-1049
1222,FNB,2020-11-02,0 days 15:58:03.508015,138230,7.78,7.77,29960,13054,-846,2554
1223,FNB,2020-11-02,0 days 15:58:04.508667,135976,7.78,7.77,30149,12754,2254,-846
1224,FNB,2020-11-02,0 days 15:58:14.509412,138230,7.78,7.77,51346,210,-9083,2254
1225,FNB,2020-11-02,0 days 15:58:15.508301,126013,7.78,7.77,50446,210,12217,-9083
1226,FNB,2020-11-02,0 days 15:59:01.509722,143381,7.77,7.76,8093,22252,-5832,12157
1227,FNB,2020-11-02,0 days 15:59:02.509938,142600,7.77,7.76,3100,28463,781,-5832
1228,FNB,2020-11-02,0 days 15:59:06.511122,142325,7.77,7.76,563,29673,-2253,3325
1229,FNB,2020-11-02,0 days 15:59:07.511402,141078,7.77,7.76,563,33262,1247,-2253
1230,FNB,2020-11-02,0 days 15:59:10.511446,142325,7.77,7.76,4187,31962,-1991,1247
1231,FNB,2020-11-02,0 days 15:59:11.511330,141316,7.77,7.76,3627,31962,1009,-1991
1232,FNB,2020-11-02,0 days 15:59:19.503993,137729,7.78,7.77,22100,27348,-3587,1213
1233,FNB,2020-11-02,0 days 15:59:20.503556,137116,7.78,7.77,23700,27148,613,-3587
1234,FNB,2020-11-02,0 days 15:59:21.504982,137729,7.78,7.77,24900,25448,-7601,613
1235,FRO,2020-11-02,0 days 15:59:19.114267,66841,5.6,5.59,5469,5700,-923,770
1236,FRO,2020-11-02,0 days 15:59:20.114402,66164,5.6,5.59,4735,5700,677,-923
1237,FSLY,2020-11-02,0 days 15:59:15.078549,392582,65.27,65.15,100,200,24300,-221749
1238,FSLY,2020-11-02,0 days 15:59:16.077909,377482,65.3,65.22,100,542,-18000,24300
