,Symbol,Timestamp,TIME,iPaired,Ask_P,Bid_P,Ask_S,Bid_S,iShares,PreviShares
0,AA,2020-08-10,0 days 15:55:13.345601,183216,15.66,15.65,28549,1874,313,-3287
1,AA,2020-08-10,0 days 15:55:42.413313,175755,15.65,15.64,23686,6031,-6123,577
2,AA,2020-08-10,0 days 15:58:03.752071,191325,15.62,15.61,11943,5735,2240,-24754
3,AA,2020-08-10,0 days 15:58:04.755077,182265,15.62,15.61,10543,7331,-6354,2240
4,AA,2020-08-10,0 days 15:59:27.930703,191337,15.59,15.58,25550,3511,12129,-4471
5,AA,2020-08-10,0 days 15:59:42.968731,189094,15.58,15.57,32211,57958,-2237,3363
6,AA,2020-08-10,0 days 15:59:45.976127,191331,15.58,15.57,31108,52271,18723,-2034
7,AA,2020-08-10,0 days 15:59:46.977189,190154,15.58,15.57,29956,53371,-5735,18723
8,ABBV,2020-08-10,0 days 15:57:37.552197,399647,92.39,92.38,4411,1360,1192,-108
9,ABBV,2020-08-10,0 days 15:57:38.555490,393339,92.39,92.38,4133,1820,-6308,1192
10,ABBV,2020-08-10,0 days 15:58:34.692820,411779,92.28,92.27,425,1329,2702,-2298
11,ABBV,2020-08-10,0 days 15:58:35.695575,404581,92.28,92.27,100,2117,-7198,2702
12,ABBV,2020-08-10,0 days 15:59:27.821834,430123,92.2,92.19,200,2254,6361,-1539
13,ABBV,2020-08-10,0 days 15:59:28.823955,426884,92.2,92.19,200,2868,-3239,6361
14,ABBV,2020-08-10,0 days 15:59:45.867043,472534,92.21,92.2,2978,1800,11905,-571
15,ABEV,2020-08-10,0 days 15:59:00.681251,94780,2.44,2.43,924961,275615,-3900,5136
16,ABR,2020-08-10,0 days 15:56:30.447944,61300,11.78,11.77,1336,8421,1508,-1192
17,ABR,2020-08-10,0 days 15:56:31.449849,60208,11.78,11.77,1544,9003,-1092,1508
18,ABR,2020-08-10,0 days 15:57:19.566432,61700,11.77,11.76,7118,1190,947,-1392
19,ABR,2020-08-10,0 days 15:57:20.569066,60847,11.77,11.76,7618,690,-853,947
20,ABR,2020-08-10,0 days 15:57:39.615345,62100,11.77,11.76,5313,3331,447,-1253
21,ABR,2020-08-10,0 days 15:57:40.618361,61147,11.77,11.76,4913,3305,-953,447
22,ABR,2020-08-10,0 days 15:57:56.657026,62800,11.77,11.76,5011,4427,447,-1653
23,ABR,2020-08-10,0 days 15:57:57.659338,61847,11.77,11.76,4311,4138,-953,447
24,ABR,2020-08-10,0 days 15:59:25.873082,60977,11.76,11.75,8386,5768,-416,784
25,ABR,2020-08-10,0 days 15:59:45.924489,62793,11.78,11.77,5993,811,1259,-441
26,ABR,2020-08-10,0 days 15:59:46.925386,62452,11.78,11.77,5193,1701,-765,1259
27,ABT,2020-08-10,0 days 15:55:03.103121,202270,100.11,100.09,840,101,176,-822
28,ABT,2020-08-10,0 days 15:55:04.105143,201046,100.11,100.08,205,668,-1124,176
29,ABT,2020-08-10,0 days 15:56:28.310626,203600,100.17,100.15,320,235,2285,-1199
30,ABT,2020-08-10,0 days 15:56:29.312948,203083,100.17,100.15,320,235,-517,2285
31,ABT,2020-08-10,0 days 15:57:00.386977,203600,100.12,100.11,735,100,2483,-1532
32,ABT,2020-08-10,0 days 15:57:01.388954,202159,100.12,100.11,100,1000,-1441,2483
33,ABT,2020-08-10,0 days 15:57:34.469676,203600,100.14,100.13,440,1015,3688,-1286
34,ABT,2020-08-10,0 days 15:57:36.474514,202988,100.15,100.14,1039,208,-612,1188
35,ABT,2020-08-10,0 days 15:57:38.479380,207543,100.15,100.14,1239,616,1245,-2555
36,ABT,2020-08-10,0 days 15:57:39.481494,206988,100.15,100.14,600,1121,-555,1245
37,ABT,2020-08-10,0 days 15:57:40.484237,207543,100.12,100.1,910,658,421,-555
38,ABT,2020-08-10,0 days 15:57:41.486369,207464,100.12,100.1,610,958,-79,421
39,ABT,2020-08-10,0 days 15:57:43.492791,203900,100.13,100.11,623,700,88,-312
40,ABT,2020-08-10,0 days 15:57:52.513621,205964,100.13,100.12,800,100,-636,1388
41,ABT,2020-08-10,0 days 15:57:53.515253,205700,100.13,100.12,800,200,488,-636
42,ABT,2020-08-10,0 days 15:58:05.546264,202873,100.14,100.12,600,1100,-4399,1156
43,ABT,2020-08-10,0 days 15:58:16.572683,211215,100.1,100.09,211,361,2934,-4742
44,ABT,2020-08-10,0 days 15:58:19.580408,206849,100.12,100.1,500,405,-423,2477
45,ABT,2020-08-10,0 days 15:59:03.687660,224076,100.17,100.15,511,700,186,-1654
46,ABT,2020-08-10,0 days 15:59:04.691323,224262,100.16,100.15,410,100,-65076,186
47,ABT,2020-08-10,0 days 15:59:47.791611,287247,100.08,100.07,450,641,-2364,10436
48,ABT,2020-08-10,0 days 15:59:59.820610,288392,100.08,100.04,4200,25749,-1219,9510
49,ADM,2020-08-10,0 days 15:59:43.809974,280893,44.54,44.53,9003,148,1138,-2531
50,ADM,2020-08-10,0 days 15:59:46.818290,280539,44.54,44.53,9758,382,-6187,19741
51,ADT,2020-08-10,0 days 15:55:12.125173,118354,11.98,11.97,5629,5436,-3118,4373
52,ADT,2020-08-10,0 days 15:56:17.283062,119961,11.96,11.95,4035,3100,-204,96
53,ADT,2020-08-10,0 days 15:57:35.472921,120605,11.94,11.93,5020,2721,1856,-544
54,ADT,2020-08-10,0 days 15:57:39.481614,125161,11.94,11.93,6028,3031,-1144,1456
55,ADT,2020-08-10,0 days 15:57:40.484360,123805,11.94,11.93,5787,3031,1356,-1144
56,AEG,2020-08-10,0 days 15:59:36.800782,40972,3.35,3.34,181075,223710,-23170,27330
57,AEG,2020-08-10,0 days 15:59:37.803921,39542,3.35,3.34,177486,206760,1430,-23170
58,AEO,2020-08-10,0 days 15:55:00.224882,107603,11.23,11.22,4300,8820,1734,-5242
59,AEO,2020-08-10,0 days 15:55:28.295620,109337,11.23,11.22,16110,10490,-966,234
60,AEO,2020-08-10,0 days 15:55:42.329212,115853,11.21,11.2,6900,9700,708,-1416
61,AEO,2020-08-10,0 days 15:55:43.330865,110661,11.21,11.2,3000,10700,-5192,708
62,AEO,2020-08-10,0 days 15:57:43.622295,120494,11.21,11.2,5431,17948,233,-362
63,AEO,2020-08-10,0 days 15:57:44.624554,119727,11.21,11.2,4401,20951,-767,233
64,AEO,2020-08-10,0 days 15:57:47.631454,120494,11.21,11.2,20141,17808,133,-167
65,AEO,2020-08-10,0 days 15:57:48.634138,119727,11.21,11.2,18941,18523,-767,133
66,AEO,2020-08-10,0 days 15:57:52.644688,120494,11.21,11.2,18147,18323,1603,-756
67,AEO,2020-08-10,0 days 15:57:53.646422,114397,11.21,11.2,18047,19226,-6097,1603
68,AEO,2020-08-10,0 days 15:57:55.651528,120494,11.21,11.2,17238,18815,4903,-6097
69,AEO,2020-08-10,0 days 15:57:56.653742,114397,11.21,11.2,17131,19317,-6097,4903
70,AEO,2020-08-10,0 days 15:59:28.874545,148094,11.23,11.22,6051,26199,-1160,10540
71,AEO,2020-08-10,0 days 15:59:45.912513,150654,11.24,11.23,23788,17552,31729,-1238
72,AEP,2020-08-10,0 days 15:55:46.208393,191462,85.93,85.92,1101,1121,-141,487
73,AEP,2020-08-10,0 days 15:55:47.210799,190503,85.93,85.92,1201,1418,959,-141
74,AEP,2020-08-10,0 days 15:56:20.290345,191948,85.89,85.88,990,330,-286,585
75,AEP,2020-08-10,0 days 15:56:21.292420,191134,85.89,85.88,904,155,814,-286
76,AEP,2020-08-10,0 days 15:57:23.442498,191225,85.89,85.87,1050,143,769,-31
77,AEP,2020-08-10,0 days 15:57:38.479479,194822,85.89,85.88,500,1670,-734,966
78,AEP,2020-08-10,0 days 15:57:39.481614,193856,85.88,85.87,1300,123,1566,-734
79,AEP,2020-08-10,0 days 15:58:36.621853,199356,85.88,85.87,560,302,-967,954
80,AEP,2020-08-10,0 days 15:58:37.623698,198123,85.88,85.87,557,302,1233,-967
81,AEP,2020-08-10,0 days 15:58:46.646851,196423,85.91,85.89,1280,363,1133,-567
82,AEP,2020-08-10,0 days 15:59:05.694096,198257,85.92,85.91,131,1081,520,-6714
83,AEP,2020-08-10,0 days 15:59:07.698373,199207,85.94,85.92,979,1273,-597,580
84,AEP,2020-08-10,0 days 15:59:08.701495,198804,85.94,85.92,979,1273,403,-597
85,AEP,2020-08-10,0 days 15:59:09.703722,197407,85.94,85.93,700,1144,-1397,403
86,AEP,2020-08-10,0 days 15:59:11.706362,197104,85.94,85.93,549,974,303,-597
87,AEP,2020-08-10,0 days 15:59:16.716151,192428,85.94,85.93,200,1213,-3576,103
88,AEP,2020-08-10,0 days 15:59:24.737004,196104,85.93,85.91,200,917,1794,-1006
89,AES,2020-08-10,0 days 15:55:41.224057,269877,17.57,17.56,9117,8100,411,-530
90,AES,2020-08-10,0 days 15:55:42.226349,269288,17.57,17.56,5717,7700,-589,411
91,AES,2020-08-10,0 days 15:56:22.322151,270408,17.56,17.55,17262,12266,896,-404
92,AES,2020-08-10,0 days 15:56:29.339425,265474,17.57,17.56,1400,19034,-4934,896
93,AES,2020-08-10,0 days 15:56:32.346802,270570,17.57,17.56,2000,26779,334,-5496
94,AES,2020-08-10,0 days 15:56:43.373178,270004,17.58,17.57,6600,24214,-566,3334
95,AES,2020-08-10,0 days 15:56:52.395268,270570,17.58,17.57,10205,13779,20204,-6396
96,AES,2020-08-10,0 days 15:56:53.396769,264174,17.58,17.57,6908,16685,-6396,20204
97,AES,2020-08-10,0 days 15:57:02.418519,272670,17.58,17.57,9171,13569,4855,-896
98,AES,2020-08-10,0 days 15:57:03.421573,269925,17.58,17.57,8737,14311,-2745,4855
99,AES,2020-08-10,0 days 15:57:24.473540,272670,17.58,17.57,7573,17978,5550,-1050
100,AES,2020-08-10,0 days 15:57:25.474536,271969,17.58,17.57,7959,16178,-701,5550
101,AES,2020-08-10,0 days 15:57:35.498805,275370,17.58,17.57,2630,20755,5010,-8120
102,AES,2020-08-10,0 days 15:57:36.501242,273080,17.58,17.57,2224,15355,-2290,5010
103,AES,2020-08-10,0 days 15:58:06.575569,322027,17.59,17.58,25031,6713,3187,-2156
104,AES,2020-08-10,0 days 15:58:07.578152,318014,17.59,17.58,22929,8877,-4013,3187
105,AES,2020-08-10,0 days 15:59:01.710885,320185,17.56,17.55,24348,13774,37071,-7577
106,AES,2020-08-10,0 days 15:59:21.755644,347101,17.59,17.58,10781,17891,16132,-5781
107,AES,2020-08-10,0 days 15:59:22.757799,324933,17.59,17.58,1600,24815,-27949,16132
108,AES,2020-08-10,0 days 15:59:42.807115,354857,17.59,17.58,32851,6778,594,-752
109,AES,2020-08-10,0 days 15:59:46.818025,354258,17.59,17.58,33915,4357,-2656,25501
110,AES,2020-08-10,0 days 15:59:49.824450,356619,17.58,17.57,15916,17274,-295,4305
111,AFL,2020-08-10,0 days 15:55:55.267532,213948,37.44,37.43,8142,4529,14437,-3563
112,AFL,2020-08-10,0 days 15:55:56.269761,210585,37.44,37.43,8650,4353,-3363,14437
113,AFL,2020-08-10,0 days 15:57:37.513562,214314,37.41,37.4,4395,8802,1235,-965
114,AFL,2020-08-10,0 days 15:57:38.515583,211449,37.41,37.4,2566,11345,-2865,1235
115,AFL,2020-08-10,0 days 15:57:41.522192,214314,37.41,37.4,3534,10051,135,-65
116,AFL,2020-08-10,0 days 15:57:42.525508,211649,37.43,37.42,2409,5688,-2665,135
117,AFL,2020-08-10,0 days 15:58:10.594474,214314,37.42,37.41,5314,600,3125,-1275
118,AFL,2020-08-10,0 days 15:58:11.596163,214839,37.42,37.41,4339,687,-5514,3125
119,AFL,2020-08-10,0 days 15:58:36.656615,214523,37.45,37.44,1900,5975,3051,-2779
120,AFL,2020-08-10,0 days 15:58:37.658503,212274,37.46,37.45,1100,5392,-2249,3051
121,AFL,2020-08-10,0 days 15:59:01.718957,213833,37.47,37.46,2817,5905,1091,-2751
122,AFL,2020-08-10,0 days 15:59:21.765698,219527,37.47,37.46,7000,6744,1360,-844
123,AFL,2020-08-10,0 days 15:59:22.767561,218087,37.47,37.46,7479,7333,-1440,1360
124,AFL,2020-08-10,0 days 15:59:30.786633,219527,37.48,37.47,1858,4898,360,-1040
125,AFL,2020-08-10,0 days 15:59:35.798748,214987,37.49,37.48,4990,3761,-4658,1842
126,AG,2020-08-10,0 days 15:56:20.317513,56169,12.97,12.96,7915,27719,-307,1393
127,AG,2020-08-10,0 days 15:56:21.320114,54876,12.97,12.96,4449,29789,1293,-307
128,AG,2020-08-10,0 days 15:57:24.473579,56169,12.97,12.96,19688,8576,-507,393
129,AG,2020-08-10,0 days 15:57:25.474671,55076,12.97,12.96,20588,7876,1093,-507
130,AG,2020-08-10,0 days 15:58:01.566094,50115,12.97,12.96,28869,4824,-7861,1793
131,AG,2020-08-10,0 days 15:58:02.565510,43376,12.96,12.95,9161,26773,6539,-7861
132,AG,2020-08-10,0 days 15:58:07.578262,43008,12.97,12.96,22691,11318,-368,6539
133,AG,2020-08-10,0 days 15:58:36.649048,42676,12.96,12.95,9883,33123,132,-268
134,AG,2020-08-10,0 days 15:59:01.711019,50215,12.96,12.95,9142,26148,-2731,4069
135,AG,2020-08-10,0 days 15:59:02.713290,49746,12.96,12.95,10242,24286,169,-2731
136,AG,2020-08-10,0 days 15:59:38.797335,54836,12.96,12.95,5686,36463,-6708,692
137,AG,2020-08-10,0 days 15:59:39.799827,54344,12.96,12.95,5986,35513,492,-6708
138,AG,2020-08-10,0 days 15:59:45.816435,54836,12.96,12.95,2402,35657,-1921,192
139,AG,2020-08-10,0 days 15:59:46.818188,54457,12.96,12.95,6063,29750,79,-1921
140,AGI,2020-08-10,0 days 15:57:57.601322,33734,10.11,10.1,30425,11085,9989,-14011
141,AGI,2020-08-10,0 days 15:57:58.604557,32423,10.11,10.1,26902,14385,-711,9989
142,AGI,2020-08-10,0 days 15:59:45.867013,48578,10.11,10.1,7599,77749,2997,-603
143,AGI,2020-08-10,0 days 15:59:46.869164,48175,10.11,10.1,7649,84149,-889,2997
144,AIG,2020-08-10,0 days 15:57:36.501400,572969,31.42,31.41,7480,2722,4393,-1207
145,AIG,2020-08-10,0 days 15:57:37.503732,568962,31.43,31.42,2961,4998,-4007,4393
146,AIG,2020-08-10,0 days 15:57:38.506183,572969,31.43,31.42,3861,4198,1593,-4007
147,AIG,2020-08-10,0 days 15:57:39.508653,566962,31.43,31.42,3502,4998,-6007,1593
148,AIG,2020-08-10,0 days 15:57:42.516076,572969,31.43,31.42,3695,4913,2993,-6007
149,AIG,2020-08-10,0 days 15:57:43.519074,567762,31.43,31.42,1909,6013,-5207,2993
150,AIG,2020-08-10,0 days 15:58:06.575746,575338,31.44,31.43,5782,5615,191,-5809
151,AIG,2020-08-10,0 days 15:58:08.580680,569631,31.44,31.43,5773,6957,-5707,793
152,AIG,2020-08-10,0 days 15:58:16.601935,580451,31.43,31.42,5081,6395,3958,-3242
153,AIG,2020-08-10,0 days 15:58:17.602598,574409,31.44,31.43,2149,7606,-6042,3958
154,AIG,2020-08-10,0 days 15:59:49.824659,660638,31.46,31.45,776,8531,-1924,576
155,ALLY,2020-08-10,0 days 15:56:02.378159,248025,22.04,22.03,8256,800,15110,-20890
156,ALLY,2020-08-10,0 days 15:56:03.379974,248835,22.03,22.02,5842,1287,-88,15110
157,ALLY,2020-08-10,0 days 15:56:20.421122,249370,22.01,22.0,6942,4746,1157,-535
158,ALLY,2020-08-10,0 days 15:56:21.423084,247627,22.01,22.0,7684,3838,-1743,1157
159,ALLY,2020-08-10,0 days 15:56:30.445019,249370,22.01,22.0,6134,6475,13757,-1743
160,ALLY,2020-08-10,0 days 15:56:31.447174,247627,22.02,22.01,4543,2772,-1743,13757
161,ALLY,2020-08-10,0 days 15:57:32.595154,249182,22.02,22.01,588,9302,-1588,812
162,ALLY,2020-08-10,0 days 15:58:08.685671,263213,22.02,22.01,4426,6719,132,-3742
163,ALLY,2020-08-10,0 days 15:59:38.897700,283092,21.99,21.98,8073,12936,-3045,1855
164,ALLY,2020-08-10,0 days 15:59:47.914170,284960,21.99,21.98,2895,7337,-2796,304
165,AM,2020-08-10,0 days 15:59:04.901431,179960,7.38,7.37,18815,15063,-718,3137
166,AM,2020-08-10,0 days 15:59:45.976225,193993,7.35,7.34,6390,25618,-9790,4667
167,AM,2020-08-10,0 days 15:59:46.977286,190583,7.35,7.34,6507,24200,3053,-9790
168,AMC,2020-08-10,0 days 15:56:52.367769,46799,4.47,4.46,8367,5001,1774,-1426
169,AMC,2020-08-10,0 days 15:56:53.369740,45673,4.47,4.46,8267,5298,-1126,1774
170,AMC,2020-08-10,0 days 15:57:24.444952,46799,4.47,4.46,6434,5365,1674,-1126
171,AMC,2020-08-10,0 days 15:57:25.446996,45673,4.47,4.46,6434,10165,-1126,1674
172,AMC,2020-08-10,0 days 15:58:04.544203,46799,4.47,4.46,5033,18087,134,-1666
173,AMC,2020-08-10,0 days 15:58:59.676951,45726,4.47,4.46,6009,16692,-1073,2027
174,AMC,2020-08-10,0 days 15:59:05.693698,46799,4.47,4.46,6733,16693,1424,-1073
175,AMC,2020-08-10,0 days 15:59:06.695230,46586,4.47,4.46,6733,16693,-213,1424
176,AMCR,2020-08-10,0 days 15:56:34.361815,478341,11.12,11.11,14483,38237,-6639,3561
177,AMCR,2020-08-10,0 days 15:56:35.363759,464180,11.12,11.11,14483,38637,14061,-6639
178,AMCR,2020-08-10,0 days 15:59:31.789144,495763,11.11,11.1,23167,46270,2022,-18778
179,AMCR,2020-08-10,0 days 15:59:33.794315,497785,11.11,11.1,15603,47499,-7087,2022
180,ANF,2020-08-10,0 days 15:55:41.326431,111806,10.5,10.49,2087,6604,1488,-1224
181,ANF,2020-08-10,0 days 15:55:42.329181,107094,10.5,10.49,3785,6004,-4712,1488
182,ANF,2020-08-10,0 days 15:57:28.585904,111929,10.49,10.48,5052,6632,12316,-2084
183,ANF,2020-08-10,0 days 15:57:29.587618,108445,10.49,10.48,3070,8233,-3484,12316
184,ANF,2020-08-10,0 days 15:58:08.685597,112729,10.49,10.48,6915,8487,14633,-4350
185,ANF,2020-08-10,0 days 15:58:09.687179,108262,10.49,10.48,5768,8292,-4467,14633
186,ANF,2020-08-10,0 days 15:58:27.730437,114229,10.48,10.47,17778,20833,333,-1567
187,ANF,2020-08-10,0 days 15:58:28.732520,111362,10.48,10.47,16878,21451,-2867,333
188,ANF,2020-08-10,0 days 15:59:06.826932,114229,10.5,10.49,7275,3647,3328,-701
189,ANF,2020-08-10,0 days 15:59:07.828857,113257,10.5,10.49,6675,3547,-972,3328
190,ANF,2020-08-10,0 days 15:59:40.902452,119025,10.51,10.5,11244,2729,1945,-855
191,ANF,2020-08-10,0 days 15:59:41.902346,118270,10.51,10.5,6351,10758,-355,1945
192,APLE,2020-08-10,0 days 15:57:35.605724,69905,10.13,10.12,15318,9398,-573,2027
193,APLE,2020-08-10,0 days 15:57:36.607905,69178,10.13,10.12,13418,9328,727,-573
194,APLE,2020-08-10,0 days 15:57:38.613254,69905,10.13,10.12,13546,8998,-1273,727
195,APLE,2020-08-10,0 days 15:57:39.615345,68578,10.13,10.12,12746,9798,1327,-1273
196,APLE,2020-08-10,0 days 15:58:01.670569,68560,10.14,10.13,6927,11221,1345,-455
197,APLE,2020-08-10,0 days 15:58:05.680129,69905,10.14,10.13,9240,10164,-765,1145
198,APLE,2020-08-10,0 days 15:58:06.682145,68970,10.14,10.13,9640,9964,935,-765
199,APLE,2020-08-10,0 days 15:58:23.723451,63631,10.15,10.14,14627,6564,6274,-826
200,APLE,2020-08-10,0 days 15:59:20.861018,65678,10.14,10.13,18618,7200,-133,359
201,AQUA,2020-08-10,0 days 15:59:23.834619,343751,21.73,21.72,880,2930,15256,-1760
202,AQUA,2020-08-10,0 days 15:59:24.836792,338907,21.76,21.75,557,958,-4844,15256
203,AQUA,2020-08-10,0 days 15:59:45.889557,343638,21.73,21.72,2836,1574,2031,-2114
204,AQUA,2020-08-10,0 days 15:59:47.892299,345869,21.73,21.72,3205,1803,-202,1755
205,AR,2020-08-10,0 days 15:55:29.195237,245787,4.06,4.05,39799,30835,-809,8991
206,AR,2020-08-10,0 days 15:55:47.238216,237625,4.06,4.05,34406,33821,8162,-938
207,AR,2020-08-10,0 days 15:59:00.708456,246852,4.04,4.03,78852,115388,-724,14051
208,AR,2020-08-10,0 days 15:59:03.714888,230376,4.04,4.03,84497,114195,5896,-11304
209,AR,2020-08-10,0 days 15:59:21.755615,273164,4.04,4.03,65368,124448,-4412,32208
210,AR,2020-08-10,0 days 15:59:45.816257,274064,4.04,4.03,91837,107555,-8700,1108
211,AR,2020-08-10,0 days 15:59:48.821922,259564,4.04,4.03,85805,116980,4260,-5440
212,ARMK,2020-08-10,0 days 15:59:10.805706,1018932,24.53,24.52,400,2666,-5952,86748
213,ARMK,2020-08-10,0 days 15:59:11.807498,1012884,24.54,24.52,1363,1600,6048,-5952
214,ARMK,2020-08-10,0 days 15:59:14.814190,1018832,24.58,24.57,200,1470,-4752,1748
215,ARMK,2020-08-10,0 days 15:59:15.815126,1012084,24.58,24.57,1819,167,6748,-4752
216,ARMK,2020-08-10,0 days 15:59:27.843627,1020471,24.58,24.57,1980,500,-1453,4620
217,ARMK,2020-08-10,0 days 15:59:38.871543,1021864,24.55,24.54,1930,1100,1544,-1293
218,ARMK,2020-08-10,0 days 15:59:46.890795,1025187,24.54,24.53,1036,1541,812,-8208
219,ARMK,2020-08-10,0 days 15:59:47.891993,1025999,24.54,24.53,1336,1541,-20418,812
220,ARMK,2020-08-10,0 days 15:59:48.895757,1024901,24.54,24.53,1278,1142,1098,-20418
221,ATI,2020-08-10,0 days 15:58:07.681954,94941,9.65,9.64,4314,18780,-6863,2054
222,ATI,2020-08-10,0 days 15:58:08.685597,93304,9.65,9.64,5014,7563,1637,-6863
223,ATI,2020-08-10,0 days 15:58:27.730467,94941,9.65,9.64,4714,29761,-3863,1637
224,ATI,2020-08-10,0 days 15:58:28.732552,89104,9.65,9.64,5302,28161,5837,-3863
225,ATI,2020-08-10,0 days 15:59:14.846995,94941,9.65,9.64,3563,18880,-13194,445
226,ATUS,2020-08-10,0 days 15:58:07.681791,305153,27.83,27.82,3349,19179,244,-16166
227,ATUS,2020-08-10,0 days 15:58:10.689694,287997,27.83,27.82,3849,19568,-17156,244
228,ATUS,2020-08-10,0 days 15:59:46.911849,315555,27.88,27.87,16906,5053,-9165,19278
229,AU,2020-08-10,0 days 15:57:45.523512,37354,30.19,30.18,3114,659,17,-283
230,AU,2020-08-10,0 days 15:57:47.528043,37271,30.19,30.18,2615,974,-83,17
231,AU,2020-08-10,0 days 15:57:49.533367,37354,30.19,30.18,3533,838,17,-283
232,AU,2020-08-10,0 days 15:57:50.535702,37071,30.19,30.18,3229,838,-4423,17
233,AU,2020-08-10,0 days 15:58:22.615063,41494,30.21,30.2,7795,1895,96,-4
234,AU,2020-08-10,0 days 15:58:23.617085,40890,30.21,30.2,7895,2195,-604,96
235,AU,2020-08-10,0 days 15:58:57.699332,41339,30.23,30.22,1100,1872,1086,-413
236,AU,2020-08-10,0 days 15:58:58.701361,40925,30.23,30.22,1100,1755,-414,1086
237,AU,2020-08-10,0 days 15:59:45.816506,44240,30.18,30.17,1098,2981,3829,-334
238,AU,2020-08-10,0 days 15:59:50.827698,43869,30.2,30.19,645,1179,-371,29
239,AU,2020-08-10,0 days 15:59:56.841513,44240,30.16,30.15,300,2600,529,-371
240,AUY,2020-08-10,0 days 15:55:00.196197,71013,6.44,6.43,42955,337189,-31241,17409
241,AUY,2020-08-10,0 days 15:59:07.798455,101212,6.44,6.43,369293,40003,9291,-1583
242,AUY,2020-08-10,0 days 15:59:39.873760,109691,6.44,6.43,350749,107680,-27221,679
243,AUY,2020-08-10,0 days 15:59:40.877247,109012,6.44,6.43,346649,106180,679,-27221
244,AUY,2020-08-10,0 days 15:59:45.889302,109691,6.44,6.43,314367,105298,-5621,679
245,AUY,2020-08-10,0 days 15:59:46.890855,109312,6.44,6.43,315067,96970,379,-5621
246,AVLR,2020-08-10,0 days 15:59:15.741659,277188,119.38,119.36,247,125,31060,-8672
247,AVLR,2020-08-10,0 days 15:59:16.743817,273348,119.74,119.61,120,800,-6540,31060
248,AVLR,2020-08-10,0 days 15:59:17.745760,279888,119.73,119.56,113,173,1660,-6540
249,AVLR,2020-08-10,0 days 15:59:18.748263,279748,119.73,119.56,113,281,-140,1660
250,AVLR,2020-08-10,0 days 15:59:21.755808,281881,119.73,119.49,113,269,4701,-5391
251,AVLR,2020-08-10,0 days 15:59:22.757889,281482,119.73,119.49,113,269,-399,4701
252,AVLR,2020-08-10,0 days 15:59:24.763028,282223,119.73,119.49,113,125,2159,-741
253,AVLR,2020-08-10,0 days 15:59:25.766197,281782,119.72,119.49,203,269,-441,2159
254,AVLR,2020-08-10,0 days 15:59:29.775185,279523,119.49,119.38,225,117,5572,-27
255,AVLR,2020-08-10,0 days 15:59:30.777468,279495,119.49,119.38,228,606,-28,5572
256,AVLR,2020-08-10,0 days 15:59:32.782504,279523,119.48,119.41,225,744,3156,-28
257,AVLR,2020-08-10,0 days 15:59:38.797335,281630,119.79,119.62,125,591,-593,2307
258,AVLR,2020-08-10,0 days 15:59:39.799827,282223,119.66,119.58,125,125,807,-593
259,AVTR,2020-08-10,0 days 15:55:20.152151,261152,20.78,20.77,3399,6798,-3464,9124
260,AVTR,2020-08-10,0 days 15:57:35.473056,275713,20.78,20.77,10724,3913,5820,-580
261,AVTR,2020-08-10,0 days 15:57:36.477137,272033,20.78,20.77,10028,3513,-3680,5820
262,AVTR,2020-08-10,0 days 15:57:37.479140,275713,20.78,20.77,9810,3513,320,-3680
263,AVTR,2020-08-10,0 days 15:57:39.482766,273933,20.78,20.77,9810,3513,-1780,3020
264,AVTR,2020-08-10,0 days 15:57:40.485484,275713,20.75,20.74,2442,6000,920,-1780
265,AVTR,2020-08-10,0 days 15:58:17.577113,325786,20.71,20.7,15185,4886,1294,-1406
266,AVTR,2020-08-10,0 days 15:58:18.579827,321580,20.71,20.7,15285,4886,-2206,1294
267,AVTR,2020-08-10,0 days 15:59:10.706577,322030,20.7,20.69,1057,9007,-6772,3028
268,AVTR,2020-08-10,0 days 15:59:21.732493,328880,20.7,20.69,4930,7422,1086,-3050
269,AVTR,2020-08-10,0 days 15:59:28.747885,326732,20.7,20.69,4991,7419,-2148,3452
270,AVTR,2020-08-10,0 days 15:59:33.761748,328880,20.7,20.69,1997,11109,12835,-2448
271,AVTR,2020-08-10,0 days 15:59:34.764398,315615,20.7,20.69,1897,11809,-13265,12835
272,AVTR,2020-08-10,0 days 15:59:45.790558,328880,20.7,20.69,2206,9380,7280,-603
273,AVTR,2020-08-10,0 days 15:59:46.793925,328560,20.7,20.69,2098,8480,-1141,7280
274,AVTR,2020-08-10,0 days 15:59:47.789241,329701,20.7,20.69,2301,8380,830,-1141
275,AXP,2020-08-10,0 days 15:59:09.837418,623585,101.63,101.61,500,1045,106,-9764
276,AXP,2020-08-10,0 days 15:59:10.838886,623691,101.62,101.61,100,1312,-1494,106
277,AXP,2020-08-10,0 days 15:59:33.893804,645531,101.65,101.64,300,466,613,-1912
278,AXP,2020-08-10,0 days 15:59:40.910686,643214,101.68,101.67,100,200,-1943,9413
279,AXP,2020-08-10,0 days 15:59:42.918238,645050,101.65,101.64,1483,329,21994,-1943
280,AXP,2020-08-10,0 days 15:59:43.918060,642544,101.66,101.65,341,555,-2506,21994
281,AZN,2020-08-10,0 days 15:57:33.677130,20955,55.37,55.36,280,2450,1321,-5349
282,AZN,2020-08-10,0 days 15:57:34.679609,20895,55.38,55.37,2802,628,-60,1321
283,AZN,2020-08-10,0 days 15:59:23.920850,22883,55.4,55.39,13232,2212,1931,-216
284,AZN,2020-08-10,0 days 15:59:24.923211,22588,55.4,55.39,13532,1902,-95,1931
285,BA,2020-08-10,0 days 15:57:21.568421,489709,179.37,179.35,300,400,-2323,2777
286,BA,2020-08-10,0 days 15:57:22.570715,486861,179.37,179.35,200,475,2848,-2323
287,BA,2020-08-10,0 days 15:57:35.602664,496809,179.37,179.32,340,1195,-23,2777
288,BA,2020-08-10,0 days 15:57:38.610385,487032,179.34,179.32,500,369,9777,-23
289,BA,2020-08-10,0 days 15:57:39.611940,489709,179.33,179.31,200,300,-2023,9777
290,BA,2020-08-10,0 days 15:57:40.614631,487132,179.33,179.31,200,300,2577,-2023
291,BA,2020-08-10,0 days 15:57:51.642337,496809,179.33,179.31,620,300,-1124,3976
292,BA,2020-08-10,0 days 15:57:52.644688,494733,179.33,179.31,300,200,2076,-1124
293,BA,2020-08-10,0 days 15:58:02.669705,492732,179.25,179.22,397,300,-2101,14799
294,BA,2020-08-10,0 days 15:58:03.672194,488333,179.25,179.21,456,250,4399,-2101
295,BA,2020-08-10,0 days 15:59:06.827013,495407,179.33,179.3,200,290,-4717,11238
296,BA,2020-08-10,0 days 15:59:07.828911,486224,179.35,179.31,660,500,9183,-4717
297,BABA,2020-08-10,0 days 15:55:53.303717,198540,248.01,247.99,522,115,-43,1
298,BABA,2020-08-10,0 days 15:56:04.326786,195350,247.99,247.98,300,840,-3233,1423
299,BABA,2020-08-10,0 days 15:57:12.490743,198583,247.99,247.97,200,418,9724,-1092
300,BABA,2020-08-10,0 days 15:57:13.492667,196031,247.99,247.97,1010,722,-2552,9724
301,BABA,2020-08-10,0 days 15:57:34.545195,198791,247.99,247.97,800,400,955,-1801
302,BABA,2020-08-10,0 days 15:57:35.546979,197390,247.99,247.97,600,400,-1401,955
303,BABA,2020-08-10,0 days 15:57:36.549465,198791,248.0,247.98,500,421,455,-1401
304,BABA,2020-08-10,0 days 15:57:37.551178,197546,248.01,247.98,1310,824,-1245,455
305,BABA,2020-08-10,0 days 15:58:09.632319,197817,248.01,247.99,1968,324,-994,1706
306,BABA,2020-08-10,0 days 15:58:11.635812,198811,248.01,247.99,1360,224,806,-994
307,BABA,2020-08-10,0 days 15:58:12.638403,197817,248.01,247.98,2159,798,-994,806
308,BABA,2020-08-10,0 days 15:58:27.674383,198069,247.97,247.95,315,601,-742,5358
309,BABA,2020-08-10,0 days 15:59:03.763496,202648,248.15,248.13,200,300,-1631,3050
310,BABA,2020-08-10,0 days 15:59:04.766648,204279,248.2,248.17,421,265,1368,-1631
311,BABA,2020-08-10,0 days 15:59:05.769090,192647,248.24,248.21,285,260,-11632,1368
312,BABA,2020-08-10,0 days 15:59:07.773186,204279,248.19,248.17,238,239,5436,-1532
313,BABA,2020-08-10,0 days 15:59:09.778873,203864,248.17,248.14,300,100,-415,7585
314,BABA,2020-08-10,0 days 15:59:11.781779,204279,248.11,248.08,600,100,4885,-5667
315,BABA,2020-08-10,0 days 15:59:13.787400,197346,248.19,248.18,200,300,-6933,2119
316,BABA,2020-08-10,0 days 15:59:15.792635,204279,248.15,248.14,300,200,2852,-3986
317,BABA,2020-08-10,0 days 15:59:18.798171,203115,248.07,248.05,1200,100,-1164,956
318,BABA,2020-08-10,0 days 15:59:19.801160,204300,248.04,248.01,400,325,3073,-1164
319,BABA,2020-08-10,0 days 15:59:32.833764,200669,248.17,248.14,801,521,-3631,1821
320,BABA,2020-08-10,0 days 15:59:33.836057,204300,248.11,248.07,300,620,5353,-3631
321,BABA,2020-08-10,0 days 15:59:34.839030,200769,248.19,248.15,200,1260,-3531,5353
322,BABA,2020-08-10,0 days 15:59:36.843710,204300,248.13,248.1,1710,162,2769,-3528
323,BABA,2020-08-10,0 days 15:59:40.853465,204300,248.13,248.09,200,1157,8222,-3383
324,BABA,2020-08-10,0 days 15:59:41.855803,199217,248.2,248.17,400,1609,-5083,8222
325,BABA,2020-08-10,0 days 15:59:45.866683,204300,248.14,248.11,500,100,2770,-427
326,BAC,2020-08-10,0 days 15:59:14.910371,4818236,26.57,26.56,71234,55215,82472,-2411104
327,BAC,2020-08-10,0 days 15:59:15.902852,4809860,26.58,26.57,54930,54689,-31197,82472
328,BAC,2020-08-10,0 days 15:59:26.928791,4907995,26.6,26.59,242802,34847,4712,-8508
329,BAX,2020-08-10,0 days 15:59:15.713670,534442,83.19,83.16,100,302,-72096,16595
330,BAX,2020-08-10,0 days 15:59:16.715970,516268,83.17,83.14,300,540,18174,-72096
331,BAX,2020-08-10,0 days 15:59:17.718306,534442,83.18,83.16,200,400,-1611,18174
332,BAX,2020-08-10,0 days 15:59:23.733930,529558,83.17,83.13,100,780,5071,-2529
333,BAX,2020-08-10,0 days 15:59:24.736832,534629,83.18,83.16,141,114,-2929,5071
334,BB,2020-08-10,0 days 15:59:36.769353,30871,4.84,4.83,104961,106544,-3744,10616
335,BBD,2020-08-10,0 days 15:59:46.826311,417430,4.03,4.02,411634,752710,15851,-94842
336,BBVA,2020-08-10,0 days 15:55:00.103909,44542,3.04,3.03,62369,230998,44,-173
337,BBVA,2020-08-10,0 days 15:55:29.175365,44586,3.04,3.03,58569,293367,-1656,44
338,BBVA,2020-08-10,0 days 15:58:46.648020,53586,3.04,3.03,55092,305854,-1930,4022
339,BCS,2020-08-10,0 days 15:59:00.815763,104185,5.58,5.57,106157,155544,-2840,1060
340,BCS,2020-08-10,0 days 15:59:01.817198,89509,5.58,5.57,110874,150044,14676,-2840
341,BDX,2020-08-10,0 days 15:55:55.258329,238060,257.51,257.33,300,100,-50593,24407
342,BDX,2020-08-10,0 days 15:55:56.260045,265853,257.51,257.27,200,100,9107,-50593
343,BDX,2020-08-10,0 days 15:55:57.262721,263160,257.51,257.13,309,200,-2593,9107
344,BE,2020-08-10,0 days 15:55:00.173015,234926,12.99,12.98,1799,838,-1553,188522
345,BE,2020-08-10,0 days 15:56:12.345967,236479,13.0,12.99,4529,2616,6871,-253
346,BE,2020-08-10,0 days 15:59:05.769375,248531,13.03,13.02,4668,358,-5951,5478
347,BE,2020-08-10,0 days 15:59:07.773666,255082,13.03,13.02,4723,558,229,-751
348,BE,2020-08-10,0 days 15:59:08.780764,254411,13.03,13.02,5485,100,-71,229
349,BE,2020-08-10,0 days 15:59:16.794828,240553,13.02,13.01,4045,547,7802,-127
350,BE,2020-08-10,0 days 15:59:33.836624,257355,13.04,13.03,1972,1987,-760,1450
351,BE,2020-08-10,0 days 15:59:44.863443,260652,13.01,13.0,5765,10331,-2013,387
352,BE,2020-08-10,0 days 15:59:46.869066,268265,13.01,13.0,6454,9931,1263,-5913
353,BE,2020-08-10,0 days 15:59:47.870954,268028,13.01,13.0,6600,9927,-437,1263
354,BEN,2020-08-10,0 days 15:55:00.224337,355837,22.42,22.41,2993,6578,5152,-140960
355,BEN,2020-08-10,0 days 15:55:40.324354,361371,22.4,22.39,7197,6726,-3446,2280
356,BEN,2020-08-10,0 days 15:55:41.326431,356917,22.4,22.39,7443,6676,4454,-3446
357,BEN,2020-08-10,0 days 15:58:02.669607,379460,22.38,22.37,10836,18342,-1672,6322
358,BEN,2020-08-10,0 days 15:58:03.672156,373632,22.38,22.37,14330,227,5828,-1672
359,BEN,2020-08-10,0 days 15:58:50.786791,355082,22.39,22.38,7234,3564,7717,-16183
360,BEN,2020-08-10,0 days 15:59:34.890406,372244,22.39,22.38,8241,1381,788,-1212
361,BEN,2020-08-10,0 days 15:59:46.911993,385828,22.39,22.38,7461,5764,-23841,27084
362,BEN,2020-08-10,0 days 15:59:47.914040,385569,22.39,22.38,9538,1824,259,-23841
363,BEST,2020-08-10,0 days 15:59:35.767467,28046,4.47,4.46,19937,19091,-5727,2973
364,BHP,2020-08-10,0 days 15:58:39.759658,41799,57.14,57.13,8103,923,1279,-851
365,BHP,2020-08-10,0 days 15:58:40.761989,39478,57.14,57.13,7053,2416,-2321,1279
366,BK,2020-08-10,0 days 15:59:16.794828,788600,37.9,37.89,4500,4862,8125,-101284
367,BKD,2020-08-10,0 days 15:57:09.408692,72845,3.15,3.14,14526,8645,337,-533
368,BKD,2020-08-10,0 days 15:57:10.411237,70382,3.15,3.14,13626,8645,-2463,337
369,BKD,2020-08-10,0 days 15:59:01.683315,77210,3.15,3.14,8710,15205,568,-5132
370,BKD,2020-08-10,0 days 15:59:15.713808,72272,3.15,3.14,7589,18358,-5008,1824
371,BKD,2020-08-10,0 days 15:59:21.728926,85929,3.15,3.14,12650,13780,4743,-10657
372,BKD,2020-08-10,0 days 15:59:22.731023,83272,3.15,3.14,11550,15316,-2657,4743
373,BKD,2020-08-10,0 days 15:59:46.789984,84520,3.15,3.14,14339,8617,-1727,1791
374,BKR,2020-08-10,0 days 15:57:35.605724,489547,17.26,17.25,22309,3386,-274,2026
375,BKR,2020-08-10,0 days 15:57:38.613226,478721,17.26,17.25,19564,3077,11626,-4274
376,BKR,2020-08-10,0 days 15:58:17.709064,492787,17.24,17.23,24532,2042,-8049,2751
377,BKR,2020-08-10,0 days 15:58:18.711076,476336,17.23,17.22,14311,7106,14851,-8049
378,BKR,2020-08-10,0 days 15:58:33.747551,495887,17.23,17.22,25866,3477,-11664,16351
379,BKR,2020-08-10,0 days 15:58:34.750633,486351,17.23,17.22,30766,3092,6436,-11664
380,BMY,2020-08-10,0 days 15:55:00.224337,1450118,61.77,61.76,4219,2220,30356,-367547
381,BMY,2020-08-10,0 days 15:57:29.587581,1525862,61.77,61.76,10115,123,-69,14803
382,BMY,2020-08-10,0 days 15:57:37.607156,1507331,61.74,61.73,4679,2735,18531,-69
383,BMY,2020-08-10,0 days 15:58:46.777074,1541971,61.77,61.76,757,4780,-35637,7791
384,BMY,2020-08-10,0 days 15:58:47.779241,1533108,61.79,61.77,1900,3900,8863,-35637
385,BMY,2020-08-10,0 days 15:59:06.826900,1561281,61.8,61.79,18415,3035,-7698,24929
386,BMY,2020-08-10,0 days 15:59:08.836802,1555206,61.79,61.78,1782,6873,6075,-6051
387,BMY,2020-08-10,0 days 15:59:27.872839,1536533,61.79,61.78,6733,1246,-2632,108
388,BMY,2020-08-10,0 days 15:59:28.874475,1534765,61.79,61.78,7657,1746,1768,-2632
389,BMY,2020-08-10,0 days 15:59:30.879394,1536533,61.78,61.77,2276,4391,-11705,16768
390,BMY,2020-08-10,0 days 15:59:31.882795,1536114,61.78,61.77,1677,5202,419,-11705
391,BMY,2020-08-10,0 days 15:59:40.902400,1542907,61.79,61.78,1428,4900,-205,9395
392,BMY,2020-08-10,0 days 15:59:45.912407,1544135,61.77,61.76,4464,2049,20672,-552
393,BMY,2020-08-10,0 days 15:59:46.911963,1564807,61.77,61.76,960,5949,-2244,20672
394,BMY,2020-08-10,0 days 15:59:50.918531,1562624,61.77,61.76,2785,4708,2183,-1217
395,BMY,2020-08-10,0 days 15:59:54.927678,1564707,61.79,61.78,2921,4449,-8861,2183
396,BP,2020-08-10,0 days 15:55:12.227324,88304,23.48,23.47,39344,44800,3939,-2061
397,BP,2020-08-10,0 days 15:57:35.572731,92915,23.48,23.47,9464,58509,-178,642
398,BP,2020-08-10,0 days 15:57:38.580140,93093,23.48,23.47,21180,50499,722,-178
399,BP,2020-08-10,0 days 15:59:01.783980,98978,23.5,23.49,60722,51757,-41,50
400,BP,2020-08-10,0 days 15:59:16.817810,98605,23.5,23.49,63775,46843,373,-687
401,BP,2020-08-10,0 days 15:59:23.834544,98978,23.5,23.49,60142,48391,-1249,373
402,BP,2020-08-10,0 days 15:59:50.901263,88892,23.5,23.49,42930,46833,11964,-5136
403,BRFS,2020-08-10,0 days 15:55:00.196167,35585,4.02,4.01,154849,39126,8138,-15424
404,BRFS,2020-08-10,0 days 15:57:49.606636,43728,4.02,4.01,54312,159977,-602,698
405,BRFS,2020-08-10,0 days 15:59:45.889302,51004,4.02,4.01,140187,133083,3724,-376
406,BRFS,2020-08-10,0 days 15:59:46.890855,50828,4.02,4.01,170335,40074,-1432,3724
407,BRK.B,2020-08-10,0 days 15:59:47.789431,596830,212.65,212.6,900,200,7641,-1908
408,BRX,2020-08-10,0 days 15:55:00.225230,296276,12.38,12.37,5700,12191,8497,-48571
409,BRX,2020-08-10,0 days 15:55:01.227104,292573,12.38,12.37,5800,13391,-3503,8497
410,BRX,2020-08-10,0 days 15:55:18.270142,296276,12.38,12.37,4200,14772,3097,-3503
411,BRX,2020-08-10,0 days 15:55:19.273277,292573,12.38,12.37,4100,15772,-3503,3097
412,BRX,2020-08-10,0 days 15:59:28.874569,327992,12.38,12.37,8701,11111,1373,-5527
413,BRX,2020-08-10,0 days 15:59:33.887857,325331,12.39,12.38,12582,12694,-2661,1373
414,BRX,2020-08-10,0 days 15:59:45.912567,327992,12.38,12.37,16848,4569,7765,-6297
415,BSX,2020-08-10,0 days 15:55:00.102241,231582,38.98,38.97,10248,9319,465,-87375
416,BSX,2020-08-10,0 days 15:55:01.105199,229247,38.98,38.97,11948,8919,-2335,465
417,BSX,2020-08-10,0 days 15:55:20.151335,231582,38.97,38.96,7331,7446,965,-2335
418,BSX,2020-08-10,0 days 15:55:21.154067,229547,38.97,38.96,9931,5709,-2035,965
419,BSX,2020-08-10,0 days 15:58:52.660812,217812,38.99,38.98,5184,7799,-113014,16287
420,BSX,2020-08-10,0 days 15:59:06.695301,242696,38.99,38.98,3692,8549,-3513,1565
421,BSX,2020-08-10,0 days 15:59:27.745190,275763,38.99,38.98,1818,9552,374,-65
422,BSX,2020-08-10,0 days 15:59:30.752877,271537,39.0,38.99,8793,2084,-3726,1474
423,BSX,2020-08-10,0 days 15:59:34.762799,283307,39.0,38.99,12970,2054,92,-8908
424,BSX,2020-08-10,0 days 15:59:40.778524,280449,39.0,38.99,6399,11653,-5316,10292
425,BSX,2020-08-10,0 days 15:59:45.788950,290860,38.99,38.98,13770,200,7179,-2031
426,BSX,2020-08-10,0 days 15:59:46.792323,287639,38.98,38.97,7767,9561,-5803,7179
427,BTI,2020-08-10,0 days 15:57:14.522242,37098,33.86,33.85,4362,9771,-820,80
428,BTI,2020-08-10,0 days 15:57:15.524885,36518,33.86,33.85,5762,9271,580,-820
429,BTI,2020-08-10,0 days 15:57:43.592409,37098,33.88,33.87,3949,6464,-320,580
430,BTI,2020-08-10,0 days 15:57:46.599749,36718,33.88,33.87,5089,3196,380,-620
431,BTI,2020-08-10,0 days 15:57:48.604837,37098,33.88,33.87,5185,4196,-120,280
432,BTI,2020-08-10,0 days 15:57:50.609728,36018,33.88,33.87,4331,5026,1080,-120
433,BTI,2020-08-10,0 days 15:58:38.726813,37098,33.89,33.88,2011,8276,-541,59
434,BTI,2020-08-10,0 days 15:59:00.783339,36994,33.9,33.89,5516,9670,181,-329
435,BTI,2020-08-10,0 days 15:59:03.789092,38575,33.9,33.89,5816,9330,-919,181
436,BTI,2020-08-10,0 days 15:59:04.792476,38294,33.9,33.89,6238,9430,281,-919
437,BTU,2020-08-10,0 days 15:59:05.793103,16209,2.82,2.81,35370,30569,-73,761
438,BTU,2020-08-10,0 days 15:59:34.861702,16395,2.82,2.81,44487,33102,1621,-186
439,BWA,2020-08-10,0 days 15:55:00.172820,101878,40.42,40.41,2190,1594,6749,-6206
440,BWA,2020-08-10,0 days 15:55:47.289604,108503,40.43,40.42,2221,1500,-23,179
441,BWA,2020-08-10,0 days 15:55:48.291566,108126,40.43,40.42,1421,1900,377,-23
442,BWA,2020-08-10,0 days 15:56:22.370109,108664,40.46,40.45,300,3663,-491,438
443,BWA,2020-08-10,0 days 15:56:23.372857,108355,40.46,40.45,300,3563,309,-491
444,BWA,2020-08-10,0 days 15:57:35.547314,109153,40.4,40.39,346,3940,-1161,339
445,BWA,2020-08-10,0 days 15:57:37.552043,108614,40.4,40.39,620,3537,539,-361
446,BWA,2020-08-10,0 days 15:57:39.556916,110453,40.4,40.39,300,3253,-561,539
447,BWA,2020-08-10,0 days 15:57:48.579893,112514,40.4,40.39,704,10061,39,-361
448,BWA,2020-08-10,0 days 15:57:49.581676,112153,40.4,40.39,500,11457,-361,39
449,BWA,2020-08-10,0 days 15:58:08.629390,112617,40.4,40.39,8545,4549,396,-853
450,BWA,2020-08-10,0 days 15:58:09.632545,112313,40.4,40.39,7545,4952,-304,396
451,BWA,2020-08-10,0 days 15:58:28.677469,112617,40.39,40.38,3923,4381,1996,-304
452,BWA,2020-08-10,0 days 15:58:46.721251,114913,40.4,40.39,954,3796,-247,62
453,BWA,2020-08-10,0 days 15:58:59.753498,116194,40.42,40.41,1001,3517,386,-768
454,BWA,2020-08-10,0 days 15:59:01.758644,117580,40.44,40.43,2440,706,-294,268
455,BWA,2020-08-10,0 days 15:59:02.761451,117874,40.44,40.43,3497,1604,618,-294
456,BWA,2020-08-10,0 days 15:59:15.792746,123343,40.49,40.48,3450,729,2010,-353
457,BWA,2020-08-10,0 days 15:59:16.794772,121953,40.49,40.48,1633,3178,-2790,2010
458,BWA,2020-08-10,0 days 15:59:45.866788,126389,40.5,40.49,3622,1535,278,-122
459,BWA,2020-08-10,0 days 15:59:46.868979,126367,40.5,40.49,3937,500,-22,278
460,BX,2020-08-10,0 days 15:55:00.104847,195998,52.18,52.17,7200,1457,-5773,68131
461,BX,2020-08-10,0 days 15:56:19.295590,201989,52.19,52.18,5301,2728,339,-861
462,BX,2020-08-10,0 days 15:56:20.298157,198628,52.19,52.18,5201,2838,-3461,339
463,BX,2020-08-10,0 days 15:57:49.508278,203187,52.18,52.17,800,7200,319,-681
464,BX,2020-08-10,0 days 15:57:50.511065,200406,52.18,52.17,700,7800,-2781,319
465,BX,2020-08-10,0 days 15:58:09.557830,203293,52.21,52.2,960,811,8812,-2988
466,BX,2020-08-10,0 days 15:58:33.616047,207193,52.22,52.21,865,2415,26277,-248
467,BX,2020-08-10,0 days 15:59:42.783537,300490,52.28,52.27,2793,1541,-137,1575
468,BX,2020-08-10,0 days 15:59:43.785973,300427,52.28,52.27,2710,1500,63,-137
469,BX,2020-08-10,0 days 15:59:44.788785,300490,52.28,52.27,1662,1600,-1910,63
470,BX,2020-08-10,0 days 15:59:46.794313,299306,52.28,52.26,1712,500,2465,-13916
471,BYD,2020-08-10,0 days 15:59:42.779701,102996,26.17,26.16,8236,3488,9936,-3464
472,BYD,2020-08-10,0 days 15:59:46.790090,104806,26.17,26.16,8894,2079,-101,7435
473,C,2020-08-10,0 days 15:59:20.913656,1258875,52.86,52.85,3890,1980,8562,-63408
474,C,2020-08-10,0 days 15:59:30.938787,1259065,52.88,52.87,4823,3700,9017,-1422
475,C,2020-08-10,0 days 15:59:32.942527,1251899,52.9,52.89,13098,4700,-9588,9017
476,C,2020-08-10,0 days 15:59:33.944812,1261487,52.89,52.88,1490,8903,2852,-9588
477,C,2020-08-10,0 days 15:59:43.969434,1265996,52.89,52.88,11760,2400,-1473,3327
478,C,2020-08-10,0 days 15:59:44.972087,1267001,52.89,52.88,10452,1703,5594,-1473
479,C,2020-08-10,0 days 15:59:49.989237,1262884,52.88,52.87,17603,742,-7927,5234
480,CAG,2020-08-10,0 days 15:57:14.495989,191133,37.75,37.74,7736,9818,33,-367
481,CAG,2020-08-10,0 days 15:57:36.549838,187966,37.76,37.75,4289,8801,-3167,2833
482,CAG,2020-08-10,0 days 15:59:28.823843,199287,37.77,37.76,6430,700,-1734,7166
483,CAG,2020-08-10,0 days 15:59:45.866833,201121,37.75,37.74,6638,6196,2411,-77
484,CAG,2020-08-10,0 days 15:59:46.869011,201732,37.75,37.74,5487,6994,-51,2411
485,CAH,2020-08-10,0 days 15:55:46.245921,154874,53.11,53.1,1185,2354,1249,-3529
486,CAH,2020-08-10,0 days 15:55:47.248272,151923,53.11,53.1,1184,2654,-2951,1249
487,CAH,2020-08-10,0 days 15:56:20.328179,154874,53.09,53.08,1008,3230,405,-488
488,CAH,2020-08-10,0 days 15:56:21.330362,152179,53.09,53.08,1109,3680,-2695,405
489,CAH,2020-08-10,0 days 15:57:34.506739,155316,53.09,53.08,1987,2995,1370,-330
490,CAH,2020-08-10,0 days 15:57:35.508915,153886,53.09,53.08,1987,3395,-1430,1370
491,CAH,2020-08-10,0 days 15:57:38.515775,155316,53.09,53.08,1999,3195,670,-130
492,CAH,2020-08-10,0 days 15:57:39.518292,154786,53.09,53.08,1799,3604,-530,670
493,CAH,2020-08-10,0 days 15:59:06.730005,156552,53.09,53.08,800,150,879,-606
494,CARR,2020-08-10,0 days 15:59:08.702092,396853,29.48,29.46,5700,15408,14138,-30325
495,CARR,2020-08-10,0 days 15:59:09.706748,391691,29.48,29.47,5800,2301,-3762,14138
496,CARR,2020-08-10,0 days 15:59:48.792684,391437,29.47,29.46,3595,28960,-4238,7762
497,CARS,2020-08-10,0 days 15:58:17.676081,49044,8.74,8.73,18277,2046,1229,-1771
498,CAT,2020-08-10,0 days 15:55:00.104433,612135,142.0,141.98,1508,300,2279,-63353
499,CAT,2020-08-10,0 days 15:55:21.155521,614426,142.0,141.97,306,400,-4013,897
500,CAT,2020-08-10,0 days 15:55:22.158380,613239,142.0,141.97,669,400,1187,-4013
501,CAT,2020-08-10,0 days 15:57:34.471596,614852,141.94,141.92,320,500,-6600,961
502,CAT,2020-08-10,0 days 15:57:35.474108,614552,141.91,141.88,517,600,300,-6600
503,CAT,2020-08-10,0 days 15:57:45.498360,614852,141.96,141.94,200,200,-1124,276
504,CAT,2020-08-10,0 days 15:57:51.512992,614752,141.93,141.91,298,573,100,-5524
505,CAT,2020-08-10,0 days 15:57:56.525053,615026,141.95,141.92,985,517,-1626,2600
506,CAT,2020-08-10,0 days 15:57:57.527816,614752,141.95,141.92,685,417,274,-1626
507,CAT,2020-08-10,0 days 15:57:59.533157,615026,141.95,141.92,985,718,-5526,3374
508,CAT,2020-08-10,0 days 15:58:01.538794,613852,141.92,141.89,480,308,1174,-226
509,CAT,2020-08-10,0 days 15:58:04.545784,607639,141.92,141.88,1963,100,6741,-1272
510,CAT,2020-08-10,0 days 15:58:07.553065,614106,141.92,141.9,380,100,-4385,467
511,CAT,2020-08-10,0 days 15:58:08.556020,613891,141.92,141.9,627,100,356,-4385
512,CAT,2020-08-10,0 days 15:58:09.557782,614247,141.91,141.9,115,202,-170,356
513,CAT,2020-08-10,0 days 15:58:10.561039,614017,141.91,141.89,420,200,230,-170
514,CAT,2020-08-10,0 days 15:58:21.587714,614117,141.92,141.89,582,591,230,-870
515,CAT,2020-08-10,0 days 15:58:27.601422,614347,141.9,141.87,939,100,-170,230
516,CAT,2020-08-10,0 days 15:58:42.637443,617617,141.97,141.95,302,400,471,-229
517,CAT,2020-08-10,0 days 15:58:44.642455,618088,141.97,141.95,421,200,-1290,471
518,CAT,2020-08-10,0 days 15:58:50.657241,617488,142.0,141.98,200,375,-3390,310
519,CAT,2020-08-10,0 days 15:58:59.679594,618796,142.02,142.0,300,300,99,-698
520,CAT,2020-08-10,0 days 15:59:00.682886,618695,142.02,141.99,300,500,-124,99
521,CAT,2020-08-10,0 days 15:59:01.684422,618819,142.02,142.0,612,497,2176,-124
522,CAT,2020-08-10,0 days 15:59:43.785939,621495,142.05,142.02,240,1474,-19820,180
523,CAT,2020-08-10,0 days 15:59:44.788753,641526,142.02,141.98,1268,602,770,-19820
524,CCL,2020-08-10,0 days 15:59:45.788539,1059153,15.42,15.41,2167,52775,-11928,65272
525,CCL,2020-08-10,0 days 15:59:48.795600,1035381,15.43,15.42,46091,44784,13172,-22528
526,CCXX,2020-08-10,0 days 15:53:06.902617,47,10.89,10.88,3400,250,353,-47
527,CCXX,2020-08-10,0 days 15:59:39.852259,131,10.93,10.92,578,1501,-223,77
528,CCXX,2020-08-10,0 days 15:59:40.854108,54,10.93,10.92,678,1501,77,-223
529,CDAY,2020-08-10,0 days 15:59:00.681344,137395,69.36,69.28,500,403,-371715,45870
530,CDAY,2020-08-10,0 days 15:59:06.695435,109225,69.25,69.21,200,300,30770,-339829
531,CDAY,2020-08-10,0 days 15:59:08.701495,140095,69.23,69.2,638,224,-10923,1812
532,CDAY,2020-08-10,0 days 15:59:11.706290,144718,69.16,69.15,915,200,1477,-401108
533,CDAY,2020-08-10,0 days 15:59:15.713778,147518,69.21,69.16,1092,100,-8600,377
534,CDAY,2020-08-10,0 days 15:59:59.820728,243498,69.34,69.33,1880,6800,-308342,82040
535,CDE,2020-08-10,0 days 15:55:00.123915,89791,8.6,8.59,16725,28918,-2614,15951
536,CDE,2020-08-10,0 days 15:58:46.673855,93521,8.62,8.61,42082,18653,1531,-2063
537,CDE,2020-08-10,0 days 15:58:47.675444,91352,8.62,8.61,41021,19491,-2169,1531
538,CDE,2020-08-10,0 days 15:59:04.719038,94498,8.62,8.61,56366,9310,9582,-3039
539,CDE,2020-08-10,0 days 15:59:05.720223,83797,8.61,8.6,12046,35820,-10701,9582
540,CDE,2020-08-10,0 days 15:59:35.790991,94498,8.61,8.6,20361,37461,2183,-4620
541,CF,2020-08-10,0 days 15:55:20.145690,319652,34.97,34.96,1590,1529,6866,-7774
542,CF,2020-08-10,0 days 15:55:21.148139,319118,34.97,34.96,1747,1855,-534,6866
543,CF,2020-08-10,0 days 15:57:45.496227,346042,34.89,34.88,2731,2042,2234,-2666
544,CF,2020-08-10,0 days 15:57:46.498733,343276,34.89,34.88,2733,2046,-2766,2234
545,CF,2020-08-10,0 days 15:59:15.713670,354592,34.91,34.9,1686,2076,6420,-6405
546,CF,2020-08-10,0 days 15:59:16.715940,352212,34.91,34.9,634,2649,-1680,6420
547,CF,2020-08-10,0 days 15:59:35.763288,363369,34.91,34.9,1485,3626,2443,-9457
548,CF,2020-08-10,0 days 15:59:45.788342,364130,34.9,34.89,6797,1600,6684,-1018
549,CF,2020-08-10,0 days 15:59:46.789785,363214,34.89,34.88,1591,6669,-576,6684
550,CFG,2020-08-10,0 days 15:55:29.167969,363208,25.89,25.88,7874,3795,24454,-34046
551,CFG,2020-08-10,0 days 15:55:30.170008,359862,25.9,25.89,5295,4631,-3346,24454
552,CFG,2020-08-10,0 days 15:55:41.196486,363708,25.9,25.89,4469,4805,15129,-2989
553,CFG,2020-08-10,0 days 15:55:42.198946,362237,25.9,25.89,5369,4142,-1471,15129
554,CFG,2020-08-10,0 days 15:56:03.249613,363708,25.89,25.88,9365,1940,13029,-1471
555,CFG,2020-08-10,0 days 15:56:04.252683,362237,25.89,25.88,8865,2340,-2837,13029
556,CFG,2020-08-10,0 days 15:58:37.623686,384925,25.92,25.91,6090,2025,7046,-3110
557,CFG,2020-08-10,0 days 15:58:38.626212,381371,25.92,25.91,5521,1559,-3554,7046
558,CFG,2020-08-10,0 days 15:59:20.725855,404867,25.9,25.89,6181,3241,-3220,178
559,CFG,2020-08-10,0 days 15:59:46.790044,415234,25.9,25.89,16560,1072,15125,-2564
560,CFG,2020-08-10,0 days 15:59:47.791800,414459,25.9,25.89,13271,1106,-1906,15125
561,CGC,2020-08-10,0 days 15:55:00.307419,76393,17.9,17.89,1811,2143,-2806,19154
562,CGC,2020-08-10,0 days 15:59:21.916794,79970,17.89,17.88,2780,3035,299,-1001
563,CGC,2020-08-10,0 days 15:59:39.959400,79497,17.9,17.89,3200,7960,-473,299
564,CHGG,2020-08-10,0 days 15:55:00.132854,130487,81.67,81.6,300,500,35046,-1981
565,CHGG,2020-08-10,0 days 15:57:35.508852,147932,81.76,81.72,647,453,-1702,398
566,CHGG,2020-08-10,0 days 15:57:36.511123,146834,81.7,81.63,300,300,1098,-1702
567,CHGG,2020-08-10,0 days 15:58:01.574513,146971,81.63,81.6,721,100,-1263,1540
568,CHGG,2020-08-10,0 days 15:58:02.574630,145734,81.61,81.58,723,393,1237,-1263
569,CHGG,2020-08-10,0 days 15:58:04.579865,142666,81.61,81.58,623,593,-3068,1237
570,CHGG,2020-08-10,0 days 15:58:05.582763,141834,81.61,81.58,1123,258,832,-3068
571,CHGG,2020-08-10,0 days 15:58:10.594718,144151,81.59,81.55,1133,100,-83,917
572,CHGG,2020-08-10,0 days 15:58:11.596661,143134,81.59,81.55,1033,100,817,-83
573,CHGG,2020-08-10,0 days 15:58:16.609645,144151,81.59,81.56,1033,105,-83,917
574,CHGG,2020-08-10,0 days 15:58:17.611089,143134,81.59,81.56,1133,105,817,-83
575,CHGG,2020-08-10,0 days 15:58:21.621011,144151,81.59,81.56,1024,500,-3083,817
576,CHGG,2020-08-10,0 days 15:58:22.624244,143134,81.59,81.56,1024,500,817,-3083
577,CHGG,2020-08-10,0 days 15:58:40.666464,142109,81.66,81.62,600,925,-1025,75
578,CHGG,2020-08-10,0 days 15:58:41.668743,141334,81.66,81.62,500,1225,75,-1025
579,CHGG,2020-08-10,0 days 15:58:56.705613,142434,81.67,81.65,200,298,99,-101
580,CHGG,2020-08-10,0 days 15:59:10.739795,147051,81.67,81.66,432,202,177,-423
581,CHGG,2020-08-10,0 days 15:59:21.766075,148664,81.67,81.65,435,538,-10371,213
582,CHGG,2020-08-10,0 days 15:59:45.826017,160445,81.3,81.29,1100,700,476,-8627
583,CHGG,2020-08-10,0 days 15:59:46.826311,159421,81.44,81.36,675,476,-1024,476
584,CHWY,2020-08-10,0 days 15:55:52.438169,25391,53.42,53.4,100,200,-611,179
585,CHWY,2020-08-10,0 days 15:55:53.439918,25202,53.42,53.38,200,1016,189,-611
586,CHWY,2020-08-10,0 days 15:59:23.920895,34490,53.38,53.36,360,388,-604,796
587,CHWY,2020-08-10,0 days 15:59:24.923298,33694,53.38,53.36,454,200,796,-604
588,CHWY,2020-08-10,0 days 15:59:45.976208,34090,53.39,53.38,4988,1386,-423,6496
589,CHWY,2020-08-10,0 days 15:59:57.001300,34001,53.41,53.4,4122,9500,-6275,1133
590,CHX,2020-08-10,0 days 15:56:55.382147,161846,11.26,11.25,3112,1901,14540,-1760
591,CHX,2020-08-10,0 days 15:56:56.384662,158286,11.26,11.25,2724,576,-3560,14540
592,CHX,2020-08-10,0 days 15:59:06.696997,160951,11.26,11.25,3523,1967,4248,-84
593,CHX,2020-08-10,0 days 15:59:29.751989,157325,11.26,11.24,2689,1295,-7166,4234
594,CIM,2020-08-10,0 days 15:59:03.689341,264957,8.92,8.91,40218,29761,-535,1444
595,CIM,2020-08-10,0 days 15:59:08.701948,263690,8.92,8.91,49501,28215,1267,-1533
596,CIM,2020-08-10,0 days 15:59:10.706844,264957,8.92,8.91,43013,35389,-2212,788
597,CIM,2020-08-10,0 days 15:59:11.708828,260969,8.92,8.91,49580,25439,3988,-2212
598,CL,2020-08-10,0 days 15:58:33.641523,503024,76.6,76.59,2585,2245,8119,-28480
599,CL,2020-08-10,0 days 15:58:34.643967,498643,76.6,76.59,2276,2569,-4381,8119
600,CL,2020-08-10,0 days 15:59:00.708520,506122,76.61,76.6,617,1702,72,-6842
601,CL,2020-08-10,0 days 15:59:01.710885,506109,76.61,76.6,911,2159,-13,72
602,CL,2020-08-10,0 days 15:59:03.714946,506122,76.61,76.6,1309,1346,55,-13
603,CL,2020-08-10,0 days 15:59:05.720020,506177,76.61,76.6,1012,2553,-1115,55
604,CL,2020-08-10,0 days 15:59:08.727066,514619,76.67,76.66,959,1888,32992,-1642
605,CL,2020-08-10,0 days 15:59:32.782466,548051,76.72,76.71,1057,2397,-17193,2709
606,CL,2020-08-10,0 days 15:59:33.785640,567544,76.72,76.71,940,1285,7907,-17193
607,CL,2020-08-10,0 days 15:59:34.788633,565351,76.72,76.71,1256,931,-1693,7907
608,CL,2020-08-10,0 days 15:59:38.797251,557584,76.68,76.67,209,2634,-1406,1907
609,CL,2020-08-10,0 days 15:59:43.809824,557839,76.7,76.69,2323,100,4512,-2288
610,CL,2020-08-10,0 days 15:59:44.812148,556803,76.69,76.68,704,470,-560,4512
611,CLDR,2020-08-10,0 days 15:59:09.731114,87458,11.27,11.26,2334,16585,-1102,2998
612,CLDR,2020-08-10,0 days 15:59:10.731689,86060,11.27,11.26,1805,16447,1398,-1102
613,CLDR,2020-08-10,0 days 15:59:21.755745,94196,11.27,11.26,3472,14789,-3201,7199
614,CLDR,2020-08-10,0 days 15:59:22.757854,92397,11.27,11.26,2872,15864,1799,-3201
615,CLDR,2020-08-10,0 days 15:59:35.790864,94196,11.28,11.27,16935,13555,-2532,1799
616,CLDR,2020-08-10,0 days 15:59:36.792586,89728,11.28,11.27,17435,13401,4468,-2532
617,CLDR,2020-08-10,0 days 15:59:45.816403,94196,11.28,11.27,19325,9921,-5929,1068
618,CLDR,2020-08-10,0 days 15:59:46.818115,93525,11.28,11.27,20365,5280,671,-5929
619,CLF,2020-08-10,0 days 15:55:00.197378,236670,6.07,6.06,106473,18536,-251176,21145
620,CLNY,2020-08-10,0 days 15:59:15.848771,653689,2.31,2.3,36283,48087,217467,-179986
621,CLNY,2020-08-10,0 days 15:59:35.898456,653689,2.31,2.3,50354,45245,12159,-1043
622,CNK,2020-08-10,0 days 15:58:35.695588,229321,11.06,11.05,10106,4776,53991,-2009
623,CNK,2020-08-10,0 days 15:58:36.698238,219112,11.06,11.05,3854,9925,-10209,53991
624,CNK,2020-08-10,0 days 15:59:46.869369,243763,11.06,11.05,16506,2028,7237,-241
625,CNK,2020-08-10,0 days 15:59:47.871060,240700,11.06,11.05,15930,2437,-4251,7237
626,CNP,2020-08-10,0 days 15:55:00.131601,279998,21.0,20.99,7679,21813,-14850,120809
627,CNP,2020-08-10,0 days 15:55:01.134543,269348,21.0,20.99,7779,23554,10650,-14850
628,CNP,2020-08-10,0 days 15:56:10.302972,281194,21.0,20.99,10037,16636,-1637,2221
629,CNP,2020-08-10,0 days 15:56:11.305893,271631,21.0,20.99,11003,15265,9563,-1637
630,CNP,2020-08-10,0 days 15:57:40.519779,282994,21.01,21.0,21671,2711,-885,915
631,CNP,2020-08-10,0 days 15:58:00.570422,259711,21.0,20.99,21021,8437,-15498,3785
632,CNP,2020-08-10,0 days 15:58:01.573534,254709,21.0,20.99,20763,9221,5002,-15498
633,CNP,2020-08-10,0 days 15:58:29.639357,263711,21.0,20.99,19561,20063,-9191,7209
634,CNP,2020-08-10,0 days 15:58:30.642195,258202,21.0,20.99,21261,18236,5509,-9191
635,CNP,2020-08-10,0 days 15:59:02.721685,273811,21.0,20.99,19590,13454,-3196,3050
636,CNP,2020-08-10,0 days 15:59:07.731861,263485,20.98,20.97,14012,8000,14626,-34706
637,CNP,2020-08-10,0 days 15:59:09.738769,278111,20.99,20.98,5138,24000,-2681,2126
638,CNP,2020-08-10,0 days 15:59:10.738980,272292,20.99,20.98,2983,30035,5819,-2681
639,CNP,2020-08-10,0 days 15:59:11.741099,273811,21.0,20.99,9767,19384,-2581,5819
640,CNP,2020-08-10,0 days 15:59:12.742941,272392,21.0,20.99,11667,15092,1419,-2581
641,CNP,2020-08-10,0 days 15:59:15.749926,273811,21.0,20.99,4663,21603,-196,422
642,CNP,2020-08-10,0 days 15:59:42.815508,277656,20.98,20.97,25989,3072,3799,-3056
643,CNQ,2020-08-10,0 days 15:55:07.242221,49780,20.3,20.29,7650,17183,493,-107
644,CNQ,2020-08-10,0 days 15:55:08.245786,48973,20.3,20.29,3400,25717,-807,493
645,CNQ,2020-08-10,0 days 15:55:28.295620,50304,20.3,20.29,2425,26526,69,-844
646,CNQ,2020-08-10,0 days 15:55:29.297606,49573,20.3,20.29,3375,24726,-244,69
647,CNQ,2020-08-10,0 days 15:56:10.396224,55664,20.29,20.28,11061,2837,145,-718
648,CNQ,2020-08-10,0 days 15:56:11.399660,54609,20.29,20.28,10661,5637,-1055,145
649,CNQ,2020-08-10,0 days 15:56:20.421106,55664,20.29,20.28,9144,8442,645,-1055
650,CNQ,2020-08-10,0 days 15:56:21.423084,54709,20.29,20.28,9860,8242,-955,645
651,CNQ,2020-08-10,0 days 15:59:46.912136,106355,20.29,20.28,12459,6125,6247,-2038
652,CNQ,2020-08-10,0 days 15:59:47.914139,104824,20.29,20.28,11114,8864,-231,6247
653,CNX,2020-08-10,0 days 15:55:28.266070,197260,11.43,11.42,3711,5422,3774,-1626
654,CNX,2020-08-10,0 days 15:55:29.268814,196334,11.43,11.42,4633,5922,-926,3774
655,CNX,2020-08-10,0 days 15:56:37.432681,215156,11.43,11.42,4927,6932,384,-631
656,CNX,2020-08-10,0 days 15:56:38.434994,213040,11.43,11.42,6827,5132,-2116,384
657,CNX,2020-08-10,0 days 15:59:45.889344,235493,11.4,11.39,8900,28800,24263,-1617
658,CNX,2020-08-10,0 days 15:59:46.890887,243447,11.41,11.4,9723,10567,-116,24263
659,COF,2020-08-10,0 days 15:58:03.641901,120478,67.34,67.33,184,804,236,-196
660,COF,2020-08-10,0 days 15:58:06.649374,116714,67.34,67.33,1764,1304,-3396,236
661,COF,2020-08-10,0 days 15:58:36.722636,114573,67.36,67.35,979,3277,4370,-1835
662,COF,2020-08-10,0 days 15:58:37.724057,105943,67.41,67.4,200,1002,-9725,4370
663,COF,2020-08-10,0 days 15:58:45.743791,124420,67.45,67.42,310,1194,2023,-8877
664,COF,2020-08-10,0 days 15:58:46.746718,121443,67.44,67.43,201,600,-3977,2023
665,COF,2020-08-10,0 days 15:59:50.901144,127273,67.42,67.41,265,200,-6394,1006
666,COG,2020-08-10,0 days 15:55:00.228575,411377,20.57,20.56,17904,1034,3430,-147266
667,COG,2020-08-10,0 days 15:55:01.230614,245307,20.59,20.58,4228,3254,-188439,3430
668,COG,2020-08-10,0 days 15:55:03.235320,433746,20.59,20.58,4028,3985,27336,-151139
669,COG,2020-08-10,0 days 15:55:04.238115,413882,20.6,20.59,4428,6568,-19864,27336
670,COG,2020-08-10,0 days 15:57:35.605758,435192,20.56,20.55,4761,3962,2237,-4063
671,COG,2020-08-10,0 days 15:57:36.607975,422329,20.56,20.55,2238,6972,-12863,2237
672,COG,2020-08-10,0 days 15:59:39.908264,471984,20.58,20.57,10008,1425,21989,-811
673,COLD,2020-08-10,0 days 15:55:00.307811,63394,39.19,39.16,696,502,4502,-3707
674,COLD,2020-08-10,0 days 15:55:01.317606,63096,39.19,39.16,600,1250,-298,4502
675,COLD,2020-08-10,0 days 15:55:12.338651,63394,39.2,39.18,717,900,3409,-191
676,COLD,2020-08-10,0 days 15:55:13.345572,63103,39.2,39.18,817,900,-291,3409
677,COLD,2020-08-10,0 days 15:55:49.430637,63468,39.17,39.15,835,396,33,-165
678,COLD,2020-08-10,0 days 15:55:50.432382,63301,39.17,39.15,202,696,-167,33
679,COLD,2020-08-10,0 days 15:57:35.682437,63489,39.23,39.21,544,1200,553,-147
680,COLD,2020-08-10,0 days 15:58:03.752039,83288,39.23,39.21,1138,581,-1616,899
681,COLD,2020-08-10,0 days 15:59:05.904078,88387,39.21,39.18,1250,1799,956,-1249
682,COLD,2020-08-10,0 days 15:59:06.906287,87143,39.21,39.18,1250,1799,-1244,956
683,COLD,2020-08-10,0 days 15:59:10.915988,88387,39.24,39.2,763,1682,56,-244
684,COLD,2020-08-10,0 days 15:59:15.902827,88079,39.21,39.19,589,800,-308,56
685,COLD,2020-08-10,0 days 15:59:27.930675,88942,39.21,39.2,250,200,37,-363
686,COP,2020-08-10,0 days 15:55:00.173898,482342,39.56,39.55,1200,3118,-47353,60498
687,COP,2020-08-10,0 days 15:56:03.324708,537551,39.55,39.54,3289,398,681,-906
688,COP,2020-08-10,0 days 15:56:04.327220,522232,39.56,39.55,3138,1126,-13769,681
689,COP,2020-08-10,0 days 15:58:33.690166,553725,39.58,39.57,4900,500,37484,-10217
690,COP,2020-08-10,0 days 15:58:34.692820,537248,39.58,39.57,1104,5261,-16477,37484
691,COP,2020-08-10,0 days 15:59:08.780881,570174,39.63,39.62,1929,2933,43371,-6184
692,COP,2020-08-10,0 days 15:59:32.833950,611624,39.67,39.66,632,8203,-5755,1458
693,COP,2020-08-10,0 days 15:59:39.852272,617403,39.65,39.64,5742,989,21538,-2062
694,COP,2020-08-10,0 days 15:59:45.867139,615983,39.67,39.66,3727,3900,758,-2295
695,COP,2020-08-10,0 days 15:59:46.869317,615241,39.67,39.66,4344,2250,-7322,758
696,COP,2020-08-10,0 days 15:59:47.871060,622712,39.66,39.65,4489,2512,19279,-7322
697,COP,2020-08-10,0 days 15:59:50.878438,631091,39.66,39.65,3221,1533,-14030,6046
698,COTY,2020-08-10,0 days 15:59:46.794044,278634,4.24,4.23,77382,171456,5884,-11160
699,CPE,2020-08-10,0 days 15:51:02.553120,20663,10.7,10.66,375,1612,9554,-46
700,CPE,2020-08-10,0 days 15:57:14.448249,21527,10.74,10.68,560,1174,-8836,764
701,CPE,2020-08-10,0 days 15:57:15.450616,21463,10.74,10.68,600,1474,64,-8836
702,CPE,2020-08-10,0 days 15:57:17.455693,26629,10.74,10.68,500,1745,-4034,64
703,CPE,2020-08-10,0 days 15:57:18.456892,26063,10.74,10.68,500,1745,566,-4034
704,CPE,2020-08-10,0 days 15:58:14.595742,27575,10.72,10.69,1000,300,734,-66
705,CPE,2020-08-10,0 days 15:58:38.654062,27575,10.71,10.69,500,672,734,-966
706,CPE,2020-08-10,0 days 15:59:01.710917,26519,10.69,10.68,500,159,2004,-652
707,CPE,2020-08-10,0 days 15:59:28.771520,32698,10.7,10.69,900,463,-8321,1479
708,CPRI,2020-08-10,0 days 15:57:10.509417,167642,16.82,16.81,5415,8202,-4617,1783
709,CPRI,2020-08-10,0 days 15:57:11.512101,162559,16.82,16.81,6395,7402,5083,-4617
710,CPRI,2020-08-10,0 days 15:59:45.888988,186185,16.84,16.83,9315,1983,-11493,402
711,CPRI,2020-08-10,0 days 15:59:46.889966,183678,16.83,16.82,6680,1500,8087,-11493
712,CRM,2020-08-10,0 days 15:59:40.813124,480575,197.2,197.17,300,1292,-287,415
713,CRM,2020-08-10,0 days 15:59:48.832085,479242,197.13,197.09,1152,716,2001,-1461
714,CTL,2020-08-10,0 days 15:57:34.469806,2991096,10.86,10.85,27864,103940,-7400,200
715,CTL,2020-08-10,0 days 15:57:35.472921,2982996,10.86,10.85,34098,96314,37900,-7400
716,CTL,2020-08-10,0 days 15:57:38.479479,3020896,10.86,10.85,29042,105545,-17200,11000
717,CTL,2020-08-10,0 days 15:57:39.481597,3010996,10.86,10.85,29138,102181,9900,-17200
718,CTL,2020-08-10,0 days 15:57:45.496304,3020896,10.86,10.85,31253,101665,-17700,9900
719,CTL,2020-08-10,0 days 15:57:46.498797,3011496,10.86,10.85,33864,100942,10100,-17700
720,CTL,2020-08-10,0 days 15:57:48.504624,3021596,10.86,10.85,30933,101999,-15400,10100
721,CTL,2020-08-10,0 days 15:57:49.507026,3019796,10.86,10.85,31733,88742,3300,-15400
722,CTL,2020-08-10,0 days 15:58:07.550642,3024496,10.87,10.86,32680,57544,-29191,14190
723,CTL,2020-08-10,0 days 15:58:08.553531,3009587,10.87,10.86,34980,55844,14909,-29191
724,CTL,2020-08-10,0 days 15:58:44.640259,3032500,10.87,10.86,26065,69273,-11696,11313
725,CTL,2020-08-10,0 days 15:58:55.667526,2999196,10.88,10.87,45529,49443,5804,-25196
726,CTL,2020-08-10,0 days 15:59:16.716151,2999119,10.88,10.87,50255,55198,2139,-86422
727,CTL,2020-08-10,0 days 15:59:32.756732,3029658,10.87,10.86,30238,74821,-66671,339
728,CTVA,2020-08-10,0 days 15:58:33.714537,739929,25.38,25.37,400,2827,12930,-71346
729,CTVA,2020-08-10,0 days 15:58:34.717144,691159,25.39,25.38,973,3130,-48770,12930
730,CTVA,2020-08-10,0 days 15:59:08.806165,755259,25.39,25.38,1300,6000,65082,-15775
731,CTVA,2020-08-10,0 days 15:59:28.846798,782152,25.34,25.33,2000,5759,6497,-421
732,CTVA,2020-08-10,0 days 15:59:30.852550,788649,25.35,25.34,1273,2999,-6703,8297
733,CTVA,2020-08-10,0 days 15:59:45.889557,797485,25.31,25.3,500,3944,71475,-7049
734,CTVA,2020-08-10,0 days 15:59:46.890996,868960,25.33,25.32,700,3700,-20369,71475
735,CVE,2020-08-10,0 days 15:59:45.790939,51420,5.08,5.07,146947,297562,-2110,490
736,CVE,2020-08-10,0 days 15:59:46.794261,51130,5.08,5.07,148547,284351,290,-2110
737,CVS,2020-08-10,0 days 15:58:15.570206,450850,65.66,65.65,1348,2592,5659,-1441
738,CVS,2020-08-10,0 days 15:58:33.614451,456509,65.67,65.66,204,1857,-7804,2444
739,CVS,2020-08-10,0 days 15:58:34.617518,447213,65.67,65.66,3657,757,9296,-7804
740,CVS,2020-08-10,0 days 15:58:53.662082,443724,65.72,65.71,958,2800,1385,-4554
741,CVS,2020-08-10,0 days 15:59:04.691358,445136,65.73,65.72,4635,2948,-527,879
742,CVS,2020-08-10,0 days 15:59:33.757318,447355,65.76,65.74,2887,2563,-7819,228
743,CVS,2020-08-10,0 days 15:59:49.797241,474920,65.69,65.68,1338,1075,-165,4635
744,CVS,2020-08-10,0 days 15:59:50.800463,464085,65.68,65.67,200,800,10835,-165
745,CVS,2020-08-10,0 days 15:59:59.820644,464820,65.72,65.7,930,2421,-1474,6526
746,CVX,2020-08-10,0 days 15:55:00.104797,1351035,89.6,89.58,903,595,25075,-431057
747,CVX,2020-08-10,0 days 15:59:04.692601,1473593,89.64,89.63,377,747,-25674,76679
748,CVX,2020-08-10,0 days 15:59:05.695564,1462474,89.64,89.63,701,410,11119,-25674
749,CVX,2020-08-10,0 days 15:59:27.746926,1469857,89.74,89.73,856,300,-10481,10341
750,CVX,2020-08-10,0 days 15:59:28.749015,1461018,89.73,89.72,200,100,29339,-10481
751,CVX,2020-08-10,0 days 15:59:30.754700,1469857,89.74,89.73,958,200,-10083,10739
752,CVX,2020-08-10,0 days 15:59:31.756533,1461064,89.74,89.72,1748,1626,8793,-10083
753,CVX,2020-08-10,0 days 15:59:34.764773,1474956,89.74,89.73,1144,100,-9184,34538
754,CVX,2020-08-10,0 days 15:59:35.767660,1465018,89.73,89.72,100,100,30438,-9184
755,CVX,2020-08-10,0 days 15:59:42.783537,1436607,89.72,89.7,1434,400,61632,-13398
756,CWH,2020-08-10,0 days 15:56:22.302757,37464,32.19,32.16,225,525,-655,273
757,CWH,2020-08-10,0 days 15:56:23.304863,37219,32.19,32.16,325,525,245,-655
758,CWH,2020-08-10,0 days 15:57:52.516253,37464,32.19,32.15,634,717,-55,245
759,CWH,2020-08-10,0 days 15:57:53.517500,37219,32.19,32.15,734,617,245,-55
760,CWH,2020-08-10,0 days 15:57:59.533047,37464,32.19,32.17,675,125,-55,245
761,CWH,2020-08-10,0 days 15:58:01.538651,36919,32.19,32.17,834,325,199,-101
762,CWH,2020-08-10,0 days 15:58:03.543173,37118,32.19,32.17,732,709,-101,199
763,CWH,2020-08-10,0 days 15:58:04.545684,36919,32.19,32.17,607,809,199,-101
764,CWH,2020-08-10,0 days 15:58:32.614865,37518,32.17,32.15,634,900,-1238,262
765,CWH,2020-08-10,0 days 15:58:53.664086,37618,32.13,32.11,871,500,-523,162
766,CWH,2020-08-10,0 days 15:59:04.692378,40730,32.17,32.14,557,525,-3454,2337
767,CWH,2020-08-10,0 days 15:59:15.717543,40779,32.14,32.12,1124,525,151,-4440
768,CWH,2020-08-10,0 days 15:59:24.739240,40430,32.19,32.16,650,381,-349,51
769,CXO,2020-08-10,0 days 15:59:15.848863,1365679,53.02,53.01,392,700,197197,-297824
770,CXO,2020-08-10,0 days 15:59:44.920418,1442988,53.22,53.2,601,769,-54,4302
771,CXO,2020-08-10,0 days 15:59:46.925414,1427181,53.21,53.2,492,159,26644,-28721
772,D,2020-08-10,0 days 15:55:39.292836,210821,80.16,80.14,1105,2837,-112,1159
773,D,2020-08-10,0 days 15:55:41.297696,208878,80.16,80.14,1705,2701,1814,-757
774,D,2020-08-10,0 days 15:57:31.563431,211747,80.16,80.15,1610,679,-182,218
775,D,2020-08-10,0 days 15:57:38.580115,205537,80.16,80.15,1971,891,6210,-190
776,D,2020-08-10,0 days 15:58:33.714418,212522,80.14,80.13,3052,893,-1452,1846
777,D,2020-08-10,0 days 15:58:42.736234,212274,80.15,80.14,1300,600,119,-2581
778,D,2020-08-10,0 days 15:58:53.764292,212293,80.16,80.15,2474,1030,-121,19
779,D,2020-08-10,0 days 15:58:57.773411,211414,80.14,80.13,1548,1272,1108,-21
780,D,2020-08-10,0 days 15:59:02.786488,212168,80.15,80.14,1374,341,388,-1212
781,DAL,2020-08-10,0 days 15:55:01.099420,388063,29.35,29.34,30520,1494,-1329,3171
782,DAL,2020-08-10,0 days 15:55:35.182962,395876,29.34,29.33,13988,19111,687,-1113
783,DAL,2020-08-10,0 days 15:55:45.206685,396563,29.33,29.32,11807,14414,-5013,7087
784,DAL,2020-08-10,0 days 15:55:46.208366,395876,29.33,29.32,15869,9114,687,-5013
785,DAL,2020-08-10,0 days 15:55:56.232716,398076,29.33,29.32,14393,13646,969,-3731
786,DAL,2020-08-10,0 days 15:57:25.447572,399438,29.36,29.35,9836,18178,-118,182
787,DAL,2020-08-10,0 days 15:57:26.449604,398756,29.36,29.35,13685,13160,682,-118
788,DAL,2020-08-10,0 days 15:57:32.465302,399438,29.36,29.35,10920,15875,-17568,432
789,DAL,2020-08-10,0 days 15:57:33.467533,398706,29.36,29.35,14320,11175,732,-17568
790,DAL,2020-08-10,0 days 15:57:36.474635,399438,29.36,29.35,7099,17146,-4568,732
791,DAL,2020-08-10,0 days 15:57:37.477352,399306,29.36,29.35,11610,15746,132,-4568
792,DAL,2020-08-10,0 days 15:57:43.492929,399438,29.37,29.36,4924,14993,-2968,732
793,DAL,2020-08-10,0 days 15:57:44.493717,398706,29.37,29.36,5827,15064,732,-2968
794,DAL,2020-08-10,0 days 15:57:45.496285,399438,29.37,29.36,7936,15356,-468,732
795,DAL,2020-08-10,0 days 15:57:46.498782,398106,29.37,29.36,6236,15356,1332,-468
796,DAL,2020-08-10,0 days 15:57:49.507008,399438,29.38,29.37,20001,5860,-4468,732
797,DAL,2020-08-10,0 days 15:57:50.509270,398706,29.38,29.37,16001,10580,732,-4468
798,DAL,2020-08-10,0 days 15:57:52.513725,399438,29.38,29.37,16451,12207,-468,732
799,DAL,2020-08-10,0 days 15:57:53.515370,398706,29.38,29.37,17351,10107,732,-468
800,DAL,2020-08-10,0 days 15:57:57.526175,399438,29.38,29.37,16651,13485,-2868,7232
801,DAL,2020-08-10,0 days 15:57:58.528215,398706,29.38,29.37,17405,12185,732,-2868
802,DAL,2020-08-10,0 days 15:58:02.538596,387968,29.36,29.35,3678,16904,-5138,432
803,DAL,2020-08-10,0 days 15:58:04.544419,367073,29.36,29.35,16327,12004,20295,-5138
804,DAL,2020-08-10,0 days 15:58:44.640242,392968,29.35,29.34,18913,4147,-2880,4248
805,DAL,2020-08-10,0 days 15:59:01.683315,397001,29.35,29.34,14173,7221,5276,-1124
806,DAL,2020-08-10,0 days 15:59:21.728926,407559,29.37,29.36,27683,17455,-2444,4515
807,DAL,2020-08-10,0 days 15:59:22.731023,410003,29.37,29.36,32555,14019,4556,-2444
808,DAL,2020-08-10,0 days 15:59:45.788572,408767,29.35,29.34,21128,5071,-24210,12364
809,DAL,2020-08-10,0 days 15:59:46.789984,432977,29.35,29.34,25128,4903,39790,-24210
810,DB,2020-08-10,0 days 15:59:05.694078,70809,9.42,9.41,39767,154770,4309,-4987
811,DD,2020-08-10,0 days 15:59:15.741776,292573,57.69,57.68,302,1011,61883,-23283
812,DD,2020-08-10,0 days 15:59:16.743933,287512,57.7,57.69,2966,944,-5061,61883
813,DD,2020-08-10,0 days 15:59:19.750864,292573,57.69,57.68,1098,1510,1325,-4761
814,DD,2020-08-10,0 days 15:59:20.755994,290311,57.7,57.68,2566,1677,-2262,1325
815,DD,2020-08-10,0 days 15:59:45.816677,303406,57.69,57.67,400,2398,9235,-957
816,DDD,2020-08-10,0 days 15:55:00.122886,81949,6.23,6.22,1897,11076,-6564,41213
817,DEI,2020-08-10,0 days 15:56:28.385411,131728,29.82,29.81,3462,1797,6992,-3008
818,DEI,2020-08-10,0 days 15:56:29.387219,127420,29.82,29.81,3928,2297,-4308,6992
819,DEI,2020-08-10,0 days 15:59:45.867225,146504,29.82,29.81,1687,744,4973,-534
820,DEI,2020-08-10,0 days 15:59:48.875084,143065,29.82,29.81,1491,1198,-1445,567
821,DFS,2020-08-10,0 days 15:58:45.645113,198452,53.78,53.75,2250,1411,2590,-710
822,DFS,2020-08-10,0 days 15:59:15.717673,204118,53.78,53.76,1255,1015,-1306,1911
823,DFS,2020-08-10,0 days 15:59:16.720359,202324,53.77,53.76,1015,722,1794,-1306
824,DFS,2020-08-10,0 days 15:59:34.764645,197146,53.79,53.78,515,619,6972,-11586
825,DFS,2020-08-10,0 days 15:59:43.785913,204360,53.79,53.78,1531,1007,-1246,6234
826,DHI,2020-08-10,0 days 15:58:33.747324,302845,69.7,69.69,4831,4588,12412,-3621
827,DHI,2020-08-10,0 days 15:58:34.750303,293257,69.72,69.71,1900,1444,-9588,12412
828,DHI,2020-08-10,0 days 15:58:53.796865,297557,69.69,69.68,1690,642,-4273,827
829,DHI,2020-08-10,0 days 15:59:15.848350,303780,69.72,69.7,3507,1100,34739,-220
830,DHI,2020-08-10,0 days 15:59:27.877446,318654,69.7,69.69,306,221,-2471,174
831,DHI,2020-08-10,0 days 15:59:28.880438,321125,69.7,69.69,2906,418,3229,-2471
832,DHI,2020-08-10,0 days 15:59:29.883243,318554,69.7,69.69,1656,500,-2571,3229
833,DHI,2020-08-10,0 days 15:59:45.924263,328855,69.7,69.69,2684,1196,5574,-1049
834,DHI,2020-08-10,0 days 15:59:48.931147,330844,69.7,69.69,2344,1707,-44,1853
835,DHI,2020-08-10,0 days 15:59:57.940938,332288,69.71,69.7,694,200,1071,-44
836,DHT,2020-08-10,0 days 15:55:00.095390,142569,5.64,5.63,8033,14950,-3341,25513
837,DHT,2020-08-10,0 days 15:58:32.614568,148262,5.63,5.62,39510,6075,-2832,552
838,DIS,2020-08-10,0 days 15:55:00.096023,709572,128.92,128.9,300,678,57213,-91661
839,DIS,2020-08-10,0 days 15:59:03.687850,784942,128.89,128.88,300,400,-33987,19475
840,DIS,2020-08-10,0 days 15:59:16.716112,811178,128.82,128.81,400,300,4938,-20062
841,DIS,2020-08-10,0 days 15:59:19.723779,816116,128.85,128.83,783,500,-2946,3638
842,DIS,2020-08-10,0 days 15:59:28.744692,827913,128.82,128.8,960,100,3,-577
843,DIS,2020-08-10,0 days 15:59:30.751108,827862,128.85,128.82,1307,1900,-51,3
844,DIS,2020-08-10,0 days 15:59:31.753152,827913,128.85,128.83,1407,435,3,-51
845,DIS,2020-08-10,0 days 15:59:34.760898,827862,128.85,128.83,930,1002,-67,3
846,DIS,2020-08-10,0 days 15:59:42.779660,827929,128.83,128.81,1767,300,22388,-66
847,DIS,2020-08-10,0 days 15:59:50.800951,820543,128.76,128.73,1290,800,-10404,7196
848,DOW,2020-08-10,0 days 15:55:00.196115,294684,44.75,44.74,1289,684,4497,-9519
849,DOW,2020-08-10,0 days 15:57:39.582543,381154,44.72,44.71,3203,1080,-989,811
850,DOW,2020-08-10,0 days 15:57:40.584827,376343,44.72,44.71,3803,200,4811,-989
851,DOW,2020-08-10,0 days 15:57:44.594636,381154,44.73,44.72,2578,600,-1018,11
852,DOW,2020-08-10,0 days 15:57:45.597817,372572,44.73,44.72,2175,1100,8582,-1018
853,DOW,2020-08-10,0 days 15:59:28.846667,380826,44.79,44.78,1448,703,-4285,12025
854,DOW,2020-08-10,0 days 15:59:29.849066,379911,44.79,44.78,1348,703,915,-4285
855,DOW,2020-08-10,0 days 15:59:58.917526,393974,44.81,44.76,10191,692,3365,-27508
856,DOW,2020-08-10,0 days 16:00:00.921647,397339,44.81,44.79,50050,5433,-4400,1465
857,DRH,2020-08-10,0 days 15:55:01.126390,165723,5.56,5.55,14388,15079,-4125,17445
858,DRH,2020-08-10,0 days 15:55:13.155578,170078,5.57,5.56,15500,25120,945,-4355
859,DRH,2020-08-10,0 days 15:55:14.158007,165723,5.57,5.56,16300,22934,-4355,945
860,DRH,2020-08-10,0 days 15:58:55.694528,170578,5.56,5.55,24437,49895,2541,-2268
861,DRH,2020-08-10,0 days 15:58:56.696742,167419,5.56,5.55,24976,51295,-3159,2541
862,DRH,2020-08-10,0 days 15:59:07.725012,170747,5.56,5.55,26840,45710,573,-3328
863,DRH,2020-08-10,0 days 15:59:12.735704,164720,5.56,5.55,28698,49348,-6027,2073
864,DRH,2020-08-10,0 days 15:59:19.750689,170747,5.56,5.55,43238,44378,11075,-1827
865,DRH,2020-08-10,0 days 15:59:20.755779,169822,5.56,5.55,41138,42478,-925,11075
866,DRH,2020-08-10,0 days 15:59:44.812148,174997,5.56,5.55,57627,15254,325,-1175
867,DRH,2020-08-10,0 days 15:59:46.818058,174522,5.56,5.55,56057,16755,-835,1525
868,DRI,2020-08-10,0 days 15:57:02.607188,81376,81.54,81.53,1613,200,12724,-2176
869,DRI,2020-08-10,0 days 15:57:03.609640,78100,81.56,81.55,535,473,-3411,12724
870,DRI,2020-08-10,0 days 15:57:46.708328,87889,81.55,81.54,602,636,-8628,72
871,DRI,2020-08-10,0 days 15:59:01.893579,96814,81.66,81.64,549,802,827,-2893
872,DRI,2020-08-10,0 days 15:59:02.895070,96624,81.66,81.64,324,1049,-267,827
873,DT,2020-08-10,0 days 15:59:09.779273,167225,36.82,36.8,1837,723,-107,2693
874,DT,2020-08-10,0 days 15:59:35.841549,178338,36.74,36.73,504,1617,-359,3141
875,DT,2020-08-10,0 days 15:59:46.869164,180379,36.75,36.73,1911,868,1002,-9659
876,DT,2020-08-10,0 days 15:59:49.875225,187336,36.75,36.74,1826,1000,-1143,3557
877,DT,2020-08-10,0 days 15:59:50.878139,182479,36.75,36.74,1726,1200,4857,-1143
878,DT,2020-08-10,0 days 15:59:57.883554,182036,36.8,36.76,2300,8100,-443,1057
879,DUK,2020-08-10,0 days 15:55:34.258177,377038,84.8,84.78,1388,1176,-241,259
880,DUK,2020-08-10,0 days 15:55:55.305152,381417,84.81,84.79,1104,354,-521,479
881,DUK,2020-08-10,0 days 15:57:21.513013,384928,84.77,84.75,471,800,146,-33
882,DUK,2020-08-10,0 days 15:57:22.515419,384274,84.77,84.75,512,1131,-654,146
883,DUK,2020-08-10,0 days 15:57:34.545662,386334,84.78,84.76,637,729,2940,-860
884,DUK,2020-08-10,0 days 15:57:36.549963,384372,84.78,84.76,200,829,-1962,1238
885,DUK,2020-08-10,0 days 15:57:51.587579,386334,84.77,84.76,271,963,2240,-60
886,DUK,2020-08-10,0 days 15:58:02.614827,386470,84.79,84.77,1059,107,1634,-66
887,DUK,2020-08-10,0 days 15:58:03.616675,392204,84.79,84.77,959,507,-1745,1634
888,DUK,2020-08-10,0 days 15:58:07.626975,393813,84.77,84.76,1616,258,6560,-2276
889,DUK,2020-08-10,0 days 15:58:12.639394,393813,84.79,84.78,600,1187,760,-940
890,DUK,2020-08-10,0 days 15:58:13.641540,390973,84.81,84.79,800,913,-2840,760
891,DUK,2020-08-10,0 days 15:58:16.649033,393813,84.8,84.78,971,1489,760,-1140
892,DUK,2020-08-10,0 days 15:58:17.651348,392873,84.79,84.78,571,137,-940,760
893,DUK,2020-08-10,0 days 15:58:27.675394,395796,84.8,84.79,576,2238,877,-1123
894,DUK,2020-08-10,0 days 15:58:53.742000,393813,84.77,84.75,200,1152,4080,-934
895,DUK,2020-08-10,0 days 15:58:54.741178,393293,84.77,84.76,400,300,-520,4080
896,DUK,2020-08-10,0 days 15:59:44.863568,447041,84.76,84.75,666,830,3887,-1564
897,DUK,2020-08-10,0 days 15:59:59.890190,437858,84.79,84.76,4740,200,-12393,2631
898,DVN,2020-08-10,0 days 15:55:28.266127,311564,12.65,12.64,14501,10703,2041,-2359
899,DVN,2020-08-10,0 days 15:55:29.268892,309805,12.65,12.64,18401,6167,-1759,2041
900,DVN,2020-08-10,0 days 15:56:10.367434,321267,12.65,12.64,22056,14802,2714,-1580
901,DVN,2020-08-10,0 days 15:56:11.370469,320081,12.65,12.64,25056,10728,-1186,2714
902,DVN,2020-08-10,0 days 15:56:20.391648,321267,12.65,12.64,22712,12897,514,-1186
903,DVN,2020-08-10,0 days 15:56:21.393778,320181,12.65,12.64,25012,12997,-1086,514
904,DVN,2020-08-10,0 days 15:57:36.575320,321767,12.66,12.65,18663,15133,1735,-665
905,DVN,2020-08-10,0 days 15:57:39.582716,310102,12.66,12.65,17321,20043,-11665,1735
906,DVN,2020-08-10,0 days 15:57:50.609728,322553,12.66,12.65,27469,13197,3143,-1151
907,DVN,2020-08-10,0 days 15:57:51.612080,314396,12.66,12.65,26569,15646,-8157,3143
908,DVN,2020-08-10,0 days 15:57:55.622076,322553,12.66,12.65,28102,12632,2009,-8157
909,DVN,2020-08-10,0 days 15:58:28.702465,334051,12.65,12.64,22184,40576,-3273,16527
910,DVN,2020-08-10,0 days 15:58:29.704947,322324,12.65,12.64,32784,38083,11727,-3273
911,DVN,2020-08-10,0 days 15:59:05.794090,361408,12.66,12.65,28602,27127,-13146,30854
912,DVN,2020-08-10,0 days 15:59:24.836792,373845,12.65,12.64,66793,26978,-2383,9717
913,DVN,2020-08-10,0 days 15:59:25.840189,371928,12.65,12.64,64516,27982,1917,-2383
914,DVN,2020-08-10,0 days 15:59:27.843972,373845,12.65,12.64,62811,28118,-2021,1917
915,DVN,2020-08-10,0 days 15:59:28.846798,372266,12.65,12.64,59405,29148,1579,-2021
916,DVN,2020-08-10,0 days 15:59:33.859344,373845,12.65,12.64,58961,27811,-343,1579
917,DXC,2020-08-10,0 days 15:57:35.498978,211751,20.25,20.24,8548,3738,-2428,572
918,DXC,2020-08-10,0 days 15:57:36.501400,209179,20.25,20.24,8204,3577,2572,-2428
919,DXC,2020-08-10,0 days 15:57:38.506183,211751,20.24,20.23,4251,1545,-1428,2572
920,DXC,2020-08-10,0 days 15:57:39.508653,209679,20.24,20.23,3936,1443,2072,-1428
921,DXC,2020-08-10,0 days 15:57:42.516076,211751,20.24,20.23,5903,2609,-1328,672
922,DXC,2020-08-10,0 days 15:57:43.519091,209079,20.24,20.23,6203,2609,2672,-1328
923,DXC,2020-08-10,0 days 15:57:50.535753,211751,20.25,20.24,5044,4489,-28,572
924,DXC,2020-08-10,0 days 15:57:51.538779,207979,20.25,20.24,5944,3676,3772,-28
925,DXC,2020-08-10,0 days 15:58:16.601935,214291,20.25,20.24,2821,15042,-4213,1954
926,DXC,2020-08-10,0 days 15:58:17.602608,213637,20.25,20.24,4234,6543,654,-4213
927,DXC,2020-08-10,0 days 15:58:36.649130,215091,20.25,20.24,4328,9436,-2813,2887
928,DXC,2020-08-10,0 days 15:58:37.651340,213404,20.25,20.24,4244,9436,1687,-2813
929,EAF,2020-08-10,0 days 15:55:28.266118,63086,7.26,7.25,8862,10357,-596,1904
930,EAF,2020-08-10,0 days 15:55:29.268892,61382,7.26,7.25,8775,10300,1704,-596
931,EAF,2020-08-10,0 days 15:56:35.427849,61687,7.26,7.25,11573,10255,1524,-276
932,EAF,2020-08-10,0 days 15:57:47.602183,63211,7.27,7.26,1280,13379,-930,170
933,EAF,2020-08-10,0 days 15:57:48.604837,61841,7.27,7.26,480,12917,1070,-930
934,EAF,2020-08-10,0 days 15:58:08.654544,63211,7.28,7.27,7887,6761,-147,1499
935,EAF,2020-08-10,0 days 15:58:09.657238,62358,7.28,7.27,7975,12450,553,-147
936,EAF,2020-08-10,0 days 15:58:52.761154,62615,7.29,7.28,9795,5572,850,-1350
937,EAT,2020-08-10,0 days 15:55:00.224587,58168,29.9,29.87,1501,732,-888,3329
938,EAT,2020-08-10,0 days 15:55:28.295596,59056,29.89,29.86,1595,747,203,-497
939,EAT,2020-08-10,0 days 15:55:29.297551,58359,29.89,29.86,1450,947,-697,203
940,EAT,2020-08-10,0 days 15:56:50.493427,62472,29.85,29.83,335,1620,783,-617
941,EAT,2020-08-10,0 days 15:56:51.496476,61455,29.84,29.82,467,535,-1017,783
942,EAT,2020-08-10,0 days 15:57:12.546373,62472,29.85,29.83,200,433,363,-909
943,EAT,2020-08-10,0 days 15:57:14.551123,61705,29.84,29.83,200,333,-767,433
944,EAT,2020-08-10,0 days 15:59:16.845817,62699,29.77,29.75,1331,500,-169,531
945,EAT,2020-08-10,0 days 15:59:36.892882,66020,29.81,29.8,867,1879,5,-1095
946,EGHT,2020-08-10,0 days 15:55:00.173597,122368,15.7,15.69,6797,696,-277,16165
947,EGHT,2020-08-10,0 days 15:56:11.344347,122789,15.7,15.69,5712,1470,155,-379
948,EGO,2020-08-10,0 days 15:57:25.659082,33612,11.88,11.87,16289,5919,2088,-1515
949,EGO,2020-08-10,0 days 15:57:26.659401,32800,11.88,11.87,15489,6719,-212,2088
950,EGO,2020-08-10,0 days 15:59:45.976001,36504,11.88,11.87,9753,34265,1935,-1065
951,EGO,2020-08-10,0 days 15:59:46.977057,36039,11.88,11.87,6047,34575,-465,1935
952,ELAN,2020-08-10,0 days 15:58:34.747879,251269,24.67,24.66,4718,1002,6362,-35738
953,ELAN,2020-08-10,0 days 15:58:55.798056,260396,24.67,24.66,1435,3274,-4561,1476
954,ELAN,2020-08-10,0 days 15:58:56.800965,252305,24.67,24.66,4535,3374,8091,-4561
955,ELAN,2020-08-10,0 days 15:59:04.822065,260823,24.67,24.66,4914,3896,-3913,496
956,ELAN,2020-08-10,0 days 15:59:05.824419,256984,24.67,24.66,5155,2911,5939,-3913
957,ELAN,2020-08-10,0 days 15:59:08.836757,356323,24.66,24.65,100,4259,-5496,634
958,ELAN,2020-08-10,0 days 15:59:12.841936,357219,24.64,24.63,3909,825,2504,-2096
959,ELAN,2020-08-10,0 days 15:59:15.842955,359723,24.65,24.64,3623,2229,-2588,2504
960,ELAN,2020-08-10,0 days 15:59:32.884213,368772,24.62,24.61,3127,2209,2464,-6337
961,ELAN,2020-08-10,0 days 15:59:33.887719,371236,24.63,24.62,3434,2665,-3720,2464
962,ELAN,2020-08-10,0 days 15:59:38.897526,374956,24.62,24.61,4389,1660,30680,-3720
963,ELAN,2020-08-10,0 days 15:59:39.899639,369936,24.62,24.61,1515,3030,-12262,30680
964,ELY,2020-08-10,0 days 15:57:09.445675,88568,18.62,18.61,2569,6454,1882,-1018
965,ELY,2020-08-10,0 days 15:57:10.449025,85850,18.62,18.61,2146,6176,-2718,1882
966,ELY,2020-08-10,0 days 15:58:51.692503,94198,18.6,18.59,1779,3611,863,-5836
967,ELY,2020-08-10,0 days 15:59:18.756979,95057,18.6,18.59,4054,3583,-1800,900
968,ELY,2020-08-10,0 days 15:59:34.797216,96857,18.59,18.58,1624,3223,6151,-429
969,ELY,2020-08-10,0 days 15:59:35.798715,88908,18.59,18.58,1400,3873,-7949,6151
970,ELY,2020-08-10,0 days 15:59:43.817224,95757,18.58,18.57,2315,1702,251,-849
971,ELY,2020-08-10,0 days 15:59:46.825971,95070,18.58,18.57,3029,3853,-1279,3213
972,ELY,2020-08-10,0 days 15:59:47.827336,96349,18.58,18.57,3229,2658,85,-1279
973,EMR,2020-08-10,0 days 15:56:25.328741,445259,68.37,68.36,2329,105,-463,85
974,EMR,2020-08-10,0 days 15:56:27.334903,445722,68.36,68.35,302,2340,4022,-463
975,EMR,2020-08-10,0 days 15:57:34.496229,449906,68.35,68.34,1385,2815,-2530,1808
976,EMR,2020-08-10,0 days 15:57:40.511090,469520,68.31,68.3,964,700,786,-9914
977,EMR,2020-08-10,0 days 15:57:41.513229,467606,68.31,68.3,2526,1100,-2114,786
978,EMR,2020-08-10,0 days 15:57:55.548105,480526,68.3,68.29,1662,1394,680,-5120
979,EMR,2020-08-10,0 days 15:57:56.550265,477506,68.3,68.29,1702,1294,-3720,680
980,EMR,2020-08-10,0 days 15:59:09.730998,531645,68.24,68.23,1469,1020,9653,-40098
981,EMR,2020-08-10,0 days 15:59:10.731548,525622,68.24,68.23,1780,1032,-6038,9653
982,EMR,2020-08-10,0 days 15:59:15.741532,544413,68.24,68.23,600,1280,1004,-26705
983,EMR,2020-08-10,0 days 15:59:17.745635,529117,68.24,68.23,2154,594,-15296,2804
984,EMR,2020-08-10,0 days 15:59:42.807086,558394,68.21,68.2,2850,700,2537,-216
985,EMR,2020-08-10,0 days 15:59:46.818025,555411,68.2,68.19,900,540,-4989,5349
986,EMR,2020-08-10,0 days 15:59:47.819589,558200,68.19,68.18,4216,1800,340,-4989
987,EMR,2020-08-10,0 days 15:59:48.821922,558409,68.19,68.18,2453,2500,-2148,340
988,ENBL,2020-08-10,0 days 15:55:00.103653,79930,5.84,5.83,3910,3427,446,-67293
989,ENBL,2020-08-10,0 days 15:58:23.590495,90925,5.83,5.82,4300,4100,-1605,1095
990,ENBL,2020-08-10,0 days 15:58:24.593753,89830,5.83,5.82,4400,4500,1095,-1605
991,ENLC,2020-08-10,0 days 15:55:00.095285,362402,3.1,3.09,8300,10091,14843,-101512
992,EPD,2020-08-10,0 days 15:59:14.910235,419820,18.33,18.32,7562,7906,38738,-55009
993,EPD,2020-08-10,0 days 15:59:15.902707,412158,18.34,18.33,1200,11271,-9362,38738
994,EPD,2020-08-10,0 days 15:59:45.975906,425860,18.33,18.32,14547,5900,7096,-1966
995,EPD,2020-08-10,0 days 15:59:46.976942,421356,18.33,18.32,12347,6600,-4504,7096
996,EQNR,2020-08-10,0 days 15:57:31.498981,16063,16.16,16.15,31319,13472,-291,509
997,EQNR,2020-08-10,0 days 15:58:55.702577,16357,16.16,16.15,12996,36157,812,-10
998,EQNR,2020-08-10,0 days 15:59:06.729908,17173,16.17,16.16,26862,32480,-591,296
999,EQR,2020-08-10,0 days 15:55:00.123465,158625,55.21,55.2,1056,362,11942,-9539
1000,EQR,2020-08-10,0 days 15:56:25.329454,163907,55.24,55.23,1892,794,-224,210
1001,EQR,2020-08-10,0 days 15:57:35.498913,167752,55.23,55.22,642,1644,291,-309
1002,EQR,2020-08-10,0 days 15:57:36.501326,167643,55.24,55.23,793,1130,-109,291
1003,EQR,2020-08-10,0 days 15:57:37.503698,167752,55.24,55.23,765,1530,691,-109
1004,EQR,2020-08-10,0 days 15:57:41.513338,170543,55.25,55.24,808,2587,-109,291
1005,EQR,2020-08-10,0 days 15:57:42.516063,170252,55.25,55.24,1208,2587,291,-109
1006,EQR,2020-08-10,0 days 15:58:03.568695,168959,55.25,55.24,492,1945,177,-323
1007,EQR,2020-08-10,0 days 15:58:05.573486,170236,55.24,55.22,801,1465,-423,977
1008,EQR,2020-08-10,0 days 15:58:25.621891,170436,55.23,55.22,1540,3173,-423,277
1009,EQR,2020-08-10,0 days 15:58:26.624319,170159,55.23,55.22,1740,2673,77,-423
1010,EQR,2020-08-10,0 days 15:59:02.713312,167923,55.27,55.26,1179,538,34,-1145
1011,EQR,2020-08-10,0 days 15:59:34.788764,177636,55.32,55.31,741,300,-319,732
1012,EQR,2020-08-10,0 days 15:59:35.790932,176089,55.32,55.3,1137,326,1547,-319
1013,EQR,2020-08-10,0 days 15:59:40.803782,175236,55.35,55.33,200,2301,-1753,647
1014,EQR,2020-08-10,0 days 15:59:41.804503,174789,55.34,55.33,497,100,447,-1753
1015,EQT,2020-08-10,0 days 15:55:40.195468,363776,17.16,17.15,8882,13067,1602,-5167
1016,EQT,2020-08-10,0 days 15:55:41.196475,358978,17.16,17.15,8869,13666,-4798,1602
1017,EQT,2020-08-10,0 days 15:57:36.474635,381993,17.12,17.11,11415,2503,1458,-342
1018,EQT,2020-08-10,0 days 15:57:37.477352,378751,17.12,17.11,6692,11762,-3242,1458
1019,EQT,2020-08-10,0 days 15:57:46.498782,381993,17.12,17.11,13546,10746,1058,-2042
1020,EQT,2020-08-10,0 days 15:57:47.501072,380251,17.12,17.11,12446,11650,-1742,1058
1021,EQT,2020-08-10,0 days 15:58:15.570263,379935,17.11,17.1,20531,7205,-2058,742
1022,EQT,2020-08-10,0 days 15:58:17.574714,381993,17.11,17.1,23031,5887,5742,-2058
1023,EQT,2020-08-10,0 days 15:58:18.577286,379435,17.11,17.1,20234,7087,-2558,5742
1024,EQT,2020-08-10,0 days 15:58:48.650999,383293,17.11,17.1,10217,12362,2745,-2561
1025,EQT,2020-08-10,0 days 15:58:49.653021,381238,17.11,17.1,11017,12762,-2055,2745
1026,EQT,2020-08-10,0 days 15:59:15.713808,385387,17.11,17.1,12271,8974,25065,-1143
1027,EQT,2020-08-10,0 days 15:59:16.716112,384252,17.11,17.1,10698,10975,-1135,25065
1028,EQT,2020-08-10,0 days 15:59:20.725831,387987,17.11,17.1,9899,11934,865,-3735
1029,EQT,2020-08-10,0 days 15:59:21.728926,386652,17.11,17.1,7999,13534,-1335,865
1030,EQT,2020-08-10,0 days 15:59:28.744692,387987,17.11,17.1,8684,5735,2147,-936
1031,EQT,2020-08-10,0 days 15:59:29.747333,386934,17.11,17.1,7256,7035,-1053,2147
1032,EROS,2020-08-10,0 days 15:58:58.807994,39458,2.68,2.67,30166,26097,1424,-2126
1033,EROS,2020-08-10,0 days 15:58:59.809804,34382,2.68,2.67,36565,8745,-4876,1424
1034,EROS,2020-08-10,0 days 15:59:00.812464,36316,2.68,2.67,41978,2848,1066,-4876
1035,EROS,2020-08-10,0 days 15:59:01.813818,33082,2.68,2.67,52378,2945,-2034,1066
1036,EROS,2020-08-10,0 days 15:59:05.824199,45482,2.67,2.66,37559,10499,5700,-11200
1037,EROS,2020-08-10,0 days 15:59:06.826783,43682,2.67,2.66,37232,10399,-600,5700
1038,ET,2020-08-10,0 days 15:55:00.307149,851418,6.52,6.51,56054,48900,556725,-295690
1039,ET,2020-08-10,0 days 15:59:45.975780,1457312,6.53,6.52,174091,22040,-6452,11011
1040,ETRN,2020-08-10,0 days 15:59:34.896140,281182,10.82,10.81,11839,3109,1063,-4089
1041,ETRN,2020-08-10,0 days 15:59:40.910427,273845,10.82,10.81,13803,2154,-7237,18563
1042,ETRN,2020-08-10,0 days 15:59:45.924085,281082,10.81,10.8,10517,16351,2770,-1762
1043,EVRG,2020-08-10,0 days 15:57:59.557863,164002,53.99,53.97,1114,7387,1872,-30028
1044,EVRG,2020-08-10,0 days 15:58:05.573507,165874,54.01,54.0,1128,566,-7463,72
1045,EVRG,2020-08-10,0 days 15:59:16.743933,168999,54.0,53.98,1405,970,5247,-12070
1046,EVRG,2020-08-10,0 days 15:59:29.775235,157211,54.1,54.07,667,700,-14888,2847
1047,EVRG,2020-08-10,0 days 15:59:44.812347,189075,54.11,54.09,1484,492,3298,-1055
1048,EVRG,2020-08-10,0 days 15:59:46.818327,188284,54.11,54.09,2115,400,-1585,7309
1049,EVRG,2020-08-10,0 days 15:59:48.822309,189869,54.11,54.1,670,300,94,-2213
1050,EVRG,2020-08-10,0 days 16:00:00.851259,189369,54.08,54.06,5549,11137,809,-1068
1051,EW,2020-08-10,0 days 15:55:36.314083,171797,75.75,75.73,943,1058,28087,-4376
1052,EW,2020-08-10,0 days 15:55:37.316364,171184,75.75,75.73,930,1128,-613,28087
1053,EW,2020-08-10,0 days 15:56:51.496476,175862,75.75,75.74,2075,1861,19478,-30
1054,EW,2020-08-10,0 days 15:58:08.685630,193262,75.76,75.74,478,200,-22286,10138
1055,EW,2020-08-10,0 days 15:58:09.687236,215451,75.75,75.73,658,100,16111,-22286
1056,EW,2020-08-10,0 days 15:58:10.689846,213462,75.75,75.73,658,100,-1989,16111
1057,EW,2020-08-10,0 days 15:59:04.822151,220279,75.79,75.77,700,302,8545,-2245
1058,EW,2020-08-10,0 days 15:59:05.824474,219324,75.8,75.78,400,666,-955,8545
1059,EW,2020-08-10,0 days 15:59:23.862241,222642,75.83,75.8,2418,2607,2763,-3237
1060,EW,2020-08-10,0 days 15:59:24.865296,220505,75.83,75.8,2418,2807,-2137,2763
1061,F,2020-08-10,0 days 15:55:00.228862,1022135,7.09,7.08,538047,870817,-29914,256138
1062,F,2020-08-10,0 days 15:57:35.605787,1061069,7.1,7.09,726126,820269,464,-10036
1063,F,2020-08-10,0 days 15:58:00.669359,1050884,7.1,7.09,622852,861469,-30360,208
1064,F,2020-08-10,0 days 15:58:59.811843,1081244,7.1,7.09,316575,935775,4113,-1054
1065,FCX,2020-08-10,0 days 15:55:00.123161,2203794,14.38,14.37,37197,20878,286967,-115189
1066,FCX,2020-08-10,0 days 15:57:34.496261,2498791,14.39,14.38,64505,44944,-14847,13953
1067,FCX,2020-08-10,0 days 15:57:35.498835,2486338,14.39,14.38,68635,41606,12453,-14847
1068,FCX,2020-08-10,0 days 15:57:37.503610,2498791,14.39,14.38,67050,50798,-447,3853
1069,FCX,2020-08-10,0 days 15:57:39.508530,2491338,14.39,14.38,71337,44648,7453,-9047
1070,FCX,2020-08-10,0 days 15:57:43.518936,2498791,14.39,14.38,67187,50207,-3147,1153
1071,FCX,2020-08-10,0 days 15:57:44.520828,2490438,14.39,14.38,65187,47324,8353,-3147
1072,FCX,2020-08-10,0 days 15:57:53.542956,2498791,14.39,14.38,60956,30380,-4247,2853
1073,FCX,2020-08-10,0 days 15:57:54.545365,2484538,14.39,14.38,73556,28980,14253,-4247
1074,FCX,2020-08-10,0 days 15:58:16.601783,2497755,14.38,14.37,27801,68118,-9557,3143
1075,FCX,2020-08-10,0 days 15:58:17.602512,2486512,14.38,14.37,40139,52756,11243,-9557
1076,FCX,2020-08-10,0 days 15:58:28.629262,2491312,14.39,14.38,44566,66394,7543,-9257
1077,FCX,2020-08-10,0 days 15:58:54.691919,2494701,14.39,14.38,81145,38614,4154,-1146
1078,FCX,2020-08-10,0 days 15:59:15.741599,2506856,14.39,14.38,73482,59386,-47118,4164
1079,FCX,2020-08-10,0 days 15:59:16.743763,2490574,14.39,14.38,77382,55986,16282,-47118
1080,FCX,2020-08-10,0 days 15:59:17.745671,2506856,14.39,14.38,73782,54200,-18,16282
1081,FCX,2020-08-10,0 days 15:59:21.755679,2501562,14.39,14.38,85950,46635,5294,-18
1082,FCX,2020-08-10,0 days 15:59:39.799773,2542928,14.39,14.38,98138,38505,-16634,4766
1083,FCX,2020-08-10,0 days 15:59:40.803667,2540562,14.39,14.38,93738,32000,4506,-16634
1084,FDX,2020-08-10,0 days 15:57:19.563119,264751,199.86,199.79,300,301,-1844,6656
1085,FDX,2020-08-10,0 days 15:57:39.611861,278008,199.91,199.81,241,283,8000,-42100
1086,FDX,2020-08-10,0 days 15:57:40.614512,274308,199.91,199.88,100,283,-4600,8000
1087,FDX,2020-08-10,0 days 15:57:48.634060,280308,200.04,199.95,300,601,4779,-47921
1088,FDX,2020-08-10,0 days 15:57:49.636424,276287,200.04,199.95,200,401,-4221,4779
1089,FDX,2020-08-10,0 days 15:58:01.668414,278892,199.97,199.91,100,303,6304,-46796
1090,FDX,2020-08-10,0 days 15:58:02.669534,276596,199.97,199.91,206,446,-2296,6304
1091,FDX,2020-08-10,0 days 15:58:16.704149,278921,200.0,199.95,100,136,3728,-1772
1092,FDX,2020-08-10,0 days 15:58:17.705921,275149,200.0,199.95,300,374,-3772,3728
1093,FDX,2020-08-10,0 days 15:58:32.743413,278921,200.01,199.86,200,200,9702,-44398
1094,FDX,2020-08-10,0 days 15:58:33.744930,275323,199.92,199.83,200,333,-8525,9702
1095,FDX,2020-08-10,0 days 15:58:34.747866,283848,199.93,199.83,780,433,75,-8525
1096,FDX,2020-08-10,0 days 15:58:36.754546,269234,200.01,199.91,200,200,-14614,1875
1097,FDX,2020-08-10,0 days 15:58:39.759591,283848,200.01,199.91,501,385,386,-614
1098,FDX,2020-08-10,0 days 15:58:40.761943,279534,199.95,199.83,560,200,-4314,386
1099,FDX,2020-08-10,0 days 15:58:47.779051,283848,199.98,199.88,200,200,5720,-48380
1100,FDX,2020-08-10,0 days 15:58:48.781395,279868,199.98,199.88,200,200,-3980,5720
1101,FDX,2020-08-10,0 days 15:59:21.858216,299839,200.05,200.0,482,8211,2028,-14820
1102,FDX,2020-08-10,0 days 15:59:22.859557,297667,200.05,200.0,612,8071,-2172,2028
1103,FE,2020-08-10,0 days 15:59:26.842309,1789321,30.09,30.08,600,4068,-47154,18246
1104,FE,2020-08-10,0 days 15:59:46.890855,1788428,30.07,30.06,5052,3903,-572,25253
1105,FHN,2020-08-10,0 days 15:55:41.224085,320701,9.78,9.77,47108,4141,-1855,16067
1106,FHN,2020-08-10,0 days 15:55:42.226409,306156,9.78,9.77,49906,3941,14545,-1855
1107,FHN,2020-08-10,0 days 15:59:21.755745,373288,9.77,9.76,50120,19680,-7879,18115
1108,FHN,2020-08-10,0 days 15:59:22.757830,336967,9.77,9.76,53391,17311,21398,-7879
1109,FIS,2020-08-10,0 days 15:55:35.260440,129291,146.15,146.12,600,402,3657,-24136
1110,FIS,2020-08-10,0 days 15:55:37.265183,129256,146.15,146.13,413,419,-35,3665
1111,FIS,2020-08-10,0 days 15:55:40.273111,129291,146.17,146.15,300,600,17,-24
1112,FIS,2020-08-10,0 days 15:55:41.274792,129208,146.17,146.15,664,400,-83,17
1113,FIS,2020-08-10,0 days 15:56:11.344223,130881,146.06,146.04,319,579,3653,-755
1114,FIS,2020-08-10,0 days 15:57:30.534953,133187,146.09,146.08,1135,121,-603,187
1115,FIS,2020-08-10,0 days 15:57:31.538059,132971,146.09,146.08,1128,560,216,-603
1116,FIS,2020-08-10,0 days 15:57:32.540179,133187,146.09,146.08,1135,595,-484,216
1117,FIS,2020-08-10,0 days 15:57:33.542623,132571,146.09,146.08,1435,235,616,-484
1118,FIS,2020-08-10,0 days 15:57:38.555411,133187,146.1,146.09,109,236,-703,497
1119,FIS,2020-08-10,0 days 15:57:39.557005,132690,146.1,146.09,209,696,497,-703
1120,FIS,2020-08-10,0 days 15:57:42.565357,132887,146.12,146.1,900,226,-203,97
1121,FIS,2020-08-10,0 days 15:58:08.629481,138859,146.03,145.99,859,110,641,-9596
1122,FIS,2020-08-10,0 days 15:58:28.677603,141862,146.03,146.02,300,584,-597,2203
1123,FIS,2020-08-10,0 days 15:58:29.680253,141559,146.03,146.01,1001,100,303,-597
1124,FIS,2020-08-10,0 days 15:58:31.684878,141862,146.03,146.01,801,532,-1697,303
1125,FIS,2020-08-10,0 days 15:58:32.689846,141759,146.03,146.02,201,300,103,-1697
1126,FIS,2020-08-10,0 days 15:58:33.690065,141862,146.04,146.03,500,200,-13814,103
1127,FIS,2020-08-10,0 days 15:59:09.779149,211027,145.99,145.95,500,297,5250,-58075
1128,FIS,2020-08-10,0 days 15:59:10.781173,156482,145.98,145.96,200,443,-54730,5250
1129,FIS,2020-08-10,0 days 15:59:13.788483,213912,146.02,145.99,300,601,11515,-52730
1130,FIS,2020-08-10,0 days 15:59:15.792811,209726,146.12,146.08,400,640,-4786,48456
1131,FIS,2020-08-10,0 days 15:59:24.814395,213310,146.05,146.04,564,186,66,-5334
1132,FIS,2020-08-10,0 days 15:59:29.826804,213496,146.09,146.07,200,478,-1814,2241
1133,FIS,2020-08-10,0 days 15:59:33.836559,215177,146.12,146.1,100,1005,26,-714
1134,FIS,2020-08-10,0 days 15:59:36.844200,218331,146.15,146.14,692,356,-9746,54
1135,FIS,2020-08-10,0 days 15:59:37.846216,218077,146.15,146.14,703,100,254,-9746
1136,FIT,2020-08-10,0 days 15:59:08.837522,1330624,6.37,6.36,38749,39811,-23526,313430
1137,FIT,2020-08-10,0 days 15:59:36.901105,1390257,6.38,6.37,46474,15156,2160,-12440
1138,FL,2020-08-10,0 days 15:55:58.312644,152348,29.51,29.5,543,1417,-524,148
1139,FL,2020-08-10,0 days 15:55:59.315024,147372,29.48,29.46,1402,1004,4976,-524
1140,FL,2020-08-10,0 days 15:57:04.471776,154699,29.51,29.5,3727,3380,-495,3080
1141,FL,2020-08-10,0 days 15:57:05.474273,150294,29.51,29.5,4960,2600,4405,-495
1142,FL,2020-08-10,0 days 15:57:37.552222,154899,29.52,29.51,2914,4631,-289,1011
1143,FL,2020-08-10,0 days 15:57:38.555502,150988,29.52,29.51,3314,4531,3711,-289
1144,FL,2020-08-10,0 days 15:58:00.609654,152209,29.54,29.53,3178,2147,-1179,1511
1145,FL,2020-08-10,0 days 15:58:01.614878,148788,29.54,29.53,3981,1136,3421,-1179
1146,FL,2020-08-10,0 days 15:59:26.819559,156119,29.57,29.56,3283,200,3390,-82610
1147,FL,2020-08-10,0 days 15:59:29.826915,165923,29.63,29.62,1736,746,-2296,3173
1148,FL,2020-08-10,0 days 15:59:48.875020,208717,29.72,29.71,5489,381,598,-17340
1149,FL,2020-08-10,0 days 15:59:49.875297,207715,29.72,29.7,3289,800,-5159,598
1150,FL,2020-08-10,0 days 15:59:59.890180,209715,29.66,29.62,13662,8689,-4635,5333
1151,FL,2020-08-10,0 days 16:00:00.892034,181005,29.62,29.61,18406,1300,29435,-4635
1152,FNB,2020-08-10,0 days 15:57:37.686798,122114,8.01,8.0,24180,21698,-75,225
1153,FNB,2020-08-10,0 days 15:57:44.707134,118689,8.01,8.0,23483,20046,3425,-75
1154,FNB,2020-08-10,0 days 15:58:01.747540,119089,8.01,8.0,23383,18946,-1100,2000
1155,FNB,2020-08-10,0 days 15:58:02.749444,115989,8.01,8.0,22683,20046,3100,-1100
1156,FNB,2020-08-10,0 days 15:58:04.755033,105842,8.01,8.0,26074,20649,-10147,3100
1157,FNB,2020-08-10,0 days 15:58:05.757124,99189,8.01,8.0,26774,18849,8552,-10147
1158,FNB,2020-08-10,0 days 15:59:45.976001,126014,8.02,8.01,34974,9003,-6042,320
1159,FNB,2020-08-10,0 days 15:59:46.977057,125256,8.02,8.01,36574,9349,406,-6042
1160,FSLY,2020-08-10,0 days 15:59:15.842936,139764,78.16,78.14,519,475,3849,-75024
1161,FSLY,2020-08-10,0 days 15:59:38.897526,126638,78.22,78.21,700,161,17593,-13034
1162,FSLY,2020-08-10,0 days 15:59:53.924994,147496,78.21,78.2,100,100,-11827,20858
1163,FSLY,2020-08-10,0 days 15:59:55.929931,126638,78.23,78.15,504,500,28939,-11827
1164,FSM,2020-08-10,0 days 15:55:00.124434,21619,6.75,6.74,16924,56701,-6950,3463
1165,FTI,2020-08-10,0 days 15:59:26.739998,356968,8.59,8.58,23493,42904,-6937,15570
1166,FTI,2020-08-10,0 days 15:59:27.742318,351105,8.59,8.58,26125,38676,5863,-6937
1167,FTI,2020-08-10,0 days 15:59:45.788342,356968,8.6,8.59,13481,45569,-10430,1795
1168,FTI,2020-08-10,0 days 15:59:46.789785,352370,8.6,8.59,14585,43044,6226,-10430
1169,FTV,2020-08-10,0 days 15:59:08.701495,576275,72.0,71.99,400,300,48525,-90177
1170,FTV,2020-08-10,0 days 15:59:09.703603,516010,72.0,71.99,400,626,-60707,48525
1171,FTV,2020-08-10,0 days 15:59:10.704713,576617,71.97,71.94,1669,1631,1343,-60707
1172,FTV,2020-08-10,0 days 15:59:11.706290,567033,71.97,71.94,1798,2324,-9584,1343
1173,FTV,2020-08-10,0 days 15:59:19.723724,626617,71.9,71.88,500,500,628,-53041
1174,FTV,2020-08-10,0 days 15:59:21.728849,593925,71.89,71.88,300,300,-32692,18969
1175,FTV,2020-08-10,0 days 15:59:45.788470,626617,71.91,71.88,2556,1300,4453,-3636
1176,FTV,2020-08-10,0 days 15:59:49.797357,623720,71.9,71.89,2495,100,-3689,2611
1177,GDDY,2020-08-10,0 days 15:58:32.649808,113475,77.74,77.72,1927,968,402,-2298
1178,GDDY,2020-08-10,0 days 15:58:33.650162,109377,77.74,77.72,1637,968,-4098,402
1179,GDDY,2020-08-10,0 days 15:59:03.723068,113981,77.78,77.75,1000,272,1521,-2833
1180,GDDY,2020-08-10,0 days 15:59:04.727270,111302,77.82,77.8,997,495,-3385,1521
1181,GDDY,2020-08-10,0 days 15:59:21.765932,114765,77.76,77.73,1581,868,212,-94
1182,GDDY,2020-08-10,0 days 15:59:34.797489,115080,77.76,77.74,886,557,-822,315
1183,GDDY,2020-08-10,0 days 15:59:45.825825,113949,77.69,77.67,1866,400,5568,-788
1184,GDDY,2020-08-10,0 days 15:59:46.826152,112517,77.68,77.67,1652,100,-2088,5568
1185,GEO,2020-08-10,0 days 15:56:20.391536,148817,10.88,10.87,4253,2453,-663,837
1186,GEO,2020-08-10,0 days 15:56:21.393678,144580,10.88,10.87,4126,2537,4037,-663
1187,GEO,2020-08-10,0 days 15:59:21.829457,146677,10.88,10.87,3556,4144,1051,-649
1188,GEO,2020-08-10,0 days 15:59:28.846701,147728,10.89,10.88,1909,3383,-3704,1051
1189,GFI,2020-08-10,0 days 15:55:00.124067,57443,12.97,12.96,10457,25112,8566,-13931
1190,GFI,2020-08-10,0 days 15:55:03.130799,66009,12.96,12.95,26592,26841,-2404,8566
1191,GFI,2020-08-10,0 days 15:59:04.719072,70953,12.96,12.95,19187,25895,-534,1730
1192,GGB,2020-08-10,0 days 15:59:45.912567,25637,3.36,3.35,316637,316150,-2963,337
1193,GGB,2020-08-10,0 days 15:59:46.912200,25500,3.36,3.35,317537,311783,1329,-2963
1194,GLW,2020-08-10,0 days 15:59:08.806110,738536,32.21,32.2,11691,17960,-183752,55781
1195,GM,2020-08-10,0 days 15:55:05.135434,535141,27.98,27.97,9536,8885,659,-2041
1196,GM,2020-08-10,0 days 15:55:22.177884,536100,27.98,27.97,11460,8486,-6441,959
1197,GM,2020-08-10,0 days 15:55:50.245680,541271,27.98,27.97,16418,3708,1641,-1896
1198,GM,2020-08-10,0 days 15:56:22.322164,543606,27.96,27.95,10264,14470,-337,1029
1199,GM,2020-08-10,0 days 15:56:23.324341,542743,27.96,27.95,10364,14670,863,-337
1200,GM,2020-08-10,0 days 15:57:32.491392,544555,27.97,27.96,19711,8090,451,-52
1201,GME,2020-08-10,0 days 15:58:10.558865,106186,4.35,4.34,36945,12929,4862,-630
1202,GME,2020-08-10,0 days 15:58:11.561435,102457,4.35,4.34,36545,13229,-3698,4862
1203,GME,2020-08-10,0 days 15:59:35.763247,108830,4.35,4.34,29302,9828,2222,-2644
1204,GME,2020-08-10,0 days 15:59:36.764740,107761,4.35,4.34,29302,10479,-969,2222
1205,GNW,2020-08-10,0 days 15:55:00.095841,187327,2.67,2.66,72848,64802,-7481,8616
1206,GNW,2020-08-10,0 days 15:55:56.232699,195508,2.67,2.66,68091,81847,1419,-7481
1207,GNW,2020-08-10,0 days 15:55:57.235352,187427,2.67,2.66,68091,81847,-7381,1419
1208,GNW,2020-08-10,0 days 15:58:09.556645,195693,2.69,2.68,123331,86089,14726,-5059
1209,GNW,2020-08-10,0 days 15:58:10.559002,189719,2.69,2.68,121831,86489,-5974,14726
1210,GNW,2020-08-10,0 days 15:58:13.565330,195693,2.69,2.68,124031,85989,326,-5974
1211,GNW,2020-08-10,0 days 15:58:14.567945,189719,2.69,2.68,120452,91222,-5974,326
1212,GNW,2020-08-10,0 days 15:59:04.691490,203870,2.69,2.68,138409,94452,8829,-9274
1213,GNW,2020-08-10,0 days 15:59:05.694033,200399,2.69,2.68,136776,95707,-3471,8829
1214,GNW,2020-08-10,0 days 15:59:34.760866,217214,2.69,2.68,126233,103298,1223,-16193
1215,GNW,2020-08-10,0 days 15:59:35.763406,218437,2.69,2.68,127902,95713,-13802,1223
1216,GNW,2020-08-10,0 days 15:59:36.764904,232239,2.69,2.68,130346,92611,6298,-13802
1217,GNW,2020-08-10,0 days 15:59:37.767119,228737,2.69,2.68,129080,96518,-3502,6298
1218,GNW,2020-08-10,0 days 15:59:40.776859,207129,2.68,2.67,79026,77997,22708,-3502
1219,GNW,2020-08-10,0 days 15:59:41.777015,204937,2.68,2.67,76020,80819,-2192,22708
1220,GNW,2020-08-10,0 days 15:59:47.791772,205337,2.67,2.66,124210,55105,-1792,5608
1221,GOLD,2020-08-10,0 days 15:55:03.103263,148601,28.73,28.72,10426,18215,-5106,469
1222,GOLD,2020-08-10,0 days 15:57:53.515370,153534,28.7,28.69,26837,5711,-2180,6555
1223,GOLD,2020-08-10,0 days 15:58:11.561576,150575,28.71,28.7,22397,14294,-5839,6641
1224,GOLD,2020-08-10,0 days 15:58:12.563055,143914,28.71,28.7,22976,13994,6641,-5839
1225,GOLD,2020-08-10,0 days 15:58:25.594373,150555,28.72,28.71,11941,25354,-7159,6631
