,Symbol,Timestamp,TIME,iPaired,Ask_P,Bid_P,Ask_S,Bid_S,iShares,PreviShares
0,A,2020-12-08,0 days 15:55:07.235955,236122,117.13,117.12,393,100,6699,-2963
1,A,2020-12-08,0 days 15:59:21.241867,260547,117.22,117.15,271,100,-14914,2073
2,A,2020-12-08,0 days 15:59:51.243402,284549,117.18,117.07,100,400,1278,-1107
3,AA,2020-12-08,0 days 15:58:19.250233,270705,23.26,23.25,100,6998,-437,3963
4,AA,2020-12-08,0 days 15:58:21.250104,266742,23.26,23.25,900,5605,3963,-437
5,AA,2020-12-08,0 days 15:59:49.239048,272434,23.24,23.23,400,5982,-4767,1891
6,AA,2020-12-08,0 days 15:59:50.242086,248687,23.24,23.23,3065,3680,23747,-4767
7,ABBV,2020-12-08,0 days 15:59:30.264525,676594,107.75,107.72,2072,200,2444,-31607
8,ABBV,2020-12-08,0 days 15:59:31.262444,672448,107.77,107.74,522,1300,-4146,2444
9,ABEV,2020-12-08,0 days 15:57:12.278465,133159,2.97,2.96,586161,445992,-199834,54566
10,ABEV,2020-12-08,0 days 15:59:36.281757,392824,2.98,2.97,859053,720627,27074,-184626
11,ABT,2020-12-08,0 days 15:59:15.283228,1009894,106.69,106.68,752,335,10000,-39909
12,ABT,2020-12-08,0 days 15:59:30.281107,1010597,106.73,106.72,482,400,3135,-18605
13,ABT,2020-12-08,0 days 15:59:45.283117,1012219,106.81,106.78,100,1398,-6574,1882
14,ACB,2020-12-08,0 days 15:55:00.233186,37105,10.6,10.59,2600,5100,904,-2766
15,ACB,2020-12-08,0 days 15:57:14.237418,50909,10.61,10.6,5000,2300,-3956,644
16,ACB,2020-12-08,0 days 15:57:15.237229,49565,10.61,10.6,3500,2300,1344,-3956
17,ACB,2020-12-08,0 days 15:58:59.241515,61069,10.6,10.59,10552,2700,-2514,2804
18,ACB,2020-12-08,0 days 15:59:00.244274,60083,10.6,10.59,10552,2700,986,-2514
19,ACI,2020-12-08,0 days 15:57:43.278797,120446,15.0,14.99,744,2105,388,-212
20,ACI,2020-12-08,0 days 15:57:53.278636,113534,15.0,14.99,1244,2080,-6912,588
21,ACI,2020-12-08,0 days 15:59:32.279282,121782,15.0,14.98,4518,1300,2296,-2226
22,ACI,2020-12-08,0 days 15:59:33.278178,119978,15.0,14.99,3318,100,-1804,2296
23,ADT,2020-12-08,0 days 15:57:12.278561,83653,8.47,8.46,4028,7726,818,-507
24,ADT,2020-12-08,0 days 15:57:13.277407,80871,8.47,8.46,4128,7726,-2782,818
25,ADT,2020-12-08,0 days 15:58:59.282899,99011,8.48,8.47,3023,12938,5913,-4126
26,ADT,2020-12-08,0 days 15:59:00.287394,93624,8.48,8.47,3023,13207,-5387,5913
27,ADT,2020-12-08,0 days 15:59:23.282217,106853,8.48,8.47,6495,3782,522,-5827
28,ADT,2020-12-08,0 days 15:59:40.280513,98375,8.48,8.47,4185,10046,-8478,522
29,AEO,2020-12-08,0 days 15:59:24.289527,228596,19.49,19.48,9918,908,-24480,588
30,AEO,2020-12-08,0 days 15:59:50.294136,158255,19.49,19.48,4583,7774,69672,-2928
31,AES,2020-12-08,0 days 15:55:00.255515,647200,21.17,21.16,8789,5813,-895,299669
32,AES,2020-12-08,0 days 15:55:54.260846,659110,21.17,21.16,10751,12477,2531,-2269
33,AES,2020-12-08,0 days 15:55:55.260362,657341,21.17,21.16,11051,12277,-1769,2531
34,AES,2020-12-08,0 days 15:57:35.262045,665587,21.19,21.18,10464,1416,2625,-1275
35,AES,2020-12-08,0 days 15:57:40.261200,665112,21.18,21.17,5119,7168,-475,225
36,AES,2020-12-08,0 days 15:57:41.260837,665587,21.18,21.17,5000,6868,2325,-475
37,AES,2020-12-08,0 days 15:57:42.261327,665012,21.18,21.17,4800,6868,-575,2325
38,AES,2020-12-08,0 days 15:57:46.260858,665587,21.18,21.17,3100,8468,1025,-75
39,AES,2020-12-08,0 days 15:57:47.260452,664712,21.18,21.17,3100,8478,-875,1025
40,AES,2020-12-08,0 days 15:57:53.260892,665587,21.18,21.17,3392,9477,3325,-875
41,AES,2020-12-08,0 days 15:57:54.260512,661812,21.18,21.17,3299,10223,-3775,3325
42,AES,2020-12-08,0 days 15:57:58.260816,665587,21.18,21.17,3098,9477,4025,-3775
43,AES,2020-12-08,0 days 15:57:59.260822,661812,21.18,21.17,900,14243,-3775,4025
44,AES,2020-12-08,0 days 15:58:05.260589,662463,21.18,21.17,3300,7634,6026,-774
45,AES,2020-12-08,0 days 15:58:06.260848,661689,21.18,21.17,3500,7434,-774,6026
46,AES,2020-12-08,0 days 15:59:01.265167,706860,21.18,21.17,4500,7471,8959,-441
47,AES,2020-12-08,0 days 15:59:08.263624,722113,21.18,21.17,2200,9634,2702,-8274
48,AES,2020-12-08,0 days 15:59:27.254641,722685,21.21,21.2,3844,9246,299,-2461
49,AES,2020-12-08,0 days 15:59:33.254728,720770,21.21,21.2,12954,1691,-1915,299
50,AFL,2020-12-08,0 days 15:55:00.232108,463247,45.21,45.2,3677,303,4209,-116585
51,AFL,2020-12-08,0 days 15:55:39.234712,470098,45.28,45.27,1718,908,-2590,751
52,AFL,2020-12-08,0 days 15:55:40.235048,469688,45.28,45.27,1101,1236,410,-2590
53,AFL,2020-12-08,0 days 15:55:44.234515,470098,45.28,45.27,2123,730,-1559,211
54,AFL,2020-12-08,0 days 15:55:48.234690,471657,45.28,45.27,2123,855,3541,-159
55,AFL,2020-12-08,0 days 15:55:49.234415,471498,45.28,45.27,2180,655,-159,3541
56,AFL,2020-12-08,0 days 15:56:02.235196,469582,45.27,45.26,4974,297,516,-159
57,AFL,2020-12-08,0 days 15:56:17.235743,477499,45.25,45.24,720,2000,-2921,79
58,AFL,2020-12-08,0 days 15:56:18.235501,477120,45.25,45.24,1640,2300,379,-2921
59,AFL,2020-12-08,0 days 15:57:39.237786,483325,45.24,45.23,4846,442,-6849,625
60,AFL,2020-12-08,0 days 15:57:41.237815,482574,45.23,45.22,3849,478,751,-4549
61,AFL,2020-12-08,0 days 15:57:42.237791,483353,45.23,45.22,3944,378,-4121,751
62,AFL,2020-12-08,0 days 15:57:44.237663,482574,45.23,45.22,1149,1726,779,-2221
63,AFL,2020-12-08,0 days 15:57:46.237889,483353,45.23,45.22,1449,1326,-1521,779
64,AFL,2020-12-08,0 days 15:57:47.237615,484574,45.23,45.22,1149,1726,1521,-1521
65,AFL,2020-12-08,0 days 15:57:52.237693,488195,45.24,45.23,2325,1642,-4979,1221
66,AFL,2020-12-08,0 days 15:57:53.239089,482674,45.23,45.22,421,2551,5521,-4979
67,AFL,2020-12-08,0 days 15:57:59.238387,482474,45.24,45.23,1591,1443,4495,-2747
68,AFL,2020-12-08,0 days 15:58:59.241244,492421,45.26,45.25,503,3390,-1011,589
69,AFL,2020-12-08,0 days 15:59:04.241572,496819,45.27,45.26,1998,1804,259,-558
70,AFL,2020-12-08,0 days 15:59:06.242636,492491,45.27,45.26,2706,1404,-3728,959
71,AFL,2020-12-08,0 days 15:59:13.242052,498590,45.27,45.26,3596,147,405,-799
72,AFL,2020-12-08,0 days 15:59:14.242135,497795,45.27,45.26,3696,147,-95,405
73,AFL,2020-12-08,0 days 15:59:15.239471,498590,45.26,45.25,2696,897,13030,-95
74,AFL,2020-12-08,0 days 15:59:28.238676,506958,45.25,45.24,2840,1199,-933,616
75,AFL,2020-12-08,0 days 15:59:29.238797,506491,45.25,45.23,5080,1700,467,-933
76,AFL,2020-12-08,0 days 15:59:32.239488,506960,45.25,45.24,4212,300,-2032,469
77,AG,2020-12-08,0 days 15:59:13.263563,47931,11.37,11.36,17727,3268,704,-20
78,AGI,2020-12-08,0 days 15:59:16.260630,29851,9.25,9.24,28385,24815,1240,-1432
79,AHT,2020-12-08,0 days 15:57:25.294461,13735,3.17,3.16,2000,2508,-21365,1035
80,AHT,2020-12-08,0 days 15:59:02.300172,35900,3.14,3.13,916,300,2907,-865
81,AHT,2020-12-08,0 days 15:59:03.297909,34807,3.14,3.13,916,300,-1093,2907
82,AIG,2020-12-08,0 days 15:59:32.256233,449189,39.54,39.53,1050,1200,879,-16468
83,AIG,2020-12-08,0 days 15:59:50.262186,412237,39.59,39.58,3200,800,-43984,8954
84,ALK,2020-12-08,0 days 15:55:33.260798,86732,50.91,50.89,100,200,4158,-1142
85,ALK,2020-12-08,0 days 15:57:38.260484,96118,51.0,50.99,740,1134,-3801,5399
86,ALK,2020-12-08,0 days 15:57:39.260761,94619,51.0,50.99,940,934,1499,-3801
87,ALK,2020-12-08,0 days 15:57:56.260979,96141,51.0,50.99,1097,313,-178,122
88,ALK,2020-12-08,0 days 15:57:57.261496,95019,51.0,50.99,1197,313,1122,-178
89,ALK,2020-12-08,0 days 15:58:01.263974,96141,51.0,50.99,1613,108,-178,322
90,ALK,2020-12-08,0 days 15:58:02.263308,96119,50.98,50.95,1230,241,22,-178
91,ALK,2020-12-08,0 days 15:58:05.262281,95848,50.98,50.95,1330,255,-71,1029
92,ALK,2020-12-08,0 days 15:58:29.264309,96001,50.99,50.98,220,100,-154,346
93,ALK,2020-12-08,0 days 15:58:30.264120,95755,50.99,50.98,220,100,246,-154
94,ALK,2020-12-08,0 days 15:58:53.264816,96001,50.99,50.98,572,141,-98,246
95,ALK,2020-12-08,0 days 15:58:54.264850,97099,50.99,50.98,472,241,402,-98
96,ALK,2020-12-08,0 days 15:59:02.266000,92051,50.99,50.98,467,327,-1962,549
97,ALK,2020-12-08,0 days 15:59:04.265932,94013,50.99,50.98,464,522,1002,-162
98,ALK,2020-12-08,0 days 15:59:39.261984,96619,50.98,50.96,300,200,-6348,152
99,ALK,2020-12-08,0 days 15:59:40.263171,96467,50.98,50.96,300,100,152,-6348
100,ALLY,2020-12-08,0 days 15:55:00.301200,263862,32.48,32.47,411,2988,823,-72317
101,ALLY,2020-12-08,0 days 15:55:06.300211,264917,32.49,32.48,3468,933,-1943,941
102,ALLY,2020-12-08,0 days 15:55:43.304103,271398,32.5,32.49,1259,3895,5476,-4481
103,ALLY,2020-12-08,0 days 15:57:35.295366,288184,32.49,32.48,4104,2432,-1424,4476
104,ALLY,2020-12-08,0 days 15:57:39.295756,294408,32.49,32.48,3569,2291,3476,-3424
105,ALLY,2020-12-08,0 days 15:59:03.298945,306188,32.5,32.49,400,7014,-1913,4185
106,ALLY,2020-12-08,0 days 15:59:20.289262,312389,32.51,32.5,3892,301,-2591,4022
107,ALLY,2020-12-08,0 days 15:59:33.290650,320715,32.5,32.49,4665,2362,3127,-7973
108,ALLY,2020-12-08,0 days 15:59:50.294515,302434,32.51,32.5,4700,1065,-18650,4320
109,AM,2020-12-08,0 days 15:55:07.248346,555050,7.82,7.81,7605,10218,22353,-6815
110,AM,2020-12-08,0 days 15:55:08.248721,551003,7.82,7.81,6405,11618,-4047,22353
111,AM,2020-12-08,0 days 15:55:36.251303,555050,7.82,7.81,4818,14118,1296,-3304
112,AM,2020-12-08,0 days 15:55:37.251046,551546,7.82,7.81,5318,14218,-3504,1296
113,AM,2020-12-08,0 days 15:56:00.251728,552753,7.82,7.81,13853,2840,-2385,7115
114,AM,2020-12-08,0 days 15:57:08.253545,556038,7.82,7.81,11392,5897,415,-3085
115,AM,2020-12-08,0 days 15:57:09.253512,553653,7.82,7.81,10048,2582,-2385,415
116,AM,2020-12-08,0 days 15:59:10.252667,570731,7.83,7.82,9432,10191,1350,-2769
117,AMC,2020-12-08,0 days 15:57:49.278638,74299,3.97,3.96,6500,22402,3096,-1004
118,AMCR,2020-12-08,0 days 15:55:44.234767,641946,11.51,11.5,5862,40155,-753,8102
119,AMCR,2020-12-08,0 days 15:55:53.235394,618099,11.51,11.5,9776,28185,23947,-653
120,AMCR,2020-12-08,0 days 15:59:46.240750,801250,11.52,11.51,25551,16243,-25467,1303
121,AMCR,2020-12-08,0 days 15:59:47.240661,789717,11.52,11.51,27551,16243,11533,-25467
122,AMT,2020-12-08,0 days 15:59:22.254934,514491,223.83,223.74,100,329,-268,4003
123,AMT,2020-12-08,0 days 15:59:24.254685,513554,223.88,223.83,239,429,4137,-4763
124,AMT,2020-12-08,0 days 15:59:25.254392,513460,223.88,223.83,100,429,-94,4137
125,AMT,2020-12-08,0 days 15:59:30.257604,518912,223.93,223.84,515,702,1979,-252
126,AMT,2020-12-08,0 days 15:59:58.258798,535479,223.67,223.46,1200,100,7482,-9934
127,AMWL,2020-12-08,0 days 15:58:05.250220,75430,30.45,30.43,515,100,3625,-10075
128,AMWL,2020-12-08,0 days 15:58:39.250808,84238,30.47,30.45,100,115,2017,-7383
129,AMWL,2020-12-08,0 days 15:58:41.250343,71155,30.47,30.45,200,115,-16283,6117
130,AMWL,2020-12-08,0 days 15:58:42.250742,70038,30.47,30.45,200,115,517,-16283
131,AMWL,2020-12-08,0 days 15:59:36.254291,81193,30.5,30.42,141,600,296,-23204
132,AMWL,2020-12-08,0 days 15:59:46.253706,81489,30.54,30.44,100,1700,-24944,2100
133,AMWL,2020-12-08,0 days 15:59:47.252916,80833,30.54,30.48,100,300,656,-24944
134,AMX,2020-12-08,0 days 15:59:06.252354,50353,14.29,14.28,9200,16817,-3393,269
135,AMX,2020-12-08,0 days 15:59:46.240540,53244,14.26,14.25,16800,11030,-4658,442
136,AMX,2020-12-08,0 days 15:59:47.239977,53102,14.26,14.25,16300,11830,42,-4658
137,ANH,2020-12-08,0 days 15:55:58.260872,70656,2.55,2.54,4271,6934,-2246,80
138,ANH,2020-12-08,0 days 15:55:59.260274,66402,2.55,2.54,4271,6934,4254,-2246
139,APLE,2020-12-08,0 days 15:57:16.245328,165367,12.88,12.87,2793,7163,-32372,28
140,APLE,2020-12-08,0 days 15:57:44.245705,170467,12.88,12.87,6794,3224,-372,2328
141,APLE,2020-12-08,0 days 15:57:45.245604,168139,12.88,12.87,6794,3224,2328,-372
142,APLE,2020-12-08,0 days 15:57:49.245847,170467,12.88,12.87,6594,3224,-472,2328
143,APLE,2020-12-08,0 days 15:57:51.245792,170539,12.88,12.87,6594,3324,628,-172
144,APLE,2020-12-08,0 days 15:59:02.249241,171072,12.88,12.87,4933,5723,-1320,380
145,APLE,2020-12-08,0 days 15:59:03.249413,170692,12.88,12.87,4925,5923,802,-1320
146,APLE,2020-12-08,0 days 15:59:08.249034,171494,12.88,12.87,4923,6323,-42,2
147,AR,2020-12-08,0 days 15:57:05.261964,453445,4.3,4.29,4966,40901,-21629,4271
148,AR,2020-12-08,0 days 15:57:06.261714,448974,4.31,4.3,20788,17757,4471,-21629
149,AR,2020-12-08,0 days 15:59:08.263590,514811,4.29,4.28,15430,28873,-17320,9742
150,AR,2020-12-08,0 days 15:59:09.263377,507531,4.29,4.28,5773,36089,7280,-17320
151,AR,2020-12-08,0 days 15:59:38.256421,514811,4.3,4.29,19600,43611,-33155,3945
152,AR,2020-12-08,0 days 15:59:39.255032,512466,4.3,4.29,17565,46711,2345,-33155
153,AR,2020-12-08,0 days 16:00:00.255146,514811,4.4,4.25,500,500,-6205,385
154,ARLO,2020-12-08,0 days 15:55:46.251443,51217,8.33,8.32,4526,1744,-4659,2681
155,ARLO,2020-12-08,0 days 15:55:47.251099,49976,8.33,8.32,4526,1744,1241,-4659
156,ARLO,2020-12-08,0 days 15:57:13.253663,51417,8.34,8.32,533,1543,-1299,1001
157,ARLO,2020-12-08,0 days 15:57:14.253701,50616,8.34,8.32,533,1543,801,-1299
158,ARLO,2020-12-08,0 days 15:57:48.251417,51443,8.33,8.32,721,965,-3873,627
159,ARLO,2020-12-08,0 days 15:58:04.249588,50916,8.34,8.32,236,1441,242,-1758
160,ARLO,2020-12-08,0 days 15:58:11.249500,51158,8.34,8.32,236,1271,-2961,242
161,ASAN,2020-12-08,0 days 15:55:00.271289,19553,29.14,29.1,1930,170,-8201,15640
162,ASAN,2020-12-08,0 days 15:55:01.273974,18754,29.14,29.1,2111,270,799,-8201
163,ASAN,2020-12-08,0 days 15:57:07.277351,22261,29.09,29.02,662,200,-2745,1555
164,ASAN,2020-12-08,0 days 15:57:08.277846,21406,29.09,29.02,662,200,855,-2745
165,ASAN,2020-12-08,0 days 15:58:04.281330,24361,29.05,29.01,400,204,-8045,1955
166,ASAN,2020-12-08,0 days 15:58:05.280554,23106,29.05,29.01,400,304,1255,-8045
167,ASAN,2020-12-08,0 days 15:58:59.282813,36461,29.04,29.01,300,100,-25,2187
168,ASAN,2020-12-08,0 days 15:59:04.283962,36486,29.04,29.0,300,100,1775,-25
169,ASAN,2020-12-08,0 days 15:59:05.284536,36161,29.04,29.0,300,100,-325,1775
170,ASAN,2020-12-08,0 days 15:59:08.284298,34883,29.04,28.97,300,600,1273,-622
171,ASAN,2020-12-08,0 days 15:59:44.279376,26356,29.03,29.01,100,200,-10374,126
172,ASAN,2020-12-08,0 days 15:59:45.283153,27630,29.03,28.97,500,600,9226,-10374
173,ASAN,2020-12-08,0 days 15:59:46.280236,36856,29.04,28.98,100,625,-6700,9226
174,ASAN,2020-12-08,0 days 15:59:47.279839,36456,29.01,28.97,335,600,400,-6700
175,ASAN,2020-12-08,0 days 16:00:00.271421,26356,29.22,28.97,700,100,-8900,1600
176,ATI,2020-12-08,0 days 15:55:45.303485,89919,17.18,17.17,925,2820,6288,-697
177,ATI,2020-12-08,0 days 15:55:46.304415,89207,17.18,17.17,929,2936,-712,6288
178,ATI,2020-12-08,0 days 15:55:50.303671,89919,17.18,17.17,984,2962,2691,-712
179,ATI,2020-12-08,0 days 15:55:51.303334,89510,17.18,17.17,973,3051,-409,2691
180,ATI,2020-12-08,0 days 15:55:56.304281,90177,17.18,17.17,1017,3521,217,-383
181,ATI,2020-12-08,0 days 15:55:58.303968,89824,17.18,17.17,1017,3097,-353,117
182,ATI,2020-12-08,0 days 15:56:24.304750,93021,17.14,17.13,1648,1088,-461,6839
183,ATI,2020-12-08,0 days 15:58:19.297132,101333,17.14,17.13,1714,312,41,-932
184,ATI,2020-12-08,0 days 15:58:20.298235,100174,17.14,17.13,804,1436,-1159,41
185,ATI,2020-12-08,0 days 15:58:59.299102,101333,17.14,17.13,2854,782,6289,-511
186,ATI,2020-12-08,0 days 15:59:04.299484,101854,17.14,17.13,1783,1070,2641,-4695
187,ATI,2020-12-08,0 days 15:59:05.299834,100995,17.14,17.13,1454,1687,-859,2641
188,ATI,2020-12-08,0 days 15:59:46.291487,104789,17.14,17.13,1200,1638,4298,-576
189,ATI,2020-12-08,0 days 15:59:47.291325,104487,17.14,17.13,300,3279,-302,4298
190,ATUS,2020-12-08,0 days 15:55:35.302971,187077,34.63,34.62,705,3408,294,-1362
191,ATUS,2020-12-08,0 days 15:55:36.303369,186571,34.66,34.65,2483,2867,-1362,294
192,ATUS,2020-12-08,0 days 15:56:10.304410,206850,34.66,34.65,1100,4753,1877,-67
193,ATUS,2020-12-08,0 days 15:59:03.298688,235114,34.67,34.66,3202,1867,5510,-1390
194,AU,2020-12-08,0 days 15:55:00.255959,200478,22.21,22.2,3605,2201,-71098,45983
195,AU,2020-12-08,0 days 15:57:25.261907,240082,22.19,22.18,3903,490,1558,-1042
196,AU,2020-12-08,0 days 15:57:26.261861,236940,22.19,22.18,3903,490,-3142,1558
197,AU,2020-12-08,0 days 15:57:37.261602,239040,22.18,22.17,1404,3800,-1042,1958
198,AU,2020-12-08,0 days 15:58:03.260951,240082,22.19,22.18,583,3700,710,-3090
199,AU,2020-12-08,0 days 15:58:04.261491,238692,22.2,22.19,5300,575,-1390,710
200,AU,2020-12-08,0 days 15:59:13.263599,238202,22.19,22.18,6281,506,2684,-644
201,AU,2020-12-08,0 days 15:59:36.258381,241104,22.2,22.19,1600,1500,-1470,430
202,AU,2020-12-08,0 days 15:59:37.254950,240874,22.2,22.19,2100,994,230,-1470
203,AUY,2020-12-08,0 days 15:55:00.235063,117767,5.68,5.67,144288,203625,22345,-4156
204,AUY,2020-12-08,0 days 15:59:37.243266,154160,5.68,5.67,334120,250829,-5199,401
205,AUY,2020-12-08,0 days 15:59:38.242593,153759,5.68,5.67,345420,219549,401,-5199
206,AVTR,2020-12-08,0 days 15:59:01.251477,274806,27.0,26.99,1810,1697,-3038,23962
207,AVTR,2020-12-08,0 days 15:59:22.250503,282843,27.0,26.99,1270,1700,4575,-6156
208,AVTR,2020-12-08,0 days 15:59:46.253121,288330,27.03,27.02,200,2600,-6665,3387
209,AVTR,2020-12-08,0 days 15:59:50.257829,233995,27.05,27.03,400,1100,43558,-8465
210,AXTA,2020-12-08,0 days 15:59:03.252134,173100,28.79,28.78,3865,1751,904,-796
211,AXTA,2020-12-08,0 days 15:59:45.251447,185953,28.8,28.79,400,3190,-8343,1619
212,AXTA,2020-12-08,0 days 15:59:46.240371,183296,28.8,28.79,300,3669,2657,-8343
213,BA,2020-12-08,0 days 15:59:11.300537,238043,236.64,236.53,700,100,2344,-356
214,BA,2020-12-08,0 days 15:59:18.289126,240652,236.74,236.51,200,200,-823,116
215,BA,2020-12-08,0 days 15:59:19.289138,239275,236.63,236.51,200,600,7677,-823
216,BA,2020-12-08,0 days 15:59:20.289249,236684,236.63,236.51,200,700,-2591,7677
217,BA,2020-12-08,0 days 15:59:21.289651,239275,236.63,236.51,200,882,2809,-2591
218,BA,2020-12-08,0 days 15:59:25.290083,241764,236.63,236.52,200,100,-111,2769
219,BA,2020-12-08,0 days 15:59:29.289694,239675,236.47,236.45,253,300,8632,-110
220,BA,2020-12-08,0 days 15:59:38.291522,236927,236.6,236.5,200,1200,-2748,3052
221,BA,2020-12-08,0 days 15:59:39.290278,239675,236.58,236.49,748,700,7252,-2748
222,BA,2020-12-08,0 days 15:59:41.290058,235846,236.58,236.5,300,1009,-3829,3171
223,BA,2020-12-08,0 days 15:59:42.290416,239675,236.57,236.5,800,100,871,-3829
224,BA,2020-12-08,0 days 15:59:44.290533,240046,236.66,236.52,1200,533,-1829,871
225,BA,2020-12-08,0 days 15:59:45.292443,241875,236.66,236.52,600,933,629,-1829
226,BA,2020-12-08,0 days 15:59:46.291592,240704,236.66,236.58,400,709,-6729,629
227,BA,2020-12-08,0 days 15:59:47.291396,247433,236.65,236.52,700,1533,2171,-6729
228,BA,2020-12-08,0 days 15:59:50.294188,237604,236.66,236.5,200,1104,-9829,3413
229,BA,2020-12-08,0 days 15:59:52.291127,245233,236.63,236.5,200,300,313,-9829
230,BA,2020-12-08,0 days 15:59:53.290715,244804,236.63,236.52,200,100,-2629,313
231,BA,2020-12-08,0 days 15:59:57.291817,245233,236.69,236.43,200,111,11213,-2629
232,BAC,2020-12-08,0 days 15:59:23.248207,2459477,28.94,28.93,122811,14863,-2650,30050
233,BAC,2020-12-08,0 days 15:59:48.239077,2504786,28.95,28.94,33869,63094,18003,-9097
234,BAC,2020-12-08,0 days 15:59:50.242086,2343589,28.95,28.94,26085,69910,-161197,18103
235,BAX,2020-12-08,0 days 15:57:49.278808,218145,77.93,77.92,500,200,1968,-332
236,BAX,2020-12-08,0 days 15:58:17.280834,219085,77.95,77.94,1000,115,-1441,3067
237,BAX,2020-12-08,0 days 15:59:09.284214,222634,77.98,77.96,100,400,2890,-5641
238,BAX,2020-12-08,0 days 15:59:50.285052,190328,77.98,77.94,998,100,-37359,6921
239,BB,2020-12-08,0 days 15:55:00.243588,62431,8.55,8.54,32068,51439,-1244,7774
240,BB,2020-12-08,0 days 15:55:36.245069,62775,8.53,8.52,44542,21333,6836,-1244
241,BB,2020-12-08,0 days 15:58:00.250334,69618,8.52,8.51,45203,20787,-2999,3634
242,BB,2020-12-08,0 days 15:58:47.250325,72217,8.51,8.5,17479,73548,3101,-2599
243,BB,2020-12-08,0 days 15:59:46.253296,98045,8.52,8.51,35706,77637,-3925,2028
244,BB,2020-12-08,0 days 15:59:47.252636,96870,8.52,8.51,24306,85277,1175,-3925
245,BBY,2020-12-08,0 days 15:55:00.271289,128904,102.98,102.91,722,273,-620,5340
246,BBY,2020-12-08,0 days 15:55:06.271454,129524,102.98,102.92,1067,339,748,-564
247,BBY,2020-12-08,0 days 15:55:07.271303,129072,102.98,102.92,867,339,-452,748
248,BBY,2020-12-08,0 days 15:55:38.275400,132675,103.01,102.98,100,499,878,-810
249,BBY,2020-12-08,0 days 15:55:40.275752,132144,103.03,103.01,201,300,-531,69
250,BBY,2020-12-08,0 days 15:56:41.277575,133442,102.98,102.95,402,305,219,-518
251,BBY,2020-12-08,0 days 15:56:42.276628,132961,102.98,102.95,431,305,-481,219
252,BBY,2020-12-08,0 days 15:57:34.278440,133446,103.0,102.97,427,405,877,-423
253,BBY,2020-12-08,0 days 15:57:36.278851,133423,103.0,102.97,605,512,-23,2777
254,BBY,2020-12-08,0 days 15:57:38.278506,133446,103.0,102.97,605,512,877,-23
255,BBY,2020-12-08,0 days 15:57:42.278830,140023,103.0,102.97,704,521,-1023,1477
256,BBY,2020-12-08,0 days 15:57:43.278730,139346,103.0,102.97,704,421,677,-1023
257,BBY,2020-12-08,0 days 15:58:10.281157,144116,102.99,102.95,145,263,-2276,2476
258,BBY,2020-12-08,0 days 15:58:26.281322,146392,102.99,102.98,311,100,1324,-276
259,BBY,2020-12-08,0 days 15:58:27.281307,146116,102.99,102.96,611,270,-276,1324
260,BBY,2020-12-08,0 days 15:59:09.284127,146773,103.04,102.99,400,525,1660,-186
261,BBY,2020-12-08,0 days 15:59:18.281537,149933,103.02,102.99,100,425,-1553,267
262,BBY,2020-12-08,0 days 15:59:29.282421,154269,103.0,102.95,110,900,683,-217
263,BBY,2020-12-08,0 days 15:59:49.279743,154925,103.01,102.98,100,522,2159,-295
264,BCS,2020-12-08,0 days 15:59:37.248460,50690,7.81,7.8,100130,104923,27358,-1642
265,BCS,2020-12-08,0 days 15:59:38.248350,49048,7.81,7.8,89330,104923,-1642,27358
266,BDN,2020-12-08,0 days 15:55:36.259706,72159,11.6,11.59,3160,12365,1488,-2012
267,BDN,2020-12-08,0 days 15:55:37.260265,70447,11.6,11.59,3000,12365,-1712,1488
268,BDN,2020-12-08,0 days 15:55:39.260556,72159,11.6,11.59,2700,12465,4739,-1261
269,BDN,2020-12-08,0 days 15:55:40.260339,70998,11.6,11.59,2400,13860,-1161,4739
270,BDN,2020-12-08,0 days 15:56:54.262011,73559,11.6,11.59,1507,11755,16,-2124
271,BDN,2020-12-08,0 days 15:57:46.261016,72675,11.6,11.59,2385,9819,-984,416
272,BDN,2020-12-08,0 days 15:59:23.254402,135380,11.58,11.57,3000,7301,-3574,2826
273,BDN,2020-12-08,0 days 15:59:27.254882,138954,11.58,11.57,3378,4701,4357,-1418
274,BDN,2020-12-08,0 days 15:59:28.254359,135911,11.58,11.57,3100,7101,-3043,4357
275,BDN,2020-12-08,0 days 15:59:42.257085,138954,11.58,11.57,3678,7505,6056,-874
276,BDN,2020-12-08,0 days 15:59:43.255626,137210,11.58,11.57,2800,9605,-1744,6056
277,BDN,2020-12-08,0 days 15:59:46.257165,138954,11.58,11.57,6201,4504,10389,-1744
278,BDN,2020-12-08,0 days 15:59:48.256984,138149,11.58,11.57,4800,7005,-805,4895
279,BDN,2020-12-08,0 days 15:59:49.256263,138954,11.58,11.57,3900,6305,2429,-805
280,BE,2020-12-08,0 days 15:55:00.257855,81738,30.69,30.64,510,200,-3624,29160
281,BE,2020-12-08,0 days 15:57:23.259504,85967,30.53,30.5,101,200,-10778,6522
282,BE,2020-12-08,0 days 15:57:24.259413,92645,30.53,30.5,121,402,5122,-10778
283,BE,2020-12-08,0 days 15:57:56.260979,105268,30.56,30.5,349,300,-4677,10523
284,BE,2020-12-08,0 days 15:58:19.263407,110125,30.53,30.5,310,700,1541,-4867
285,BE,2020-12-08,0 days 15:58:54.264807,111666,30.56,30.52,380,468,-3759,241
286,BE,2020-12-08,0 days 15:59:15.261344,102025,30.54,30.5,215,300,2658,-7180
287,BE,2020-12-08,0 days 15:59:39.261984,111916,30.56,30.48,100,100,-7255,7545
288,BE,2020-12-08,0 days 15:59:50.267332,104501,30.6,30.5,2100,310,7578,-7722
289,BEN,2020-12-08,0 days 15:55:00.300361,366536,24.02,24.01,4448,2118,5371,-157718
290,BEN,2020-12-08,0 days 15:56:33.305318,373637,24.03,24.02,3100,4738,-1118,3122
291,BEN,2020-12-08,0 days 15:56:34.304803,371055,24.03,24.02,4200,3279,2582,-1118
292,BEN,2020-12-08,0 days 15:57:35.295291,379576,24.03,24.02,6047,2827,-79,2621
293,BEN,2020-12-08,0 days 15:57:36.294766,377255,24.03,24.02,6085,2627,2321,-79
294,BEN,2020-12-08,0 days 15:57:39.295679,379576,24.03,24.02,6974,2627,-4279,2321
295,BEN,2020-12-08,0 days 15:57:40.295480,377255,24.03,24.02,7774,2435,2321,-4279
296,BEN,2020-12-08,0 days 15:59:00.302353,388218,24.01,24.0,6057,9793,-31,2769
297,BEN,2020-12-08,0 days 15:59:11.300475,393554,24.01,24.0,9369,935,-131275,1447
298,BEN,2020-12-08,0 days 15:59:30.291356,522234,23.97,23.96,4308,1709,3463,-6081
299,BEN,2020-12-08,0 days 15:59:33.290520,518550,23.98,23.97,9952,702,-3684,3916
300,BEN,2020-12-08,0 days 15:59:40.290628,523034,23.98,23.97,8842,1817,11106,-3584
301,BEN,2020-12-08,0 days 15:59:41.289954,519140,23.98,23.97,8742,1700,-3894,11106
302,BEN,2020-12-08,0 days 15:59:46.291406,527126,23.98,23.97,8642,1708,12478,-4021
303,BEN,2020-12-08,0 days 15:59:47.291263,522057,23.98,23.97,5742,4908,-6012,12478
304,BEST,2020-12-08,0 days 15:58:27.250356,46343,2.67,2.66,15460,15664,27896,-3904
305,BEST,2020-12-08,0 days 15:58:28.250256,42439,2.67,2.66,13960,15664,-3904,27896
306,BEST,2020-12-08,0 days 15:58:48.250327,46343,2.67,2.66,10960,15064,25996,-3704
307,BEST,2020-12-08,0 days 15:58:49.250538,43539,2.67,2.66,10960,15064,-2804,25996
308,BEST,2020-12-08,0 days 15:59:02.251737,49743,2.67,2.66,7160,16364,29596,-404
309,BEST,2020-12-08,0 days 15:59:03.251160,47739,2.67,2.66,7160,16364,-2004,29596
310,BFT,2020-12-08,0 days 15:57:18.240052,41065,12.82,12.79,1795,900,-2554,618
311,BFT,2020-12-08,0 days 15:57:22.238127,40919,12.77,12.76,1394,200,146,-1654
312,BFT,2020-12-08,0 days 15:59:04.245359,41514,12.77,12.72,941,1470,-1504,495
313,BFT,2020-12-08,0 days 15:59:05.245178,41218,12.76,12.72,100,1370,296,-1504
314,BFT,2020-12-08,0 days 15:59:06.244791,41514,12.76,12.74,600,500,-304,296
315,BFT,2020-12-08,0 days 15:59:48.243284,41448,12.79,12.75,200,9915,66,-34
316,BFT,2020-12-08,0 days 15:59:59.237209,41514,12.8,12.75,1098,7272,-934,66
317,BHC,2020-12-08,0 days 15:57:06.263811,44183,20.6,20.59,10428,4900,530,-1470
318,BHC,2020-12-08,0 days 15:57:07.263654,42713,20.6,20.59,9928,5300,-1470,530
319,BHC,2020-12-08,0 days 15:57:43.260835,42683,20.59,20.58,2511,7993,6898,-1470
320,BHC,2020-12-08,0 days 15:58:04.263064,42683,20.59,20.58,2609,10100,3598,-4702
321,BHC,2020-12-08,0 days 15:58:05.262338,42481,20.59,20.58,1585,10000,-202,3598
322,BHC,2020-12-08,0 days 15:58:29.264384,38077,20.59,20.58,2569,8138,-4606,1694
323,BHC,2020-12-08,0 days 15:59:47.264427,44659,20.6,20.59,5647,4260,-608,1092
324,BIG,2020-12-08,0 days 15:55:00.258040,36863,45.92,45.88,1500,243,-474,9914
325,BIG,2020-12-08,0 days 15:55:43.262393,37337,45.91,45.87,102,100,125,-74
326,BIG,2020-12-08,0 days 15:55:44.261895,36962,45.91,45.87,202,100,-375,125
327,BIG,2020-12-08,0 days 15:56:33.263833,38429,45.89,45.86,382,301,822,-188
328,BIG,2020-12-08,0 days 15:56:34.263586,37951,45.89,45.86,482,401,-478,822
329,BIG,2020-12-08,0 days 15:59:00.269249,39954,45.93,45.92,200,150,501,-448
330,BIG,2020-12-08,0 days 15:59:01.265647,39665,45.93,45.92,300,150,-189,501
331,BIG,2020-12-08,0 days 15:59:13.266135,47140,45.9,45.87,300,100,5161,-50
332,BIG,2020-12-08,0 days 15:59:14.266576,46801,45.9,45.88,400,100,-339,5161
333,BK,2020-12-08,0 days 15:59:30.264322,520774,40.84,40.83,2541,4388,1138,-12910
334,BK,2020-12-08,0 days 15:59:36.265032,521912,40.83,40.82,500,8510,-7844,1138
335,BK,2020-12-08,0 days 15:59:46.263618,530256,40.85,40.84,4348,200,12746,-7044
336,BK,2020-12-08,0 days 15:59:47.264213,529102,40.84,40.83,1700,5620,-1054,12746
337,BKR,2020-12-08,0 days 15:55:01.244185,462063,22.42,22.41,1800,5943,5494,-17796
338,BKR,2020-12-08,0 days 15:56:13.245592,475423,22.47,22.46,3120,5441,-282,5562
339,BKR,2020-12-08,0 days 15:56:51.246263,503558,22.46,22.45,3800,2637,1913,-8897
340,BKR,2020-12-08,0 days 15:57:34.245781,508668,22.47,22.46,7247,1870,-1795,2505
341,BKR,2020-12-08,0 days 15:58:36.248118,582095,22.46,22.45,8190,1753,-4469,2231
342,BKR,2020-12-08,0 days 15:59:50.253383,585683,22.44,22.43,6490,2827,-5448,22952
343,BMY,2020-12-08,0 days 15:55:00.300361,633971,60.97,60.96,1138,3616,-252,82422
344,BMY,2020-12-08,0 days 15:55:39.303685,635010,60.97,60.95,7780,5804,461,-844
345,BMY,2020-12-08,0 days 15:58:20.298210,693620,60.98,60.97,4146,1102,-6139,12986
346,BMY,2020-12-08,0 days 15:58:35.298561,697908,61.01,61.0,4168,995,17245,-14655
347,BMY,2020-12-08,0 days 15:58:58.299099,764051,61.05,61.04,2328,3230,-4799,12019
348,BMY,2020-12-08,0 days 15:58:59.299068,756350,61.05,61.04,1049,3830,7732,-4799
349,BMY,2020-12-08,0 days 15:59:48.290602,945248,61.09,61.08,1100,2898,-2620,16073
350,BMY,2020-12-08,0 days 15:59:50.293876,853203,61.09,61.08,3057,1600,90430,-7455
351,BOX,2020-12-08,0 days 15:55:44.251001,264215,17.4,17.39,3749,2979,3265,-4348
352,BOX,2020-12-08,0 days 15:56:44.252718,264614,17.4,17.39,862,3160,1293,-207
353,BOX,2020-12-08,0 days 15:57:01.253458,253747,17.4,17.39,2527,1340,-10867,3433
354,BOX,2020-12-08,0 days 15:57:26.247524,264614,17.4,17.39,3781,1092,833,-267
355,BOX,2020-12-08,0 days 15:59:15.253715,287763,17.41,17.4,2335,1400,101320,-32024
356,BOX,2020-12-08,0 days 15:59:40.248283,304288,17.44,17.43,3424,700,-198,13802
357,BP,2020-12-08,0 days 15:55:00.235141,142446,21.78,21.77,33023,38474,-41434,114116
358,BP,2020-12-08,0 days 15:55:01.236759,138480,21.78,21.77,37154,44974,3966,-41434
359,BP,2020-12-08,0 days 15:59:33.242648,156766,21.79,21.78,108821,35028,-5368,1591
360,BP,2020-12-08,0 days 15:59:34.242783,155934,21.79,21.78,102321,36533,832,-5368
361,BP,2020-12-08,0 days 15:59:50.247640,104039,21.79,21.78,46744,60829,52727,-1973
362,BRFS,2020-12-08,0 days 15:59:47.244241,102659,4.52,4.51,222410,77594,-21231,1157
363,BRK.B,2020-12-08,0 days 15:59:19.250522,626705,228.15,228.07,100,100,91312,-13783
364,BRK.B,2020-12-08,0 days 15:59:20.251070,509245,228.26,228.1,100,100,-117682,91312
365,BRK.B,2020-12-08,0 days 15:59:39.251882,623727,228.27,228.16,200,100,3122,-5337
366,BRK.B,2020-12-08,0 days 15:59:41.252588,524938,228.25,228.19,100,100,-98789,3122
367,BRK.B,2020-12-08,0 days 15:59:44.251594,623727,228.23,228.13,348,100,4631,-96348
368,BRK.B,2020-12-08,0 days 15:59:45.257100,525645,228.28,228.17,400,316,-98082,4631
369,BRK.B,2020-12-08,0 days 15:59:52.252679,623727,228.3,228.2,1600,300,43507,-57645
370,BRK.B,2020-12-08,0 days 15:59:53.250929,558362,228.3,228.2,1600,900,-65365,43507
371,BRX,2020-12-08,0 days 15:57:40.295538,1067988,16.01,16.0,2497,6159,62,-4738
372,BRX,2020-12-08,0 days 15:57:43.295401,1057650,16.01,16.0,2997,6451,-8838,62
373,BRX,2020-12-08,0 days 15:58:41.298256,1089888,16.03,16.02,3188,2311,38897,-5003
374,BRX,2020-12-08,0 days 15:58:42.298491,1088885,16.03,16.02,3488,2523,-1003,38897
375,BRX,2020-12-08,0 days 15:59:08.300101,1090380,16.03,16.02,3409,2875,5642,-658
376,BRX,2020-12-08,0 days 15:59:13.300303,1110450,16.03,16.02,4065,4059,-18230,3140
377,BRX,2020-12-08,0 days 15:59:14.300452,1108880,16.03,16.02,3875,3843,1570,-18230
378,BRX,2020-12-08,0 days 15:59:18.289148,1128590,16.03,16.02,3275,3880,-386,298
379,BRX,2020-12-08,0 days 15:59:23.289376,1125793,16.03,16.02,4575,2892,2797,-386
380,BRX,2020-12-08,0 days 15:59:42.290428,1139131,16.03,16.02,5140,3332,-2769,2164
381,BRX,2020-12-08,0 days 15:59:43.290411,1137600,16.03,16.02,5165,1564,1531,-2769
382,BSBR,2020-12-08,0 days 15:59:37.247427,18735,8.37,8.36,59218,32553,1671,-229
383,BSBR,2020-12-08,0 days 15:59:38.246865,18506,8.37,8.36,55503,32553,-229,1671
384,BSBR,2020-12-08,0 days 15:59:47.239966,18735,8.37,8.36,46973,12000,671,-229
385,BSBR,2020-12-08,0 days 15:59:48.239061,18606,8.37,8.36,46973,12000,-129,671
386,BSX,2020-12-08,0 days 15:55:00.242067,697584,34.0,33.99,10410,3614,19290,-127864
387,BSX,2020-12-08,0 days 15:55:44.244550,726530,34.0,33.99,10023,6773,54269,-11700
388,BSX,2020-12-08,0 days 15:58:52.248756,745681,34.01,34.0,2998,6722,138,-11141
389,BSX,2020-12-08,0 days 15:58:54.249513,745819,34.01,34.0,1706,6922,-862,138
390,BSX,2020-12-08,0 days 15:59:05.250536,748727,34.01,34.0,2732,8379,-336,2
391,BSX,2020-12-08,0 days 15:59:15.249489,752497,34.01,34.0,13832,200,21487,-12463
392,BSX,2020-12-08,0 days 15:59:50.256171,684918,34.01,34.0,10003,4600,-88506,20494
393,BTI,2020-12-08,0 days 15:55:33.237978,24425,38.86,38.85,3087,4655,-394,806
394,BTI,2020-12-08,0 days 15:58:01.243307,27978,38.85,38.84,600,7400,242,-358
395,BTI,2020-12-08,0 days 15:58:06.242768,28220,38.85,38.84,526,6700,-1958,42
396,BWA,2020-12-08,0 days 15:59:46.263447,305400,39.35,39.34,804,1554,-4665,6054
397,BWA,2020-12-08,0 days 15:59:50.267078,249565,39.35,39.34,383,1454,55835,-9065
398,C,2020-12-08,0 days 15:55:00.247160,894186,58.25,58.24,1402,5768,15043,-253146
399,C,2020-12-08,0 days 15:56:48.252486,934482,58.32,58.31,5518,2300,-1458,553
400,C,2020-12-08,0 days 15:56:49.252278,929840,58.32,58.31,5318,2900,4642,-1458
401,C,2020-12-08,0 days 15:56:51.252905,934482,58.31,58.3,300,5975,-6447,4642
402,C,2020-12-08,0 days 15:59:16.246580,1093476,58.37,58.36,700,4004,34189,-50694
403,C,2020-12-08,0 days 15:59:30.250908,1114381,58.36,58.35,705,5475,-12436,6582
404,C,2020-12-08,0 days 15:59:39.247159,1080139,58.33,58.32,5000,3100,44664,-11236
405,C,2020-12-08,0 days 15:59:41.247446,1128289,58.37,58.36,300,7956,-105174,45214
406,CAG,2020-12-08,0 days 15:59:30.264148,258110,35.68,35.67,500,4600,6449,-3525
407,CAG,2020-12-08,0 days 15:59:50.267143,258110,35.7,35.69,3087,2400,-770,5960
408,CAH,2020-12-08,0 days 15:55:00.233683,138792,56.38,56.36,1665,2003,-2784,47777
409,CAH,2020-12-08,0 days 15:56:17.236172,146988,56.39,56.38,1877,150,747,-3353
410,CAH,2020-12-08,0 days 15:56:22.236170,172585,56.46,56.42,220,656,-678,25217
411,CAH,2020-12-08,0 days 15:56:33.236714,170263,56.4,56.39,100,300,2322,-278
412,CAH,2020-12-08,0 days 15:58:29.240634,173692,56.43,56.42,1103,301,-87,213
413,CAH,2020-12-08,0 days 15:58:50.240726,172479,56.43,56.41,1524,706,1213,-8187
414,CAH,2020-12-08,0 days 15:59:00.244350,181074,56.45,56.44,303,409,-209,7509
415,CAH,2020-12-08,0 days 15:59:11.241786,192116,56.46,56.45,793,201,3328,-1728
416,CAH,2020-12-08,0 days 15:59:46.241361,196856,56.47,56.45,993,400,-5015,1763
417,CAH,2020-12-08,0 days 15:59:50.244628,172537,56.47,56.46,585,700,24319,-2381
418,CAT,2020-12-08,0 days 15:55:00.244479,192042,178.96,178.84,100,100,458,-22817
419,CAT,2020-12-08,0 days 15:55:21.244971,192503,179.02,178.94,100,100,-566,198
420,CAT,2020-12-08,0 days 15:55:22.244997,192432,179.05,178.95,100,105,71,-566
421,CAT,2020-12-08,0 days 15:55:39.245931,192503,178.92,178.85,100,100,-229,1708
422,CAT,2020-12-08,0 days 15:55:40.245714,192332,178.96,178.83,100,100,171,-229
423,CAT,2020-12-08,0 days 15:55:43.246129,192503,178.92,178.83,100,512,-1493,171
424,CAT,2020-12-08,0 days 15:56:02.246679,194206,178.98,178.91,300,400,397,-248
425,CAT,2020-12-08,0 days 15:56:03.246174,194003,179.0,178.92,111,100,-967,397
426,CAT,2020-12-08,0 days 15:56:04.246532,194977,179.01,178.92,100,100,71,-967
427,CAT,2020-12-08,0 days 15:56:05.246476,194748,178.99,178.92,100,342,-229,71
428,CAT,2020-12-08,0 days 15:56:14.246890,195865,178.99,178.92,204,100,510,-493
429,CAT,2020-12-08,0 days 15:56:15.247082,195575,179.01,178.95,100,200,-1096,510
430,CAT,2020-12-08,0 days 15:56:26.246938,197671,179.0,178.94,6800,663,2004,-396
431,CAT,2020-12-08,0 days 15:56:27.246810,197275,179.0,178.94,5484,658,-396,2004
432,CAT,2020-12-08,0 days 15:57:13.248906,198905,178.99,178.96,240,100,2935,-1065
433,CAT,2020-12-08,0 days 15:57:14.248406,197480,178.99,178.95,100,301,-1425,2935
434,CAT,2020-12-08,0 days 15:57:41.248129,198442,178.98,178.95,300,100,39,-62
435,CAT,2020-12-08,0 days 15:57:43.248354,198481,178.97,178.95,200,381,-1161,1139
436,CAT,2020-12-08,0 days 15:57:45.248239,198442,178.98,178.95,300,788,1339,-161
437,CAT,2020-12-08,0 days 15:57:46.248060,199781,178.98,178.95,400,281,-961,1339
438,CAT,2020-12-08,0 days 15:57:47.248135,198442,178.98,178.96,400,100,1339,-961
439,CAT,2020-12-08,0 days 15:57:49.248217,199781,178.99,178.96,198,101,-1561,139
440,CAT,2020-12-08,0 days 15:58:19.250491,217966,178.93,178.88,100,200,1603,-2966
441,CAT,2020-12-08,0 days 15:58:20.250638,216469,178.93,178.88,100,200,-1497,1603
442,CAT,2020-12-08,0 days 15:59:11.252125,220105,179.0,178.88,245,700,8283,-549
443,CAT,2020-12-08,0 days 15:59:12.251271,231920,179.03,178.98,100,181,-2361,8283
444,CAT,2020-12-08,0 days 15:59:16.250960,233320,178.95,178.87,100,103,-347,1053
445,CAT,2020-12-08,0 days 15:59:40.253696,242438,178.97,178.91,100,500,13734,-766
446,CAT,2020-12-08,0 days 15:59:41.252946,241672,178.98,178.91,200,100,-769,13734
447,CAT,2020-12-08,0 days 15:59:44.252524,242339,178.94,178.86,695,100,1941,-564
448,CAT,2020-12-08,0 days 15:59:45.257530,241680,178.96,178.88,200,100,-722,1941
449,CAT,2020-12-08,0 days 15:59:46.253605,242544,178.95,178.88,100,100,1358,-722
450,CAT,2020-12-08,0 days 15:59:47.252897,241902,178.98,178.93,100,900,-15707,1358
451,CAT,2020-12-08,0 days 15:59:54.253735,242544,178.99,178.92,200,598,8729,-7100
452,CAT,2020-12-08,0 days 15:59:55.254216,251273,178.99,178.92,400,100,-7100,8729
453,CAT,2020-12-08,0 days 15:59:56.254312,242339,178.98,178.9,100,200,11534,-7100
454,CCI,2020-12-08,0 days 15:55:07.248271,479749,161.38,161.32,364,199,-2843,432
455,CCI,2020-12-08,0 days 15:57:39.250507,486490,161.39,161.38,165,105,597,-5103
456,CCI,2020-12-08,0 days 15:57:40.249837,487087,161.44,161.38,200,214,-3003,597
457,CCI,2020-12-08,0 days 15:59:50.241615,501650,161.62,161.49,800,300,8109,-5091
458,CCJ,2020-12-08,0 days 15:59:47.240523,130462,12.14,12.13,24757,13314,-6827,1473
459,CCJ,2020-12-08,0 days 15:59:48.239828,129289,12.14,12.13,14357,8500,1173,-6827
460,CCL,2020-12-08,0 days 15:55:08.271585,379395,23.56,23.55,4518,9638,166,-21534
461,CCL,2020-12-08,0 days 15:55:35.275244,379395,23.6,23.59,560,19845,540,-535
462,CCL,2020-12-08,0 days 15:55:38.275422,379935,23.61,23.6,1318,14351,-5160,540
463,CCL,2020-12-08,0 days 15:58:11.280722,578215,23.61,23.6,14603,3163,24797,-17896
464,CCL,2020-12-08,0 days 15:59:02.284786,586360,23.63,23.62,14111,15885,-7539,6367
465,CCL,2020-12-08,0 days 15:59:12.283965,573909,23.59,23.58,11228,10781,20883,-3877
466,CCL,2020-12-08,0 days 15:59:13.284339,565393,23.59,23.58,27394,400,-7516,20883
467,CCL,2020-12-08,0 days 15:59:16.281270,578248,23.59,23.58,7535,9732,619,-7654
468,CCL,2020-12-08,0 days 15:59:32.279389,593043,23.6,23.59,10950,12402,-6994,14445
469,CFG,2020-12-08,0 days 15:57:01.278047,196190,35.61,35.6,700,3838,-10739,2161
470,CFG,2020-12-08,0 days 15:59:16.281270,225716,35.6,35.59,3875,389,5194,-10655
471,CFG,2020-12-08,0 days 15:59:32.279478,229303,35.6,35.59,5390,1175,-573,2687
472,CFG,2020-12-08,0 days 15:59:50.286190,194714,35.61,35.6,2160,3044,-40874,5426
473,CHL,2020-12-08,0 days 15:56:56.261956,33530,29.34,29.33,5216,1815,931,-1769
474,CHL,2020-12-08,0 days 15:57:25.261860,34461,29.34,29.33,3569,3919,-1669,1231
475,CHL,2020-12-08,0 days 15:57:26.261794,33530,29.34,29.33,3569,4029,931,-1669
476,CHWY,2020-12-08,0 days 15:55:17.250027,102702,78.95,78.91,1145,394,-7222,6678
477,CHWY,2020-12-08,0 days 15:59:50.242179,118032,78.99,78.9,200,100,5742,-8458
478,CIM,2020-12-08,0 days 15:56:56.248234,133072,10.87,10.86,11224,6832,-10501,699
479,CIM,2020-12-08,0 days 15:59:50.258042,144416,10.87,10.86,9564,10045,7326,-12074
480,CKH,2020-12-08,0 days 15:56:30.253460,20401,41.75,41.72,300,279,-423,729
481,CKH,2020-12-08,0 days 15:56:31.252561,19824,41.75,41.72,530,413,577,-423
482,CKH,2020-12-08,0 days 15:58:28.250275,21223,41.73,41.61,484,790,-272,451
483,CKH,2020-12-08,0 days 15:58:29.250598,20595,41.73,41.61,484,790,628,-272
484,CKH,2020-12-08,0 days 15:59:07.252907,20378,41.71,41.61,285,608,-3549,378
485,CKH,2020-12-08,0 days 15:59:08.252400,20227,41.71,41.61,285,608,151,-3549
486,CKH,2020-12-08,0 days 15:59:20.246708,20378,41.71,41.53,248,100,-308,54
487,CKH,2020-12-08,0 days 15:59:24.247862,20637,41.71,41.53,248,100,212,-259
488,CKH,2020-12-08,0 days 15:59:44.246869,20559,41.71,41.53,400,100,-2952,149
489,CKH,2020-12-08,0 days 15:59:49.239048,21967,41.71,41.53,534,100,92,-3009
490,CKH,2020-12-08,0 days 15:59:58.240398,20559,42.11,41.53,251,100,-1657,792
491,CL,2020-12-08,0 days 15:55:13.257362,297688,85.14,85.12,1001,930,-1797,470
492,CL,2020-12-08,0 days 15:55:44.259988,304372,85.13,85.12,1551,810,3362,-4638
493,CL,2020-12-08,0 days 15:55:45.260530,303934,85.13,85.12,1351,810,-473,3362
494,CL,2020-12-08,0 days 15:56:42.261204,308962,85.13,85.11,1467,1102,640,-120
495,CL,2020-12-08,0 days 15:56:43.261506,308402,85.13,85.11,1487,1122,-560,640
496,CL,2020-12-08,0 days 15:57:35.262059,314306,85.15,85.14,500,732,736,-344
497,CL,2020-12-08,0 days 15:57:36.261543,313442,85.15,85.14,500,740,-864,736
498,CL,2020-12-08,0 days 15:57:54.260531,316215,85.17,85.16,501,1200,327,-1073
499,CL,2020-12-08,0 days 15:57:55.260744,315142,85.17,85.16,501,1200,-1073,327
500,CL,2020-12-08,0 days 15:58:16.261360,317915,85.22,85.2,1434,100,5508,-1328
501,CL,2020-12-08,0 days 15:58:17.261113,317223,85.22,85.2,1134,210,-692,5508
502,CL,2020-12-08,0 days 15:58:36.262653,317915,85.22,85.21,146,1242,208,-192
503,CL,2020-12-08,0 days 15:58:37.263238,317723,85.22,85.21,146,1042,-192,208
504,CL,2020-12-08,0 days 15:58:56.264140,320168,85.25,85.23,233,1502,239,-161
505,CL,2020-12-08,0 days 15:58:59.263626,320450,85.25,85.23,433,1304,-85,239
506,CL,2020-12-08,0 days 15:59:24.254444,352420,85.22,85.19,300,500,-297,465
507,CL,2020-12-08,0 days 15:59:44.255201,355109,85.2,85.18,300,400,311,-489
508,CL,2020-12-08,0 days 15:59:45.258768,354720,85.21,85.2,200,100,-389,311
509,CLDR,2020-12-08,0 days 15:57:29.261826,130804,12.35,12.34,15666,5002,2182,-1918
510,CLDR,2020-12-08,0 days 15:59:07.263866,144345,12.34,12.33,12842,9661,-50319,243
511,CLF,2020-12-08,0 days 15:55:41.238916,319839,13.06,13.05,19403,14666,-2120,1495
512,CLF,2020-12-08,0 days 15:55:42.239473,319159,13.06,13.05,20103,14366,2678,-2120
513,CLF,2020-12-08,0 days 15:57:02.240376,328454,13.06,13.05,14714,18000,-98,3702
514,CLF,2020-12-08,0 days 15:57:48.241806,329354,13.04,13.03,9819,15027,-1543,2802
515,CLF,2020-12-08,0 days 15:57:57.241684,328597,13.04,13.03,13521,14654,757,-2043
516,CLF,2020-12-08,0 days 15:59:27.242505,331052,13.02,13.01,6652,25354,-3446,34954
517,CLF,2020-12-08,0 days 15:59:50.248237,290272,13.03,13.02,19639,12705,40780,-54920
518,CLNY,2020-12-08,0 days 15:59:00.251997,312050,4.91,4.9,26631,18559,-534,6114
519,CLNY,2020-12-08,0 days 15:59:04.249231,312584,4.91,4.9,42670,10798,802,-534
520,CLR,2020-12-08,0 days 15:55:00.241521,71088,18.51,18.5,400,500,-974,6334
521,CLR,2020-12-08,0 days 15:58:04.247540,81777,18.54,18.53,1558,1593,-942,558
522,CLR,2020-12-08,0 days 15:59:19.247517,88144,18.55,18.54,2457,505,821,-178
523,CLR,2020-12-08,0 days 15:59:20.247511,87365,18.55,18.54,2257,605,-179,821
524,CLR,2020-12-08,0 days 15:59:32.248393,90305,18.56,18.55,850,500,1719,-544
525,CNC,2020-12-08,0 days 15:59:11.284175,234689,65.02,64.99,100,640,3788,-4058
526,CNC,2020-12-08,0 days 15:59:22.281600,240289,64.97,64.96,100,340,-57,500
527,CNC,2020-12-08,0 days 15:59:25.282636,240346,64.98,64.96,200,200,183,-57
528,CNC,2020-12-08,0 days 15:59:26.281862,240529,64.98,64.93,924,1100,-204,183
529,CNC,2020-12-08,0 days 15:59:27.283147,240133,64.98,64.95,824,100,396,-204
530,CNC,2020-12-08,0 days 15:59:30.281192,240529,64.96,64.94,100,206,-7186,396
531,CNC,2020-12-08,0 days 15:59:47.279888,245857,64.96,64.92,100,100,1721,-4267
532,CNC,2020-12-08,0 days 15:59:57.266958,246378,65.03,64.94,200,200,-4879,21
533,CNK,2020-12-08,0 days 15:55:00.258986,157957,14.96,14.95,1310,2719,-1844,93369
534,CNK,2020-12-08,0 days 15:59:50.267934,154528,15.0,14.99,369,11579,33564,-10536
535,CNP,2020-12-08,0 days 15:55:00.231762,310576,22.51,22.5,7831,1682,2835,-17504
536,CNP,2020-12-08,0 days 15:59:09.241333,334473,22.52,22.51,2497,9384,-8866,5974
537,CNP,2020-12-08,0 days 15:59:11.241142,345639,22.52,22.51,1297,11967,3618,-8866
538,CNP,2020-12-08,0 days 15:59:32.239057,354485,22.52,22.51,7091,4694,-1460,5768
539,CNP,2020-12-08,0 days 15:59:50.243089,341457,22.51,22.5,11163,3283,-6276,8624
540,CNQ,2020-12-08,0 days 15:55:46.304427,108749,24.46,24.45,8909,5992,-2070,2057
541,CNQ,2020-12-08,0 days 15:55:47.303417,107919,24.46,24.45,10209,5492,830,-2070
542,CNQ,2020-12-08,0 days 15:57:12.308753,108849,24.46,24.45,10200,5929,-56,244
543,CNQ,2020-12-08,0 days 15:57:20.295109,109005,24.46,24.45,14030,5028,844,-156
544,CNQ,2020-12-08,0 days 15:58:47.298777,109825,24.48,24.47,310,15843,-3280,620
545,CNQ,2020-12-08,0 days 15:58:48.298689,109605,24.48,24.47,936,15633,220,-3280
546,CNQ,2020-12-08,0 days 15:59:50.294237,77734,24.53,24.52,13928,3132,32317,-3983
547,CNX,2020-12-08,0 days 15:56:07.239488,194782,9.19,9.18,3305,6015,-3693,7536
548,CNX,2020-12-08,0 days 15:56:08.239348,189375,9.19,9.18,3505,6496,5407,-3693
549,CNX,2020-12-08,0 days 15:56:15.239078,194782,9.19,9.18,2427,9988,-39,327
550,CNX,2020-12-08,0 days 15:56:51.240218,187721,9.19,9.18,16305,5809,7061,-39
551,CNX,2020-12-08,0 days 15:59:34.242783,205482,9.21,9.19,8100,14614,-2653,273
552,CNX,2020-12-08,0 days 15:59:35.243002,204435,9.21,9.19,4200,9314,1047,-2653
553,CNX,2020-12-08,0 days 15:59:38.242631,205482,9.2,9.19,9100,4019,-2653,4747
554,COF,2020-12-08,0 days 15:56:10.239423,171560,92.6,92.58,200,140,2105,-1875
555,COF,2020-12-08,0 days 15:56:11.239641,170065,92.6,92.58,300,305,-1211,2105
556,COF,2020-12-08,0 days 15:56:57.240657,173920,92.57,92.53,486,420,521,-2379
557,COF,2020-12-08,0 days 15:56:58.240426,172341,92.57,92.53,486,763,-1579,521
558,COF,2020-12-08,0 days 15:57:40.241485,177620,92.48,92.46,200,319,421,-1879
559,COF,2020-12-08,0 days 15:57:41.241308,175941,92.5,92.49,100,602,-379,421
560,COF,2020-12-08,0 days 15:58:16.242977,181520,92.52,92.5,233,350,5968,-3298
561,COF,2020-12-08,0 days 15:58:17.242929,179888,92.53,92.51,302,100,-1632,5968
562,COF,2020-12-08,0 days 15:59:00.248696,183523,92.61,92.58,400,1905,-1745,4883
563,COF,2020-12-08,0 days 15:59:11.245875,190745,92.59,92.56,293,100,6963,-6067
564,COF,2020-12-08,0 days 15:59:36.244027,198995,92.56,92.55,800,100,-6218,7482
565,COF,2020-12-08,0 days 15:59:37.243228,198613,92.56,92.54,500,100,382,-6218
566,COF,2020-12-08,0 days 16:00:00.237634,200190,92.7,92.51,100,800,-559,2241
567,COG,2020-12-08,0 days 15:59:50.253508,492497,16.43,16.42,2412,4676,-12579,9321
568,COP,2020-12-08,0 days 15:55:00.258831,998148,42.61,42.6,4603,400,10450,-29760
569,COP,2020-12-08,0 days 15:58:21.264109,1048200,42.62,42.61,4192,1015,15909,-7991
570,COP,2020-12-08,0 days 15:58:44.264633,1073000,42.65,42.64,185,2343,7609,-13091
571,COP,2020-12-08,0 days 15:58:49.265015,1078627,42.68,42.67,200,1856,-2305,8477
572,COP,2020-12-08,0 days 15:59:42.263081,1157589,42.71,42.7,4069,2794,5985,-23131
573,COP,2020-12-08,0 days 15:59:47.264401,1171775,42.73,42.72,3191,1358,-9098,10832
574,COP,2020-12-08,0 days 15:59:48.262855,1189273,42.73,42.72,5591,404,802,-9098
575,COP,2020-12-08,0 days 15:59:50.267831,1125924,42.73,42.72,2191,2438,-54949,9551
576,COTY,2020-12-08,0 days 15:55:35.245173,292914,7.17,7.16,32573,11221,-141,9094
577,COTY,2020-12-08,0 days 15:57:01.248015,298560,7.17,7.16,6859,34860,-8295,7205
578,COTY,2020-12-08,0 days 15:57:02.247887,292555,7.17,7.16,7359,32623,4305,-8295
579,COTY,2020-12-08,0 days 15:58:04.250178,296860,7.18,7.17,7873,27733,-4360,6540
580,COTY,2020-12-08,0 days 15:58:05.250135,293220,7.18,7.17,7873,27133,3640,-4360
581,COTY,2020-12-08,0 days 15:58:08.250112,296860,7.18,7.17,7773,25333,-960,3640
582,COTY,2020-12-08,0 days 15:58:09.249572,293220,7.18,7.17,7773,25933,3640,-960
583,COTY,2020-12-08,0 days 15:58:59.250261,313191,7.18,7.17,19936,25884,-3826,3971
584,COTY,2020-12-08,0 days 15:59:00.254617,310330,7.18,7.17,19936,25884,2861,-3826
585,COTY,2020-12-08,0 days 15:59:02.251621,243697,7.18,7.17,20389,25284,-35680,2514
586,CPB,2020-12-08,0 days 15:55:00.270999,173021,48.3,48.29,4168,405,9054,-41609
587,CPB,2020-12-08,0 days 15:55:42.276069,184004,48.3,48.29,3119,2177,-8640,8819
588,CPB,2020-12-08,0 days 15:59:48.279672,212549,48.31,48.3,758,1283,10720,-2480
589,CPB,2020-12-08,0 days 15:59:50.284790,201669,48.31,48.3,900,1256,-10880,10820
590,CPE,2020-12-08,0 days 15:55:00.255569,50116,14.64,14.63,600,500,-1947,18728
591,CPG,2020-12-08,0 days 15:55:00.256544,1000,2.3,2.29,283061,59700,320,-532
592,CRK,2020-12-08,0 days 15:55:36.251303,42598,4.66,4.65,13264,2178,317,-1783
593,CRK,2020-12-08,0 days 15:55:37.251035,41015,4.66,4.65,13011,2178,-1583,317
594,CRK,2020-12-08,0 days 15:59:00.254911,44313,4.64,4.63,12103,3911,4565,-83
595,CRK,2020-12-08,0 days 15:59:01.252015,43178,4.64,4.63,11103,3611,-1135,4565
596,CRM,2020-12-08,0 days 15:55:00.232210,360618,227.81,227.76,100,510,-29298,41042
597,CRM,2020-12-08,0 days 15:59:09.241808,413851,227.97,227.92,875,300,24504,-20329
598,CRM,2020-12-08,0 days 15:59:10.241934,412355,227.99,227.93,100,986,-1496,24504
599,CRM,2020-12-08,0 days 15:59:22.238585,419247,227.96,227.79,200,100,3757,-3458
600,CRM,2020-12-08,0 days 15:59:23.238778,417115,227.9,227.79,200,200,-2132,3757
601,CRM,2020-12-08,0 days 15:59:32.239581,426416,227.97,227.85,800,100,8651,-2010
602,CRM,2020-12-08,0 days 15:59:33.239220,425167,227.94,227.91,100,147,-1249,8651
603,CRM,2020-12-08,0 days 15:59:59.238441,428743,227.96,227.83,200,100,2302,-4247
604,CTVA,2020-12-08,0 days 15:59:46.243892,294537,38.44,38.43,523,220,-12315,370
605,CVE,2020-12-08,0 days 15:59:37.252344,51060,5.84,5.83,291817,99103,-24477,1523
606,CVE,2020-12-08,0 days 15:59:39.252171,49537,5.84,5.83,311517,23987,1523,-4577
607,CVNA,2020-12-08,0 days 15:55:14.243631,29242,261.62,261.36,200,100,-3290,195
608,CVNA,2020-12-08,0 days 15:55:26.244368,25947,261.61,261.31,200,100,3295,-190
609,CVNA,2020-12-08,0 days 15:55:35.244896,29242,261.62,261.32,100,100,-3290,195
610,CVNA,2020-12-08,0 days 15:55:40.245398,26147,261.61,261.17,300,100,3305,-180
611,CVNA,2020-12-08,0 days 15:56:31.246040,29505,261.8,261.09,200,100,-3353,132
612,CVNA,2020-12-08,0 days 15:56:46.246597,26223,261.56,261.28,100,100,3287,-198
613,CVNA,2020-12-08,0 days 15:57:34.245858,30310,261.55,261.31,200,100,-213,787
614,CVNA,2020-12-08,0 days 15:57:40.245503,30023,261.55,261.31,100,100,287,-13
615,CVNA,2020-12-08,0 days 15:59:11.249433,31438,261.29,261.16,497,100,-639,216
616,CVX,2020-12-08,0 days 15:55:00.244775,748236,91.37,91.35,2300,314,1908,-18592
617,CVX,2020-12-08,0 days 15:57:13.248922,766545,91.59,91.58,100,605,-17842,3958
618,CVX,2020-12-08,0 days 15:57:22.247492,783346,91.57,91.56,133,200,2148,-16152
619,CVX,2020-12-08,0 days 15:57:40.248220,781245,91.55,91.53,283,605,-1484,3416
620,CVX,2020-12-08,0 days 15:57:42.247965,782729,91.53,91.51,312,102,3716,-988
621,CVX,2020-12-08,0 days 15:57:52.248444,779845,91.56,91.55,304,200,-3246,12086
622,CVX,2020-12-08,0 days 15:57:55.248422,783091,91.55,91.52,885,600,5754,-1846
623,CVX,2020-12-08,0 days 15:57:57.249084,775245,91.56,91.54,500,605,-7846,5754
624,CVX,2020-12-08,0 days 15:58:31.250621,783058,91.51,91.5,300,200,6404,-2796
625,CVX,2020-12-08,0 days 15:58:55.250868,781449,91.54,91.52,100,700,-2020,6976
626,CVX,2020-12-08,0 days 15:59:02.251895,778657,91.57,91.54,200,100,3872,-2605
627,CVX,2020-12-08,0 days 15:59:30.254026,819599,91.53,91.5,337,850,-1088,27449
628,CVX,2020-12-08,0 days 15:59:31.253231,819693,91.52,91.48,836,200,9106,-1088
629,CVX,2020-12-08,0 days 15:59:38.253154,819693,91.52,91.49,1027,1068,11506,-94
630,CVX,2020-12-08,0 days 15:59:41.252958,820199,91.57,91.53,597,1250,-49308,8424
631,CVX,2020-12-08,0 days 15:59:46.253807,819825,91.55,91.52,500,953,12950,-11940
632,CVX,2020-12-08,0 days 15:59:53.252399,832736,91.57,91.53,100,100,-35525,12911
633,CVX,2020-12-08,0 days 15:59:57.255940,819825,91.55,91.49,300,1331,12911,-41625
634,CX,2020-12-08,0 days 15:55:00.300074,242994,5.56,5.55,21873,61153,-17748,3871
635,CX,2020-12-08,0 days 15:57:12.307983,260742,5.56,5.55,32176,53231,14125,-14502
636,CX,2020-12-08,0 days 15:57:13.306772,248867,5.56,5.55,32276,56031,-11875,14125
637,CX,2020-12-08,0 days 15:57:41.295056,260742,5.56,5.55,35557,39197,11425,-11875
638,CX,2020-12-08,0 days 15:57:42.295455,251067,5.56,5.55,38057,44297,-9675,11425
639,CX,2020-12-08,0 days 15:59:46.291145,280839,5.56,5.55,76289,56249,5426,-5374
640,CX,2020-12-08,0 days 15:59:48.290448,275465,5.56,5.55,88889,33771,-5374,5426
641,CXO,2020-12-08,0 days 15:55:00.241817,158160,62.03,62.01,500,1136,-2005,21083
642,CXO,2020-12-08,0 days 15:57:19.245118,160121,62.11,62.1,183,100,1666,-1734
643,CXO,2020-12-08,0 days 15:57:39.245840,161949,62.08,62.07,100,100,-666,678
644,CXO,2020-12-08,0 days 15:58:56.248489,164934,62.18,62.15,400,400,325,-2875
645,CXO,2020-12-08,0 days 15:59:01.249804,165259,62.17,62.15,200,100,-5875,325
646,CYH,2020-12-08,0 days 15:59:07.251483,90663,8.43,8.42,557,3232,-4552,3915
647,CYH,2020-12-08,0 days 15:59:08.251496,89615,8.43,8.42,557,3315,1048,-4552
648,CYH,2020-12-08,0 days 15:59:38.253071,91563,8.43,8.42,1600,2800,-5824,876
649,CYH,2020-12-08,0 days 15:59:39.252135,90287,8.43,8.42,700,3200,376,-5824
650,CYH,2020-12-08,0 days 15:59:45.257530,91563,8.43,8.42,1191,3766,-4644,376
651,CYH,2020-12-08,0 days 15:59:46.253577,90607,8.43,8.42,2000,2105,1598,-4644
652,CZZ,2020-12-08,0 days 15:56:55.247714,44184,18.56,18.55,1118,708,163,-537
653,CZZ,2020-12-08,0 days 15:56:56.248272,43647,18.56,18.55,981,708,-537,163
654,CZZ,2020-12-08,0 days 15:58:59.250293,46457,18.57,18.56,100,1492,-506,373
655,CZZ,2020-12-08,0 days 15:59:45.257359,49850,18.56,18.55,874,500,771,-395
656,CZZ,2020-12-08,0 days 15:59:46.253378,49721,18.56,18.55,774,500,-129,771
657,D,2020-12-08,0 days 15:56:10.239489,389536,74.86,74.84,100,715,-50664,23556
658,D,2020-12-08,0 days 15:57:23.240587,437634,74.77,74.76,1167,200,1686,-4314
659,D,2020-12-08,0 days 15:57:24.240627,434820,74.77,74.76,1044,214,-2814,1686
660,D,2020-12-08,0 days 15:57:34.241057,437634,74.75,74.73,1200,1287,2386,-2414
661,D,2020-12-08,0 days 15:57:35.241500,437420,74.75,74.73,1700,987,-214,2386
662,D,2020-12-08,0 days 15:57:36.241019,437634,74.75,74.73,1800,1087,4886,-214
663,D,2020-12-08,0 days 15:57:37.241096,436020,74.75,74.73,1803,1181,-1614,4886
664,D,2020-12-08,0 days 15:57:53.241706,437648,74.75,74.74,1205,365,3172,-828
665,D,2020-12-08,0 days 15:57:55.241553,437020,74.75,74.74,1105,209,-628,1072
666,D,2020-12-08,0 days 15:57:56.241669,437648,74.75,74.74,1205,262,2574,-628
667,D,2020-12-08,0 days 15:59:16.241882,474070,74.75,74.74,1200,737,-2733,5348
668,D,2020-12-08,0 days 15:59:37.243266,481618,74.78,74.76,200,425,-380,1020
669,D,2020-12-08,0 days 15:59:45.247710,483178,74.76,74.74,100,1463,8657,-1026
670,D,2020-12-08,0 days 15:59:49.243560,488735,74.76,74.74,100,1484,-1531,533
671,DAL,2020-12-08,0 days 15:58:00.281926,183308,42.4,42.39,3237,2013,-2139,1861
672,DAL,2020-12-08,0 days 15:58:01.282682,181747,42.4,42.39,3130,992,1561,-2139
673,DAL,2020-12-08,0 days 15:58:03.280762,174984,42.4,42.39,4671,605,-1963,1561
674,DAL,2020-12-08,0 days 15:58:05.280622,172747,42.4,42.39,4267,597,2237,-36
675,DAL,2020-12-08,0 days 15:58:19.281568,176607,42.41,42.4,2848,1100,677,-1423
676,DAL,2020-12-08,0 days 15:58:47.281629,177286,42.39,42.38,370,3106,-1899,979
677,DAL,2020-12-08,0 days 15:58:48.281852,176812,42.4,42.39,3808,1326,474,-1899
678,DAL,2020-12-08,0 days 15:58:54.282262,177286,42.39,42.38,1000,3638,-299,474
679,DAL,2020-12-08,0 days 15:59:40.280497,205713,42.4,42.39,1965,3200,-10318,1382
680,DAL,2020-12-08,0 days 15:59:42.279807,205531,42.41,42.4,800,5860,180,-1620
681,DAL,2020-12-08,0 days 15:59:45.283393,205711,42.42,42.41,1600,4707,-5856,80
682,DAL,2020-12-08,0 days 15:59:48.280000,205067,42.42,42.41,1014,4327,738,-162
683,DD,2020-12-08,0 days 15:55:00.256744,1228567,66.81,66.8,100,718,1267,-141820
684,DD,2020-12-08,0 days 15:55:50.260744,1232052,66.87,66.86,3837,1337,-10195,1147
685,DD,2020-12-08,0 days 15:55:51.260757,1231347,66.87,66.86,3837,1337,705,-10195
686,DD,2020-12-08,0 days 15:56:13.261380,1234496,66.85,66.84,2479,400,-47198,3060
687,DD,2020-12-08,0 days 15:58:12.260703,1282938,66.79,66.77,104,1563,18823,-1298
688,DD,2020-12-08,0 days 15:58:54.263536,1282077,66.85,66.84,106,1318,10166,-2000
689,DD,2020-12-08,0 days 15:59:01.265654,1270887,66.87,66.85,300,450,-16825,4842
690,DD,2020-12-08,0 days 15:59:16.254208,1313499,66.85,66.8,573,100,17072,-42710
691,DD,2020-12-08,0 days 15:59:22.254934,1314176,66.85,66.83,100,100,45,-916
692,DD,2020-12-08,0 days 15:59:41.256663,1315999,66.87,66.83,700,500,-27439,19619
693,DDD,2020-12-08,0 days 15:58:04.260288,75100,10.37,10.36,4062,1410,2037,-63
694,DDD,2020-12-08,0 days 15:59:03.262602,77137,10.37,10.36,3619,3117,-747,500
695,DELL,2020-12-08,0 days 15:59:13.300341,181304,71.89,71.86,100,100,-14178,9020
696,DELL,2020-12-08,0 days 15:59:50.294642,181368,71.92,71.86,493,400,885,-6715
697,DELL,2020-12-08,0 days 15:59:51.291808,182253,71.92,71.86,493,300,-535,885
698,DFS,2020-12-08,0 days 15:59:01.251884,203306,82.05,81.98,426,289,1707,-13993
699,DFS,2020-12-08,0 days 15:59:19.250771,225691,82.02,81.99,497,369,-3021,2879
700,DFS,2020-12-08,0 days 15:59:20.251442,228712,82.04,81.97,794,220,2722,-3021
701,DFS,2020-12-08,0 days 15:59:32.252118,230865,82.0,81.96,341,400,-2756,2153
702,DFS,2020-12-08,0 days 15:59:45.257446,233621,82.04,81.99,893,258,186,-2856
703,DFS,2020-12-08,0 days 15:59:50.258278,212507,82.08,82.0,200,404,-21114,3086
704,DHI,2020-12-08,0 days 15:55:00.241309,258578,70.89,70.86,248,210,1229,-39071
705,DHI,2020-12-08,0 days 15:55:07.242737,259807,70.91,70.9,200,430,-1241,1029
706,DHI,2020-12-08,0 days 15:55:08.242840,258248,70.92,70.9,410,800,1559,-1241
707,DHI,2020-12-08,0 days 15:55:50.245133,266667,70.9,70.89,100,100,-106270,2130
708,DHI,2020-12-08,0 days 15:56:39.245560,243538,70.86,70.83,100,1000,118443,-10071
709,DHI,2020-12-08,0 days 15:56:42.245967,269681,70.87,70.85,610,700,-125257,2343
710,DHI,2020-12-08,0 days 15:58:34.247292,366194,70.87,70.86,315,100,-8944,9156
711,DHI,2020-12-08,0 days 15:59:01.249497,285078,70.85,70.84,460,100,-1160,3155
712,DHI,2020-12-08,0 days 15:59:05.249533,282556,70.86,70.85,519,100,-550,28254
713,DHI,2020-12-08,0 days 15:59:26.247761,289241,70.85,70.82,1000,304,339,-10461
714,DHI,2020-12-08,0 days 15:59:40.250102,298181,70.85,70.83,1144,200,741,-11859
715,DHT,2020-12-08,0 days 15:58:13.280871,71211,5.35,5.34,15307,3590,-1796,1699
716,DHT,2020-12-08,0 days 15:58:14.280768,67307,5.35,5.34,15207,3622,3904,-1796
717,DHT,2020-12-08,0 days 15:58:59.282846,71211,5.35,5.34,12700,4698,-610,604
718,DHT,2020-12-08,0 days 15:59:00.287211,67721,5.35,5.34,12948,4212,3490,-610
719,DHT,2020-12-08,0 days 15:59:13.284170,75698,5.35,5.34,11148,6817,-1769,2951
720,DHT,2020-12-08,0 days 15:59:14.284744,73067,5.35,5.34,11148,6817,2631,-1769
721,DHT,2020-12-08,0 days 15:59:33.278178,75698,5.35,5.34,14809,4601,-460,2018
722,DHT,2020-12-08,0 days 15:59:46.280326,74292,5.35,5.34,15609,9477,1406,-5194
723,DIS,2020-12-08,0 days 15:55:00.272125,831492,153.8,153.78,200,220,3233,-201215
724,DIS,2020-12-08,0 days 15:55:12.274019,834725,153.83,153.81,301,200,-3539,233
725,DIS,2020-12-08,0 days 15:55:13.272623,831364,153.82,153.8,465,405,3961,-3539
726,DIS,2020-12-08,0 days 15:57:52.278942,928992,153.96,153.94,111,300,-2287,9913
727,DIS,2020-12-08,0 days 15:57:53.278703,914207,153.96,153.94,100,204,14785,-2287
728,DIS,2020-12-08,0 days 15:59:01.285233,934156,153.98,153.95,501,301,-4481,6840
729,DIS,2020-12-08,0 days 15:59:02.284817,931837,153.98,153.94,412,746,2277,-4481
730,DIS,2020-12-08,0 days 15:59:09.284320,934765,153.89,153.87,100,100,-28505,4
731,DKS,2020-12-08,0 days 15:55:04.256478,159988,56.14,56.11,100,372,-496,104
732,DKS,2020-12-08,0 days 15:55:13.257436,159784,56.08,56.05,500,100,204,-496
733,DKS,2020-12-08,0 days 15:55:36.259706,160172,56.08,56.03,494,200,-212,188
734,DKS,2020-12-08,0 days 15:56:13.261367,160754,56.04,56.02,453,213,218,-382
735,DKS,2020-12-08,0 days 15:56:14.260880,160672,56.04,56.02,453,311,-82,218
736,DKS,2020-12-08,0 days 15:56:17.260641,163641,56.05,56.04,300,203,431,-369
737,DKS,2020-12-08,0 days 15:56:18.260787,163372,56.1,56.06,400,600,-269,431
738,DKS,2020-12-08,0 days 15:56:57.262143,163641,56.07,56.05,500,109,708,-221
739,DKS,2020-12-08,0 days 15:56:58.260441,163449,56.07,56.05,300,410,-192,708
740,DKS,2020-12-08,0 days 15:57:43.261377,164041,56.09,56.07,800,129,108,-492
741,DKS,2020-12-08,0 days 15:57:44.261009,164349,56.09,56.07,800,229,-92,108
742,DKS,2020-12-08,0 days 15:58:07.260976,163449,56.11,56.1,840,200,-1514,486
743,DKS,2020-12-08,0 days 15:58:08.260651,163163,56.11,56.1,762,100,286,-1514
744,DKS,2020-12-08,0 days 15:59:45.258988,186823,56.11,56.09,100,500,6316,-991
745,DMYD,2020-12-08,0 days 15:55:42.235671,16599,11.54,11.51,217,706,-176,623
746,DMYD,2020-12-08,0 days 15:55:43.235186,15175,11.54,11.51,367,706,1424,-176
747,DMYD,2020-12-08,0 days 15:59:12.242064,16572,11.5,11.45,631,100,-4,196
748,DMYD,2020-12-08,0 days 15:59:13.242410,16576,11.5,11.45,631,100,172,-4
749,DOW,2020-12-08,0 days 15:55:32.237504,344335,54.59,54.58,957,1420,249,-751
750,DOW,2020-12-08,0 days 15:55:33.237863,343584,54.59,54.58,885,1648,-751,249
751,DOW,2020-12-08,0 days 15:56:11.239601,346215,54.6,54.58,614,1309,1076,-676
752,DOW,2020-12-08,0 days 15:56:12.239123,345520,54.6,54.58,800,709,-295,1076
753,DOW,2020-12-08,0 days 15:57:10.241156,361515,54.61,54.59,1668,1459,15,-1885
754,DOW,2020-12-08,0 days 15:57:17.240650,361531,54.6,54.59,829,1089,-9284,16
755,DOW,2020-12-08,0 days 15:57:37.240498,368406,54.59,54.58,400,618,-309,4616
756,DOW,2020-12-08,0 days 15:57:53.241669,372389,54.59,54.58,428,1318,2542,-658
757,DOW,2020-12-08,0 days 15:57:54.241172,371706,54.61,54.6,502,400,-283,2542
758,DOW,2020-12-08,0 days 15:58:03.242218,370188,54.6,54.59,200,1020,1843,-408
759,DOW,2020-12-08,0 days 15:58:04.242750,369031,54.6,54.59,300,809,-1157,1843
760,DOW,2020-12-08,0 days 15:58:05.242228,370288,54.6,54.59,909,709,3043,-1157
761,DOW,2020-12-08,0 days 15:58:06.242624,370131,54.6,54.59,909,820,-157,3043
762,DOW,2020-12-08,0 days 15:58:09.242585,370131,54.61,54.6,706,298,-157,2943
763,DOW,2020-12-08,0 days 15:58:35.243731,370388,54.61,54.59,900,829,143,-257
764,DOW,2020-12-08,0 days 15:58:36.243763,370131,54.61,54.6,900,375,-257,143
765,DOW,2020-12-08,0 days 15:58:44.243238,370388,54.6,54.59,246,475,143,-257
766,DOW,2020-12-08,0 days 15:58:45.241094,370131,54.6,54.59,346,875,-257,143
767,DOW,2020-12-08,0 days 15:58:54.244423,370388,54.62,54.61,603,345,543,-57
768,DOW,2020-12-08,0 days 15:58:56.244362,376231,54.62,54.61,403,500,-657,543
769,DOW,2020-12-08,0 days 15:59:09.245548,385820,54.65,54.63,1809,1224,31229,-179
770,DOW,2020-12-08,0 days 15:59:20.241502,412003,54.64,54.62,536,1465,-510,1638
771,DOW,2020-12-08,0 days 15:59:33.242527,432321,54.54,54.53,300,400,3182,-14267
772,DOW,2020-12-08,0 days 15:59:34.242722,429503,54.58,54.55,500,100,-2818,3182
773,DOW,2020-12-08,0 days 15:59:38.242549,432321,54.56,54.54,100,600,3482,-2818
774,DOW,2020-12-08,0 days 15:59:39.242299,431103,54.58,54.56,107,400,-6747,3482
775,DOW,2020-12-08,0 days 15:59:41.243210,432776,54.56,54.53,300,400,4827,-1902
776,DOW,2020-12-08,0 days 15:59:42.243089,431603,54.56,54.53,300,400,-1173,4827
777,DQ,2020-12-08,0 days 15:55:00.243845,32588,41.65,41.54,200,100,-2014,9850
778,DQ,2020-12-08,0 days 15:55:01.244506,31502,41.65,41.54,300,200,1086,-2014
779,DQ,2020-12-08,0 days 15:55:46.247053,32688,41.62,41.52,100,200,-356,402
780,DQ,2020-12-08,0 days 15:55:47.245825,31744,41.62,41.52,237,200,944,-356
781,DQ,2020-12-08,0 days 15:56:56.248309,33704,41.69,41.6,400,207,-353,874
782,DQ,2020-12-08,0 days 15:56:57.248457,32857,41.69,41.6,400,307,847,-353
783,DQ,2020-12-08,0 days 15:57:10.248580,32688,41.71,41.65,200,200,-269,847
784,DQ,2020-12-08,0 days 15:57:11.248413,31857,41.71,41.65,300,200,831,-269
785,DQ,2020-12-08,0 days 15:57:41.248079,33904,41.69,41.65,100,200,-1777,1023
786,DQ,2020-12-08,0 days 15:57:42.247918,33281,41.69,41.65,462,100,623,-1777
787,DQ,2020-12-08,0 days 15:59:00.254754,36347,41.7,41.63,100,100,-172,266
788,DQ,2020-12-08,0 days 15:59:02.251763,35019,41.71,41.63,300,100,270,-172
789,DQ,2020-12-08,0 days 15:59:06.251128,34789,41.73,41.64,447,100,-330,270
790,DQ,2020-12-08,0 days 15:59:13.252051,39519,41.73,41.63,500,100,1899,-30
791,DQ,2020-12-08,0 days 15:59:46.253516,40918,41.73,41.65,200,100,-1466,304
792,DQ,2020-12-08,0 days 15:59:47.252799,40484,41.7,41.67,470,100,434,-1466
793,DRH,2020-12-08,0 days 15:56:08.260452,428982,8.48,8.47,9911,7585,-1365,39135
794,DRH,2020-12-08,0 days 15:59:33.254766,631400,8.47,8.46,10090,17182,178,-3607
795,DRH,2020-12-08,0 days 15:59:40.255951,631578,8.47,8.46,16683,12282,-1672,178
796,DRH,2020-12-08,0 days 15:59:42.256900,633250,8.47,8.46,22783,2400,6235,-1672
797,DUK,2020-12-08,0 days 15:56:11.263439,208596,91.66,91.65,757,1330,-35077,10708
798,DUK,2020-12-08,0 days 15:58:00.263698,234070,91.59,91.57,1207,1902,2061,-4339
799,DUK,2020-12-08,0 days 15:58:01.264098,232131,91.59,91.57,907,3802,-1839,2061
800,DUK,2020-12-08,0 days 15:59:11.265590,241642,91.68,91.66,352,200,-694,806
801,DUK,2020-12-08,0 days 15:59:56.264381,268245,91.59,91.53,300,100,1821,-1991
802,DVN,2020-12-08,0 days 15:59:09.245805,429812,15.92,15.91,6892,25846,14337,-7324
803,DVN,2020-12-08,0 days 15:59:32.242871,454840,15.94,15.93,6959,18428,-6081,10229
804,DVN,2020-12-08,0 days 15:59:33.242780,448121,15.94,15.93,9459,21528,6719,-6081
805,DXC,2020-12-08,0 days 15:55:00.256940,92344,24.22,24.21,100,216,35722,-6
806,DXC,2020-12-08,0 days 15:59:13.263759,146662,24.25,24.24,4656,898,-6364,198
807,EAF,2020-12-08,0 days 15:55:37.238522,85627,10.22,10.21,598,4824,8332,-1468
808,EAF,2020-12-08,0 days 15:56:07.239554,96041,10.22,10.21,3786,4844,-201,3445
809,EAF,2020-12-08,0 days 15:56:54.240225,96473,10.22,10.21,1343,5675,2208,-215
810,EAF,2020-12-08,0 days 15:57:35.241633,104468,10.25,10.24,980,5752,-507,693
811,EAF,2020-12-08,0 days 15:59:03.245219,119458,10.27,10.26,1400,2481,-1740,560
812,EAF,2020-12-08,0 days 15:59:13.246004,122398,10.27,10.26,945,3881,2040,-2338
813,EAF,2020-12-08,0 days 15:59:14.246183,121136,10.27,10.26,841,3081,-762,2040
814,EAF,2020-12-08,0 days 15:59:16.242052,122398,10.27,10.26,2246,1041,2823,-762
815,EAF,2020-12-08,0 days 15:59:17.241182,121321,10.27,10.26,498,1041,-577,2823
816,EAF,2020-12-08,0 days 15:59:19.241539,121898,10.27,10.26,1954,1051,1178,-577
817,ED,2020-12-08,0 days 15:59:35.249202,292371,74.55,74.52,200,350,7993,-3007
818,ED,2020-12-08,0 days 15:59:39.248301,288364,74.57,74.53,200,100,-12827,6993
819,ED,2020-12-08,0 days 15:59:56.249511,301191,74.61,74.57,100,100,3,-1997
820,EGO,2020-12-08,0 days 15:59:46.240218,37153,13.12,13.11,1100,12740,-2608,645
821,EGO,2020-12-08,0 days 15:59:47.239858,36161,13.12,13.11,300,13540,992,-2608
822,ELAN,2020-12-08,0 days 15:55:01.300273,263651,29.78,29.77,780,2312,-3849,20125
823,ELAN,2020-12-08,0 days 15:55:12.303367,263454,29.78,29.77,1477,887,197,-3849
824,ELAN,2020-12-08,0 days 15:55:23.302681,273751,29.78,29.77,619,2674,-2413,187
825,ELAN,2020-12-08,0 days 15:55:49.303538,280271,29.78,29.77,218,2278,3480,-2420
826,ELAN,2020-12-08,0 days 15:56:03.303904,283751,29.79,29.78,1500,2099,-3990,3480
827,ELAN,2020-12-08,0 days 15:56:10.304474,287971,29.79,29.78,1260,2099,3980,-4220
828,ELAN,2020-12-08,0 days 15:56:15.304480,298705,29.79,29.78,1320,2199,-2766,4457
829,ELAN,2020-12-08,0 days 15:56:21.304757,301771,29.82,29.81,100,1925,2634,-2766
830,ELAN,2020-12-08,0 days 15:59:10.299777,334209,29.8,29.78,100,300,-2943,23180
831,ELAN,2020-12-08,0 days 15:59:15.290441,338252,29.79,29.77,340,400,1749,-863
832,ELAN,2020-12-08,0 days 15:59:30.291311,344328,29.78,29.77,800,270,-10089,6428
833,ELAN,2020-12-08,0 days 15:59:50.293738,339699,29.8,29.77,800,1014,4729,-5371
834,EMR,2020-12-08,0 days 15:59:38.256444,417821,81.44,81.42,300,100,2638,-17855
835,EMR,2020-12-08,0 days 15:59:42.256803,418644,81.46,81.44,100,200,-2163,823
836,EMR,2020-12-08,0 days 15:59:43.255409,417821,81.46,81.44,100,100,1904,-2163
837,EMR,2020-12-08,0 days 15:59:50.260482,379590,81.48,81.44,200,100,-38853,4807
838,ENB,2020-12-08,0 days 15:55:00.258599,74238,33.39,33.38,2952,10600,-2175,43506
839,ENB,2020-12-08,0 days 15:56:12.264311,72944,33.42,33.41,10152,3001,1618,-2532
840,ENB,2020-12-08,0 days 15:56:19.264319,74866,33.41,33.4,17345,881,-2804,1618
841,ENB,2020-12-08,0 days 15:57:08.263592,72859,33.42,33.41,14993,2922,1703,-2419
842,ENB,2020-12-08,0 days 15:57:22.259986,74562,33.42,33.41,8128,6412,-2585,503
843,ENB,2020-12-08,0 days 15:59:05.266647,71347,33.42,33.41,800,11631,1299,-251
844,ENB,2020-12-08,0 days 15:59:13.266225,76830,33.43,33.42,3703,8294,-3995,5483
845,ENB,2020-12-08,0 days 15:59:50.267712,76550,33.41,33.4,9293,12800,6325,-5075
846,ENLC,2020-12-08,0 days 15:55:00.271197,82101,4.24,4.23,9618,12389,-1283,5152
847,ENLC,2020-12-08,0 days 15:57:57.279235,85748,4.25,4.24,7580,23260,694,-1206
848,ENLC,2020-12-08,0 days 15:57:58.278915,74742,4.25,4.24,7500,22200,-11006,694
849,ENLC,2020-12-08,0 days 15:59:01.284887,85750,4.25,4.24,6800,19398,7238,-9174
850,ENLC,2020-12-08,0 days 15:59:02.284581,85088,4.25,4.24,6800,19398,-662,7238
851,ENLC,2020-12-08,0 days 15:59:36.281722,85750,4.25,4.24,8517,11755,1253,-1847
852,ENLC,2020-12-08,0 days 15:59:37.278772,85503,4.25,4.24,8417,14155,-247,1253
853,EOG,2020-12-08,0 days 15:55:00.258278,226683,52.06,52.05,1451,445,-3045,28554
854,EOG,2020-12-08,0 days 15:55:33.260798,233294,52.07,52.06,125,1351,14152,-3194
855,EOG,2020-12-08,0 days 15:55:34.261637,231746,52.07,52.06,144,1271,-1548,14152
856,EOG,2020-12-08,0 days 15:55:45.263130,233305,52.09,52.08,100,2000,422,-1016
857,EOG,2020-12-08,0 days 15:55:46.262614,232327,52.11,52.1,300,1440,-978,422
858,EOG,2020-12-08,0 days 15:56:04.263097,233505,52.16,52.15,100,805,250,-1346
859,EOG,2020-12-08,0 days 15:56:05.263222,232955,52.16,52.15,601,890,-350,250
860,EOG,2020-12-08,0 days 15:57:20.260274,243378,52.12,52.11,1446,1206,8,-466
861,EOG,2020-12-08,0 days 15:57:21.259342,242586,52.12,52.11,1537,1006,-792,8
862,EOG,2020-12-08,0 days 15:57:35.260949,243378,52.09,52.08,1972,300,567,-1033
863,EOG,2020-12-08,0 days 15:57:36.260408,242445,52.08,52.07,300,1147,-933,567
864,EOG,2020-12-08,0 days 15:57:39.260777,243378,52.08,52.07,927,1100,308,-592
865,EOG,2020-12-08,0 days 15:57:40.260721,242786,52.08,52.07,827,1400,-592,308
866,EOG,2020-12-08,0 days 15:57:49.260948,247578,52.07,52.06,238,1006,710,-790
867,EOG,2020-12-08,0 days 15:57:50.260782,246788,52.07,52.06,238,1206,-790,710
868,EOG,2020-12-08,0 days 15:58:05.262311,244941,52.04,52.03,1403,800,-737,1563
869,EOG,2020-12-08,0 days 15:58:08.262737,245678,52.02,52.01,279,622,1463,-737
870,EOG,2020-12-08,0 days 15:58:09.262349,244941,52.02,52.01,379,522,-737,1463
871,EOG,2020-12-08,0 days 15:59:09.265673,260469,52.11,52.09,225,316,9535,-1181
872,EOG,2020-12-08,0 days 15:59:10.265849,260104,52.11,52.09,125,716,-365,9535
873,EOG,2020-12-08,0 days 15:59:14.266606,260499,52.11,52.09,704,305,87,-195
874,EOG,2020-12-08,0 days 15:59:16.260630,260386,52.1,52.08,1279,600,-113,287
875,EOG,2020-12-08,0 days 15:59:41.263005,270730,52.1,52.09,100,200,252,-152
876,EOG,2020-12-08,0 days 15:59:43.262607,270982,52.11,52.1,102,772,-948,252
877,EPD,2020-12-08,0 days 15:55:00.247160,91206,21.0,20.99,10894,13498,-10728,17996
878,EPD,2020-12-08,0 days 15:57:10.253308,132608,20.98,20.97,10890,10247,98,-3402
879,EPD,2020-12-08,0 days 15:57:40.249789,128706,20.98,20.97,10356,5942,-3902,98
880,EPD,2020-12-08,0 days 15:59:43.247572,136818,20.96,20.95,3254,23045,167,-1393
881,EQNR,2020-12-08,0 days 15:56:54.238748,31571,16.59,16.58,4699,30403,-947,1693
882,EQNR,2020-12-08,0 days 15:59:28.239149,31515,16.59,16.57,71208,27219,936,-364
883,EQNR,2020-12-08,0 days 15:59:38.238960,32615,16.58,16.57,27503,35819,136,-864
884,EQNR,2020-12-08,0 days 15:59:46.241035,32751,16.58,16.57,20178,45348,-2864,136
885,EQR,2020-12-08,0 days 15:59:19.253976,251758,62.49,62.48,100,200,11258,-22705
886,EQR,2020-12-08,0 days 15:59:32.256094,258507,62.47,62.46,201,300,-7877,856
887,EQR,2020-12-08,0 days 15:59:48.256856,265784,62.49,62.47,500,865,2542,-1258
888,EQR,2020-12-08,0 days 15:59:50.260886,240226,62.49,62.48,406,200,-25558,2642
889,EQT,2020-12-08,0 days 15:55:51.276843,184315,13.36,13.35,379,5000,5882,-11618
890,EQT,2020-12-08,0 days 15:56:13.275992,205249,13.38,13.37,2420,2407,-1617,4883
891,EQT,2020-12-08,0 days 15:56:14.276121,200966,13.38,13.37,1220,4407,4283,-1617
892,EQT,2020-12-08,0 days 15:57:19.278035,205591,13.41,13.4,1800,28299,-4103,797
893,EQT,2020-12-08,0 days 15:57:20.277884,202094,13.41,13.4,2187,28299,3497,-4103
894,EQT,2020-12-08,0 days 15:57:41.278528,212191,13.41,13.4,7168,500,-1103,3897
895,EQT,2020-12-08,0 days 15:57:42.278945,208694,13.41,13.4,6655,1300,3497,-1103
896,EQT,2020-12-08,0 days 15:58:19.281568,218384,13.4,13.39,2927,2800,4107,-2193
897,EQT,2020-12-08,0 days 15:59:00.287356,240091,13.36,13.35,256,7390,-11249,17302
898,EQT,2020-12-08,0 days 15:59:01.285195,233540,13.36,13.35,256,6890,6551,-11249
899,EQT,2020-12-08,0 days 15:59:08.284406,232132,13.4,13.39,100,8416,-3448,2042
900,EQT,2020-12-08,0 days 15:59:09.284320,228180,13.4,13.39,4000,2326,9706,-3448
901,EQT,2020-12-08,0 days 15:59:18.281698,241257,13.4,13.39,1000,5326,-31278,5598
902,EQT,2020-12-08,0 days 15:59:27.283231,265685,13.38,13.37,1601,6600,5457,-13433
903,EQT,2020-12-08,0 days 15:59:28.281734,265142,13.38,13.37,1000,7230,-543,5457
904,EQT,2020-12-08,0 days 15:59:30.281292,265685,13.39,13.38,8610,118,1207,-543
905,EQT,2020-12-08,0 days 15:59:31.279269,265292,13.39,13.38,10110,100,-393,1207
906,EQT,2020-12-08,0 days 15:59:44.279478,267285,13.39,13.38,3205,6924,3160,-593
907,EQT,2020-12-08,0 days 15:59:45.283393,261745,13.4,13.39,500,7980,-5740,3160
908,EQT,2020-12-08,0 days 15:59:46.280590,267485,13.4,13.39,5700,700,9897,-5740
909,EQT,2020-12-08,0 days 15:59:50.285659,267485,13.4,13.39,700,6300,3997,-103
910,EQT,2020-12-08,0 days 15:59:52.280410,269182,13.41,13.4,1200,5000,-103,3997
911,ERJ,2020-12-08,0 days 15:56:54.240196,13975,7.2,7.19,8417,9752,2012,-628
912,ERJ,2020-12-08,0 days 15:57:17.240819,15987,7.2,7.19,7555,10998,-4788,2012
913,ESRT,2020-12-08,0 days 15:55:00.257629,195552,9.57,9.56,4726,5494,13768,-77649
914,ESRT,2020-12-08,0 days 15:58:23.263327,219810,9.6,9.59,17280,4200,-19801,13099
915,ESRT,2020-12-08,0 days 15:59:14.266443,249937,9.6,9.59,15310,5056,263,-1522
916,ESRT,2020-12-08,0 days 15:59:17.260412,250200,9.6,9.59,12610,6025,-1207,263
917,ET,2020-12-08,0 days 15:55:00.246871,195158,6.75,6.74,33925,146198,-10689,40780
918,ET,2020-12-08,0 days 15:58:47.249749,205847,6.75,6.74,64111,86821,16308,-10689
919,ET,2020-12-08,0 days 15:58:59.250835,222255,6.75,6.74,49825,89002,-3962,16408
920,ETRN,2020-12-08,0 days 15:55:36.243262,88835,8.45,8.44,2973,10299,-4756,434
921,ETRN,2020-12-08,0 days 15:55:37.244314,90591,8.45,8.44,2973,10299,2544,-4756
922,ETRN,2020-12-08,0 days 15:55:38.244620,88835,8.45,8.44,3973,9299,-656,2544
923,ETRN,2020-12-08,0 days 15:58:01.247600,105096,8.46,8.45,8472,5594,178,-9022
924,ETRN,2020-12-08,0 days 15:58:44.247732,108273,8.46,8.45,7915,2913,901,-1099
925,ETRN,2020-12-08,0 days 15:59:07.249311,111063,8.46,8.45,8808,5048,-564,212
926,EV,2020-12-08,0 days 15:55:00.236451,43191,65.19,65.18,2600,500,371,-8911
927,EV,2020-12-08,0 days 15:58:47.244460,45695,65.22,65.21,382,1062,-3655,675
928,EV,2020-12-08,0 days 15:59:13.246066,50532,65.23,65.22,100,400,-4267,152
929,EV,2020-12-08,0 days 15:59:14.246214,54799,65.23,65.22,300,100,538,-4267
930,EV,2020-12-08,0 days 15:59:17.241224,55769,65.22,65.21,100,200,-359,570
931,EV,2020-12-08,0 days 15:59:24.242382,56163,65.23,65.21,200,1595,652,-394
932,EV,2020-12-08,0 days 15:59:32.242931,55615,65.25,65.24,400,100,-645,652
933,EV,2020-12-08,0 days 15:59:48.243636,57660,65.25,65.22,200,2000,879,-221
934,EV,2020-12-08,0 days 15:59:50.248237,55439,65.25,65.22,200,2000,-2221,979
935,EW,2020-12-08,0 days 15:55:00.300689,175972,85.32,85.24,100,315,-11193,12361
936,EW,2020-12-08,0 days 15:55:44.304132,190130,85.34,85.32,450,300,23,-3662
937,EW,2020-12-08,0 days 15:56:02.304546,184768,85.34,85.32,400,715,-3662,223
938,EW,2020-12-08,0 days 15:56:04.303928,188330,85.34,85.32,200,652,38,-362
939,EW,2020-12-08,0 days 15:56:05.304773,187968,85.34,85.32,300,614,-362,38
940,EW,2020-12-08,0 days 15:57:09.306472,190862,85.37,85.35,412,305,279,-621
941,EW,2020-12-08,0 days 15:57:10.306433,190341,85.37,85.35,412,305,-521,279
942,EW,2020-12-08,0 days 15:57:12.308736,190862,85.4,85.36,210,300,407,-521
943,EW,2020-12-08,0 days 15:57:24.294772,196269,85.42,85.39,1174,806,-593,407
944,EW,2020-12-08,0 days 15:57:30.295195,196862,85.39,85.38,600,110,907,-593
945,EW,2020-12-08,0 days 15:57:31.296253,196469,85.39,85.38,700,110,-393,907
946,EW,2020-12-08,0 days 15:57:43.295365,200062,85.39,85.37,895,501,507,-1593
947,EW,2020-12-08,0 days 15:57:44.295040,199369,85.39,85.37,695,616,-693,507
948,EW,2020-12-08,0 days 15:58:17.296928,205745,85.37,85.34,400,402,913,-1276
949,EW,2020-12-08,0 days 15:58:18.296705,204658,85.37,85.34,300,638,-1087,913
950,EW,2020-12-08,0 days 15:59:04.299518,206469,85.41,85.36,319,386,726,-274
951,EW,2020-12-08,0 days 15:59:05.299834,206095,85.42,85.36,100,286,-374,726
952,EW,2020-12-08,0 days 15:59:07.299775,206580,85.41,85.36,100,200,56,-354
953,EW,2020-12-08,0 days 15:59:08.300061,206236,85.41,85.36,200,307,-344,56
954,EW,2020-12-08,0 days 15:59:09.299786,206780,85.41,85.36,421,307,16575,-344
955,EW,2020-12-08,0 days 15:59:32.291313,245589,85.42,85.37,300,100,-11335,439
956,EW,2020-12-08,0 days 15:59:33.290596,241824,85.42,85.37,420,100,3965,-11335
957,EW,2020-12-08,0 days 15:59:37.291395,245789,85.43,85.41,310,200,-235,1865
958,EW,2020-12-08,0 days 15:59:42.290402,244982,85.45,85.4,500,115,807,-1535
959,EW,2020-12-08,0 days 15:59:49.290568,246207,85.47,85.41,700,200,-246,1135
960,EW,2020-12-08,0 days 15:59:50.294097,243553,85.45,85.4,680,100,2654,-246
961,EXK,2020-12-08,0 days 15:59:36.290399,6316,3.76,3.75,221405,256,-1116,1384
962,EXK,2020-12-08,0 days 15:59:37.291431,6232,3.76,3.75,221405,100,84,-1116
963,F,2020-12-08,0 days 15:59:15.248080,2443217,9.25,9.24,63594,351450,45256,-67335
964,FCAU,2020-12-08,0 days 15:56:04.263113,26014,16.19,16.18,2269,22533,-501,916
965,FCAU,2020-12-08,0 days 15:59:19.260365,31460,16.19,16.18,13707,23772,3,-1834
966,FCX,2020-12-08,0 days 15:55:00.255647,426676,24.47,24.46,17256,11728,12797,-49429
967,FCX,2020-12-08,0 days 15:56:33.267408,448511,24.49,24.48,10936,11711,-3314,2186
968,FCX,2020-12-08,0 days 15:56:34.266960,446325,24.49,24.48,17811,4408,2186,-3314
969,FCX,2020-12-08,0 days 15:59:09.263467,544737,24.48,24.47,27781,3738,9641,-19348
970,FCX,2020-12-08,0 days 15:59:11.263641,539353,24.48,24.47,26530,3173,-5384,5116
971,FCX,2020-12-08,0 days 15:59:32.255946,545506,24.47,24.46,25069,2542,5121,-1276
972,FCX,2020-12-08,0 days 15:59:33.254766,540927,24.47,24.46,23569,5405,-4579,5121
973,FCX,2020-12-08,0 days 15:59:47.256306,544552,24.46,24.45,5400,22043,-954,25350
974,FCX,2020-12-08,0 days 15:59:49.256028,545506,24.46,24.45,705,22743,5826,-1441
975,FCX,2020-12-08,0 days 15:59:50.260651,543632,24.46,24.45,1818,23243,-1874,5826
976,FE,2020-12-08,0 days 15:59:30.245286,617633,30.3,30.29,4013,1060,23677,-11070
977,FE,2020-12-08,0 days 15:59:31.242316,622359,30.31,30.3,1914,2360,-5474,23677
978,FE,2020-12-08,0 days 15:59:46.243675,633495,30.32,30.31,3429,5810,27495,-4808
979,FE,2020-12-08,0 days 15:59:50.247576,540588,30.33,30.32,5488,895,-95607,15395
980,FEAC,2020-12-08,0 days 15:59:47.252916,30225,19.61,19.55,800,500,1118,-3482
981,FEAC,2020-12-08,0 days 15:59:48.252823,31343,19.61,19.55,1000,1100,-1382,1118
982,FEAC,2020-12-08,0 days 15:59:49.253643,30325,19.61,19.55,1000,1200,1018,-1382
983,FHN,2020-12-08,0 days 15:56:10.260912,664860,13.11,13.1,16618,4873,52,-1842
984,FHN,2020-12-08,0 days 15:56:13.261273,664912,13.11,13.1,15410,5073,-148,52
985,FHN,2020-12-08,0 days 15:56:30.266610,661960,13.11,13.1,9675,9350,2952,-148
986,FHN,2020-12-08,0 days 15:56:31.265477,658412,13.11,13.1,9075,9450,-3548,2952
987,FHN,2020-12-08,0 days 15:57:52.260745,692760,13.11,13.1,5605,13773,1652,-6048
988,FHN,2020-12-08,0 days 15:57:53.260918,686512,13.11,13.1,5405,13899,-3848,1652
989,FHN,2020-12-08,0 days 15:59:04.264539,701972,13.11,13.1,4430,15571,4174,-4963
990,FHN,2020-12-08,0 days 15:59:05.264631,697446,13.11,13.1,4430,13071,-1626,4174
991,FIS,2020-12-08,0 days 15:59:17.260477,214785,151.26,151.19,520,100,-1225,4905
992,FIS,2020-12-08,0 days 15:59:25.261657,213377,151.26,151.23,320,184,1867,-533
993,FIT,2020-12-08,0 days 15:59:18.247276,172142,7.21,7.2,87574,71540,-872,6058
994,FIT,2020-12-08,0 days 15:59:47.250345,166465,7.21,7.2,119417,14898,5846,-7954
995,FL,2020-12-08,0 days 15:56:39.263812,70912,42.74,42.72,312,400,109494,-506
996,FL,2020-12-08,0 days 15:58:15.263112,84305,42.76,42.75,200,945,4313,-2284
997,FL,2020-12-08,0 days 15:59:30.264564,85592,42.75,42.74,801,131,121757,-243
998,FNB,2020-12-08,0 days 15:56:30.253430,85749,9.5,9.49,12396,14071,1570,-2930
999,FNB,2020-12-08,0 days 15:56:31.252548,83419,9.5,9.49,12396,15946,-2330,1570
1000,FNB,2020-12-08,0 days 15:58:19.250216,90362,9.5,9.49,15841,11243,767,-2303
1001,FNB,2020-12-08,0 days 15:58:20.250113,88329,9.5,9.49,13741,13643,-2033,767
1002,FNB,2020-12-08,0 days 15:58:47.250851,90482,9.5,9.49,16131,12976,638,-2153
1003,FNB,2020-12-08,0 days 15:58:48.250469,88720,9.5,9.49,14559,15134,-1762,638
1004,FNB,2020-12-08,0 days 15:59:19.246652,138911,9.48,9.47,14499,17058,-4190,4110
1005,FNB,2020-12-08,0 days 15:59:39.247246,131509,9.48,9.47,18794,18759,-11592,1108
1006,FNB,2020-12-08,0 days 15:59:43.247611,143101,9.48,9.47,28040,10723,3684,-2692
1007,FNB,2020-12-08,0 days 15:59:44.246827,140685,9.48,9.47,15894,19773,-2416,3684
1008,FNB,2020-12-08,0 days 15:59:46.240218,143101,9.48,9.47,18869,7952,3352,-2416
1009,FNB,2020-12-08,0 days 15:59:48.238960,141078,9.48,9.47,20394,15085,-2023,77
1010,FNB,2020-12-08,0 days 15:59:49.238986,143101,9.48,9.47,27994,8052,952,-2023
1011,FNB,2020-12-08,0 days 15:59:50.241722,137753,9.48,9.47,14994,14633,-5348,952
1012,FRO,2020-12-08,0 days 15:55:36.259978,107214,6.54,6.53,10620,3978,-2263,2537
1013,FRO,2020-12-08,0 days 15:55:37.261325,104377,6.54,6.53,10930,4002,2337,-2263
1014,FRO,2020-12-08,0 days 15:59:16.260361,104050,6.54,6.53,2800,8223,-6233,918
1015,FRO,2020-12-08,0 days 15:59:17.260322,103183,6.54,6.53,2600,8223,367,-6233
1016,FRO,2020-12-08,0 days 15:59:18.260121,104050,6.54,6.53,2600,8223,-301,367
1017,FRO,2020-12-08,0 days 15:59:23.260884,105951,6.54,6.53,1200,9029,408,-301
1018,FSLY,2020-12-08,0 days 15:57:36.294738,120800,97.98,97.9,600,250,-9,891
1019,FSLY,2020-12-08,0 days 15:58:21.297077,120773,98.02,97.96,200,300,500,-5200
1020,FSM,2020-12-08,0 days 15:55:00.256897,16834,6.85,6.84,8910,25410,3872,-1842
1021,FSR,2020-12-08,0 days 15:57:18.247137,26644,17.24,17.23,810,1207,-856,544
1022,FSR,2020-12-08,0 days 15:57:19.246993,26300,17.24,17.23,810,1200,344,-856
1023,FSR,2020-12-08,0 days 15:58:28.249826,26100,17.27,17.25,100,1500,136,-464
1024,FTCH,2020-12-08,0 days 15:55:00.247553,47868,59.77,59.76,734,1081,1905,-33718
1025,FTCH,2020-12-08,0 days 15:55:12.249925,47363,59.76,59.74,1000,326,-659,1951
1026,FTCH,2020-12-08,0 days 15:55:19.249744,48022,59.73,59.72,1466,982,2451,-649
1027,FTCH,2020-12-08,0 days 15:57:08.253532,52084,59.7,59.69,800,322,-5784,2616
1028,FTCH,2020-12-08,0 days 15:57:09.253500,57868,59.7,59.69,800,222,1816,-5784
1029,FTCH,2020-12-08,0 days 15:59:01.251939,56415,59.69,59.67,400,377,-1824,2778
1030,FTCH,2020-12-08,0 days 15:59:20.246637,64699,59.7,59.68,415,100,2427,-2153
1031,FTCH,2020-12-08,0 days 15:59:22.247405,62726,59.7,59.69,432,400,-2029,2427
1032,FTCH,2020-12-08,0 days 15:59:29.247549,64755,59.7,59.69,216,225,2671,-1729
1033,FTCH,2020-12-08,0 days 15:59:50.241815,60876,59.7,59.62,600,815,-3879,3421
1034,FTI,2020-12-08,0 days 15:57:55.278816,208711,9.88,9.87,9290,27868,-2904,2796
1035,FTI,2020-12-08,0 days 15:59:07.283846,211644,9.88,9.87,29217,26112,16205,-1148
1036,FTV,2020-12-08,0 days 15:55:00.271570,154198,68.49,68.45,5000,700,-2188,24718
1037,FTV,2020-12-08,0 days 15:56:58.277564,143475,68.41,68.39,565,412,18135,-6356
1038,FTV,2020-12-08,0 days 15:57:01.278014,161610,68.41,68.39,665,534,-17001,18135
1039,FTV,2020-12-08,0 days 15:59:09.284285,183261,68.41,68.39,100,728,7161,-7182
1040,FTV,2020-12-08,0 days 15:59:50.285272,189080,68.46,68.44,100,100,1955,-7145
1041,FUBO,2020-12-08,0 days 15:57:10.262188,16718,28.99,28.98,600,200,-3088,412
1042,FUBO,2020-12-08,0 days 15:59:38.256720,20863,29.03,28.96,100,1137,-2394,106
1043,GEO,2020-12-08,0 days 15:55:36.238300,182462,9.68,9.67,5987,6257,7023,-1577
1044,GEO,2020-12-08,0 days 15:55:37.238413,181685,9.68,9.67,8340,4011,-777,7023
1045,GEO,2020-12-08,0 days 15:56:05.238752,183008,9.68,9.67,8828,2312,602,-698
1046,GEO,2020-12-08,0 days 15:56:06.239160,182210,9.68,9.67,8728,2312,-798,602
1047,GEO,2020-12-08,0 days 15:58:15.242658,183608,9.68,9.67,3048,2275,243,-598
1048,GEO,2020-12-08,0 days 15:59:01.245550,181295,9.68,9.67,2944,3084,-2817,3518
1049,GEO,2020-12-08,0 days 15:59:04.245501,185480,9.68,9.67,3444,920,2915,-1985
1050,GEO,2020-12-08,0 days 15:59:05.245267,184223,9.68,9.67,3244,966,-1257,2915
1051,GEO,2020-12-08,0 days 15:59:15.244790,185480,9.67,9.66,2448,3900,15843,-257
1052,GEO,2020-12-08,0 days 15:59:17.241042,184423,9.67,9.66,2048,4383,-457,143
1053,GEO,2020-12-08,0 days 15:59:31.242233,186480,9.66,9.65,2800,3440,489,-311
1054,GEO,2020-12-08,0 days 15:59:40.244105,186480,9.66,9.65,2253,3986,3305,-95
1055,GFI,2020-12-08,0 days 15:59:36.258413,70590,9.2,9.19,2810,58645,-7525,8875
1056,GIS,2020-12-08,0 days 15:55:00.232861,237377,60.36,60.35,2369,997,-133,4403
1057,GIS,2020-12-08,0 days 15:56:21.236475,267901,60.39,60.38,1621,1380,804,-3396
1058,GIS,2020-12-08,0 days 15:56:22.236157,265405,60.39,60.38,1518,1390,-2496,804
1059,GIS,2020-12-08,0 days 15:57:37.237735,272019,60.4,60.39,481,1230,87,-223
1060,GIS,2020-12-08,0 days 15:57:42.237971,269106,60.4,60.39,1758,618,-2913,187
1061,GIS,2020-12-08,0 days 15:57:57.238536,272019,60.4,60.39,1182,489,1387,-813
1062,GIS,2020-12-08,0 days 15:57:58.238815,271206,60.4,60.39,682,797,-813,1387
1063,GIS,2020-12-08,0 days 15:58:02.239919,268362,60.4,60.39,897,1260,1144,-813
1064,GIS,2020-12-08,0 days 15:58:03.239515,266206,60.41,60.4,529,875,-2156,1144
1065,GIS,2020-12-08,0 days 15:58:59.241495,274581,60.45,60.44,1013,345,10231,-1892
1066,GIS,2020-12-08,0 days 15:59:05.242333,271881,60.45,60.44,400,900,1718,-982
1067,GIS,2020-12-08,0 days 15:59:06.242907,271238,60.45,60.44,400,976,-1843,1718
1068,GIS,2020-12-08,0 days 15:59:09.242000,273081,60.45,60.44,341,1056,6066,-1843
1069,GIS,2020-12-08,0 days 15:59:10.242070,298247,60.45,60.44,341,921,-1540,6066
1070,GIS,2020-12-08,0 days 15:59:29.238957,297193,60.42,60.41,797,244,-720,3880
1071,GIS,2020-12-08,0 days 15:59:39.240854,303513,60.43,60.41,1400,800,13828,-572
1072,GIS,2020-12-08,0 days 15:59:40.240358,302941,60.43,60.41,1400,600,-572,13828
1073,GIS,2020-12-08,0 days 15:59:44.239826,297865,60.41,60.4,300,580,-48,5752
1074,GIS,2020-12-08,0 days 15:59:49.239879,297913,60.42,60.41,300,300,6733,-140
1075,GIX,2020-12-08,0 days 15:55:00.258415,3502,10.76,10.75,2121,1074,71,-2467
1076,GIX,2020-12-08,0 days 15:55:01.259437,3273,10.76,10.75,1907,1108,-229,71
1077,GIX,2020-12-08,0 days 15:59:01.265741,3502,10.74,10.73,763,299,826,-1174
1078,GIX,2020-12-08,0 days 15:59:02.266155,3328,10.74,10.73,763,299,-174,826
1079,GIX,2020-12-08,0 days 15:59:46.263829,3577,10.76,10.74,200,299,181,-149
1080,GIX,2020-12-08,0 days 15:59:47.264369,3458,10.76,10.74,200,299,-119,181
1081,GM,2020-12-08,0 days 15:57:47.260452,402983,43.77,43.76,3739,2308,-2325,140
1082,GM,2020-12-08,0 days 15:57:48.260968,402208,43.76,43.75,4700,2479,540,-2325
1083,GM,2020-12-08,0 days 15:57:58.260847,403783,43.76,43.75,1493,7495,-1025,3340
1084,GM,2020-12-08,0 days 15:57:59.260841,400908,43.76,43.75,300,8195,2640,-1025
1085,GM,2020-12-08,0 days 15:58:16.261338,401600,43.78,43.77,790,8270,630,-9120
1086,GM,2020-12-08,0 days 15:59:09.263377,437787,43.8,43.79,4400,190,11554,-1335
1087,GM,2020-12-08,0 days 15:59:24.254444,454910,43.82,43.81,3947,1500,-597,384
1088,GM,2020-12-08,0 days 15:59:41.256427,467078,43.8,43.79,3373,2402,2151,-749
1089,GME,2020-12-08,0 days 15:55:49.275205,130897,17.09,17.07,100,600,-2226,574
1090,GME,2020-12-08,0 days 15:56:52.277165,146466,17.06,17.03,200,300,654,-12846
1091,GME,2020-12-08,0 days 15:59:07.283807,169312,17.21,17.13,1270,663,2791,-1408
1092,GME,2020-12-08,0 days 15:59:14.284633,165256,17.11,17.03,405,100,-566,1334
1093,GME,2020-12-08,0 days 15:59:18.281491,157494,17.08,17.01,879,300,7762,-4538
1094,GME,2020-12-08,0 days 15:59:22.281514,155994,17.02,16.98,369,100,262,-638
1095,GME,2020-12-08,0 days 15:59:23.282045,154972,17.02,16.98,633,200,-22,262
1096,GME,2020-12-08,0 days 15:59:41.280188,154738,16.97,16.94,100,200,234,-22
1097,GNW,2020-12-08,0 days 15:55:36.275141,234888,4.6,4.59,18524,18586,-5647,6053
1098,GNW,2020-12-08,0 days 15:55:37.275614,228135,4.6,4.59,18224,18586,6753,-5647
1099,GNW,2020-12-08,0 days 15:59:15.283380,255831,4.6,4.59,14925,27526,-801,5791
1100,GNW,2020-12-08,0 days 15:59:20.281442,257432,4.6,4.59,14780,27826,5329,-801
1101,GNW,2020-12-08,0 days 15:59:46.280557,274201,4.6,4.59,27722,31835,-8563,5349
1102,GNW,2020-12-08,0 days 15:59:47.280036,270264,4.6,4.59,18408,31835,3937,-8563
1103,GOLD,2020-12-08,0 days 15:55:34.275435,122452,23.89,23.88,58126,1509,-2896,4004
1104,GOLD,2020-12-08,0 days 15:57:06.277747,135488,23.9,23.89,48984,7282,4733,-3467
1105,GOLD,2020-12-08,0 days 15:57:07.277482,131521,23.9,23.89,47484,11232,-3967,4733
1106,GOLD,2020-12-08,0 days 15:58:21.280968,135788,23.91,23.9,9922,53908,289,-4078
1107,GOLD,2020-12-08,0 days 15:58:47.281641,136077,23.91,23.9,6099,59915,-8111,289
1108,GOLD,2020-12-08,0 days 15:59:07.284025,147083,23.91,23.9,39169,26402,135,-5602
1109,GOLD,2020-12-08,0 days 15:59:19.281881,145208,23.91,23.9,68015,6609,-1575,3325
1110,GOLD,2020-12-08,0 days 15:59:46.280590,161148,23.9,23.89,20989,34426,8493,-807
1111,GPS,2020-12-08,0 days 15:59:12.249550,210206,21.5,21.49,4500,5210,19557,-3216
1112,GPS,2020-12-08,0 days 15:59:13.249926,219663,21.5,21.49,5600,2910,-4506,19557
1113,GPS,2020-12-08,0 days 15:59:15.248080,224170,21.5,21.49,3500,6510,5766,-4507
1114,GPS,2020-12-08,0 days 15:59:52.249071,230496,21.51,21.5,7500,5100,21809,-6020
1115,GSK,2020-12-08,0 days 15:55:00.272539,23798,37.63,37.62,3600,4502,2603,-488
1116,GSK,2020-12-08,0 days 15:56:56.278183,26331,37.65,37.64,4800,7877,-499,886
1117,GSK,2020-12-08,0 days 15:57:18.277040,26868,37.65,37.64,1707,8309,163,-537
1118,GSK,2020-12-08,0 days 15:58:47.281651,28339,37.65,37.64,2401,8270,-297,1217
1119,GSK,2020-12-08,0 days 15:58:57.282667,28766,37.65,37.64,1814,8773,1473,-427
1120,GSK,2020-12-08,0 days 15:59:05.284724,29625,37.67,37.66,800,7839,-946,659
1121,GSX,2020-12-08,0 days 15:59:01.265376,64310,62.76,62.75,1343,100,-2663,680
1122,GSX,2020-12-08,0 days 15:59:02.265752,63273,62.76,62.75,1243,100,1037,-2663
1123,GSX,2020-12-08,0 days 15:59:12.265705,64310,62.77,62.76,500,312,-17884,873
1124,HAL,2020-12-08,0 days 15:57:39.237847,963997,19.79,19.78,5554,14286,-8121,7879
1125,HAL,2020-12-08,0 days 15:57:40.237790,958718,19.79,19.78,5246,11824,5279,-8121
1126,HAL,2020-12-08,0 days 15:57:46.237908,963997,19.79,19.78,4754,10929,-1221,1079
1127,HAL,2020-12-08,0 days 15:57:47.237918,962918,19.79,19.78,8401,9029,1079,-1221
1128,HAL,2020-12-08,0 days 15:57:49.238120,963997,19.79,19.78,13213,8235,-5821,3879
1129,HAL,2020-12-08,0 days 15:59:09.241769,1039747,19.81,19.8,17600,12900,23308,-3280
1130,HAL,2020-12-08,0 days 15:59:10.241934,1040115,19.81,19.8,11800,9459,-632,23308
1131,HAL,2020-12-08,0 days 15:59:35.239229,1064968,19.77,19.76,10400,9975,-1848,9852
1132,HAL,2020-12-08,0 days 15:59:38.238822,1061216,19.76,19.75,14400,5700,51652,-1848
1133,HAL,2020-12-08,0 days 15:59:39.240617,1060168,19.76,19.75,12600,8500,-1662,51652
1134,HAL,2020-12-08,0 days 15:59:43.239662,1061216,19.76,19.75,21415,6537,4491,-1048
1135,HAL,2020-12-08,0 days 15:59:45.243360,1060543,19.76,19.75,10300,10255,-36340,1427
1136,HAL,2020-12-08,0 days 15:59:46.240815,1096883,19.76,19.75,8700,9094,7588,-36340
1137,HAL,2020-12-08,0 days 15:59:47.240661,1094971,19.76,19.75,8961,9094,-1912,7588
1138,HAL,2020-12-08,0 days 15:59:48.239952,1096883,19.76,19.75,11576,8961,6745,-1912
1139,HBI,2020-12-08,0 days 15:55:36.259706,414265,14.05,14.04,12845,3646,-365,2240
1140,HBI,2020-12-08,0 days 15:57:39.261727,447028,14.05,14.04,17055,3399,5000,-21500
1141,HBI,2020-12-08,0 days 15:57:43.261387,447128,14.05,14.04,17098,2253,-2733,67
1142,HBI,2020-12-08,0 days 15:59:45.258988,466187,14.05,14.03,23834,14200,-4557,8071
1143,HBI,2020-12-08,0 days 15:59:48.256961,467844,14.04,14.03,9849,11300,7543,-1657
1144,HBI,2020-12-08,0 days 15:59:50.262039,450087,14.04,14.03,11949,10400,-17757,7643
1145,HD,2020-12-08,0 days 15:56:11.275856,391716,261.51,261.48,200,200,536,-1065
1146,HD,2020-12-08,0 days 15:56:12.276149,389852,261.53,261.48,300,415,-2168,536
1147,HD,2020-12-08,0 days 15:57:20.277835,392429,261.46,261.43,100,100,5405,-1595
1148,HD,2020-12-08,0 days 15:57:21.277546,391034,261.47,261.42,520,754,-1395,5405
1149,HD,2020-12-08,0 days 15:57:34.278478,392553,261.49,261.47,200,440,1047,-1553
1150,HD,2020-12-08,0 days 15:57:38.278537,402644,261.52,261.48,200,535,-3467,1191
1151,HD,2020-12-08,0 days 15:57:39.278407,401911,261.52,261.48,300,535,733,-3467
1152,HD,2020-12-08,0 days 15:57:40.278343,402644,261.52,261.48,500,430,-367,733
1153,HD,2020-12-08,0 days 15:57:41.278440,401911,261.52,261.48,500,630,733,-367
1154,HD,2020-12-08,0 days 15:57:43.278797,402655,261.52,261.48,200,935,-756,2544
1155,HD,2020-12-08,0 days 15:57:44.278738,401911,261.53,261.51,500,100,744,-756
1156,HD,2020-12-08,0 days 15:57:51.279017,400711,261.64,261.6,276,439,656,-1244
1157,HD,2020-12-08,0 days 15:57:57.279276,404161,261.69,261.65,400,759,-2350,550
1158,HD,2020-12-08,0 days 15:57:59.279021,403211,261.65,261.62,906,302,1385,-4750
1159,HD,2020-12-08,0 days 15:58:01.282573,402867,261.67,261.63,100,214,-744,7885
1160,HD,2020-12-08,0 days 15:58:02.281422,398611,261.67,261.63,500,110,3850,-744
1161,HD,2020-12-08,0 days 15:58:07.280214,402461,261.67,261.64,1532,200,-150,750
1162,HD,2020-12-08,0 days 15:58:08.280268,401811,261.67,261.64,1132,204,650,-150
1163,HD,2020-12-08,0 days 15:58:22.281166,399711,261.71,261.69,500,103,516,-1684
1164,HD,2020-12-08,0 days 15:58:48.281806,408856,261.56,261.5,242,100,-6278,2032
1165,HD,2020-12-08,0 days 15:58:49.282334,407634,261.56,261.5,242,311,1222,-6278
1166,HD,2020-12-08,0 days 15:58:55.282823,409464,261.63,261.54,300,200,-5670,2690
1167,HD,2020-12-08,0 days 15:58:56.282120,408134,261.57,261.54,101,300,2696,-5670
1168,HD,2020-12-08,0 days 15:59:02.284725,406267,261.64,261.59,700,200,-3838,328
1169,HD,2020-12-08,0 days 15:59:03.283616,405808,261.64,261.59,300,200,759,-3838
1170,HD,2020-12-08,0 days 15:59:36.281757,442352,261.81,261.74,100,568,-803,3454
1171,HD,2020-12-08,0 days 15:59:40.280386,440186,261.8,261.68,684,300,1722,-2140
1172,HD,2020-12-08,0 days 15:59:45.283235,442352,261.8,261.74,100,400,-1566,1955
1173,HD,2020-12-08,0 days 15:59:47.279888,442134,261.79,261.71,317,700,218,-8456
1174,HD,2020-12-08,0 days 15:59:49.279826,441908,261.82,261.75,300,420,-1846,618
1175,HD,2020-12-08,0 days 15:59:50.285107,437323,261.8,261.7,708,650,5029,-1846
1176,HFC,2020-12-08,0 days 15:59:33.254878,177059,27.09,27.08,1097,790,2949,-7351
1177,HFC,2020-12-08,0 days 15:59:45.258902,180008,27.09,27.08,697,689,-2801,906
1178,HFC,2020-12-08,0 days 15:59:46.256703,178209,27.09,27.08,797,600,1799,-2801
1179,HLX,2020-12-08,0 days 15:59:22.281466,109403,4.18,4.17,10729,26657,-4483,2417
1180,HLX,2020-12-08,0 days 15:59:23.282045,107086,4.18,4.17,9629,31057,2317,-4483
1181,HMY,2020-12-08,0 days 15:59:01.300712,48982,4.51,4.5,44421,81682,-21063,29724
1182,HMY,2020-12-08,0 days 15:59:02.300908,47937,4.51,4.5,45321,80432,632,-21063
1183,HON,2020-12-08,0 days 15:56:23.263289,263869,211.97,211.91,560,101,100,-221
1184,HON,2020-12-08,0 days 15:56:24.263414,263769,211.97,211.91,540,101,-100,100
1185,HON,2020-12-08,0 days 15:56:25.263823,263869,211.97,211.92,238,200,157,-100
1186,HON,2020-12-08,0 days 15:56:50.265062,263857,212.04,211.98,200,100,-12,157
1187,HON,2020-12-08,0 days 15:57:12.264264,263869,212.04,211.99,341,610,3,-53
1188,HON,2020-12-08,0 days 15:57:24.259372,263872,212.09,212.03,100,185,-797,3
1189,HON,2020-12-08,0 days 15:59:08.265378,275763,212.23,212.18,400,200,740,-10658
1190,HON,2020-12-08,0 days 15:59:30.264209,280531,212.22,212.14,100,100,-2440,3219
1191,HON,2020-12-08,0 days 15:59:45.267455,281930,212.22,212.13,2918,100,2759,-1399
1192,HON,2020-12-08,0 days 15:59:50.267183,284589,212.27,212.19,1717,720,-973,3527
1193,HON,2020-12-08,0 days 15:59:59.263255,284589,212.23,212.01,247,100,-78,1402
1194,HON,2020-12-08,0 days 16:00:00.262351,283687,212.3,212.01,100,132,1102,-78
1195,HPE,2020-12-08,0 days 15:59:45.251838,1524115,12.09,12.08,4617,33025,42207,-15842
1196,HPQ,2020-12-08,0 days 15:59:30.281244,913138,23.5,23.49,9313,8100,21851,-18216
1197,HR,2020-12-08,0 days 15:59:16.288858,175584,30.0,29.99,580,500,-899,5608
1198,HR,2020-12-08,0 days 15:59:46.291834,178707,30.01,30.0,400,1500,-7474,1045
1199,HR,2020-12-08,0 days 15:59:50.294690,141581,30.01,30.0,1001,600,37026,-5074
1200,HRB,2020-12-08,0 days 15:57:35.248325,228801,16.26,16.25,6367,1102,2363,-4037
1201,HRB,2020-12-08,0 days 15:57:41.248129,233764,16.25,16.24,6375,1101,-1737,4863
1202,HRB,2020-12-08,0 days 15:57:43.248354,235101,16.24,16.23,3700,1159,2463,-637
1203,HRB,2020-12-08,0 days 15:58:05.250203,264171,16.28,16.27,102,1220,-2102,4398
1204,HRB,2020-12-08,0 days 15:58:06.250026,261473,16.28,16.27,300,1571,2698,-2102
1205,HRB,2020-12-08,0 days 15:59:01.251931,256011,16.31,16.3,1419,1133,-44711,2237
1206,HRB,2020-12-08,0 days 15:59:02.251814,254722,16.3,16.29,243,500,2989,-44711
1207,HRB,2020-12-08,0 days 15:59:06.251161,267442,16.3,16.29,1232,807,-712,2738
1208,HRB,2020-12-08,0 days 15:59:07.251467,266019,16.3,16.29,1132,907,1423,-712
1209,HRB,2020-12-08,0 days 15:59:14.252067,267442,16.3,16.28,3836,1250,-2606,594
1210,HRB,2020-12-08,0 days 15:59:15.251234,270048,16.3,16.29,2836,846,3522,-2606
1211,HRB,2020-12-08,0 days 15:59:22.251204,316258,16.31,16.3,500,1746,-247,221
1212,HRB,2020-12-08,0 days 15:59:30.253862,322700,16.29,16.28,1339,550,-6310,4056
1213,HRB,2020-12-08,0 days 15:59:31.253113,320110,16.29,16.28,1439,300,2590,-6310
1214,HRB,2020-12-08,0 days 15:59:43.251893,324816,16.3,16.29,1080,474,1780,-5720
1215,HRB,2020-12-08,0 days 15:59:46.253546,332105,16.3,16.29,680,2561,-2644,7289
1216,HRB,2020-12-08,0 days 15:59:48.252759,330493,16.3,16.29,1779,100,1612,-2788
1217,HRB,2020-12-08,0 days 15:59:49.253609,332105,16.3,16.29,880,700,-4082,1612
1218,HSBC,2020-12-08,0 days 15:56:51.240218,57046,26.63,26.62,21160,10925,5731,-2169
1219,HSBC,2020-12-08,0 days 15:59:18.241100,72396,26.65,26.64,31431,8833,-940,7076
1220,HSBC,2020-12-08,0 days 15:59:46.243675,73336,26.65,26.64,30295,8807,2283,-867
1221,HSBC,2020-12-08,0 days 15:59:50.247640,68019,26.65,26.64,30395,13277,-5317,7583
1222,HTA,2020-12-08,0 days 15:59:45.251962,394740,25.76,25.75,2324,100,-1981,989
1223,HUYA,2020-12-08,0 days 15:55:00.299401,58599,19.54,19.53,3503,2672,2382,-1864
1224,HUYA,2020-12-08,0 days 15:56:55.305021,62098,19.54,19.53,200,3701,-53,2309
1225,HUYA,2020-12-08,0 days 15:59:13.299171,73783,19.58,19.57,568,1200,-884,316
1226,HUYA,2020-12-08,0 days 15:59:17.288041,72115,19.57,19.55,585,300,1672,-346
1227,HUYA,2020-12-08,0 days 15:59:18.288090,71437,19.57,19.55,585,300,-678,1672
1228,HUYA,2020-12-08,0 days 15:59:46.290374,72115,19.55,19.54,699,700,685,-378
1229,HUYA,2020-12-08,0 days 15:59:47.290335,71750,19.55,19.54,268,1800,-365,685
1230,HWM,2020-12-08,0 days 15:55:00.232148,206682,25.4,25.39,831,1776,478,-67726
1231,HWM,2020-12-08,0 days 15:55:13.233522,207231,25.42,25.41,1341,2021,-2851,549
1232,HWM,2020-12-08,0 days 15:58:59.241266,246361,25.46,25.45,100,3107,8147,-3025
1233,HWM,2020-12-08,0 days 15:59:00.243960,244708,25.47,25.45,1890,2900,-1653,8147
1234,HWM,2020-12-08,0 days 15:59:39.240590,252398,25.46,25.45,1327,500,28664,-4836
1235,HWM,2020-12-08,0 days 15:59:45.243360,281938,25.46,25.45,500,2600,10141,-25176
1236,HWM,2020-12-08,0 days 15:59:50.243742,230162,25.47,25.45,1500,2765,-23949,4651
1237,HYLN,2020-12-08,0 days 15:55:00.243272,317859,18.97,18.96,690,1805,-1604,306192
1238,HYLN,2020-12-08,0 days 15:55:01.243103,316463,18.97,18.96,1990,300,1396,-1604
1239,HYLN,2020-12-08,0 days 15:57:36.246642,320834,18.99,18.98,1200,2139,-329,1671
1240,HYLN,2020-12-08,0 days 15:57:37.246438,319163,18.99,18.98,1200,2139,1671,-329
