,Symbol,Timestamp,TIME,iPaired,Ask_P,Bid_P,Ask_S,Bid_S,iShares,PreviShares
0,AA,2020-07-07,0 days 15:55:43.342168,156456,11.26,11.25,11824,7715,5507,-305
1,AA,2020-07-07,0 days 15:55:44.345201,155480,11.25,11.24,11561,12074,-976,5507
2,AA,2020-07-07,0 days 15:57:20.576125,157564,11.27,11.26,4472,27692,2169,-1686
3,AA,2020-07-07,0 days 15:57:22.580774,155803,11.27,11.26,4472,29192,-1761,539
4,AA,2020-07-07,0 days 15:58:07.691219,166364,11.27,11.26,39319,15325,3451,-2981
5,ABB,2020-07-07,0 days 15:58:50.668597,25577,24.03,24.02,24389,15687,-7417,2786
6,ABB,2020-07-07,0 days 15:59:07.709723,36084,24.02,24.01,29207,12032,9312,-9088
7,ABBV,2020-07-07,0 days 15:55:54.300542,551922,99.31,99.3,440,100,2335,-2327
8,ABBV,2020-07-07,0 days 15:55:55.302925,550057,99.32,99.31,100,100,-1865,2335
9,ABBV,2020-07-07,0 days 15:55:59.312586,562622,99.32,99.31,200,600,4635,-1865
10,ABBV,2020-07-07,0 days 15:56:26.377520,572196,99.39,99.38,949,189,-763,996
11,ABBV,2020-07-07,0 days 15:56:27.379432,570459,99.39,99.38,1600,389,1737,-763
12,ABBV,2020-07-07,0 days 15:56:42.415333,572223,99.35,99.34,127,500,-4121,1825
13,ABBV,2020-07-07,0 days 15:56:43.417665,570523,99.35,99.34,550,400,1602,-4121
14,ABBV,2020-07-07,0 days 15:57:26.520337,587721,99.48,99.47,200,300,2521,-909
15,ABBV,2020-07-07,0 days 15:57:44.563652,602442,99.48,99.47,747,1406,-7285,6292
16,ABBV,2020-07-07,0 days 15:57:45.565880,609334,99.47,99.45,700,702,4008,-7285
17,ABBV,2020-07-07,0 days 15:57:46.569100,608742,99.49,99.47,802,800,-592,4008
18,ABBV,2020-07-07,0 days 15:57:51.580602,607322,99.44,99.42,300,800,2120,-5422
19,ABBV,2020-07-07,0 days 15:57:52.582921,607042,99.44,99.42,300,900,-809,2120
20,ABBV,2020-07-07,0 days 15:58:00.603399,607542,99.4,99.39,100,1461,-374,1226
21,ABBV,2020-07-07,0 days 15:58:02.608041,606086,99.36,99.35,600,1700,1470,-4218
22,ABBV,2020-07-07,0 days 15:58:05.615931,607845,99.37,99.36,100,700,211,-4289
23,ABBV,2020-07-07,0 days 15:58:06.618237,607656,99.39,99.38,100,598,-324,211
24,ABBV,2020-07-07,0 days 15:58:09.625371,611948,99.4,99.38,700,1417,2191,-5777
25,ABBV,2020-07-07,0 days 15:58:10.627745,611239,99.4,99.39,100,1758,-709,2191
26,ABBV,2020-07-07,0 days 15:58:14.637857,610039,99.4,99.38,512,300,-1909,47
27,ABBV,2020-07-07,0 days 15:58:16.642571,611877,99.38,99.37,800,302,647,-709
28,ABBV,2020-07-07,0 days 15:58:25.664396,611877,99.38,99.37,600,261,3018,-325
29,ABBV,2020-07-07,0 days 15:58:41.702989,620380,99.39,99.37,400,790,644,-5256
30,ABBV,2020-07-07,0 days 15:58:42.705594,619024,99.39,99.38,755,200,-1356,644
31,ABBV,2020-07-07,0 days 15:59:09.772608,639570,99.33,99.32,900,1299,10278,-4622
32,ABBV,2020-07-07,0 days 15:59:13.782559,643136,99.31,99.3,1143,901,-919,7310
33,ABBV,2020-07-07,0 days 15:59:17.791031,641408,99.28,99.27,145,500,2028,-919
34,ABBV,2020-07-07,0 days 15:59:18.789108,641036,99.27,99.26,450,696,-372,2028
35,ABBV,2020-07-07,0 days 15:59:32.823484,640909,99.28,99.27,300,500,-296,2004
36,ABBV,2020-07-07,0 days 15:59:38.837919,641105,99.31,99.29,208,960,4907,-396
37,ABBV,2020-07-07,0 days 15:59:39.840350,640612,99.32,99.31,520,500,-6025,4907
38,ABBV,2020-07-07,0 days 15:59:46.857273,648054,99.31,99.3,1300,446,-3412,8768
39,ABEV,2020-07-07,0 days 15:59:36.692762,444218,2.72,2.71,956746,1106112,71511,-83989
40,ABEV,2020-07-07,0 days 15:59:37.694880,439929,2.72,2.71,966146,1114212,-4289,71511
41,ABEV,2020-07-07,0 days 15:59:40.703777,444218,2.72,2.71,927312,1112412,1361,-3889
42,ABEV,2020-07-07,0 days 15:59:45.714606,440743,2.72,2.71,603113,1165842,-3475,10325
43,ABT,2020-07-07,0 days 15:58:49.584644,486099,92.35,92.34,360,411,295,-28024
44,ABT,2020-07-07,0 days 15:58:50.586730,459794,92.37,92.36,200,300,-26305,295
45,ABT,2020-07-07,0 days 15:59:02.617669,494654,92.33,92.32,400,1628,8258,-8819
46,ABT,2020-07-07,0 days 15:59:04.620427,502791,92.33,92.32,800,1428,-1685,334
47,ABT,2020-07-07,0 days 15:59:05.623672,502276,92.32,92.31,299,300,520,-1685
48,ABT,2020-07-07,0 days 15:59:10.635765,506191,92.32,92.31,1078,100,-16285,1709
49,ABT,2020-07-07,0 days 15:59:14.645863,522376,92.29,92.28,200,970,51132,-5483
50,ABT,2020-07-07,0 days 15:59:15.642671,559011,92.34,92.33,600,200,-10969,51132
51,ABT,2020-07-07,0 days 15:59:16.644403,556480,92.33,92.31,800,452,3062,-10969
52,ABT,2020-07-07,0 days 15:59:26.668502,562457,92.33,92.32,589,702,-3366,1477
53,ABT,2020-07-07,0 days 15:59:27.670451,560023,92.33,92.32,414,862,2434,-3366
54,ABT,2020-07-07,0 days 15:59:45.714566,563766,92.35,92.33,300,1950,-5024,3264
55,ABT,2020-07-07,0 days 15:59:46.716833,562390,92.33,92.32,548,200,2718,-5024
56,ABT,2020-07-07,0 days 15:59:49.724313,563926,92.33,92.32,342,200,1182,-718
57,ACB,2020-07-07,0 days 15:57:19.445706,24274,12.4,12.39,2868,1050,-304,334
58,ACB,2020-07-07,0 days 15:57:20.446960,23078,12.4,12.39,3068,2860,1196,-304
59,ACB,2020-07-07,0 days 15:59:38.784064,28904,12.39,12.38,189,2900,-2974,826
60,ACB,2020-07-07,0 days 15:59:39.786519,27978,12.39,12.38,189,2900,626,-2974
61,ACI,2020-07-07,0 days 15:57:08.338477,46152,15.2,15.19,21588,10745,1219,-781
62,ADSW,2020-07-07,0 days 15:59:47.874930,71241,30.14,30.13,6536,13764,280,-1541
63,ADSW,2020-07-07,0 days 15:59:48.878604,70921,30.14,30.13,6276,13486,-320,280
64,ADT,2020-07-07,0 days 15:59:05.624124,193143,7.56,7.55,1200,10615,-17158,5935
65,ADT,2020-07-07,0 days 15:59:06.626344,189601,7.56,7.55,2369,9915,42,-17158
66,ADT,2020-07-07,0 days 15:59:07.628484,189943,7.56,7.55,1328,10315,-5380,42
67,ADT,2020-07-07,0 days 15:59:08.632046,187671,7.56,7.55,3759,10215,2272,-5380
68,ADT,2020-07-07,0 days 15:59:15.642988,188695,7.57,7.56,9687,775,496,-36404
69,ADT,2020-07-07,0 days 15:59:19.652714,200007,7.57,7.56,9213,2425,-227,1212
70,ADT,2020-07-07,0 days 15:59:39.700001,196883,7.59,7.58,10851,11563,424,-376
71,ADT,2020-07-07,0 days 15:59:40.703929,197307,7.59,7.58,10748,11530,-4576,424
72,ADT,2020-07-07,0 days 15:59:41.705904,197181,7.59,7.58,11508,10207,126,-4576
73,ADT,2020-07-07,0 days 15:59:44.712147,197463,7.59,7.58,11193,9927,-5218,282
74,AEO,2020-07-07,0 days 15:55:00.173420,147116,10.71,10.7,6969,6032,-2842,15063
75,AEO,2020-07-07,0 days 15:59:21.803946,176783,10.73,10.72,18054,10408,17594,-2637
76,AEO,2020-07-07,0 days 15:59:22.807449,175577,10.73,10.72,2631,26464,-1206,17594
77,AEP,2020-07-07,0 days 15:55:00.041356,182251,82.32,82.31,200,300,2500,-36162
78,AEP,2020-07-07,0 days 15:56:05.186354,188276,82.34,82.32,1779,195,-1122,1213
79,AEP,2020-07-07,0 days 15:56:06.190431,186963,82.34,82.32,1779,195,1313,-1122
80,AEP,2020-07-07,0 days 15:56:42.275331,188876,82.44,82.42,896,600,-786,714
81,AEP,2020-07-07,0 days 15:56:43.277830,187862,82.44,82.42,860,600,1014,-786
82,AEP,2020-07-07,0 days 15:57:15.356788,188876,82.52,82.51,400,300,-3853,5003
83,AEP,2020-07-07,0 days 15:59:02.617937,247734,82.44,82.43,2020,375,3956,-5199
84,AEP,2020-07-07,0 days 15:59:03.618121,244063,82.44,82.43,1022,673,-3471,3956
85,AEP,2020-07-07,0 days 15:59:05.624124,248692,82.43,82.42,909,368,823,-1951
86,AEP,2020-07-07,0 days 15:59:09.633202,247507,82.45,82.44,1300,312,-5191,2372
87,AEP,2020-07-07,0 days 15:59:10.635971,253298,82.45,82.44,1930,207,3272,-5191
88,AEP,2020-07-07,0 days 15:59:13.643376,252430,82.41,82.4,1030,375,-268,6215
89,AEP,2020-07-07,0 days 15:59:16.644725,247951,82.37,82.36,594,586,4479,-268
90,AEP,2020-07-07,0 days 15:59:30.678139,252230,82.39,82.38,1092,122,3251,-4790
91,AEP,2020-07-07,0 days 15:59:31.680620,251481,82.39,82.38,1092,209,-649,3251
92,AEP,2020-07-07,0 days 15:59:32.683287,252230,82.39,82.38,492,259,107,-649
93,AEP,2020-07-07,0 days 15:59:37.695048,251867,82.39,82.38,693,797,-314,3886
94,AEP,2020-07-07,0 days 15:59:44.712147,250567,82.38,82.36,1200,300,-2188,903
95,AEP,2020-07-07,0 days 15:59:46.717075,254772,82.39,82.37,800,700,168,-3205
96,AEP,2020-07-07,0 days 15:59:59.746473,252362,82.42,82.39,16092,115,-4648,199
97,AES,2020-07-07,0 days 15:55:47.228523,287163,14.12,14.11,14824,9555,-2057,534
98,AES,2020-07-07,0 days 15:59:02.697009,291601,14.14,14.13,22185,8915,9366,-1897
99,AES,2020-07-07,0 days 15:59:06.706966,310613,14.13,14.12,18718,16668,13716,-8084
100,AES,2020-07-07,0 days 15:59:07.709622,308329,14.13,14.12,17318,18068,-3180,13716
101,AES,2020-07-07,0 days 15:59:08.712026,311509,14.13,14.12,21518,18268,1758,-3180
102,AES,2020-07-07,0 days 15:59:09.713562,306536,14.13,14.12,19918,18668,-4973,1758
103,AES,2020-07-07,0 days 15:59:14.725503,312380,14.13,14.12,24696,17808,35206,-2151
104,AES,2020-07-07,0 days 15:59:55.822567,326973,14.14,14.13,3361,21044,-5607,4870
105,AFL,2020-07-07,0 days 15:58:36.632284,340033,34.68,34.67,3043,4015,-5558,4801
106,AFL,2020-07-07,0 days 15:58:37.635132,331491,34.68,34.67,3147,721,8542,-5558
107,AFL,2020-07-07,0 days 15:59:04.701506,352661,34.66,34.65,3926,703,-3472,4928
108,AFL,2020-07-07,0 days 15:59:05.704605,347871,34.65,34.64,1835,4393,4790,-3472
109,AFL,2020-07-07,0 days 15:59:12.722424,376741,34.67,34.66,3715,689,-14617,685
110,AFL,2020-07-07,0 days 15:59:13.724485,370012,34.64,34.63,1705,2060,21329,-14617
111,AFL,2020-07-07,0 days 15:59:42.793571,383187,34.63,34.62,1400,5560,-333,1005
112,AFL,2020-07-07,0 days 15:59:45.800362,384213,34.64,34.63,3966,2143,1046,-576
113,AFL,2020-07-07,0 days 15:59:46.803851,384559,34.64,34.63,1873,4010,-2440,1046
114,AG,2020-07-07,0 days 15:59:27.755035,70590,9.67,9.66,34537,28190,-7367,1285
115,AG,2020-07-07,0 days 15:59:28.756825,68057,9.67,9.66,36037,29125,2533,-7367
116,AG,2020-07-07,0 days 15:59:38.782010,70590,9.67,9.66,14211,44073,-4667,2533
117,AG,2020-07-07,0 days 15:59:39.784417,68957,9.67,9.66,10211,43673,1633,-4667
118,AGI,2020-07-07,0 days 15:58:35.688720,38219,10.17,10.16,49085,15753,537,-1463
119,AIG,2020-07-07,0 days 15:55:01.117920,425579,29.31,29.3,4744,974,-3081,719
120,AIG,2020-07-07,0 days 15:57:07.419187,532383,29.26,29.25,7188,1627,348,-5152
121,AIG,2020-07-07,0 days 15:59:06.707502,743307,29.24,29.23,7213,4403,5551,-10702
122,AIG,2020-07-07,0 days 15:59:09.713861,731258,29.22,29.21,8528,1502,-12049,10751
123,AIG,2020-07-07,0 days 15:59:45.798590,950135,29.14,29.13,16800,2410,7296,-50889
124,ALK,2020-07-07,0 days 15:59:06.766912,107847,36.09,36.08,100,300,19121,-1848
125,ALK,2020-07-07,0 days 15:59:07.768154,99468,36.09,36.08,301,300,-7579,19121
126,ALK,2020-07-07,0 days 15:59:39.840292,107110,36.13,36.12,500,100,-6734,3881
127,ALLY,2020-07-07,0 days 15:59:44.860787,340234,19.68,19.67,9778,2574,6404,-1234
128,ALLY,2020-07-07,0 days 15:59:45.861963,336338,19.68,19.67,9777,2974,-3042,6404
129,AM,2020-07-07,0 days 15:55:39.332378,501586,5.74,5.73,36076,16258,-6837,1263
130,AM,2020-07-07,0 days 15:55:40.334858,494023,5.74,5.73,35150,13377,7563,-6837
131,AM,2020-07-07,0 days 15:57:40.624725,707266,5.77,5.76,9394,54460,-2688,712
132,AM,2020-07-07,0 days 15:57:44.634301,688254,5.77,5.76,8520,56507,19012,-7788
133,AM,2020-07-07,0 days 15:58:24.736132,684047,5.79,5.78,17652,18972,23219,-681
134,AM,2020-07-07,0 days 15:59:05.832567,707416,5.79,5.78,25254,18401,-5051,13758
135,AM,2020-07-07,0 days 15:59:17.850752,704615,5.78,5.77,18883,3095,10289,-3562
136,AM,2020-07-07,0 days 15:59:42.910376,721804,5.78,5.77,31774,15396,-9873,1230
137,AM,2020-07-07,0 days 15:59:43.913379,714577,5.78,5.77,31796,15296,7227,-9873
138,AM,2020-07-07,0 days 15:59:45.917195,721804,5.78,5.77,15180,19206,-12167,3690
139,AM,2020-07-07,0 days 15:59:46.919345,715571,5.78,5.77,16093,22214,10562,-12167
140,AMC,2020-07-07,0 days 15:59:36.692320,53113,4.14,4.13,6991,21606,1559,-5041
141,AMC,2020-07-07,0 days 15:59:38.697269,48172,4.14,4.13,7091,21606,-4941,1559
142,AMCR,2020-07-07,0 days 15:55:00.110835,1524038,10.57,10.56,54827,27733,-6716,138372
143,AMCR,2020-07-07,0 days 15:55:01.113323,1512854,10.57,10.56,64052,26505,8384,-6716
144,AMCR,2020-07-07,0 days 15:56:42.355980,1522487,10.58,10.57,68358,47935,-2007,2893
145,AMCR,2020-07-07,0 days 15:56:43.358370,1516594,10.58,10.57,68362,43963,5393,-2007
146,AMCR,2020-07-07,0 days 15:56:53.382366,1520987,10.6,10.59,30853,21397,-15607,5393
147,AMCR,2020-07-07,0 days 15:56:57.391920,1516894,10.61,10.6,38815,33018,3493,-1207
148,AMCR,2020-07-07,0 days 15:57:33.478570,1520987,10.61,10.6,54531,18311,-6507,3493
149,AMCR,2020-07-07,0 days 15:57:40.496637,1520387,10.61,10.6,58231,28221,-3507,2393
150,AMCR,2020-07-07,0 days 15:58:03.552085,1568387,10.6,10.59,26769,40044,-9907,10493
151,AMX,2020-07-07,0 days 15:59:27.873472,204061,12.81,12.8,43464,9679,2083,-3496
152,AMX,2020-07-07,0 days 15:59:28.875969,199944,12.81,12.8,41064,10479,-4117,2083
153,AMX,2020-07-07,0 days 15:59:38.900084,204061,12.81,12.8,48681,5624,783,-217
154,AMX,2020-07-07,0 days 15:59:43.913379,201705,12.8,12.79,44973,15006,-2356,6644
155,AMX,2020-07-07,0 days 15:59:45.917174,204061,12.8,12.79,23767,36400,4318,-1256
156,AMX,2020-07-07,0 days 15:59:46.919316,202079,12.8,12.79,23667,37500,-1982,4318
157,AMX,2020-07-07,0 days 15:59:47.922257,204061,12.8,12.79,2957,39563,2965,-1982
158,AMX,2020-07-07,0 days 15:59:49.927841,202566,12.81,12.8,34287,32754,-1495,2405
159,ANF,2020-07-07,0 days 15:59:07.771196,119356,10.31,10.3,11587,3648,-5221,2068
160,AR,2020-07-07,0 days 15:59:04.700352,365848,3.08,3.07,51198,56925,-1488,4766
161,AR,2020-07-07,0 days 15:59:06.706923,353336,3.06,3.05,86762,22648,14212,-4488
162,AR,2020-07-07,0 days 15:59:12.721243,367548,3.06,3.05,37027,49535,-18075,3012
163,AR,2020-07-07,0 days 15:59:13.724071,364323,3.06,3.05,37237,50235,3225,-18075
164,AR,2020-07-07,0 days 15:59:16.728141,367548,3.06,3.05,37854,48637,-22502,3225
165,AR,2020-07-07,0 days 15:59:17.730740,366250,3.06,3.05,30538,48813,1298,-22502
166,AR,2020-07-07,0 days 15:59:22.742679,367548,3.06,3.05,33790,47113,-44314,1298
167,ARMK,2020-07-07,0 days 15:58:53.740174,149469,21.17,21.15,828,530,4471,-1549
168,ARMK,2020-07-07,0 days 15:58:54.742354,145940,21.17,21.15,1028,532,-3129,4471
169,ARMK,2020-07-07,0 days 15:59:06.773567,154147,21.14,21.13,614,1055,14732,-3303
170,ARMK,2020-07-07,0 days 15:59:07.775072,140253,21.15,21.14,784,360,-13894,14732
171,ARMK,2020-07-07,0 days 15:59:47.869254,174452,21.11,21.1,573,1258,-346,12654
172,AT,2020-07-07,0 days 15:59:01.694420,21409,2.01,2.0,14180,16250,3202,-4098
173,AT,2020-07-07,0 days 15:59:02.696939,21111,2.01,2.0,13680,16250,-298,3202
174,ATH,2020-07-07,0 days 15:56:43.357914,368178,30.05,30.03,1080,700,344,-2256
175,ATH,2020-07-07,0 days 15:56:44.360616,366022,30.04,30.03,200,700,-2156,344
176,ATH,2020-07-07,0 days 15:57:36.485275,368178,30.07,30.06,875,1103,2193,-1407
177,ATH,2020-07-07,0 days 15:57:37.487338,367771,30.07,30.05,1356,700,-407,2193
178,ATH,2020-07-07,0 days 15:57:43.503756,367871,30.05,30.04,300,100,-307,3893
179,ATH,2020-07-07,0 days 15:57:52.523772,366351,30.04,30.03,1943,100,2320,-107
180,ATH,2020-07-07,0 days 15:57:53.526230,364671,30.04,30.03,2043,100,-1680,2320
181,ATH,2020-07-07,0 days 15:58:28.612621,370717,30.02,30.01,1561,300,-637,263
182,ATH,2020-07-07,0 days 15:58:29.615561,368754,30.02,30.0,2261,2659,2763,-637
183,ATH,2020-07-07,0 days 15:58:57.683054,371593,30.01,30.0,641,898,-1713,339
184,ATH,2020-07-07,0 days 15:58:58.685452,371406,30.01,30.0,725,907,187,-1713
185,ATH,2020-07-07,0 days 15:59:22.744897,390134,29.98,29.97,1237,561,-1550,951
186,ATH,2020-07-07,0 days 15:59:24.750431,392784,29.98,29.97,727,661,265,-1250
187,ATH,2020-07-07,0 days 15:59:26.754105,382749,29.99,29.98,100,881,-10635,565
188,ATUS,2020-07-07,0 days 15:55:26.236395,233063,23.49,23.48,2512,5813,-273,6544
189,ATUS,2020-07-07,0 days 15:55:27.238713,227436,23.49,23.48,3784,4913,5627,-273
190,ATUS,2020-07-07,0 days 15:55:55.306465,295058,23.48,23.47,4414,2936,-6309,2791
191,ATUS,2020-07-07,0 days 15:57:27.525519,302735,23.48,23.47,14373,3421,73,-6511
192,ATUS,2020-07-07,0 days 15:58:01.608717,301935,23.5,23.49,10582,6362,3073,-4427
193,ATUS,2020-07-07,0 days 15:58:02.611328,295802,23.5,23.49,9580,6662,-6133,3073
194,ATUS,2020-07-07,0 days 15:59:03.760435,310081,23.49,23.48,20641,749,285,-2023
195,ATUS,2020-07-07,0 days 15:59:08.773787,361402,23.48,23.47,14785,2800,38011,-59804
196,ATUS,2020-07-07,0 days 15:59:09.776754,353913,23.47,23.46,11538,5830,-7489,38011
197,ATUS,2020-07-07,0 days 15:59:36.840459,357621,23.45,23.44,16317,15000,-3781,6619
198,AU,2020-07-07,0 days 15:57:51.522223,65435,30.72,30.71,1930,6280,-26,274
199,AU,2020-07-07,0 days 15:57:52.524195,63961,30.72,30.71,1205,10462,1474,-26
200,AU,2020-07-07,0 days 15:58:50.668639,68352,30.72,30.71,9211,2814,-378,1185
201,AU,2020-07-07,0 days 15:58:51.668440,66630,30.72,30.71,10101,2137,1722,-378
202,AU,2020-07-07,0 days 15:59:09.713737,69215,30.72,30.71,11396,3497,-13097,710
203,AU,2020-07-07,0 days 15:59:10.716768,67850,30.72,30.71,16006,926,1365,-13097
204,AU,2020-07-07,0 days 15:59:21.740575,69881,30.72,30.71,10694,5786,-7262,431
205,AUY,2020-07-07,0 days 15:57:48.581362,283572,5.53,5.52,111011,636547,-89443,195457
206,AUY,2020-07-07,0 days 15:57:49.583544,265915,5.53,5.52,111711,615198,18057,-89443
207,AUY,2020-07-07,0 days 15:58:46.722646,311133,5.53,5.52,85570,656947,-24833,20718
208,AUY,2020-07-07,0 days 15:58:47.725697,133766,5.53,5.52,85570,652916,176167,-24833
209,AUY,2020-07-07,0 days 15:59:01.759649,311133,5.53,5.52,94756,645443,-107533,176167
210,AUY,2020-07-07,0 days 15:59:02.763123,298666,5.53,5.52,91156,658433,11267,-107533
211,AVTR,2020-07-07,0 days 15:55:01.102896,220257,18.48,18.47,2440,1204,-252,4848
212,AVTR,2020-07-07,0 days 15:55:14.133453,220509,18.48,18.47,2134,800,60,-252
213,AVTR,2020-07-07,0 days 15:55:24.158765,220569,18.48,18.47,2576,2403,-40,60
214,AVTR,2020-07-07,0 days 15:55:27.165299,221809,18.48,18.47,2376,2703,360,-40
215,AVTR,2020-07-07,0 days 15:57:48.496261,238456,18.45,18.44,6200,5109,274,-819
216,AVTR,2020-07-07,0 days 15:57:49.497911,237530,18.45,18.44,6200,5216,-419,274
217,AVTR,2020-07-07,0 days 15:57:52.504534,238456,18.45,18.44,3073,8292,174,-419
218,AVTR,2020-07-07,0 days 15:57:53.508317,237530,18.45,18.44,3900,8423,-419,174
219,AVTR,2020-07-07,0 days 15:58:05.538446,237630,18.46,18.45,1560,2215,-926,174
220,AVTR,2020-07-07,0 days 15:58:07.542555,238556,18.46,18.45,1660,2415,774,-926
221,AVTR,2020-07-07,0 days 15:58:08.546246,237630,18.46,18.45,1860,2419,-926,774
222,AVTR,2020-07-07,0 days 15:58:12.555303,238631,18.46,18.45,2020,800,599,-901
223,AVTR,2020-07-07,0 days 15:58:13.557220,237730,18.46,18.45,1420,1700,-901,599
224,AVTR,2020-07-07,0 days 15:58:18.569645,238631,18.47,18.46,2892,3200,1099,-901
225,AVTR,2020-07-07,0 days 15:58:27.591204,240963,18.46,18.45,1300,800,1167,-1126
226,AVTR,2020-07-07,0 days 15:58:28.593406,239830,18.46,18.45,100,2100,-626,1167
227,AVTR,2020-07-07,0 days 15:58:48.641649,237382,18.44,18.43,300,6060,4548,-1352
228,AVTR,2020-07-07,0 days 15:58:49.643872,236630,18.45,18.44,1993,300,-752,4548
229,AVTR,2020-07-07,0 days 15:58:57.663464,238718,18.44,18.42,2115,14200,3212,-1352
230,AVTR,2020-07-07,0 days 15:58:58.665255,237830,18.44,18.42,1601,14393,-381,3212
231,AVTR,2020-07-07,0 days 15:59:13.704891,269061,18.43,18.42,6410,13317,9921,-13297
232,AVTR,2020-07-07,0 days 15:59:14.703415,266182,18.43,18.42,5324,16620,-2879,9921
233,AVTR,2020-07-07,0 days 15:59:23.724086,269061,18.43,18.42,5922,7447,6776,-2879
234,AVTR,2020-07-07,0 days 15:59:24.726475,258537,18.43,18.42,6342,7542,-10524,6776
235,AXP,2020-07-07,0 days 15:59:12.792594,450097,92.9,92.89,700,100,-2578,20254
236,AXP,2020-07-07,0 days 15:59:21.812560,453021,92.89,92.88,1200,300,1455,-1243
237,AXP,2020-07-07,0 days 15:59:46.872719,456096,92.93,92.92,2914,566,9120,-30220
238,AXP,2020-07-07,0 days 15:59:47.874899,465216,92.94,92.93,620,1252,-280,9120
239,AXTA,2020-07-07,0 days 15:55:02.241933,89320,22.19,22.18,2474,4804,-266,834
240,AXTA,2020-07-07,0 days 15:55:03.244791,87986,22.19,22.18,4167,7310,1334,-266
241,AXTA,2020-07-07,0 days 15:57:21.580464,92305,22.21,22.2,2940,14900,-298,1528
242,AXTA,2020-07-07,0 days 15:57:22.580774,90903,22.21,22.2,3833,14800,1402,-298
243,AXTA,2020-07-07,0 days 15:57:41.628960,92305,22.22,22.21,2893,8773,-398,502
244,AXTA,2020-07-07,0 days 15:57:42.629715,91103,22.22,22.21,3886,9473,1202,-398
245,AXTA,2020-07-07,0 days 15:57:45.636382,92305,22.22,22.21,2593,8989,-98,802
246,AXTA,2020-07-07,0 days 15:57:46.639311,91203,22.22,22.21,4393,15717,1102,-98
247,AXTA,2020-07-07,0 days 15:58:14.707875,92400,22.23,22.22,3493,16767,-268,959
248,AXTA,2020-07-07,0 days 15:58:15.710091,91568,22.23,22.22,4386,16634,832,-268
249,AXTA,2020-07-07,0 days 15:58:37.763763,92400,22.23,22.22,5215,9014,-1368,132
250,AXTA,2020-07-07,0 days 15:58:38.766086,89768,22.23,22.22,6505,8485,2632,-1368
251,AXTA,2020-07-07,0 days 15:59:09.842997,115435,22.23,22.22,3900,6033,-749,651
252,AXTA,2020-07-07,0 days 15:59:27.873440,119565,22.24,22.23,698,15726,1082,-649
253,AZN,2020-07-07,0 days 15:55:01.239714,39927,53.48,53.47,2000,2501,349,-251
254,AZN,2020-07-07,0 days 15:55:26.301786,40276,53.49,53.48,806,2702,-88,349
255,AZN,2020-07-07,0 days 15:55:27.303985,39964,53.49,53.48,1306,2502,312,-88
256,AZN,2020-07-07,0 days 15:55:45.347140,40276,53.49,53.48,1835,2000,-65,109
257,AZN,2020-07-07,0 days 15:55:46.350293,40041,53.49,53.48,1701,1700,235,-65
258,AZN,2020-07-07,0 days 15:56:11.409407,40276,53.49,53.48,3700,2531,-817,235
259,AZN,2020-07-07,0 days 15:56:12.411672,40093,53.49,53.48,4300,2431,183,-817
260,AZN,2020-07-07,0 days 15:56:34.464280,51176,53.49,53.48,3966,3067,-1157,543
261,AZN,2020-07-07,0 days 15:57:07.545603,52333,53.48,53.47,6601,4341,1249,-1151
262,AZN,2020-07-07,0 days 15:57:08.546926,51382,53.48,53.47,6937,4611,-951,1249
263,AZN,2020-07-07,0 days 15:57:16.568939,51382,53.49,53.48,2500,1010,-751,349
264,AZN,2020-07-07,0 days 15:57:57.665312,52133,53.5,53.49,11652,12628,49,-151
265,AZN,2020-07-07,0 days 15:57:58.667745,51782,53.5,53.49,12252,13528,-351,49
266,AZN,2020-07-07,0 days 15:59:49.927622,57104,53.47,53.46,7381,906,-295,2405
267,AZUL,2020-07-07,0 days 15:56:25.234682,24809,11.93,11.92,550,1952,-396,504
268,AZUL,2020-07-07,0 days 15:56:26.236809,23905,11.93,11.92,650,1852,904,-396
269,AZUL,2020-07-07,0 days 15:57:25.378880,24809,11.94,11.93,1982,2413,-1596,804
270,AZUL,2020-07-07,0 days 15:57:26.381251,24105,11.94,11.93,1982,2413,704,-1596
271,BA,2020-07-07,0 days 15:59:14.788102,528738,178.91,178.9,1300,4921,3081,-2676
272,BA,2020-07-07,0 days 15:59:23.809500,531517,179.0,178.98,300,500,-1921,2982
273,BA,2020-07-07,0 days 15:59:31.828742,528938,178.95,178.93,193,400,2982,-1808
274,BA,2020-07-07,0 days 15:59:50.872814,507571,178.93,178.91,100,120,-21367,11133
275,BABA,2020-07-07,0 days 15:54:41.126362,411698,236.51,236.5,300,358,2466,-3688
276,BABA,2020-07-07,0 days 15:54:49.143882,408010,236.61,236.59,200,639,-3688,2466
277,BABA,2020-07-07,0 days 15:59:56.878934,603626,236.44,236.41,1751,12004,5128,-2463
278,BAC,2020-07-07,0 days 15:59:10.845418,3452801,22.97,22.96,35415,78865,22140,-268507
279,BAX,2020-07-07,0 days 15:55:01.035427,141942,85.0,84.99,2212,452,2518,-9
280,BAX,2020-07-07,0 days 15:55:27.095739,143260,85.03,85.02,400,684,-414,7
281,BAX,2020-07-07,0 days 15:55:33.109772,143674,85.03,85.02,452,1474,286,-114
282,BAX,2020-07-07,0 days 15:55:41.130232,143981,85.02,85.01,700,1433,-326,307
283,BAX,2020-07-07,0 days 15:55:50.154453,145566,84.99,84.97,523,700,186,-140
284,BAX,2020-07-07,0 days 15:55:51.153057,145452,84.99,84.96,500,100,-114,186
285,BAX,2020-07-07,0 days 15:55:54.159978,145566,84.99,84.97,1406,700,866,-114
286,BAX,2020-07-07,0 days 15:55:55.163358,145532,85.01,84.99,812,585,-34,866
287,BAX,2020-07-07,0 days 15:56:31.248688,146032,85.08,85.07,603,1639,-111,189
288,BAX,2020-07-07,0 days 15:56:32.251477,145843,85.08,85.07,703,1687,189,-111
289,BAX,2020-07-07,0 days 15:56:43.277723,150132,85.1,85.09,873,2210,-1727,189
290,BAX,2020-07-07,0 days 15:57:27.384253,154800,85.11,85.1,2342,992,11093,-1066
291,BAX,2020-07-07,0 days 15:57:28.386568,153393,85.13,85.12,465,382,-1407,11093
292,BAX,2020-07-07,0 days 15:57:39.412771,154800,85.12,85.11,537,700,134,-666
293,BAX,2020-07-07,0 days 15:57:40.416781,153234,85.12,85.11,748,1800,-1571,134
294,BAX,2020-07-07,0 days 15:57:53.446917,154806,85.1,85.08,667,600,7775,-1548
295,BAX,2020-07-07,0 days 15:57:54.449649,154581,85.1,85.08,600,400,-225,7775
296,BAX,2020-07-07,0 days 15:58:06.479765,154806,85.12,85.1,1718,705,575,-525
297,BAX,2020-07-07,0 days 15:58:07.482416,154581,85.12,85.11,700,600,-426,575
298,BAX,2020-07-07,0 days 15:58:15.501389,155192,85.14,85.13,2155,612,766,-434
299,BAX,2020-07-07,0 days 15:58:17.506492,154958,85.13,85.12,100,681,-234,166
300,BAX,2020-07-07,0 days 15:58:18.509766,155192,85.13,85.12,604,781,37,-234
301,BAX,2020-07-07,0 days 15:58:19.512220,155029,85.14,85.13,800,400,-163,37
302,BAX,2020-07-07,0 days 15:58:26.528337,155192,85.15,85.14,900,967,537,-363
303,BAX,2020-07-07,0 days 15:58:27.530830,154829,85.15,85.14,931,1200,-363,537
304,BAX,2020-07-07,0 days 15:58:37.554489,155192,85.15,85.14,762,1120,1537,-163
305,BAX,2020-07-07,0 days 15:58:38.557608,154929,85.15,85.14,200,1831,-263,1537
306,BAX,2020-07-07,0 days 15:58:40.562032,155192,85.13,85.11,709,300,973,-263
307,BAX,2020-07-07,0 days 15:58:41.564211,156365,85.14,85.12,900,400,-427,973
308,BAX,2020-07-07,0 days 15:58:43.569056,155992,85.14,85.12,810,600,173,-27
309,BAX,2020-07-07,0 days 15:58:55.598579,156263,85.15,85.13,700,500,-29,171
310,BAX,2020-07-07,0 days 15:58:56.600431,156092,85.14,85.13,300,615,171,-29
311,BAX,2020-07-07,0 days 15:59:00.611462,156263,85.14,85.13,677,526,-6077,171
312,BAX,2020-07-07,0 days 15:59:01.612624,162335,85.13,85.12,400,300,3107,-6077
313,BAX,2020-07-07,0 days 15:59:02.617709,162042,85.14,85.12,1197,300,-293,3107
314,BAX,2020-07-07,0 days 15:59:06.626030,181539,85.11,85.1,300,600,17839,-756
315,BAX,2020-07-07,0 days 15:59:07.628144,178757,85.16,85.13,703,400,-2782,17839
316,BAX,2020-07-07,0 days 15:59:08.631838,181539,85.14,85.11,700,700,618,-2782
317,BAX,2020-07-07,0 days 15:59:56.740670,188339,85.51,85.5,22694,116,-8134,6505
318,BB,2020-07-07,0 days 15:59:01.675122,51887,4.81,4.8,127197,112900,28808,-36492
319,BB,2020-07-07,0 days 15:59:02.677913,49295,4.81,4.8,124747,113700,-2592,28808
320,BB,2020-07-07,0 days 15:59:27.732842,63558,4.81,4.8,122235,102707,3093,-3207
321,BB,2020-07-07,0 days 15:59:28.735313,60751,4.81,4.8,133735,102507,-2807,3093
322,BB,2020-07-07,0 days 15:59:39.762877,63558,4.81,4.8,134340,112807,5393,-2807
323,BB,2020-07-07,0 days 15:59:40.765338,61551,4.81,4.8,137436,111702,-2007,5393
324,BBVA,2020-07-07,0 days 15:58:08.546452,18852,3.54,3.53,204307,314279,1360,-1244
325,BBVA,2020-07-07,0 days 15:59:36.754837,23274,3.54,3.53,443928,285290,-4100,4900
326,BBVA,2020-07-07,0 days 15:59:37.758108,22974,3.54,3.53,451528,280290,300,-4100
327,BBY,2020-07-07,0 days 15:55:01.035325,142188,85.46,85.45,300,100,-70963,11833
328,BBY,2020-07-07,0 days 15:58:40.562032,213636,85.53,85.51,622,500,1383,-1538
329,BBY,2020-07-07,0 days 15:58:41.564211,209419,85.52,85.5,640,3708,-4217,1383
330,BBY,2020-07-07,0 days 15:58:56.600392,209120,85.47,85.45,671,200,-5716,584
331,BBY,2020-07-07,0 days 15:59:00.611428,214836,85.48,85.45,1300,300,348,-5716
332,BBY,2020-07-07,0 days 15:59:01.612581,212675,85.46,85.44,400,2414,-2161,348
333,BBY,2020-07-07,0 days 15:59:06.626002,217331,85.46,85.45,100,400,1237,-4120
334,BBY,2020-07-07,0 days 15:59:07.628085,216568,85.46,85.45,386,400,-763,1237
335,BBY,2020-07-07,0 days 15:59:10.635765,217331,85.54,85.53,628,1602,420,-3163
336,BBY,2020-07-07,0 days 15:59:13.643146,214946,85.57,85.54,662,1154,-2672,1215
337,BBY,2020-07-07,0 days 15:59:20.654016,217612,85.54,85.53,687,920,634,-2166
338,BBY,2020-07-07,0 days 15:59:25.665857,215004,85.54,85.53,600,920,-2608,5545
339,BBY,2020-07-07,0 days 15:59:27.670494,217612,85.56,85.54,412,200,365,-1308
340,BBY,2020-07-07,0 days 15:59:46.716865,217025,85.58,85.57,495,457,-1336,2700
341,BBY,2020-07-07,0 days 15:59:58.744335,215135,85.59,85.55,1000,2750,-3226,3666
342,BDN,2020-07-07,0 days 15:57:42.502641,157807,10.22,10.21,5407,9300,-161,1139
343,BDN,2020-07-07,0 days 15:57:43.505816,155068,10.22,10.21,7907,8100,2739,-161
344,BDN,2020-07-07,0 days 15:58:11.574832,157898,10.23,10.22,9000,23669,-310,680
345,BDN,2020-07-07,0 days 15:58:12.574307,154908,10.23,10.22,9000,22769,2990,-310
346,BDN,2020-07-07,0 days 15:58:46.656980,156849,10.23,10.22,6900,13673,-140,1941
347,BDN,2020-07-07,0 days 15:58:47.659156,154289,10.23,10.22,7100,12473,2560,-140
348,BDN,2020-07-07,0 days 15:59:05.703978,161210,10.24,10.23,24927,1255,-799,1551
349,BDN,2020-07-07,0 days 15:59:06.707677,154509,10.23,10.22,17641,8442,6701,-799
350,BDN,2020-07-07,0 days 15:59:07.710239,161210,10.23,10.22,14045,12042,-1269,6701
351,BDN,2020-07-07,0 days 15:59:08.712424,159479,10.23,10.22,13583,9242,1731,-1269
352,BDN,2020-07-07,0 days 15:59:19.736279,161210,10.22,10.21,4817,10751,-6560,1831
353,BDN,2020-07-07,0 days 15:59:20.738424,160070,10.22,10.21,4217,10351,1140,-6560
354,BDX,2020-07-07,0 days 15:59:06.707324,169665,250.98,250.8,1102,310,9569,-5742
355,BDX,2020-07-07,0 days 15:59:07.709985,167640,250.98,250.8,1102,310,-2868,9569
356,BDX,2020-07-07,0 days 15:59:10.716832,170008,250.98,250.84,500,200,7185,-424
357,BDX,2020-07-07,0 days 15:59:11.718837,168593,250.86,250.77,101,345,-1415,7185
358,BDX,2020-07-07,0 days 15:59:12.721509,170008,250.86,250.77,201,445,2461,-1415
359,BDX,2020-07-07,0 days 15:59:13.724356,165569,250.86,250.77,302,445,-4439,2461
360,BDX,2020-07-07,0 days 15:59:21.740622,172608,251.14,251.07,100,100,48212,-638
361,BDX,2020-07-07,0 days 15:59:42.790914,219500,251.38,251.23,500,792,-788,1102
362,BDX,2020-07-07,0 days 15:59:48.805615,219676,251.43,251.35,300,400,1575,-129
363,BE,2020-07-07,0 days 15:57:32.534678,87963,11.34,11.33,1100,1039,1686,-214
364,BE,2020-07-07,0 days 15:59:12.779851,96916,11.31,11.3,1318,3503,-135,213
365,BE,2020-07-07,0 days 15:59:15.785305,96034,11.31,11.3,1221,3523,782,-135
366,BEN,2020-07-07,0 days 15:56:34.399623,255273,20.68,20.67,3102,11950,10461,-4639
367,BEN,2020-07-07,0 days 15:56:35.402182,252434,20.69,20.68,5018,8491,-2839,10461
368,BEN,2020-07-07,0 days 15:57:48.576503,287551,20.69,20.68,2946,7765,975,-8451
369,BEN,2020-07-07,0 days 15:57:49.579411,283126,20.69,20.68,5566,9165,-102,975
370,BEN,2020-07-07,0 days 15:58:52.733135,279411,20.68,20.67,9635,890,-2515,1785
371,BEN,2020-07-07,0 days 15:59:22.807352,282359,20.66,20.65,8505,6320,-535,1265
372,BEN,2020-07-07,0 days 15:59:23.809364,282894,20.66,20.65,9470,7420,2713,-535
373,BEN,2020-07-07,0 days 15:59:46.864746,294577,20.66,20.65,8800,9485,-143,2783
374,BEN,2020-07-07,0 days 15:59:47.866233,294720,20.66,20.65,2480,12441,4781,-143
375,BHC,2020-07-07,0 days 15:56:05.326333,52474,18.5,18.49,1077,5039,2605,-385
376,BHC,2020-07-07,0 days 15:56:06.329126,50879,18.5,18.49,745,5349,-1595,2605
377,BHC,2020-07-07,0 days 15:57:52.582930,54202,18.49,18.48,11514,520,2077,-1234
378,BHC,2020-07-07,0 days 15:57:53.585556,52679,18.49,18.48,11514,820,-1244,2077
379,BHC,2020-07-07,0 days 15:58:31.678803,52266,18.47,18.46,13304,6420,-1199,501
380,BHC,2020-07-07,0 days 15:59:07.768505,53415,18.46,18.45,3626,1700,58,-1446
381,BHC,2020-07-07,0 days 15:59:22.799561,52773,18.45,18.44,9530,3967,-862,16
382,BHC,2020-07-07,0 days 15:59:45.854706,52573,18.44,18.43,4076,10221,-514,11586
383,BK,2020-07-07,0 days 15:55:45.279124,403372,37.71,37.7,5106,1300,-245,2286
384,BK,2020-07-07,0 days 15:56:02.318793,401114,37.7,37.69,5872,6662,2258,-273
385,BK,2020-07-07,0 days 15:56:11.340385,404205,37.7,37.69,6410,4904,-1779,2258
386,BK,2020-07-07,0 days 15:56:12.342998,399784,37.7,37.69,6610,4204,4421,-1779
387,BK,2020-07-07,0 days 15:56:36.400509,404205,37.71,37.7,1900,5300,-54045,5955
388,BK,2020-07-07,0 days 15:56:37.403228,398350,37.7,37.69,1644,2500,5855,-54045
389,BK,2020-07-07,0 days 15:57:26.520279,398738,37.77,37.76,3919,4182,1511,-2032
390,BK,2020-07-07,0 days 15:58:04.612979,404269,37.73,37.72,2351,3026,-1951,3087
391,BK,2020-07-07,0 days 15:58:05.615837,400920,37.73,37.72,3751,3091,3349,-1951
392,BK,2020-07-07,0 days 15:58:11.630611,404292,37.74,37.73,4600,800,-4448,2452
393,BK,2020-07-07,0 days 15:58:12.632442,401640,37.74,37.73,5097,723,2652,-4448
394,BK,2020-07-07,0 days 15:58:21.654659,405264,37.74,37.73,1597,6793,-876,3624
395,BK,2020-07-07,0 days 15:58:22.656590,402540,37.74,37.73,5468,3182,2724,-876
396,BK,2020-07-07,0 days 15:58:59.746800,435064,37.74,37.73,1600,5925,-5418,716
397,BK,2020-07-07,0 days 15:59:00.750234,431682,37.74,37.73,1777,6090,3382,-5418
398,BK,2020-07-07,0 days 15:59:04.759879,451941,37.75,37.74,7097,200,-9262,2538
399,BK,2020-07-07,0 days 15:59:05.762916,450328,37.74,37.73,3723,3193,1613,-9262
400,BK,2020-07-07,0 days 15:59:07.768118,483766,37.75,37.74,1332,7327,-20764,27096
401,BK,2020-07-07,0 days 15:59:08.770211,478130,37.74,37.73,100,5882,5636,-20764
402,BK,2020-07-07,0 days 15:59:24.804713,488257,37.74,37.73,1934,4200,-433,10321
403,BK,2020-07-07,0 days 15:59:38.837795,488257,37.74,37.73,1205,9558,-3455,4045
404,BK,2020-07-07,0 days 15:59:47.859406,478774,37.75,37.74,2291,5906,12528,-6178
405,BKR,2020-07-07,0 days 15:59:06.779140,470888,15.24,15.23,12632,17280,5189,-26817
406,BKR,2020-07-07,0 days 15:59:07.780360,445763,15.24,15.23,4365,21005,-25125,5189
407,BKR,2020-07-07,0 days 15:59:45.870470,467322,15.24,15.23,15296,10415,-4371,7507
408,BLL,2020-07-07,0 days 15:57:37.408612,328709,72.63,72.62,592,200,-1242,858
409,BLL,2020-07-07,0 days 15:57:38.410646,320151,72.62,72.61,400,1237,8558,-1242
410,BLL,2020-07-07,0 days 15:57:47.432210,328709,72.62,72.61,1047,238,-1142,458
411,BLL,2020-07-07,0 days 15:57:48.436502,322451,72.61,72.6,300,930,6258,-1142
412,BLL,2020-07-07,0 days 15:59:01.612862,328864,72.57,72.56,400,1762,-863,584
413,BLL,2020-07-07,0 days 15:59:05.624073,326964,72.54,72.53,1309,159,5384,-12000
414,BLL,2020-07-07,0 days 15:59:33.685149,407421,72.65,72.64,446,1173,-2802,4759
415,BLL,2020-07-07,0 days 15:59:40.703929,396423,72.65,72.64,2324,714,11745,-1842
416,BMY,2020-07-07,0 days 15:59:35.837983,1545575,60.26,60.25,2482,2800,-8592,9700
417,BMY,2020-07-07,0 days 15:59:36.840551,1518675,60.23,60.22,2859,5182,26900,-8592
418,BMY,2020-07-07,0 days 15:59:47.866204,1545775,60.26,60.25,4376,3067,-14875,3321
419,BMY,2020-07-07,0 days 15:59:50.872427,1519861,60.26,60.25,8079,6716,25914,-36972
420,BOX,2020-07-07,0 days 15:55:00.237417,97315,20.63,20.62,2203,1936,-1951,16280
421,BOX,2020-07-07,0 days 15:55:01.239676,96366,20.63,20.62,2226,2238,949,-1951
422,BOX,2020-07-07,0 days 15:55:26.301730,98415,20.65,20.64,2303,1077,-3598,1149
423,BOX,2020-07-07,0 days 15:55:27.303952,101313,20.65,20.64,3202,332,2702,-3598
424,BOX,2020-07-07,0 days 15:55:28.305368,101015,20.65,20.64,3102,532,-298,2702
425,BOX,2020-07-07,0 days 15:56:45.493183,102716,20.66,20.65,2858,2741,107,-140
426,BOX,2020-07-07,0 days 15:56:46.493298,102323,20.66,20.65,2858,3090,-393,107
427,BOX,2020-07-07,0 days 15:57:23.585422,102716,20.67,20.66,2363,1050,902,-1398
428,BOX,2020-07-07,0 days 15:57:24.587824,102518,20.67,20.66,2263,1450,-198,902
429,BOX,2020-07-07,0 days 15:58:03.681685,102716,20.64,20.63,1689,2000,697,-1398
430,BOX,2020-07-07,0 days 15:58:11.703084,106205,20.64,20.63,4006,4082,-442,389
431,BOX,2020-07-07,0 days 15:58:12.702952,105997,20.64,20.63,4003,4087,208,-442
432,BOX,2020-07-07,0 days 15:59:04.829934,106808,20.62,20.61,4055,4800,-1407,483
433,BOX,2020-07-07,0 days 15:59:06.835231,107815,20.62,20.61,4118,3218,293,-807
434,BOX,2020-07-07,0 days 15:59:20.857652,116644,20.63,20.62,6138,5927,28,-285
435,BP,2020-07-07,0 days 15:55:45.286272,73676,23.04,23.03,4172,26385,-2284,1018
436,BP,2020-07-07,0 days 15:59:06.773659,78170,23.03,23.02,39382,16363,489,-707
437,BRK.B,2020-07-07,0 days 15:57:58.520210,557593,180.81,180.78,400,1200,3993,-65607
438,BRK.B,2020-07-07,0 days 15:58:41.625089,561057,180.84,180.82,110,100,-16761,103339
439,BRK.B,2020-07-07,0 days 15:58:42.628068,531118,180.81,180.8,100,610,132339,-16761
440,BRK.B,2020-07-07,0 days 15:58:43.630695,561012,180.84,180.83,580,100,-20606,132339
441,BRK.B,2020-07-07,0 days 15:58:44.632716,558218,180.8,180.79,100,300,105239,-20606
442,BRK.B,2020-07-07,0 days 15:58:47.639503,561012,180.86,180.85,610,100,-20706,101578
443,BRK.B,2020-07-07,0 days 15:58:48.642276,558218,180.8,180.79,200,200,102839,-20706
444,BRK.B,2020-07-07,0 days 15:58:49.644155,561057,180.82,180.81,200,200,-20661,102839
445,BRK.B,2020-07-07,0 days 15:58:50.649249,558218,180.74,180.73,100,200,106378,-20661
446,BRK.B,2020-07-07,0 days 15:59:17.708835,597347,180.85,180.83,610,400,-13382,100211
447,BRK.B,2020-07-07,0 days 15:59:18.711831,594529,180.8,180.79,528,110,105263,-13382
448,BRK.B,2020-07-07,0 days 15:59:19.714325,596891,180.88,180.87,100,500,-13738,105263
449,BRK.B,2020-07-07,0 days 15:59:20.716441,592329,180.85,180.82,200,300,5018,-13738
450,BRK.B,2020-07-07,0 days 15:59:21.718345,597347,180.87,180.84,500,200,-282,5018
451,BRK.B,2020-07-07,0 days 15:59:22.721325,597629,180.87,180.84,1100,300,16018,-282
452,BRK.B,2020-07-07,0 days 15:59:24.726519,615847,180.86,180.85,200,600,-1037,12063
453,BRK.B,2020-07-07,0 days 15:59:26.730982,609584,180.96,180.93,1021,905,4540,-4712
454,BRK.B,2020-07-07,0 days 15:59:45.776753,614424,180.95,180.93,1401,500,-3087,1090
455,BRK.B,2020-07-07,0 days 15:59:46.779742,612311,180.95,180.92,1141,691,2588,-3087
456,BSX,2020-07-07,0 days 15:55:42.200986,589387,34.62,34.61,6400,2919,-654,17021
457,BSX,2020-07-07,0 days 15:55:44.206940,574258,34.61,34.6,6200,2602,15129,-654
458,BSX,2020-07-07,0 days 15:56:42.343117,588693,34.7,34.69,1527,7955,-86,2613
459,BSX,2020-07-07,0 days 15:56:44.348030,573479,34.7,34.69,3629,6355,13114,-2286
460,BSX,2020-07-07,0 days 15:59:00.671455,627019,34.59,34.58,9287,2728,-11189,12701
461,BSX,2020-07-07,0 days 15:59:01.673069,621455,34.59,34.58,8867,4546,5355,-11189
462,BSX,2020-07-07,0 days 15:59:02.675770,626810,34.59,34.58,9770,5146,-2738,5355
463,BSX,2020-07-07,0 days 15:59:06.685883,630548,34.59,34.58,9277,4907,46723,-940
464,BSX,2020-07-07,0 days 15:59:13.702962,679306,34.6,34.59,38694,4770,-21458,10212
465,BSX,2020-07-07,0 days 15:59:14.701531,676089,34.6,34.59,37794,5381,3038,-21458
466,BSX,2020-07-07,0 days 15:59:23.722055,680756,34.6,34.59,37708,9557,-44881,4288
467,BSX,2020-07-07,0 days 15:59:24.724474,622834,34.6,34.59,40492,6159,57743,-44881
468,BSX,2020-07-07,0 days 15:59:27.730952,680577,34.62,34.6,4801,5447,-17592,2040
469,BSX,2020-07-07,0 days 15:59:28.733343,675769,34.61,34.6,3700,4597,4808,-17592
470,BSX,2020-07-07,0 days 15:59:29.736165,680577,34.62,34.6,5000,5497,-10237,4808
471,BSX,2020-07-07,0 days 15:59:30.738611,663814,34.62,34.61,5900,2075,16763,-10237
472,BSX,2020-07-07,0 days 15:59:44.772528,680143,34.62,34.61,12540,1479,-13517,1535
473,BSX,2020-07-07,0 days 15:59:48.782346,679467,34.61,34.6,11843,2610,676,-2624
474,BSX,2020-07-07,0 days 15:59:56.799989,664072,34.64,34.63,6700,5900,-14327,5076
475,BUD,2020-07-07,0 days 15:59:24.820499,43636,52.5,52.48,800,991,261,-539
476,BUD,2020-07-07,0 days 15:59:48.878890,43897,52.49,52.48,2661,740,-39,161
477,BUD,2020-07-07,0 days 15:59:50.884402,43136,52.49,52.48,2361,889,761,-39
478,BWA,2020-07-07,0 days 15:59:23.801712,250044,35.09,35.08,1228,1107,-3993,5962
479,BWA,2020-07-07,0 days 15:59:24.804680,246057,35.07,35.06,1843,600,3987,-3993
480,BWA,2020-07-07,0 days 15:59:48.861855,248323,35.04,35.03,1340,2100,2035,-4365
481,BX,2020-07-07,0 days 15:57:20.428930,120805,53.53,53.52,2005,2104,-1051,249
482,BX,2020-07-07,0 days 15:57:58.520406,121299,53.57,53.56,3972,2001,-577,123
483,BX,2020-07-07,0 days 15:58:41.625923,121758,53.57,53.56,1166,974,-463,1337
484,BX,2020-07-07,0 days 15:58:53.654838,123271,53.57,53.56,2263,770,158,-554
485,BX,2020-07-07,0 days 15:58:54.657087,122829,53.57,53.56,1263,1125,-442,158
486,BX,2020-07-07,0 days 15:58:57.664279,122935,53.55,53.54,100,960,-336,564
487,BX,2020-07-07,0 days 15:59:07.691072,134426,53.59,53.58,700,801,-145,10273
488,BX,2020-07-07,0 days 15:59:15.706247,134820,53.59,53.57,877,2459,-85,921
489,BX,2020-07-07,0 days 15:59:16.707335,134905,53.59,53.57,1089,2247,921,-85
490,BX,2020-07-07,0 days 15:59:41.767665,137502,53.6,53.59,693,1208,-3,1003
491,BYD,2020-07-07,0 days 15:55:18.074022,68596,18.32,18.31,1739,2587,-406,253
492,BYD,2020-07-07,0 days 15:55:19.076440,68002,18.32,18.31,3159,2287,594,-406
493,BYD,2020-07-07,0 days 15:55:29.100415,68996,18.31,18.3,1933,10893,-52,548
494,BYD,2020-07-07,0 days 15:56:58.314033,73114,18.36,18.35,1853,7703,1896,-3504
495,BYD,2020-07-07,0 days 15:56:59.316691,72710,18.37,18.36,3420,1412,-4,1896
496,BYD,2020-07-07,0 days 15:58:06.479945,74214,18.38,18.37,6713,8801,328,-504
497,BYD,2020-07-07,0 days 15:59:06.626294,78405,18.39,18.38,3058,4326,5486,-1926
498,BYD,2020-07-07,0 days 15:59:45.714869,85519,18.41,18.4,1802,4766,-363,137
499,C,2020-07-07,0 days 15:59:08.839933,992002,50.29,50.28,4931,2748,-5870,110976
500,C,2020-07-07,0 days 15:59:10.845211,1044938,50.29,50.28,5099,809,11506,-21536
501,C,2020-07-07,0 days 15:59:47.922027,1094432,50.29,50.28,6594,8660,-34155,7753
502,C,2020-07-07,0 days 15:59:48.925533,1094887,50.28,50.27,4416,5996,8194,-34155
503,CAG,2020-07-07,0 days 15:55:00.170404,240986,35.79,35.78,1751,2150,-802,5107
504,CAG,2020-07-07,0 days 15:55:14.203874,243298,35.82,35.81,200,5653,147,-1543
505,CAG,2020-07-07,0 days 15:55:22.222570,243445,35.81,35.8,1021,3156,-753,147
506,CAG,2020-07-07,0 days 15:55:33.249988,244198,35.81,35.8,1606,3748,247,-753
507,CAG,2020-07-07,0 days 15:56:30.386162,236432,35.83,35.82,2329,4739,-7766,534
508,CAG,2020-07-07,0 days 15:56:34.395774,244198,35.83,35.82,4257,3396,1334,-7766
509,CAG,2020-07-07,0 days 15:56:42.415209,245532,35.83,35.82,3829,4596,-336,1134
510,CAG,2020-07-07,0 days 15:57:05.469823,243956,35.84,35.83,2409,6464,2293,-219
511,CAG,2020-07-07,0 days 15:57:27.522829,246272,35.87,35.86,1405,4578,-1241,2016
512,CAG,2020-07-07,0 days 15:58:06.618096,247513,35.85,35.84,4861,588,1439,-6967
513,CAG,2020-07-07,0 days 15:58:15.639644,240652,35.84,35.83,2545,2119,-6861,1439
514,CAG,2020-07-07,0 days 15:58:23.659273,247513,35.83,35.82,1352,2100,1439,-5461
515,CAG,2020-07-07,0 days 15:58:30.677223,241852,35.83,35.82,9172,1855,-5461,1439
516,CAG,2020-07-07,0 days 15:58:34.685779,247513,35.83,35.82,7115,564,1439,-5461
517,CAG,2020-07-07,0 days 15:58:39.698042,242052,35.84,35.83,3108,3003,-3004,3696
518,CAG,2020-07-07,0 days 15:58:42.705461,245256,35.84,35.83,4837,1103,3926,-3204
519,CAG,2020-07-07,0 days 15:59:11.777615,286339,35.86,35.85,512,6147,-7962,14038
520,CAG,2020-07-07,0 days 15:59:12.779791,283433,35.86,35.85,1412,5619,2906,-7962
521,CAG,2020-07-07,0 days 15:59:42.849986,296189,35.86,35.85,5373,7702,-72,2018
522,CAG,2020-07-07,0 days 15:59:46.857144,294997,35.86,35.85,4624,8195,1833,-2676
523,CAG,2020-07-07,0 days 15:59:48.861890,296830,35.87,35.86,3371,7475,-63,656
524,CAH,2020-07-07,0 days 15:55:09.132921,160521,50.27,50.26,303,378,-596,700
525,CAH,2020-07-07,0 days 15:55:10.134232,159817,50.29,50.27,351,1000,704,-596
526,CAH,2020-07-07,0 days 15:56:42.356140,162653,50.31,50.3,1540,845,-768,233
527,CAH,2020-07-07,0 days 15:56:43.358545,161921,50.31,50.3,898,996,732,-768
528,CAH,2020-07-07,0 days 15:57:27.464077,163016,50.35,50.34,1026,593,-924,647
529,CAH,2020-07-07,0 days 15:57:28.466857,162240,50.35,50.34,1322,902,776,-924
530,CAH,2020-07-07,0 days 15:59:04.701828,183468,50.26,50.24,600,1153,-263,336
531,CAH,2020-07-07,0 days 15:59:05.705047,181056,50.26,50.25,700,101,1801,-263
532,CAH,2020-07-07,0 days 15:59:24.750786,211554,50.23,50.22,540,100,-4094,4306
533,CAH,2020-07-07,0 days 15:59:51.816530,217354,50.2,50.19,300,493,8301,-1958
534,CARR,2020-07-07,0 days 15:55:00.100303,616676,23.96,23.95,10381,2612,98054,-1299
535,CARR,2020-07-07,0 days 15:59:14.703915,821632,23.96,23.95,1442,3401,-15592,14538
536,CARR,2020-07-07,0 days 15:59:15.706247,784324,23.96,23.95,1542,3818,37308,-15592
537,CARR,2020-07-07,0 days 15:59:34.750593,824434,23.98,23.97,1846,4500,-32580,3688
538,CARR,2020-07-07,0 days 15:59:35.753329,819646,23.98,23.97,1646,5700,4788,-32580
539,CAT,2020-07-07,0 days 15:59:12.702480,275576,127.03,127.01,305,300,2646,-10274
540,CAT,2020-07-07,0 days 15:59:13.705268,269768,127.05,127.03,100,368,-5808,2646
541,CAT,2020-07-07,0 days 15:59:15.706201,275576,127.04,127.03,374,299,17511,-1908
542,CAT,2020-07-07,0 days 15:59:16.707287,274516,127.09,127.06,200,858,-1060,17511
543,CAT,2020-07-07,0 days 15:59:23.724488,286546,127.1,127.07,200,100,835,-110
544,CAT,2020-07-07,0 days 15:59:48.784679,290005,127.13,127.12,401,221,2883,-217
545,CAT,2020-07-07,0 days 15:59:56.802253,292888,127.2,127.18,1231,3002,-2217,2483
546,CC,2020-07-07,0 days 15:57:17.503955,63507,15.85,15.84,100,6892,-1187,1471
547,CC,2020-07-07,0 days 15:57:18.509077,62694,15.85,15.84,1232,6200,813,-1187
548,CC,2020-07-07,0 days 15:57:32.538303,62552,15.87,15.86,3805,6626,955,-1845
549,CC,2020-07-07,0 days 15:59:00.753813,64235,15.83,15.82,19570,1517,-901,939
550,CC,2020-07-07,0 days 15:59:01.756617,61836,15.83,15.82,19670,1517,1768,-901
551,CCI,2020-07-07,0 days 15:56:58.522795,174212,171.59,171.56,1304,900,-2611,127
552,CCI,2020-07-07,0 days 15:56:59.525077,169823,171.58,171.54,400,600,4389,-2611
553,CCI,2020-07-07,0 days 15:58:14.707759,176910,171.79,171.75,109,320,-1427,2373
554,CCI,2020-07-07,0 days 15:58:15.710051,173337,171.78,171.75,200,300,3573,-1427
555,CCI,2020-07-07,0 days 15:59:10.845245,182843,171.6,171.53,1144,200,-900,2622
556,CCI,2020-07-07,0 days 15:59:15.845354,185522,171.52,171.5,500,535,-421,779
557,CCI,2020-07-07,0 days 15:59:19.855473,188673,171.47,171.43,400,125,-572,2375
558,CCI,2020-07-07,0 days 15:59:33.889421,190156,171.36,171.31,945,184,1053,-447
559,CCI,2020-07-07,0 days 15:59:34.891600,191209,171.36,171.31,1045,136,-347,1053
560,CCJ,2020-07-07,0 days 15:57:41.499771,116469,10.78,10.77,23971,26001,-320,680
561,CCJ,2020-07-07,0 days 15:57:48.515373,109689,10.78,10.77,23671,26576,6780,-1320
562,CCJ,2020-07-07,0 days 15:59:06.707090,116362,10.78,10.77,30341,9294,-3741,2805
563,CCJ,2020-07-07,0 days 15:59:07.709550,106003,10.78,10.77,29741,8843,13232,-3741
564,CCJ,2020-07-07,0 days 15:59:45.799611,119138,10.79,10.78,33405,19093,830,-4459
565,CCL,2020-07-07,0 days 15:57:18.362531,603869,14.62,14.61,32766,12876,1855,-7578
566,CCL,2020-07-07,0 days 15:57:19.365787,598324,14.62,14.61,32766,12876,-5545,1855
567,CCL,2020-07-07,0 days 15:57:40.416850,613303,14.62,14.61,34225,28750,1921,-2779
568,CCL,2020-07-07,0 days 15:57:41.417827,607624,14.62,14.61,31917,28850,-5679,1921
569,CDE,2020-07-07,0 days 15:55:45.225205,162246,5.16,5.15,53549,23555,-1113,3331
570,CDE,2020-07-07,0 days 15:55:46.225879,154259,5.16,5.15,53549,23755,7987,-1113
571,CDE,2020-07-07,0 days 15:58:46.656966,163223,5.17,5.16,38234,92090,-518,4487
572,CDE,2020-07-07,0 days 15:59:07.709985,159221,5.17,5.16,26408,108415,3925,-2875
573,CDE,2020-07-07,0 days 15:59:40.786831,168686,5.17,5.16,52974,99316,-3643,3857
574,CDE,2020-07-07,0 days 15:59:45.798531,165729,5.17,5.16,52258,96743,2957,-13643
575,CF,2020-07-07,0 days 15:59:46.716865,333346,29.21,29.2,1050,1400,-8362,14378
576,CFG,2020-07-07,0 days 15:57:27.384299,279015,23.54,23.53,2008,6295,-121,5837
577,CFG,2020-07-07,0 days 15:57:37.408601,273036,23.53,23.52,2690,4200,5979,-121
578,CFG,2020-07-07,0 days 15:59:15.642919,306217,23.46,23.45,4413,815,2977,-7923
579,CFG,2020-07-07,0 days 15:59:44.712147,310633,23.47,23.46,3350,4955,-5092,1013
580,CFG,2020-07-07,0 days 15:59:45.714821,308208,23.47,23.46,3550,5022,2425,-5092
581,CFG,2020-07-07,0 days 15:59:46.717075,303533,23.49,23.48,762,5676,-6227,2425
582,CFG,2020-07-07,0 days 15:59:47.719182,301186,23.49,23.48,740,5392,1597,-6227
583,CGC,2020-07-07,0 days 15:56:23.439038,20433,16.52,16.5,1100,1243,-474,426
584,CGC,2020-07-07,0 days 15:56:24.441960,20007,16.52,16.5,1100,1743,426,-474
585,CHGG,2020-07-07,0 days 15:56:06.269610,58880,70.75,70.71,300,586,7123,-1677
586,CHGG,2020-07-07,0 days 15:57:36.485516,60384,70.87,70.85,441,600,8020,-1380
587,CHGG,2020-07-07,0 days 15:57:45.507490,60504,70.91,70.88,102,400,-159,341
588,CHGG,2020-07-07,0 days 15:57:48.515940,60663,70.92,70.88,824,1100,141,-459
589,CHGG,2020-07-07,0 days 15:57:49.516916,60504,70.92,70.88,724,1100,-159,141
590,CHGG,2020-07-07,0 days 15:57:56.534186,61263,70.91,70.9,560,100,141,-159
591,CHGG,2020-07-07,0 days 15:57:57.536990,61104,70.92,70.9,200,300,-159,141
592,CHGG,2020-07-07,0 days 15:58:16.584139,61570,70.95,70.93,200,475,83,-117
593,CHGG,2020-07-07,0 days 15:58:17.586589,62653,70.94,70.93,500,257,-946,83
594,CHGG,2020-07-07,0 days 15:58:42.647145,63599,70.94,70.93,828,796,56,-346
595,CHGG,2020-07-07,0 days 15:58:47.659480,63655,70.99,70.96,2272,440,-344,56
596,CHGG,2020-07-07,0 days 15:58:53.673899,64699,70.98,70.97,225,648,56,-144
597,CHGG,2020-07-07,0 days 15:58:54.676408,64555,70.98,70.97,225,850,-144,56
598,CHGG,2020-07-07,0 days 15:59:00.692172,64699,71.03,70.98,742,1277,306,-144
599,CHGG,2020-07-07,0 days 15:59:02.696990,64697,71.05,71.02,200,500,-1141,67
600,CHGG,2020-07-07,0 days 15:59:03.699202,64593,71.03,71.02,400,400,1104,-1141
601,CHGG,2020-07-07,0 days 15:59:04.701783,64497,71.03,71.02,498,637,-546,1104
602,CHGG,2020-07-07,0 days 15:59:08.712821,65743,71.04,71.02,300,942,54,-146
603,CHGG,2020-07-07,0 days 15:59:09.714620,65797,71.06,71.02,10235,942,-1246,54
604,CHGG,2020-07-07,0 days 15:59:10.717100,128043,71.07,71.05,412,300,5418,-1246
605,CHGG,2020-07-07,0 days 15:59:45.800588,157466,71.2,71.15,769,228,-816,1729
606,CHGG,2020-07-07,0 days 15:59:47.805708,162160,71.21,71.2,700,500,1689,-816
607,CHL,2020-07-07,0 days 15:50:02.401008,20310,36.17,36.16,3704,2443,1020,-80
608,CHL,2020-07-07,0 days 15:55:00.114603,24958,36.14,36.13,5316,4037,-397,1020
609,CHL,2020-07-07,0 days 15:58:10.569811,31375,36.15,36.14,6952,6386,282,-209
610,CHL,2020-07-07,0 days 15:58:11.574660,30757,36.15,36.14,7752,6386,-618,282
611,CHL,2020-07-07,0 days 15:59:07.709653,32271,36.14,36.13,1356,8924,106,-194
612,CHL,2020-07-07,0 days 15:59:08.712026,32007,36.14,36.13,2356,8024,-264,106
613,CHL,2020-07-07,0 days 15:59:20.738129,32287,36.14,36.13,2532,7669,1420,-280
614,CHL,2020-07-07,0 days 15:59:21.740432,30407,36.14,36.13,2111,7790,-1880,1420
615,CHWY,2020-07-07,0 days 15:59:02.824971,49008,47.88,47.84,1300,1716,755,-745
616,CHWY,2020-07-07,0 days 15:59:03.827078,48363,47.87,47.84,900,1416,-427,755
617,CHWY,2020-07-07,0 days 15:59:14.854998,47957,47.85,47.84,313,1456,-321,679
618,CHWY,2020-07-07,0 days 15:59:30.881383,50431,47.84,47.81,670,200,549,-498
619,CHWY,2020-07-07,0 days 15:59:31.883954,49980,47.84,47.81,670,200,-451,549
620,CHWY,2020-07-07,0 days 15:59:34.891696,50231,47.82,47.78,300,4906,92,-451
621,CHWY,2020-07-07,0 days 15:59:39.903186,49623,47.82,47.78,8067,4899,-608,6435
622,CHX,2020-07-07,0 days 15:58:46.638401,151337,9.46,9.45,3909,1424,514,-5859
623,CHX,2020-07-07,0 days 15:58:47.640493,147151,9.46,9.45,3184,1624,-4086,514
624,CHX,2020-07-07,0 days 15:59:32.745595,167494,9.43,9.42,4567,4689,6967,-1776
625,CHX,2020-07-07,0 days 15:59:33.747883,165561,9.43,9.42,5824,3632,-1933,6967
626,CHX,2020-07-07,0 days 15:59:41.767587,166461,9.43,9.41,3065,4482,-1033,3767
627,CHX,2020-07-07,0 days 15:59:53.795848,167494,9.45,9.42,1452,2657,4276,-48915
628,CIEN,2020-07-07,0 days 15:55:39.273237,101065,55.95,55.94,524,1728,30,-270
629,CIEN,2020-07-07,0 days 15:55:40.275468,100795,55.96,55.95,301,702,-270,30
630,CIEN,2020-07-07,0 days 15:56:12.352164,104331,55.93,55.92,840,100,865,-535
631,CIEN,2020-07-07,0 days 15:56:13.355724,103896,55.93,55.91,710,500,-435,865
632,CIEN,2020-07-07,0 days 15:57:40.566198,105545,55.97,55.95,504,889,627,-573
633,CIEN,2020-07-07,0 days 15:57:41.568787,104872,55.96,55.95,704,500,-673,627
634,CIEN,2020-07-07,0 days 15:57:45.577762,102556,55.94,55.92,100,200,416,-673
635,CIEN,2020-07-07,0 days 15:57:46.580563,102172,55.94,55.93,500,100,-384,416
636,CIEN,2020-07-07,0 days 15:57:48.584895,102981,55.94,55.93,440,520,191,-384
637,CIEN,2020-07-07,0 days 15:57:49.587596,102572,55.94,55.93,1100,300,-709,191
638,CIEN,2020-07-07,0 days 15:57:51.592113,106270,55.93,55.92,351,600,702,-3698
639,CIEN,2020-07-07,0 days 15:57:52.594147,105672,55.93,55.91,1131,700,-398,702
640,CIEN,2020-07-07,0 days 15:58:00.614856,106470,55.9,55.88,800,500,228,-798
641,CIEN,2020-07-07,0 days 15:58:01.618008,105898,55.88,55.87,785,557,-572,228
642,CIEN,2020-07-07,0 days 15:58:42.718163,107817,55.86,55.85,983,696,175,-586
643,CIEN,2020-07-07,0 days 15:58:43.720172,106292,55.86,55.85,983,786,-1102,175
644,CIEN,2020-07-07,0 days 15:59:04.773355,107149,55.85,55.84,522,861,406,-1016
645,CIEN,2020-07-07,0 days 15:59:05.776268,106655,55.86,55.85,1300,100,-494,406
646,CIEN,2020-07-07,0 days 15:59:06.779390,107149,55.85,55.84,500,974,6,-494
647,CIEN,2020-07-07,0 days 15:59:07.780672,106720,55.86,55.85,1111,461,-429,6
648,CIEN,2020-07-07,0 days 15:59:14.798607,107695,55.87,55.86,1253,1112,5276,-171
649,CIEN,2020-07-07,0 days 15:59:41.861068,121690,55.89,55.88,163,589,-1996,669
650,CIEN,2020-07-07,0 days 15:59:42.865690,121186,55.89,55.88,100,400,504,-1996
651,CIG,2020-07-07,0 days 15:59:36.778551,96537,2.13,2.12,551325,80892,-27359,32241
652,CIG,2020-07-07,0 days 15:59:37.781548,94896,2.13,2.12,555935,55700,1641,-27359
653,CIG,2020-07-07,0 days 15:59:46.803924,97037,2.13,2.12,534214,82079,-28394,1641
654,CIM,2020-07-07,0 days 15:55:39.194743,110054,8.97,8.96,27928,5245,303,-697
655,CIM,2020-07-07,0 days 15:55:40.197001,108657,8.97,8.96,27728,6735,-1397,303
656,CIM,2020-07-07,0 days 15:58:08.546384,111354,8.93,8.92,22842,34267,7906,-1396
657,CIM,2020-07-07,0 days 15:58:09.548611,105060,8.93,8.92,19551,36617,-6414,7906
658,CIT,2020-07-07,0 days 15:59:04.700461,108797,18.86,18.85,1236,2466,3493,-1963
659,CIT,2020-07-07,0 days 15:59:06.707070,106692,18.86,18.85,1551,2638,-705,1495
660,CIT,2020-07-07,0 days 15:59:07.709691,107397,18.86,18.85,2193,2522,373,-705
661,CIT,2020-07-07,0 days 15:59:09.713632,105743,18.86,18.85,752,3922,-1654,4546
662,CIT,2020-07-07,0 days 15:59:14.725578,115901,18.85,18.84,1034,2200,448,-9652
663,CL,2020-07-07,0 days 15:55:49.232856,368010,73.88,73.87,641,800,18441,-2883
664,CL,2020-07-07,0 days 15:55:50.237249,367551,73.9,73.88,1377,862,-2259,18441
665,CL,2020-07-07,0 days 15:56:03.266350,369810,73.91,73.9,1021,875,2049,-559
666,CL,2020-07-07,0 days 15:56:04.268542,369459,73.91,73.9,495,2077,-351,2049
667,CL,2020-07-07,0 days 15:57:03.410926,374633,74.0,73.99,200,1633,2465,-885
668,CL,2020-07-07,0 days 15:57:04.413016,373998,74.01,73.99,2000,1933,-635,2465
669,CL,2020-07-07,0 days 15:57:39.493977,373952,74.02,74.01,860,1107,-1645,3347
670,CL,2020-07-07,0 days 15:57:42.502428,374797,74.01,74.0,4881,900,1655,-145
671,CL,2020-07-07,0 days 15:57:43.505626,374652,74.01,74.0,4332,600,-145,1655
672,CL,2020-07-07,0 days 15:57:44.505420,374797,74.01,74.0,4850,700,4855,-145
673,CL,2020-07-07,0 days 15:57:45.508277,374152,74.01,74.0,4132,100,-1645,4855
674,CL,2020-07-07,0 days 15:57:48.515868,378497,74.01,74.0,4632,900,986,-145
675,CL,2020-07-07,0 days 15:57:56.534037,379483,74.01,74.0,4619,614,-3514,486
676,CL,2020-07-07,0 days 15:57:57.537072,378997,74.01,74.0,4805,2008,486,-3514
677,CL,2020-07-07,0 days 15:58:04.555024,374797,74.02,74.0,1308,1805,2386,-2309
678,CL,2020-07-07,0 days 15:58:07.562065,376083,74.02,74.01,876,400,-2014,186
679,CL,2020-07-07,0 days 15:58:08.564874,375897,74.01,74.0,200,2200,186,-2014
680,CL,2020-07-07,0 days 15:58:22.598365,381631,74.01,74.0,1626,403,-1550,650
681,CL,2020-07-07,0 days 15:58:23.600612,380981,74.0,73.99,540,500,650,-1550
682,CL,2020-07-07,0 days 15:58:40.642203,381631,74.01,74.0,3923,679,-1387,1267
683,CL,2020-07-07,0 days 15:58:41.644724,380618,74.01,74.0,1605,1079,1013,-1387
684,CL,2020-07-07,0 days 15:59:00.691434,380175,73.99,73.98,3091,1500,-443,1166
685,CL,2020-07-07,0 days 15:59:01.694495,379518,73.99,73.98,1895,1040,1297,-443
686,CL,2020-07-07,0 days 15:59:07.709622,415876,74.0,73.99,809,1300,-28041,30659
687,CL,2020-07-07,0 days 15:59:08.712026,412717,73.98,73.97,580,500,6062,-28041
688,CL,2020-07-07,0 days 15:59:23.746151,427686,73.95,73.94,2614,1426,-17264,5928
689,CL,2020-07-07,0 days 15:59:24.748966,425650,73.93,73.91,2093,1405,2036,-17264
690,CL,2020-07-07,0 days 15:59:40.786612,427686,73.95,73.94,100,1600,-11036,11136
691,CL,2020-07-07,0 days 15:59:41.788343,427622,73.95,73.94,1400,394,72,-11036
692,CL,2020-07-07,0 days 15:59:42.790705,427702,73.94,73.92,863,704,-2567,72
693,CL,2020-07-07,0 days 15:59:57.826539,428621,73.97,73.94,1173,400,-5903,13610
694,CLDR,2020-07-07,0 days 15:55:39.209459,204050,11.89,11.88,16341,8176,2137,-263
695,CLDR,2020-07-07,0 days 15:55:40.212172,201087,11.89,11.88,16609,8306,-2963,2137
696,CLDR,2020-07-07,0 days 15:57:38.491941,204050,11.89,11.88,33201,11653,345,-1655
697,CLDR,2020-07-07,0 days 15:57:39.494014,201295,11.89,11.88,33278,11853,-2755,345
698,CLDR,2020-07-07,0 days 15:58:37.635093,204031,11.88,11.87,16869,27377,195,-1023
699,CLDR,2020-07-07,0 days 15:59:06.707098,201960,11.88,11.87,18289,21849,-2289,1011
700,CLDR,2020-07-07,0 days 15:59:16.728273,204318,11.88,11.87,10874,28869,12725,-1658
701,CLDR,2020-07-07,0 days 15:59:17.730934,197843,11.88,11.87,10874,28869,-6475,12725
702,CLDR,2020-07-07,0 days 15:59:20.738209,204318,11.88,11.87,15064,28011,2387,-675
703,CLDR,2020-07-07,0 days 15:59:21.740432,200905,11.88,11.87,12095,28027,-3413,2387
704,CLDR,2020-07-07,0 days 15:59:24.749044,220027,11.88,11.87,10026,26802,12078,-16122
705,CLDR,2020-07-07,0 days 15:59:25.749918,218505,11.88,11.87,9660,26482,-1522,12078
706,CLDR,2020-07-07,0 days 15:59:31.764442,220027,11.87,11.86,18725,1515,1878,-1522
707,CLDR,2020-07-07,0 days 15:59:36.776693,219558,11.86,11.85,23676,6541,-369,9431
708,CLDR,2020-07-07,0 days 15:59:40.786684,219658,11.86,11.85,21469,13941,-269,33031
709,CLF,2020-07-07,0 days 15:57:12.495485,365575,5.3,5.29,3292,116935,-2400,3450
710,CLF,2020-07-07,0 days 15:57:16.505534,346724,5.31,5.3,39541,100216,17551,-4849
711,CLF,2020-07-07,0 days 15:59:22.811348,388721,5.31,5.3,123879,4460,-272,26573
712,CLF,2020-07-07,0 days 15:59:39.852060,384802,5.3,5.29,37197,203592,1019,-1272
713,CLF,2020-07-07,0 days 15:59:44.862920,388721,5.3,5.29,98214,162649,-2129,5921
714,CLF,2020-07-07,0 days 15:59:48.873009,381550,5.3,5.29,93184,139447,7171,-2129
715,CLGX,2020-07-07,0 days 15:55:00.179885,47605,68.53,68.47,100,3491,-3605,4300
716,CLGX,2020-07-07,0 days 15:55:22.231606,51210,68.55,68.53,200,100,195,-305
717,CLGX,2020-07-07,0 days 15:55:25.239710,51405,68.55,68.54,200,440,-778,195
718,CLGX,2020-07-07,0 days 15:55:26.242055,51183,68.58,68.56,205,300,16222,-778
719,CLGX,2020-07-07,0 days 15:56:04.333714,67618,68.63,68.59,101,1139,-65,1835
720,CLGX,2020-07-07,0 days 15:56:05.335432,65983,68.65,68.62,400,1002,1635,-65
721,CLGX,2020-07-07,0 days 15:57:33.547922,76018,68.71,68.65,302,812,-67,433
722,CLGX,2020-07-07,0 days 15:57:34.551032,73785,68.71,68.65,202,712,2233,-67
723,CLGX,2020-07-07,0 days 15:58:53.744539,75090,68.67,68.63,512,500,-1047,840
724,CLGX,2020-07-07,0 days 15:58:54.747123,71337,68.66,68.63,100,500,3753,-1047
725,CLGX,2020-07-07,0 days 15:59:05.776023,79202,68.68,68.66,558,400,-139,1241
726,CLGX,2020-07-07,0 days 15:59:27.826390,83335,68.65,68.62,375,300,935,-257
727,CLGX,2020-07-07,0 days 15:59:28.829741,82970,68.65,68.62,140,300,-165,935
728,CLNY,2020-07-07,0 days 15:59:07.780252,234642,2.29,2.28,52049,27786,-36380,24296
729,CLR,2020-07-07,0 days 15:57:36.555838,226218,15.58,15.57,2321,500,985,-3415
730,CLR,2020-07-07,0 days 15:57:37.558320,223303,15.58,15.57,2321,1000,-1815,985
731,CLR,2020-07-07,0 days 15:57:45.577622,225118,15.57,15.56,15554,3680,385,-1115
732,CLR,2020-07-07,0 days 15:57:46.580437,222603,15.57,15.56,14957,3543,-2515,385
733,CLR,2020-07-07,0 days 15:59:07.780288,219747,15.55,15.54,4855,2089,192,-790
734,CLR,2020-07-07,0 days 15:59:08.783236,219006,15.55,15.54,4155,2589,-741,192
735,CLR,2020-07-07,0 days 15:59:50.883613,244527,15.55,15.54,100,1791,-32906,8294
736,CLR,2020-07-07,0 days 15:59:59.904270,249793,15.56,15.53,8112,42224,-33240,562
737,CLR,2020-07-07,0 days 16:00:00.903690,277433,15.56,15.53,7428,86696,7662,-33240
738,CMA,2020-07-07,0 days 15:55:20.218063,136586,34.73,34.72,784,200,3119,-2881
739,CMA,2020-07-07,0 days 15:55:21.220796,133005,34.73,34.71,1084,1288,-3581,3119
740,CMA,2020-07-07,0 days 15:56:42.415194,137801,34.76,34.75,848,300,3164,-1860
741,CMA,2020-07-07,0 days 15:56:43.417507,134865,34.76,34.75,938,400,-2936,3164
742,CMA,2020-07-07,0 days 15:57:28.525255,138001,34.79,34.78,200,830,4507,-23193
743,CMA,2020-07-07,0 days 15:57:29.527460,135708,34.8,34.79,928,1200,-2293,4507
744,CMA,2020-07-07,0 days 15:58:37.693110,139006,34.74,34.73,2955,1629,933,-2267
745,CMA,2020-07-07,0 days 15:58:38.696190,137339,34.74,34.73,2855,1629,-1667,933
746,CMA,2020-07-07,0 days 15:58:42.705421,138306,34.71,34.7,855,523,1393,-7867
747,CMA,2020-07-07,0 days 15:58:43.707602,136899,34.71,34.7,1255,323,-1407,1393
748,CMA,2020-07-07,0 days 15:59:07.768056,150276,34.69,34.68,1035,500,1031,-1342
749,CNC,2020-07-07,0 days 15:59:15.642711,286768,65.68,65.66,709,443,6543,-10432
750,CNK,2020-07-07,0 days 15:55:49.288357,129308,12.22,12.21,1792,4658,6796,-1571
751,CNK,2020-07-07,0 days 15:59:30.818297,163791,12.23,12.22,4506,2749,-563,3837
752,CNK,2020-07-07,0 days 15:59:58.884444,156991,12.23,12.22,6889,1718,-3868,3592
753,CNP,2020-07-07,0 days 15:55:00.109999,440636,19.47,19.46,7158,17952,94,-213015
754,CNP,2020-07-07,0 days 15:55:03.115895,440086,19.48,19.47,1821,14486,644,-381
755,CNP,2020-07-07,0 days 15:55:18.152615,442712,19.49,19.48,7108,19802,-9130,644
756,CNP,2020-07-07,0 days 15:55:19.155581,439142,19.49,19.48,10508,17761,3570,-9130
757,CNP,2020-07-07,0 days 15:56:35.338399,445611,19.5,19.49,5220,15751,-14595,1730
758,CNP,2020-07-07,0 days 15:56:36.340688,443181,19.5,19.49,5520,15552,2430,-14595
759,CNP,2020-07-07,0 days 15:58:01.546776,446088,19.49,19.48,12737,13827,1410,-1090
760,CNP,2020-07-07,0 days 15:58:06.558974,451030,19.49,19.48,12654,16863,-635,1711
761,CNP,2020-07-07,0 days 15:58:07.561280,449465,19.49,19.48,14666,15863,1565,-635
762,CNP,2020-07-07,0 days 15:58:10.568318,451030,19.49,19.48,19457,16163,-15235,1565
763,CNP,2020-07-07,0 days 15:58:11.573200,450965,19.49,19.48,18957,16563,65,-15235
764,CNP,2020-07-07,0 days 15:59:14.726048,492563,19.5,19.49,17402,15971,15293,-2923
765,CNP,2020-07-07,0 days 15:59:15.728020,475156,19.5,19.49,13102,20361,-17407,15293
766,CNP,2020-07-07,0 days 15:59:27.755817,492563,19.5,19.49,9439,20300,4509,-210
767,CNP,2020-07-07,0 days 15:59:29.761320,491372,19.5,19.49,12322,17983,-1191,3709
768,CNQ,2020-07-07,0 days 15:55:02.177988,54591,16.9,16.89,16700,11116,2118,-682
769,CNQ,2020-07-07,0 days 15:55:25.234250,57357,16.89,16.88,30559,1396,-261,2466
770,CNQ,2020-07-07,0 days 15:55:26.236564,56618,16.89,16.88,30159,1225,739,-261
771,CNQ,2020-07-07,0 days 15:56:08.337516,57357,16.87,16.86,25377,1310,-3139,264
772,CNQ,2020-07-07,0 days 15:56:09.339893,51196,16.87,16.86,25477,1560,6161,-3139
773,CNQ,2020-07-07,0 days 15:56:38.409725,57872,16.87,16.86,21477,10704,-2924,479
774,CNQ,2020-07-07,0 days 15:56:39.412318,52096,16.87,16.86,21477,10504,5776,-2924
775,CNQ,2020-07-07,0 days 15:57:07.480164,57872,16.88,16.87,21078,11625,-11724,5776
776,CNQ,2020-07-07,0 days 15:57:08.482331,52096,16.88,16.87,23578,12225,5776,-11724
777,CNQ,2020-07-07,0 days 15:57:52.586697,59572,16.87,16.86,25373,12697,-1314,2066
778,CNQ,2020-07-07,0 days 15:57:53.589271,58386,16.87,16.86,27673,11395,1386,-1314
779,CNX,2020-07-07,0 days 15:59:32.834935,308828,9.15,9.14,12609,22736,2316,-6678
780,COF,2020-07-07,0 days 15:55:45.286176,179567,59.9,59.88,612,700,-39,254
781,COF,2020-07-07,0 days 15:55:46.288138,178406,59.9,59.88,302,900,1161,-39
782,COF,2020-07-07,0 days 15:56:42.422295,182437,59.91,59.9,429,1078,-1560,1
783,COF,2020-07-07,0 days 15:56:43.424602,181097,59.91,59.9,429,1652,1340,-1560
784,COF,2020-07-07,0 days 15:56:44.427555,182437,59.91,59.9,300,952,-560,1340
785,COF,2020-07-07,0 days 15:56:45.429605,181597,59.91,59.9,500,1153,840,-560
786,COF,2020-07-07,0 days 15:57:04.475970,182437,59.94,59.92,1705,1209,-2160,740
787,COF,2020-07-07,0 days 15:57:06.480560,180497,59.93,59.92,499,870,784,-316
788,COF,2020-07-07,0 days 15:57:33.545170,182386,60.02,60.0,701,312,-931,869
789,COF,2020-07-07,0 days 15:57:35.550225,181817,60.01,60.0,500,880,569,-331
790,COF,2020-07-07,0 days 15:57:39.559538,182386,60.01,60.0,700,115,-31,569
791,COF,2020-07-07,0 days 15:57:40.562511,181817,60.0,59.99,500,616,569,-31
792,COF,2020-07-07,0 days 15:58:04.620736,182386,59.99,59.98,403,500,-1259,541
793,COF,2020-07-07,0 days 15:58:05.623999,181625,59.99,59.98,649,300,761,-1259
794,COF,2020-07-07,0 days 15:58:08.630486,182386,60.0,59.99,411,800,-859,741
795,COF,2020-07-07,0 days 15:58:09.633288,181845,60.0,59.99,611,1662,718,-859
796,COF,2020-07-07,0 days 15:58:36.698934,181340,59.94,59.93,1091,557,-605,1458
797,COF,2020-07-07,0 days 15:58:37.700916,180645,59.94,59.93,1210,923,695,-605
798,COF,2020-07-07,0 days 15:58:42.713236,182940,59.92,59.91,302,300,-1086,695
799,COF,2020-07-07,0 days 15:58:43.715536,182326,59.92,59.91,1338,200,614,-1086
800,COF,2020-07-07,0 days 15:59:05.770360,183886,59.86,59.85,1507,369,-1106,757
801,COF,2020-07-07,0 days 15:59:06.773596,182892,59.86,59.85,1004,469,21067,-1106
802,COF,2020-07-07,0 days 15:59:07.775101,204354,59.87,59.85,1696,1951,-15238,21067
803,COF,2020-07-07,0 days 15:59:08.778283,201444,59.86,59.85,300,666,3290,-15238
804,COF,2020-07-07,0 days 15:59:13.790100,204734,59.87,59.86,2316,221,-2902,1362
805,COF,2020-07-07,0 days 15:59:14.792457,209105,59.87,59.86,2746,100,12,-2902
806,COF,2020-07-07,0 days 15:59:25.817555,211427,59.86,59.85,185,1000,-1414,366
807,COF,2020-07-07,0 days 15:59:26.819988,211141,59.86,59.85,200,1000,86,-1414
808,COF,2020-07-07,0 days 15:59:27.822312,211427,59.86,59.85,266,700,-114,86
809,COF,2020-07-07,0 days 15:59:39.851849,211427,59.86,59.84,2153,600,-1714,1686
810,COF,2020-07-07,0 days 15:59:49.874586,213227,59.85,59.84,300,100,-114,1586
811,COF,2020-07-07,0 days 15:59:50.877496,212141,59.85,59.84,783,100,1086,-114
812,COF,2020-07-07,0 days 15:59:57.894560,211227,59.89,59.86,3062,300,-1014,1086
813,COG,2020-07-07,0 days 15:55:21.229978,426012,18.23,18.22,4402,7705,-19235,10665
814,COG,2020-07-07,0 days 15:55:22.231606,419147,18.23,18.22,5002,7805,6765,-19235
815,COG,2020-07-07,0 days 15:55:29.248406,426612,18.22,18.21,2173,8628,-2188,7365
816,COG,2020-07-07,0 days 15:55:30.250533,424300,18.22,18.21,5437,6708,2312,-2188
817,COG,2020-07-07,0 days 15:55:46.290185,426612,18.21,18.2,2911,3518,-6588,2112
818,COG,2020-07-07,0 days 15:55:47.292757,425100,18.21,18.2,4414,2402,1512,-6588
819,COG,2020-07-07,0 days 15:55:50.299693,428400,18.21,18.2,3646,3719,-1341,2342
820,COG,2020-07-07,0 days 15:55:51.301821,427141,18.21,18.2,3346,3988,359,-1341
821,COG,2020-07-07,0 days 15:56:00.324095,427500,18.22,18.21,2600,7364,-12941,359
822,COG,2020-07-07,0 days 15:56:02.328621,426741,18.22,18.21,6202,3000,759,-1241
823,COG,2020-07-07,0 days 15:56:25.383408,428800,18.21,18.2,1739,4704,-41,859
824,COG,2020-07-07,0 days 15:56:26.386137,428041,18.21,18.2,3139,3704,759,-41
825,COG,2020-07-07,0 days 15:57:12.497215,429700,18.17,18.16,10228,3984,-1277,174
826,COG,2020-07-07,0 days 15:57:48.584799,457077,18.13,18.12,21127,8125,2789,-1111
827,COG,2020-07-07,0 days 15:57:53.596546,457077,18.13,18.12,20806,9341,89,-2011
828,COG,2020-07-07,0 days 15:59:11.789908,531805,18.09,18.08,2324,7941,-4120,21626
829,COG,2020-07-07,0 days 15:59:45.870541,574420,18.08,18.07,18416,8048,532,-12836
830,COG,2020-07-07,0 days 15:59:48.878679,580531,18.08,18.07,16795,3864,-1883,732
831,COTY,2020-07-07,0 days 15:59:04.681907,377703,4.28,4.27,123083,21246,14695,-25234
832,COTY,2020-07-07,0 days 15:59:05.684396,367656,4.28,4.27,121801,20246,-6647,14695
833,COTY,2020-07-07,0 days 15:59:06.688101,377703,4.28,4.27,121901,20246,153,-6647
834,COTY,2020-07-07,0 days 15:59:15.705996,337357,4.28,4.27,117052,20435,-36946,27254
835,COTY,2020-07-07,0 days 15:59:39.762877,373261,4.28,4.27,135912,13264,-1042,72358
836,COTY,2020-07-07,0 days 15:59:44.774454,377703,4.28,4.27,134537,9903,2538,-1042
837,COTY,2020-07-07,0 days 15:59:48.784280,373641,4.28,4.27,131422,8304,-662,2538
838,CPRI,2020-07-07,0 days 15:55:00.177055,149583,15.51,15.5,1504,3231,3582,-5463
839,CPRI,2020-07-07,0 days 15:55:26.238389,153165,15.51,15.5,1083,1812,-418,2882
840,CPRI,2020-07-07,0 days 15:55:27.241250,149883,15.51,15.5,2123,2400,3282,-418
841,CPRI,2020-07-07,0 days 15:59:45.863154,138582,15.53,15.52,4909,514,20227,-28549
842,CPRI,2020-07-07,0 days 15:59:46.866962,158809,15.53,15.52,1459,2815,-6331,20227
843,CRC,2020-07-07,0 days 15:59:04.830101,6505,1.09,1.08,5507,29738,-411,1077
844,CRK,2020-07-07,0 days 15:55:40.334858,29363,4.76,4.75,3201,1599,-3014,1038
845,CRK,2020-07-07,0 days 15:55:41.337340,28677,4.76,4.75,3228,1599,86,-3014
846,CRK,2020-07-07,0 days 15:59:05.832567,29363,4.76,4.75,1817,10971,-437,256
847,CRK,2020-07-07,0 days 15:59:06.835517,40100,4.76,4.75,1630,10771,264,-437
848,CRK,2020-07-07,0 days 15:59:18.853529,40964,4.76,4.75,3215,11955,-780,697
849,CRK,2020-07-07,0 days 15:59:19.855684,40344,4.76,4.75,3225,11455,20,-780
850,CRK,2020-07-07,0 days 15:59:39.903186,40344,4.77,4.76,3961,4580,20,-2180
851,CRM,2020-07-07,0 days 15:55:21.161056,449066,196.45,196.42,500,350,38,-655
852,CRM,2020-07-07,0 days 15:55:22.163377,449104,196.49,196.43,300,400,-262,38
853,CRM,2020-07-07,0 days 15:56:03.261970,455390,196.47,196.43,400,237,8,-2026
854,CRM,2020-07-07,0 days 15:56:06.269479,451560,196.51,196.48,500,214,-3830,663
855,CRM,2020-07-07,0 days 15:56:35.339212,457814,196.47,196.45,200,418,570,-85
856,CRM,2020-07-07,0 days 15:56:36.341506,454684,196.48,196.47,300,105,-3130,570
857,CRM,2020-07-07,0 days 15:57:14.433272,460009,196.49,196.46,301,302,1175,-728
858,CRM,2020-07-07,0 days 15:57:15.436933,455929,196.5,196.48,4701,200,-4080,1175
859,CRM,2020-07-07,0 days 15:57:33.478583,464412,196.52,196.5,600,100,1196,-304
860,CRM,2020-07-07,0 days 15:57:34.480874,460492,196.53,196.51,570,211,-4020,1196
861,CRM,2020-07-07,0 days 15:57:54.529620,464412,196.5,196.49,200,1032,80,-278
862,CRM,2020-07-07,0 days 15:57:55.531563,462092,196.52,196.48,100,100,-2320,80
863,CRM,2020-07-07,0 days 15:58:09.566790,464444,196.53,196.5,1412,100,23,-2177
864,CRM,2020-07-07,0 days 15:58:10.569168,462109,196.54,196.52,402,390,-2435,23
865,CRM,2020-07-07,0 days 15:58:12.574350,464544,196.54,196.52,458,500,572,-2435
866,CRM,2020-07-07,0 days 15:58:13.576633,464516,196.54,196.52,558,600,-28,572
867,CRM,2020-07-07,0 days 15:58:17.586473,460411,196.5,196.47,200,400,-1533,1130
868,CRM,2020-07-07,0 days 15:58:25.605754,464544,196.52,196.48,810,178,1709,-1933
869,CRM,2020-07-07,0 days 15:58:26.608339,462811,196.51,196.48,1029,325,-1633,1709
870,CRM,2020-07-07,0 days 15:58:27.611301,461944,196.5,196.48,418,425,1367,-1633
871,CRM,2020-07-07,0 days 15:58:52.671454,461927,196.42,196.41,302,1571,244,-373
872,CRM,2020-07-07,0 days 15:58:53.673778,461371,196.42,196.41,432,1571,-643,244
873,CRM,2020-07-07,0 days 15:59:01.694530,462105,196.36,196.33,399,258,1208,-292
874,CRM,2020-07-07,0 days 15:59:07.709680,469883,196.35,196.33,229,600,-2181,6819
875,CRM,2020-07-07,0 days 15:59:48.807519,493290,196.27,196.24,200,457,330,-6470
876,CTL,2020-07-07,0 days 15:59:17.646935,927764,9.89,9.88,30500,81086,-2571,1680
877,CTVA,2020-07-07,0 days 15:59:12.788174,1338104,27.05,27.04,2400,1558,3386,-6216
878,CTVA,2020-07-07,0 days 15:59:13.790339,1341490,27.08,27.07,3047,3200,-21314,3386
879,CTVA,2020-07-07,0 days 15:59:27.822404,1583060,27.13,27.12,1702,8357,-269,3622
880,CTVA,2020-07-07,0 days 15:59:33.837958,1613969,27.13,27.12,13402,8636,38460,-269
881,CUK,2020-07-07,0 days 15:55:39.194835,17292,12.12,12.11,1054,1105,-185,415
882,CUK,2020-07-07,0 days 15:55:40.197150,16977,12.12,12.11,1054,1010,315,-185
883,CUK,2020-07-07,0 days 15:56:23.298767,17292,12.12,12.11,1290,700,-685,215
884,CUK,2020-07-07,0 days 15:56:24.301407,17077,12.12,12.11,1390,700,215,-685
885,CUK,2020-07-07,0 days 15:58:11.554980,19968,12.12,12.11,1013,6799,-455,494
886,CUK,2020-07-07,0 days 15:58:12.555602,19523,12.12,12.11,1447,5062,445,-455
887,CUK,2020-07-07,0 days 15:58:46.638401,19968,12.12,12.11,900,1031,-279,345
888,CUK,2020-07-07,0 days 15:59:08.693185,24328,12.12,12.11,1433,1178,360,-320
889,CUK,2020-07-07,0 days 15:59:09.695728,24088,12.12,12.11,1433,1178,-240,360
890,CUK,2020-07-07,0 days 15:59:33.747916,26046,12.1,12.09,6411,3000,-384,316
891,CVE,2020-07-07,0 days 15:59:36.754943,32178,4.5,4.49,268535,177251,9714,-11486
892,CVE,2020-07-07,0 days 15:59:37.758205,31592,4.5,4.49,265126,177241,-586,9714
893,CVE,2020-07-07,0 days 15:59:40.765535,32178,4.5,4.49,251842,177141,6814,-586
894,CVE,2020-07-07,0 days 15:59:41.767650,31592,4.5,4.49,250335,177141,-586,6814
895,CVS,2020-07-07,0 days 15:55:01.035380,329171,63.69,63.68,1775,251,-13408,19628
896,CVS,2020-07-07,0 days 15:55:11.056671,325879,63.75,63.74,1931,100,792,-408
897,CVS,2020-07-07,0 days 15:56:05.186238,341617,63.77,63.76,350,1175,-5301,1799
898,CVS,2020-07-07,0 days 15:56:06.190262,339718,63.77,63.76,2900,200,1599,-5301
899,CVS,2020-07-07,0 days 15:56:15.210509,339610,63.8,63.79,400,775,1807,-193
900,CVS,2020-07-07,0 days 15:56:21.224634,337910,63.81,63.8,763,890,1507,-193
901,CVS,2020-07-07,0 days 15:56:42.275264,339317,63.81,63.8,2168,2883,-2884,1599
902,CVS,2020-07-07,0 days 15:56:43.277723,338438,63.81,63.8,2768,2708,879,-2884
903,CVS,2020-07-07,0 days 15:56:47.287284,339317,63.82,63.81,400,1243,-913,879
904,CVS,2020-07-07,0 days 15:56:48.289998,338230,63.81,63.8,1275,636,1087,-913
905,CVS,2020-07-07,0 days 15:57:05.330930,338917,63.86,63.84,1650,1474,-13,187
906,CVS,2020-07-07,0 days 15:57:06.333534,337930,63.86,63.84,1550,1774,987,-13
907,CVS,2020-07-07,0 days 15:57:20.367175,337538,63.87,63.86,600,593,979,-221
908,CVS,2020-07-07,0 days 15:57:28.386568,337730,63.89,63.88,800,675,787,-813
909,CVS,2020-07-07,0 days 15:57:40.416781,338517,63.89,63.88,1444,967,-340,860
910,CVS,2020-07-07,0 days 15:57:41.417725,337357,63.88,63.87,1000,479,1160,-340
911,CVS,2020-07-07,0 days 15:58:01.468782,338917,63.86,63.85,575,522,-1066,934
912,CVS,2020-07-07,0 days 15:58:06.479730,338719,63.87,63.86,1900,1322,-3591,1036
913,CVS,2020-07-07,0 days 15:58:07.482416,337910,63.87,63.86,2683,347,809,-3591
914,CVS,2020-07-07,0 days 15:58:09.486912,338719,63.9,63.88,500,475,-1091,809
915,CVS,2020-07-07,0 days 15:58:10.489173,338410,63.89,63.88,575,324,309,-1091
916,CVS,2020-07-07,0 days 15:58:16.504239,339191,63.89,63.88,675,1402,-1119,381
917,CVS,2020-07-07,0 days 15:58:17.506492,338810,63.89,63.87,1575,675,381,-1119
918,CVS,2020-07-07,0 days 15:58:28.533547,339191,63.88,63.87,506,1741,-1068,332
919,CVS,2020-07-07,0 days 15:58:40.562032,339991,63.85,63.84,702,675,-2982,532
920,CVS,2020-07-07,0 days 15:59:04.620464,349487,63.83,63.82,1075,407,-3452,1727
921,CVS,2020-07-07,0 days 15:59:14.645901,408896,63.83,63.82,775,100,-397,9286
922,CVS,2020-07-07,0 days 15:59:16.644464,399093,63.83,63.82,875,175,3280,-8797
923,CVX,2020-07-07,0 days 15:59:16.707335,904144,86.22,86.21,609,510,947,-100830
924,CVX,2020-07-07,0 days 15:59:17.709190,812621,86.3,86.27,525,200,-92123,947
925,CVX,2020-07-07,0 days 15:59:44.774619,907559,86.23,86.2,1720,1797,5933,-11521
926,CVX,2020-07-07,0 days 15:59:45.777288,891507,86.26,86.24,603,570,-16352,5933
927,CVX,2020-07-07,0 days 15:59:46.780092,907559,86.24,86.21,1634,200,8000,-16352
928,CVX,2020-07-07,0 days 15:59:47.781853,905374,86.26,86.25,100,1017,-4851,8000
929,CVX,2020-07-07,0 days 15:59:51.791677,909525,86.21,86.17,1000,236,18387,-1713
930,CVX,2020-07-07,0 days 15:59:55.801261,908212,86.26,86.19,1054,2687,-1713,7987
931,CYH,2020-07-07,0 days 15:57:44.487024,110963,3.2,3.19,23342,7059,6,-9
932,CYH,2020-07-07,0 days 15:59:08.692970,111671,3.19,3.18,4731,48816,-75,7062
933,CYH,2020-07-07,0 days 15:59:20.716660,106927,3.2,3.19,21764,36917,4344,-8056
934,CZZ,2020-07-07,0 days 15:56:34.325306,71898,17.33,17.32,100,2530,1876,-1424
935,CZZ,2020-07-07,0 days 15:56:35.327845,70074,17.36,17.34,202,696,-1724,1876
936,CZZ,2020-07-07,0 days 15:58:50.649360,71898,17.31,17.3,1941,2240,4121,-1624
937,CZZ,2020-07-07,0 days 15:58:51.649633,70719,17.31,17.3,287,3540,-1079,4121
938,CZZ,2020-07-07,0 days 15:59:06.688129,72086,17.33,17.32,400,1420,5101,-390
939,CZZ,2020-07-07,0 days 15:59:29.738150,72086,17.35,17.33,849,630,175,-125
940,CZZ,2020-07-07,0 days 15:59:30.740539,71561,17.34,17.33,1355,300,-425,175
941,CZZ,2020-07-07,0 days 15:59:48.784352,72086,17.32,17.3,700,900,5739,-25
942,DAL,2020-07-07,0 days 15:56:52.299577,367340,26.99,26.98,11810,800,10953,-1947
943,DAL,2020-07-07,0 days 15:57:34.400772,382940,27.0,26.99,14993,5281,10777,-3023
944,DAL,2020-07-07,0 days 15:58:55.598649,397247,26.98,26.97,8875,9934,4075,-3025
945,DAL,2020-07-07,0 days 15:59:05.623953,396025,26.98,26.97,12943,11891,252,-5948
946,DAL,2020-07-07,0 days 15:59:22.658822,412937,26.97,26.96,8874,9173,-33339,1676
947,DAL,2020-07-07,0 days 15:59:23.661671,410379,26.96,26.95,18479,12591,2558,-33339
948,DAL,2020-07-07,0 days 15:59:40.703862,413214,26.95,26.94,20368,23994,-39547,1326
949,DAL,2020-07-07,0 days 15:59:41.705850,412461,26.95,26.94,20659,20020,753,-39547
950,DAL,2020-07-07,0 days 15:59:46.717009,406002,27.03,27.02,6090,8275,10619,-56362
951,DAL,2020-07-07,0 days 15:59:47.719155,413689,27.04,27.03,2200,16246,-6393,10619
952,DBI,2020-07-07,0 days 15:58:07.691055,126594,5.91,5.9,18010,10006,604,-887
953,DBI,2020-07-07,0 days 15:58:08.693678,120754,5.91,5.9,16629,10312,-5840,604
954,DBI,2020-07-07,0 days 15:59:48.925573,134507,5.9,5.89,10322,4708,-1853,212
955,DD,2020-07-07,0 days 15:55:00.115758,472375,53.42,53.41,322,1449,7947,-77132
956,DD,2020-07-07,0 days 15:56:42.359356,480322,53.51,53.5,972,2850,-1726,791
957,DD,2020-07-07,0 days 15:56:43.361739,472148,53.51,53.5,872,2850,8182,-1726
958,DD,2020-07-07,0 days 15:57:33.480349,479684,53.61,53.6,300,1203,-1184,3516
959,DD,2020-07-07,0 days 15:57:34.482280,472368,53.61,53.6,300,844,7316,-1184
960,DD,2020-07-07,0 days 15:57:39.494101,479684,53.6,53.59,700,1047,-3144,1556
961,DD,2020-07-07,0 days 15:57:40.498142,472028,53.58,53.57,309,206,7656,-3144
962,DD,2020-07-07,0 days 15:57:44.505587,479731,53.57,53.56,2091,386,-2739,6101
963,DD,2020-07-07,0 days 15:57:45.508423,475470,53.57,53.56,1423,1100,4261,-2739
964,DD,2020-07-07,0 days 15:57:47.512621,479731,53.58,53.56,676,3555,-2739,4261
965,DD,2020-07-07,0 days 15:57:49.517844,477070,53.57,53.56,200,3455,2661,-1639
966,DD,2020-07-07,0 days 15:57:51.522268,479731,53.57,53.56,500,400,-739,2661
967,DD,2020-07-07,0 days 15:57:52.524248,479070,53.57,53.56,400,1280,661,-739
968,DD,2020-07-07,0 days 15:57:56.534185,479731,53.57,53.56,1482,932,-1139,3661
969,DD,2020-07-07,0 days 15:57:57.537182,478070,53.56,53.55,482,527,1661,-1139
970,DD,2020-07-07,0 days 15:57:58.538836,479731,53.56,53.55,986,327,-1039,1661
971,DD,2020-07-07,0 days 15:57:59.541336,478270,53.56,53.55,989,327,1461,-1039
972,DD,2020-07-07,0 days 15:58:00.545817,479731,53.56,53.55,1455,248,-139,1461
973,DD,2020-07-07,0 days 15:58:01.547601,478570,53.56,53.55,1455,227,1161,-139
974,DD,2020-07-07,0 days 15:58:34.627519,480619,53.55,53.54,2518,826,-1089,611
975,DD,2020-07-07,0 days 15:58:35.631067,478708,53.55,53.54,2418,1124,1911,-1089
976,DD,2020-07-07,0 days 15:59:06.707482,531386,53.57,53.56,2325,500,13536,-86
977,DD,2020-07-07,0 days 15:59:07.710147,544922,53.59,53.58,1726,100,-16724,13536
978,DD,2020-07-07,0 days 15:59:08.712424,542546,53.57,53.56,100,906,2865,-16724
979,DD,2020-07-07,0 days 15:59:15.728633,538080,53.59,53.57,2671,1526,7331,-3224
980,DFS,2020-07-07,0 days 15:55:21.151176,405735,48.24,48.23,700,342,537,-1263
981,DFS,2020-07-07,0 days 15:55:22.153812,405872,48.24,48.23,200,200,-1063,537
982,DFS,2020-07-07,0 days 15:55:44.209089,406935,48.23,48.22,400,400,763,-1037
983,DFS,2020-07-07,0 days 15:55:45.209271,406207,48.22,48.21,100,800,-766,763
984,DFS,2020-07-07,0 days 15:58:04.536443,428401,48.27,48.26,564,600,1748,-4252
985,DFS,2020-07-07,0 days 15:58:05.538687,425249,48.27,48.25,502,777,-2552,1748
986,DFS,2020-07-07,0 days 15:58:06.540876,428601,48.27,48.26,430,300,1939,-2552
987,DFS,2020-07-07,0 days 15:58:07.543704,425940,48.27,48.26,601,200,-1861,1939
988,DFS,2020-07-07,0 days 15:58:24.584674,415128,48.23,48.22,1051,200,9263,-1837
989,DFS,2020-07-07,0 days 15:58:32.604239,411891,48.19,48.18,375,900,-1237,1663
990,DFS,2020-07-07,0 days 15:58:40.623713,413128,48.19,48.17,746,300,4136,-1037
991,DFS,2020-07-07,0 days 15:58:41.625858,412364,48.19,48.17,1148,500,-764,4136
992,DFS,2020-07-07,0 days 15:59:05.684531,414263,48.14,48.13,491,100,6542,-125
993,DHF,2020-07-07,0 days 15:59:36.754837,2500,2.61,2.6,36670,42548,-89,211
994,DHF,2020-07-07,0 days 15:59:37.758142,2489,2.61,2.6,36570,42470,11,-89
995,DHT,2020-07-07,0 days 15:55:01.035516,88251,5.18,5.17,9847,19796,-55164,39705
996,DHT,2020-07-07,0 days 15:55:02.035999,85215,5.18,5.17,11050,20046,3036,-55164
997,DHT,2020-07-07,0 days 15:59:06.626077,101802,5.19,5.18,15659,17458,-5869,2678
998,DHT,2020-07-07,0 days 15:59:07.628181,100271,5.19,5.18,17359,16058,1531,-5869
999,DIS,2020-07-07,0 days 15:59:46.717009,1251674,113.47,113.44,970,2866,4898,-52748
1000,DIS,2020-07-07,0 days 15:59:47.719155,1234353,113.56,113.53,743,650,-17721,4898
1001,DIS,2020-07-07,0 days 15:59:48.723533,1251774,113.53,113.48,1711,600,10388,-17721
1002,DIS,2020-07-07,0 days 15:59:56.740807,1251674,113.54,113.48,2050,300,2728,-3193
1003,DIS,2020-07-07,0 days 15:59:57.744309,1211778,113.61,113.53,700,400,-40296,2728
1004,DNB,2020-07-07,0 days 15:55:01.035741,35550,26.74,26.71,998,1001,31977,-26823
1005,DNB,2020-07-07,0 days 15:55:02.036072,33027,26.74,26.71,898,1101,-2523,31977
1006,DNB,2020-07-07,0 days 15:56:11.200787,35550,26.79,26.77,865,1701,2112,-2488
1007,DNB,2020-07-07,0 days 15:56:12.203235,33062,26.79,26.77,865,1700,-2488,2112
1008,DNB,2020-07-07,0 days 15:58:07.482447,38250,26.78,26.77,413,1401,4512,-2688
1009,DNB,2020-07-07,0 days 15:58:08.486074,35562,26.78,26.77,413,1501,-2688,4512
1010,DNB,2020-07-07,0 days 15:59:35.690135,38252,26.66,26.61,700,800,1552,-1390
1011,DNB,2020-07-07,0 days 15:59:36.692792,37004,26.66,26.61,799,100,-1248,1552
1012,DOW,2020-07-07,0 days 15:56:02.326127,558203,41.6,41.59,700,570,-21959,55741
1013,DOW,2020-07-07,0 days 15:56:03.329011,543162,41.57,41.56,640,700,15041,-21959
1014,DOW,2020-07-07,0 days 15:57:35.550190,558203,41.65,41.64,1864,1973,-456,244
1015,DOW,2020-07-07,0 days 15:57:37.555343,544159,41.65,41.64,3135,2439,14044,-8656
1016,DOW,2020-07-07,0 days 15:57:44.571477,558203,41.63,41.62,1910,274,-2056,644
1017,DOW,2020-07-07,0 days 15:57:45.574039,548659,41.63,41.61,2523,1838,9544,-2056
1018,DOW,2020-07-07,0 days 15:57:48.581302,558203,41.63,41.62,2599,2631,-17964,7744
1019,DOW,2020-07-07,0 days 15:57:49.583524,549367,41.62,41.61,1240,5270,8836,-17964
1020,DOW,2020-07-07,0 days 15:59:05.770324,560960,41.55,41.54,1518,2144,-36227,9750
1021,DOW,2020-07-07,0 days 15:59:06.773567,528381,41.57,41.56,500,826,32579,-36227
1022,DOW,2020-07-07,0 days 15:59:07.775072,560960,41.58,41.57,1625,600,-2021,32579
1023,DOW,2020-07-07,0 days 15:59:08.778251,564443,41.62,41.61,100,2900,163195,-2021
1024,DOW,2020-07-07,0 days 15:59:09.780599,727638,41.64,41.63,1000,1200,-35505,163195
1025,DOW,2020-07-07,0 days 15:59:10.783034,705243,41.64,41.62,1400,2957,22395,-35505
1026,DOW,2020-07-07,0 days 15:59:41.854507,740802,41.7,41.69,17441,609,6319,-20895
1027,DRH,2020-07-07,0 days 15:57:33.480208,218301,5.16,5.15,10836,22465,14133,-1867
1028,DRH,2020-07-07,0 days 15:57:34.482093,207234,5.16,5.15,7732,26365,-11067,14133
1029,DRH,2020-07-07,0 days 15:59:08.712057,219676,5.15,5.14,22716,17406,6239,-4072
1030,DRH,2020-07-07,0 days 15:59:09.713593,199715,5.15,5.14,20401,17906,-19961,6239
1031,DRH,2020-07-07,0 days 15:59:10.716641,229976,5.15,5.14,21834,19351,886,-19961
1032,DRI,2020-07-07,0 days 15:55:00.237240,112760,72.27,72.24,210,600,-52298,22181
1033,DRI,2020-07-07,0 days 15:56:42.483615,136294,72.26,72.25,701,300,1116,-1184
1034,DRI,2020-07-07,0 days 15:56:43.485320,134610,72.27,72.26,472,343,-1684,1116
1035,DRI,2020-07-07,0 days 15:58:26.736874,200459,72.26,72.25,704,373,20962,-3738
1036,DRI,2020-07-07,0 days 15:58:27.738805,168421,72.27,72.26,387,300,-32038,20962
1037,DRI,2020-07-07,0 days 15:59:07.837658,200743,72.23,72.22,450,1109,931,-2541
1038,DRI,2020-07-07,0 days 15:59:14.854681,199745,72.25,72.23,115,1473,-2384,216
1039,DRI,2020-07-07,0 days 15:59:20.857523,202129,72.24,72.23,469,703,199,-2384
1040,DRI,2020-07-07,0 days 15:59:21.859536,200379,72.24,72.23,369,646,-1750,199
1041,DRI,2020-07-07,0 days 15:59:46.919009,201018,72.16,72.15,310,193,-2896,4289
1042,DT,2020-07-07,0 days 15:59:21.796382,115022,41.83,41.81,200,289,-4324,2589
1043,DT,2020-07-07,0 days 15:59:22.799530,113446,41.79,41.76,200,400,5212,-4324
1044,DT,2020-07-07,0 days 15:59:24.804827,116740,41.81,41.78,100,300,-310,1608
1045,DT,2020-07-07,0 days 15:59:27.810641,117050,41.79,41.76,527,200,549,-310
1046,DT,2020-07-07,0 days 15:59:43.849517,114730,41.83,41.78,200,500,292,-1749
1047,DT,2020-07-07,0 days 15:59:46.857300,115022,41.83,41.8,184,300,-508,92
1048,DT,2020-07-07,0 days 15:59:48.862142,113430,41.84,41.8,1000,565,1592,-508
1049,DT,2020-07-07,0 days 15:59:49.864512,115022,41.87,41.83,460,400,-108,1592
1050,DT,2020-07-07,0 days 15:59:50.868000,103430,41.87,41.83,623,400,11592,-108
1051,DUK,2020-07-07,0 days 15:57:43.561301,431321,80.9,80.88,4059,4293,1013,-487
1052,DUK,2020-07-07,0 days 15:57:44.563693,422127,80.9,80.88,900,4504,-9194,1013
1053,DUK,2020-07-07,0 days 15:58:18.647054,422409,80.82,80.81,3265,400,-9818,5782
1054,DUK,2020-07-07,0 days 15:59:14.784058,439968,80.75,80.74,700,2563,85,-86
1055,DUK,2020-07-07,0 days 15:59:26.808786,435589,80.75,80.74,425,2115,-4379,5085
1056,DUK,2020-07-07,0 days 15:59:44.852946,439639,80.78,80.75,512,1045,-429,2371
1057,DUK,2020-07-07,0 days 15:59:45.854706,440068,80.76,80.75,251,300,1797,-429
1058,DUK,2020-07-07,0 days 15:59:46.857336,439765,80.78,80.76,1028,795,-525,1797
1059,DUK,2020-07-07,0 days 15:59:47.859506,440290,80.78,80.77,990,260,826,-525
1060,DUK,2020-07-07,0 days 15:59:50.868589,440102,80.78,80.77,555,256,-188,512
1061,DVN,2020-07-07,0 days 15:56:11.347994,459708,10.36,10.35,20376,15275,-6071,10694
1062,DVN,2020-07-07,0 days 15:56:12.350693,451179,10.36,10.35,21138,16350,8529,-6071
1063,DVN,2020-07-07,0 days 15:56:43.424685,452091,10.39,10.38,15300,7075,7773,-1483
1064,DVN,2020-07-07,0 days 15:58:58.752081,479188,10.36,10.35,13394,16370,-1981,12433
1065,DVN,2020-07-07,0 days 15:58:59.754421,474515,10.36,10.35,11532,16370,4673,-1981
1066,DVN,2020-07-07,0 days 15:59:22.811321,480181,10.37,10.36,8581,18820,-56680,5926
1067,DVN,2020-07-07,0 days 15:59:23.813272,479661,10.37,10.36,8386,15867,520,-56680
1068,DXC,2020-07-07,0 days 15:59:23.746450,1163723,15.28,15.27,7300,200,-30060,20812
1069,DXC,2020-07-07,0 days 15:59:24.749204,1159986,15.27,15.26,3455,3185,3737,-30060
1070,DXC,2020-07-07,0 days 15:59:31.764593,1165523,15.26,15.25,13390,7093,3611,-4589
1071,DXC,2020-07-07,0 days 15:59:41.788618,1175771,15.26,15.25,9514,4003,1002,-398
1072,DXC,2020-07-07,0 days 15:59:47.803027,1179108,15.28,15.27,6350,821,-1237,4574
1073,EAT,2020-07-07,0 days 15:55:00.173261,85855,22.14,22.12,409,1200,3890,-15397
1074,EAT,2020-07-07,0 days 15:55:01.176584,84345,22.14,22.13,609,612,-1510,3890
1075,EAT,2020-07-07,0 days 15:56:14.352801,87157,22.15,22.14,2402,1395,47,-153
1076,EAT,2020-07-07,0 days 15:56:15.354746,85904,22.15,22.14,2602,1495,-1253,47
1077,EAT,2020-07-07,0 days 15:57:06.477493,87871,22.19,22.17,2363,609,33,-267
1078,EAT,2020-07-07,0 days 15:57:07.480164,86604,22.19,22.17,2063,609,-1267,33
1079,EAT,2020-07-07,0 days 15:58:07.625038,88671,22.18,22.17,10162,503,2368,-1095
1080,EAT,2020-07-07,0 days 15:58:08.626687,87939,22.18,22.17,2424,1173,-769,2368
1081,EAT,2020-07-07,0 days 15:58:49.725522,85563,22.17,22.16,6990,756,-2008,2692
1082,EAT,2020-07-07,0 days 15:59:12.783152,96484,22.21,22.19,200,1270,-87,1113
1083,EGHT,2020-07-07,0 days 15:55:39.264738,83183,16.01,15.99,1500,1600,-373,527
1084,EGHT,2020-07-07,0 days 15:55:40.267139,81456,16.01,15.99,1110,1600,1727,-373
1085,EGHT,2020-07-07,0 days 15:56:08.333313,83183,16.0,15.98,1000,1188,-313,113
1086,EGHT,2020-07-07,0 days 15:56:09.335682,81596,16.0,15.98,1000,1188,1587,-313
1087,EGHT,2020-07-07,0 days 15:56:23.369411,83183,16.0,15.98,1310,907,-813,87
1088,EGHT,2020-07-07,0 days 15:56:24.372157,81696,16.0,15.98,1210,1007,1487,-813
1089,EGHT,2020-07-07,0 days 15:58:26.667190,85852,16.0,15.99,3237,1144,-534,2106
1090,EGHT,2020-07-07,0 days 15:58:27.669705,84386,16.0,15.99,3237,1244,1106,-534
1091,EGHT,2020-07-07,0 days 15:59:27.810660,98701,15.99,15.98,1850,814,-335,177
1092,EGHT,2020-07-07,0 days 15:59:43.849537,100100,15.97,15.96,4739,700,802,-1498
1093,EGHT,2020-07-07,0 days 15:59:45.854689,100902,15.97,15.96,5183,600,-187,302
1094,EGHT,2020-07-07,0 days 15:59:48.862142,100741,15.97,15.96,4281,723,161,-517
1095,EGHT,2020-07-07,0 days 15:59:56.879283,99101,15.98,15.95,2744,879,-8442,9861
1096,EGO,2020-07-07,0 days 15:59:38.899977,35332,10.4,10.39,36241,4082,-4681,919
1097,EGO,2020-07-07,0 days 15:59:39.903011,34713,10.4,10.39,38341,3781,619,-4681
1098,EIX,2020-07-07,0 days 15:56:11.344822,176976,54.55,54.54,1171,591,-180,495
1099,EIX,2020-07-07,0 days 15:56:12.346361,173456,54.55,54.54,1175,791,3520,-180
1100,EIX,2020-07-07,0 days 15:57:12.492362,174243,54.65,54.63,1026,2094,-311,131
1101,EIX,2020-07-07,0 days 15:57:13.495007,171454,54.65,54.63,1126,1794,2789,-311
1102,EIX,2020-07-07,0 days 15:57:39.555450,174838,54.66,54.65,1106,3783,-116,1184
1103,EIX,2020-07-07,0 days 15:57:40.557477,172354,54.66,54.65,1106,1583,2484,-116
1104,EIX,2020-07-07,0 days 15:58:36.694045,175621,54.61,54.6,1239,411,-1542,2453
1105,EIX,2020-07-07,0 days 15:58:37.696398,173463,54.6,54.59,951,900,4158,-1542
1106,EIX,2020-07-07,0 days 15:59:04.765086,178476,54.59,54.58,756,1297,-19837,656
1107,EIX,2020-07-07,0 days 15:59:05.766388,174036,54.57,54.56,290,400,6040,-19837
1108,EIX,2020-07-07,0 days 15:59:07.771069,190137,54.6,54.59,1087,600,-6801,8387
1109,EIX,2020-07-07,0 days 15:59:08.773820,189433,54.58,54.57,787,600,1804,-6801
1110,EIX,2020-07-07,0 days 15:59:09.776792,191237,54.59,54.58,300,730,-1929,1804
1111,EIX,2020-07-07,0 days 15:59:10.778696,187966,54.59,54.58,1100,273,3271,-1929
1112,EIX,2020-07-07,0 days 15:59:15.789690,191301,54.61,54.59,523,1650,-565,435
1113,EIX,2020-07-07,0 days 15:59:16.791432,189366,54.58,54.57,100,360,2435,-565
1114,EIX,2020-07-07,0 days 15:59:48.866364,196980,54.54,54.5,1587,2241,-68,338
1115,EIX,2020-07-07,0 days 15:59:49.868699,196448,54.54,54.5,1807,1816,532,-68
1116,EMR,2020-07-07,0 days 15:57:35.484019,323204,60.9,60.88,760,1547,-834,49266
1117,EMR,2020-07-07,0 days 15:57:44.505370,326204,60.87,60.85,300,1026,-457,266
1118,EMR,2020-07-07,0 days 15:57:46.512818,327225,60.87,60.85,730,1126,1879,-457
1119,EMR,2020-07-07,0 days 15:57:47.512419,326804,60.87,60.85,330,1026,-921,1879
1120,EMR,2020-07-07,0 days 15:57:52.524020,328261,60.86,60.85,1230,1131,2251,-549
1121,EMR,2020-07-07,0 days 15:57:53.526641,327712,60.86,60.85,1330,677,-549,2251
1122,EMR,2020-07-07,0 days 15:57:54.529329,326584,60.85,60.84,200,300,1228,-549
1123,EMR,2020-07-07,0 days 15:57:55.532233,326212,60.85,60.84,200,593,-372,1228
1124,EMR,2020-07-07,0 days 15:58:08.564801,328890,60.85,60.82,1701,900,2222,-678
1125,EMR,2020-07-07,0 days 15:58:09.567193,327812,60.85,60.83,1401,659,-1078,2222
1126,EMR,2020-07-07,0 days 15:58:28.612774,329225,60.84,60.83,300,1889,671,-229
1127,EMR,2020-07-07,0 days 15:58:29.614620,328696,60.84,60.83,300,1789,-429,671
1128,EMR,2020-07-07,0 days 15:59:06.706966,356728,60.78,60.77,919,200,893,-2101
1129,EMR,2020-07-07,0 days 15:59:07.709581,355965,60.78,60.77,600,1047,-763,893
1130,EMR,2020-07-07,0 days 15:59:09.713562,359806,60.78,60.77,100,1285,543,-3041
1131,EMR,2020-07-07,0 days 15:59:10.716518,358849,60.79,60.78,1202,103,-157,543
1132,EMR,2020-07-07,0 days 15:59:12.721243,359806,60.79,60.78,539,824,2732,-157
1133,EMR,2020-07-07,0 days 15:59:26.752354,362699,60.82,60.8,799,1635,-144,1456
1134,EMR,2020-07-07,0 days 15:59:27.754817,362943,60.82,60.81,390,804,194,-144
1135,EMR,2020-07-07,0 days 15:59:51.812987,364532,60.79,60.78,2250,100,3028,-261
1136,ENB,2020-07-07,0 days 15:58:50.725699,124827,30.0,29.99,7459,4104,2871,-2858
1137,ENB,2020-07-07,0 days 15:58:51.728771,112198,30.0,29.99,8059,3100,-12629,2871
1138,ENB,2020-07-07,0 days 15:59:06.767116,124827,29.98,29.97,6998,994,1317,-983
1139,ENB,2020-07-07,0 days 15:59:12.779913,126248,29.98,29.97,7303,787,-5463,1421
1140,ENB,2020-07-07,0 days 15:59:28.812808,130596,29.96,29.95,5353,2662,-1115,3685
1141,ENB,2020-07-07,0 days 15:59:42.850135,131711,29.95,29.94,6581,3744,2993,-1115
1142,ENB,2020-07-07,0 days 15:59:43.849537,130004,29.95,29.94,6158,3360,-1707,2993
1143,ENB,2020-07-07,0 days 15:59:45.854689,131711,29.95,29.94,6719,3528,2400,-1707
1144,ENB,2020-07-07,0 days 15:59:46.857300,130211,29.95,29.94,2830,6428,-2201,2400
1145,ENB,2020-07-07,0 days 15:59:47.859488,132412,29.95,29.94,5330,3448,1203,-2201
1146,ENLC,2020-07-07,0 days 15:55:39.124100,237493,2.54,2.53,12295,16483,4740,-3760
1147,ENLC,2020-07-07,0 days 15:59:06.625959,251354,2.54,2.53,9854,13049,-520,1580
1148,EOG,2020-07-07,0 days 15:59:15.785369,351498,48.21,48.2,3170,381,5555,-2762
1149,EOG,2020-07-07,0 days 15:59:16.787148,345153,48.21,48.2,426,2797,-6345,5555
1150,EOG,2020-07-07,0 days 15:59:41.845050,359609,48.16,48.15,3028,2302,1325,-1475
1151,EOG,2020-07-07,0 days 15:59:47.859464,353490,48.09,48.08,1903,3884,-1778,10374
1152,EPD,2020-07-07,0 days 15:58:41.773230,243068,17.59,17.58,5301,20579,-58,15342
1153,EPD,2020-07-07,0 days 15:59:08.839933,238220,17.59,17.58,6908,14047,4848,-1808
1154,EPD,2020-07-07,0 days 15:59:45.916968,243068,17.59,17.58,2464,23641,-925,648
1155,EPD,2020-07-07,0 days 15:59:48.925533,240093,17.6,17.59,3400,8400,875,-925
1156,EQH,2020-07-07,0 days 15:55:01.035380,224812,18.85,18.84,2144,6589,49292,-8781
1157,EQH,2020-07-07,0 days 15:55:45.139799,274804,18.87,18.86,2529,4241,-730,19528
1158,EQH,2020-07-07,0 days 15:55:47.143769,275534,18.87,18.86,2200,4771,6771,-730
1159,EQH,2020-07-07,0 days 15:57:36.405506,284349,18.92,18.91,2360,4887,5062,-5512
1160,EQH,2020-07-07,0 days 15:59:05.623710,290584,18.88,18.87,2200,2726,-15676,982
1161,EQH,2020-07-07,0 days 15:59:06.626002,287902,18.87,18.86,1700,3003,39702,-15676
1162,EQH,2020-07-07,0 days 15:59:18.648785,324759,18.89,18.88,2090,2685,3819,-4039
1163,EQNR,2020-07-07,0 days 15:55:33.190084,22096,14.55,14.54,40411,24265,-2712,1988
1164,EQNR,2020-07-07,0 days 15:59:46.804037,30669,14.53,14.52,35322,41321,-495,1524
1165,EQNR,2020-07-07,0 days 15:59:47.805686,30564,14.53,14.52,36327,41321,1866,-495
1166,EQR,2020-07-07,0 days 15:55:00.114913,237053,57.67,57.66,523,661,-5420,72125
1167,EQR,2020-07-07,0 days 15:55:01.117857,236173,57.66,57.63,849,200,880,-5420
1168,EQR,2020-07-07,0 days 15:55:23.170554,237353,57.69,57.67,1426,400,-153,838
1169,EQR,2020-07-07,0 days 15:57:12.431254,241342,57.72,57.71,325,470,911,-589
1170,EQR,2020-07-07,0 days 15:57:13.433198,240953,57.72,57.71,225,822,-389,911
1171,EQR,2020-07-07,0 days 15:57:36.487363,241342,57.71,57.7,997,200,1911,-89
1172,EQR,2020-07-07,0 days 15:57:37.489839,241053,57.71,57.7,1723,100,-289,1911
1173,EQR,2020-07-07,0 days 15:57:39.494049,241342,57.7,57.69,666,261,411,-289
1174,EQR,2020-07-07,0 days 15:57:40.498048,241153,57.71,57.7,2669,801,-189,411
1175,EQR,2020-07-07,0 days 15:57:41.502015,241342,57.71,57.7,2794,201,1211,-189
1176,EQR,2020-07-07,0 days 15:57:42.502529,241253,57.71,57.7,3094,201,-89,1211
1177,EQR,2020-07-07,0 days 15:57:47.512568,241342,57.71,57.7,2000,400,111,-889
1178,EQR,2020-07-07,0 days 15:57:51.522223,241453,57.7,57.69,200,663,-2089,111
1179,EQR,2020-07-07,0 days 15:57:52.524195,241342,57.7,57.69,500,462,111,-2089
1180,EQR,2020-07-07,0 days 15:58:05.557077,241753,57.72,57.71,1300,257,-789,411
1181,EQR,2020-07-07,0 days 15:58:06.559877,241342,57.72,57.71,1700,357,411,-789
1182,EQR,2020-07-07,0 days 15:58:40.642312,242639,57.68,57.66,1151,1020,-6378,407
1183,EQR,2020-07-07,0 days 15:58:41.644800,242217,57.68,57.66,1085,920,422,-6378
1184,EQR,2020-07-07,0 days 15:59:13.724251,288350,57.65,57.64,778,818,1741,-1959
1185,EQR,2020-07-07,0 days 15:59:14.725672,286991,57.65,57.64,928,718,-3703,1741
1186,EQR,2020-07-07,0 days 15:59:15.728512,290694,57.62,57.61,361,300,4608,-3703
1187,EQR,2020-07-07,0 days 15:59:16.728371,290602,57.61,57.6,500,375,-92,4608
1188,EQR,2020-07-07,0 days 15:59:25.749975,290684,57.6,57.59,1925,400,300,-1020
1189,EQR,2020-07-07,0 days 15:59:31.764502,285477,57.58,57.57,565,400,-148,6452
1190,EQR,2020-07-07,0 days 15:59:42.790884,285835,57.59,57.57,2216,119,700,-258
1191,EQR,2020-07-07,0 days 15:59:44.796086,284469,57.59,57.57,2098,119,-1366,700
1192,EQR,2020-07-07,0 days 15:59:45.798431,285835,57.56,57.55,230,342,3876,-1366
1193,EQR,2020-07-07,0 days 15:59:47.802931,286783,57.62,57.6,625,661,-5375,312
1194,EQR,2020-07-07,0 days 15:59:51.813225,292092,57.59,57.55,587,1525,1191,-975
1195,EQT,2020-07-07,0 days 15:59:06.626219,477543,14.11,14.1,3268,5262,60656,-31283
1196,EQT,2020-07-07,0 days 15:59:07.628357,472599,14.12,14.11,4594,4435,-4944,60656
1197,EQT,2020-07-07,0 days 15:59:12.640712,487781,14.11,14.1,4103,3961,15835,-2482
1198,EQT,2020-07-07,0 days 15:59:20.654154,474212,14.1,14.09,2993,4837,-1843,4957
1199,EQT,2020-07-07,0 days 15:59:26.668603,472755,14.09,14.08,3713,3027,1457,-1843
1200,EQT,2020-07-07,0 days 15:59:27.670631,471112,14.09,14.08,4022,3429,-1643,1457
1201,EQT,2020-07-07,0 days 15:59:43.709620,467012,14.07,14.06,22078,15280,-843,4557
1202,EQT,2020-07-07,0 days 16:00:00.749742,467855,14.08,14.07,37245,1558,1445,-779
1203,ERJ,2020-07-07,0 days 15:56:23.376874,35222,6.07,6.06,15452,11452,446,-454
1204,ERJ,2020-07-07,0 days 15:56:24.379178,33768,6.07,6.06,15452,11452,-1454,446
1205,EROS,2020-07-07,0 days 15:58:34.688651,41270,3.21,3.2,35377,15967,-11390,18110
1206,EROS,2020-07-07,0 days 15:59:07.770974,51236,3.21,3.2,50764,1239,-1222,892
1207,EROS,2020-07-07,0 days 15:59:08.773749,45858,3.21,3.2,51964,1339,5378,-1222
1208,ETRN,2020-07-07,0 days 15:59:12.792196,788964,10.0,9.99,6645,6523,6275,-29935
1209,ETRN,2020-07-07,0 days 15:59:13.794267,795239,10.0,9.99,7370,1036,-138878,6275
1210,ETRN,2020-07-07,0 days 15:59:15.797398,934117,9.99,9.98,5421,3165,5693,-138878
1211,ETRN,2020-07-07,0 days 15:59:23.817082,919997,9.99,9.98,9134,1259,-14120,6429
1212,ETRN,2020-07-07,0 days 15:59:24.820054,921317,9.98,9.97,8532,2100,9039,-14120
1213,ETRN,2020-07-07,0 days 15:59:30.833964,922411,9.99,9.98,18593,2083,-11706,1094
1214,ETRN,2020-07-07,0 days 15:59:31.836526,921317,9.98,9.97,15706,800,7994,-11706
1215,ETRN,2020-07-07,0 days 15:59:34.843676,913211,9.97,9.96,1258,32069,-2606,2194
1216,ETRN,2020-07-07,0 days 15:59:39.855554,915817,9.97,9.96,9700,6015,35544,-856
1217,ETRN,2020-07-07,0 days 15:59:46.872464,915113,9.97,9.96,7070,5100,-1608,3896
1218,EURN,2020-07-07,0 days 15:55:00.111841,30892,8.46,8.45,17981,7257,1198,-3776
1219,EURN,2020-07-07,0 days 15:55:45.219671,32090,8.46,8.45,18181,10777,-490,98
1220,EURN,2020-07-07,0 days 15:55:46.221307,31080,8.46,8.45,19181,10877,1010,-490
1221,EURN,2020-07-07,0 days 15:59:01.694770,32090,8.48,8.47,1712,22762,-4214,175
1222,EURN,2020-07-07,0 days 15:59:38.784094,37667,8.49,8.48,10678,31097,-4152,848
1223,EURN,2020-07-07,0 days 15:59:39.786555,37019,8.49,8.48,10773,31697,648,-4152
1224,EVH,2020-07-07,0 days 15:55:01.035881,72467,7.51,7.5,1679,2493,22597,-29678
1225,EVH,2020-07-07,0 days 15:55:02.036072,70464,7.51,7.5,1843,2793,-1564,22597
1226,EVH,2020-07-07,0 days 15:56:18.217678,150132,7.54,7.53,300,1738,26524,-2976
1227,EVH,2020-07-07,0 days 15:59:23.661590,177477,7.54,7.53,618,3419,-20378,3340
1228,EVH,2020-07-07,0 days 15:59:24.663809,173246,7.54,7.53,968,2950,4231,-20378
1229,EW,2020-07-07,0 days 15:57:40.557657,410571,68.76,68.75,100,526,-563,8537
1230,EW,2020-07-07,0 days 15:57:41.560639,407034,68.72,68.71,120,400,3537,-563
1231,EW,2020-07-07,0 days 15:58:03.613500,411167,68.72,68.69,3098,495,-87,33
1232,EW,2020-07-07,0 days 15:58:07.625070,411554,68.71,68.7,300,240,65,-87
1233,EW,2020-07-07,0 days 15:58:08.626687,411619,68.71,68.69,677,391,-250,65
1234,EW,2020-07-07,0 days 15:58:10.631489,404469,68.71,68.69,751,1556,7053,-250
