,Symbol,Timestamp,TIME,iPaired,Ask_P,Bid_P,Ask_S,Bid_S,iShares,PreviShares
0,AA,2020-10-23,0 days 15:59:19.249849,164061,13.48,13.47,4498,11954,-3857,9943
1,AA,2020-10-23,0 days 15:59:40.250711,164803,13.48,13.47,11164,7766,-3115,185
2,ABBV,2020-10-23,0 days 15:59:52.102181,437294,84.32,84.31,500,411,4443,-3901
3,ABBV,2020-10-23,0 days 15:59:54.102342,434846,84.35,84.34,100,500,-3098,3943
4,ABEV,2020-10-23,0 days 15:59:36.246866,419021,2.5,2.49,99253,1106041,-87829,166936
5,ABT,2020-10-23,0 days 15:55:00.232547,313636,107.87,107.82,800,411,5474,-21240
6,ABT,2020-10-23,0 days 15:56:04.235919,320912,107.84,107.81,412,100,-4444,2180
7,ABT,2020-10-23,0 days 15:56:05.236143,318056,107.83,107.79,510,288,2856,-4444
8,ABT,2020-10-23,0 days 15:56:25.237168,326832,107.83,107.81,356,100,-13497,1003
9,ABT,2020-10-23,0 days 15:56:26.236948,326586,107.83,107.8,466,474,246,-13497
10,ABT,2020-10-23,0 days 15:56:41.237110,326832,107.84,107.82,610,400,-274,75
11,ABT,2020-10-23,0 days 15:57:23.238997,328606,107.94,107.89,500,200,1283,-2656
12,ABT,2020-10-23,0 days 15:57:27.238597,330189,107.94,107.89,910,601,-617,1483
13,ABT,2020-10-23,0 days 15:57:29.238503,329906,107.92,107.89,310,501,183,-1717
14,ABT,2020-10-23,0 days 15:58:34.243073,338627,107.89,107.88,438,800,779,-1221
15,ABT,2020-10-23,0 days 15:59:10.245200,415478,107.78,107.74,100,500,1787,-19774
16,ABT,2020-10-23,0 days 15:59:20.246567,417208,107.77,107.74,568,200,251,-4111
17,ABT,2020-10-23,0 days 15:59:23.245239,411659,107.77,107.75,100,500,-5449,551
18,ABT,2020-10-23,0 days 15:59:31.247322,419280,107.86,107.82,1000,100,1852,-2778
19,ABT,2020-10-23,0 days 15:59:32.246815,417032,107.86,107.83,200,200,-2248,1852
20,ABT,2020-10-23,0 days 15:59:33.246934,419280,107.89,107.83,700,320,82,-2248
21,ABT,2020-10-23,0 days 15:59:44.246647,417127,107.77,107.75,200,200,-3242,79
22,ABT,2020-10-23,0 days 15:59:47.245761,422112,107.78,107.75,100,600,934,-1732
23,ABT,2020-10-23,0 days 15:59:49.246602,421812,107.79,107.77,100,700,-724,1581
24,ACB,2020-10-23,0 days 15:59:01.235329,24777,4.67,4.66,29287,2902,-11258,15575
25,ACB,2020-10-23,0 days 15:59:02.235273,24502,4.67,4.66,28892,3902,275,-11258
26,ACI,2020-10-23,0 days 15:55:22.236036,42741,14.8,14.79,1694,2511,-935,365
27,ACI,2020-10-23,0 days 15:55:23.233813,41876,14.8,14.79,1712,2211,865,-935
28,ACI,2020-10-23,0 days 15:57:11.238587,51549,14.81,14.8,1518,3491,-3226,1774
29,ACI,2020-10-23,0 days 15:57:12.238280,50275,14.81,14.8,1418,3191,1274,-3226
30,ACI,2020-10-23,0 days 15:58:48.243404,52649,14.82,14.8,1104,893,-1479,504
31,ADM,2020-10-23,0 days 15:57:36.228239,292276,51.87,51.86,2160,916,-418,2482
32,ADM,2020-10-23,0 days 15:57:37.228571,284994,51.87,51.86,2160,812,7282,-418
33,ADM,2020-10-23,0 days 15:59:03.233715,301793,51.86,51.85,212,3577,-5033,12073
34,ADM,2020-10-23,0 days 15:59:04.234568,299226,51.86,51.85,312,2972,2485,-5033
35,ADM,2020-10-23,0 days 15:59:06.233772,301746,51.86,51.85,518,2235,-15513,1994
36,ADM,2020-10-23,0 days 15:59:07.235183,300059,51.86,51.85,318,2935,1687,-15513
37,ADM,2020-10-23,0 days 15:59:31.235540,313128,51.88,51.87,1600,1196,2170,-6030
38,AEO,2020-10-23,0 days 15:59:48.294134,155211,14.7,14.69,6400,4100,25233,-3761
39,AEO,2020-10-23,0 days 15:59:49.293810,152844,14.7,14.69,1200,8800,-2367,25233
40,AFL,2020-10-23,0 days 15:55:46.227483,216170,37.81,37.8,813,4030,-16501,6019
41,AFL,2020-10-23,0 days 15:55:47.227276,210371,37.81,37.8,2026,3155,5799,-16501
42,AFL,2020-10-23,0 days 15:59:06.235108,232404,37.82,37.81,1400,3004,-24331,4851
43,AFL,2020-10-23,0 days 15:59:08.235006,230550,37.82,37.81,3600,1304,1854,-3546
44,AFL,2020-10-23,0 days 15:59:29.234581,237338,37.83,37.82,607,3890,-327,5373
45,AFL,2020-10-23,0 days 15:59:43.233502,237450,37.82,37.81,2137,3600,1188,-112
46,AFL,2020-10-23,0 days 15:59:46.234156,238638,37.83,37.82,400,4843,-4842,1088
47,AFL,2020-10-23,0 days 15:59:47.234131,237480,37.83,37.82,200,4343,1158,-4842
48,AG,2020-10-23,0 days 15:59:08.234011,33039,10.98,10.97,33907,6958,3526,-3183
49,AG,2020-10-23,0 days 15:59:18.233897,36565,10.98,10.97,28008,14488,-457,3526
50,AG,2020-10-23,0 days 15:59:36.235922,39508,10.98,10.97,17928,7833,757,-2043
51,AG,2020-10-23,0 days 15:59:46.235546,39508,10.98,10.97,32976,6928,857,-243
52,AHT,2020-10-23,0 days 15:58:09.289143,7063,1.75,1.74,709,1062,-339,959
53,AIG,2020-10-23,0 days 15:55:33.225692,341347,32.4,32.39,3532,1084,-297,4394
54,AIG,2020-10-23,0 days 15:56:27.226580,374107,32.35,32.34,2400,2307,103,-2297
55,AIG,2020-10-23,0 days 15:56:28.226559,370610,32.35,32.34,2622,2478,-3591,103
56,AIG,2020-10-23,0 days 15:56:37.226794,374271,32.35,32.34,2843,2500,13043,-3857
57,AIG,2020-10-23,0 days 15:56:38.226968,371314,32.36,32.35,2289,4171,-2957,13043
58,AIG,2020-10-23,0 days 15:57:42.228785,378798,32.37,32.36,1496,3075,916,-3084
59,AIG,2020-10-23,0 days 15:57:43.229178,375014,32.37,32.36,1238,3375,-3784,916
60,AIG,2020-10-23,0 days 15:58:05.231035,385542,32.38,32.37,2252,2681,12998,-3732
61,AIG,2020-10-23,0 days 15:58:06.231544,379940,32.38,32.37,2657,2673,-5602,12998
62,AIG,2020-10-23,0 days 15:59:03.233729,384684,32.39,32.38,902,3268,-4378,15021
63,AIG,2020-10-23,0 days 15:59:19.233928,404368,32.39,32.38,3050,2651,1595,-3553
64,AIG,2020-10-23,0 days 15:59:42.235199,404085,32.38,32.37,6200,500,4900,-2111
65,AIG,2020-10-23,0 days 15:59:46.235886,399741,32.37,32.36,500,4601,-344,836
66,ALK,2020-10-23,0 days 15:57:06.097790,84642,41.52,41.5,194,100,5103,-7097
67,ALK,2020-10-23,0 days 15:57:28.097862,85353,41.56,41.53,400,362,352,-748
68,ALK,2020-10-23,0 days 15:57:29.097883,84605,41.56,41.53,400,362,-748,352
69,ALK,2020-10-23,0 days 15:57:37.098776,85353,41.56,41.53,300,562,652,-648
70,ALK,2020-10-23,0 days 15:57:38.098460,84805,41.56,41.53,300,562,-548,652
71,ALK,2020-10-23,0 days 15:57:42.099119,85353,41.56,41.53,550,493,252,-548
72,ALK,2020-10-23,0 days 15:57:43.099539,84905,41.54,41.53,450,582,-448,252
73,ALK,2020-10-23,0 days 15:59:19.103057,85962,41.5,41.49,404,340,4397,-756
74,ALK,2020-10-23,0 days 15:59:20.102885,86359,41.52,41.5,300,300,-290,4397
75,ALK,2020-10-23,0 days 15:59:31.104333,90539,41.54,41.51,273,619,1169,-4454
76,ALK,2020-10-23,0 days 15:59:32.104437,90108,41.56,41.53,200,500,-431,1169
77,ALK,2020-10-23,0 days 15:59:42.104219,90839,41.55,41.53,200,499,869,-431
78,ALK,2020-10-23,0 days 15:59:50.107369,90799,41.56,41.54,200,500,-40,160
79,ALLY,2020-10-23,0 days 15:57:02.286697,244807,29.1,29.09,1400,4454,-27517,12483
80,ALLY,2020-10-23,0 days 15:57:03.286463,242524,29.09,29.08,2800,2787,2283,-27517
81,ALLY,2020-10-23,0 days 15:57:17.287410,244807,29.08,29.07,2710,4510,-3374,1526
82,ALLY,2020-10-23,0 days 15:57:18.287559,242481,29.08,29.07,3210,4510,2326,-3374
83,ALLY,2020-10-23,0 days 15:57:23.287947,244807,29.08,29.07,3660,5259,-1774,2326
84,ALLY,2020-10-23,0 days 15:57:24.287930,242881,29.07,29.06,1263,3000,1926,-1774
85,ALLY,2020-10-23,0 days 15:57:36.288518,265731,29.08,29.07,3215,2814,1076,-574
86,ALLY,2020-10-23,0 days 15:58:37.291683,266834,29.06,29.05,9860,4807,-3418,3682
87,ALLY,2020-10-23,0 days 15:58:38.291666,263152,29.06,29.05,10010,5007,3682,-3418
88,ALLY,2020-10-23,0 days 15:58:55.292223,263581,29.06,29.05,1212,4700,3253,-747
89,ALLY,2020-10-23,0 days 15:59:03.293798,266834,29.06,29.05,7021,5083,-1837,1938
90,ALLY,2020-10-23,0 days 15:59:04.293942,264671,29.06,29.05,7021,4910,2163,-1837
91,ALLY,2020-10-23,0 days 15:59:30.294126,308502,29.09,29.08,2500,5560,3802,-5298
92,ALLY,2020-10-23,0 days 15:59:43.293612,312304,29.09,29.08,5925,4308,-5688,578
93,AMC,2020-10-23,0 days 15:59:00.248235,49958,2.98,2.97,3535,13111,-7732,2481
94,AMC,2020-10-23,0 days 15:59:18.245144,57880,2.98,2.97,14172,9876,1669,-509
95,AMC,2020-10-23,0 days 15:59:19.244992,57149,2.98,2.97,13871,9876,-731,1669
96,AMCR,2020-10-23,0 days 15:55:00.225069,360269,10.96,10.95,12527,15737,5778,-57681
97,AMCR,2020-10-23,0 days 15:59:05.235027,396608,10.96,10.95,13662,15709,-13196,4429
98,AMCR,2020-10-23,0 days 15:59:24.234382,461938,10.96,10.95,25480,13139,1011,-44629
99,AMWL,2020-10-23,0 days 15:55:02.245325,39523,32.48,32.44,2713,100,-563,2637
100,AMWL,2020-10-23,0 days 15:55:03.245428,36786,32.48,32.44,2813,100,2737,-563
101,AMWL,2020-10-23,0 days 15:56:07.248701,19537,32.45,32.41,500,733,-488,2412
102,AMWL,2020-10-23,0 days 15:56:08.248094,18625,32.45,32.41,100,733,912,-488
103,AMWL,2020-10-23,0 days 15:58:02.252264,26737,32.51,32.47,300,700,-1001,799
104,AMWL,2020-10-23,0 days 15:58:03.251744,25438,32.51,32.47,300,700,1299,-1001
105,AMWL,2020-10-23,0 days 15:59:04.255995,26737,32.51,32.5,500,1623,-782,855
106,AMWL,2020-10-23,0 days 15:59:05.254739,25619,32.51,32.5,500,1623,1118,-782
107,AMWL,2020-10-23,0 days 15:59:40.248309,26737,32.53,32.48,100,200,-2287,113
108,AMWL,2020-10-23,0 days 15:59:41.247972,26124,32.53,32.48,100,200,613,-2287
109,AMWL,2020-10-23,0 days 15:59:46.248634,26737,32.53,32.43,100,400,-337,113
110,APO,2020-10-23,0 days 15:57:43.289145,39747,41.1,41.09,537,200,-39,361
111,APO,2020-10-23,0 days 15:57:46.288952,39386,41.09,41.07,371,200,361,-239
112,APO,2020-10-23,0 days 15:57:51.288880,39747,41.1,41.08,439,400,-114,186
113,APO,2020-10-23,0 days 15:57:52.289269,39261,41.1,41.08,439,400,486,-114
114,APO,2020-10-23,0 days 15:59:03.293798,43013,41.1,41.09,677,200,-600,400
115,APO,2020-10-23,0 days 15:59:37.292977,52478,41.15,41.12,100,726,-1369,321
116,APO,2020-10-23,0 days 15:59:38.293010,52347,41.15,41.12,100,726,131,-1369
117,APO,2020-10-23,0 days 15:59:46.294060,52578,41.15,41.12,100,226,-679,231
118,APO,2020-10-23,0 days 15:59:54.295324,52478,41.16,41.12,900,602,-479,421
119,APTV,2020-10-23,0 days 15:57:10.244578,171388,100.18,100.15,219,365,-48,2352
120,APTV,2020-10-23,0 days 15:57:13.244777,166969,100.17,100.14,300,396,4419,-48
121,APTV,2020-10-23,0 days 15:57:34.246176,171338,100.23,100.2,100,288,-298,2302
122,APTV,2020-10-23,0 days 15:57:35.246002,169336,100.23,100.19,400,500,2002,-298
123,APTV,2020-10-23,0 days 15:57:38.245796,171338,100.22,100.19,503,600,-198,102
124,APTV,2020-10-23,0 days 15:57:39.246043,170136,100.22,100.19,503,700,1202,-198
125,APTV,2020-10-23,0 days 15:59:06.250131,172118,100.14,100.1,300,300,-6156,1639
126,APTV,2020-10-23,0 days 15:59:07.251550,171374,100.14,100.1,200,300,806,-6156
127,APTV,2020-10-23,0 days 15:59:17.249486,172140,100.21,100.17,200,208,-1958,298
128,APTV,2020-10-23,0 days 15:59:23.249689,167596,100.17,100.12,365,200,4544,-2112
129,APTV,2020-10-23,0 days 15:59:30.253336,197755,100.25,100.2,200,100,-3462,1403
130,APTV,2020-10-23,0 days 15:59:31.250745,196217,100.24,100.2,100,100,1538,-3462
131,APTV,2020-10-23,0 days 15:59:46.250759,197855,100.25,100.19,200,100,-753,890
132,APTV,2020-10-23,0 days 15:59:47.250538,199108,100.25,100.19,100,100,689,-753
133,AR,2020-10-23,0 days 15:57:16.227005,245413,4.0,3.99,38545,5755,13481,-220
134,AR,2020-10-23,0 days 15:57:17.226646,239694,4.0,3.99,39045,5755,-5719,13481
135,ARCO,2020-10-23,0 days 15:59:01.233478,12398,4.14,4.13,1515,926,612,-1778
136,ARCO,2020-10-23,0 days 15:59:46.235165,12661,4.14,4.13,3926,1000,180,-220
137,ARMK,2020-10-23,0 days 15:55:00.203975,106789,30.22,30.21,623,420,960,-19113
138,ARMK,2020-10-23,0 days 15:56:03.206669,124759,30.21,30.2,1543,234,-12,655
139,ARMK,2020-10-23,0 days 15:56:04.207236,122471,30.21,30.2,1543,314,2288,-12
140,ARMK,2020-10-23,0 days 15:57:47.209544,127858,30.23,30.22,965,3161,-177,323
141,ARMK,2020-10-23,0 days 15:57:48.209753,127235,30.23,30.22,850,3291,223,-177
142,ARMK,2020-10-23,0 days 15:58:06.210669,127858,30.23,30.22,997,3033,-1600,223
143,ARMK,2020-10-23,0 days 15:58:19.211197,128135,30.23,30.22,1099,3000,-1423,677
144,ARMK,2020-10-23,0 days 15:58:28.211341,128135,30.23,30.22,1503,3029,-123,577
145,ARMK,2020-10-23,0 days 15:59:17.213426,124111,30.23,30.22,200,4054,4819,-657
146,ARMK,2020-10-23,0 days 15:59:18.213897,125830,30.24,30.23,239,4526,-442,4819
147,ASB,2020-10-23,0 days 15:56:30.228946,86087,14.29,14.28,7533,1250,-13672,2228
148,ASB,2020-10-23,0 days 15:56:31.229586,83859,14.29,14.28,7111,1250,2228,-13672
149,ASB,2020-10-23,0 days 15:57:21.230197,102153,14.3,14.29,2313,4700,-500,4800
150,ASB,2020-10-23,0 days 15:57:22.230082,99153,14.3,14.29,2413,4700,3000,-500
151,ASB,2020-10-23,0 days 15:57:52.231402,102153,14.3,14.29,4842,2808,-292,408
152,ASB,2020-10-23,0 days 15:57:55.232978,96145,14.3,14.29,4209,3323,6008,-292
153,ASB,2020-10-23,0 days 15:59:43.233703,111821,14.29,14.28,1320,5214,-1875,1433
154,ASB,2020-10-23,0 days 15:59:44.234265,110196,14.29,14.28,1110,5614,1625,-1875
155,ASB,2020-10-23,0 days 15:59:50.237400,111493,14.29,14.28,1100,2000,328,-373
156,ATI,2020-10-23,0 days 15:55:12.283765,43216,9.66,9.65,972,2242,-8416,12084
157,ATI,2020-10-23,0 days 15:55:13.283772,42332,9.66,9.65,988,2242,884,-8416
158,ATI,2020-10-23,0 days 15:55:44.285004,48510,9.66,9.65,4225,857,-4241,488
159,ATI,2020-10-23,0 days 15:55:45.285141,47451,9.66,9.65,4030,1061,1059,-4241
160,ATI,2020-10-23,0 days 15:57:43.289102,49121,9.66,9.65,6922,215,-35,165
161,ATI,2020-10-23,0 days 15:57:44.288527,48456,9.66,9.65,6522,446,665,-35
162,ATI,2020-10-23,0 days 15:58:48.291620,49229,9.66,9.65,3983,753,-524,47
163,ATI,2020-10-23,0 days 15:58:49.291666,48553,9.66,9.65,3483,953,576,-524
164,ATI,2020-10-23,0 days 15:59:04.293820,60529,9.66,9.65,3734,1569,-719,368
165,ATUS,2020-10-23,0 days 15:56:38.285739,183730,27.66,27.65,14252,1148,-334,1128
166,ATUS,2020-10-23,0 days 15:57:35.288508,184164,27.65,27.64,8265,4645,2528,-372
167,ATUS,2020-10-23,0 days 15:58:11.289966,187220,27.66,27.65,8808,5999,-5840,1520
168,ATUS,2020-10-23,0 days 15:58:12.290737,181160,27.66,27.65,8460,7881,6060,-5840
169,ATUS,2020-10-23,0 days 15:58:18.290679,176660,27.69,27.68,2611,8914,2260,-2140
170,ATUS,2020-10-23,0 days 15:58:51.291614,276920,27.66,27.65,1807,4800,-12984,1560
171,ATUS,2020-10-23,0 days 15:59:22.292132,333413,27.65,27.64,9106,2105,466,-3407
172,ATUS,2020-10-23,0 days 15:59:29.292500,328138,27.65,27.64,8530,2605,-5175,5325
173,ATUS,2020-10-23,0 days 15:59:33.293020,333413,27.65,27.64,3077,7986,235,-965
174,ATUS,2020-10-23,0 days 15:59:44.293903,328252,27.65,27.64,6997,7009,-5161,19239
175,AU,2020-10-23,0 days 15:59:45.236729,68261,25.17,25.16,430,10010,-122,128
176,AU,2020-10-23,0 days 15:59:47.235123,67676,25.17,25.16,307,8400,585,-6015
177,AUY,2020-10-23,0 days 15:57:14.208338,37866,5.79,5.78,180929,139615,-1473,13927
178,AUY,2020-10-23,0 days 15:57:29.208300,39439,5.79,5.78,75729,364375,4085,-1573
179,AUY,2020-10-23,0 days 15:59:36.214358,49676,5.8,5.79,212674,388080,-1102,1498
180,AUY,2020-10-23,0 days 15:59:37.213739,49478,5.8,5.79,212674,389880,198,-1102
181,AUY,2020-10-23,0 days 15:59:40.215086,49676,5.8,5.79,211274,397980,-12702,198
182,AUY,2020-10-23,0 days 15:59:41.214102,49478,5.8,5.79,212574,394980,198,-12702
183,AVTR,2020-10-23,0 days 15:58:00.252896,511497,24.94,24.93,100,7302,-46985,29615
184,AVTR,2020-10-23,0 days 15:58:18.251534,499016,24.92,24.91,2700,2202,23067,-4533
185,AVTR,2020-10-23,0 days 15:59:04.255669,543090,24.88,24.87,30900,2370,-40283,4348
186,AVTR,2020-10-23,0 days 15:59:05.254446,537973,24.88,24.87,31233,2360,5117,-40283
187,AVTR,2020-10-23,0 days 15:59:10.254168,543090,24.88,24.87,26200,1800,-82486,3914
188,AXP,2020-10-23,0 days 15:55:26.096949,264836,100.79,100.77,782,107,10195,-1205
189,AXP,2020-10-23,0 days 15:55:27.096740,262531,100.79,100.77,782,107,-2305,10195
190,AXP,2020-10-23,0 days 15:59:03.102725,337960,100.8,100.77,100,300,63101,-11029
191,AXP,2020-10-23,0 days 15:59:04.102619,337537,100.83,100.8,100,200,-7204,63101
192,AXP,2020-10-23,0 days 15:59:05.102672,351793,100.82,100.79,100,100,1644,-7204
193,AXP,2020-10-23,0 days 15:59:19.102091,364397,100.81,100.79,300,200,998,-2183
194,AXP,2020-10-23,0 days 15:59:20.101994,362292,100.85,100.79,1161,200,-5205,998
195,AXP,2020-10-23,0 days 15:59:23.102662,367602,100.88,100.82,300,200,1090,-2110
196,AXP,2020-10-23,0 days 15:59:24.102298,365492,100.88,100.84,300,100,-2110,1090
197,AXP,2020-10-23,0 days 15:59:39.103478,375422,100.91,100.87,200,500,1048,-5655
198,AXP,2020-10-23,0 days 15:59:46.104365,373502,100.93,100.9,193,405,-3756,1932
199,AXTA,2020-10-23,0 days 15:55:00.241044,103930,26.78,26.77,3932,1200,69310,-20586
200,AXTA,2020-10-23,0 days 15:55:12.241188,103840,26.81,26.8,2774,1748,-90,1610
201,AXTA,2020-10-23,0 days 15:59:18.249503,125704,26.76,26.75,815,2471,10998,-1369
202,AXTA,2020-10-23,0 days 15:59:19.249834,126402,26.78,26.77,1709,1714,-1839,10998
203,AXTA,2020-10-23,0 days 15:59:45.251437,136069,26.8,26.79,600,2104,764,-796
204,AYX,2020-10-23,0 days 15:57:00.229581,35709,138.75,138.46,100,300,7572,-12428
205,AYX,2020-10-23,0 days 15:57:35.230407,43281,138.71,138.56,266,450,-28,572
206,AYX,2020-10-23,0 days 15:57:36.230749,42609,138.71,138.56,266,350,672,-28
207,AYX,2020-10-23,0 days 15:57:40.230530,43281,138.71,138.58,266,100,-28,372
208,AYX,2020-10-23,0 days 15:57:41.230694,42609,138.71,138.59,266,100,672,-28
209,AYX,2020-10-23,0 days 15:58:29.233524,43392,138.7,138.58,120,203,-1662,638
210,AYX,2020-10-23,0 days 15:58:30.233471,42754,138.7,138.58,120,203,638,-1662
211,AYX,2020-10-23,0 days 15:58:44.233726,43392,138.76,138.64,100,100,-162,638
212,AYX,2020-10-23,0 days 15:58:45.233684,42854,138.81,138.64,100,100,538,-162
213,AYX,2020-10-23,0 days 15:59:55.235294,48558,138.88,138.74,100,100,-4432,1968
214,AYX,2020-10-23,0 days 15:59:56.235928,46203,138.88,138.67,100,100,2455,-4432
215,BA,2020-10-23,0 days 15:55:03.283127,116710,167.55,167.53,100,400,1029,-1971
216,BA,2020-10-23,0 days 15:55:04.283429,114539,167.54,167.52,100,226,-2171,1029
217,BA,2020-10-23,0 days 15:57:05.287385,125597,166.92,166.8,100,200,24677,-1430
218,BA,2020-10-23,0 days 15:57:07.286977,130374,166.64,166.53,200,200,-423,10277
219,BA,2020-10-23,0 days 15:57:20.287583,125897,166.75,166.65,500,300,9977,-16709
220,BA,2020-10-23,0 days 15:57:33.288477,126614,166.77,166.73,100,100,6560,-11309
221,BA,2020-10-23,0 days 15:57:36.288518,126614,166.84,166.78,400,100,6753,-7526
222,BA,2020-10-23,0 days 15:57:37.288395,116588,166.93,166.89,100,299,-13083,6753
223,BA,2020-10-23,0 days 15:57:54.289132,129671,167.06,166.99,400,300,1021,-79
224,BA,2020-10-23,0 days 15:57:55.289665,125405,167.27,167.2,100,100,-4267,1021
225,BA,2020-10-23,0 days 15:59:30.294090,152594,167.34,167.31,340,807,2987,-2674
226,BA,2020-10-23,0 days 15:59:31.293149,151820,167.39,167.36,100,400,-774,2987
227,BAC,2020-10-23,0 days 15:57:37.246071,1519084,24.9,24.89,103619,31490,6063,-11937
228,BAC,2020-10-23,0 days 15:58:00.248806,1558368,24.9,24.89,116440,20944,-18716,3183
229,BAC,2020-10-23,0 days 15:58:01.248038,1519384,24.9,24.89,128606,28054,38984,-18716
230,BAC,2020-10-23,0 days 15:59:04.251017,1632504,24.9,24.89,29007,103861,-63376,24741
231,BAC,2020-10-23,0 days 15:59:24.249599,1704344,24.9,24.89,75331,83022,21426,-41231
232,BB,2020-10-23,0 days 15:55:00.245516,24956,5.1,5.09,31360,73314,10932,-5448
233,BBD,2020-10-23,0 days 15:59:42.234220,332482,4.01,4.0,1117589,79489,670,-11830
234,BBD,2020-10-23,0 days 15:59:45.234824,333152,4.01,4.0,1001524,93664,-4330,670
235,BBD,2020-10-23,0 days 15:59:46.234455,332682,4.01,4.0,981724,71389,2217,-4330
236,BBD,2020-10-23,0 days 15:59:47.234418,334899,4.01,4.0,981724,94620,-68022,2217
237,BBVA,2020-10-23,0 days 15:55:00.245668,19577,2.92,2.91,2300,341532,-8791,3114
238,BDN,2020-10-23,0 days 15:55:56.225927,72511,9.89,9.88,8713,6412,-11017,2683
239,BDN,2020-10-23,0 days 15:55:57.226406,71228,9.88,9.87,11815,11613,1283,-11017
240,BDN,2020-10-23,0 days 15:57:04.227564,72551,9.89,9.88,8431,6002,-93063,937
241,BDN,2020-10-23,0 days 15:59:18.234009,86824,9.88,9.87,5000,8087,-10008,19922
242,BDN,2020-10-23,0 days 15:59:19.233940,86032,9.88,9.87,6200,6387,792,-10008
243,BE,2020-10-23,0 days 15:59:05.102955,78588,16.43,16.41,1380,3200,-691,7257
244,BE,2020-10-23,0 days 15:59:11.103237,79541,16.42,16.41,426,3100,2015,-701
245,BE,2020-10-23,0 days 15:59:19.103057,81646,16.44,16.42,200,400,-6822,2337
246,BE,2020-10-23,0 days 15:59:20.102885,80168,16.44,16.42,100,400,178,-6822
247,BE,2020-10-23,0 days 15:59:46.104558,81646,16.43,16.42,261,2728,-2867,1173
248,BE,2020-10-23,0 days 15:59:47.104210,80713,16.43,16.42,261,2528,933,-2867
249,BEN,2020-10-23,0 days 15:58:19.290469,177913,23.22,23.21,4268,3330,-580,2120
250,BEN,2020-10-23,0 days 15:58:20.290426,175493,23.22,23.21,4304,3032,2420,-580
251,BEN,2020-10-23,0 days 15:59:03.293734,182966,23.22,23.21,2155,3804,-630,2770
252,BEN,2020-10-23,0 days 15:59:05.292714,182246,23.22,23.21,4455,2404,720,-10580
253,BEN,2020-10-23,0 days 15:59:06.293158,180018,23.22,23.21,5455,2397,-2228,720
254,BEN,2020-10-23,0 days 15:59:07.293333,179572,23.22,23.21,5555,1797,751,-2228
255,BEN,2020-10-23,0 days 15:59:13.293798,181960,23.22,23.21,1755,3395,-2147,653
256,BEN,2020-10-23,0 days 15:59:14.293229,181507,23.22,23.21,1355,6201,453,-2147
257,BEN,2020-10-23,0 days 15:59:16.291879,181960,23.22,23.21,1555,5905,-2427,453
258,BEN,2020-10-23,0 days 15:59:17.291928,179987,23.22,23.21,2255,3605,1973,-2427
259,BEN,2020-10-23,0 days 15:59:46.293775,183455,23.21,23.2,8596,777,756,-1285
260,BEST,2020-10-23,0 days 15:59:01.255064,53720,2.88,2.87,6300,2950,-284,1916
261,BEST,2020-10-23,0 days 15:59:06.254460,54004,2.88,2.87,5346,3399,460,-284
262,BEST,2020-10-23,0 days 15:59:46.248414,54464,2.88,2.87,5340,9531,-2515,85
263,BEST,2020-10-23,0 days 15:59:47.247708,52779,2.88,2.87,4810,9231,1685,-2515
264,BHC,2020-10-23,0 days 15:55:02.094190,64556,18.39,18.38,2900,3680,2942,-2858
265,BHC,2020-10-23,0 days 15:59:42.104313,66355,18.37,18.36,9053,2100,473,-827
266,BHP,2020-10-23,0 days 15:56:40.286087,20378,51.39,51.38,1700,3869,712,-23
267,BHP,2020-10-23,0 days 15:56:41.286130,19990,51.39,51.38,1100,3789,-388,712
268,BHP,2020-10-23,0 days 15:57:26.287632,20378,51.39,51.38,351,4980,612,-388
269,BHP,2020-10-23,0 days 15:57:27.288013,20090,51.39,51.38,402,4980,-288,612
270,BHP,2020-10-23,0 days 15:59:05.292793,20678,51.4,51.39,4725,900,2740,-255
271,BJ,2020-10-23,0 days 15:56:07.242978,73853,39.05,39.04,900,1313,4339,-966
272,BJ,2020-10-23,0 days 15:56:08.242588,72592,39.05,39.04,780,2013,-1261,4339
273,BJ,2020-10-23,0 days 15:56:31.244634,74053,39.04,39.03,1170,500,162,-61
274,BJ,2020-10-23,0 days 15:56:32.243744,73215,39.04,39.03,1970,500,-1788,162
275,BJ,2020-10-23,0 days 15:57:21.245299,74859,39.08,39.07,138,810,271,-529
276,BJ,2020-10-23,0 days 15:57:22.245241,74030,39.08,39.07,138,910,-829,271
277,BJ,2020-10-23,0 days 15:57:37.246055,74309,39.07,39.06,600,100,121,-1629
278,BJ,2020-10-23,0 days 15:57:38.245825,73630,39.07,39.06,600,200,-679,121
279,BJ,2020-10-23,0 days 15:57:49.246491,77059,39.07,39.06,1900,400,571,-1029
280,BJ,2020-10-23,0 days 15:57:50.246274,76130,39.07,39.06,1800,500,-950,571
281,BJ,2020-10-23,0 days 15:57:58.246325,77080,39.07,39.06,2899,600,550,-950
282,BJ,2020-10-23,0 days 15:59:07.251652,85657,39.1,39.07,200,402,3700,-806
283,BJ,2020-10-23,0 days 15:59:22.249575,142977,39.09,39.06,100,100,-3137,1913
284,BJ,2020-10-23,0 days 15:59:32.249983,149229,39.09,39.06,100,461,2393,-2757
285,BJ,2020-10-23,0 days 15:59:33.250011,149322,39.09,39.06,100,592,-707,2393
286,BJ,2020-10-23,0 days 15:59:34.250224,149129,39.09,39.06,500,558,293,-707
287,BJ,2020-10-23,0 days 15:59:47.250567,146263,39.07,39.05,200,1100,-2124,6868
288,BK,2020-10-23,0 days 15:58:01.100381,371739,37.69,37.68,2724,3300,5509,-66791
289,BK,2020-10-23,0 days 15:59:31.104233,454677,37.69,37.68,3000,4121,5065,-14947
290,BKD,2020-10-23,0 days 15:55:00.233227,82184,3.45,3.44,11297,18478,4344,-8338
291,BKD,2020-10-23,0 days 15:57:48.241091,89011,3.46,3.45,18733,21504,-1409,891
292,BKD,2020-10-23,0 days 15:57:49.240608,87020,3.46,3.45,23264,21204,1991,-1409
293,BKD,2020-10-23,0 days 15:59:01.245859,93398,3.46,3.45,8674,25290,-962,11463
294,BKR,2020-10-23,0 days 15:59:29.103548,1070201,14.28,14.27,6206,4497,40472,-4574
295,BKR,2020-10-23,0 days 15:59:36.103391,1112801,14.29,14.28,11000,4409,1255,-15845
296,BKR,2020-10-23,0 days 15:59:43.103880,1114056,14.28,14.27,6590,15897,-1615,2255
297,BKR,2020-10-23,0 days 15:59:47.103681,1082171,14.28,14.27,3790,13995,8140,-1715
298,BKR,2020-10-23,0 days 15:59:48.104843,1090311,14.28,14.27,3390,13995,-510,8140
299,BLL,2020-10-23,0 days 15:55:26.234509,104988,92.66,92.6,181,787,-417,383
300,BLL,2020-10-23,0 days 15:55:27.234351,104705,92.66,92.63,400,100,283,-417
301,BLL,2020-10-23,0 days 15:57:45.240636,107814,92.68,92.66,200,100,-6,294
302,BLL,2020-10-23,0 days 15:57:46.240403,107120,92.69,92.67,100,583,694,-6
303,BLL,2020-10-23,0 days 15:57:49.240620,107814,92.68,92.67,210,183,-206,294
304,BLL,2020-10-23,0 days 15:57:50.240657,107420,92.67,92.66,210,100,394,-206
305,BLL,2020-10-23,0 days 15:58:01.242515,102114,92.69,92.67,200,647,-3306,279
306,BLL,2020-10-23,0 days 15:58:38.243179,104620,92.69,92.64,305,400,103,-97
307,BLL,2020-10-23,0 days 15:58:48.243441,104739,92.7,92.65,100,454,-178,19
308,BLL,2020-10-23,0 days 15:58:49.243988,104917,92.69,92.65,300,354,108,-178
309,BLL,2020-10-23,0 days 15:58:50.244056,104825,92.69,92.65,300,354,-92,108
310,BLL,2020-10-23,0 days 15:59:01.245940,105016,92.66,92.63,500,301,62,-107
311,BLL,2020-10-23,0 days 15:59:03.245415,105578,92.69,92.65,200,200,-56,132
312,BLL,2020-10-23,0 days 15:59:06.245853,115484,92.66,92.62,100,989,306,-606
313,BLL,2020-10-23,0 days 15:59:08.245905,118290,92.69,92.65,520,200,-284,3916
314,BLL,2020-10-23,0 days 15:59:31.247657,121941,92.72,92.68,100,727,1073,-363
315,BLL,2020-10-23,0 days 15:59:45.249319,119014,92.69,92.64,440,450,-163,557
316,BMY,2020-10-23,0 days 15:53:11.280333,258532,60.12,60.11,700,291,1225,-3464
317,BMY,2020-10-23,0 days 15:53:32.280350,258532,60.14,60.13,300,1186,925,-629
318,BMY,2020-10-23,0 days 15:54:26.281013,258532,60.14,60.13,200,700,925,-629
319,BMY,2020-10-23,0 days 15:55:12.283721,412421,60.11,60.1,3203,677,-18066,1554
320,BMY,2020-10-23,0 days 15:55:38.285363,415066,60.13,60.12,3300,186,-6,4276
321,BMY,2020-10-23,0 days 15:55:39.285081,415072,60.12,60.11,1700,2123,190,-6
322,BMY,2020-10-23,0 days 15:55:42.284992,435372,60.14,60.13,1800,4809,5494,-110
323,BMY,2020-10-23,0 days 15:56:05.285428,443210,60.1,60.09,2804,788,-12053,5727
324,BMY,2020-10-23,0 days 15:56:14.286068,471063,60.08,60.07,400,2730,6381,-965
325,BMY,2020-10-23,0 days 15:56:36.285899,473132,60.1,60.09,500,1597,2529,-1071
326,BMY,2020-10-23,0 days 15:56:37.285946,476673,60.11,60.09,2300,2509,-10159,2529
327,BMY,2020-10-23,0 days 15:57:40.288537,498396,60.1,60.09,140,2119,1127,-873
328,BMY,2020-10-23,0 days 15:57:47.288646,512075,60.1,60.09,300,2297,-1521,9379
329,BMY,2020-10-23,0 days 15:58:17.290095,504095,60.14,60.13,993,1914,56,-6744
330,BMY,2020-10-23,0 days 15:58:27.290966,501595,60.15,60.14,1990,900,2556,-6974
331,BMY,2020-10-23,0 days 15:59:07.293333,582923,60.15,60.14,2099,600,-5646,5754
332,BMY,2020-10-23,0 days 15:59:30.294009,596037,60.13,60.12,2268,1150,856,-8665
333,BORR,2020-10-23,0 days 15:59:19.103057,5000,0.43,0.42,11400,10000,594,-4700
334,BORR,2020-10-23,0 days 15:59:26.103104,4796,0.43,0.42,11400,10230,-204,594
335,BP,2020-10-23,0 days 15:59:01.213484,74007,16.06,16.05,38871,29309,-10168,15222
336,BP,2020-10-23,0 days 15:59:02.213062,71175,16.06,16.05,45254,20280,2832,-10168
337,BP,2020-10-23,0 days 15:59:12.213663,82294,16.05,16.04,55761,24835,-3435,335
338,BP,2020-10-23,0 days 15:59:13.213503,70229,16.05,16.04,55961,21635,12165,-3435
339,BP,2020-10-23,0 days 15:59:36.214409,82394,16.05,16.04,48597,28318,-9768,11732
340,BP,2020-10-23,0 days 15:59:37.213739,81662,16.05,16.04,47627,27218,732,-9768
341,BP,2020-10-23,0 days 15:59:46.214819,82394,16.05,16.04,28289,32460,-6281,732
342,BP,2020-10-23,0 days 15:59:47.214253,82075,16.05,16.04,28089,33260,319,-6281
343,BRK.B,2020-10-23,0 days 15:55:11.246231,229316,212.78,212.75,400,103,-715,185
344,BRK.B,2020-10-23,0 days 15:55:17.246459,228836,212.73,212.7,100,400,-33,1140
345,BRK.B,2020-10-23,0 days 15:55:22.247071,229396,212.74,212.72,898,100,135,-489
346,BRK.B,2020-10-23,0 days 15:55:23.247311,226631,212.72,212.69,100,400,-2194,135
347,BRK.B,2020-10-23,0 days 15:57:26.250135,236715,212.71,212.68,300,200,649,-664
348,BRK.B,2020-10-23,0 days 15:57:27.248419,236164,212.71,212.68,100,100,-507,649
349,BRK.B,2020-10-23,0 days 15:57:32.248612,236628,212.68,212.65,299,300,36,-7
350,BRK.B,2020-10-23,0 days 15:57:33.250162,236064,212.67,212.63,100,100,-42,36
351,BRK.B,2020-10-23,0 days 15:57:34.249658,236150,212.68,212.62,1002,101,1114,-42
352,BRK.B,2020-10-23,0 days 15:57:35.249970,235164,212.66,212.63,705,100,-1242,1114
353,BRK.B,2020-10-23,0 days 15:58:30.251953,243371,212.7,212.65,500,265,43616,-5819
354,BRK.B,2020-10-23,0 days 15:59:03.254923,287688,212.71,212.65,300,430,-527,3256
355,BRK.B,2020-10-23,0 days 15:59:04.255679,287650,212.65,212.59,100,100,38,-527
356,BRK.B,2020-10-23,0 days 15:59:05.254460,287688,212.66,212.58,100,164,-6094,38
357,BRK.B,2020-10-23,0 days 15:59:09.254323,298204,212.6,212.54,100,400,49786,-780
358,BRK.B,2020-10-23,0 days 15:59:29.247014,294664,212.64,212.57,100,200,-47259,3307
359,BRK.B,2020-10-23,0 days 15:59:33.247771,300267,212.69,212.64,200,200,615,-85
360,BRK.B,2020-10-23,0 days 15:59:34.247172,299882,212.66,212.62,101,273,-341,615
361,BRK.B,2020-10-23,0 days 15:59:36.248327,299701,212.64,212.56,200,100,50181,-341
362,BSX,2020-10-23,0 days 15:57:03.248088,556382,37.1,37.09,6732,1061,-4469,4351
363,BSX,2020-10-23,0 days 15:57:04.247886,553670,37.1,37.09,6447,750,2712,-4469
364,BSX,2020-10-23,0 days 15:59:06.252863,601266,37.08,37.07,1992,7000,-909,5192
365,BSX,2020-10-23,0 days 15:59:08.253579,708794,37.09,37.08,2339,3400,77479,-909
366,BSX,2020-10-23,0 days 15:59:19.245052,791255,37.12,37.11,5200,2297,-14245,5573
367,BSX,2020-10-23,0 days 15:59:20.246224,770923,37.1,37.09,5600,400,21832,-14245
368,BSX,2020-10-23,0 days 15:59:31.246378,794851,37.11,37.1,4494,4246,-4475,954
369,BSX,2020-10-23,0 days 15:59:34.245912,784626,37.11,37.1,7126,1417,10225,-12698
370,BSX,2020-10-23,0 days 15:59:42.246295,791585,37.1,37.09,4200,5201,4766,-11
371,BSX,2020-10-23,0 days 15:59:45.247731,794851,37.11,37.1,400,4135,-3077,3500
372,BTU,2020-10-23,0 days 15:58:08.206666,20392,1.57,1.56,5201,38137,3646,-5015
373,BTU,2020-10-23,0 days 15:59:36.214122,24621,1.58,1.57,4205,46807,4527,-5473
374,BTU,2020-10-23,0 days 15:59:37.213154,24248,1.58,1.57,4200,46807,-373,4527
375,BWA,2020-10-23,0 days 15:55:00.092686,206923,39.71,39.7,1483,2265,1079,-111420
376,BWA,2020-10-23,0 days 15:55:01.092939,203702,39.71,39.7,700,2284,-3221,1079
377,BWA,2020-10-23,0 days 15:55:25.095086,206923,39.7,39.68,1600,1267,1038,-2921
378,BWA,2020-10-23,0 days 15:55:26.094334,204361,39.7,39.68,1620,1484,-2562,1038
379,BWA,2020-10-23,0 days 15:56:03.094871,207437,39.69,39.68,2393,425,2136,-764
380,BWA,2020-10-23,0 days 15:56:04.095150,206173,39.69,39.68,2396,542,-1423,2136
381,BWA,2020-10-23,0 days 15:56:14.095437,208096,39.68,39.67,1960,1037,1646,-1923
382,BWA,2020-10-23,0 days 15:56:30.096926,207542,39.68,39.67,2315,392,-555,545
383,BWA,2020-10-23,0 days 15:56:33.096277,208097,39.68,39.67,1815,1671,545,-555
384,BWA,2020-10-23,0 days 15:56:34.095985,207542,39.7,39.69,1400,472,-555,545
385,BWA,2020-10-23,0 days 15:57:15.097949,208217,39.71,39.7,1538,326,525,-675
386,BWA,2020-10-23,0 days 15:57:16.097935,207442,39.71,39.7,1338,804,-775,525
387,BWA,2020-10-23,0 days 15:57:25.098578,208217,39.71,39.7,1255,993,725,-775
388,BWA,2020-10-23,0 days 15:57:26.098206,207442,39.71,39.7,1055,1127,-775,725
389,BWA,2020-10-23,0 days 15:57:33.098957,208217,39.71,39.7,2057,404,3225,-775
390,BWA,2020-10-23,0 days 15:57:34.098412,207842,39.72,39.71,1100,654,-375,3225
391,BWA,2020-10-23,0 days 15:57:45.098640,211342,39.71,39.7,1400,100,-475,2125
392,BWA,2020-10-23,0 days 15:57:47.098930,211817,39.71,39.7,1500,100,25,-475
393,BWA,2020-10-23,0 days 15:57:48.098962,211342,39.71,39.7,1500,175,-475,25
394,BWA,2020-10-23,0 days 15:59:01.103081,211053,39.7,39.68,2499,400,2383,-139
395,BX,2020-10-23,0 days 15:59:35.247504,130570,54.64,54.62,1400,100,17831,-23719
396,C,2020-10-23,0 days 15:57:42.245796,551607,43.91,43.9,6672,1607,6602,-998
397,C,2020-10-23,0 days 15:59:05.250032,600303,43.91,43.9,16136,100,-2079,924
398,C,2020-10-23,0 days 15:59:45.251213,636271,43.9,43.89,9822,6095,13422,-390
399,C,2020-10-23,0 days 15:59:47.250391,646242,43.92,43.91,8188,2635,-825,326
400,C,2020-10-23,0 days 15:59:48.251251,645667,43.92,43.91,8388,2940,374,-825
401,CADE,2020-10-23,0 days 15:55:00.095641,87791,12.06,12.05,1499,1335,-456,16440
402,CADE,2020-10-23,0 days 15:55:29.096930,88747,12.05,12.04,3144,1630,1055,-445
403,CADE,2020-10-23,0 days 15:55:30.096951,88302,12.05,12.04,3031,1630,-445,1055
404,CADE,2020-10-23,0 days 15:57:28.097648,98070,12.05,12.04,1513,2725,1451,-2949
405,CADE,2020-10-23,0 days 15:57:29.097755,97521,12.05,12.04,1513,2725,-349,1451
406,CADE,2020-10-23,0 days 15:58:06.100168,98070,12.06,12.05,1873,3029,1651,-3849
407,CADE,2020-10-23,0 days 15:58:07.100337,93796,12.06,12.05,1873,3129,-11538,1651
408,CADE,2020-10-23,0 days 15:59:06.103479,105003,12.06,12.05,2479,1911,70,-625
409,CADE,2020-10-23,0 days 15:59:07.102984,103673,12.06,12.05,3579,662,-1330,70
410,CADE,2020-10-23,0 days 15:59:08.103321,104803,12.05,12.04,3729,2024,80,-1330
411,CADE,2020-10-23,0 days 15:59:14.103154,103983,12.05,12.04,4190,2119,-820,1180
412,CAG,2020-10-23,0 days 15:55:00.092822,198678,37.99,37.98,2200,6814,755,-13723
413,CAG,2020-10-23,0 days 15:55:13.093906,207333,37.99,37.98,4339,4602,-1488,3955
414,CAG,2020-10-23,0 days 15:55:14.094217,206678,37.99,37.98,4339,4602,655,-1488
415,CAG,2020-10-23,0 days 15:58:52.101867,224642,38.0,37.99,4147,1100,301,-29
416,CAG,2020-10-23,0 days 15:59:05.102916,225151,38.0,37.99,3566,908,-9516,1561
417,CAG,2020-10-23,0 days 15:59:30.107107,233224,37.99,37.98,3236,2292,418,-2182
418,CARR,2020-10-23,0 days 15:55:00.246693,337642,34.92,34.91,1048,2400,52298,-108262
419,CARR,2020-10-23,0 days 15:57:37.250116,401902,34.94,34.93,3723,2831,-1441,114
420,CARR,2020-10-23,0 days 15:57:38.250365,401588,34.94,34.93,3923,3371,314,-1441
421,CARR,2020-10-23,0 days 15:58:05.252058,398291,34.93,34.92,3515,2204,-4462,1110
422,CARR,2020-10-23,0 days 15:58:06.252298,397698,34.93,34.92,3518,2304,593,-4462
423,CARR,2020-10-23,0 days 15:59:00.256136,398767,34.91,34.9,2101,741,-9761,2859
424,CARR,2020-10-23,0 days 15:59:01.255177,426047,34.92,34.91,2886,316,1621,-9761
425,CARR,2020-10-23,0 days 15:59:04.255995,427668,34.92,34.91,2640,627,-18192,1621
426,CARR,2020-10-23,0 days 15:59:05.254739,429460,34.92,34.91,2940,371,43002,-18192
427,CARR,2020-10-23,0 days 15:59:22.246664,473078,34.92,34.91,2030,400,-6735,3977
428,CARR,2020-10-23,0 days 15:59:23.246752,470513,34.92,34.91,2158,100,2565,-6735
429,CARR,2020-10-23,0 days 15:59:30.250777,473078,34.92,34.91,1206,1405,-18452,2365
430,CARR,2020-10-23,0 days 15:59:31.247898,472030,34.92,34.91,1206,905,1048,-18452
431,CAT,2020-10-23,0 days 15:55:21.246802,362686,168.74,168.71,200,200,-644,256
432,CAT,2020-10-23,0 days 15:55:22.248389,362572,168.75,168.72,500,600,114,-644
433,CAT,2020-10-23,0 days 15:55:41.247843,363517,168.72,168.69,100,200,-1095,287
434,CAT,2020-10-23,0 days 15:55:42.247746,363455,168.7,168.68,116,236,101,-1095
435,CAT,2020-10-23,0 days 15:55:46.248116,363556,168.72,168.68,103,136,-50,101
436,CAT,2020-10-23,0 days 15:55:47.248177,363506,168.7,168.68,112,136,50,-50
437,CAT,2020-10-23,0 days 15:56:15.248514,364048,168.65,168.62,600,100,-1536,91
438,CAT,2020-10-23,0 days 15:56:17.247884,363958,168.65,168.63,200,400,90,-836
439,CAT,2020-10-23,0 days 15:57:07.249282,367578,168.67,168.63,330,400,-986,514
440,CAT,2020-10-23,0 days 15:57:08.250414,367326,168.69,168.63,319,200,252,-986
441,CAT,2020-10-23,0 days 15:57:34.249891,367578,168.74,168.71,400,500,-3551,149
442,CAT,2020-10-23,0 days 15:58:04.251904,364562,168.68,168.63,200,100,3216,-2646
443,CAT,2020-10-23,0 days 15:58:18.252610,372452,168.65,168.61,100,300,221,-1379
444,CAT,2020-10-23,0 days 15:58:24.252703,373173,168.64,168.56,222,385,-605,795
445,CAT,2020-10-23,0 days 15:58:26.253081,372378,168.64,168.56,222,385,795,-1505
446,CAT,2020-10-23,0 days 15:58:32.253457,373173,168.64,168.6,422,202,-2505,795
447,CAT,2020-10-23,0 days 15:58:34.252967,372378,168.64,168.59,422,255,795,-1205
448,CAT,2020-10-23,0 days 15:58:53.253592,373173,168.63,168.58,100,100,-12141,730
449,CAT,2020-10-23,0 days 15:58:54.253750,372814,168.62,168.58,100,200,359,-12141
450,CAT,2020-10-23,0 days 15:59:03.255236,373295,168.68,168.63,200,300,-512,222
451,CAT,2020-10-23,0 days 15:59:04.255984,376407,168.7,168.63,300,500,738,-512
452,CAT,2020-10-23,0 days 15:59:15.246422,377362,168.65,168.58,700,700,-9548,971
453,CAT,2020-10-23,0 days 15:59:26.247388,377656,168.61,168.58,800,100,446,-194
454,CAT,2020-10-23,0 days 15:59:30.250750,378102,168.69,168.58,400,200,-1244,46
455,CAT,2020-10-23,0 days 15:59:42.247855,377046,168.54,168.46,321,240,2287,-1244
456,CAT,2020-10-23,0 days 15:59:45.249398,379333,168.63,168.53,500,100,-130,1565
457,CB,2020-10-23,0 days 15:57:35.288590,133542,128.96,128.89,100,200,-71,429
458,CB,2020-10-23,0 days 15:57:37.288308,127813,128.91,128.87,274,100,5729,-71
459,CB,2020-10-23,0 days 15:59:04.293712,134621,128.92,128.87,744,300,-12362,1899
460,CB,2020-10-23,0 days 15:59:05.292666,132746,128.9,128.86,564,300,2847,-12362
461,CB,2020-10-23,0 days 15:59:31.293013,136033,128.98,128.91,650,500,-660,1017
462,CB,2020-10-23,0 days 15:59:32.293058,134693,128.95,128.88,420,100,1340,-660
463,CB,2020-10-23,0 days 15:59:42.293409,136033,129.02,128.95,100,100,-2198,1002
464,CB,2020-10-23,0 days 15:59:43.293468,135831,129.01,128.95,418,100,202,-2198
465,CB,2020-10-23,0 days 15:59:46.293689,136033,129.01,128.95,404,100,-920,2802
466,CB,2020-10-23,0 days 15:59:47.293516,135753,129.01,128.95,300,100,280,-920
467,CCI,2020-10-23,0 days 15:59:02.249989,226311,158.63,158.6,310,150,-2602,4710
468,CCI,2020-10-23,0 days 15:59:03.250194,224039,158.63,158.57,485,100,2534,-2602
469,CCI,2020-10-23,0 days 15:59:04.250861,226573,158.65,158.53,100,100,-22208,2534
470,CCI,2020-10-23,0 days 15:59:05.250075,225663,158.56,158.51,375,100,910,-22208
471,CCI,2020-10-23,0 days 15:59:18.249358,226818,158.54,158.5,100,100,-6815,1424
472,CCI,2020-10-23,0 days 15:59:19.249752,226423,158.52,158.48,175,100,395,-6815
473,CCK,2020-10-23,0 days 15:57:35.230438,72318,90.43,90.39,200,200,111,-289
474,CCK,2020-10-23,0 days 15:57:36.230830,70329,90.45,90.41,250,407,-1989,111
475,CCK,2020-10-23,0 days 15:57:46.231324,72218,90.39,90.35,318,205,311,-89
476,CCK,2020-10-23,0 days 15:57:47.231248,70329,90.39,90.35,318,205,-1889,311
477,CCK,2020-10-23,0 days 15:59:46.234455,75542,90.41,90.4,100,200,2336,-477
478,CCK,2020-10-23,0 days 15:59:47.234442,74478,90.41,90.4,100,200,-1064,2336
479,CCL,2020-10-23,0 days 15:59:15.245606,439918,15.37,15.36,30696,14036,-10334,8171
480,CCL,2020-10-23,0 days 15:59:16.245707,433552,15.37,15.36,30796,11736,6366,-10334
481,CCL,2020-10-23,0 days 15:59:18.245657,451918,15.37,15.36,33191,7331,-40057,6366
482,CCL,2020-10-23,0 days 15:59:22.244901,437475,15.37,15.36,43085,2197,2443,-5957
483,CCL,2020-10-23,0 days 15:59:29.247135,439375,15.37,15.36,34542,11079,2543,-6757
484,CCL,2020-10-23,0 days 15:59:31.247564,441918,15.37,15.36,20097,24938,-784,2543
485,CCL,2020-10-23,0 days 15:59:32.247040,454902,15.37,15.36,21397,21338,1891,-784
486,CCX,2020-10-23,0 days 15:59:36.234442,2630,10.0,9.98,722,100,-1797,2303
487,CCX,2020-10-23,0 days 15:59:37.234364,2427,10.0,9.98,722,100,203,-1797
488,CDE,2020-10-23,0 days 15:55:00.224524,61444,7.8,7.79,7059,7688,-28214,4265
489,CDE,2020-10-23,0 days 15:56:39.227166,74706,7.8,7.79,6215,8343,1488,-152
490,CDE,2020-10-23,0 days 15:58:00.230357,76096,7.81,7.8,6711,8106,-110,290
491,CDE,2020-10-23,0 days 15:58:09.230830,84504,7.81,7.8,5840,7935,3249,-908
492,CDE,2020-10-23,0 days 15:58:36.231492,87753,7.81,7.8,11062,12241,-151,1349
493,CDE,2020-10-23,0 days 15:58:37.232298,86604,7.81,7.8,11062,12241,1149,-151
494,CDE,2020-10-23,0 days 15:59:04.234568,91258,7.81,7.8,11583,9948,-376,1239
495,CDE,2020-10-23,0 days 15:59:05.233595,90234,7.81,7.8,11983,9748,1024,-376
496,CDE,2020-10-23,0 days 15:59:32.235029,90275,7.82,7.81,11610,8798,783,-1417
497,CDE,2020-10-23,0 days 15:59:36.235973,91058,7.82,7.81,11610,9072,-1817,783
498,CDE,2020-10-23,0 days 15:59:37.234796,90675,7.82,7.81,11610,7768,383,-1817
499,CDE,2020-10-23,0 days 15:59:39.234196,91058,7.82,7.81,11410,8268,-1217,383
500,CDE,2020-10-23,0 days 15:59:40.235568,90675,7.82,7.81,11410,7768,383,-1217
501,CF,2020-10-23,0 days 15:59:06.245594,180448,27.56,27.55,600,1543,-190,15287
502,CF,2020-10-23,0 days 15:59:26.245868,180220,27.56,27.55,179,1412,892,-1308
503,CFG,2020-10-23,0 days 15:55:00.233596,214922,29.15,29.14,900,4493,55460,-17144
504,CFG,2020-10-23,0 days 15:55:45.236384,265858,29.12,29.11,5260,543,-1060,2551
505,CFG,2020-10-23,0 days 15:56:02.236185,262318,29.11,29.1,1791,4479,1340,-641
506,CFG,2020-10-23,0 days 15:57:10.238451,264251,29.11,29.1,3796,3554,-68,1332
507,CFG,2020-10-23,0 days 15:58:00.242803,291875,29.1,29.09,1300,4520,-1210,1290
508,CFG,2020-10-23,0 days 15:58:50.244041,300026,29.1,29.09,4061,2558,-3712,1988
509,CFG,2020-10-23,0 days 15:59:09.244995,312618,29.1,29.09,6050,2409,43338,-2930
510,CFG,2020-10-23,0 days 15:59:10.245310,312156,29.11,29.1,4192,1735,-562,43338
511,CFG,2020-10-23,0 days 15:59:19.245473,350170,29.11,29.1,2500,4734,2197,-253
512,CFG,2020-10-23,0 days 15:59:36.246971,358526,29.12,29.11,5800,2667,-4537,3407
513,CFG,2020-10-23,0 days 15:59:37.246437,357263,29.12,29.11,6900,1126,1263,-4537
514,CGC,2020-10-23,0 days 15:59:19.249714,33820,19.73,19.71,1378,1800,2731,-1314
515,CGC,2020-10-23,0 days 15:59:20.249919,32751,19.73,19.72,1278,832,-1069,2731
516,CHGG,2020-10-23,0 days 15:55:16.226695,81739,86.82,86.81,111,241,2218,-2481
517,CHGG,2020-10-23,0 days 15:55:17.226674,79657,86.84,86.81,363,200,-2082,2218
518,CHGG,2020-10-23,0 days 15:58:28.233606,89803,86.93,86.9,300,201,124,-2379
519,CHGG,2020-10-23,0 days 15:58:35.233824,86927,86.93,86.9,100,199,-2876,124
520,CHGG,2020-10-23,0 days 15:59:30.236738,94730,86.99,86.96,500,490,2858,-1109
521,CHGG,2020-10-23,0 days 15:59:31.235329,93188,86.99,86.96,500,690,-1542,2858
522,CHGG,2020-10-23,0 days 15:59:42.234220,93173,86.89,86.87,300,100,15,-485
523,CHGG,2020-10-23,0 days 15:59:48.234992,93006,86.91,86.88,100,228,-167,1617
524,CHWY,2020-10-23,0 days 15:55:12.241199,37854,63.54,63.52,838,200,-26,1674
525,CHWY,2020-10-23,0 days 15:55:14.240887,36419,63.54,63.52,838,200,1435,-26
526,CHWY,2020-10-23,0 days 15:57:35.246079,40554,63.54,63.52,200,200,-484,212
527,CHWY,2020-10-23,0 days 15:57:36.245900,39138,63.55,63.53,564,700,1416,-484
528,CHWY,2020-10-23,0 days 15:59:01.249683,37365,63.65,63.6,244,512,-2203,1571
529,CHWY,2020-10-23,0 days 15:59:02.250114,36568,63.65,63.6,344,712,658,-2203
530,CHWY,2020-10-23,0 days 15:59:18.249521,37330,63.72,63.65,600,100,-1406,730
531,CHWY,2020-10-23,0 days 15:59:34.250259,37330,63.72,63.65,100,100,-22,17
532,CHWY,2020-10-23,0 days 15:59:42.251228,37252,63.7,63.6,100,100,851,-361
533,CHWY,2020-10-23,0 days 15:59:44.250575,37330,63.7,63.61,100,100,-622,151
534,CIG,2020-10-23,0 days 15:59:36.234490,49781,1.99,1.98,325238,199654,-21796,25604
535,CIG,2020-10-23,0 days 15:59:37.234364,48477,1.99,1.98,324454,197654,1304,-21796
536,CIM,2020-10-23,0 days 15:59:05.254595,65755,8.83,8.82,23930,10155,-15419,10910
537,CIM,2020-10-23,0 days 15:59:06.254409,78657,8.83,8.82,24487,8942,1298,-15419
538,CIM,2020-10-23,0 days 15:59:07.256725,77655,8.83,8.82,24087,8581,-602,1298
539,CIT,2020-10-23,0 days 15:57:35.228133,117400,31.31,31.29,600,300,-412,288
540,CIT,2020-10-23,0 days 15:57:50.230228,122877,31.29,31.28,200,100,1023,-3377
541,CIT,2020-10-23,0 days 15:57:51.230043,122400,31.29,31.28,200,400,-377,1023
542,CIT,2020-10-23,0 days 15:59:19.233841,121135,31.3,31.28,1000,300,-236,464
543,CIT,2020-10-23,0 days 15:59:20.235700,119471,31.29,31.27,100,100,1664,-236
544,CIT,2020-10-23,0 days 15:59:21.233748,119435,31.29,31.27,100,300,-36,1664
545,CIT,2020-10-23,0 days 15:59:26.235209,123871,31.3,31.29,200,166,154,-1446
546,CIT,2020-10-23,0 days 15:59:32.234863,124025,31.28,31.23,900,120,-46,464
547,CIT,2020-10-23,0 days 15:59:33.234778,124071,31.33,31.25,400,100,346,-46
548,CIT,2020-10-23,0 days 15:59:43.234583,124417,31.33,31.23,400,300,-16754,17935
549,CIT,2020-10-23,0 days 15:59:44.235133,121761,31.33,31.23,400,500,18035,-16754
550,CIT,2020-10-23,0 days 15:59:45.236583,124417,31.33,31.23,400,600,-17972,18035
551,CIT,2020-10-23,0 days 15:59:48.235768,124417,31.33,31.25,400,400,-14672,17907
552,CIT,2020-10-23,0 days 15:59:58.238234,124417,31.34,31.23,300,100,-1572,228
553,CIT,2020-10-23,0 days 15:59:59.236991,124289,31.34,31.23,300,100,128,-1572
554,CL,2020-10-23,0 days 15:55:12.224617,201861,79.35,79.34,505,760,-6332,16471
555,CL,2020-10-23,0 days 15:55:13.224606,199493,79.35,79.34,712,379,1608,-6332
556,CL,2020-10-23,0 days 15:55:46.225831,207056,79.36,79.35,1200,300,-5004,2483
557,CL,2020-10-23,0 days 15:55:47.226147,205060,79.35,79.34,405,900,1236,-5004
558,CL,2020-10-23,0 days 15:56:27.226495,213214,79.37,79.36,525,181,-650,110
559,CL,2020-10-23,0 days 15:56:28.226459,211564,79.37,79.35,525,1000,1650,-650
560,CL,2020-10-23,0 days 15:56:38.226835,215835,79.38,79.37,1104,400,-3856,1844
561,CL,2020-10-23,0 days 15:57:01.227362,215784,79.37,79.36,701,600,151,-1549
562,CL,2020-10-23,0 days 15:57:07.227339,215935,79.37,79.36,616,200,-9949,151
563,CL,2020-10-23,0 days 15:57:26.227392,222247,79.39,79.38,200,1924,3043,-4157
564,CL,2020-10-23,0 days 15:57:27.227557,221790,79.4,79.39,751,700,-457,3043
565,CL,2020-10-23,0 days 15:57:34.228540,222247,79.39,79.38,1431,100,3243,-257
566,CL,2020-10-23,0 days 15:57:35.228110,222090,79.39,79.38,1431,200,-157,3243
567,CL,2020-10-23,0 days 15:57:42.228669,222247,79.39,79.38,706,400,1943,-657
568,CL,2020-10-23,0 days 15:57:43.228982,221590,79.38,79.37,1009,100,-657,1943
569,CL,2020-10-23,0 days 15:58:01.231308,222247,79.38,79.37,1414,696,443,-357
570,CL,2020-10-23,0 days 15:58:02.232363,221890,79.37,79.36,600,302,-357,443
571,CL,2020-10-23,0 days 15:58:03.230715,221710,79.37,79.36,1400,101,180,-357
572,CL,2020-10-23,0 days 15:58:11.230452,224080,79.36,79.35,305,714,-180,220
573,CL,2020-10-23,0 days 15:58:17.230342,223760,79.36,79.35,625,836,320,-480
574,CL,2020-10-23,0 days 15:58:53.232203,227187,79.36,79.35,1225,175,-12974,429
575,CL,2020-10-23,0 days 15:59:05.233375,230628,79.37,79.35,200,800,-23211,1898
576,CL,2020-10-23,0 days 15:59:21.233709,249323,79.34,79.33,100,624,4010,-1190
577,CL,2020-10-23,0 days 15:59:36.235787,253824,79.34,79.33,100,300,828,-3132
578,CLF,2020-10-23,0 days 15:55:00.205395,221584,8.7,8.69,5227,18242,17117,-14012
579,CLF,2020-10-23,0 days 15:55:05.204745,237601,8.7,8.69,9713,19131,-11683,16617
580,CLF,2020-10-23,0 days 15:55:06.204845,236349,8.7,8.69,9713,19031,752,-11683
581,CLF,2020-10-23,0 days 15:55:44.206989,239990,8.7,8.69,10543,5945,-7344,1214
582,CLF,2020-10-23,0 days 15:55:45.207407,235834,8.7,8.69,10717,5694,4156,-7344
583,CLF,2020-10-23,0 days 15:57:24.208406,241318,8.68,8.66,14700,6200,-644,2756
584,CLF,2020-10-23,0 days 15:57:31.208934,253362,8.68,8.67,13067,2600,3056,-644
585,CLF,2020-10-23,0 days 15:57:32.209158,252218,8.68,8.67,13517,800,-1144,3056
586,CLF,2020-10-23,0 days 15:58:02.211616,256435,8.67,8.66,20051,3228,383,-1424
587,CLF,2020-10-23,0 days 15:59:05.213473,285683,8.66,8.65,6770,11267,5663,-7918
588,CLF,2020-10-23,0 days 15:59:07.214030,284308,8.67,8.66,9738,24576,-1375,1825
589,CLF,2020-10-23,0 days 15:59:19.213671,294582,8.66,8.65,10620,3298,8175,-1977
590,CLNY,2020-10-23,0 days 15:55:57.097301,130411,3.26,3.25,43008,29179,6627,-13473
591,CLNY,2020-10-23,0 days 15:55:58.097249,127938,3.26,3.25,41618,29279,-1373,6627
592,CLNY,2020-10-23,0 days 15:56:47.098501,131011,3.26,3.25,43202,26452,17827,-25973
593,CLNY,2020-10-23,0 days 15:56:48.098229,128438,3.26,3.25,39375,26452,-1473,17827
594,CLNY,2020-10-23,0 days 15:58:07.100214,111842,3.26,3.25,15317,49305,-19169,7331
595,CLNY,2020-10-23,0 days 15:58:10.101230,147649,3.26,3.25,13247,53865,10193,-19169
596,CLNY,2020-10-23,0 days 15:58:11.100262,144384,3.26,3.25,13247,47865,-2165,10193
597,CLR,2020-10-23,0 days 15:55:09.095654,67587,13.84,13.83,2800,400,16836,-2664
598,CLR,2020-10-23,0 days 15:55:10.096213,66823,13.84,13.83,2600,100,-764,16836
599,CLR,2020-10-23,0 days 15:55:48.097590,69790,13.83,13.82,1556,2108,2621,-767
600,CLR,2020-10-23,0 days 15:59:42.103909,90022,13.89,13.88,5475,400,-528,972
601,CNHI,2020-10-23,0 days 15:59:05.244776,28346,8.61,8.6,19094,33129,-3120,5166
602,CNHI,2020-10-23,0 days 15:59:06.245432,27466,8.61,8.6,18994,32425,880,-3120
603,CNHI,2020-10-23,0 days 15:59:19.245173,29596,8.61,8.6,31651,27185,-1681,1825
604,CNHI,2020-10-23,0 days 15:59:20.246424,19977,8.61,8.6,31651,26985,9619,-1681
605,CNHI,2020-10-23,0 days 15:59:36.246697,29596,8.61,8.6,39937,33124,-8081,9619
606,CNHI,2020-10-23,0 days 15:59:37.246209,29077,8.61,8.6,39937,32874,519,-8081
607,CNHI,2020-10-23,0 days 15:59:39.246577,29596,8.61,8.6,39637,32874,-981,519
608,CNHI,2020-10-23,0 days 15:59:40.247662,29077,8.61,8.6,39637,32874,519,-981
609,CNP,2020-10-23,0 days 15:56:57.228527,343164,22.21,22.2,2745,5514,186,-274
610,CNP,2020-10-23,0 days 15:56:58.228609,341850,22.21,22.2,2845,5714,-1314,186
611,CNP,2020-10-23,0 days 15:57:21.229348,343164,22.23,22.22,600,8892,1886,-514
612,CNP,2020-10-23,0 days 15:57:22.229184,341850,22.23,22.22,500,9170,-1314,1886
613,CNP,2020-10-23,0 days 15:57:40.229918,353964,22.23,22.22,5373,3349,786,-6714
614,CNP,2020-10-23,0 days 15:57:41.229941,351650,22.23,22.22,5273,3349,-2314,786
615,CNP,2020-10-23,0 days 15:57:43.230486,348564,22.22,22.21,8037,3800,3586,-2314
616,CNP,2020-10-23,0 days 15:57:45.230262,346750,22.22,22.21,7837,3812,-1814,286
617,CNP,2020-10-23,0 days 15:59:01.234239,361032,22.22,22.21,7341,3386,2063,-6340
618,CNP,2020-10-23,0 days 15:59:02.234293,359241,22.22,22.21,6541,4577,-1791,2063
619,CNP,2020-10-23,0 days 15:59:18.232967,373826,22.22,22.21,6280,5677,16790,-2921
620,CNP,2020-10-23,0 days 15:59:19.233099,372316,22.22,22.21,6480,5677,-1510,16790
621,CNP,2020-10-23,0 days 15:59:28.233964,374892,22.22,22.21,6529,5063,8388,-2098
622,CNP,2020-10-23,0 days 15:59:29.233783,374280,22.22,22.21,3448,5063,-612,8388
623,CNP,2020-10-23,0 days 15:59:41.233078,374892,22.22,22.21,6803,4392,5497,-703
624,CNP,2020-10-23,0 days 15:59:42.233381,374489,22.22,22.21,6903,2792,-403,5497
625,CNQ,2020-10-23,0 days 15:55:15.283754,29375,17.06,17.05,4060,11700,-92,324
626,CNQ,2020-10-23,0 days 15:56:02.285086,36997,17.07,17.06,9490,1828,1684,-3316
627,CNQ,2020-10-23,0 days 15:56:03.285250,36281,17.07,17.06,9490,1828,-716,1684
628,CNQ,2020-10-23,0 days 15:56:10.285618,36997,17.07,17.06,5900,4928,187,-694
629,CNQ,2020-10-23,0 days 15:56:11.285273,36384,17.07,17.06,8000,3928,-613,187
630,CNQ,2020-10-23,0 days 15:57:13.287165,38292,17.08,17.07,11600,4600,5992,-6173
631,CNQ,2020-10-23,0 days 15:57:14.287593,31484,17.08,17.07,11000,4900,-6427,5992
632,CNQ,2020-10-23,0 days 15:59:29.292672,36847,17.07,17.06,1698,21667,2833,-767
633,CNQ,2020-10-23,0 days 15:59:36.292937,39680,17.08,17.07,24755,100,-867,2052
634,CNX,2020-10-23,0 days 15:56:07.207378,123493,11.38,11.37,4617,11228,3822,-5427
635,CNX,2020-10-23,0 days 15:56:08.207157,117715,11.38,11.37,4549,11228,-5778,3822
636,CNX,2020-10-23,0 days 15:56:53.207802,123493,11.39,11.38,1222,11854,4122,-5778
637,CNX,2020-10-23,0 days 15:56:54.208073,122915,11.39,11.38,822,11955,-578,4122
638,CNX,2020-10-23,0 days 15:59:40.215131,164982,11.42,11.41,6716,3934,26884,-3016
639,CNX,2020-10-23,0 days 15:59:41.214102,162866,11.42,11.41,4950,4034,-1516,26884
640,COF,2020-10-23,0 days 15:55:00.204024,116490,78.34,78.29,100,100,-819,10455
641,COF,2020-10-23,0 days 15:55:31.203115,118892,78.19,78.17,200,400,1503,-97
642,COF,2020-10-23,0 days 15:55:32.206508,118295,78.19,78.17,400,300,-597,1503
643,COF,2020-10-23,0 days 15:56:31.210677,148138,77.95,77.92,837,513,1134,-157
644,COF,2020-10-23,0 days 15:56:32.207903,145472,77.95,77.92,601,500,-2666,1134
645,COF,2020-10-23,0 days 15:57:07.208153,152879,77.96,77.93,200,300,5962,-2238
646,COF,2020-10-23,0 days 15:57:08.208904,149911,78.01,77.95,200,100,-2968,5962
647,COF,2020-10-23,0 days 15:59:18.213924,194770,78.0,77.97,100,320,4538,-4005
648,COF,2020-10-23,0 days 15:59:19.213498,190808,78.0,77.97,100,320,-3962,4538
649,COF,2020-10-23,0 days 15:59:37.213640,196497,78.03,77.99,100,376,-1145,5655
650,COF,2020-10-23,0 days 15:59:43.214123,197642,78.0,77.97,500,100,2459,-1145
651,COF,2020-10-23,0 days 15:59:44.213990,196401,78.01,77.98,100,487,-1241,2459
652,COF,2020-10-23,0 days 15:59:50.215342,195452,78.03,77.98,100,483,-2190,4410
653,COG,2020-10-23,0 days 15:55:01.095629,353846,19.61,19.6,4446,2710,-3868,49332
654,COG,2020-10-23,0 days 15:55:41.097400,360728,19.61,19.6,8457,1503,397,-7103
655,COG,2020-10-23,0 days 15:55:42.097492,356626,19.61,19.6,8357,2101,-4102,397
656,COG,2020-10-23,0 days 15:56:02.097700,361128,19.61,19.6,7742,2165,17698,-6892
657,COG,2020-10-23,0 days 15:56:03.097298,356926,19.61,19.6,5630,4962,-4202,17698
658,COG,2020-10-23,0 days 15:56:05.097430,361128,19.61,19.6,8132,2342,3859,-4202
659,COG,2020-10-23,0 days 15:56:58.098414,363651,19.65,19.64,7236,4744,-1684,5116
660,COG,2020-10-23,0 days 15:57:14.097084,365935,19.64,19.63,9880,2510,855,-3045
661,COG,2020-10-23,0 days 15:57:15.097399,362890,19.64,19.63,11580,2598,-3045,855
662,COG,2020-10-23,0 days 15:57:48.099020,382551,19.62,19.61,6908,4500,-4664,446
663,COG,2020-10-23,0 days 15:57:59.099309,387215,19.62,19.61,3381,7500,4612,-2625
664,COG,2020-10-23,0 days 15:58:00.099976,385327,19.63,19.62,4159,4900,-1888,4612
665,COG,2020-10-23,0 days 15:58:56.101804,394926,19.65,19.64,10454,2700,-3548,4852
666,COG,2020-10-23,0 days 15:59:23.102736,409154,19.68,19.67,7272,1995,-1147,853
667,COG,2020-10-23,0 days 15:59:31.104001,420600,19.69,19.68,2116,7302,590,-2614
668,COG,2020-10-23,0 days 15:59:32.103640,419690,19.69,19.68,1702,5502,-910,590
669,COLD,2020-10-23,0 days 15:58:02.247912,107405,37.18,37.17,517,1029,-6626,3471
670,COLD,2020-10-23,0 days 15:58:03.247041,96067,37.18,37.17,724,1029,11338,-6626
671,COLD,2020-10-23,0 days 15:59:08.250617,106271,37.19,37.18,887,967,1541,-1262
672,COLD,2020-10-23,0 days 15:59:31.250805,108839,37.19,37.18,600,300,-2874,631
673,COLD,2020-10-23,0 days 15:59:47.250607,108025,37.19,37.17,1290,616,514,-3586
674,COP,2020-10-23,0 days 15:55:00.093872,597306,32.54,32.53,7977,1596,8253,-35102
675,COP,2020-10-23,0 days 15:57:48.099118,631074,32.52,32.51,5542,3265,-845,465
676,COP,2020-10-23,0 days 15:57:49.099557,622919,32.52,32.51,5744,3365,8155,-845
677,COP,2020-10-23,0 days 15:59:00.105727,636369,32.52,32.51,3792,5849,-18158,1440
678,COP,2020-10-23,0 days 15:59:01.103404,621161,32.52,32.51,7447,200,15208,-18158
679,COP,2020-10-23,0 days 15:59:18.102759,648813,32.52,32.51,6028,1051,-6726,8447
680,COP,2020-10-23,0 days 15:59:19.103182,643239,32.52,32.51,6528,302,5574,-6726
681,COP,2020-10-23,0 days 15:59:42.104301,649113,32.53,32.52,7897,443,-82,418
682,COP,2020-10-23,0 days 15:59:47.104376,645768,32.53,32.52,5297,4707,3345,-4255
683,COTY,2020-10-23,0 days 15:55:12.246569,121321,3.39,3.38,51943,31880,61,-5539
684,COTY,2020-10-23,0 days 15:55:35.247624,121382,3.39,3.38,58143,19790,-6213,61
685,COTY,2020-10-23,0 days 15:59:18.246350,176341,3.39,3.38,52100,80189,14903,-5363
686,COTY,2020-10-23,0 days 15:59:19.246365,171344,3.39,3.38,49400,109189,-4997,14903
687,COTY,2020-10-23,0 days 15:59:46.248266,181741,3.4,3.39,88062,34252,7247,-3753
688,COTY,2020-10-23,0 days 15:59:47.247576,178588,3.4,3.39,57362,38621,-3153,7247
689,CPE,2020-10-23,0 days 15:56:31.229510,28771,5.29,5.28,3846,11753,5009,-1691
690,CPE,2020-10-23,0 days 15:56:32.226759,23480,5.29,5.28,2746,13053,-5291,5009
691,CPRI,2020-10-23,0 days 15:58:06.210437,92452,22.53,22.52,2755,2038,-3074,3612
692,CPRI,2020-10-23,0 days 15:58:07.207037,91326,22.53,22.52,2755,2413,126,-3074
693,CPRI,2020-10-23,0 days 15:58:30.207680,92985,22.53,22.52,1957,2493,-1041,459
694,CPRI,2020-10-23,0 days 15:59:04.213483,98017,22.53,22.52,2086,2708,-752,794
695,CPRI,2020-10-23,0 days 15:59:46.214391,99751,22.52,22.51,1220,1100,-498,232
696,CRM,2020-10-23,0 days 15:55:12.226675,270873,250.49,250.44,200,100,-2542,2470
697,CRM,2020-10-23,0 days 15:55:13.226545,267415,250.52,250.46,142,200,3458,-2542
698,CRM,2020-10-23,0 days 15:59:08.235157,295569,250.36,250.33,500,164,-15654,9638
699,CRM,2020-10-23,0 days 15:59:09.234850,294062,250.3,250.25,584,100,1507,-15654
700,CRM,2020-10-23,0 days 15:59:18.233852,295853,250.34,250.26,100,100,-8250,475
701,CRM,2020-10-23,0 days 15:59:19.233952,295103,250.34,250.26,200,200,750,-8250
702,CRM,2020-10-23,0 days 15:59:29.234673,298852,250.46,250.36,100,100,-48,852
703,CRM,2020-10-23,0 days 15:59:36.234442,289075,250.46,250.39,686,100,7074,-4626
704,CRM,2020-10-23,0 days 15:59:42.234050,290240,250.43,250.33,1535,477,8509,-6026
705,CRM,2020-10-23,0 days 15:59:43.233564,296149,250.46,250.4,588,100,-2814,8509
706,CRM,2020-10-23,0 days 15:59:44.234139,295328,250.48,250.3,423,200,3524,-2814
707,CRM,2020-10-23,0 days 15:59:45.234589,289649,250.54,250.48,100,467,-10014,3524
708,CRM,2020-10-23,0 days 15:59:46.234242,292290,250.44,250.39,400,100,3859,-10014
709,CRM,2020-10-23,0 days 15:59:47.234199,290067,250.53,250.43,100,100,-6958,3859
710,CRM,2020-10-23,0 days 15:59:51.235421,292786,250.52,250.38,100,100,3781,-3519
711,CRM,2020-10-23,0 days 15:59:52.234828,285067,250.52,250.45,100,100,-8519,3781
712,CS,2020-10-23,0 days 15:55:00.246555,26863,10.87,10.86,41577,24707,-163,6083
713,CS,2020-10-23,0 days 15:56:00.248403,27026,10.87,10.86,66404,14597,2918,-82
714,CS,2020-10-23,0 days 15:59:36.248605,40687,10.87,10.86,107968,8088,-7733,9867
715,CTVA,2020-10-23,0 days 15:59:36.214483,966450,33.13,33.12,2448,400,5080,-2920
716,CTVA,2020-10-23,0 days 15:59:37.213845,951930,33.14,33.13,2432,200,-14520,5080
717,CTVA,2020-10-23,0 days 15:59:38.214146,966450,33.13,33.12,1129,1000,5082,-14520
718,CTVA,2020-10-23,0 days 15:59:39.213581,963832,33.13,33.12,629,1700,-2618,5082
719,CTVA,2020-10-23,0 days 15:59:42.214677,966450,33.12,33.11,2004,288,14077,-1118
720,CTVA,2020-10-23,0 days 15:59:43.214269,964727,33.13,33.12,1200,1448,-2588,14077
721,CTVA,2020-10-23,0 days 15:59:47.214392,965950,33.14,33.12,2441,1000,5180,-23955
722,CUK,2020-10-23,0 days 15:55:41.247856,13151,13.38,13.37,6010,1638,-474,26
723,CUK,2020-10-23,0 days 15:56:07.248723,19125,13.37,13.36,1865,2310,628,-472
724,CUK,2020-10-23,0 days 15:59:19.246564,23032,13.37,13.36,1235,1980,-1975,608
725,CVE,2020-10-23,0 days 15:55:00.246454,17775,3.73,3.72,46505,201479,-10699,11914
726,CVE,2020-10-23,0 days 15:59:36.248605,39585,3.72,3.71,215243,194032,11749,-13951
727,CVE,2020-10-23,0 days 15:59:37.247851,38834,3.72,3.71,212074,199832,-751,11749
728,CVS,2020-10-23,0 days 15:55:34.234865,279958,60.21,60.2,4063,100,14350,-3850
729,CVS,2020-10-23,0 days 15:55:35.235095,277408,60.21,60.2,3816,100,-2550,14350
730,CVS,2020-10-23,0 days 15:56:04.235962,299376,60.19,60.17,1810,2502,2363,-1694
731,CVS,2020-10-23,0 days 15:56:05.236183,296539,60.19,60.18,2022,615,-1131,2363
732,CVS,2020-10-23,0 days 15:56:19.237098,297673,60.17,60.16,1276,671,2245,-255
733,CVS,2020-10-23,0 days 15:56:20.236536,295318,60.17,60.16,1034,571,-2355,2245
734,CVS,2020-10-23,0 days 15:57:38.239751,317477,60.25,60.24,639,1100,-3405,895
735,CVS,2020-10-23,0 days 15:58:31.242978,326214,60.24,60.23,1879,608,793,-6107
736,CVS,2020-10-23,0 days 15:58:32.243333,322807,60.24,60.23,1719,508,-3407,793
737,CVS,2020-10-23,0 days 15:59:22.244817,353990,60.22,60.21,2042,611,-3864,2136
738,CVS,2020-10-23,0 days 15:59:25.245410,357854,60.24,60.23,1046,400,1115,-2216
739,CVS,2020-10-23,0 days 15:59:26.245868,355869,60.24,60.23,900,500,-1985,1115
740,CVS,2020-10-23,0 days 15:59:31.247371,358754,60.25,60.24,491,1210,16126,-2072
741,CVS,2020-10-23,0 days 15:59:32.246856,353251,60.27,60.26,1600,200,-5667,16126
742,CVS,2020-10-23,0 days 15:59:38.247398,357451,60.23,60.22,100,1100,-403,497
743,CVS,2020-10-23,0 days 15:59:40.247764,357854,60.23,60.22,1400,200,147,-403
744,CVS,2020-10-23,0 days 15:59:44.246696,356280,60.22,60.2,1280,900,-1674,1497
745,CVX,2020-10-23,0 days 15:57:34.249891,616052,72.68,72.67,234,861,-1958,3342
746,CVX,2020-10-23,0 days 15:57:35.250200,610510,72.68,72.67,100,900,5542,-1958
747,CVX,2020-10-23,0 days 15:57:52.250995,605941,72.67,72.66,400,2114,11604,-296
748,CVX,2020-10-23,0 days 15:58:15.252415,615518,72.68,72.67,200,1157,5624,-1476
749,CVX,2020-10-23,0 days 15:58:51.253734,622713,72.66,72.65,1100,558,-523,6077
750,CVX,2020-10-23,0 days 15:58:54.253764,617627,72.65,72.64,200,1918,5086,-614
751,CVX,2020-10-23,0 days 15:59:26.247412,663580,72.64,72.63,182,1197,-1026,4022
752,CVX,2020-10-23,0 days 15:59:27.246714,661806,72.64,72.63,800,697,1774,-1026
753,CVX,2020-10-23,0 days 15:59:30.250777,663580,72.65,72.64,296,300,-7049,506
754,CVX,2020-10-23,0 days 15:59:32.247491,673329,72.63,72.62,100,996,938,-4998
755,CVX,2020-10-23,0 days 15:59:41.247972,674267,72.61,72.6,300,100,-178,10217
756,CVX,2020-10-23,0 days 15:59:42.247869,674545,72.6,72.57,1200,1100,617,-178
757,CX,2020-10-23,0 days 15:55:00.282769,35586,4.19,4.18,73832,46859,16154,-6294
758,CX,2020-10-23,0 days 15:59:36.292660,67309,4.19,4.18,184063,50234,-13542,16058
759,CX,2020-10-23,0 days 15:59:37.292744,66451,4.19,4.18,177063,50197,858,-13542
760,CX,2020-10-23,0 days 15:59:46.293530,67309,4.19,4.18,184004,41102,-1342,858
761,CX,2020-10-23,0 days 15:59:47.293369,66551,4.19,4.18,184004,41102,758,-1342
762,CXO,2020-10-23,0 days 15:55:00.095769,168561,47.01,47.0,1489,1501,-5691,32554
763,CXO,2020-10-23,0 days 15:59:06.103523,173890,46.96,46.95,528,110,11778,-3615
764,CXO,2020-10-23,0 days 15:59:07.103066,170568,46.97,46.96,464,200,-3322,11778
765,CXO,2020-10-23,0 days 15:59:40.104050,177879,46.98,46.96,100,860,19184,-1216
766,CXO,2020-10-23,0 days 15:59:41.103948,176963,46.99,46.96,394,1300,-116,19184
767,CXW,2020-10-23,0 days 15:55:56.225918,78012,6.65,6.64,14726,3183,-17495,3605
768,CXW,2020-10-23,0 days 15:55:57.226406,74407,6.65,6.64,15026,3054,3505,-17495
769,D,2020-10-23,0 days 15:56:30.207754,224405,81.08,81.07,382,1198,-25235,11365
770,D,2020-10-23,0 days 15:56:31.210763,219740,81.08,81.07,582,1138,4665,-25235
771,D,2020-10-23,0 days 15:58:01.210664,219245,81.2,81.18,500,702,-33351,2937
772,D,2020-10-23,0 days 15:58:02.211518,217096,81.19,81.18,403,200,2149,-33351
773,D,2020-10-23,0 days 15:58:15.211119,218367,81.22,81.21,908,100,-15952,5048
774,D,2020-10-23,0 days 15:58:16.211005,214719,81.21,81.2,400,100,3648,-15952
775,D,2020-10-23,0 days 15:58:39.211861,222967,81.16,81.15,400,100,-25652,6848
776,D,2020-10-23,0 days 15:58:40.211416,218919,81.16,81.14,500,568,5748,-25652
777,DAL,2020-10-23,0 days 15:55:00.233293,233721,34.0,33.99,3424,4878,449,-2327
778,DAL,2020-10-23,0 days 15:55:01.231838,232870,34.0,33.99,4624,6078,-851,449
779,DAL,2020-10-23,0 days 15:55:54.235446,241995,33.95,33.94,2410,10166,2548,-1252
780,DAL,2020-10-23,0 days 15:55:55.235763,240743,33.95,33.94,1910,10166,-1252,2548
781,DAL,2020-10-23,0 days 15:56:18.237137,248693,33.94,33.93,8797,3931,104407,-893
782,DAL,2020-10-23,0 days 15:57:07.237830,353100,33.96,33.95,5200,7300,-7007,4393
783,DAL,2020-10-23,0 days 15:57:08.239322,345807,33.96,33.95,4251,7269,7293,-7007
784,DAL,2020-10-23,0 days 15:57:34.239679,355776,33.99,33.98,7531,2513,-843,3957
785,DAL,2020-10-23,0 days 15:57:35.239651,353819,33.99,33.98,8183,2100,1957,-843
786,DAL,2020-10-23,0 days 15:57:38.239820,355776,33.99,33.98,7204,2200,-443,3057
787,DAL,2020-10-23,0 days 15:57:39.241015,354019,33.99,33.98,9006,2700,1757,-443
788,DAL,2020-10-23,0 days 15:58:35.242842,364689,33.99,33.98,2100,9034,-30,3670
789,DAL,2020-10-23,0 days 15:58:42.244615,364719,33.99,33.98,1100,9642,70,-30
790,DAL,2020-10-23,0 days 15:58:51.244112,364789,33.99,33.98,7221,1354,-60,32
791,DAL,2020-10-23,0 days 15:58:54.243808,364849,33.99,33.98,3600,8863,302,-60
792,DAL,2020-10-23,0 days 15:58:59.244146,365151,34.0,33.99,10682,6194,-107,302
793,DAL,2020-10-23,0 days 15:59:01.245879,351458,34.0,33.99,11714,6094,1626,-107
794,DAL,2020-10-23,0 days 15:59:07.246581,353292,34.0,33.99,8952,7235,-23418,804
795,DAL,2020-10-23,0 days 15:59:08.245824,352524,34.0,33.99,11952,4535,1986,-23418
796,DAL,2020-10-23,0 days 15:59:09.244980,354510,33.99,33.98,7338,3518,-899,1986
797,DAL,2020-10-23,0 days 15:59:24.246425,369221,33.99,33.98,2377,6488,9418,-7778
798,DAL,2020-10-23,0 days 15:59:43.247209,387019,34.0,33.99,4600,7419,-5427,383
799,DAL,2020-10-23,0 days 15:59:47.246003,387648,34.0,33.99,6100,3400,2705,-1745
800,DAR,2020-10-23,0 days 15:55:45.242815,112799,45.02,45.01,100,100,5695,-1405
801,DAR,2020-10-23,0 days 15:55:46.242498,110194,45.02,45.01,100,200,-2605,5695
802,DAR,2020-10-23,0 days 15:58:57.249024,123788,45.02,45.0,100,668,-2238,2062
803,DAR,2020-10-23,0 days 15:59:34.250237,128265,45.02,45.01,200,361,168,-310
804,DAR,2020-10-23,0 days 15:59:39.250137,128433,45.01,45.0,100,500,-32,168
805,DAR,2020-10-23,0 days 15:59:42.251215,128465,45.01,44.98,140,400,68,-32
806,DAR,2020-10-23,0 days 15:59:44.250561,128433,45.01,44.99,100,400,-32,68
807,DAR,2020-10-23,0 days 15:59:45.251437,128465,45.02,45.0,199,700,189,-32
808,DAR,2020-10-23,0 days 15:59:48.251513,128054,45.02,45.0,100,600,-411,189
809,DB,2020-10-23,0 days 15:56:38.237015,38349,9.66,9.65,88246,27175,860,-1040
810,DB,2020-10-23,0 days 15:59:19.245473,39889,9.66,9.65,79421,87612,-5387,3506
811,DB,2020-10-23,0 days 15:59:36.246988,45276,9.66,9.65,85163,94832,4530,-5370
812,DB,2020-10-23,0 days 15:59:37.246455,45006,9.66,9.65,83863,94832,-270,4530
813,DB,2020-10-23,0 days 15:59:39.246837,45276,9.66,9.65,83763,94832,7930,-270
814,DB,2020-10-23,0 days 15:59:40.247884,45006,9.66,9.65,72033,98140,-270,7930
815,DD,2020-10-23,0 days 15:55:00.224896,210888,59.8,59.79,6797,400,18552,-92578
816,DD,2020-10-23,0 days 15:56:54.227262,260939,59.81,59.8,700,100,-15624,24776
817,DD,2020-10-23,0 days 15:56:55.227199,257163,59.81,59.79,600,502,3776,-15624
818,DD,2020-10-23,0 days 15:57:37.228582,261339,59.82,59.81,668,298,-1424,2576
819,DD,2020-10-23,0 days 15:57:38.228282,257763,59.82,59.81,568,298,3576,-1424
820,DD,2020-10-23,0 days 15:57:49.230187,261339,59.82,59.81,128,200,-124,3876
821,DD,2020-10-23,0 days 15:57:50.230336,261463,59.81,59.79,697,220,3976,-124
822,DD,2020-10-23,0 days 15:57:57.230268,261463,59.81,59.79,620,400,3976,-24
823,DD,2020-10-23,0 days 15:59:24.234970,266778,59.8,59.78,600,100,-1583,658
824,DD,2020-10-23,0 days 15:59:25.234710,265161,59.8,59.78,100,200,1617,-1583
825,DD,2020-10-23,0 days 15:59:28.235475,262678,59.83,59.8,300,700,-3383,1417
826,DD,2020-10-23,0 days 15:59:30.238305,261869,59.84,59.81,200,957,809,-3383
827,DDD,2020-10-23,0 days 15:55:00.223407,99808,7.67,7.66,14407,4177,-23890,22067
828,DEI,2020-10-23,0 days 15:59:07.103514,62789,25.21,25.2,1125,1082,-637,488
829,DEI,2020-10-23,0 days 15:59:46.104856,65111,25.21,25.2,1500,500,1058,-1422
830,DEI,2020-10-23,0 days 15:59:48.106078,64005,25.21,25.2,1100,1300,-1106,1494
831,DFS,2020-10-23,0 days 15:59:45.249314,278993,67.89,67.82,640,100,-27651,7504
832,DFS,2020-10-23,0 days 15:59:46.248476,278644,67.89,67.82,540,100,3825,-27651
833,DFS,2020-10-23,0 days 15:59:48.248614,282469,67.91,67.88,940,100,-631,1187
834,DFS,2020-10-23,0 days 15:59:49.248637,280694,67.89,67.84,681,259,1775,-631
835,DFS,2020-10-23,0 days 15:59:57.250000,282469,68.01,67.89,476,100,-479,1721
836,DHF,2020-10-23,0 days 15:55:00.245845,300,2.72,2.71,22881,42600,19,-300
837,DHF,2020-10-23,0 days 15:58:48.253582,319,2.72,2.71,22909,33394,-41,19
838,DHI,2020-10-23,0 days 15:55:00.095282,338181,73.03,73.0,521,200,-154,58836
839,DHI,2020-10-23,0 days 15:55:29.096330,338454,73.01,72.99,1381,100,3037,-274
840,DHI,2020-10-23,0 days 15:55:42.096727,342880,73.03,73.01,1349,100,-164,3888
841,DHI,2020-10-23,0 days 15:56:00.097568,343044,73.02,73.01,513,298,679,-67
842,DHI,2020-10-23,0 days 15:56:02.097362,343423,73.0,72.98,360,300,-421,679
843,DHI,2020-10-23,0 days 15:56:03.097014,345344,73.0,72.98,460,300,272,-421
844,DHI,2020-10-23,0 days 15:56:07.096872,346721,73.01,72.99,109,500,-1323,377
845,DHI,2020-10-23,0 days 15:56:08.097152,348044,73.01,73.0,109,200,977,-1323
846,DHI,2020-10-23,0 days 15:56:14.097337,348392,73.04,73.01,300,971,-52,177
847,DHI,2020-10-23,0 days 15:56:15.097591,348045,73.04,73.01,300,971,347,-52
848,DHI,2020-10-23,0 days 15:57:04.098398,348492,73.04,73.02,1270,223,-2253,447
849,DHI,2020-10-23,0 days 15:57:05.098802,347945,73.04,73.02,970,225,547,-2253
850,DHI,2020-10-23,0 days 15:57:33.098266,353492,72.99,72.98,400,500,-1453,447
851,DHI,2020-10-23,0 days 15:57:35.097348,354945,72.99,72.98,373,237,47,-253
852,DHI,2020-10-23,0 days 15:57:43.098921,364992,73.0,72.98,822,342,-3853,1047
853,DHI,2020-10-23,0 days 15:57:44.098691,365745,73.0,72.98,922,342,1147,-3853
854,DHI,2020-10-23,0 days 15:57:52.099153,366245,73.0,72.98,100,100,1247,-1153
855,DHI,2020-10-23,0 days 15:57:53.098432,367492,73.0,72.98,100,300,-2453,1247
856,DHI,2020-10-23,0 days 15:57:54.099677,366245,73.01,72.98,621,300,1247,-2453
857,DHI,2020-10-23,0 days 15:58:03.099259,361245,73.04,73.01,600,200,1873,-2027
858,DHI,2020-10-23,0 days 15:59:03.102445,361174,73.06,73.04,218,200,-149,551
859,DHI,2020-10-23,0 days 15:59:04.102364,361323,73.06,73.04,523,611,201,-149
860,DHI,2020-10-23,0 days 15:59:07.102819,361703,73.03,73.01,100,650,-23002,280
861,DHI,2020-10-23,0 days 15:59:08.103133,388205,73.03,73.0,300,200,1168,-23002
862,DHI,2020-10-23,0 days 15:59:27.102222,390272,73.04,73.01,600,100,356,-3444
863,DHI,2020-10-23,0 days 15:59:46.104190,393176,73.04,73.02,200,100,2362,-476
864,DIS,2020-10-23,0 days 15:59:44.246823,438860,128.41,128.37,200,672,-733,60767
865,DIS,2020-10-23,0 days 15:59:50.251608,435493,128.35,128.31,300,500,3434,-280
866,DIS,2020-10-23,0 days 15:59:52.235332,438927,128.36,128.33,100,500,-666,4875
867,DIS,2020-10-23,0 days 15:59:53.235484,435493,128.38,128.33,100,800,4875,-666
868,DIS,2020-10-23,0 days 15:59:54.236343,437474,128.4,128.34,100,1500,-8780,4875
869,DOW,2020-10-23,0 days 15:55:46.206956,425811,48.47,48.46,600,845,12416,-2529
870,DOW,2020-10-23,0 days 15:55:47.206589,424727,48.47,48.46,600,953,-1084,12416
871,DOW,2020-10-23,0 days 15:56:10.207187,426257,48.49,48.47,253,510,100,-732
872,DOW,2020-10-23,0 days 15:56:11.207167,425957,48.49,48.48,353,923,-300,100
873,DOW,2020-10-23,0 days 15:57:09.208511,428388,48.46,48.45,1300,111,769,-231
874,DOW,2020-10-23,0 days 15:57:10.207734,428257,48.46,48.45,1200,211,-131,769
875,DOW,2020-10-23,0 days 15:57:35.208751,429488,48.47,48.46,687,659,169,-31
876,DOW,2020-10-23,0 days 15:57:36.209091,429657,48.47,48.46,387,869,-2131,169
877,DOW,2020-10-23,0 days 15:57:37.208955,432788,48.47,48.46,387,837,569,-2131
878,DOW,2020-10-23,0 days 15:57:38.209344,434757,48.47,48.46,387,937,-1831,569
879,DOW,2020-10-23,0 days 15:57:39.209359,434088,48.47,48.46,487,1037,669,-1831
880,DOW,2020-10-23,0 days 15:57:44.209677,435588,48.47,48.46,789,1346,869,-1431
881,DOW,2020-10-23,0 days 15:57:46.209768,437157,48.47,48.46,789,1246,-4531,869
882,DOW,2020-10-23,0 days 15:57:48.209788,436288,48.47,48.46,689,479,1269,-331
883,DOW,2020-10-23,0 days 15:57:49.209699,437557,48.47,48.46,589,697,-331,1269
884,DOW,2020-10-23,0 days 15:57:50.209701,436588,48.47,48.46,589,1497,969,-331
885,DOW,2020-10-23,0 days 15:57:52.209742,437557,48.47,48.46,789,1329,-431,969
886,DOW,2020-10-23,0 days 15:57:53.209785,436588,48.47,48.46,789,1329,969,-431
887,DOW,2020-10-23,0 days 15:57:56.209835,437976,48.47,48.46,789,529,-1412,1388
888,DOW,2020-10-23,0 days 15:57:57.209840,436988,48.47,48.46,889,529,988,-1412
889,DOW,2020-10-23,0 days 15:58:01.210579,437976,48.47,48.46,400,400,-2695,988
890,DOW,2020-10-23,0 days 15:58:02.211445,436971,48.47,48.46,600,1000,1005,-2695
891,DOW,2020-10-23,0 days 15:58:03.209941,427741,48.47,48.46,700,1000,-530,1005
892,DOW,2020-10-23,0 days 15:58:08.210341,428271,48.47,48.46,1300,900,1093,-518
893,DOW,2020-10-23,0 days 15:58:09.210591,428164,48.47,48.46,1300,900,-107,1093
894,DOW,2020-10-23,0 days 15:58:16.210939,429724,48.46,48.45,1100,539,3540,-260
895,DOW,2020-10-23,0 days 15:58:17.207382,429464,48.46,48.45,500,520,-260,3540
896,DOW,2020-10-23,0 days 15:58:30.211381,429724,48.46,48.45,803,925,3540,-3360
897,DOW,2020-10-23,0 days 15:58:31.211450,427364,48.46,48.45,1003,925,-2360,3540
898,DOW,2020-10-23,0 days 15:58:42.212930,433724,48.46,48.45,500,520,1517,-460
899,DOW,2020-10-23,0 days 15:58:53.211862,435241,48.46,48.45,100,100,-28683,617
900,DOW,2020-10-23,0 days 15:58:54.212114,434624,48.46,48.44,100,200,617,-28683
901,DOW,2020-10-23,0 days 15:59:02.212931,437411,48.46,48.45,300,500,430,-5436
902,DOW,2020-10-23,0 days 15:59:09.213286,449300,48.47,48.46,300,600,93,-21040
903,DOW,2020-10-23,0 days 15:59:13.213364,449331,48.5,48.48,364,504,-8627,831
904,DOW,2020-10-23,0 days 15:59:33.214361,467230,48.51,48.49,100,400,1385,-579
905,DOW,2020-10-23,0 days 15:59:43.214123,475651,48.49,48.48,686,100,-700,2023
906,DOW,2020-10-23,0 days 15:59:47.214086,468260,48.5,48.49,100,100,561,-1675
907,DOW,2020-10-23,0 days 15:59:49.213765,468875,48.53,48.5,500,600,-1005,895
908,DOW,2020-10-23,0 days 15:59:50.215281,467580,48.52,48.47,1400,100,1295,-1005
909,DUK,2020-10-23,0 days 15:55:00.094082,264080,92.64,92.62,100,440,111441,-26546
910,DUK,2020-10-23,0 days 15:59:21.103199,418113,92.7,92.68,605,300,-627,3
911,DUK,2020-10-23,0 days 15:59:23.102855,413118,92.7,92.68,605,200,4995,-627
912,DUK,2020-10-23,0 days 15:59:30.107323,413572,92.75,92.73,100,102,4431,-3169
913,DUK,2020-10-23,0 days 15:59:46.104903,416234,92.74,92.73,401,100,2008,-4772
914,DVN,2020-10-23,0 days 15:57:40.209298,267956,9.36,9.35,20349,21874,-320,1980
915,DVN,2020-10-23,0 days 15:59:46.215037,321021,9.36,9.35,4601,28725,-1300,7000
916,EBR,2020-10-23,0 days 15:58:48.253439,6371,6.04,6.03,4103,3112,-753,284
917,EBR,2020-10-23,0 days 15:58:49.253237,6024,6.04,6.03,4103,3112,347,-753
918,EBR,2020-10-23,0 days 15:59:05.254514,6371,6.04,6.03,4333,1977,-311,162
919,EBR,2020-10-23,0 days 15:59:06.254344,6082,6.04,6.03,4333,1977,289,-311
920,EBR,2020-10-23,0 days 15:59:22.246511,6371,6.04,6.03,4610,2377,-305,289
921,EBR,2020-10-23,0 days 15:59:23.246613,6176,6.04,6.03,4610,2377,195,-305
922,EFX,2020-10-23,0 days 15:55:00.240407,56681,153.35,153.19,209,100,1955,-20359
923,EFX,2020-10-23,0 days 15:55:02.239815,58536,153.38,153.35,237,200,-1345,1955
924,EFX,2020-10-23,0 days 15:55:03.240137,58281,153.5,153.26,100,100,255,-1345
925,EFX,2020-10-23,0 days 15:55:37.242281,58836,153.36,153.26,100,100,-237,123
926,EFX,2020-10-23,0 days 15:55:38.242706,58729,153.36,153.29,100,100,107,-237
927,EFX,2020-10-23,0 days 15:55:43.243070,58879,153.33,153.27,310,140,-2940,142
928,EFX,2020-10-23,0 days 15:55:44.242596,62804,153.33,153.25,310,100,1175,-2940
929,EFX,2020-10-23,0 days 15:55:45.242788,62379,153.34,153.31,100,123,-425,1175
930,EFX,2020-10-23,0 days 15:55:54.242342,62804,153.38,153.33,400,140,275,-425
931,EFX,2020-10-23,0 days 15:55:55.242842,62379,153.38,153.33,400,140,-425,275
932,EFX,2020-10-23,0 days 15:57:28.245451,63975,153.27,153.06,100,200,35763,-577
933,EFX,2020-10-23,0 days 15:57:34.246176,98838,153.21,153.14,100,100,-3193,3063
934,EFX,2020-10-23,0 days 15:58:17.247827,105962,152.97,152.87,100,200,360,-140
935,EFX,2020-10-23,0 days 15:58:28.248725,107522,153.13,152.75,100,100,-1340,560
936,EFX,2020-10-23,0 days 15:58:31.248723,106062,153.02,152.79,100,300,760,-740
937,EFX,2020-10-23,0 days 15:58:42.249078,108222,153.26,152.82,200,160,-1333,660
938,EFX,2020-10-23,0 days 15:58:43.248895,107855,153.15,152.82,200,160,67,-1333
939,EFX,2020-10-23,0 days 15:58:48.248829,108222,153.15,152.76,200,100,-1333,2267
940,EFX,2020-10-23,0 days 15:58:49.248670,107855,153.15,152.76,200,100,67,-1333
941,EFX,2020-10-23,0 days 15:58:51.249138,107022,153.15,152.75,200,100,-833,67
942,EFX,2020-10-23,0 days 15:58:52.249030,106755,152.87,152.75,100,100,1167,-833
943,EFX,2020-10-23,0 days 15:59:00.251176,108222,153.03,152.68,200,100,-1467,798
944,EFX,2020-10-23,0 days 15:59:25.249997,111892,152.99,152.66,200,200,-3079,1521
945,EFX,2020-10-23,0 days 15:59:29.250172,111892,153.01,152.78,100,121,-1466,4034
946,EFX,2020-10-23,0 days 15:59:30.253355,111558,153.01,152.78,100,300,5695,-1466
947,EFX,2020-10-23,0 days 15:59:31.250805,116653,153.09,152.9,200,300,-305,5695
948,EFX,2020-10-23,0 days 15:59:32.249983,116058,153.09,152.9,200,300,295,-305
949,EFX,2020-10-23,0 days 15:59:37.250504,115878,153.01,152.91,136,600,175,-425
950,EFX,2020-10-23,0 days 15:59:43.250894,117553,153.02,152.7,102,700,-1399,2695
951,EFX,2020-10-23,0 days 15:59:44.250521,117152,153.05,152.73,104,200,101,-1399
952,EFX,2020-10-23,0 days 15:59:46.250793,117553,152.99,152.73,200,300,-4006,101
953,EFX,2020-10-23,0 days 15:59:47.250538,117359,152.99,152.74,200,206,2094,-4006
954,EFX,2020-10-23,0 days 15:59:53.250869,117823,152.99,152.72,200,100,-1127,503
955,EFX,2020-10-23,0 days 15:59:54.252566,118950,153.05,152.66,104,100,803,-1127
956,EFX,2020-10-23,0 days 16:00:00.251354,114607,153.32,152.65,200,173,-4363,803
957,ELAN,2020-10-23,0 days 15:55:00.282931,109072,31.37,31.34,290,513,10036,-2792
958,ELAN,2020-10-23,0 days 15:55:38.285339,119910,31.36,31.35,189,793,-7723,10577
959,ELAN,2020-10-23,0 days 15:55:45.285074,121085,31.36,31.34,200,503,-4113,2052
960,ELAN,2020-10-23,0 days 15:55:46.285237,120598,31.36,31.34,200,509,487,-4113
961,ELAN,2020-10-23,0 days 15:56:13.285292,122553,31.35,31.34,300,573,-45,655
962,ELAN,2020-10-23,0 days 15:58:01.290044,144353,31.36,31.35,200,1125,-2149,1051
963,ENB,2020-10-23,0 days 15:58:37.102317,23710,28.91,28.9,11299,5614,-3651,6565
964,ENB,2020-10-23,0 days 15:58:47.101692,27361,28.91,28.9,19423,1562,9839,-2550
965,ENB,2020-10-23,0 days 15:59:28.103701,32771,28.92,28.91,18270,3386,-3681,3463
966,ENLC,2020-10-23,0 days 15:55:00.232547,119196,2.97,2.96,10625,9804,1576,-64635
967,EOG,2020-10-23,0 days 15:55:00.093272,297942,37.51,37.49,1200,100,7043,-26607
968,EOG,2020-10-23,0 days 15:57:51.099370,307324,37.53,37.52,2704,1877,-619,333
969,EOG,2020-10-23,0 days 15:57:52.099524,303443,37.53,37.52,2704,2177,3881,-619
970,EOG,2020-10-23,0 days 15:58:46.101797,304816,37.55,37.54,2908,4643,2850,-250
971,EOG,2020-10-23,0 days 15:59:05.103063,315467,37.52,37.51,700,300,-12723,27
972,EOG,2020-10-23,0 days 15:59:08.103329,315427,37.49,37.48,867,800,839,-2161
973,EPD,2020-10-23,0 days 15:57:38.245763,97397,17.68,17.67,9875,1558,29,-166
974,EPD,2020-10-23,0 days 15:57:39.246043,96126,17.68,17.67,9494,1468,-966,29
975,EPD,2020-10-23,0 days 15:57:41.245759,97397,17.68,17.67,8894,1468,1829,-966
976,EPD,2020-10-23,0 days 15:57:42.245796,97026,17.68,17.67,9729,878,-66,1829
977,EPD,2020-10-23,0 days 15:59:44.250385,140740,17.64,17.63,9910,3099,192,-2618
978,EPD,2020-10-23,0 days 15:59:47.250391,139077,17.64,17.63,3700,4199,-1663,9237
979,EQH,2020-10-23,0 days 15:56:02.236104,290346,20.61,20.6,4901,1633,37128,-54619
980,EQH,2020-10-23,0 days 15:56:03.236101,285274,20.61,20.6,2229,2743,-11172,37128
981,EQR,2020-10-23,0 days 15:59:00.235507,245932,51.26,51.25,502,923,-250,5550
982,EQR,2020-10-23,0 days 15:59:05.233547,245389,51.24,51.21,805,700,5283,-10629
983,EQR,2020-10-23,0 days 15:59:25.234559,243084,51.28,51.27,681,873,3461,-3827
984,EQT,2020-10-23,0 days 15:56:09.236041,473199,16.04,16.03,5100,1367,9187,-3113
985,EQT,2020-10-23,0 days 15:56:10.236584,458984,16.06,16.05,2900,500,-16224,9187
986,EQT,2020-10-23,0 days 15:57:27.238676,477788,16.09,16.08,811,2851,2886,-214
987,EQT,2020-10-23,0 days 15:57:28.239083,467474,16.1,16.09,900,4341,-8714,2886
988,EQT,2020-10-23,0 days 15:59:25.245522,565416,16.14,16.13,800,3201,-3631,110469
989,EQT,2020-10-23,0 days 15:59:39.246824,589527,16.15,16.14,5018,300,18188,-3218
990,EQT,2020-10-23,0 days 15:59:40.247874,586215,16.15,16.14,922,1300,-3312,18188
991,ERJ,2020-10-23,0 days 15:59:46.214902,13663,4.99,4.98,50494,25390,-368,344
992,ERJ,2020-10-23,0 days 15:59:47.214359,13331,4.99,4.98,50494,25390,332,-368
993,ET,2020-10-23,0 days 15:55:00.240008,224843,6.28,6.27,35343,20308,7189,-62190
994,ETRN,2020-10-23,0 days 15:55:00.095241,88259,8.35,8.34,1950,5110,3181,-32193
995,ETRN,2020-10-23,0 days 15:55:41.096614,91440,8.35,8.34,1550,7444,-419,3181
996,ETRN,2020-10-23,0 days 15:59:46.104012,161779,8.38,8.37,6000,2585,3558,-2542
997,ETRN,2020-10-23,0 days 15:59:47.103293,159537,8.38,8.37,6100,2585,-1042,3558
998,EV,2020-10-23,0 days 15:59:04.214325,38255,61.99,61.97,637,600,3514,-529
999,EV,2020-10-23,0 days 15:59:05.213489,37769,61.99,61.97,737,1083,-486,3514
1000,EV,2020-10-23,0 days 15:59:13.213572,38255,61.99,61.98,298,152,15,-2
1001,EV,2020-10-23,0 days 15:59:18.214159,38307,62.0,61.98,200,1284,-48,15
1002,EV,2020-10-23,0 days 15:59:21.213623,38355,61.99,61.96,319,1189,252,-48
1003,EV,2020-10-23,0 days 15:59:39.213599,38163,62.02,61.98,1076,1318,-292,908
1004,EV,2020-10-23,0 days 15:59:46.215156,38455,62.02,61.98,960,1035,1848,-292
1005,EV,2020-10-23,0 days 15:59:47.214456,38203,62.02,61.98,960,1818,-252,1848
1006,EV,2020-10-23,0 days 15:59:51.212927,38455,62.02,61.98,1388,535,648,-552
1007,EV,2020-10-23,0 days 15:59:54.213379,37903,62.04,62.02,200,100,-652,648
1008,EVRI,2020-10-23,0 days 15:57:58.240866,40655,9.6,9.59,3114,3713,5340,-1360
1009,EVRI,2020-10-23,0 days 15:57:59.240605,39895,9.6,9.59,4142,3713,-760,5340
1010,EW,2020-10-23,0 days 15:59:04.293843,322461,80.39,80.35,200,100,-14027,2004
1011,EW,2020-10-23,0 days 15:59:05.292793,320835,80.36,80.34,100,100,1626,-14027
1012,EW,2020-10-23,0 days 15:59:30.294063,323196,80.38,80.31,678,400,-10227,862
1013,EW,2020-10-23,0 days 15:59:33.293176,322823,80.37,80.32,100,100,373,-1527
1014,EW,2020-10-23,0 days 15:59:40.293903,323196,80.35,80.3,100,450,-11027,996
1015,EW,2020-10-23,0 days 15:59:41.293442,323023,80.34,80.28,126,1346,180,-11027
1016,EW,2020-10-23,0 days 15:59:43.293578,333333,80.34,80.26,771,100,-313,12210
1017,EW,2020-10-23,0 days 15:59:48.294116,332470,80.35,80.3,100,500,863,-1437
1018,EW,2020-10-23,0 days 15:59:50.297213,324510,80.36,80.31,537,799,-1160,863
1019,EW,2020-10-23,0 days 15:59:51.295442,323770,80.36,80.31,834,200,9563,-1160
1020,EW,2020-10-23,0 days 15:59:53.294459,324510,80.36,80.3,200,500,-1160,9563
1021,EW,2020-10-23,0 days 15:59:55.294477,323770,80.4,80.3,200,500,9563,-1660
1022,EW,2020-10-23,0 days 15:59:56.293969,323210,80.4,80.3,200,500,-2460,9563
1023,EXK,2020-10-23,0 days 15:59:36.292965,5480,3.55,3.54,25882,53600,1504,-1896
1024,EXK,2020-10-23,0 days 15:59:37.292990,5384,3.55,3.54,25882,53600,-96,1504
1025,EXPR,2020-10-23,0 days 15:57:34.098557,12463,0.77,0.76,18000,516,-1789,421
1026,F,2020-10-23,0 days 15:55:00.096190,1214035,8.16,8.15,158147,284305,-97348,82730
1027,F,2020-10-23,0 days 15:55:01.095678,1027783,8.16,8.15,163247,299253,186252,-97348
1028,F,2020-10-23,0 days 15:57:37.098361,1249252,8.17,8.16,80076,503080,-4501,19399
1029,F,2020-10-23,0 days 15:58:07.100374,1262352,8.16,8.15,434022,402911,-18477,15900
1030,F,2020-10-23,0 days 15:59:24.102389,1363751,8.16,8.15,300685,440537,77476,-36080
1031,F,2020-10-23,0 days 15:59:36.103494,1508013,8.17,8.16,464638,483140,-78625,92575
1032,F,2020-10-23,0 days 15:59:37.103388,1503238,8.17,8.16,463638,487540,4775,-78625
1033,F,2020-10-23,0 days 15:59:45.105371,1508013,8.17,8.16,464669,536880,-325,4675
1034,F,2020-10-23,0 days 15:59:47.103827,1508338,8.17,8.16,462946,538580,10646,-325
1035,FAF,2020-10-23,0 days 15:59:49.104907,88720,48.42,48.39,392,100,9528,-3259
1036,FAF,2020-10-23,0 days 15:59:51.105254,98248,48.42,48.39,314,100,-3259,9528
1037,FCX,2020-10-23,0 days 15:55:47.226192,518225,18.39,18.38,16668,43203,8090,-3785
1038,FCX,2020-10-23,0 days 15:56:00.226007,526315,18.39,18.38,10406,41102,-15274,8090
1039,FCX,2020-10-23,0 days 15:59:07.234978,624399,18.35,18.34,32453,13065,1650,-13350
1040,FDX,2020-10-23,0 days 15:57:32.288242,72503,283.7,283.65,100,100,-44,56
1041,FDX,2020-10-23,0 days 15:57:35.288543,71867,283.7,283.63,101,247,636,-1064
1042,FDX,2020-10-23,0 days 15:58:23.290068,72755,283.59,283.54,200,100,-541,359
1043,FDX,2020-10-23,0 days 15:58:24.290726,72496,283.59,283.54,100,100,259,-541
1044,FDX,2020-10-23,0 days 15:58:26.290562,72755,283.59,283.54,100,100,-441,259
1045,FDX,2020-10-23,0 days 15:58:27.290887,72496,283.59,283.54,100,100,359,-441
1046,FDX,2020-10-23,0 days 15:58:30.291141,72855,283.65,283.56,100,200,-541,359
1047,FDX,2020-10-23,0 days 15:58:31.291319,72496,283.68,283.6,100,100,359,-541
1048,FDX,2020-10-23,0 days 15:58:36.291035,72855,283.64,283.6,100,200,-241,359
1049,FDX,2020-10-23,0 days 15:58:37.291591,72496,283.76,283.63,600,100,359,-241
1050,FDX,2020-10-23,0 days 15:59:01.292616,72945,283.62,283.46,100,100,-44,174
1051,FDX,2020-10-23,0 days 15:59:02.295466,72689,283.64,283.44,100,200,256,-44
1052,FDX,2020-10-23,0 days 15:59:04.293658,73074,283.68,283.6,434,100,-4217,385
1053,FDX,2020-10-23,0 days 15:59:05.292632,77382,283.6,283.49,100,104,63,-4217
1054,FDX,2020-10-23,0 days 15:59:06.293040,77445,283.66,283.47,320,200,-30,63
1055,FDX,2020-10-23,0 days 15:59:42.293374,82575,283.71,283.54,292,100,628,-777
1056,FDX,2020-10-23,0 days 15:59:43.293427,82303,283.8,283.69,100,913,-1877,628
1057,FE,2020-10-23,0 days 15:55:00.204086,269557,33.28,33.27,5379,1633,-46225,6082
1058,FE,2020-10-23,0 days 15:55:01.204556,236506,33.26,33.25,2728,2300,34451,-46225
1059,FE,2020-10-23,0 days 15:55:12.205300,270957,33.26,33.25,6096,904,-22287,8751
1060,FE,2020-10-23,0 days 15:55:13.205723,263944,33.26,33.25,6509,1083,5613,-22287
1061,FE,2020-10-23,0 days 15:57:36.209144,297478,33.25,33.24,3920,692,5336,-1464
1062,FE,2020-10-23,0 days 15:59:05.213293,306658,33.26,33.25,2300,1424,-2818,5369
1063,FE,2020-10-23,0 days 15:59:06.213436,301776,33.26,33.25,3326,1424,3382,-2818
1064,FE,2020-10-23,0 days 15:59:16.213278,305469,33.24,33.23,1600,400,2894,-406
1065,FHN,2020-10-23,0 days 15:55:00.223800,354680,11.12,11.11,2278,4282,-73721,27867
1066,FHN,2020-10-23,0 days 15:55:01.224198,314284,11.12,11.11,2168,5194,40396,-73721
1067,FHN,2020-10-23,0 days 15:56:03.226186,357696,11.08,11.07,5162,1600,-5924,7619
1068,FHN,2020-10-23,0 days 15:56:04.226076,353346,11.08,11.07,5200,3564,4350,-5924
1069,FHN,2020-10-23,0 days 15:56:25.226421,357696,11.05,11.04,3499,1448,-203,5297
1070,FHN,2020-10-23,0 days 15:57:02.227395,358163,11.07,11.06,3633,3244,184,-116
1071,FHN,2020-10-23,0 days 15:57:08.228562,358047,11.06,11.05,4120,2600,-116,184
1072,FHN,2020-10-23,0 days 15:57:11.226992,358163,11.06,11.05,3658,1800,1784,-116
1073,FHN,2020-10-23,0 days 15:57:41.228731,360836,11.06,11.05,3407,2000,3311,-4989
1074,FHN,2020-10-23,0 days 15:58:07.230966,348436,11.06,11.05,5445,400,10686,-4814
1075,FHN,2020-10-23,0 days 15:58:13.230783,355236,11.06,11.05,3759,700,3886,-20114
1076,FHN,2020-10-23,0 days 15:58:30.231471,359122,11.06,11.05,5222,1822,-814,2486
1077,FHN,2020-10-23,0 days 15:58:31.231347,356636,11.05,11.04,700,8392,2486,-814
1078,FHN,2020-10-23,0 days 15:59:00.235429,384023,11.05,11.04,9366,1048,-39,11
1079,FIT,2020-10-23,0 days 15:59:01.103019,108167,6.97,6.96,45814,42429,25553,-32947
1080,FIT,2020-10-23,0 days 15:59:02.102510,104620,6.97,6.96,42050,42448,-3547,25553
1081,FL,2020-10-23,0 days 15:57:21.097910,68671,39.78,39.76,500,353,-220,380
1082,FL,2020-10-23,0 days 15:57:22.097961,68191,39.78,39.76,500,353,480,-220
1083,FL,2020-10-23,0 days 15:57:38.098502,68871,39.77,39.76,519,412,-220,80
1084,FL,2020-10-23,0 days 15:57:47.099121,68391,39.75,39.73,624,507,480,-220
1085,FL,2020-10-23,0 days 15:57:50.099376,68671,39.8,39.79,551,643,-20,80
1086,FL,2020-10-23,0 days 15:58:28.101878,70265,39.8,39.79,467,1403,1916,-84
1087,FL,2020-10-23,0 days 15:59:19.103167,72880,39.81,39.8,740,743,1661,-314
1088,FL,2020-10-23,0 days 15:59:31.104390,74402,39.84,39.8,100,100,-552,1522
1089,FL,2020-10-23,0 days 15:59:32.104489,74954,39.84,39.79,100,1500,48,-552
1090,FL,2020-10-23,0 days 15:59:33.103892,74902,39.82,39.8,200,100,-52,48
1091,FL,2020-10-23,0 days 15:59:46.104788,74802,39.8,39.78,700,300,-3553,248
1092,FNB,2020-10-23,0 days 15:55:00.240367,184992,7.85,7.84,3629,18437,7079,-1667
1093,FNB,2020-10-23,0 days 15:59:46.250793,198388,7.86,7.85,34933,8441,-591,109
1094,FNB,2020-10-23,0 days 15:59:47.250538,196225,7.86,7.85,30133,12741,2163,-591
1095,FNF,2020-10-23,0 days 15:55:05.224047,129210,32.98,32.97,983,500,10831,-15069
1096,FNF,2020-10-23,0 days 15:55:06.224027,130041,32.98,32.97,900,500,-1721,10831
1097,FNF,2020-10-23,0 days 15:57:35.228229,172856,32.98,32.97,2479,1172,1421,-2279
1098,FNF,2020-10-23,0 days 15:57:36.228226,169577,32.97,32.96,611,1000,-493,1421
1099,FNF,2020-10-23,0 days 15:57:38.228264,170070,32.97,32.96,1411,1090,307,-2393
1100,FNF,2020-10-23,0 days 15:57:39.228456,168277,32.97,32.96,1211,1190,-1793,307
1101,FNF,2020-10-23,0 days 15:59:19.233928,189776,32.96,32.95,2226,806,3190,-4397
1102,FNF,2020-10-23,0 days 15:59:20.235829,187066,32.96,32.95,2514,853,-2710,3190
1103,FNF,2020-10-23,0 days 15:59:24.234946,189776,32.95,32.94,926,747,535,-1010
1104,FNF,2020-10-23,0 days 15:59:46.235650,189776,32.95,32.94,1731,452,1108,-2345
1105,FNF,2020-10-23,0 days 15:59:48.235945,188384,32.95,32.94,900,952,-1392,2808
1106,FSLY,2020-10-23,0 days 15:55:13.283737,101823,76.39,76.36,211,100,-2788,122
1107,FSLY,2020-10-23,0 days 15:55:14.283834,98911,76.39,76.36,669,100,2912,-2788
1108,FSLY,2020-10-23,0 days 15:59:06.293075,130608,76.12,76.06,100,800,-688,3216
1109,FSLY,2020-10-23,0 days 15:59:07.293215,124496,76.16,76.07,100,200,2054,-688
1110,FSLY,2020-10-23,0 days 15:59:12.293374,120472,76.18,76.11,200,300,-4024,2089
1111,FSLY,2020-10-23,0 days 15:59:13.293710,117801,76.18,76.12,671,100,2676,-4024
1112,FSLY,2020-10-23,0 days 15:59:18.291772,127528,76.18,76.12,200,200,-1530,3456
1113,FSLY,2020-10-23,0 days 15:59:20.292202,120158,76.24,76.15,188,200,2357,-2243
1114,FSLY,2020-10-23,0 days 15:59:26.292013,117615,76.3,76.18,302,800,-3640,360
1115,FSLY,2020-10-23,0 days 15:59:41.293273,119744,76.37,76.3,200,200,1093,-6007
1116,FSLY,2020-10-23,0 days 15:59:45.295270,120837,76.37,76.34,900,200,-4766,1093
1117,FSLY,2020-10-23,0 days 15:59:46.293659,119903,76.37,76.35,1100,100,1235,-4766
1118,FSM,2020-10-23,0 days 15:59:36.236006,26029,7.16,7.14,46900,73677,-6050,8550
1119,FSM,2020-10-23,0 days 15:59:46.235929,26029,7.15,7.14,10162,60174,-289,650
1120,FSM,2020-10-23,0 days 15:59:48.236124,25518,7.15,7.14,8053,61774,511,-289
1121,FTCH,2020-10-23,0 days 15:55:00.240492,67309,29.94,29.9,2167,150,-5582,2010
1122,FTCH,2020-10-23,0 days 15:55:46.242486,73554,29.93,29.91,2052,1157,219,-842
1123,FTCH,2020-10-23,0 days 15:57:07.244257,76481,29.94,29.93,820,200,-1043,157
1124,FTCH,2020-10-23,0 days 15:57:08.245261,76324,29.94,29.93,820,200,557,-1043
1125,FTCH,2020-10-23,0 days 15:57:52.246579,78524,29.97,29.95,1100,762,357,-243
1126,FTCH,2020-10-23,0 days 15:57:58.246325,78881,29.97,29.95,1451,362,-243,357
1127,FTCH,2020-10-23,0 days 15:57:59.246295,78524,29.97,29.95,1351,362,357,-243
1128,FTCH,2020-10-23,0 days 15:58:01.247993,66361,29.96,29.95,100,462,-8563,357
1129,FTCH,2020-10-23,0 days 15:58:02.247901,74624,29.97,29.95,851,600,6537,-8563
1130,FTCH,2020-10-23,0 days 15:58:03.247028,72661,29.97,29.95,1251,500,-1963,6537
1131,FTCH,2020-10-23,0 days 15:59:07.251652,99915,29.95,29.93,1200,200,1237,-345
1132,FTCH,2020-10-23,0 days 15:59:26.250192,101956,29.98,29.97,1416,265,-405,2041
1133,FTCH,2020-10-23,0 days 15:59:46.250810,102361,29.98,29.97,874,600,2424,-205
1134,FTV,2020-10-23,0 days 15:55:44.235814,116423,66.47,66.46,976,376,-452,1091
1135,FTV,2020-10-23,0 days 15:55:45.236362,113575,66.44,66.42,200,200,2848,-452
1136,FTV,2020-10-23,0 days 15:56:26.237009,126423,66.5,66.47,657,200,-16196,3004
1137,FTV,2020-10-23,0 days 15:56:27.237262,124057,66.48,66.47,100,100,2366,-16196
1138,FTV,2020-10-23,0 days 15:59:05.245086,128831,66.49,66.47,500,400,-4425,12075
1139,FTV,2020-10-23,0 days 15:59:07.246529,128139,66.48,66.47,100,300,774,-2384
1140,FTV,2020-10-23,0 days 15:59:08.245957,128913,66.48,66.47,100,399,-443,774
1141,FTV,2020-10-23,0 days 15:59:09.244965,128156,66.48,66.47,100,200,12157,-443
1142,FTV,2020-10-23,0 days 15:59:41.246681,145141,66.49,66.46,100,100,-140,340
1143,FTV,2020-10-23,0 days 15:59:47.245912,144090,66.49,66.46,100,397,1066,-2634
1144,GAB,2020-10-23,0 days 15:59:01.103019,3799,5.71,5.7,3100,1578,-2783,3717
1145,GAB,2020-10-23,0 days 15:59:02.102525,3482,5.71,5.7,1600,1578,317,-2783
1146,GE,2020-10-23,0 days 15:59:48.248614,6728479,7.64,7.63,35119,415124,-8916,27084
1147,GEO,2020-10-23,0 days 15:55:00.204024,172252,9.01,9.0,10150,8505,4134,-1025
1148,GEO,2020-10-23,0 days 15:58:59.212340,196612,9.01,9.0,6338,6012,-925,660
1149,GEO,2020-10-23,0 days 15:59:00.214458,195337,9.01,9.0,6638,6212,1275,-925
1150,GFI,2020-10-23,0 days 15:57:36.228239,112056,11.57,11.56,33014,10841,15640,-2260
1151,GFI,2020-10-23,0 days 15:59:23.234400,120809,11.58,11.57,29819,1061,7736,-1493
1152,GFI,2020-10-23,0 days 15:59:46.235745,141799,11.58,11.57,29619,13454,-1023,4185
1153,GFI,2020-10-23,0 days 15:59:47.235161,138362,11.58,11.57,30519,13384,3437,-1023
1154,GGB,2020-10-23,0 days 15:55:00.283933,14377,4.14,4.13,77300,201110,15028,-11558
1155,GGB,2020-10-23,0 days 15:59:36.292965,45655,4.14,4.13,42009,383973,-6854,14598
1156,GHLD,2020-10-23,0 days 15:55:36.227270,7200,14.77,14.74,100,200,252,-548
1157,GHLD,2020-10-23,0 days 15:55:37.227473,6652,14.77,14.74,245,200,-548,252
1158,GHLD,2020-10-23,0 days 15:55:45.228181,7200,14.77,14.74,445,100,14452,-548
1159,GHLD,2020-10-23,0 days 15:55:47.227300,1752,14.77,14.74,345,200,-10848,4152
1160,GHLD,2020-10-23,0 days 15:56:24.227761,11304,14.77,14.75,145,100,448,-652
1161,GHLD,2020-10-23,0 days 15:58:02.233093,21752,14.8,14.75,100,100,-52,3048
1162,GHLD,2020-10-23,0 days 15:58:03.231701,20304,14.8,14.75,100,100,1448,-52
1163,GHLD,2020-10-23,0 days 15:58:24.232134,11752,14.94,14.75,100,100,-8552,1448
1164,GHLD,2020-10-23,0 days 15:58:25.232898,11304,14.94,14.75,100,100,448,-8552
1165,GLW,2020-10-23,0 days 15:55:22.209261,243742,35.58,35.57,4158,1900,137,-321
1166,GLW,2020-10-23,0 days 15:55:23.206160,242479,35.58,35.57,3459,1300,-1263,137
1167,GLW,2020-10-23,0 days 15:57:55.211269,248616,35.57,35.56,3933,2159,-436,1529
1168,GLW,2020-10-23,0 days 15:59:04.214167,250183,35.57,35.56,3175,1291,-233,453
1169,GLW,2020-10-23,0 days 15:59:09.213390,304145,35.54,35.53,2358,3053,822,-362
1170,GLW,2020-10-23,0 days 15:59:16.213312,300062,35.54,35.53,1300,2953,-5779,1917
1171,GLW,2020-10-23,0 days 15:59:37.213787,305950,35.55,35.54,5820,1572,1722,-1778
1172,GLW,2020-10-23,0 days 15:59:38.214089,304572,35.55,35.54,4420,872,-1378,1722
1173,GLW,2020-10-23,0 days 15:59:43.214193,305950,35.54,35.53,2997,2434,956,-1078
1174,GM,2020-10-23,0 days 15:59:43.234498,901459,36.86,36.85,12025,3650,7328,-29372
1175,GM,2020-10-23,0 days 15:59:48.235661,892078,36.86,36.85,13025,4292,-9378,9736
1176,GME,2020-10-23,0 days 15:55:44.235751,102681,14.98,14.97,2200,5200,-7367,3441
1177,GME,2020-10-23,0 days 15:55:45.236213,100048,14.98,14.97,2900,5200,2633,-7367
1178,GNW,2020-10-23,0 days 15:55:00.233240,148087,3.8,3.79,20612,80883,-6361,8694
1179,GNW,2020-10-23,0 days 15:55:41.235510,154448,3.8,3.79,21225,80228,3033,-3067
1180,GNW,2020-10-23,0 days 15:58:05.241935,157602,3.8,3.79,7956,90155,-8527,2554
1181,GNW,2020-10-23,0 days 15:59:18.245657,204471,3.8,3.79,14068,90922,8361,-3405
1182,GNW,2020-10-23,0 days 15:59:19.245454,201932,3.8,3.79,14168,90922,-2539,8361
1183,GOLD,2020-10-23,0 days 15:55:00.233400,109146,26.79,26.78,20200,7600,-2508,11373
1184,GOLD,2020-10-23,0 days 15:56:39.236979,111702,26.78,26.77,12601,26093,88,-1264
1185,GOLD,2020-10-23,0 days 15:58:04.242714,113802,26.78,26.77,7432,33801,4988,-2012
1186,GOLD,2020-10-23,0 days 15:58:07.241876,101491,26.78,26.77,10932,30892,-32608,4988
1187,GOLD,2020-10-23,0 days 15:59:19.245454,141572,26.81,26.8,17994,21406,4826,-2311
1188,GOLD,2020-10-23,0 days 15:59:46.246288,146823,26.82,26.81,15872,21002,2754,-1025
1189,GOLD,2020-10-23,0 days 15:59:47.246042,145977,26.82,26.81,14972,21302,-846,2754
1190,GPK,2020-10-23,0 days 15:55:45.228354,275140,13.96,13.95,8131,10600,-3252,1448
1191,GPK,2020-10-23,0 days 15:58:21.233028,315303,14.0,13.99,1280,20336,216,-8584
1192,GPK,2020-10-23,0 days 15:58:24.232929,307519,14.0,13.99,1996,20236,-7784,216
1193,GPK,2020-10-23,0 days 15:59:15.234097,324494,14.0,13.99,1429,21590,149780,-814
1194,GPS,2020-10-23,0 days 15:55:44.097720,229944,21.35,21.34,7507,3631,78,-151
1195,GPS,2020-10-23,0 days 15:55:45.097513,229022,21.35,21.34,10704,1195,-1022,78
1196,GPS,2020-10-23,0 days 15:56:04.097441,230644,21.35,21.34,10343,2930,6078,-1622
1197,GPS,2020-10-23,0 days 15:56:05.097430,229422,21.35,21.34,10243,2630,-2149,6078
1198,GPS,2020-10-23,0 days 15:56:14.097599,253031,21.34,21.33,9850,1300,2591,-2249
1199,GPS,2020-10-23,0 days 15:56:15.098315,251022,21.34,21.33,9850,1700,-1909,2591
1200,GPS,2020-10-23,0 days 15:57:34.098428,257372,21.36,21.35,2669,7982,5455,-1745
1201,GPS,2020-10-23,0 days 15:57:35.098226,258027,21.36,21.35,2269,8745,-1645,5455
1202,GPS,2020-10-23,0 days 15:57:38.098824,262172,21.36,21.35,2316,9042,1855,-2545
1203,GPS,2020-10-23,0 days 15:57:39.098809,260327,21.36,21.35,2316,9747,-2745,1855
1204,GPS,2020-10-23,0 days 15:58:30.101564,264610,21.36,21.35,1611,12501,336,-1864
1205,GPS,2020-10-23,0 days 15:58:31.101526,262746,21.36,21.35,944,14001,-1864,336
1206,GPS,2020-10-23,0 days 15:58:53.101851,265810,21.37,21.36,7401,4223,31,-4869
1207,GPS,2020-10-23,0 days 15:59:03.102835,266799,21.37,21.36,5696,3262,1285,-1858
1208,GPS,2020-10-23,0 days 15:59:06.103555,267073,21.37,21.36,5488,3814,-1147,274
1209,GPS,2020-10-23,0 days 15:59:08.103376,268570,21.37,21.36,5822,4131,270,-1147
1210,GPS,2020-10-23,0 days 15:59:20.102052,270672,21.37,21.36,2238,6871,7843,-532
1211,GPS,2020-10-23,0 days 15:59:40.104089,332750,21.41,21.4,4590,7399,-16160,26340
1212,GPS,2020-10-23,0 days 15:59:41.103961,331410,21.41,21.4,5690,3300,1340,-16160
1213,GPS,2020-10-23,0 days 15:59:49.105036,345436,21.41,21.4,3658,10305,-6732,2434
1214,GS,2020-10-23,0 days 15:59:30.237524,107145,205.03,204.96,100,571,-601,2502
1215,GS,2020-10-23,0 days 15:59:32.234732,104967,205.03,204.97,400,450,2839,-4722
1216,GS,2020-10-23,0 days 15:59:46.235179,109808,204.95,204.88,100,100,-1766,1538
1217,GS,2020-10-23,0 days 15:59:47.234802,108474,204.95,204.89,200,100,1688,-1766
1218,GSK,2020-10-23,0 days 15:58:54.243821,63953,35.3,35.29,5637,9242,-609,297
1219,GSK,2020-10-23,0 days 15:59:28.246172,78551,35.29,35.28,8244,7416,923,-1079
1220,GSK,2020-10-23,0 days 15:59:29.247203,77674,35.29,35.28,900,15270,-877,923
1221,GSK,2020-10-23,0 days 15:59:41.246725,79351,35.3,35.29,8806,12130,823,-3679
1222,GSK,2020-10-23,0 days 15:59:42.247811,78574,35.3,35.29,9806,9680,-777,823
1223,GSK,2020-10-23,0 days 15:59:43.247241,79351,35.3,35.29,9406,9480,1467,-777
1224,GSK,2020-10-23,0 days 15:59:44.246834,78718,35.3,35.29,9006,12580,-633,1467
1225,GSK,2020-10-23,0 days 15:59:47.246096,84051,35.3,35.29,5862,14615,823,-3180
1226,GSK,2020-10-23,0 days 15:59:50.251937,83545,35.3,35.29,100,17938,-506,581
1227,GSX,2020-10-23,0 days 15:55:19.093947,56268,66.95,66.86,200,200,-3476,24
1228,GSX,2020-10-23,0 days 15:55:44.094845,60191,66.75,66.56,453,100,-553,747
1229,GSX,2020-10-23,0 days 15:55:45.095019,60144,66.72,66.63,600,200,47,-553
1230,GSX,2020-10-23,0 days 15:55:46.095281,60191,66.72,66.63,600,200,-570,47
1231,GSX,2020-10-23,0 days 15:55:47.094937,60361,66.67,66.57,900,100,330,-570
1232,GSX,2020-10-23,0 days 15:55:48.095181,60191,66.66,66.57,500,246,-170,330
1233,GSX,2020-10-23,0 days 15:56:05.095403,61561,66.74,66.67,500,300,615,-170
1234,GSX,2020-10-23,0 days 15:57:38.098198,68689,66.97,66.83,200,300,200,-8000
1235,GSX,2020-10-23,0 days 15:57:41.098567,67789,66.99,66.9,200,200,-1300,200
1236,GSX,2020-10-23,0 days 15:57:42.098982,67489,66.99,66.9,200,200,300,-1300
1237,GSX,2020-10-23,0 days 15:57:43.099218,67789,67.0,66.94,200,200,-600,300
1238,GSX,2020-10-23,0 days 15:57:45.098471,67489,67.15,67.0,400,400,300,-600
1239,GSX,2020-10-23,0 days 15:58:01.100196,70589,67.26,67.13,100,100,-2200,1300
1240,GSX,2020-10-23,0 days 15:58:02.100491,69589,67.0,66.96,100,140,4500,-2200
1241,GSX,2020-10-23,0 days 15:58:35.101338,71396,67.34,67.16,1400,100,-3393,1217
1242,GSX,2020-10-23,0 days 15:58:36.100740,70189,67.34,67.17,1400,100,4717,-3393
