,Symbol,Timestamp,TIME,iPaired,Ask_P,Bid_P,Ask_S,Bid_S,iShares,PreviShares
0,AA,2020-11-30,0 days 15:55:00.350254,450182,19.91,19.9,4429,3322,2101,-2034
1,AA,2020-11-30,0 days 15:55:13.347638,452884,19.9,19.89,1770,4254,-4403,1602
2,AA,2020-11-30,0 days 15:55:14.347805,451787,19.9,19.89,2453,3824,1097,-4403
3,AA,2020-11-30,0 days 15:55:38.350040,455342,19.85,19.84,1796,1302,-834,255
4,AA,2020-11-30,0 days 15:55:39.350890,454276,19.85,19.84,2034,584,1066,-834
5,AA,2020-11-30,0 days 15:55:58.349245,457776,19.89,19.87,2200,5605,2476,-410
6,AA,2020-11-30,0 days 15:57:54.347818,467826,19.87,19.86,434,4972,-2395,1805
7,AA,2020-11-30,0 days 15:57:55.347879,461821,19.87,19.86,434,4772,6005,-2395
8,AA,2020-11-30,0 days 15:58:00.349848,467826,19.87,19.86,1570,4376,-2395,1805
9,AA,2020-11-30,0 days 15:58:04.352029,464221,19.88,19.87,1600,4548,1605,-195
10,AA,2020-11-30,0 days 15:59:10.351298,468317,19.87,19.86,1628,6000,12068,-5883
11,AA,2020-11-30,0 days 15:59:46.350941,508406,19.89,19.87,3436,6712,2957,-20535
12,AA,2020-11-30,0 days 15:59:47.351428,511363,19.89,19.88,600,4693,-143,2957
13,AA,2020-11-30,0 days 15:59:48.350904,511106,19.89,19.88,200,5393,257,-143
14,ABBV,2020-11-30,0 days 15:55:00.147099,7960757,104.92,104.9,1701,304,-134398,796027
15,ABBV,2020-11-30,0 days 15:55:16.145088,7945461,104.77,104.75,500,300,23736,-24981
16,ABBV,2020-11-30,0 days 15:58:48.151287,8333713,104.6,104.59,100,200,63002,-91012
17,ABBV,2020-11-30,0 days 15:59:00.160787,8396409,104.66,104.64,400,100,-1564,9948
18,ACB,2020-11-30,0 days 15:55:00.293844,251898,11.68,11.67,4900,193,-8009,107449
19,ACB,2020-11-30,0 days 15:55:01.294417,249807,11.68,11.67,4945,193,2091,-8009
20,ACB,2020-11-30,0 days 15:55:03.293206,251898,11.68,11.67,200,3406,-18259,2091
21,ACB,2020-11-30,0 days 15:55:04.292998,251757,11.7,11.69,2900,2900,141,-18259
22,ACB,2020-11-30,0 days 15:55:37.294399,251998,11.66,11.65,2700,4373,-629,241
23,ACB,2020-11-30,0 days 15:56:06.295499,252627,11.66,11.65,6171,544,7168,-629
24,ACB,2020-11-30,0 days 15:57:05.295336,256661,11.67,11.66,14858,120,-3711,23789
25,ACB,2020-11-30,0 days 15:58:08.296346,264272,11.65,11.64,3715,4300,8708,-3353
26,ACB,2020-11-30,0 days 15:59:50.308018,221775,11.62,11.61,2400,2800,52905,-4895
27,AEO,2020-11-30,0 days 15:55:25.361437,303656,17.98,17.97,4000,2671,1389,-311
28,AEO,2020-11-30,0 days 15:55:26.360725,301745,17.99,17.98,4718,3779,-1911,1389
29,AEO,2020-11-30,0 days 15:59:06.369162,323459,17.99,17.98,1400,6678,10889,-7545
30,AEO,2020-11-30,0 days 15:59:50.374911,301385,18.01,18.0,8233,1941,-31000,7700
31,AER,2020-11-30,0 days 15:57:59.258978,7885807,37.14,36.96,100,100,-466422,166860
32,AER,2020-11-30,0 days 15:58:01.261239,8178019,36.88,36.86,974,100,97828,-94526
33,AER,2020-11-30,0 days 15:58:02.259212,8128696,36.96,36.86,700,300,-193223,97828
34,AER,2020-11-30,0 days 15:58:03.259728,8204919,36.95,36.9,200,400,55230,-193223
35,AER,2020-11-30,0 days 15:58:05.260417,8128696,36.98,36.96,100,200,-157723,1430
36,AER,2020-11-30,0 days 15:58:29.262204,8198419,36.98,36.89,505,300,65093,-31143
37,AER,2020-11-30,0 days 15:58:33.261572,8271512,36.91,36.87,100,900,-8083,8393
38,AER,2020-11-30,0 days 15:58:57.260922,8574932,36.89,36.88,100,200,40478,-259522
39,AER,2020-11-30,0 days 15:58:58.260902,8603212,36.91,36.88,300,400,-38420,40478
40,AG,2020-11-30,0 days 15:55:00.242862,50399,10.36,10.35,9023,7088,-4198,23084
41,AG,2020-11-30,0 days 15:56:20.245383,54597,10.35,10.34,3200,22040,2441,-7659
42,AMCR,2020-11-30,0 days 15:57:20.294199,1765610,11.31,11.3,19883,11610,-12730,11770
43,AMCR,2020-11-30,0 days 15:57:21.294276,1751340,11.31,11.3,31523,1600,14270,-12730
44,AMCR,2020-11-30,0 days 15:57:28.296532,1765610,11.31,11.3,19489,13439,-2330,64370
45,AMCR,2020-11-30,0 days 15:57:29.294332,1763540,11.31,11.3,20569,11748,2070,-2330
46,AMCR,2020-11-30,0 days 15:59:46.302261,1916452,11.33,11.32,14091,12253,-16541,36100
47,AMCR,2020-11-30,0 days 15:59:50.307395,1838293,11.33,11.32,8498,24953,78159,-85841
48,AMWL,2020-11-30,0 days 15:59:17.247072,223812,26.54,26.45,500,497,-1256,7174
49,AMWL,2020-11-30,0 days 15:59:18.247254,220768,26.48,26.43,100,300,3074,-1256
50,AMWL,2020-11-30,0 days 15:59:45.251774,222939,26.54,26.48,400,100,460,-2159
51,AMWL,2020-11-30,0 days 15:59:46.248304,223761,26.54,26.46,500,100,-2772,460
52,AMWL,2020-11-30,0 days 15:59:47.248162,223152,26.54,26.46,500,400,247,-2772
53,AR,2020-11-30,0 days 15:55:00.242050,626656,3.94,3.93,7948,26583,2813,-185065
54,AR,2020-11-30,0 days 15:58:12.246377,641937,3.94,3.93,19674,46972,1737,-6830
55,AR,2020-11-30,0 days 15:59:50.253194,541488,3.93,3.92,34208,9086,-102049,32151
56,ASAN,2020-11-30,0 days 15:58:53.276987,23048,27.9,27.78,1600,490,-988,712
57,ASAN,2020-11-30,0 days 15:58:54.277072,21936,27.9,27.78,1600,430,1112,-988
58,ASAN,2020-11-30,0 days 15:59:01.280567,24448,27.94,27.83,1400,720,-52,12
59,ASAN,2020-11-30,0 days 15:59:05.281044,24500,27.94,27.83,1400,500,160,-52
60,ASAN,2020-11-30,0 days 15:59:13.281750,24660,27.87,27.86,465,120,-204,160
61,ASAN,2020-11-30,0 days 15:59:18.281086,23759,27.95,27.84,1500,300,901,-299
62,ASAN,2020-11-30,0 days 15:59:45.281381,20696,27.98,27.9,200,120,270,-3630
63,ASAN,2020-11-30,0 days 15:59:46.277061,20966,27.98,27.9,200,120,-1082,270
64,ASAN,2020-11-30,0 days 15:59:47.276169,20748,27.98,27.9,200,220,218,-1082
65,AU,2020-11-30,0 days 15:55:14.241509,284866,21.7,21.69,3000,1366,273,-427
66,AU,2020-11-30,0 days 15:56:39.245957,300558,21.75,21.74,900,2802,-508,9482
67,AU,2020-11-30,0 days 15:56:40.245202,301066,21.75,21.74,2100,3002,4382,-508
68,AU,2020-11-30,0 days 15:56:47.246009,302548,21.77,21.76,3031,300,-2203,2382
69,AU,2020-11-30,0 days 15:56:58.245926,304751,21.76,21.75,3380,2688,197,-203
70,AU,2020-11-30,0 days 15:57:01.246940,285748,21.76,21.75,2736,2188,-19003,1297
71,AUY,2020-11-30,0 days 15:59:37.264024,149799,5.22,5.21,219515,443292,26041,-2259
72,AUY,2020-11-30,0 days 15:59:38.264537,146940,5.22,5.21,195815,447692,-2259,26041
73,AUY,2020-11-30,0 days 15:59:46.264789,149799,5.22,5.21,197981,441392,7190,-2859
74,AUY,2020-11-30,0 days 15:59:47.264833,147489,5.22,5.21,195481,440892,-1710,7190
75,AXP,2020-11-30,0 days 15:55:56.125223,613948,118.67,118.64,200,100,7980,-13157
76,AXP,2020-11-30,0 days 15:57:39.125673,630772,118.71,118.69,301,100,29709,-11266
77,AXP,2020-11-30,0 days 15:59:13.131378,669657,118.49,118.45,200,161,-17946,16790
78,BABA,2020-11-30,0 days 15:59:47.139377,4040406,263.03,263.01,100,300,10900,-10395
79,BABA,2020-11-30,0 days 15:59:48.141404,4032189,263.16,263.05,100,1250,-8217,10900
80,BABA,2020-11-30,0 days 15:59:51.143279,4040406,263.08,263.04,900,575,10997,-17168
81,BAC,2020-11-30,0 days 15:57:50.353074,5461601,28.12,28.11,23625,91430,3367,-22623
82,BAC,2020-11-30,0 days 15:57:51.348469,5437268,28.12,28.11,40027,84630,-24333,3367
83,BAC,2020-11-30,0 days 15:57:59.347724,5461601,28.12,28.11,64031,64730,367,-24333
84,BAC,2020-11-30,0 days 15:58:01.348865,5426083,28.12,28.11,68536,66406,-35518,367
85,BB,2020-11-30,0 days 15:59:48.246895,133678,5.88,5.87,20247,83049,-1381,6319
86,BBD,2020-11-30,0 days 15:56:14.295038,789717,4.57,4.56,350312,387976,30285,-121115
87,BBD,2020-11-30,0 days 15:56:19.295773,670702,4.57,4.56,221009,469326,-119015,28385
88,BBD,2020-11-30,0 days 15:59:18.300738,798831,4.54,4.53,1022493,183500,35025,-65256
89,BBVA,2020-11-30,0 days 15:59:37.246579,79775,4.59,4.58,204943,255419,36468,-2232
90,BBVA,2020-11-30,0 days 15:59:38.246306,77543,4.59,4.58,202243,255419,-2232,36468
91,BBVA,2020-11-30,0 days 15:59:46.247966,79775,4.59,4.58,189626,281690,53,-2232
92,BBVA,2020-11-30,0 days 15:59:48.247057,77900,4.59,4.58,51823,322090,-1875,725
93,BBY,2020-11-30,0 days 15:55:00.277473,672247,108.74,108.71,2155,403,-2042,176899
94,BBY,2020-11-30,0 days 15:55:06.275120,675977,108.79,108.74,1201,800,2335,-295
95,BBY,2020-11-30,0 days 15:55:23.279088,678477,108.74,108.68,200,100,-1445,2437
96,BBY,2020-11-30,0 days 15:55:37.279253,681537,108.68,108.63,1382,500,-805,1395
97,BBY,2020-11-30,0 days 15:55:38.278262,681342,108.68,108.63,1427,500,195,-805
98,BBY,2020-11-30,0 days 15:55:46.279340,685937,108.81,108.8,100,413,-1288,363
99,BBY,2020-11-30,0 days 15:55:47.283042,685625,108.81,108.72,100,604,312,-1288
100,BBY,2020-11-30,0 days 15:56:26.278618,701681,108.67,108.63,1703,100,-1130,2070
101,BBY,2020-11-30,0 days 15:56:27.279210,699911,108.67,108.6,1603,205,1770,-1130
102,BBY,2020-11-30,0 days 15:56:30.279217,701681,108.67,108.61,1702,400,-1430,4870
103,BBY,2020-11-30,0 days 15:56:31.279772,698211,108.67,108.61,1702,248,4970,-1430
104,BBY,2020-11-30,0 days 15:56:41.279331,701691,108.66,108.64,200,100,-1120,2080
105,BBY,2020-11-30,0 days 15:56:42.279409,699911,108.66,108.63,1500,289,1780,-1120
106,BBY,2020-11-30,0 days 15:56:48.280189,701745,108.66,108.62,1200,200,-1579,1567
107,BBY,2020-11-30,0 days 15:56:49.280750,700024,108.65,108.62,203,200,1721,-1579
108,BBY,2020-11-30,0 days 15:57:15.275051,700465,108.65,108.61,1501,203,1602,-798
109,BBY,2020-11-30,0 days 15:57:27.274725,702167,108.67,108.64,284,100,-1198,2002
110,BBY,2020-11-30,0 days 15:57:28.280559,700465,108.67,108.64,1300,200,1702,-1198
111,BBY,2020-11-30,0 days 15:58:08.279060,778027,108.69,108.65,311,1089,-13300,10927
112,BBY,2020-11-30,0 days 15:58:09.276003,772627,108.69,108.64,304,800,5300,-13300
113,BBY,2020-11-30,0 days 15:58:18.277500,772627,108.69,108.64,1403,100,5300,-2800
114,BBY,2020-11-30,0 days 15:59:04.280256,774733,108.7,108.66,1191,379,-1834,1579
115,BBY,2020-11-30,0 days 15:59:07.278925,791738,108.66,108.62,100,100,-10229,2323
116,BBY,2020-11-30,0 days 15:59:11.280474,766319,108.75,108.69,833,500,936,-12264
117,BBY,2020-11-30,0 days 15:59:13.281701,763685,108.75,108.7,834,200,-11920,936
118,BBY,2020-11-30,0 days 15:59:44.275819,797529,108.82,108.78,200,500,2563,-8048
119,BBY,2020-11-30,0 days 15:59:45.281381,797392,108.84,108.79,700,700,-137,2563
120,BEN,2020-11-30,0 days 15:55:47.360547,2069203,21.96,21.95,2901,2995,-50486,27014
121,BEN,2020-11-30,0 days 15:57:07.363244,2145964,21.94,21.93,2101,4087,33595,-50905
122,BEN,2020-11-30,0 days 15:57:34.363223,2180551,21.93,21.91,3812,3296,-9416,9402
123,BK,2020-11-30,0 days 15:55:00.145962,1298738,39.05,39.04,3589,157,-50462,203765
124,BK,2020-11-30,0 days 15:57:39.147819,1373988,38.99,38.98,1000,3535,151047,-16144
125,BK,2020-11-30,0 days 15:59:46.140133,1657491,39.17,39.16,1100,1016,-33134,13441
126,BK,2020-11-30,0 days 15:59:50.144479,1654777,39.17,39.16,713,600,5766,-18134
127,BK,2020-11-30,0 days 15:59:51.143873,1660543,39.18,39.17,1213,300,-84006,5766
128,BKR,2020-11-30,0 days 16:00:00.199563,3832420,18.72,18.68,600,1600,35355,-160393
129,BMY,2020-11-30,0 days 15:57:34.363223,3095975,62.31,62.3,2972,1607,19843,-9557
130,BMY,2020-11-30,0 days 15:58:39.365969,3136621,62.3,62.29,2047,2342,-27542,24458
131,BMY,2020-11-30,0 days 15:58:40.365374,3164848,62.3,62.29,1604,2620,16813,-27542
132,BMY,2020-11-30,0 days 15:58:41.366819,3154961,62.33,62.32,2261,692,-9887,16813
133,BMY,2020-11-30,0 days 15:58:51.365820,3172071,62.33,62.32,1108,2949,13395,-29145
134,BMY^,2020-11-30,0 days 15:55:00.256208,65,1.16,1.15,3709,88432,17658,-42
135,BP,2020-11-30,0 days 15:55:00.256132,271381,19.62,19.61,50404,2101,-9032,6897
136,BP,2020-11-30,0 days 15:59:13.263996,287960,19.6,19.59,92566,4061,1122,-3531
137,BP,2020-11-30,0 days 15:59:14.264200,289082,19.6,19.59,92757,4061,-1578,1122
138,BSX,2020-11-30,0 days 15:55:00.248399,1825596,33.09,33.08,7523,3025,-7286,349218
139,BSX,2020-11-30,0 days 15:55:01.249185,1821982,33.08,33.07,4800,5548,6114,-7286
140,BSX,2020-11-30,0 days 15:57:26.250406,1875083,33.15,33.14,1821,14001,-9438,14170
141,BSX,2020-11-30,0 days 15:57:27.250245,1872721,33.15,33.14,3613,13111,2362,-9438
142,BSX,2020-11-30,0 days 15:57:34.250487,1875083,33.15,33.14,2461,12694,-10738,1870
143,BSX,2020-11-30,0 days 15:59:05.256389,1896157,33.14,33.13,7508,1690,-92820,470
144,BSX,2020-11-30,0 days 15:59:28.244302,1982614,33.15,33.14,7136,3615,1051,-1934
145,BSX,2020-11-30,0 days 15:59:51.245376,2029548,33.17,33.16,6100,7900,40870,-13204
146,CARR,2020-11-30,0 days 15:59:47.248162,11373371,38.23,38.21,700,2523,-535401,73584
147,CARR,2020-11-30,0 days 15:59:49.246601,11615012,38.08,38.05,500,1901,387,-75094
148,CCL,2020-11-30,0 days 16:00:00.340549,6125910,19.98,19.96,400,996,244005,-104115
149,CDE,2020-11-30,0 days 15:57:50.245437,1126580,7.13,7.12,12335,15991,-16536,417
150,CDE,2020-11-30,0 days 15:59:35.249582,1147719,7.13,7.12,9923,28405,459,-19566
151,CHWY,2020-11-30,0 days 15:57:02.354359,2288464,77.75,77.73,200,583,-101561,38939
152,CHWY,2020-11-30,0 days 15:57:03.353290,2279143,77.63,77.52,400,100,16755,-101561
153,CHWY,2020-11-30,0 days 15:57:18.346999,2295898,77.5,77.42,200,500,-2399,101
154,CHWY,2020-11-30,0 days 15:57:35.348265,2298397,77.59,77.55,300,302,701,-15747
155,CHWY,2020-11-30,0 days 15:57:37.348533,2302398,77.59,77.55,475,507,-17799,4001
156,CHWY,2020-11-30,0 days 15:57:59.347736,2365527,77.52,77.43,535,200,99822,-11888
157,CHWY,2020-11-30,0 days 15:58:44.349187,2434805,77.64,77.6,1200,196,30607,-32912
158,CHWY,2020-11-30,0 days 15:58:57.349279,2470336,77.47,77.43,500,100,-104529,15971
159,CHWY,2020-11-30,0 days 15:59:00.353215,2384085,77.3,77.28,300,900,86251,-35880
160,CHWY,2020-11-30,0 days 15:59:01.350886,2470336,77.38,77.31,200,100,-80392,86251
161,CHWY,2020-11-30,0 days 15:59:17.351280,2634346,77.6,77.56,200,187,-11819,34005
162,CHWY,2020-11-30,0 days 15:59:19.350481,2604759,77.58,77.53,100,200,29587,-73319
163,CHWY,2020-11-30,0 days 15:59:20.349813,2634346,77.58,77.53,200,200,-6619,29587
164,CHWY,2020-11-30,0 days 15:59:33.354644,2635889,77.58,77.47,796,300,7358,-18590
165,CHWY,2020-11-30,0 days 15:59:34.350947,2643247,77.58,77.53,515,100,-10490,7358
166,CHWY,2020-11-30,0 days 15:59:39.350036,2609783,77.6,77.47,100,300,33464,-66642
167,CHWY,2020-11-30,0 days 15:59:40.350924,2643247,77.6,77.47,100,300,-602,33464
168,CHWY,2020-11-30,0 days 15:59:43.350889,2596042,77.59,77.49,500,300,48511,-79215
169,CHWY,2020-11-30,0 days 15:59:44.350450,2643480,77.58,77.49,300,300,-11562,48511
170,CL,2020-11-30,0 days 15:59:47.246764,1112251,85.63,85.59,2100,200,-18542,66291
171,CL,2020-11-30,0 days 15:59:48.246892,1101893,85.63,85.57,2100,200,10358,-18542
172,CLDR,2020-11-30,0 days 15:57:39.247075,172838,11.62,11.61,4121,4200,-254,846
173,CLDR,2020-11-30,0 days 15:58:37.247013,175916,11.62,11.61,4795,3033,-2139,2061
174,CLF,2020-11-30,0 days 15:55:04.255902,353932,11.05,11.04,15715,20100,-5953,17547
175,CLF,2020-11-30,0 days 15:58:07.260083,394708,11.01,11.0,13124,13041,-69,14431
176,CLF,2020-11-30,0 days 15:59:40.264708,371145,11.0,10.99,28032,12020,24263,-10537
177,CLF,2020-11-30,0 days 15:59:41.264651,395408,11.0,10.99,27832,12020,-10557,24263
178,CNC,2020-11-30,0 days 15:55:35.281216,842685,61.66,61.65,200,236,-12054,2756
179,CNC,2020-11-30,0 days 15:55:36.279422,841339,61.66,61.65,300,236,546,-12054
180,CNC,2020-11-30,0 days 15:55:58.282281,847148,61.72,61.69,307,220,-130,1730
181,CNC,2020-11-30,0 days 15:55:59.282424,845578,61.7,61.69,100,100,870,-130
182,CNC,2020-11-30,0 days 15:56:03.281052,847161,61.7,61.69,104,322,-1325,883
183,CNC,2020-11-30,0 days 15:59:02.282216,905241,61.75,61.73,100,200,1251,-10304
184,CNK,2020-11-30,0 days 15:55:00.147611,246216,15.43,15.42,892,3005,-1432,44225
185,CNK,2020-11-30,0 days 15:55:01.148649,242948,15.43,15.42,2606,705,3268,-1432
186,CNK,2020-11-30,0 days 15:55:46.148108,251845,15.4,15.39,1761,2805,-4,2696
187,CNK,2020-11-30,0 days 15:56:03.149994,249196,15.41,15.4,145,3695,1949,-951
188,CNK,2020-11-30,0 days 15:56:07.150399,251147,15.41,15.4,261,4789,-157,1949
189,CNK,2020-11-30,0 days 15:56:12.150005,249484,15.42,15.41,1045,3316,1663,-157
190,CNK,2020-11-30,0 days 15:56:55.151837,251147,15.42,15.41,1889,2373,-241,1059
191,CNK,2020-11-30,0 days 15:56:56.150491,249688,15.42,15.41,2989,1473,1459,-241
192,CNK,2020-11-30,0 days 15:57:04.152419,251147,15.41,15.4,2320,1431,-9007,1293
193,CNK,2020-11-30,0 days 15:57:05.151064,250654,15.41,15.4,2190,1731,493,-9007
194,CNK,2020-11-30,0 days 15:57:19.149447,252047,15.41,15.4,1294,3386,-507,693
195,CNK,2020-11-30,0 days 15:57:20.149516,251354,15.41,15.4,2794,2133,1180,-507
196,CNK,2020-11-30,0 days 15:57:41.147683,252047,15.41,15.4,1136,3375,-1407,580
197,CNK,2020-11-30,0 days 15:57:42.147514,251454,15.41,15.4,2260,3575,593,-1407
198,CNK,2020-11-30,0 days 15:57:49.147999,252053,15.41,15.4,2502,3455,-1901,593
199,CNK,2020-11-30,0 days 15:57:50.147242,248654,15.41,15.4,850,4655,3399,-1901
200,CNK,2020-11-30,0 days 15:57:54.147087,252047,15.41,15.4,1097,3970,-4107,3393
201,CNK,2020-11-30,0 days 15:58:29.150148,251038,15.39,15.38,3607,2125,-1131,1315
202,CNK,2020-11-30,0 days 15:59:00.160931,252869,15.39,15.38,685,4100,240,-1831
203,CNK,2020-11-30,0 days 15:59:02.155331,251767,15.39,15.38,800,2537,-1102,240
204,CNK,2020-11-30,0 days 15:59:06.157698,253377,15.39,15.38,2547,600,12497,-1610
205,CNK,2020-11-30,0 days 15:59:17.153311,333550,15.42,15.41,100,2506,-7669,12542
206,CNK,2020-11-30,0 days 15:59:18.140920,329119,15.42,15.41,647,2506,4431,-7669
207,CNK,2020-11-30,0 days 15:59:23.140032,333550,15.42,15.41,1800,400,-7392,631
208,CNK,2020-11-30,0 days 15:59:24.141283,329842,15.42,15.41,2449,100,3708,-7392
209,COG,2020-11-30,0 days 15:57:41.126449,1173732,17.58,17.57,3002,2201,-17605,14288
210,COG,2020-11-30,0 days 15:58:11.127530,1191905,17.55,17.54,4586,4054,20910,-4997
211,COG,2020-11-30,0 days 15:58:12.127590,1212815,17.54,17.53,1956,2810,-12290,20910
212,COG,2020-11-30,0 days 15:58:14.127719,1200305,17.54,17.53,2121,4810,12510,-12190
213,COG,2020-11-30,0 days 15:58:19.127673,1212815,17.54,17.53,1306,6210,-15090,11210
214,COG,2020-11-30,0 days 15:59:00.136924,1201735,17.57,17.56,4801,1295,16985,-24118
215,COG,2020-11-30,0 days 15:59:11.130413,1233093,17.59,17.58,3500,2186,5328,-14672
216,COG,2020-11-30,0 days 15:59:12.130074,1239421,17.59,17.58,3600,1586,-17323,5328
217,COP,2020-11-30,0 days 15:55:00.147457,3313643,39.74,39.73,4301,2113,-77469,843240
218,COP,2020-11-30,0 days 15:55:23.145305,3390339,39.62,39.61,200,2602,18676,-15569
219,COP,2020-11-30,0 days 15:59:09.154002,4122308,39.77,39.76,4300,1108,-117300,502102
220,CPRI,2020-11-30,0 days 15:58:08.259237,306732,35.32,35.3,759,600,24850,-33627
221,CPRI,2020-11-30,0 days 15:59:47.263671,350719,35.4,35.38,300,922,3115,-543
222,CRM,2020-11-30,0 days 16:00:00.304412,1900192,246.42,245.6,100,100,-100402,31281
223,CVE,2020-11-30,0 days 15:59:40.247301,34752,4.97,4.96,247351,159053,-5402,98
224,CVS,2020-11-30,0 days 15:55:25.278636,1426575,67.85,67.84,1700,100,-131342,18658
225,CVS,2020-11-30,0 days 15:56:03.281052,1541670,67.81,67.78,1501,300,12615,-657
226,CVS,2020-11-30,0 days 15:57:07.278012,1451165,67.77,67.75,415,1200,-144772,5228
227,CVS,2020-11-30,0 days 15:57:14.274137,1556649,67.76,67.74,700,900,133614,-16386
228,CVS,2020-11-30,0 days 15:57:15.275068,1453563,67.76,67.75,100,300,-145486,133614
229,CVS,2020-11-30,0 days 15:57:35.276902,1556649,67.75,67.74,1700,468,4214,-7786
230,CVS,2020-11-30,0 days 15:57:50.275797,1613711,67.72,67.7,200,1466,-8993,19007
231,CVS,2020-11-30,0 days 15:57:51.276031,1607404,67.72,67.7,925,1415,6307,-8993
232,CVS,2020-11-30,0 days 15:58:02.276168,1597052,67.78,67.75,300,900,-11990,4916
233,CVS,2020-11-30,0 days 15:59:04.280256,1565480,67.8,67.78,1000,869,13555,-19614
234,CVS,2020-11-30,0 days 15:59:05.281044,1557135,67.8,67.78,1000,1020,-9045,13555
235,CVS,2020-11-30,0 days 15:59:14.280358,1559765,67.78,67.76,800,1086,-8516,18085
236,CVS,2020-11-30,0 days 15:59:16.277182,1561481,67.76,67.75,1900,200,1023,-5777
237,CVS,2020-11-30,0 days 15:59:18.281104,1562504,67.8,67.78,100,1300,-13644,1023
238,CVX,2020-11-30,0 days 15:55:00.252497,1777584,87.27,87.25,1700,304,-396933,38908
239,CVX,2020-11-30,0 days 15:57:40.253213,2230591,87.21,87.19,800,1701,42169,-3262
240,CVX,2020-11-30,0 days 15:59:13.256996,2346990,87.18,87.16,100,100,-3359,67019
241,D,2020-11-30,0 days 15:57:42.258377,2059817,78.44,78.43,126,334,11896,-804
242,D,2020-11-30,0 days 15:57:48.259027,2059817,78.5,78.47,350,453,762,-32138
243,D,2020-11-30,0 days 15:57:49.261188,2026279,78.52,78.49,283,465,-33538,762
244,D,2020-11-30,0 days 15:57:53.259241,2059817,78.49,78.47,300,125,11262,-21638
245,D,2020-11-30,0 days 15:57:57.259006,2038379,78.5,78.49,100,400,-21438,11662
246,D,2020-11-30,0 days 15:57:58.259384,2059817,78.48,78.46,200,200,11462,-21438
247,D,2020-11-30,0 days 15:58:08.259969,2065835,78.49,78.47,319,300,-625,13775
248,D,2020-11-30,0 days 15:58:45.261299,2031335,78.43,78.41,908,300,-35707,13959
249,DAL,2020-11-30,0 days 15:55:00.279520,789443,40.32,40.31,1900,1000,-8547,12992
250,DAL,2020-11-30,0 days 15:58:09.276115,825220,40.19,40.18,4216,1494,3030,-23031
251,DB,2020-11-30,0 days 15:55:55.279790,58694,11.15,11.14,37203,70659,-2133,267
252,DDD,2020-11-30,0 days 15:55:00.241746,237739,9.16,9.15,7665,3123,-1952,63092
253,DDD,2020-11-30,0 days 15:57:30.245607,263069,9.12,9.11,5915,6165,10775,-10625
254,DDD,2020-11-30,0 days 15:58:25.245916,265769,9.13,9.12,11925,1496,362,-11138
255,DDD,2020-11-30,0 days 15:58:26.245788,254531,9.16,9.15,500,10474,-16338,362
256,DDD,2020-11-30,0 days 15:59:07.249007,267436,9.15,9.14,3502,3100,-893,1267
257,DDD,2020-11-30,0 days 15:59:35.248430,272769,9.14,9.13,5193,3647,9080,-903
258,DDD,2020-11-30,0 days 15:59:46.246954,281549,9.14,9.13,3758,4375,-2066,3820
259,DDD,2020-11-30,0 days 15:59:50.252944,239615,9.15,9.13,5215,8147,41934,-13566
260,DIS,2020-11-30,0 days 15:55:00.279605,2350471,147.61,147.59,100,100,18103,-278463
261,DIS,2020-11-30,0 days 15:55:04.275567,2357274,147.67,147.63,800,100,-239,3161
262,DIS,2020-11-30,0 days 15:55:05.276038,2357513,147.67,147.64,200,100,261,-239
263,DIS,2020-11-30,0 days 15:55:22.278506,2354772,147.65,147.63,229,400,-2744,390
264,DIS,2020-11-30,0 days 15:55:36.279468,2371357,147.61,147.58,400,685,1046,-11959
265,DIS,2020-11-30,0 days 15:55:38.278393,2369803,147.67,147.63,303,902,-2374,1046
266,DIS,2020-11-30,0 days 15:55:42.279360,2374368,147.66,147.63,1153,116,15057,-1752
267,DIS,2020-11-30,0 days 15:57:34.276547,2412069,147.66,147.63,510,365,-4779,17221
268,DIS,2020-11-30,0 days 15:57:39.278989,2425639,147.59,147.56,100,100,101559,-8465
269,DOW,2020-11-30,0 days 15:55:00.255792,1472508,53.14,53.13,2147,551,12678,-144739
270,DOW,2020-11-30,0 days 15:55:01.257716,1471332,53.16,53.15,505,700,-1176,12678
271,DOW,2020-11-30,0 days 15:55:27.256744,1472508,53.16,53.15,800,2204,95657,-90722
272,DOW,2020-11-30,0 days 15:55:30.256936,1504269,53.14,53.13,200,100,-304518,11312
273,DOW,2020-11-30,0 days 15:56:25.257461,1527565,53.05,53.04,300,200,-282725,176754
274,DOW,2020-11-30,0 days 15:57:04.259273,1571659,53.03,53.02,700,700,-238752,78927
275,DOW,2020-11-30,0 days 15:57:19.258440,1478212,52.99,52.98,200,600,136005,-219774
276,DOW,2020-11-30,0 days 15:57:20.258702,1577117,53.01,53.0,300,1005,-237774,136005
277,DOW,2020-11-30,0 days 15:57:25.258357,1478212,52.99,52.98,203,200,113705,-237774
278,DOW,2020-11-30,0 days 15:57:26.259354,1568717,53.05,53.04,200,407,-246574,113705
279,DOW,2020-11-30,0 days 15:57:35.259938,1478212,52.99,52.97,179,700,247605,-142174
280,DOW,2020-11-30,0 days 15:57:36.258870,1592517,53.01,53.0,1700,965,-222374,247605
281,DOW,2020-11-30,0 days 15:59:32.263162,1548567,53.01,52.99,100,933,142073,-210406
282,DQ,2020-11-30,0 days 15:55:40.247822,71994,42.9,42.8,100,200,-192,1346
283,DQ,2020-11-30,0 days 15:55:41.248343,70786,42.9,42.8,100,200,1208,-192
284,DQ,2020-11-30,0 days 15:57:15.250730,75100,42.83,42.72,200,800,-67,744
285,DQ,2020-11-30,0 days 15:57:16.250726,73567,42.83,42.72,200,900,1333,-67
286,DQ,2020-11-30,0 days 15:58:02.251700,77871,42.92,42.84,100,100,-96,2233
287,DQ,2020-11-30,0 days 15:58:05.252220,77005,42.91,42.84,400,1600,866,-96
288,DQ,2020-11-30,0 days 15:58:08.252477,76646,42.92,42.87,100,1000,1025,-1275
289,DQ,2020-11-30,0 days 15:58:14.253081,77225,43.03,42.95,100,400,-121,725
290,DQ,2020-11-30,0 days 15:59:08.257493,83041,42.73,42.61,100,300,-2760,1382
291,DQ,2020-11-30,0 days 15:59:09.257206,82323,42.74,42.68,100,100,4710,-2760
292,DQ,2020-11-30,0 days 15:59:30.250910,84504,42.94,42.83,300,100,-1037,792
293,DQ,2020-11-30,0 days 15:59:31.247198,83041,42.94,42.84,100,700,1263,-1037
294,DQ,2020-11-30,0 days 15:59:35.246312,83804,42.94,42.86,500,300,-796,942
295,DQ,2020-11-30,0 days 15:59:36.245993,81662,42.91,42.85,300,400,2342,-796
296,DQ,2020-11-30,0 days 15:59:38.246306,83604,43.0,42.9,100,100,-1296,642
297,DQ,2020-11-30,0 days 15:59:39.246017,83000,42.99,42.94,416,100,504,-1296
298,DQ,2020-11-30,0 days 15:59:47.247913,81400,43.05,43.0,395,200,315,-3585
299,DVN,2020-11-30,0 days 15:57:41.259453,1191110,14.02,14.01,13875,17793,2255,-9345
300,DVN,2020-11-30,0 days 15:57:46.259390,1191110,14.03,14.02,7824,17528,5755,-5745
301,DVN,2020-11-30,0 days 15:57:51.259889,1189165,14.03,14.02,8363,17468,-1945,8455
302,DVN,2020-11-30,0 days 15:57:52.259445,1191110,14.03,14.02,7263,18272,28255,-1945
303,DVN,2020-11-30,0 days 15:57:53.259420,1184165,14.03,14.02,8171,18263,-6945,28255
304,DVN,2020-11-30,0 days 15:57:54.258996,1197010,14.03,14.02,6771,18563,23455,-6945
305,DVN,2020-11-30,0 days 15:57:55.259358,1188865,14.04,14.03,16825,7955,-2245,23455
306,DVN,2020-11-30,0 days 15:57:57.259157,1191110,14.03,14.02,9075,19228,31255,-1245
307,DVN,2020-11-30,0 days 15:57:58.259506,1180283,14.03,14.02,9575,18828,-10827,31255
308,DVN,2020-11-30,0 days 15:59:01.264477,1199511,14.03,14.02,21339,16415,-3011,12091
309,DVN,2020-11-30,0 days 15:59:04.262635,1202522,14.03,14.02,5000,18487,49824,-3011
310,DVN,2020-11-30,0 days 15:59:50.271863,1178094,14.01,14.0,23765,12614,-62880,29420
311,ENB,2020-11-30,0 days 15:55:44.148348,213068,31.28,31.27,5016,20149,3346,-3129
312,ENB,2020-11-30,0 days 15:55:46.148097,207241,31.28,31.27,839,23426,-5827,17473
313,ENB,2020-11-30,0 days 15:56:38.150165,214931,31.3,31.29,11362,7856,36610,-4690
314,ENB,2020-11-30,0 days 15:56:39.151364,214141,31.3,31.29,9191,12027,-790,36610
315,ENB,2020-11-30,0 days 15:56:54.151406,214931,31.3,31.29,11598,10110,1110,-7090
316,ENB,2020-11-30,0 days 15:56:55.151837,207841,31.3,31.29,11398,10610,-7390,1110
317,ENB,2020-11-30,0 days 15:57:37.147959,214931,31.28,31.27,9694,5315,590,-6610
318,ENB,2020-11-30,0 days 15:57:38.149161,208321,31.28,31.27,8254,7415,-6610,590
319,ENB,2020-11-30,0 days 15:59:01.156637,219031,31.22,31.21,15300,6801,2838,-3604
320,ENB,2020-11-30,0 days 15:59:45.143147,241295,31.22,31.21,14925,18098,-1019,3084
321,ENB,2020-11-30,0 days 15:59:46.140442,240414,31.22,31.2,29086,15915,12575,-1019
322,EOG,2020-11-30,0 days 15:57:41.147565,2180909,47.07,47.06,200,286,10602,-12376
323,EOG,2020-11-30,0 days 15:57:46.147175,2175974,47.16,47.13,405,2264,-4761,439
324,EOG,2020-11-30,0 days 15:57:47.148260,2180735,47.14,47.13,846,1200,2239,-4761
325,EPD,2020-11-30,0 days 15:55:56.350293,234751,19.43,19.42,14340,2209,7027,-14573
326,EPD,2020-11-30,0 days 15:55:57.348722,232278,19.43,19.42,13802,2581,-873,7027
327,EPD,2020-11-30,0 days 15:59:17.351033,251994,19.42,19.41,10631,3236,2770,-11768
328,EPD,2020-11-30,0 days 15:59:18.355023,249364,19.42,19.41,10131,3336,-2630,2770
329,EPD,2020-11-30,0 days 15:59:47.351102,250664,19.41,19.4,5200,11526,-1330,7570
330,EQNR,2020-11-30,0 days 15:56:39.296464,125989,15.38,15.37,22210,18806,155,-8045
331,EQNR,2020-11-30,0 days 15:57:10.293945,117864,15.37,15.36,24250,16839,-8125,675
332,EQNR,2020-11-30,0 days 15:59:47.303905,212961,15.35,15.34,64058,4042,-31168,30842
333,ET,2020-11-30,0 days 15:59:16.350794,2420425,6.19,6.18,61926,30394,-586275,210782
334,ET,2020-11-30,0 days 15:59:45.352541,2428706,6.19,6.18,52900,34490,23045,-6955
335,ET,2020-11-30,0 days 15:59:46.350223,2451751,6.19,6.18,1932,74346,-126481,23045
336,EURN,2020-11-30,0 days 15:55:02.293777,19145,7.91,7.9,12144,10316,5670,-7830
337,EURN,2020-11-30,0 days 15:55:03.293244,18415,7.91,7.9,12144,10116,-730,5670
338,EURN,2020-11-30,0 days 15:55:07.292763,19645,7.91,7.9,13275,9716,5570,-7830
339,EURN,2020-11-30,0 days 15:55:08.292216,18815,7.91,7.9,13275,9716,-830,5570
340,EURN,2020-11-30,0 days 15:57:15.294004,24145,7.91,7.9,9420,10025,4808,-7992
341,EURN,2020-11-30,0 days 15:57:16.294343,22953,7.91,7.9,9420,10025,-1192,4808
342,EURN,2020-11-30,0 days 15:57:56.294194,24145,7.91,7.9,10674,8303,408,-1192
343,EURN,2020-11-30,0 days 15:57:57.294269,22953,7.91,7.9,10674,8303,-1192,408
344,F,2020-11-30,0 days 15:59:17.122227,4961404,9.06,9.05,286967,324019,556417,-539467
345,FCX,2020-11-30,0 days 15:57:41.246087,3390892,23.41,23.4,15193,7351,-16052,10635
346,FCX,2020-11-30,0 days 15:59:34.249170,3597216,23.37,23.36,6805,6600,100558,-12649
347,FE,2020-11-30,0 days 15:59:13.263996,1497125,26.63,26.62,7344,2300,-119887,192942
348,FE,2020-11-30,0 days 15:59:16.263456,1495918,26.55,26.54,1756,2154,46202,-52449
349,FE,2020-11-30,0 days 15:59:19.262590,1538422,26.59,26.58,1790,1899,-29638,48804
350,FHN,2020-11-30,0 days 15:55:00.242405,601124,12.23,12.22,13449,6718,4946,-278943
351,FHN,2020-11-30,0 days 15:55:01.243473,600170,12.23,12.22,12691,5418,-944,4946
352,FHN,2020-11-30,0 days 15:56:39.245840,616911,12.21,12.2,11418,21840,108,-13892
353,FHN,2020-11-30,0 days 15:56:43.245617,617019,12.21,12.2,6242,24230,-524,108
354,FHN,2020-11-30,0 days 15:59:07.249822,650582,12.22,12.21,12226,29407,12003,-17492
355,FHN,2020-11-30,0 days 15:59:32.248315,657722,12.22,12.21,12651,27457,-3272,6410
356,FHN,2020-11-30,0 days 15:59:40.249801,660994,12.22,12.21,24644,7328,1208,-772
357,FHN,2020-11-30,0 days 15:59:50.253428,596114,12.23,12.22,15436,40270,-71480,11820
358,FHN,2020-11-30,0 days 15:59:51.248412,667594,12.23,12.22,35727,858,13660,-71480
359,FINV,2020-11-30,0 days 15:57:16.276034,52900,2.18,2.17,4646,2900,693,-607
360,FINV,2020-11-30,0 days 15:59:09.280724,48981,2.2,2.19,2773,10196,-4419,4793
361,FINV,2020-11-30,0 days 15:59:46.277309,54860,2.19,2.18,7511,2985,449,-479
362,FIT,2020-11-30,0 days 15:59:09.132112,232957,7.19,7.18,141391,45040,-14773,5638
363,FRO,2020-11-30,0 days 15:58:09.149736,94476,6.26,6.25,6391,5859,2844,-3155
364,FSLY,2020-11-30,0 days 15:55:50.360349,306656,84.72,84.57,300,100,-864,436
365,FSLY,2020-11-30,0 days 15:56:00.361338,308720,84.85,84.63,200,302,211,-864
366,FSLY,2020-11-30,0 days 15:56:01.360991,308931,84.85,84.64,200,100,-189,211
367,FSLY,2020-11-30,0 days 15:56:02.361764,308820,84.85,84.64,200,446,1002,-189
368,FSLY,2020-11-30,0 days 15:56:19.361142,309822,84.83,84.66,126,671,-175,265
369,FSLY,2020-11-30,0 days 15:56:20.361344,309697,84.83,84.68,226,300,125,-175
370,FSLY,2020-11-30,0 days 15:57:17.362208,308776,84.75,84.53,100,1000,-4021,79
371,FSLY,2020-11-30,0 days 15:57:34.363160,312697,84.8,84.65,200,300,1679,-4021
372,FSLY,2020-11-30,0 days 15:57:35.363590,312476,84.8,84.65,200,300,-221,1679
373,FSLY,2020-11-30,0 days 15:57:38.363137,312697,84.8,84.65,200,100,3479,-221
374,FSLY,2020-11-30,0 days 15:57:39.363345,316976,84.77,84.69,100,200,-3521,3479
375,FSLY,2020-11-30,0 days 15:57:43.364184,318897,84.8,84.74,100,300,3279,-2421
376,FSLY,2020-11-30,0 days 15:57:44.363631,318776,84.83,84.74,100,600,-121,3279
377,FSLY,2020-11-30,0 days 15:57:46.363063,318897,84.83,84.77,100,200,1879,-121
378,FSLY,2020-11-30,0 days 15:57:49.364146,321976,84.88,84.8,200,463,-421,1379
379,FSLY,2020-11-30,0 days 15:57:50.366555,321597,84.88,84.8,200,763,379,-421
380,FSLY,2020-11-30,0 days 15:57:51.363649,322976,84.89,84.81,100,200,-1421,379
381,FSLY,2020-11-30,0 days 15:57:55.363670,322597,84.89,84.83,200,200,379,-921
382,FSLY,2020-11-30,0 days 15:57:58.363862,317876,84.95,84.87,650,200,-4721,379
383,FSLY,2020-11-30,0 days 15:57:59.364448,318897,84.89,84.83,100,600,4979,-4721
384,FSLY,2020-11-30,0 days 15:58:02.364343,317873,84.95,84.89,650,104,-2733,5567
385,FSLY,2020-11-30,0 days 15:58:13.364729,314893,84.9,84.8,415,600,3780,-720
386,FSLY,2020-11-30,0 days 15:58:15.364980,317873,84.9,84.8,415,600,-2120,2980
387,FSLY,2020-11-30,0 days 15:58:16.364748,317593,84.94,84.8,200,600,280,-2120
388,FSLY,2020-11-30,0 days 15:59:05.368416,331775,84.83,84.73,100,300,-1014,7387
389,FSR,2020-11-30,0 days 15:50:32.346079,15169,19.41,19.38,3800,3200,-6123,11503
390,FSR,2020-11-30,0 days 15:50:34.346010,3666,19.41,19.38,3800,2501,11503,-6123
391,FSR,2020-11-30,0 days 15:54:39.354103,15169,19.4,19.38,600,3010,-6123,11503
392,FTCH,2020-11-30,0 days 15:56:01.349554,256134,54.71,54.69,615,805,4510,-35610
393,FTCH,2020-11-30,0 days 15:57:18.346881,265854,54.69,54.68,1298,200,-1051,4249
394,FTCH,2020-11-30,0 days 15:57:23.347132,264405,54.62,54.6,300,110,6236,-1051
395,FTCH,2020-11-30,0 days 15:57:26.347272,270241,54.58,54.56,600,422,-1506,4436
396,FTCH,2020-11-30,0 days 15:57:28.348214,270047,54.53,54.47,600,610,194,-306
397,FTCH,2020-11-30,0 days 15:58:10.348354,271441,54.58,54.56,1100,300,-1128,2572
398,FTCH,2020-11-30,0 days 15:58:11.348859,272569,54.57,54.56,608,700,5364,-1128
399,FTCH,2020-11-30,0 days 15:59:02.352228,273732,54.66,54.64,100,100,-3957,5144
400,FTCH,2020-11-30,0 days 15:59:45.352955,302735,54.85,54.83,100,128,2753,-12804
401,FTCH,2020-11-30,0 days 15:59:46.350727,274167,54.85,54.82,100,200,-28568,2753
402,FTCH,2020-11-30,0 days 15:59:48.350826,302735,54.85,54.82,100,200,532,-28568
403,FTCH,2020-11-30,0 days 15:59:50.354063,156567,54.82,54.79,100,200,-143568,532
404,FTI,2020-11-30,0 days 15:55:00.277444,697987,8.31,8.3,40067,2458,-45480,144122
405,FTI,2020-11-30,0 days 15:57:47.277452,748206,8.3,8.29,14131,34639,1056,-1444
406,FUBO,2020-11-30,0 days 15:59:38.250112,55446,27.73,27.6,100,200,-837,663
407,FUBO,2020-11-30,0 days 15:59:43.250159,54883,27.73,27.6,100,2600,763,-937
408,FUBO,2020-11-30,0 days 15:59:45.253390,55446,27.73,27.6,100,2600,-937,763
409,FUBO,2020-11-30,0 days 15:59:48.247680,54373,27.7,27.68,422,100,673,-527
410,GE,2020-11-30,0 days 15:59:16.247456,12970882,10.24,10.23,140587,96558,-2985423,401991
411,GFI,2020-11-30,0 days 15:55:00.244057,468769,8.7,8.69,11313,17287,33515,-258844
412,GFI,2020-11-30,0 days 15:59:46.248018,529355,8.72,8.71,21640,34355,-26744,40938
413,GFI,2020-11-30,0 days 15:59:47.247042,561377,8.72,8.71,20140,34355,76379,-26744
414,GFI,2020-11-30,0 days 15:59:50.254062,520556,8.72,8.71,19847,34355,-40821,38779
415,GIK,2020-11-30,0 days 15:55:00.243610,1605,13.05,13.0,775,1400,-4495,1405
416,GIK,2020-11-30,0 days 15:55:01.243643,1400,13.05,13.0,775,1400,205,-4495
417,GIK,2020-11-30,0 days 15:58:36.247713,1605,13.18,13.17,100,390,-295,705
418,GIK,2020-11-30,0 days 15:58:37.247056,1400,13.29,13.17,100,190,205,-295
419,GNW,2020-11-30,0 days 15:59:35.275549,966368,4.55,4.54,15245,15352,33949,-1720
420,GNW,2020-11-30,0 days 15:59:36.275267,961017,4.55,4.54,13345,19652,-5351,33949
421,GNW,2020-11-30,0 days 15:59:40.276383,966368,4.55,4.54,12424,19352,1644,-5351
422,GOLD,2020-11-30,0 days 15:56:27.279306,260915,23.17,23.16,11487,26750,-2087,6813
423,GOLD,2020-11-30,0 days 15:58:04.281514,338482,23.21,23.2,26618,32244,6583,-10792
424,GOLD,2020-11-30,0 days 15:58:05.278408,330865,23.21,23.2,16468,37544,-4321,6583
425,GOLD,2020-11-30,0 days 15:58:28.277614,335186,23.2,23.19,18886,53841,1679,-2521
426,GOLD,2020-11-30,0 days 15:58:29.278832,328465,23.2,23.19,18736,49441,-6321,1679
427,GOLD,2020-11-30,0 days 15:59:06.281962,327523,23.18,23.17,53672,13158,4245,-7063
428,GOLD,2020-11-30,0 days 15:59:07.279102,325568,23.18,23.17,25868,29812,-1955,4245
429,GOLD,2020-11-30,0 days 15:59:10.280754,323847,23.18,23.17,33243,25712,1721,-1955
430,GOLD,2020-11-30,0 days 15:59:14.280625,350468,23.18,23.17,61321,5910,-2444,1721
431,GOLD,2020-11-30,0 days 15:59:23.276546,360478,23.17,23.16,34141,27293,6040,-7710
432,GOLD,2020-11-30,0 days 15:59:24.276957,357318,23.17,23.16,37341,28793,-3160,6040
433,GOLD,2020-11-30,0 days 15:59:28.275126,360127,23.15,23.14,26065,45120,6398,-3427
434,GOLD,2020-11-30,0 days 15:59:29.276455,357625,23.15,23.14,31061,27320,-1802,6398
435,GPS,2020-11-30,0 days 15:59:32.122549,635577,20.95,20.94,4976,3311,7826,-9751
436,GPS,2020-11-30,0 days 15:59:47.121537,621539,20.97,20.96,500,6111,-14638,1741
437,GSK,2020-11-30,0 days 15:55:00.279794,133410,36.81,36.8,8504,1971,-291905,10329
438,GSX,2020-11-30,0 days 15:59:00.160395,410576,64.18,64.12,800,300,-5379,89399
439,GSX,2020-11-30,0 days 15:59:04.151574,409803,64.06,63.94,400,300,1973,-4010
440,GSX,2020-11-30,0 days 15:59:07.152987,410804,64.06,63.94,700,300,-9107,901
441,GSX,2020-11-30,0 days 15:59:50.144224,378733,64.0,63.97,203,100,47568,-7132
442,HAL,2020-11-30,0 days 15:56:02.294904,1899120,16.59,16.58,5746,15011,37709,-28591
443,HBI,2020-11-30,0 days 15:56:06.244728,667160,14.2,14.19,9741,2430,-18966,4498
444,HBI,2020-11-30,0 days 15:56:07.244435,663626,14.2,14.19,9791,590,3334,-18966
445,HBI,2020-11-30,0 days 15:57:39.247211,675578,14.19,14.18,8350,4425,-4263,3037
446,HBI,2020-11-30,0 days 15:57:40.246794,672541,14.19,14.18,8050,3502,1637,-4263
447,HBI,2020-11-30,0 days 15:57:45.246039,675578,14.19,14.18,8310,1907,-2063,2837
448,HBI,2020-11-30,0 days 15:57:46.245945,673097,14.19,14.18,9058,1515,1081,-2063
449,HBI,2020-11-30,0 days 15:57:48.246624,675578,14.19,14.18,9750,1008,-1419,1081
450,HBI,2020-11-30,0 days 15:57:49.247227,673397,14.19,14.18,9750,1008,781,-1419
451,HBI,2020-11-30,0 days 15:58:07.246605,668987,14.19,14.18,4456,7765,1422,-1878
452,HBI,2020-11-30,0 days 15:58:56.247029,670492,14.19,14.18,6700,4511,3717,-183
453,HBI,2020-11-30,0 days 15:59:05.252352,674742,14.2,14.19,9789,4471,-34943,2827
454,HBI,2020-11-30,0 days 15:59:09.252465,702685,14.2,14.19,7307,8478,4407,-904
455,HBI,2020-11-30,0 days 15:59:34.249381,707404,14.2,14.19,2689,11241,-8655,3333
456,HFC,2020-11-30,0 days 15:55:00.242695,346994,23.43,23.41,333,100,2043,-54375
457,HFC,2020-11-30,0 days 15:55:16.241971,349075,23.43,23.42,2092,300,-1460,340
458,HFC,2020-11-30,0 days 15:55:33.242686,348101,23.39,23.38,943,1700,-1206,581
459,HFC,2020-11-30,0 days 15:56:02.244700,352019,23.42,23.4,1400,1368,1089,-949
460,HFC,2020-11-30,0 days 15:56:03.246111,351508,23.42,23.41,1100,480,-511,1089
461,HFC,2020-11-30,0 days 15:56:16.245037,354200,23.43,23.42,400,1113,8,-2692
462,HFC,2020-11-30,0 days 15:56:43.245651,397200,23.41,23.4,1587,408,3006,-1484
463,HFC,2020-11-30,0 days 15:56:44.245486,393406,23.41,23.4,1787,408,-3784,3006
464,HFC,2020-11-30,0 days 15:57:41.246143,400628,23.41,23.4,3250,700,2577,-2013
465,HFC,2020-11-30,0 days 15:57:42.245563,397405,23.41,23.4,2950,1049,-3213,2577
466,HFC,2020-11-30,0 days 15:57:44.245841,400628,23.4,23.39,400,48009,2177,-3213
467,HFC,2020-11-30,0 days 15:57:45.245960,398115,23.4,23.39,1000,46599,-2503,2177
468,HFC,2020-11-30,0 days 15:57:47.246615,400628,23.4,23.39,1080,47332,1387,-2503
469,HFC,2020-11-30,0 days 15:57:48.246528,398815,23.4,23.39,1289,45932,-1803,1387
470,HFC,2020-11-30,0 days 15:58:04.250693,400826,23.4,23.39,905,2355,545,-2332
471,HFC,2020-11-30,0 days 15:58:05.245797,399171,23.4,23.39,1837,1355,-432,545
472,HPE,2020-11-30,0 days 15:57:02.126542,2741511,10.96,10.95,33992,14700,22889,-199111
473,HPE,2020-11-30,0 days 15:58:48.128426,2738694,10.98,10.97,14200,32283,-64755,42975
474,HPE,2020-11-30,0 days 15:59:14.129643,2875595,11.0,10.99,12415,29400,592102,-51331
475,HPE,2020-11-30,0 days 15:59:46.120911,3588510,11.03,11.02,2690,34433,-42231,110148
476,HPE,2020-11-30,0 days 15:59:48.122478,3580070,11.03,11.02,400,39720,6767,-1596
477,HSBC,2020-11-30,0 days 15:57:22.259018,74223,25.91,25.9,24395,13323,-533,267
478,HSBC,2020-11-30,0 days 15:57:23.258368,72156,25.91,25.9,23695,13323,2067,-533
479,HSBC,2020-11-30,0 days 15:57:54.258911,75223,25.9,25.89,33163,14437,-623,477
480,HSBC,2020-11-30,0 days 15:57:55.259269,74046,25.9,25.89,32213,14137,1177,-623
481,HSBC,2020-11-30,0 days 15:59:05.263187,78023,25.89,25.88,17382,21993,-4926,1156
482,HSBC,2020-11-30,0 days 15:59:06.263408,77749,25.89,25.88,16682,22793,274,-4926
483,HSBC,2020-11-30,0 days 15:59:17.262883,77315,25.89,25.88,49292,1142,708,-2192
484,HYLN,2020-11-30,0 days 15:55:00.250286,460791,20.05,20.02,801,2051,6136,-409753
485,IAG,2020-11-30,0 days 15:58:00.348437,19541,3.38,3.37,191521,163309,-3194,1149
486,IAG,2020-11-30,0 days 15:59:06.353183,22735,3.38,3.37,319907,49225,1267,-2702
487,IAG,2020-11-30,0 days 15:59:14.350885,24002,3.38,3.37,319617,28224,-7278,1267
488,IBM,2020-11-30,0 days 15:55:00.121804,753340,123.31,123.29,200,100,-28514,56587
489,IBM,2020-11-30,0 days 15:56:28.125324,787207,123.23,123.22,200,330,552,-48
490,IBM,2020-11-30,0 days 15:56:50.124322,781446,123.23,123.21,400,569,-5878,435
491,IBM,2020-11-30,0 days 15:57:34.125801,788332,123.23,123.21,400,488,2250,-3150
492,IBM,2020-11-30,0 days 15:57:38.126179,784447,123.21,123.19,300,901,-4069,3831
493,IBM,2020-11-30,0 days 15:57:39.125357,788516,123.21,123.19,102,1200,192,-4069
494,IBM,2020-11-30,0 days 15:57:41.126026,778573,123.22,123.21,100,900,-9759,592
495,IBM,2020-11-30,0 days 15:58:35.127498,790276,123.14,123.12,755,400,-1768,348
496,IBN,2020-11-30,0 days 15:59:47.247768,1248913,12.86,12.85,49221,50835,-7213,8734
497,IBN,2020-11-30,0 days 15:59:50.252772,998126,12.86,12.85,63471,14400,250787,-7213
498,IBN,2020-11-30,0 days 15:59:53.247708,1248913,12.87,12.86,11065,79257,-32364,10836
499,INFY,2020-11-30,0 days 15:55:00.277444,655817,15.21,15.2,41746,50355,15340,-141178
500,INFY,2020-11-30,0 days 15:59:09.280549,633311,15.21,15.2,9436,77851,-43373,24827
501,INVH,2020-11-30,0 days 15:55:00.242464,1966895,28.65,28.64,202,10758,86844,-523254
502,INVH,2020-11-30,0 days 15:57:10.246360,2037805,28.62,28.61,7127,900,-3829,1881
503,INVH,2020-11-30,0 days 15:57:34.246625,2082486,28.58,28.57,4469,1894,32144,-3056
504,INVH,2020-11-30,0 days 15:57:35.247448,2077230,28.58,28.57,4469,1894,-5256,32144
505,INVH,2020-11-30,0 days 15:57:39.247016,2082486,28.58,28.56,5155,1918,175,-256
506,INVH,2020-11-30,0 days 15:57:44.245792,2071761,28.58,28.57,700,4200,-10725,11875
507,INVH,2020-11-30,0 days 15:57:57.245894,2082586,28.58,28.57,5976,2147,12675,-925
508,INVH,2020-11-30,0 days 15:59:28.248521,2127906,28.6,28.59,2700,771,323,-4118
509,INVH,2020-11-30,0 days 15:59:32.248315,2125009,28.6,28.59,3836,521,-1997,323
510,INVH,2020-11-30,0 days 15:59:43.249953,2127006,28.59,28.58,1100,2819,4563,-1987
511,INVH,2020-11-30,0 days 15:59:44.249275,2125369,28.59,28.58,900,3419,-1637,4563
512,INVH,2020-11-30,0 days 15:59:48.247046,2137901,28.59,28.58,1900,3100,1947,-4553
513,INVH,2020-11-30,0 days 15:59:49.247598,2136048,28.59,28.58,1400,2800,-1853,1947
514,INVH,2020-11-30,0 days 15:59:52.246216,2137901,28.59,28.58,1263,2368,18183,-14017
515,IPOB,2020-11-30,0 days 15:59:46.248011,45629,22.43,22.1,200,3769,-466,2540
516,IPOB,2020-11-30,0 days 15:59:48.247122,43930,22.43,22.1,200,3769,1699,-601
517,IPOC,2020-11-30,0 days 15:55:00.349553,6228,10.4,10.39,1550,1804,-937,3666
518,IPOC,2020-11-30,0 days 15:55:01.347978,5865,10.4,10.39,1550,1804,363,-937
519,IPOC,2020-11-30,0 days 15:59:06.354615,7296,10.39,10.38,200,1151,-22,431
520,IPOC,2020-11-30,0 days 15:59:46.350727,7018,10.38,10.36,400,100,278,-622
521,IVR,2020-11-30,0 days 15:59:01.367569,429259,3.32,3.31,35185,95002,-3203,5030
522,IVR,2020-11-30,0 days 15:59:06.368619,439862,3.32,3.31,28751,100071,559,-1303
523,JKS,2020-11-30,0 days 15:55:47.257078,38570,68.85,68.62,102,115,888,-4009
524,JKS,2020-11-30,0 days 15:55:48.254832,39258,68.92,68.77,300,102,-4209,888
525,JKS,2020-11-30,0 days 15:57:03.257011,41162,68.86,68.8,890,825,-2305,2592
526,JKS,2020-11-30,0 days 15:57:39.257221,42367,68.75,68.67,300,160,1495,-805
527,JWN,2020-11-30,0 days 15:55:00.255904,483586,25.92,25.91,1774,719,7010,-63474
528,JWN,2020-11-30,0 days 15:57:12.259249,523731,25.97,25.96,800,3947,-8583,21235
529,JWN,2020-11-30,0 days 15:57:57.258982,571065,25.91,25.9,4100,1116,874,-3718
530,JWN,2020-11-30,0 days 15:57:58.259326,567247,25.91,25.9,3400,2916,-3818,874
531,JWN,2020-11-30,0 days 15:58:20.260988,551332,25.87,25.86,3100,900,18906,-1194
532,JWN,2020-11-30,0 days 15:59:09.264156,587491,25.88,25.86,3751,2060,559,-641
533,JWN,2020-11-30,0 days 15:59:33.262971,590691,25.88,25.87,2400,1600,2571,-4829
534,JWN,2020-11-30,0 days 15:59:51.265603,603986,25.89,25.88,600,12375,-13206,10394
535,KEY,2020-11-30,0 days 15:59:10.153044,1677880,15.43,15.42,8820,22022,12837,-115210
536,KEY,2020-11-30,0 days 15:59:11.152354,1665734,15.44,15.43,20807,15864,-12146,12837
537,KEY,2020-11-30,0 days 15:59:18.140710,1678202,15.43,15.42,18037,15969,427692,-515
538,KEY,2020-11-30,0 days 15:59:46.140182,1978316,15.47,15.46,300,64863,-7790,43256
539,KEY,2020-11-30,0 days 15:59:47.139692,1988303,15.48,15.46,19000,67363,42009,-7790
540,KGC,2020-11-30,0 days 15:57:14.293952,379109,7.14,7.13,149404,84208,6207,-10693
541,KGC,2020-11-30,0 days 15:58:59.304601,399216,7.14,7.13,233407,44149,-37080,45920
542,KGC,2020-11-30,0 days 15:59:00.311115,377396,7.14,7.13,225507,38249,7920,-37080
543,KGC,2020-11-30,0 days 15:59:28.300552,389639,7.14,7.13,185439,143511,-4994,33906
544,KGC,2020-11-30,0 days 15:59:30.305561,375733,7.14,7.13,168839,107829,13906,-90494
545,KGC,2020-11-30,0 days 15:59:40.302488,390439,7.14,7.13,119664,172195,-894,1106
546,KMI,2020-11-30,0 days 15:57:40.276315,12213526,14.4,14.39,13060,71082,-47082,224272
547,KMI,2020-11-30,0 days 15:57:47.277420,12059508,14.38,14.37,65381,45345,231118,-73882
548,KMI,2020-11-30,0 days 15:59:18.280960,12600655,14.38,14.37,55953,29342,-143920,172868
549,KMI,2020-11-30,0 days 15:59:20.275319,12544875,14.37,14.36,74348,8300,55780,-355518
550,KO,2020-11-30,0 days 15:58:32.296411,20125627,51.52,51.51,4794,11500,-544283,269634
551,KO,2020-11-30,0 days 15:58:33.296826,20669910,51.49,51.48,7287,2602,137634,-544283
552,KR,2020-11-30,0 days 15:58:08.252437,17319370,32.95,32.94,300,5580,132223,-10337
553,KR,2020-11-30,0 days 15:58:09.252827,17347693,32.98,32.97,2000,2300,-120997,132223
554,KR,2020-11-30,0 days 15:58:21.259212,17385193,32.96,32.95,1817,5401,-3757,24443
555,KR,2020-11-30,0 days 15:59:06.256785,17434372,32.98,32.97,1300,3200,132155,-17520
556,KR,2020-11-30,0 days 15:59:52.245963,17633318,33.01,33.0,4279,2757,53455,-204697
557,KR,2020-11-30,0 days 15:59:55.247931,17532273,33.02,33.01,1183,1800,-204697,53455
558,KR,2020-11-30,0 days 15:59:56.249066,17633318,33.0,32.99,10349,2317,53455,-204697
559,KSS,2020-11-30,0 days 15:58:33.365222,476522,32.02,32.0,900,670,3596,-3104
560,KSS,2020-11-30,0 days 15:58:34.365098,478918,32.04,32.02,400,510,-3104,3596
561,KSS,2020-11-30,0 days 15:58:35.365627,476522,32.02,32.0,763,1070,3596,-3104
562,KSS,2020-11-30,0 days 15:59:03.366734,465983,32.07,32.05,1200,1034,-25633,74367
563,KSS,2020-11-30,0 days 15:59:15.370734,500753,32.08,32.07,200,396,250,-11539
564,KSS,2020-11-30,0 days 15:59:16.368701,501303,32.08,32.07,300,596,-218,250
565,KSS,2020-11-30,0 days 15:59:17.368001,517821,32.08,32.07,100,8210,83182,-218
566,KSS,2020-11-30,0 days 15:59:31.370283,544022,32.15,32.14,100,610,2225,-70175
567,KSS,2020-11-30,0 days 15:59:38.370370,568997,32.17,32.16,100,3800,-51224,65120
568,KSS,2020-11-30,0 days 15:59:39.369504,561416,32.17,32.16,600,100,7581,-51224
569,KSS,2020-11-30,0 days 15:59:46.371447,551552,32.16,32.15,100,1200,34236,-30775
570,LAC,2020-11-30,0 days 15:55:41.278503,37444,11.22,11.21,1400,1133,-522,878
571,LAC,2020-11-30,0 days 15:55:42.279168,35866,11.22,11.21,1500,1333,1578,-522
572,LB,2020-11-30,0 days 15:55:00.292244,239919,38.69,38.68,1228,200,191304,-17297
573,LB,2020-11-30,0 days 15:59:51.305310,239735,38.85,38.78,1700,300,-150162,64173
574,LB,2020-11-30,0 days 15:59:52.300556,371897,38.79,38.77,400,520,57620,-150162
575,LB,2020-11-30,0 days 15:59:55.301316,239735,38.85,38.79,1700,300,-150162,57620
576,LGVW,2020-11-30,0 days 15:55:00.362404,4272,15.87,15.82,3850,2204,-7122,1331
577,LOW,2020-11-30,0 days 15:59:46.140344,1426540,155.77,155.7,1100,400,14983,-5044
578,LOW,2020-11-30,0 days 15:59:49.139160,1444397,155.77,155.69,300,600,-15643,1657
579,LOW,2020-11-30,0 days 15:59:50.144818,1427205,155.87,155.75,100,250,17092,-15643
580,LOW,2020-11-30,0 days 15:59:53.137939,1439811,155.83,155.72,100,200,4486,-778
581,LOW,2020-11-30,0 days 15:59:55.140153,1444297,155.88,155.74,102,100,-28914,8892
582,LTHM,2020-11-30,0 days 15:55:01.251279,281516,15.19,15.18,700,400,-7471,18467
583,LTHM,2020-11-30,0 days 15:58:11.252390,259356,15.14,15.13,208,900,37932,-8768
584,LTHM,2020-11-30,0 days 15:58:14.253045,297338,15.14,15.13,300,600,-25818,9704
585,LTHM,2020-11-30,0 days 15:59:50.252723,306871,15.18,15.16,200,380,7141,-12059
586,LU,2020-11-30,0 days 15:57:51.294509,1649709,16.28,16.26,100,100,-2417,3183
587,LU,2020-11-30,0 days 15:59:23.300756,1763777,16.28,16.26,600,201,28182,-92718
588,LUMN,2020-11-30,0 days 15:59:33.276988,1975576,10.44,10.43,10092,44080,-70957,67796
589,LUMN,2020-11-30,0 days 15:59:50.283143,1747553,10.45,10.44,24725,6904,231019,-72881
590,LUV,2020-11-30,0 days 15:58:35.149960,984398,46.39,46.38,602,300,5857,-3943
591,LUV,2020-11-30,0 days 16:00:00.223083,1323894,46.39,46.29,200,1000,1648,-27539
592,LYG,2020-11-30,0 days 15:59:04.249001,32712,1.84,1.83,123527,648274,-1844,6194
593,LYG,2020-11-30,0 days 15:59:37.249399,34556,1.84,1.83,174636,651277,356,-44
594,M,2020-11-30,0 days 15:57:37.147972,1115160,10.27,10.26,12125,23287,-13229,44871
595,M,2020-11-30,0 days 15:57:45.147798,1128389,10.27,10.26,11752,22051,5971,-1529
596,M,2020-11-30,0 days 15:57:46.147194,1120760,10.27,10.26,9747,23148,-7629,5971
597,M,2020-11-30,0 days 15:58:35.150064,1094682,10.23,10.22,14462,18218,23042,-995
598,M,2020-11-30,0 days 15:58:41.150334,1094682,10.23,10.22,19622,13068,7942,-2858
599,M,2020-11-30,0 days 15:58:42.150595,1074024,10.24,10.23,18230,22605,-20658,7942
600,M,2020-11-30,0 days 15:59:40.140007,1273021,10.25,10.24,9651,25173,1203,-4497
601,M,2020-11-30,0 days 15:59:46.140542,1275624,10.25,10.24,9901,23024,-18305,2603
602,M,2020-11-30,0 days 15:59:54.139853,1285029,10.21,10.2,19950,19557,14435,-71309
603,MAC,2020-11-30,0 days 15:55:01.148649,539519,10.06,10.05,7106,2475,-12545,50155
604,MAC,2020-11-30,0 days 15:59:50.145210,544633,10.0,9.99,9547,570,22096,-19704
605,MBT,2020-11-30,0 days 15:59:45.281500,2758131,8.62,8.61,66921,102600,-48003,16306
606,MBT,2020-11-30,0 days 15:59:46.277229,2664020,8.62,8.61,67121,102400,94111,-48003
607,MBT,2020-11-30,0 days 15:59:51.278314,2758131,8.63,8.62,56900,214807,-78759,280811
608,MDT,2020-11-30,0 days 15:58:29.278762,1124055,113.35,113.3,550,151,19521,-1785
609,MDT,2020-11-30,0 days 15:58:30.277779,1100076,113.35,113.32,300,459,-26379,19521
610,MDT,2020-11-30,0 days 15:58:35.276469,1120257,113.34,113.31,325,300,-6198,7802
611,MET,2020-11-30,0 days 15:59:16.129358,1762968,46.15,46.14,1122,2600,28452,-169998
612,MET,2020-11-30,0 days 15:59:17.122258,1755399,46.22,46.21,1936,300,-7612,28452
613,MET,2020-11-30,0 days 15:59:50.125857,1691445,46.28,46.27,1492,786,-114209,38791
614,MGM,2020-11-30,0 days 15:59:16.247674,1199113,28.23,28.22,3908,2252,214495,-310772
615,MGM,2020-11-30,0 days 15:59:21.246672,1214007,28.3,28.29,1400,2041,-15706,56240
616,MGM,2020-11-30,0 days 15:59:22.246557,1244705,28.29,28.28,200,7113,51402,-15706
617,MGM,2020-11-30,0 days 15:59:50.254344,1247526,28.32,28.31,5600,200,-127534,8366
618,MO,2020-11-30,0 days 15:59:16.263421,4502822,39.74,39.73,6971,615,28020,-219923
619,MO,2020-11-30,0 days 15:59:17.262848,4392927,39.78,39.77,3343,6600,-109946,28020
620,MOS,2020-11-30,0 days 15:59:15.264005,759645,21.95,21.94,3324,5051,15868,-417
621,MPC,2020-11-30,0 days 15:57:34.259124,4935415,38.8,38.79,356,100,9404,-55796
622,MRK,2020-11-30,0 days 15:59:46.302426,3503846,80.38,80.36,900,300,38296,-3943
623,NCLH,2020-11-30,0 days 15:55:00.241933,627208,22.91,22.9,4290,7905,-4229,123650
624,NCLH,2020-11-30,0 days 15:59:01.250317,689218,22.79,22.78,18058,6955,1289,-1385
625,NCLH,2020-11-30,0 days 15:59:10.251694,749068,22.82,22.81,1100,8400,-20725,699
626,NCLH,2020-11-30,0 days 15:59:50.253087,697792,22.84,22.83,8551,4300,59102,-27998
627,NEE,2020-11-30,0 days 15:57:41.252462,3383634,73.56,73.55,200,378,11378,-14422
628,NEE,2020-11-30,0 days 15:57:42.249341,3368248,73.62,73.57,210,101,-15386,11378
629,NEE,2020-11-30,0 days 15:57:45.249978,3383634,73.64,73.61,200,100,7825,-5675
630,NEE,2020-11-30,0 days 15:57:50.250753,3342726,73.69,73.66,200,100,-40936,34845
631,NEE,2020-11-30,0 days 15:59:56.248919,3891919,73.64,73.57,100,800,14496,-35757
632,NEE,2020-11-30,0 days 15:59:59.245604,3772970,73.66,73.58,600,600,-118976,14515
633,NEM,2020-11-30,0 days 15:57:04.362784,2681073,58.63,58.62,3392,200,-8497,16503
634,NEM,2020-11-30,0 days 15:57:33.364494,2696794,58.64,58.63,3815,1067,4051,-10849
635,NEM,2020-11-30,0 days 15:59:54.371476,2920858,58.86,58.85,800,800,-3886,71918
636,NGL,2020-11-30,0 days 15:57:11.124483,3026864,2.16,2.15,5539,3300,230179,-521
637,NKE,2020-11-30,0 days 15:59:54.261076,3647220,134.68,134.64,130,700,7453,-100828
638,NKE,2020-11-30,0 days 15:59:57.258998,3641373,134.75,134.61,800,600,-31642,16060
639,NKE,2020-11-30,0 days 15:59:58.259649,3643531,134.75,134.61,800,400,46927,-31642
640,NKE,2020-11-30,0 days 15:59:59.255937,3647872,134.75,134.63,900,500,-43,46927
641,NKE,2020-11-30,0 days 16:00:00.340918,3647295,134.78,134.63,100,100,1838,-43
642,NLSN,2020-11-30,0 days 15:57:04.277667,12821926,16.26,16.25,5288,2300,186290,-384371
643,NLSN,2020-11-30,0 days 15:57:59.275055,13075794,16.24,16.23,11713,500,-668949,142425
644,NOK,2020-11-30,0 days 15:57:09.276107,347456,4.04,4.03,446804,248692,-49,110287
645,NOK,2020-11-30,0 days 15:57:15.275139,262105,4.03,4.02,558828,380762,105361,-49
646,NOK,2020-11-30,0 days 15:59:37.276756,383366,4.03,4.02,719393,445925,-68054,4046
647,NOK,2020-11-30,0 days 15:59:38.280138,379320,4.03,4.02,719393,445725,4046,-68054
648,NOK,2020-11-30,0 days 15:59:46.277194,383366,4.03,4.02,717580,385612,-46759,3546
649,NOK,2020-11-30,0 days 15:59:47.276347,381825,4.03,4.02,724280,392312,1541,-46759
650,NOV,2020-11-30,0 days 15:55:45.258104,14462255,12.25,12.24,4100,14785,136038,-147655
651,NOV,2020-11-30,0 days 15:55:46.258366,14032846,12.3,12.29,3900,4900,-441137,136038
652,NOV,2020-11-30,0 days 15:57:02.258830,14692833,12.27,12.26,11793,7460,614621,-15846
653,NOV,2020-11-30,0 days 15:57:03.259689,14450453,12.32,12.31,11789,12346,-266839,614621
654,NOV,2020-11-30,0 days 15:59:13.264126,15975017,12.29,12.28,4863,22665,-257620,94543
655,NOV,2020-11-30,0 days 15:59:15.265229,16228731,12.27,12.26,9998,7600,101359,-477357
656,NOV,2020-11-30,0 days 15:59:50.271528,16462975,12.26,12.25,6021,8954,-137329,55380
657,NOV,2020-11-30,0 days 15:59:52.265042,16601907,12.26,12.25,6920,2335,18468,-163332
658,OIBR.C,2020-11-30,0 days 15:57:25.245633,1160,1.91,1.88,600,5919,-35,160
659,OIBR.C,2020-11-30,0 days 15:57:26.246590,995,1.91,1.88,600,5719,165,-35
660,OIBR.C,2020-11-30,0 days 15:59:33.249405,1160,1.9,1.84,2000,600,-1435,260
661,OIBR.C,2020-11-30,0 days 15:59:34.249126,195,1.9,1.84,2000,700,965,-1435
662,OIBR.C,2020-11-30,0 days 15:59:37.249219,1160,1.9,1.84,2100,800,-735,65
663,OIBR.C,2020-11-30,0 days 15:59:38.249783,1095,1.9,1.84,2100,800,65,-735
664,OIBR.C,2020-11-30,0 days 16:00:00.283355,1160,1.95,1.83,200,600,-1235,460
665,ORCL,2020-11-30,0 days 15:55:00.292281,7229809,57.68,57.67,500,1901,51508,-647039
666,ORCL,2020-11-30,0 days 15:55:12.295014,7229805,57.69,57.68,400,2000,52812,-31324
667,OVV,2020-11-30,0 days 15:59:45.251927,651326,12.76,12.75,1410,6000,1031,-35217
668,OVV,2020-11-30,0 days 15:59:46.246863,631257,12.8,12.79,700,1700,-20070,1031
669,OVV,2020-11-30,0 days 15:59:47.245657,651327,12.8,12.79,700,2600,4725,-20070
670,OVV,2020-11-30,0 days 15:59:50.252934,546535,12.8,12.79,7155,1850,-104792,7625
671,OVV,2020-11-30,0 days 16:00:00.283063,651326,13.19,12.7,100,102,24669,-21197
672,OXY,2020-11-30,0 days 15:56:21.257370,2876401,15.74,15.73,28177,19712,81226,-134474
673,OXY,2020-11-30,0 days 15:59:47.264796,3208274,15.76,15.75,18751,4206,19710,-28822
674,OXY,2020-11-30,0 days 15:59:50.271128,3138315,15.76,15.75,22351,573,-69959,115341
675,OXY,2020-11-30,0 days 15:59:58.267225,3101444,15.77,15.76,2101,7800,-106830,44780
676,PAA,2020-11-30,0 days 15:55:00.279605,556814,7.92,7.91,9500,10785,-14877,268277
677,PAA,2020-11-30,0 days 15:59:16.277406,586067,7.87,7.86,5800,13969,5089,-119025
678,PAA,2020-11-30,0 days 15:59:50.283007,503897,7.88,7.87,8260,18192,79459,-36641
679,PAGP,2020-11-30,0 days 15:55:00.256162,543430,7.91,7.9,10115,7957,-14122,400466
680,PAGP,2020-11-30,0 days 15:55:52.257115,571262,7.9,7.89,11041,8820,31869,-22431
681,PAGP,2020-11-30,0 days 15:56:32.258444,620126,7.87,7.86,6633,7490,-18256,57750
682,PAGP,2020-11-30,0 days 15:59:50.271348,525228,7.89,7.88,7265,9903,136630,-29670
683,PBR,2020-11-30,0 days 15:59:10.130404,821419,9.58,9.57,240118,156692,-38754,18470
684,PBR,2020-11-30,0 days 15:59:34.121849,867304,9.58,9.57,324496,105819,47904,-33685
685,PBR.A,2020-11-30,0 days 15:59:51.143967,550277,9.24,9.23,162789,17914,52298,-202183
686,PEAK,2020-11-30,0 days 15:57:51.250396,1879524,28.84,28.83,1097,3127,169,-10231
687,PEAK,2020-11-30,0 days 15:57:52.249667,1874293,28.87,28.86,1996,1186,-6131,169
688,PEAK,2020-11-30,0 days 15:57:53.250267,1880424,28.87,28.86,544,1607,32169,-6131
689,PEAK,2020-11-30,0 days 15:58:01.252939,1869835,28.89,28.88,1315,1410,-12339,68171
690,PEAK,2020-11-30,0 days 15:58:02.251751,1880925,28.89,28.88,1515,1310,49810,-12339
691,PEAK,2020-11-30,0 days 15:59:00.260946,1896135,28.88,28.87,2952,100,-3733,68435
692,PEAK,2020-11-30,0 days 15:59:01.257723,1903482,28.88,28.87,1038,2070,35053,-3733
693,PEAK,2020-11-30,0 days 15:59:06.256964,1938523,28.88,28.87,2318,1600,-8124,28641
694,PEAK,2020-11-30,0 days 15:59:13.256925,1967405,28.87,28.86,2146,829,3781,-8217
695,PEAK,2020-11-30,0 days 15:59:49.246578,1985376,28.92,28.91,1292,1796,-13933,6767
696,PEI,2020-11-30,0 days 15:55:00.255698,20413,1.08,1.06,100,3001,44658,-5097
697,PG,2020-11-30,0 days 15:55:00.361412,2377449,138.36,138.35,300,113,-128495,175949
698,PG,2020-11-30,0 days 15:57:02.362450,2521692,138.26,138.23,400,100,10668,-39232
699,PG,2020-11-30,0 days 15:57:26.361815,2536040,138.42,138.41,301,100,-8111,3689
700,PG,2020-11-30,0 days 15:57:34.362358,2547295,138.47,138.44,1600,601,3763,-422
701,PG,2020-11-30,0 days 15:59:51.373501,2918445,139.16,139.13,834,203,-147455,36157
702,PIC,2020-11-30,0 days 15:51:29.271345,935,14.15,14.1,200,808,-236,972
703,PIC,2020-11-30,0 days 15:55:19.277983,2496,14.09,14.08,300,100,1018,-190
704,PIC,2020-11-30,0 days 15:55:20.280817,2214,14.09,14.08,300,100,-282,1018
705,PK,2020-11-30,0 days 15:57:02.126634,544004,16.26,16.25,4420,931,41709,-14864
706,PK,2020-11-30,0 days 15:57:03.126915,543513,16.28,16.27,700,2375,-491,41709
707,PK,2020-11-30,0 days 15:57:07.127964,544004,16.26,16.25,1400,2500,3158,-491
708,PK,2020-11-30,0 days 15:57:08.126599,543862,16.26,16.25,1800,1700,-142,3158
709,PK,2020-11-30,0 days 15:57:13.126038,544934,16.25,16.24,2400,1300,835,-1072
710,PK,2020-11-30,0 days 15:58:16.127836,573914,16.25,16.24,2485,1250,-6054,8946
711,PK,2020-11-30,0 days 15:59:46.120963,1009231,16.31,16.3,872,4192,-1062,27217
712,PK,2020-11-30,0 days 15:59:48.122559,996057,16.31,16.3,372,3666,13449,-3122
713,PPL,2020-11-30,0 days 15:57:47.126249,1602785,28.41,28.4,8920,2466,4073,-1556
714,PPL,2020-11-30,0 days 15:57:48.126800,1585058,28.43,28.42,3602,3646,-17727,4073
715,PPL,2020-11-30,0 days 15:58:48.128527,1611271,28.41,28.4,2223,5393,-3339,3661
716,PPL,2020-11-30,0 days 15:59:04.130221,1681945,28.4,28.39,3647,1972,6215,-9394
717,PPL,2020-11-30,0 days 15:59:10.130276,1692309,28.41,28.4,4645,1516,-21780,3364
718,PPL,2020-11-30,0 days 15:59:13.131489,1714189,28.41,28.4,5476,2332,352,-19780
719,PPL,2020-11-30,0 days 15:59:48.122752,1757694,28.44,28.43,4615,7169,9955,-12889
720,PPL,2020-11-30,0 days 15:59:50.125185,1654049,28.45,28.44,2602,5890,-103645,9455
721,PSTG,2020-11-30,0 days 15:56:19.360236,212016,18.25,18.24,4752,4227,-1326,4774
722,PSTG,2020-11-30,0 days 15:58:01.363172,215492,18.29,18.28,3694,1871,2601,-4274
723,PSTG,2020-11-30,0 days 15:58:02.363465,213193,18.29,18.27,4800,6405,-799,2601
724,PSTG,2020-11-30,0 days 15:59:15.369472,235271,18.28,18.27,3300,3555,10574,-2743
725,PSTG,2020-11-30,0 days 15:59:18.367090,233645,18.28,18.27,2890,5643,-26,874
726,PSTG,2020-11-30,0 days 15:59:46.370118,239343,18.28,18.27,2507,4918,743,-573
727,PSTG,2020-11-30,0 days 15:59:50.373267,236786,18.29,18.27,4613,8193,-957,243
728,PSTH,2020-11-30,0 days 15:59:08.280851,29417,26.11,26.1,1125,300,92,-703
729,PSTH,2020-11-30,0 days 15:59:22.276055,26709,26.11,26.1,962,580,-508,2292
730,PSTH,2020-11-30,0 days 15:59:46.277689,29717,26.11,26.06,200,300,890,-608
731,PSTH,2020-11-30,0 days 15:59:47.276633,29307,26.11,26.06,200,300,-410,890
732,QEP,2020-11-30,0 days 15:55:00.294959,88576,1.61,1.6,65308,45184,-24584,55927
733,QEP,2020-11-30,0 days 15:55:41.295080,113160,1.61,1.6,44176,48259,16716,-15584
734,RAD,2020-11-30,0 days 15:55:14.145327,234387,13.2,13.19,2010,260,-6952,302
735,RAD,2020-11-30,0 days 15:55:34.147376,242144,13.18,13.17,1240,2209,19388,-7257
736,RAD,2020-11-30,0 days 15:56:02.149506,261732,13.18,13.17,1789,2000,-4687,19513
737,RAD,2020-11-30,0 days 15:56:19.150009,266599,13.15,13.14,2088,1000,1533,-4867
738,RAD,2020-11-30,0 days 15:56:20.149528,268132,13.14,13.13,600,1704,-267,1533
739,RAD,2020-11-30,0 days 15:56:42.150348,268899,13.15,13.14,3109,900,5733,-767
740,RAD,2020-11-30,0 days 15:59:05.155242,279647,13.18,13.17,3454,459,-332,2368
741,RAD,2020-11-30,0 days 15:59:11.152354,279979,13.18,13.17,3579,100,1373,-332
742,RAD,2020-11-30,0 days 15:59:46.140100,298722,13.18,13.17,463,3866,-8267,6889
743,RAD,2020-11-30,0 days 15:59:50.144479,253016,13.18,13.17,588,3526,45306,-10294
744,RCL,2020-11-30,0 days 15:59:54.121278,814650,78.6,78.59,5881,236,6782,-41198
745,RCL,2020-11-30,0 days 15:59:55.123186,768616,78.92,78.76,200,400,-49735,6782
746,RDS.A,2020-11-30,0 days 15:55:00.256589,225473,33.91,33.9,10224,436,7038,-97706
747,RDS.A,2020-11-30,0 days 15:59:13.264087,301356,33.88,33.87,18697,2772,-6862,11374
748,RDS.A,2020-11-30,0 days 15:59:45.266790,308437,33.87,33.86,8750,8358,4552,-7071
749,RDS.A,2020-11-30,0 days 15:59:50.271492,259189,33.87,33.86,21446,2365,-49438,13052
750,RDS.B,2020-11-30,0 days 15:55:00.279573,52872,32.55,32.54,14503,323,-1464,34905
751,RDS.B,2020-11-30,0 days 15:58:47.276874,65878,32.54,32.53,7833,5743,745,-4
752,RDS.B,2020-11-30,0 days 15:59:04.280538,66931,32.54,32.53,8703,2867,-1424,1053
753,RDS.B,2020-11-30,0 days 15:59:05.281260,66730,32.54,32.53,10003,1367,201,-1424
754,RF,2020-11-30,0 days 15:59:48.247245,2054933,15.29,15.28,9425,38502,9036,-3840
755,RF,2020-11-30,0 days 15:59:50.253611,1895169,15.29,15.28,6827,35004,-159764,20336
756,RRC,2020-11-30,0 days 15:55:00.146269,279211,7.34,7.33,2469,5808,-481,31594
757,RRC,2020-11-30,0 days 15:56:37.150872,284271,7.32,7.31,11988,4869,-5069,31
758,RTX,2020-11-30,0 days 15:55:00.147363,2741849,71.88,71.87,3208,100,-139726,515858
759,RTX,2020-11-30,0 days 15:57:34.149423,2816253,71.44,71.43,670,755,25443,-12157
760,RTX,2020-11-30,0 days 15:57:35.148910,2840396,71.47,71.45,500,1914,-398,25443
761,RTX,2020-11-30,0 days 15:57:36.147204,2837794,71.47,71.45,500,1460,2754,-398
762,RTX,2020-11-30,0 days 15:57:42.147496,2813574,71.55,71.54,200,100,-67920,9280
763,RTX,2020-11-30,0 days 15:58:13.150865,2814093,71.61,71.59,600,1800,-242,26864
764,RTX,2020-11-30,0 days 15:58:29.150124,2814200,71.56,71.54,755,300,1193,-207
765,RTX,2020-11-30,0 days 15:59:09.153953,2884853,71.67,71.65,300,500,15268,-1883
766,RTX,2020-11-30,0 days 15:59:17.153251,3040702,71.67,71.66,300,177,-17483,106343
767,RTX,2020-11-30,0 days 15:59:32.139532,3165147,71.7,71.69,514,200,6164,-13456
768,RTX,2020-11-30,0 days 15:59:33.141333,3169918,71.7,71.69,100,200,-6630,6164
769,SAN,2020-11-30,0 days 15:59:37.249219,47535,2.84,2.83,667492,24916,10079,-821
770,SAN,2020-11-30,0 days 15:59:40.249737,46014,2.83,2.82,941553,384800,-821,1379
771,SAVE,2020-11-30,0 days 15:59:05.252322,135463,22.66,22.65,2500,1450,1572,-4795
772,SAVE,2020-11-30,0 days 15:59:10.252013,126735,22.66,22.65,3500,1000,-2804,7496
773,SAVE,2020-11-30,0 days 15:59:13.250342,129539,22.64,22.63,2915,500,1632,-4
774,SAVE,2020-11-30,0 days 15:59:14.252130,129471,22.64,22.63,4939,200,-67,1632
775,SAVE,2020-11-30,0 days 15:59:35.249622,131710,22.62,22.61,2000,1900,383,-1342
776,SAVE,2020-11-30,0 days 15:59:40.250011,115993,22.62,22.61,500,3975,-15717,383
777,SAVE,2020-11-30,0 days 15:59:46.247972,132410,22.63,22.62,2900,2700,759,-3417
778,SBE,2020-11-30,0 days 15:59:33.354338,2047,33.94,33.6,300,600,5071,-3656
779,SBE,2020-11-30,0 days 15:59:43.350623,6818,34.01,33.66,100,350,-3959,4871
780,SCHW,2020-11-30,0 days 15:55:00.256074,9040187,48.8,48.79,1450,4282,160830,-525553
781,SCHW,2020-11-30,0 days 15:55:11.256837,9202750,48.84,48.83,2518,799,-10410,11612
782,SCHW,2020-11-30,0 days 15:55:57.257964,9683405,48.82,48.81,3215,3421,7619,-23881
783,SCHW,2020-11-30,0 days 15:55:58.258411,9675724,48.82,48.81,300,4798,-7681,7619
784,SCHW,2020-11-30,0 days 15:56:02.256910,9612435,48.81,48.8,1626,2545,54789,-7681
785,SCHW,2020-11-30,0 days 15:56:11.257498,9623726,48.79,48.78,1937,2601,-17109,17091
786,SCHW,2020-11-30,0 days 15:57:39.259712,10019185,48.84,48.83,1102,982,-17579,52807
787,SCHW,2020-11-30,0 days 15:57:41.259307,10003564,48.81,48.8,1100,1580,15402,-17498
788,SCHW,2020-11-30,0 days 15:57:53.259268,10061564,48.82,48.81,3100,402,42902,-3798
789,SLB,2020-11-30,0 days 16:00:00.366210,3260026,20.8,20.76,600,600,33293,-67007
790,SM,2020-11-30,0 days 15:59:15.280847,378955,4.23,4.22,14069,9795,71410,-16627
791,SM,2020-11-30,0 days 15:59:16.277459,375765,4.23,4.22,18169,5774,-3190,71410
792,SM,2020-11-30,0 days 15:59:40.276475,378955,4.23,4.22,17217,10237,1310,-2190
793,SNOW,2020-11-30,0 days 16:00:00.222908,264206,327.98,326.2,100,1000,-26696,735
794,SPCE,2020-11-30,0 days 16:00:00.340649,359191,26.68,26.51,400,400,-4344,3746
795,SPG,2020-11-30,0 days 15:59:16.276275,1580573,82.49,82.46,311,1100,-102597,31601
796,SPG,2020-11-30,0 days 15:59:50.281384,1599966,82.57,82.51,600,379,5547,-7453
797,SPG,2020-11-30,0 days 15:59:55.259078,1612176,82.61,82.51,200,100,-31890,410
798,SPG,2020-11-30,0 days 16:00:00.335046,1611876,82.71,82.5,100,500,-33281,4319
799,SQ,2020-11-30,0 days 15:59:14.352601,1193283,211.14,210.91,200,100,-42051,127995
800,SQ,2020-11-30,0 days 15:59:15.354437,1225125,210.63,210.35,800,300,12722,-42051
801,SQ,2020-11-30,0 days 15:59:22.349414,1211471,211.0,210.49,1100,1200,-41618,970
802,SQ,2020-11-30,0 days 15:59:23.351765,1218472,210.82,210.51,400,100,19375,-41618
803,SQ,2020-11-30,0 days 15:59:24.350042,1211471,211.0,210.49,1100,300,-48418,19375
804,SQ,2020-11-30,0 days 15:59:26.350989,1230689,210.67,210.59,440,300,6670,-25018
805,SQ,2020-11-30,0 days 15:59:50.354794,1219573,211.57,210.84,300,375,2625,-7375
806,SQ,2020-11-30,0 days 15:59:51.351391,1201710,211.57,210.93,300,300,-19880,2625
807,SQ,2020-11-30,0 days 15:59:54.346083,1221573,211.57,210.93,300,300,137,-19880
808,SQ,2020-11-30,0 days 15:59:55.346224,1201710,211.0,210.93,100,100,-19880,137
809,SQ,2020-11-30,0 days 15:59:56.345107,1221573,211.57,210.87,300,300,137,-19880
810,SQ,2020-11-30,0 days 15:59:57.348264,1201710,211.57,210.87,300,300,-19880,137
811,STL,2020-11-30,0 days 15:59:08.302693,548812,16.0,15.99,10465,11665,8361,-11722
812,STL,2020-11-30,0 days 15:59:33.301141,570894,16.01,16.0,8022,10748,-6852,16457
813,STL,2020-11-30,0 days 15:59:46.302223,588294,16.03,16.02,8756,9853,7561,-13085
814,STL,2020-11-30,0 days 15:59:50.307251,452455,16.03,16.02,6156,7757,-138732,20968
815,SU,2020-11-30,0 days 15:55:00.242002,81152,16.11,16.1,17183,21548,-4044,27322
816,SU,2020-11-30,0 days 15:56:39.245563,87122,16.11,16.1,46561,4975,9338,-3862
817,SU,2020-11-30,0 days 15:56:40.244667,96460,16.11,16.1,45961,6375,-2762,9338
818,SU,2020-11-30,0 days 15:57:19.246187,103722,16.12,16.11,25915,19000,35,-265
819,SU,2020-11-30,0 days 15:58:47.247071,110624,16.1,16.09,48310,14153,-2841,4829
820,SU,2020-11-30,0 days 15:59:50.253158,111559,16.09,16.08,43506,14453,3475,-16825
821,SWN,2020-11-30,0 days 15:55:22.242613,762055,3.11,3.1,35832,109562,519,-10071
822,SWN,2020-11-30,0 days 15:55:44.244471,762574,3.11,3.1,21034,109310,-189,519
823,SWN,2020-11-30,0 days 15:55:50.244560,762763,3.11,3.1,34702,98253,1718,-189
824,T,2020-11-30,0 days 15:56:09.295549,6504596,28.74,28.73,49472,19461,3936,-11039
825,T,2020-11-30,0 days 15:58:48.296847,6854470,28.75,28.74,60678,19542,-202582,203518
826,TAL,2020-11-30,0 days 15:55:34.147423,810207,70.39,70.28,100,900,-148119,16081
827,TAL,2020-11-30,0 days 15:59:55.140046,1019760,70.01,70.0,9000,396,3849,-7545
828,TAP,2020-11-30,0 days 15:58:46.127892,597845,45.85,45.83,600,1139,434901,-102459
829,TAP,2020-11-30,0 days 15:59:51.123873,764205,46.02,45.98,299,300,276686,-282635
830,TECK,2020-11-30,0 days 15:56:12.124600,50053,15.83,15.82,13267,2095,-502,1278
831,TECK,2020-11-30,0 days 15:57:16.125638,50957,15.82,15.81,12658,3000,596,-504
832,TECK,2020-11-30,0 days 15:58:47.127990,51968,15.83,15.81,23087,17964,-3613,5487
833,TEVA,2020-11-30,0 days 15:59:04.297767,1302900,9.53,9.52,41125,12454,-152444,123905
834,TGNA,2020-11-30,0 days 15:59:16.153273,249095,14.41,14.4,4556,3467,-20251,4936
835,TGNA,2020-11-30,0 days 15:59:17.152924,246046,14.41,14.4,4665,3367,3049,-20251
836,TGT,2020-11-30,0 days 15:55:00.277331,1708330,179.54,179.44,200,200,-93238,144685
837,TGT,2020-11-30,0 days 15:57:39.278765,1977455,179.73,179.65,100,100,1377,-134515
838,TGT,2020-11-30,0 days 15:58:10.275878,1992107,179.77,179.69,200,800,-12866,16869
839,TGT,2020-11-30,0 days 15:59:01.280508,1994255,179.74,179.66,100,200,-37274,11606
840,TJX,2020-11-30,0 days 15:55:00.250933,12027085,63.19,63.18,410,400,77610,-1026972
841,TJX,2020-11-30,0 days 15:59:35.246111,13012556,63.46,63.45,500,218547,-12888,53438
842,TME,2020-11-30,0 days 15:58:08.252577,2319151,16.79,16.78,10308,23418,15865,-871
843,TME,2020-11-30,0 days 15:58:32.254783,2316007,16.81,16.8,12017,10935,-11280,14007
844,TME,2020-11-30,0 days 15:59:05.259375,2337679,16.82,16.81,117,26726,4903,-25889
845,TME,2020-11-30,0 days 16:00:00.304099,2328909,16.84,16.75,500,2559,8716,-18144
846,TPR,2020-11-30,0 days 15:59:51.247587,723223,28.34,28.33,1000,1700,-14459,40756
847,TRNE,2020-11-30,0 days 15:55:00.257367,15567,12.87,12.82,1074,7476,-912,4088
848,TRNE,2020-11-30,0 days 15:55:01.258135,15179,12.87,12.82,1074,7476,388,-912
849,TRNE,2020-11-30,0 days 15:59:46.265133,16723,12.84,12.81,106,300,-186,344
850,TRNE,2020-11-30,0 days 15:59:47.265257,16409,12.84,12.81,106,300,214,-186
851,TSM,2020-11-30,0 days 15:57:47.148273,471109,97.23,97.2,400,100,1186,-3314
852,TSM,2020-11-30,0 days 15:58:23.151277,468366,97.28,97.22,100,200,-2551,2157
853,TSM,2020-11-30,0 days 15:58:25.150902,470917,97.25,97.23,100,100,2056,-2651
854,TSM,2020-11-30,0 days 15:58:27.150030,468266,97.28,97.24,200,200,-2651,2056
855,TSM,2020-11-30,0 days 15:58:29.150103,470917,97.25,97.2,100,206,2057,-2651
856,TSM,2020-11-30,0 days 15:58:57.149847,473074,97.23,97.22,100,600,-1204,1717
857,TTM,2020-11-30,0 days 15:59:07.299099,120147,11.94,11.93,8745,3440,1312,-3326
858,TTM,2020-11-30,0 days 15:59:08.303269,117159,11.94,11.93,7946,3551,-2988,1312
859,TTM,2020-11-30,0 days 15:59:17.301518,120147,11.94,11.93,4096,9814,2299,-588
860,TTM,2020-11-30,0 days 15:59:18.300803,117546,11.94,11.93,3652,9814,-2601,2299
861,TTM,2020-11-30,0 days 15:59:46.302843,122246,11.95,11.94,10600,11712,-1944,4007
862,TWLO,2020-11-30,0 days 15:57:09.294898,598118,319.48,319.13,300,200,-17079,10421
863,TWLO,2020-11-30,0 days 15:57:10.293112,591915,319.27,318.96,100,100,6203,-17079
864,TWLO,2020-11-30,0 days 15:57:27.293688,598127,319.27,319.12,100,100,-2720,1512
865,TWLO,2020-11-30,0 days 15:57:28.295799,597747,319.38,319.12,200,100,380,-2720
866,TWTR,2020-11-30,0 days 15:59:37.350445,1236062,46.51,46.5,1296,1000,-7267,24346
867,TWTR,2020-11-30,0 days 15:59:38.350305,1234116,46.51,46.5,1800,100,1946,-7267
868,TWTR,2020-11-30,0 days 15:59:40.350711,1236062,46.49,46.48,1200,200,-29542,2133
869,TWTR,2020-11-30,0 days 15:59:50.354162,1196857,46.52,46.51,1749,100,41248,-60169
870,TWTR,2020-11-30,0 days 15:59:52.344424,1238105,46.54,46.52,4603,1800,-1046,41248
871,UBER,2020-11-30,0 days 15:59:16.129156,1447475,49.62,49.61,100,2995,-138129,156479
872,UBER,2020-11-30,0 days 15:59:46.120911,1482788,49.65,49.63,273,700,17730,-58123
873,UBER,2020-11-30,0 days 15:59:48.122524,1500922,49.64,49.63,700,400,-42966,18134
874,UBER,2020-11-30,0 days 15:59:50.124942,1430388,49.65,49.63,100,1100,63639,-49943
875,UL,2020-11-30,0 days 15:55:00.251250,34742,61.0,60.99,800,1433,869,-14339
876,UL,2020-11-30,0 days 15:56:14.248016,39167,61.01,61.0,1190,2137,-148,619
877,UL,2020-11-30,0 days 15:56:15.248171,38315,61.01,61.0,990,2132,852,-148
878,UL,2020-11-30,0 days 15:58:03.253147,40067,61.02,61.01,600,2518,-2291,3149
879,UL,2020-11-30,0 days 15:58:46.256871,40434,61.04,61.02,7600,2118,-686,2147
880,UL,2020-11-30,0 days 15:59:09.257206,44690,61.03,61.02,214,2318,233,-4256
881,UL,2020-11-30,0 days 15:59:46.247966,46741,61.06,61.05,400,1900,658,-718
882,UL,2020-11-30,0 days 15:59:54.246829,47399,61.09,61.07,700,1300,-142,158
883,UMC,2020-11-30,0 days 15:59:57.250926,1812871,7.11,7.1,47871,14026,1725,-15080
884,UPS,2020-11-30,0 days 15:59:44.275982,1315193,171.21,171.09,600,400,-727,12879
885,USB,2020-11-30,0 days 15:55:00.241650,5742502,43.21,43.2,5881,2173,-192229,206950
886,USB,2020-11-30,0 days 15:55:44.243215,5951287,43.19,43.18,4237,3603,89199,-33201
887,USB,2020-11-30,0 days 15:55:58.244553,5951058,43.22,43.21,4779,166,894,-53172
888,USB,2020-11-30,0 days 15:56:00.245016,5952564,43.23,43.22,3932,2222,-2365,37235
889,USB,2020-11-30,0 days 15:57:17.244378,5966528,43.24,43.23,2300,4187,176821,-6079
890,USB,2020-11-30,0 days 15:57:39.245813,6140650,43.24,43.23,2302,3132,-35647,27821
891,USB,2020-11-30,0 days 15:58:17.245924,6272086,43.22,43.21,7398,100,22189,-34653
892,USB,2020-11-30,0 days 15:59:28.246955,6328154,43.24,43.23,200,3844,75419,-83751
893,USB,2020-11-30,0 days 15:59:29.246824,6184249,43.26,43.25,4000,4300,-245651,75419
894,USB,2020-11-30,0 days 15:59:30.253318,6328154,43.24,43.23,2695,2543,202719,-245651
895,USB,2020-11-30,0 days 15:59:39.247540,6396734,43.22,43.21,7009,100,9045,-61829
896,USB,2020-11-30,0 days 15:59:42.248930,6342761,43.24,43.23,4409,4900,-44433,4567
897,USB,2020-11-30,0 days 15:59:49.246157,6432567,43.25,43.24,2300,3600,-8430,38170
898,USB,2020-11-30,0 days 15:59:51.246994,6445779,43.23,43.22,16275,1239,39912,-37355
899,V,2020-11-30,0 days 15:59:19.246594,2341834,209.96,209.94,106,200,168,-28591
900,V,2020-11-30,0 days 15:59:21.247916,2323201,209.98,209.9,800,600,-2277,369
901,V,2020-11-30,0 days 15:59:23.248403,2324278,209.96,209.88,314,200,351,-1427
902,V,2020-11-30,0 days 15:59:24.248202,2321597,210.07,210.02,354,650,-9437,351
903,V,2020-11-30,0 days 15:59:33.248740,2327678,210.02,209.88,2150,600,12090,-11311
904,V,2020-11-30,0 days 15:59:45.252843,2340560,210.32,210.25,1266,200,-5826,1146
905,VALE,2020-11-30,0 days 15:56:47.150905,1906531,14.57,14.56,113967,102873,7213,-17563
906,VALE,2020-11-30,0 days 15:56:48.151982,1880444,14.57,14.56,127167,96373,-26087,7213
907,VER,2020-11-30,0 days 15:59:28.274781,2734038,7.1,7.09,60600,40321,45332,-36568
908,VER,2020-11-30,0 days 15:59:47.276169,2654267,7.12,7.11,44350,28161,-118055,50661
909,VIPS,2020-11-30,0 days 15:55:00.361586,1371489,25.6,25.59,2500,3154,-11075,79118
910,VIPS,2020-11-30,0 days 15:55:15.360837,1370730,25.6,25.59,3894,1645,759,-841
911,VIPS,2020-11-30,0 days 15:55:46.360203,1368297,25.65,25.64,2600,3376,144,-1856
912,VIPS,2020-11-30,0 days 15:56:16.361129,1369988,25.68,25.66,6489,3724,-30060,4440
913,VZ,2020-11-30,0 days 15:55:01.294051,7187120,60.5,60.49,5917,4372,-893268,47578
914,WEI,2020-11-30,0 days 15:59:00.284250,467,1.67,1.66,100,201,-114,467
915,WFC,2020-11-30,0 days 15:55:00.348326,4414060,27.38,27.37,20331,22770,-91559,281444
916,WFC,2020-11-30,0 days 15:57:25.347088,4643818,27.33,27.32,47289,2907,28245,-36955
917,WFC,2020-11-30,0 days 15:59:02.352040,4771734,27.37,27.36,27508,30559,-45644,39617
918,WMB,2020-11-30,0 days 15:59:46.265189,2548588,21.0,20.99,6407,9100,36142,-13533
919,WMB,2020-11-30,0 days 15:59:50.271824,2366423,21.01,21.0,16380,2200,-182165,31435
920,WMT,2020-11-30,0 days 15:55:39.247560,2738793,152.78,152.74,300,206,-78778,36349
921,WMT,2020-11-30,0 days 15:56:03.249064,2732531,152.51,152.47,100,553,7162,-20844
922,WMT,2020-11-30,0 days 15:56:04.249475,2739693,152.55,152.54,200,126,-18444,7162
923,WMT,2020-11-30,0 days 15:56:07.248904,2731308,152.48,152.46,300,250,8385,-17044
924,WMT,2020-11-30,0 days 15:56:11.248496,2742891,152.54,152.51,552,290,-14023,11583
925,WMT,2020-11-30,0 days 15:56:14.248089,2730108,152.5,152.47,500,400,13083,-12523
926,WMT,2020-11-30,0 days 15:56:19.248923,2743191,152.53,152.5,450,200,-12837,12769
927,WMT,2020-11-30,0 days 15:56:23.250673,2705422,152.48,152.47,100,100,37769,-12837
928,WMT,2020-11-30,0 days 15:56:29.248439,2730422,152.51,152.48,100,550,12769,-12837
929,WMT,2020-11-30,0 days 15:56:30.250389,2743191,152.52,152.49,419,200,-12837,12769
930,WMT,2020-11-30,0 days 15:56:31.250283,2621028,152.52,152.5,319,110,122163,-12837
931,WMT,2020-11-30,0 days 15:56:35.250600,2743161,152.54,152.51,520,700,-12165,122133
932,WMT,2020-11-30,0 days 15:56:50.250281,2751828,152.53,152.51,203,200,9598,-8667
933,WMT,2020-11-30,0 days 15:57:09.250448,2760926,152.48,152.44,450,200,-14346,8764
934,WMT,2020-11-30,0 days 15:57:35.252986,2775572,152.46,152.43,740,267,10265,-2035
935,WMT,2020-11-30,0 days 15:58:59.254122,2967041,152.61,152.58,200,300,-10268,84012
936,WMT,2020-11-30,0 days 15:59:05.259426,2968035,152.53,152.47,100,420,23021,-67298
937,WMT,2020-11-30,0 days 15:59:06.257034,2977247,152.55,152.47,420,250,-16394,23021
938,WMT,2020-11-30,0 days 15:59:07.256378,2993641,152.57,152.49,250,500,5706,-16394
939,WMT,2020-11-30,0 days 15:59:08.258562,2977247,152.55,152.5,250,400,-45133,5706
940,WMT,2020-11-30,0 days 15:59:10.257152,3048333,152.6,152.56,100,400,40255,-56719
941,WMT,2020-11-30,0 days 15:59:31.247534,3094909,152.8,152.77,705,500,-72,1828
942,WORK,2020-11-30,0 days 15:55:50.257363,1468743,42.73,42.72,5500,500,-5982,3692
943,WORK,2020-11-30,0 days 15:55:57.258030,1474825,42.71,42.7,10900,4809,2898,-3027
944,WORK,2020-11-30,0 days 15:56:03.257637,1469966,42.71,42.7,8017,5111,-4859,15834
945,WORK,2020-11-30,0 days 15:56:19.257789,1474825,42.71,42.7,9219,6097,11641,-4859
946,WORK,2020-11-30,0 days 15:56:20.257742,1468566,42.71,42.7,8829,6197,-6266,11641
947,WORK,2020-11-30,0 days 15:56:36.257667,1475432,42.71,42.7,12171,3624,1194,-6666
948,WORK,2020-11-30,0 days 15:56:37.258791,1469926,42.71,42.7,12573,3524,-5506,1194
949,WORK,2020-11-30,0 days 15:57:04.259475,1475832,42.7,42.69,3533,3988,18634,-566
950,WORK,2020-11-30,0 days 15:57:05.259950,1472566,42.7,42.69,3793,4288,-3266,18634
951,WORK,2020-11-30,0 days 15:59:13.264512,1640784,42.86,42.84,100,2400,17191,-12681
952,WORK,2020-11-30,0 days 15:59:14.264500,1628680,42.86,42.85,100,800,-11604,17191
953,WORK,2020-11-30,0 days 15:59:18.263541,1640784,42.88,42.87,300,1000,135083,-9224
954,WORK,2020-11-30,0 days 15:59:19.262721,1664718,42.92,42.9,100,1000,-14466,135083
955,WORK,2020-11-30,0 days 15:59:20.262773,1669484,42.93,42.91,100,2063,3946,-14466
956,WORK,2020-11-30,0 days 15:59:21.262886,1657005,42.9,42.89,1827,500,-15779,3946
957,WORK,2020-11-30,0 days 15:59:22.262249,1656084,42.88,42.87,310,200,1312,-15779
958,WORK,2020-11-30,0 days 15:59:36.264215,1684934,42.92,42.91,3001,100,12542,-18458
959,WORK,2020-11-30,0 days 15:59:44.265053,1691301,42.94,42.93,576,591,-88819,2267
960,WORK,2020-11-30,0 days 15:59:45.266935,1678234,42.86,42.85,2453,200,33421,-88819
961,WORK,2020-11-30,0 days 15:59:46.265533,1698101,42.92,42.91,300,1100,-8133,33421
962,WORK,2020-11-30,0 days 15:59:47.265474,1697034,42.89,42.87,3200,200,11767,-8133
963,WORK,2020-11-30,0 days 15:59:50.272464,1708801,42.91,42.9,500,900,-9533,18767
964,WPX,2020-11-30,0 days 15:55:42.348468,621025,7.12,7.11,71098,21411,-3423,8877
965,WPX,2020-11-30,0 days 15:55:43.350750,616548,7.12,7.11,62798,20790,4477,-3423
966,WPX,2020-11-30,0 days 15:57:57.347545,626997,7.15,7.14,21386,63894,-11621,5179
967,WPX,2020-11-30,0 days 15:57:58.347353,624318,7.15,7.14,20186,59894,2692,-11621
968,WPX,2020-11-30,0 days 15:59:01.350749,629512,7.15,7.14,40039,22877,720,-24
969,WTI,2020-11-30,0 days 15:59:15.132807,1039873,1.97,1.96,25312,40801,-21828,26906
970,WTI,2020-11-30,0 days 15:59:47.121585,1062301,1.97,1.96,50494,18567,3240,-322
971,WTI,2020-11-30,0 days 15:59:50.125590,894341,1.97,1.96,24554,37182,-167960,3240
972,X,2020-11-30,0 days 15:55:00.349301,255751,14.23,14.22,10018,7245,1288,-42813
973,X,2020-11-30,0 days 15:55:01.348045,253239,14.23,14.22,11518,7045,-2512,1288
974,X,2020-11-30,0 days 15:59:08.351352,300753,14.19,14.18,4990,15337,3722,-14114
975,XOM,2020-11-30,0 days 15:55:45.349670,9150496,38.01,38.0,15625,16327,27266,-387431
976,XOM,2020-11-30,0 days 15:55:48.349535,9149651,38.05,38.04,12244,7447,-845,10655
977,XOM,2020-11-30,0 days 15:56:01.349616,9178780,38.06,38.05,10478,8858,11820,-33346
978,XOM,2020-11-30,0 days 15:56:24.349647,9186537,38.08,38.07,11170,7775,-360,2140
979,XOM,2020-11-30,0 days 15:57:44.347864,9243487,38.09,38.08,11472,8909,97994,-77168
980,YSG,2020-11-30,0 days 15:56:24.257490,41714,16.66,16.65,270,212,-21786,3214
981,YSG,2020-11-30,0 days 15:56:25.257576,40200,16.66,16.64,270,100,1514,-21786
982,YSG,2020-11-30,0 days 15:57:05.259825,42176,16.64,16.6,270,1066,-524,3676
983,YSG,2020-11-30,0 days 15:57:06.258881,38800,16.64,16.6,1270,1066,3376,-524
