,Symbol,Timestamp,TIME,iPaired,Ask_P,Bid_P,Ask_S,Bid_S,iShares,PreviShares
0,A,2020-02-20,0 days 15:55:00.162085,291356,84.32,84.31,265,927,-4514,15536
1,A,2020-02-20,0 days 15:55:01.163581,288670,84.33,84.31,448,500,2686,-4514
2,A,2020-02-20,0 days 15:57:01.454589,277447,84.36,84.35,328,2142,1214,-14486
3,A,2020-02-20,0 days 15:57:09.474169,285522,84.39,84.38,665,103,-2061,1875
4,A,2020-02-20,0 days 15:57:10.476045,283983,84.39,84.38,165,1033,1539,-2061
5,A,2020-02-20,0 days 15:57:55.585391,285905,84.39,84.38,1351,1757,-759,1941
6,A,2020-02-20,0 days 15:57:56.587578,284564,84.39,84.38,1251,1965,1341,-759
7,A,2020-02-20,0 days 15:58:24.656153,286007,84.39,84.38,1455,1245,-1380,1220
8,A,2020-02-20,0 days 15:58:25.658702,284687,84.39,84.38,2515,1048,1320,-1380
9,A,2020-02-20,0 days 15:58:35.682938,286007,84.36,84.35,817,1012,-5380,1520
10,A,2020-02-20,0 days 15:58:36.685831,285187,84.36,84.35,850,812,820,-5380
11,A,2020-02-20,0 days 15:59:06.758674,286125,84.37,84.36,772,1198,-1920,581
12,A,2020-02-20,0 days 15:59:13.776055,292003,84.38,84.37,600,954,207,-4307
13,A,2020-02-20,0 days 15:59:26.806286,292336,84.36,84.35,448,1087,-103,106
14,A,2020-02-20,0 days 15:59:27.808421,292239,84.36,84.35,348,1318,97,-103
15,A,2020-02-20,0 days 15:59:31.818388,292336,84.36,84.35,706,1278,-203,97
16,A,2020-02-20,0 days 15:59:32.821041,292239,84.36,84.35,573,1915,97,-203
17,AA,2020-02-20,0 days 15:56:51.470795,228372,16.17,16.16,2241,7099,-205,1795
18,AA,2020-02-20,0 days 15:56:53.475933,215577,16.18,16.17,8038,2700,9701,-3699
19,AA,2020-02-20,0 days 15:56:58.488258,261951,16.18,16.17,4046,7890,-61726,13074
20,AA,2020-02-20,0 days 15:56:59.490738,255377,16.17,16.16,2678,4500,9668,-61726
21,AA,2020-02-20,0 days 15:57:26.555764,262906,16.18,16.17,2598,5297,6998,-3702
22,AA,2020-02-20,0 days 15:58:02.644291,276882,16.14,16.13,4586,3559,-63124,8576
23,AA,2020-02-20,0 days 15:58:03.647736,268006,16.14,16.13,6685,2405,8876,-63124
24,AAN,2020-02-20,0 days 15:57:39.450372,55571,45.28,45.25,1096,200,-6672,26834
25,AAN,2020-02-20,0 days 15:57:42.457662,28737,45.26,45.25,1092,154,26834,-6672
26,AAN,2020-02-20,0 days 15:58:13.534176,30044,45.35,45.34,355,2236,26684,-6822
27,AAN,2020-02-20,0 days 15:58:21.553498,30194,45.36,45.35,632,899,26534,-5972
28,AAN,2020-02-20,0 days 15:58:29.572801,30694,45.38,45.37,1282,309,27434,-6472
29,AAN,2020-02-20,0 days 15:59:01.650415,57490,45.5,45.48,519,2705,-6915,25866
30,AAN,2020-02-20,0 days 15:59:15.684858,57090,45.5,45.49,6,2921,-16511,25547
31,AAN,2020-02-20,0 days 15:59:36.735896,59560,45.52,45.5,408,1527,-18190,25043
32,AAN,2020-02-20,0 days 15:59:37.738390,34517,45.51,45.5,2917,100,25043,-18190
33,AAN,2020-02-20,0 days 15:59:55.781941,34198,45.46,45.45,1389,304,26255,-18453
34,ABBV,2020-02-20,0 days 15:59:04.706789,476657,94.31,94.29,1003,10,-39581,14770
35,ABBV,2020-02-20,0 days 15:59:05.709433,425131,94.28,94.26,407,700,53837,-39581
36,ABBV,2020-02-20,0 days 15:59:06.711744,476152,94.29,94.27,520,106,-2374,53837
37,ABBV,2020-02-20,0 days 15:59:07.714135,441026,94.28,94.26,625,501,35479,-2374
38,ABBV,2020-02-20,0 days 15:59:40.793386,490808,94.24,94.23,224,59,-24015,3476
39,ABBV,2020-02-20,0 days 15:59:46.808028,490361,94.26,94.23,1433,32,393,-2645
40,ABEV,2020-02-20,0 days 15:57:38.409073,1311541,3.69,3.68,293387,630246,-2389,20411
41,ABEV,2020-02-20,0 days 15:59:07.626015,1357514,3.7,3.69,566202,836911,-28034,151442
42,ABEV,2020-02-20,0 days 15:59:36.697600,1373740,3.69,3.68,1364424,603387,-85278,100222
43,ABEV,2020-02-20,0 days 15:59:37.698554,1368618,3.69,3.68,1268924,610287,5122,-85278
44,ABT,2020-02-20,0 days 15:55:01.031786,798227,88.4,88.39,400,1186,-50684,19392
45,ABT,2020-02-20,0 days 15:56:55.304554,834986,88.47,88.46,1016,2357,4155,-1245
46,ABT,2020-02-20,0 days 15:57:36.404569,848064,88.49,88.48,1032,512,-2685,1615
47,ABT,2020-02-20,0 days 15:57:39.411524,841849,88.49,88.48,1036,1424,6215,-6685
48,ABT,2020-02-20,0 days 15:57:53.447316,848064,88.49,88.48,1276,866,-9785,1615
49,ABT,2020-02-20,0 days 15:57:54.447988,846449,88.49,88.48,1676,674,1647,-9785
50,ABT,2020-02-20,0 days 15:58:04.473703,848096,88.49,88.48,2200,1482,-5427,653
51,ABT,2020-02-20,0 days 15:58:05.475738,847963,88.49,88.48,2100,1582,133,-5427
52,ABT,2020-02-20,0 days 15:58:13.494942,847594,88.5,88.49,929,2605,-369,5531
53,ABT,2020-02-20,0 days 15:58:25.524456,847963,88.5,88.49,1138,2302,131,-369
54,ABT,2020-02-20,0 days 15:58:26.527041,847594,88.5,88.49,1244,2302,-369,131
55,ABT,2020-02-20,0 days 15:58:40.561473,848763,88.5,88.49,2817,1084,131,-369
56,ABT,2020-02-20,0 days 15:59:11.635857,867447,88.5,88.48,1099,1973,-6861,1352
57,ABT,2020-02-20,0 days 15:59:13.640530,868126,88.52,88.51,31,1287,42141,-675
58,ABT,2020-02-20,0 days 15:59:14.643050,905267,88.53,88.52,206,2390,-3959,42141
59,ABT,2020-02-20,0 days 15:59:15.645647,902557,88.53,88.52,1338,844,2710,-3959
60,ABT,2020-02-20,0 days 15:59:24.666720,912647,88.5,88.49,1136,1100,-498,1690
61,ABT,2020-02-20,0 days 15:59:36.697501,915660,88.48,88.47,2727,1565,-29,103
62,ABT,2020-02-20,0 days 15:59:56.740471,915660,88.48,88.46,1400,7016,-5908,1044
63,ABT,2020-02-20,0 days 15:59:57.740268,919268,88.46,88.44,400,1653,10244,-5908
64,ACB,2020-02-20,0 days 15:59:37.738530,82870,1.69,1.68,638461,353230,-12616,384
65,ACB,2020-02-20,0 days 15:59:38.741309,82486,1.69,1.68,652261,353130,384,-12616
66,ACM,2020-02-20,0 days 15:55:00.114662,159978,51.48,51.47,1216,200,-78,13641
67,ACM,2020-02-20,0 days 15:55:01.118119,159756,51.47,51.46,320,302,222,-78
68,ACM,2020-02-20,0 days 15:56:27.324618,160578,51.45,51.43,213,1070,-75,225
69,ACM,2020-02-20,0 days 15:56:28.326821,160353,51.45,51.44,323,300,225,-75
70,ACM,2020-02-20,0 days 15:56:50.380400,160578,51.44,51.43,1927,1051,-18,125
71,ACM,2020-02-20,0 days 15:57:57.542708,162937,51.4,51.39,1119,126,517,-83
72,ACM,2020-02-20,0 days 15:57:58.545170,162754,51.4,51.39,1119,226,-183,517
73,ACM,2020-02-20,0 days 15:58:04.560803,162937,51.4,51.39,2213,526,1117,-183
74,ACM,2020-02-20,0 days 15:58:05.562995,162754,51.4,51.39,2213,326,-183,1117
75,ACM,2020-02-20,0 days 15:58:14.585044,162937,51.4,51.39,3260,676,667,-333
76,ACM,2020-02-20,0 days 15:58:15.587758,162604,51.4,51.39,3151,1576,-333,667
77,ACM,2020-02-20,0 days 15:58:18.594668,162937,51.4,51.39,3261,876,967,-333
78,ACM,2020-02-20,0 days 15:58:19.597350,162604,51.4,51.39,3261,876,-333,967
79,ACM,2020-02-20,0 days 15:58:24.609478,162937,51.4,51.39,2993,300,167,-333
80,ACM,2020-02-20,0 days 15:58:25.612081,162604,51.4,51.39,2993,305,-333,167
81,ACM,2020-02-20,0 days 15:58:45.659924,164437,51.39,51.38,3082,2842,667,-433
82,ACM,2020-02-20,0 days 15:58:46.662264,164104,51.39,51.38,2982,2642,-333,667
83,ACM,2020-02-20,0 days 15:59:18.739780,169670,51.38,51.36,1098,1800,3734,-572
84,ACM,2020-02-20,0 days 15:59:19.742042,169598,51.37,51.36,620,878,-2847,3734
85,ACM,2020-02-20,0 days 15:59:33.776406,174207,51.37,51.35,1020,2096,391,-1509
86,ACM,2020-02-20,0 days 15:59:50.817835,174787,51.4,51.37,3902,1601,362,-738
87,ADM,2020-02-20,0 days 15:55:00.109971,184700,44.23,44.22,1002,1944,-627,49814
88,ADM,2020-02-20,0 days 15:55:01.113566,181127,44.23,44.22,250,3866,3573,-627
89,ADM,2020-02-20,0 days 15:55:42.212097,183173,44.23,44.22,983,4595,-55,1472
90,ADM,2020-02-20,0 days 15:55:46.221576,187428,44.23,44.22,1483,4762,3945,-55
91,ADM,2020-02-20,0 days 15:57:06.415257,203295,44.21,44.2,6349,1260,-975,5580
92,ADM,2020-02-20,0 days 15:57:07.417680,198870,44.21,44.2,6056,497,4425,-975
93,ADM,2020-02-20,0 days 15:59:04.702567,209964,44.2,44.19,1496,4317,-6542,6963
94,ADM,2020-02-20,0 days 15:59:05.705241,195506,44.2,44.19,1496,3818,14458,-6542
95,ADM,2020-02-20,0 days 15:59:20.741876,213984,44.22,44.21,1193,2657,1233,-2567
96,ADM,2020-02-20,0 days 15:59:39.787945,215619,44.24,44.23,7111,2128,-1917,283
97,ADM,2020-02-20,0 days 15:59:48.809535,215436,44.23,44.22,3752,1100,883,-1217
98,AEM,2020-02-20,0 days 15:56:49.377803,74166,51.44,51.43,686,755,167,-953
99,AEM,2020-02-20,0 days 15:56:52.385123,69133,51.44,51.43,2392,1006,-5033,167
100,AEM,2020-02-20,0 days 15:58:59.694870,87348,51.43,51.42,3551,2355,495,-2505
101,AEM,2020-02-20,0 days 15:59:00.696862,84543,51.43,51.42,3651,1935,-1505,495
102,AEM,2020-02-20,0 days 15:59:08.717499,84548,51.43,51.42,3868,2453,195,-1305
103,AEM,2020-02-20,0 days 15:59:09.718881,81143,51.43,51.42,3968,1755,-1911,195
104,AEM,2020-02-20,0 days 15:59:24.755370,86408,51.43,51.42,5238,400,220,-1266
105,AEM,2020-02-20,0 days 15:59:27.761854,86628,51.43,51.42,4341,311,-880,220
106,AEM,2020-02-20,0 days 15:59:45.805210,89108,51.41,51.4,300,200,4541,-323
107,AEM,2020-02-20,0 days 15:59:46.808028,88349,51.41,51.39,1200,655,-759,4541
108,AEO,2020-02-20,0 days 15:56:49.783144,156377,14.78,14.77,11729,21230,429,-671
109,AEO,2020-02-20,0 days 15:58:53.082767,162974,14.77,14.76,2118,22995,172,-1389
110,AEO,2020-02-20,0 days 15:59:32.178173,184862,14.77,14.76,12951,19529,-1434,1623
111,AEP,2020-02-20,0 days 15:56:29.241019,186877,102.49,102.48,203,613,1839,-1761
112,AEP,2020-02-20,0 days 15:56:56.307660,191748,102.42,102.41,600,603,-16064,2036
113,AEP,2020-02-20,0 days 15:56:59.314675,190358,102.41,102.4,1505,1925,422,-773
114,AEP,2020-02-20,0 days 15:57:05.329655,192687,102.39,102.35,2024,303,-1458,1242
115,AEP,2020-02-20,0 days 15:57:10.341612,193845,102.43,102.4,800,803,141,-58
116,AEP,2020-02-20,0 days 15:57:11.343968,194986,102.43,102.4,901,803,-172,141
117,AEP,2020-02-20,0 days 15:57:34.399464,196558,102.41,102.39,300,801,228,-72
118,AEP,2020-02-20,0 days 15:58:08.484019,215626,102.33,102.31,203,504,-3353,1510
119,AEP,2020-02-20,0 days 15:58:09.485508,218979,102.32,102.3,300,402,647,-3353
120,AEP,2020-02-20,0 days 15:58:10.488143,218126,102.33,102.31,605,506,-853,647
121,AEP,2020-02-20,0 days 15:58:22.517235,218979,102.34,102.33,1002,600,555,-1045
122,AEP,2020-02-20,0 days 15:59:01.611873,218979,102.44,102.43,605,900,1045,-945
123,AEP,2020-02-20,0 days 15:59:02.614126,218624,102.44,102.43,840,800,-355,1045
124,AEP,2020-02-20,0 days 15:59:11.636028,233629,102.44,102.43,902,100,185,-3635
125,AEP,2020-02-20,0 days 15:59:14.643173,232991,102.44,102.4,894,1036,-638,9262
126,AEP,2020-02-20,0 days 15:59:15.646085,233664,102.43,102.4,524,1137,1424,-638
127,AEP,2020-02-20,0 days 15:59:16.646874,233188,102.43,102.41,824,300,-476,1424
128,AEP,2020-02-20,0 days 15:59:26.671476,233679,102.41,102.36,800,474,5233,-764
129,AEP,2020-02-20,0 days 15:59:30.682391,233812,102.38,102.35,423,400,-383,3717
130,AEP,2020-02-20,0 days 15:59:35.694293,234195,102.39,102.35,1017,1111,817,-183
131,AEP,2020-02-20,0 days 15:59:36.697743,233712,102.39,102.35,1017,1211,-483,817
132,AEP,2020-02-20,0 days 15:59:38.701505,234195,102.38,102.35,663,1100,205,-83
133,AEP,2020-02-20,0 days 15:59:57.740576,232410,102.43,102.35,48,2119,-4483,2715
134,AEP,2020-02-20,0 days 16:00:00.746116,237895,102.38,102.35,200,7429,115,-2783
135,AES,2020-02-20,0 days 15:56:16.293297,153462,20.77,20.76,17811,21290,-9734,1066
136,AES,2020-02-20,0 days 15:56:17.295737,151796,20.77,20.76,13189,22290,1666,-9734
137,AES,2020-02-20,0 days 15:58:08.566086,154264,20.8,20.79,32795,11051,-4412,1328
138,AES,2020-02-20,0 days 15:58:09.568579,153376,20.8,20.79,31975,11451,888,-4412
139,AES,2020-02-20,0 days 15:58:21.597837,154264,20.8,20.79,8815,28443,-17,1483
140,AES,2020-02-20,0 days 15:58:23.603257,152381,20.8,20.79,8030,28543,1883,-17
141,AES,2020-02-20,0 days 15:58:38.638679,154264,20.81,20.8,21489,19681,-7817,1183
142,AES,2020-02-20,0 days 15:58:39.642106,153081,20.81,20.8,25404,16471,1183,-7817
143,AES,2020-02-20,0 days 15:59:12.722478,170086,20.81,20.8,22898,34682,-2339,9653
144,AES,2020-02-20,0 days 15:59:13.725016,166895,20.8,20.79,47699,8051,3439,-2339
145,AFL,2020-02-20,0 days 15:55:20.114244,256983,51.54,51.53,3843,3660,4963,-876
146,AFL,2020-02-20,0 days 15:55:21.116286,256746,51.54,51.53,3543,3760,-237,4963
147,AFL,2020-02-20,0 days 15:57:01.358259,261229,51.57,51.56,3242,3105,365,-443
148,AFL,2020-02-20,0 days 15:57:02.360973,260894,51.56,51.55,3505,2803,-335,365
149,AFL,2020-02-20,0 days 15:57:05.368176,261901,51.56,51.55,5035,1423,2015,-885
150,AFL,2020-02-20,0 days 15:57:06.370091,261344,51.56,51.55,4439,1730,-557,2015
151,AFL,2020-02-20,0 days 15:57:37.445148,264201,51.56,51.55,4808,3139,1743,-357
152,AFL,2020-02-20,0 days 15:57:38.448444,263844,51.56,51.55,5008,3039,-357,1743
153,AFL,2020-02-20,0 days 15:57:40.452258,264201,51.56,51.55,5111,3539,1743,-357
154,AFL,2020-02-20,0 days 15:57:41.455275,263844,51.56,51.55,5114,3339,-357,1743
155,AFL,2020-02-20,0 days 15:58:18.545946,264238,51.56,51.55,5029,6116,1714,-286
156,AFL,2020-02-20,0 days 15:58:19.548071,263952,51.56,51.55,5929,5316,-286,1714
157,AFL,2020-02-20,0 days 15:58:20.550615,264238,51.56,51.55,5729,5216,22,-286
158,AFL,2020-02-20,0 days 15:58:21.553185,263960,51.56,51.55,4225,6065,-278,22
159,AFL,2020-02-20,0 days 15:59:06.663246,279479,51.56,51.55,6371,1121,624,-1241
160,AFL,2020-02-20,0 days 15:59:07.665057,278496,51.56,51.55,6860,174,-2654,624
161,AFL,2020-02-20,0 days 15:59:34.730752,288854,51.53,51.52,300,8157,2264,-41
162,AFL,2020-02-20,0 days 15:59:35.733596,282718,51.53,51.52,900,8597,-4836,2264
163,AFL,2020-02-20,0 days 15:59:49.767319,282681,51.5,51.49,3600,7113,-73,820
164,AFL,2020-02-20,0 days 15:59:57.786663,282754,51.5,51.49,5179,1800,5698,-373
165,AG,2020-02-20,0 days 15:57:02.405304,45503,9.74,9.73,33654,15883,290,-5646
166,AG,2020-02-20,0 days 15:57:03.407704,45793,9.74,9.73,33954,16283,-635,290
167,AG,2020-02-20,0 days 15:59:06.707599,50485,9.72,9.71,10617,43426,1593,-4640
168,AGI,2020-02-20,0 days 15:56:55.392728,32311,6.78,6.77,13594,66867,3104,-2496
169,AIG,2020-02-20,0 days 15:55:46.221602,424250,49.79,49.78,3427,4556,-3944,156
170,AIG,2020-02-20,0 days 15:55:47.223876,419394,49.79,49.78,3927,4556,3356,-3944
171,AIG,2020-02-20,0 days 15:56:24.312673,418347,49.8,49.79,867,5039,4403,-1197
172,AIG,2020-02-20,0 days 15:57:05.412903,511198,49.82,49.81,2330,1943,12186,-7434
173,AIG,2020-02-20,0 days 15:57:36.487267,523384,49.83,49.82,2735,4780,-4518,4682
174,AIG,2020-02-20,0 days 15:57:37.489907,516302,49.83,49.82,2046,5480,7082,-4518
175,AIG,2020-02-20,0 days 15:57:39.495467,523384,49.84,49.83,3268,1906,-518,4082
176,AIG,2020-02-20,0 days 15:57:41.499965,508902,49.84,49.83,2205,3967,14482,-518
177,AIG,2020-02-20,0 days 15:59:05.705296,524841,49.8,49.79,634,4666,-65883,6508
178,AIG,2020-02-20,0 days 15:59:06.707676,523268,49.79,49.78,2100,1910,1573,-65883
179,AIG,2020-02-20,0 days 15:59:10.717561,528183,49.81,49.8,1978,1474,-1385,3350
180,AIG,2020-02-20,0 days 15:59:11.720849,529368,49.82,49.81,2300,300,13253,-1385
181,AIG,2020-02-20,0 days 15:59:12.722671,542621,49.83,49.82,2500,735,-15100,13253
182,AKS,2020-02-20,0 days 15:59:00.785345,115569,2.88,2.87,107216,48761,-3929,10160
183,AKS,2020-02-20,0 days 15:59:01.787233,111310,2.88,2.87,109116,47361,2359,-3929
184,AKS,2020-02-20,0 days 15:59:23.840831,146216,2.88,2.87,166014,32426,-957,6906
185,AKS,2020-02-20,0 days 15:59:39.880508,143793,2.88,2.87,136253,40927,4154,-12626
186,ALB,2020-02-20,0 days 15:59:15.779587,205324,94.29,94.26,100,400,-53084,5808
187,ALB,2020-02-20,0 days 15:59:16.780632,204708,94.19,94.17,500,200,2516,-53084
188,ALB,2020-02-20,0 days 15:59:20.792076,209754,94.3,94.17,800,218,-657,913
189,ALB,2020-02-20,0 days 15:59:21.794215,208711,94.3,94.21,808,1,3543,-657
190,ALB,2020-02-20,0 days 15:59:27.808241,214191,94.18,94.15,400,444,-2220,3143
191,ALB,2020-02-20,0 days 15:59:28.810892,213011,94.17,94.15,900,541,1180,-2220
192,ALB,2020-02-20,0 days 15:59:37.833367,224255,94.23,94.19,310,400,-4381,3494
193,ALB,2020-02-20,0 days 15:59:38.835687,223836,94.26,94.2,200,965,419,-4381
194,ALB,2020-02-20,0 days 15:59:42.845435,224155,94.3,94.25,974,1088,-529,19
195,ALB,2020-02-20,0 days 15:59:43.847956,223784,94.3,94.25,1244,1038,371,-529
196,ALB,2020-02-20,0 days 15:59:50.865461,222782,94.4,94.25,46,540,1373,-827
197,ALB,2020-02-20,0 days 15:59:51.867124,220623,94.46,94.26,1191,1132,-9224,1373
198,ALSN,2020-02-20,0 days 15:56:55.392772,122557,44.12,44.11,2372,2000,-3824,1362
199,ALSN,2020-02-20,0 days 15:56:56.395646,121881,44.12,44.11,3072,1547,676,-3824
200,ALSN,2020-02-20,0 days 15:57:05.417715,122957,44.12,44.11,2940,1181,-5261,1039
201,ALSN,2020-02-20,0 days 15:57:06.420059,122818,44.12,44.11,2840,1441,139,-5261
202,ALSN,2020-02-20,0 days 15:57:08.424876,97957,44.15,44.14,621,353,-24861,139
203,ALSN,2020-02-20,0 days 15:57:55.538184,123360,44.12,44.11,1579,715,-2133,662
204,ALSN,2020-02-20,0 days 15:57:56.540348,123193,44.12,44.11,2839,615,167,-2133
205,ALSN,2020-02-20,0 days 15:57:59.547668,123360,44.12,44.11,3159,515,-433,167
206,ALSN,2020-02-20,0 days 15:58:00.551922,123193,44.12,44.11,3395,415,167,-433
207,ALSN,2020-02-20,0 days 15:58:06.565574,123360,44.11,44.1,2466,400,-539,461
208,ALSN,2020-02-20,0 days 15:58:07.567832,122899,44.11,44.1,3005,200,461,-539
209,ALSN,2020-02-20,0 days 15:58:08.570568,123460,44.1,44.09,501,400,-7939,461
210,ALSN,2020-02-20,0 days 15:59:11.724390,129168,44.07,44.06,744,244,152,-586
211,ALSN,2020-02-20,0 days 15:59:18.739862,130512,44.06,44.05,800,131,-4398,544
212,ALSN,2020-02-20,0 days 15:59:36.783464,138791,44.05,44.04,595,3579,207,-648
213,ALSN,2020-02-20,0 days 15:59:45.805247,137787,44.09,44.08,365,200,-1704,696
214,ALSN,2020-02-20,0 days 15:59:46.808058,137691,44.09,44.08,868,24,96,-1704
215,AM,2020-02-20,0 days 15:57:19.539115,194758,5.08,5.07,23950,29286,2218,-6897
216,AM,2020-02-20,0 days 15:57:20.541535,187876,5.08,5.07,23650,29792,-6882,2218
217,AM,2020-02-20,0 days 15:58:20.688295,188868,5.07,5.06,40005,43218,-5890,4210
218,AM,2020-02-20,0 days 15:59:09.808300,204325,5.06,5.05,72115,50415,17508,-3558
219,AM,2020-02-20,0 days 15:59:12.814945,200833,5.06,5.05,70012,50543,-1892,1108
220,AM,2020-02-20,0 days 15:59:45.895393,208512,5.06,5.05,56597,15627,-4966,187
221,AMC,2020-02-20,0 days 15:55:01.031517,38091,7.74,7.73,2056,7457,5423,-7317
222,AMC,2020-02-20,0 days 15:55:02.031540,37014,7.75,7.74,15697,3601,-277,5423
223,AMC,2020-02-20,0 days 15:56:15.206645,40783,7.74,7.73,7261,9296,3131,-2969
224,AMC,2020-02-20,0 days 15:56:56.307477,40783,7.75,7.74,8247,2291,3587,-1813
225,AMCR,2020-02-20,0 days 15:58:44.609182,608077,10.27,10.26,39133,59684,835,-5088
226,AMCR,2020-02-20,0 days 15:58:50.623761,601179,10.27,10.26,46073,52573,-6898,4002
227,AMCR,2020-02-20,0 days 15:59:05.660855,612100,10.26,10.25,54368,44500,3852,-1147
228,AMH,2020-02-20,0 days 15:55:00.046647,72376,29.06,29.05,5649,4841,-3621,18760
229,AMH,2020-02-20,0 days 15:55:01.043157,70297,29.06,29.05,6249,4741,2079,-3621
230,AMH,2020-02-20,0 days 15:58:04.485205,109201,29.08,29.07,3232,6039,-4,5174
231,AMH,2020-02-20,0 days 15:58:05.486905,109205,29.08,29.07,2532,7510,331,-4
232,AMH,2020-02-20,0 days 15:59:06.635238,109249,29.1,29.09,5752,13098,-8500,3844
233,AMH,2020-02-20,0 days 15:59:07.637726,107355,29.1,29.09,6081,11898,4694,-8500
234,AMH,2020-02-20,0 days 15:59:45.729877,120670,29.1,29.09,3538,11472,-847,641
235,AMH,2020-02-20,0 days 15:59:46.732079,116445,29.1,29.09,3134,9372,4325,-847
236,AMT,2020-02-20,0 days 15:57:01.402843,144540,247.18,247.13,202,454,164,-136
237,AMT,2020-02-20,0 days 15:57:02.405408,143447,247.18,247.13,302,454,-1106,164
238,AMT,2020-02-20,0 days 15:57:39.495467,144753,247.25,247.2,682,1157,1979,-621
239,AMT,2020-02-20,0 days 15:57:40.497123,144532,247.25,247.2,682,1057,-221,1979
240,AMT,2020-02-20,0 days 15:57:49.519087,144753,247.24,247.21,100,545,1379,-221
241,AMT,2020-02-20,0 days 15:57:51.525151,145132,247.18,247.1,99,5,-1121,79
242,AMT,2020-02-20,0 days 15:58:14.580820,153863,247.25,247.2,600,360,-37,1463
243,AMT,2020-02-20,0 days 15:58:25.607635,152200,247.25,247.24,810,754,1663,-37
244,AMT,2020-02-20,0 days 15:58:50.668223,144863,247.43,247.39,100,100,-7637,63
245,AMT,2020-02-20,0 days 15:58:51.670077,144600,247.43,247.38,200,41,263,-7637
246,AMT,2020-02-20,0 days 15:58:59.689802,143600,247.46,247.38,400,256,163,-537
247,AMT,2020-02-20,0 days 15:59:07.710118,145423,247.46,247.38,427,397,-877,1923
248,AMT,2020-02-20,0 days 15:59:08.713951,145111,247.46,247.38,427,397,312,-877
249,AMT,2020-02-20,0 days 15:59:10.717561,148012,247.46,247.38,427,1083,-3515,2826
250,AMT,2020-02-20,0 days 15:59:11.720822,147827,247.52,247.5,100,751,10076,-3515
251,AMT,2020-02-20,0 days 15:59:50.815689,162228,247.62,247.49,320,600,71,-329
252,AMX,2020-02-20,0 days 15:56:57.485659,126776,17.58,17.57,45867,17179,-7269,676
253,AMX,2020-02-20,0 days 15:56:58.488286,120045,17.58,17.57,52648,14340,6731,-7269
254,AMX,2020-02-20,0 days 15:59:14.819762,145540,17.56,17.55,24629,38494,-2072,6857
255,AMX,2020-02-20,0 days 15:59:18.829138,139851,17.56,17.55,24884,33426,5689,-2072
256,AMX,2020-02-20,0 days 15:59:57.924102,141369,17.6,17.59,43059,23749,-349,1751
257,APA,2020-02-20,0 days 15:55:03.527120,161425,28.62,28.61,2923,2206,4674,-2526
258,APA,2020-02-20,0 days 15:55:04.528967,159599,28.62,28.61,3123,1807,-1826,4674
259,APA,2020-02-20,0 days 15:58:50.074422,173389,28.6,28.59,7768,4913,5753,-2318
260,APA,2020-02-20,0 days 15:58:51.076847,170642,28.6,28.59,6213,5313,-2747,5753
261,APA,2020-02-20,0 days 15:59:25.160372,175186,28.6,28.59,3644,262,625,-1145
262,APA,2020-02-20,0 days 15:59:26.162225,173811,28.6,28.59,3844,462,-1375,625
263,APHA,2020-02-20,0 days 15:55:00.161938,103081,4.27,4.26,65361,37402,90363,-98224
264,APHA,2020-02-20,0 days 15:58:38.689662,105660,4.27,4.26,87100,41117,-3821,779
265,APLE,2020-02-20,0 days 15:55:00.115209,66078,15.11,15.1,9866,2440,-1182,17685
266,APLE,2020-02-20,0 days 15:56:51.380377,67307,15.11,15.1,12262,10170,1250,-650
267,APLE,2020-02-20,0 days 15:59:04.703148,69763,15.12,15.11,17345,1844,-579,3921
268,APLE,2020-02-20,0 days 15:59:11.721049,72353,15.12,15.11,13949,5015,629,-2590
269,APLE,2020-02-20,0 days 15:59:12.723040,70682,15.12,15.11,13028,5622,-1671,629
270,APLE,2020-02-20,0 days 15:59:21.744154,74274,15.12,15.11,15929,1691,4308,-3592
271,APLE,2020-02-20,0 days 15:59:22.746468,74082,15.12,15.11,15629,1758,-192,4308
272,APLE,2020-02-20,0 days 15:59:25.754336,74735,15.12,15.11,6738,11458,347,-192
273,APLE,2020-02-20,0 days 15:59:38.786093,76482,15.12,15.11,15102,4063,-220,347
274,APLE,2020-02-20,0 days 15:59:40.791399,76702,15.12,15.11,14302,5363,180,-220
275,AR,2020-02-20,0 days 15:55:00.109466,251285,1.85,1.84,10021,101179,4162,-44396
276,AR,2020-02-20,0 days 15:55:01.113430,247647,1.85,1.84,8121,111779,-3638,4162
277,AR,2020-02-20,0 days 15:56:35.339180,262664,1.85,1.84,56598,102085,23983,-36338
278,AR,2020-02-20,0 days 15:56:36.341678,257947,1.85,1.84,56598,102085,-4717,23983
279,AR,2020-02-20,0 days 15:57:09.422020,262664,1.85,1.84,61863,95738,9383,-4217
280,AR,2020-02-20,0 days 15:57:10.424730,258047,1.85,1.84,61863,89590,-4617,9383
281,ARMK,2020-02-20,0 days 15:57:52.578398,153152,42.9,42.89,700,907,-295,105
282,ARMK,2020-02-20,0 days 15:57:53.580429,151526,42.91,42.9,1550,800,1626,-295
283,ARMK,2020-02-20,0 days 15:58:06.612946,153152,42.89,42.88,568,802,-1375,2038
284,ARMK,2020-02-20,0 days 15:58:07.615164,152227,42.89,42.88,630,602,925,-1375
285,ARMK,2020-02-20,0 days 15:58:12.627052,153152,42.89,42.88,616,1259,-119,925
286,ARMK,2020-02-20,0 days 15:58:13.629239,152771,42.89,42.88,616,1259,381,-119
287,ARMK,2020-02-20,0 days 15:58:36.685277,153152,42.89,42.88,947,1025,-1319,1081
288,ARMK,2020-02-20,0 days 15:58:37.687505,152771,42.89,42.88,947,1225,381,-1319
289,ARMK,2020-02-20,0 days 15:59:04.754524,155197,42.86,42.85,1265,100,-5951,1260
290,ARMK,2020-02-20,0 days 15:59:05.756340,147248,42.85,42.84,623,1548,8009,-5951
291,ARMK,2020-02-20,0 days 15:59:10.769843,165057,42.87,42.85,1400,786,-107,309
292,ARMK,2020-02-20,0 days 15:59:12.772885,165564,42.86,42.85,42,888,1893,-107
293,ARNC,2020-02-20,0 days 15:56:05.222591,235887,33.63,33.62,4449,1530,5820,-624
294,ARNC,2020-02-20,0 days 15:56:06.225088,231407,33.63,33.62,4130,2030,-4480,5820
295,ARNC,2020-02-20,0 days 15:56:52.336228,235887,33.61,33.6,800,3923,1198,-3929
296,ARNC,2020-02-20,0 days 15:56:53.338578,233185,33.61,33.6,1130,3723,-14791,1198
297,ARNC,2020-02-20,0 days 15:58:50.623702,257360,33.63,33.62,1002,7444,2078,-5706
298,ARNC,2020-02-20,0 days 15:58:51.625680,253476,33.63,33.62,7414,32,-3684,2078
299,ARNC,2020-02-20,0 days 15:59:05.660855,249356,33.62,33.61,5215,1549,2882,-3684
300,ARNC,2020-02-20,0 days 15:59:06.663286,247276,33.62,33.61,5377,1252,-1307,2882
301,ARNC,2020-02-20,0 days 15:59:08.668028,248380,33.61,33.6,3138,3648,841,-1307
302,ARNC,2020-02-20,0 days 15:59:12.677190,249221,33.62,33.61,1324,4592,-7126,411
303,ARNC,2020-02-20,0 days 15:59:13.679761,257247,33.62,33.61,1223,5214,945,-7126
304,ARNC,2020-02-20,0 days 15:59:57.786663,429410,33.7,33.69,9698,100,35919,-214672
305,ATH,2020-02-20,0 days 15:55:00.065572,85504,49.67,49.66,683,333,43982,-10205
306,ATH,2020-02-20,0 days 15:55:16.104578,122986,49.67,49.66,1373,1576,-12832,38268
307,ATH,2020-02-20,0 days 15:55:17.107344,119518,49.68,49.67,708,1780,3468,-12832
308,ATH,2020-02-20,0 days 15:56:30.282209,122986,49.71,49.7,985,74,-151,49
309,ATH,2020-02-20,0 days 15:56:34.292230,117937,49.7,49.69,400,521,2539,-961
310,ATH,2020-02-20,0 days 15:57:09.377384,126152,49.71,49.7,884,959,-427,1815
311,ATH,2020-02-20,0 days 15:57:10.380179,123679,49.71,49.7,884,959,2473,-427
312,ATH,2020-02-20,0 days 15:57:38.448410,126152,49.71,49.7,211,600,-210,1480
313,ATH,2020-02-20,0 days 15:57:41.455023,121507,49.71,49.7,456,900,4645,-210
314,ATH,2020-02-20,0 days 15:57:44.461792,126152,49.72,49.7,400,461,-10,1745
315,ATH,2020-02-20,0 days 15:57:50.477141,125697,49.73,49.72,400,311,455,-855
316,ATH,2020-02-20,0 days 15:59:04.657961,126297,49.75,49.73,5667,1326,-295,805
317,ATH,2020-02-20,0 days 15:59:06.663246,125119,49.75,49.73,5742,1385,1178,-4822
318,ATH,2020-02-20,0 days 15:59:10.673029,126342,49.75,49.73,639,1910,-5213,1178
319,ATH,2020-02-20,0 days 15:59:11.674914,125655,49.75,49.73,699,1810,687,-5213
320,ATH,2020-02-20,0 days 15:59:18.691554,126342,49.76,49.75,200,1330,-1516,287
321,ATH,2020-02-20,0 days 15:59:19.693998,125558,49.75,49.73,994,956,784,-1516
322,ATH,2020-02-20,0 days 15:59:37.738307,126841,49.76,49.75,385,19,-1241,383
323,ATH,2020-02-20,0 days 15:59:41.747692,126841,49.77,49.75,6,1300,-2741,259
324,ATH,2020-02-20,0 days 15:59:43.752736,126782,49.78,49.75,1303,505,59,-641
325,ATH,2020-02-20,0 days 15:59:45.757830,126841,49.76,49.75,690,154,-1245,3759
326,ATUS,2020-02-20,0 days 15:55:00.519994,375723,29.02,29.01,1097,12089,61449,-21378
327,ATUS,2020-02-20,0 days 15:56:11.691445,446775,29.0,28.99,3950,7040,-1934,3705
328,ATUS,2020-02-20,0 days 15:56:12.693930,443509,29.0,28.99,4278,7040,3266,-1934
329,ATUS,2020-02-20,0 days 15:56:32.741633,441795,29.0,28.99,1274,11840,-1714,3266
330,ATUS,2020-02-20,0 days 15:56:33.744012,439009,29.0,28.99,1230,12190,2786,-1714
331,ATUS,2020-02-20,0 days 15:57:39.905009,443681,29.0,28.99,6384,8570,-1274,1511
332,ATUS,2020-02-20,0 days 15:57:41.909604,443455,29.0,28.99,6639,11210,226,-74
333,ATUS,2020-02-20,0 days 15:58:35.038789,442555,29.0,28.99,9337,20173,1126,-3474
334,ATUS,2020-02-20,0 days 15:59:40.197787,462457,29.0,28.99,801,21682,1002,-3098
335,AU,2020-02-20,0 days 15:55:43.214564,56441,20.22,20.21,8121,3886,-228,272
336,AU,2020-02-20,0 days 15:55:44.216784,55969,20.22,20.21,8321,2720,472,-228
337,AU,2020-02-20,0 days 15:56:51.378304,56441,20.23,20.22,7238,7201,-1488,472
338,AU,2020-02-20,0 days 15:56:52.380035,54729,20.23,20.22,7338,8101,1712,-1488
339,AU,2020-02-20,0 days 15:56:59.398495,56441,20.22,20.21,1600,8201,-1544,1321
340,AU,2020-02-20,0 days 15:57:58.540944,63886,20.2,20.19,9121,8261,3955,-3545
341,AU,2020-02-20,0 days 15:57:59.543521,60341,20.2,20.19,8821,8461,-3545,3955
342,AU,2020-02-20,0 days 15:58:05.558779,63948,20.2,20.19,8668,9114,3293,-3545
343,AU,2020-02-20,0 days 15:58:06.561180,60341,20.2,20.19,8968,9014,-3607,3293
344,AU,2020-02-20,0 days 15:58:12.575856,76007,20.2,20.19,9523,14224,434,-3607
345,AU,2020-02-20,0 days 15:58:13.578641,74541,20.2,20.19,10363,14724,-1466,434
346,AU,2020-02-20,0 days 15:59:07.710091,86595,20.21,20.2,2064,11799,7086,-11714
347,AU,2020-02-20,0 days 15:59:09.714594,71781,20.21,20.2,2077,13199,-7608,5392
348,AUY,2020-02-20,0 days 15:59:01.745965,185175,4.44,4.43,299005,431116,78526,-111190
349,AUY,2020-02-20,0 days 15:59:02.748264,178056,4.44,4.43,294874,431116,-7119,78526
350,AUY,2020-02-20,0 days 15:59:38.835833,224629,4.45,4.44,491611,445706,13157,-7043
351,AUY,2020-02-20,0 days 15:59:39.838039,217586,4.45,4.44,507111,442406,-7043,13157
352,AVTR,2020-02-20,0 days 15:55:01.042961,43372,17.69,17.68,201,2164,-25306,6651
353,AVTR,2020-02-20,0 days 15:59:30.692954,65344,17.69,17.68,947,2237,210,-290
354,AVYA,2020-02-20,0 days 15:57:43.433244,96859,14.53,14.52,7852,30349,3372,-1628
355,AVYA,2020-02-20,0 days 15:57:44.435403,94931,14.53,14.52,7866,30449,-1928,3372
356,AVYA,2020-02-20,0 days 15:59:04.630385,103664,14.53,14.52,11665,23033,478,-488
357,AVYA,2020-02-20,0 days 15:59:06.635332,101042,14.53,14.52,9904,26133,-2622,478
358,AVYA,2020-02-20,0 days 15:59:11.647576,107696,14.53,14.52,7044,32258,4601,-1734
359,AXL,2020-02-20,0 days 15:55:00.161896,85761,8.24,8.23,2373,3174,-3118,3638
360,AXL,2020-02-20,0 days 15:57:05.464321,86624,8.25,8.24,8853,1974,60,-40
361,AXL,2020-02-20,0 days 15:57:07.469154,84617,8.25,8.24,7207,1547,-2007,8693
362,AXL,2020-02-20,0 days 15:57:40.548787,62624,8.25,8.24,7924,1215,2893,-2007
363,AXL,2020-02-20,0 days 15:57:45.560813,74617,8.25,8.24,8890,1519,-2807,593
364,AXL,2020-02-20,0 days 15:58:22.651153,87210,8.25,8.24,11676,7909,2897,-1993
365,AXL,2020-02-20,0 days 15:58:23.654030,85707,8.25,8.24,11668,7909,-3,2897
366,AXL,2020-02-20,0 days 15:58:45.706973,80007,8.25,8.24,14544,2949,-3784,2516
367,AXP,2020-02-20,0 days 15:57:50.522754,405166,136.62,136.61,911,175,1687,-2513
368,AXP,2020-02-20,0 days 15:57:51.525474,402453,136.62,136.61,777,175,-3013,1687
369,AXP,2020-02-20,0 days 15:59:08.713951,403505,136.61,136.6,300,388,193,-87
370,AXP,2020-02-20,0 days 15:59:10.718631,403698,136.63,136.62,100,635,-20,193
371,AXP,2020-02-20,0 days 15:59:13.725462,408255,136.69,136.68,200,603,20238,-1734
372,AXTA,2020-02-20,0 days 15:56:45.456008,116296,29.67,29.66,5060,1782,53,-47
373,AXTA,2020-02-20,0 days 15:56:52.473395,116349,29.67,29.66,4709,2618,-2347,53
374,AXTA,2020-02-20,0 days 15:56:54.478355,118796,29.67,29.66,4936,2398,90,-210
375,AXTA,2020-02-20,0 days 15:56:55.480715,118586,29.67,29.66,4844,3398,-110,90
376,AXTA,2020-02-20,0 days 15:57:00.493115,119805,29.67,29.66,5745,2297,809,-1582
377,AXTA,2020-02-20,0 days 15:57:02.498183,118314,29.67,29.66,6445,2098,-1391,909
378,AXTA,2020-02-20,0 days 15:57:42.595246,120890,29.66,29.65,5267,6125,1850,-1550
379,AXTA,2020-02-20,0 days 15:57:43.597430,119340,29.66,29.65,5067,6125,-1550,1850
380,AXTA,2020-02-20,0 days 15:58:03.647736,121290,29.66,29.65,6151,5679,1850,-1950
381,AXTA,2020-02-20,0 days 15:58:04.649295,119340,29.66,29.65,7051,6379,-1950,1850
382,AXTA,2020-02-20,0 days 15:59:10.810671,128780,29.66,29.65,9472,10226,6144,-4479
383,AXTA,2020-02-20,0 days 15:59:11.812511,131024,29.66,29.65,5271,12577,-756,6144
384,AYX,2020-02-20,0 days 15:56:08.230017,35410,147.09,146.96,179,69,-24,1950
385,AYX,2020-02-20,0 days 15:56:10.234396,33534,147.13,147.02,403,400,1776,-124
386,AYX,2020-02-20,0 days 15:56:12.239295,35310,147.13,147.03,303,100,-856,1776
387,AYX,2020-02-20,0 days 15:56:13.241912,33766,147.13,147.03,303,106,1544,-856
388,AYX,2020-02-20,0 days 15:59:11.675095,36095,147.05,146.97,1497,1152,2005,-810
389,AZN,2020-02-20,0 days 15:55:00.203005,42074,48.94,48.93,6589,2041,-1970,11950
390,AZN,2020-02-20,0 days 15:55:01.205331,41644,48.94,48.93,7694,3041,430,-1970
391,AZN,2020-02-20,0 days 15:56:05.359996,43574,48.94,48.93,7132,7877,-107,598
392,AZN,2020-02-20,0 days 15:56:06.362240,43181,48.94,48.93,7132,7877,393,-107
393,AZN,2020-02-20,0 days 15:56:18.390966,43574,48.94,48.93,6253,6460,-4207,393
394,AZN,2020-02-20,0 days 15:56:19.393443,43181,48.93,48.92,5626,3259,393,-4207
395,AZN,2020-02-20,0 days 15:56:51.470758,44074,48.94,48.93,2720,13080,-327,493
396,AZN,2020-02-20,0 days 15:56:52.473340,41501,48.94,48.93,2820,12580,2573,-327
397,AZN,2020-02-20,0 days 15:57:04.503038,44107,48.94,48.93,4105,10260,-3099,2397
398,AZN,2020-02-20,0 days 15:57:05.505477,41906,48.95,48.94,2000,10345,2201,-3099
399,AZN,2020-02-20,0 days 15:57:07.510558,44107,48.95,48.94,2405,10850,-2699,2201
400,AZN,2020-02-20,0 days 15:57:08.512856,41906,48.95,48.94,2223,9650,2201,-2699
401,AZN,2020-02-20,0 days 15:57:32.570612,44107,48.98,48.97,4604,2399,-2297,1603
402,AZN,2020-02-20,0 days 15:57:33.572749,42504,48.98,48.97,3704,5199,1603,-2297
403,AZN,2020-02-20,0 days 15:57:43.597333,44107,48.98,48.97,5884,5320,-2897,903
404,AZN,2020-02-20,0 days 15:57:44.599936,43204,48.98,48.97,5884,5320,903,-2897
405,AZN,2020-02-20,0 days 15:58:31.714548,44201,48.97,48.96,9315,1560,-139,761
406,AZN,2020-02-20,0 days 15:58:32.717021,42840,48.97,48.96,10315,600,1361,-139
407,AZN,2020-02-20,0 days 15:59:00.785345,44201,48.98,48.97,10105,2056,-2339,661
408,AZN,2020-02-20,0 days 15:59:01.787204,43940,48.98,48.97,11609,1156,331,-2339
409,AZN,2020-02-20,0 days 15:59:11.812469,45940,48.98,48.97,13103,864,411,-121
410,AZN,2020-02-20,0 days 15:59:14.819689,46351,48.98,48.97,10018,3273,-3422,411
411,BA,2020-02-20,0 days 15:58:27.018988,194920,336.22,336.16,8,10,335,-1605
412,BA,2020-02-20,0 days 15:58:28.021606,193315,336.18,336.16,210,100,-1605,335
413,BA,2020-02-20,0 days 15:59:04.109519,193786,336.16,336.09,10,641,2392,-367
414,BA,2020-02-20,0 days 15:59:36.188433,200330,336.4,336.33,200,320,-1058,742
415,BA,2020-02-20,0 days 15:59:38.193087,200888,336.31,336.23,777,130,2042,-558
416,BABA,2020-02-20,0 days 15:55:00.114139,873996,218.2,218.16,388,401,103144,-7243
417,BAC,2020-02-20,0 days 15:55:00.203208,1720240,34.82,34.81,86576,52967,60785,-23421
418,BAC,2020-02-20,0 days 15:55:19.249225,1782417,34.82,34.81,54207,93288,-44362,4579
419,BAC,2020-02-20,0 days 15:55:20.252171,1774679,34.82,34.81,61626,59176,20036,-44362
420,BAC,2020-02-20,0 days 15:56:56.483314,1803748,34.84,34.83,105855,42412,5872,-11401
421,BAC,2020-02-20,0 days 15:57:36.580617,1833562,34.83,34.82,44622,155974,-3686,6714
422,BAC,2020-02-20,0 days 15:57:37.582695,1824048,34.83,34.82,31622,162764,9514,-3686
423,BAC,2020-02-20,0 days 15:57:44.599965,1833562,34.83,34.82,9231,197492,-66986,19414
424,BAC,2020-02-20,0 days 15:57:45.602050,1828559,34.83,34.82,17631,183846,5003,-66986
425,BAC,2020-02-20,0 days 15:58:01.641664,1833926,34.84,34.83,163977,13756,-1022,5367
426,BAC,2020-02-20,0 days 15:58:02.644291,1828859,34.83,34.82,114725,156538,5067,-1022
427,BAC,2020-02-20,0 days 15:58:10.664190,1835617,34.83,34.82,155763,119822,-5031,11269
428,BAC,2020-02-20,0 days 15:58:11.666330,1822148,34.83,34.82,168163,111825,13469,-5031
429,BAC,2020-02-20,0 days 15:58:28.707535,1825348,34.83,34.82,161804,130392,17469,-431
430,BAC,2020-02-20,0 days 15:59:34.868804,2087509,34.85,34.84,35278,245803,21457,-9596
431,BAC,2020-02-20,0 days 15:59:40.883667,2068866,34.89,34.88,11536,244454,-55577,10107
432,BAC,2020-02-20,0 days 15:59:46.897590,2041286,34.88,34.87,180250,4967,27580,-11325
433,BAC,2020-02-20,0 days 15:59:49.905452,2108966,34.86,34.85,65568,100243,-42379,18721
434,BB,2020-02-20,0 days 15:59:36.708250,56435,6.16,6.15,157337,87613,-7150,8650
435,BB,2020-02-20,0 days 15:59:37.710489,55885,6.16,6.15,157037,85213,550,-7150
436,BBD,2020-02-20,0 days 15:59:03.655011,1415022,7.31,7.3,279112,506038,-77961,51622
437,BBD,2020-02-20,0 days 15:59:04.658334,1400083,7.31,7.3,309212,481866,14939,-77961
438,BBD,2020-02-20,0 days 15:59:41.747964,1406558,7.31,7.3,405767,184744,8624,-15676
439,BBVA,2020-02-20,0 days 15:59:36.708334,80330,5.54,5.53,449799,236942,-17500,19793
440,BBY,2020-02-20,0 days 15:58:44.570218,205902,91.94,91.92,270,505,-3829,2037
441,BBY,2020-02-20,0 days 15:58:45.572411,201331,91.94,91.92,470,389,4571,-3829
442,BBY,2020-02-20,0 days 15:59:45.718254,241128,91.95,91.93,1172,400,-4525,1020
443,BBY,2020-02-20,0 days 15:59:46.720828,239453,91.94,91.93,549,400,1675,-4525
444,BCS,2020-02-20,0 days 15:59:14.727835,68564,9.34,9.33,165462,37208,-26885,1719
445,BEN,2020-02-20,0 days 15:55:00.520250,139620,25.75,25.74,5381,12670,682,-363
446,BEN,2020-02-20,0 days 15:55:34.602968,140639,25.76,25.75,4181,17269,-5781,519
447,BEN,2020-02-20,0 days 15:55:35.605258,139920,25.76,25.75,3981,17069,719,-5781
448,BEN,2020-02-20,0 days 15:55:41.619467,140639,25.76,25.75,1014,20745,-5281,719
449,BEN,2020-02-20,0 days 15:55:42.621882,139458,25.76,25.75,1014,21200,1181,-5281
450,BEN,2020-02-20,0 days 15:56:05.676887,140639,25.75,25.74,4196,13464,-2033,1181
451,BEN,2020-02-20,0 days 15:56:20.713375,146318,25.75,25.74,12115,5541,4021,-5679
452,BEN,2020-02-20,0 days 15:56:21.715811,145739,25.75,25.74,15216,1470,-579,4021
453,BEN,2020-02-20,0 days 15:56:57.802746,149997,25.74,25.73,4183,11411,2453,-868
454,BEN,2020-02-20,0 days 15:57:05.822770,156915,25.74,25.73,8729,7213,-180,120
455,BEN,2020-02-20,0 days 15:57:38.902062,157095,25.74,25.73,9418,13853,1220,-180
456,BEN,2020-02-20,0 days 15:59:05.112416,175314,25.73,25.72,12638,2038,-676,6124
457,BEN,2020-02-20,0 days 15:59:09.122175,178690,25.73,25.72,24523,3328,142,-2886
458,BEN,2020-02-20,0 days 15:59:12.129319,178152,25.72,25.71,18264,11166,-838,7174
459,BGS,2020-02-20,0 days 15:56:51.378228,78760,13.83,13.82,5967,4961,994,-1006
460,BGS,2020-02-20,0 days 15:56:52.379924,76554,13.83,13.82,5367,4961,-2206,994
461,BGS,2020-02-20,0 days 15:58:14.580803,78766,13.82,13.81,6215,5900,-1249,1751
462,BGS,2020-02-20,0 days 15:58:23.603294,80015,13.82,13.81,6588,6500,51,-1249
463,BGS,2020-02-20,0 days 15:58:24.604995,78766,13.82,13.81,7279,5224,-1249,51
464,BGS,2020-02-20,0 days 15:59:10.717423,81715,13.82,13.81,8646,1245,1194,-26
465,BGS,2020-02-20,0 days 15:59:11.720734,79532,13.82,13.81,7409,882,-2183,1194
466,BGS,2020-02-20,0 days 15:59:46.805050,89295,13.82,13.81,6090,3224,4250,-686
467,BGS,2020-02-20,0 days 15:59:47.807751,89045,13.82,13.81,457,6864,-250,4250
468,BK,2020-02-20,0 days 15:57:05.417634,244711,45.8,45.79,4663,3549,44240,-2153
469,BK,2020-02-20,0 days 15:57:06.419966,243951,45.81,45.8,3300,3962,-860,44240
470,BK,2020-02-20,0 days 15:57:34.487803,249263,45.83,45.82,6543,4327,811,-1089
471,BK,2020-02-20,0 days 15:57:35.489576,248074,45.83,45.82,6051,5034,-2589,811
472,BK,2020-02-20,0 days 15:57:39.499257,250663,45.83,45.82,5345,5531,11,-1289
473,BK,2020-02-20,0 days 15:57:41.504328,248074,45.83,45.82,1945,7858,-2589,11
474,BK,2020-02-20,0 days 15:58:50.672236,249270,45.84,45.83,894,8051,3306,-461
475,BK,2020-02-20,0 days 15:58:51.674345,248276,45.85,45.84,9995,3920,-994,3306
476,BK,2020-02-20,0 days 15:59:07.714090,262952,45.84,45.83,10447,500,5289,-12176
477,BK,2020-02-20,0 days 15:59:08.717385,260341,45.84,45.83,8031,2200,-111,5289
478,BK,2020-02-20,0 days 15:59:10.721878,262952,45.84,45.83,7833,944,17292,-111
479,BK,2020-02-20,0 days 15:59:11.724255,251344,45.84,45.83,4766,5134,-11608,17292
480,BK,2020-02-20,0 days 15:59:16.734766,264895,45.86,45.85,10256,1204,37431,-1408
481,BKD,2020-02-20,0 days 15:57:42.419211,92564,8.3,8.29,6572,13958,-729,971
482,BKD,2020-02-20,0 days 15:58:47.578058,91394,8.31,8.3,14743,17772,-1999,401
483,BKD,2020-02-20,0 days 15:59:02.614106,93393,8.31,8.3,19141,16564,52,-168
484,BKD,2020-02-20,0 days 15:59:33.689390,93347,8.3,8.29,26873,700,56,-1748
485,BKR,2020-02-20,0 days 15:55:00.115209,482412,20.75,20.74,5434,7356,-12181,136315
486,BKR,2020-02-20,0 days 15:55:01.118808,488777,20.75,20.74,5234,7656,3235,-12181
487,BKR,2020-02-20,0 days 15:55:02.119771,486712,20.75,20.74,10834,5114,-2065,3235
488,BKR,2020-02-20,0 days 15:55:20.164056,492114,20.74,20.73,9126,4658,842,-2402
489,BKR,2020-02-20,0 days 15:55:21.166444,490056,20.74,20.73,8013,5858,-2058,842
490,BKR,2020-02-20,0 days 15:56:58.396590,496860,20.72,20.71,10888,6786,-4496,917
491,BKR,2020-02-20,0 days 15:57:20.450801,511226,20.72,20.71,11661,2418,60,-3459
492,BKR,2020-02-20,0 days 15:57:37.491075,508386,20.72,20.71,12848,4223,-2840,60
493,BKR,2020-02-20,0 days 15:58:14.581705,516314,20.71,20.7,17202,8725,415,-2292
494,BKR,2020-02-20,0 days 15:58:15.584628,513329,20.72,20.71,793,17624,-3285,415
495,BMY,2020-02-20,0 days 15:55:00.520250,884090,65.14,65.13,828,1759,-9027,119133
496,BMY,2020-02-20,0 days 15:55:05.532733,893117,65.15,65.14,3047,1100,1890,-1298
497,BMY,2020-02-20,0 days 15:55:06.536875,890405,65.16,65.15,2848,1600,-2912,1890
498,BMY,2020-02-20,0 days 15:55:19.566696,901389,65.13,65.12,528,2172,1845,-1687
499,BMY,2020-02-20,0 days 15:55:20.568817,900534,65.13,65.12,500,2272,-755,1845
500,BMY,2020-02-20,0 days 15:55:42.621882,901968,65.15,65.14,2365,1837,3295,-1134
501,BMY,2020-02-20,0 days 15:55:43.624387,900863,65.16,65.15,400,2636,-1105,3295
502,BMY,2020-02-20,0 days 15:56:30.737012,902221,65.16,65.15,1723,4872,1042,-1258
503,BMY,2020-02-20,0 days 15:56:31.739280,899563,65.16,65.15,1400,5281,-2658,1042
504,BMY,2020-02-20,0 days 15:56:57.802746,909299,65.14,65.13,1422,2310,189,-1301
505,BMY,2020-02-20,0 days 15:57:55.943456,939827,65.15,65.14,1900,2719,-2158,3442
506,BMY,2020-02-20,0 days 15:57:56.946387,937285,65.15,65.14,1721,3619,2542,-2158
507,BMY,2020-02-20,0 days 15:58:06.971094,935689,65.17,65.16,559,4704,-1729,3790
508,BMY,2020-02-20,0 days 15:58:09.978194,926525,65.17,65.16,1565,7133,1338,-3862
509,BMY,2020-02-20,0 days 15:58:23.009773,927544,65.2,65.19,2749,4454,-5181,1219
510,BMY,2020-02-20,0 days 15:58:24.011825,926325,65.2,65.19,3270,6450,319,-5181
511,BMY,2020-02-20,0 days 15:58:29.024229,927544,65.2,65.19,4086,8960,-3081,1219
512,BMY,2020-02-20,0 days 15:58:30.027065,926325,65.2,65.19,4386,8735,319,-3081
513,BMY,2020-02-20,0 days 15:58:41.053203,927544,65.2,65.19,4100,3047,-1081,319
514,BMY,2020-02-20,0 days 15:58:42.055764,937825,65.2,65.19,4500,3047,1319,-1081
515,BMY,2020-02-20,0 days 15:59:04.109454,939358,65.2,65.19,384,9788,-164,3518
516,BMY,2020-02-20,0 days 15:59:06.114584,935022,65.21,65.2,4300,404,2153,-164
517,BMY,2020-02-20,0 days 15:59:40.197934,1012325,65.2,65.19,821,4516,-2697,10833
518,BP,2020-02-20,0 days 15:55:00.161822,102910,36.01,36.0,14762,16749,-83805,52665
519,BP,2020-02-20,0 days 15:55:01.163538,98315,36.0,35.99,5703,29331,4595,-83805
520,BP,2020-02-20,0 days 15:56:05.318577,102910,36.0,35.99,16822,16142,-1702,1298
521,BP,2020-02-20,0 days 15:56:06.320703,98812,36.0,35.99,17642,14542,4098,-1702
522,BP,2020-02-20,0 days 15:58:01.600132,112122,35.99,35.98,29279,16648,-2788,4612
523,BP,2020-02-20,0 days 15:58:02.603107,107710,35.99,35.98,30456,13148,4012,-2788
524,BP,2020-02-20,0 days 15:58:08.617568,112350,35.99,35.98,29935,14844,-2972,4240
525,BP,2020-02-20,0 days 15:58:09.619891,108622,35.99,35.98,31835,14044,3328,-2972
526,BP,2020-02-20,0 days 15:59:00.744180,114692,35.98,35.97,19266,33481,-1367,4321
527,BP,2020-02-20,0 days 15:59:01.746004,111759,35.98,35.97,21466,33681,2933,-1367
528,BRFS,2020-02-20,0 days 15:58:49.716716,44702,7.0,6.99,65126,52857,3136,-2377
529,BRK.B,2020-02-20,0 days 15:59:06.635118,319244,228.2,228.17,829,102,-15999,13317
530,BRK.B,2020-02-20,0 days 15:59:07.637577,317643,228.19,228.15,697,1549,1601,-15999
531,BRK.B,2020-02-20,0 days 15:59:09.642612,318944,228.2,228.18,560,473,-277,1523
532,BRX,2020-02-20,0 days 15:56:08.684230,142357,20.3,20.29,9369,3700,-44661,5339
533,BRX,2020-02-20,0 days 15:56:09.686713,140018,20.3,20.29,9369,3700,2339,-44661
534,BRX,2020-02-20,0 days 15:56:51.788013,142388,20.3,20.29,9425,6871,-36,1204
535,BRX,2020-02-20,0 days 15:56:53.792948,144924,20.3,20.29,10725,5871,1449,-36
536,BRX,2020-02-20,0 days 15:57:59.953376,147305,20.31,20.3,8376,4723,-176,2024
537,BRX,2020-02-20,0 days 15:58:00.956652,173281,20.31,20.3,8776,4723,4482,-176
538,BRX,2020-02-20,0 days 15:59:48.216815,205439,20.32,20.31,15246,14001,905,-1550
539,BRX,2020-02-20,0 days 15:59:49.219715,206344,20.32,20.31,14746,13739,-243,905
540,BRX,2020-02-20,0 days 15:59:50.223626,174287,20.32,20.31,14973,13230,32057,-243
541,BSX,2020-02-20,0 days 15:55:01.041478,758782,42.51,42.5,8942,2110,-79371,170579
542,BSX,2020-02-20,0 days 15:55:02.043155,756553,42.5,42.49,5700,3062,2229,-79371
543,BSX,2020-02-20,0 days 15:55:48.153953,786401,42.52,42.51,4055,6127,-1097,3603
544,BSX,2020-02-20,0 days 15:57:01.329890,794863,42.53,42.52,4810,10602,4053,-747
545,BSX,2020-02-20,0 days 15:57:02.332491,793716,42.53,42.52,4810,10002,-1147,4053
546,BSX,2020-02-20,0 days 15:57:05.339687,794863,42.53,42.52,4799,10202,5409,-91
547,BSX,2020-02-20,0 days 15:57:06.342590,794372,42.53,42.52,4899,10212,-491,5409
548,BSX,2020-02-20,0 days 15:57:39.421662,802663,42.56,42.55,5392,10774,4309,-1191
549,BSX,2020-02-20,0 days 15:57:40.424249,802172,42.56,42.55,8800,7964,-491,4309
550,BSX,2020-02-20,0 days 15:57:49.446344,802663,42.56,42.55,1724,13356,2388,-512
551,BSX,2020-02-20,0 days 15:57:50.448880,802051,42.56,42.55,3332,12096,-612,2388
552,BSX,2020-02-20,0 days 15:57:51.451332,802663,42.56,42.55,5632,8956,2088,-612
553,BSX,2020-02-20,0 days 15:57:52.454068,802051,42.56,42.55,5632,8980,-612,2088
554,BSX,2020-02-20,0 days 15:58:05.485420,811745,42.55,42.54,10218,5875,-4418,1582
555,BSX,2020-02-20,0 days 15:58:06.487875,810163,42.55,42.54,8718,7075,1242,-4418
556,BSX,2020-02-20,0 days 15:58:26.536941,810763,42.56,42.55,4852,4539,1100,-5300
557,BSX,2020-02-20,0 days 15:58:48.589541,811863,42.56,42.55,200,11619,-600,300
558,BSX,2020-02-20,0 days 15:59:04.628715,829238,42.55,42.54,11595,1947,-517,1890
559,BSX,2020-02-20,0 days 15:59:10.643334,830455,42.55,42.54,10790,3083,11028,-3119
560,BSX,2020-02-20,0 days 15:59:13.650448,838082,42.56,42.55,1500,7132,-73,8192
561,BSX,2020-02-20,0 days 15:59:20.666645,835794,42.55,42.54,3677,5000,6788,-5268
562,BSX,2020-02-20,0 days 15:59:21.669371,835482,42.55,42.54,3203,5803,-312,6788
563,BSX,2020-02-20,0 days 15:59:22.671387,835794,42.55,42.54,578,6700,11297,-312
564,BSX,2020-02-20,0 days 15:59:40.717173,858126,42.55,42.54,5400,3726,-964,736
565,BWA,2020-02-20,0 days 15:55:00.114238,113452,35.17,35.16,1336,1983,17741,-38446
566,BWA,2020-02-20,0 days 15:56:12.288757,152831,35.13,35.12,5253,300,-14906,3394
567,BWA,2020-02-20,0 days 15:56:13.290170,151237,35.12,35.11,991,1202,1594,-14906
568,BWA,2020-02-20,0 days 15:56:49.377648,152844,35.15,35.14,433,5,-2283,1107
569,BWA,2020-02-20,0 days 15:56:50.380292,151627,35.14,35.13,117,1406,317,-2283
570,BWA,2020-02-20,0 days 15:57:54.535308,152851,35.18,35.16,793,1500,-571,573
571,BWA,2020-02-20,0 days 15:58:05.562890,154011,35.17,35.16,1444,1338,-411,789
572,BWA,2020-02-20,0 days 15:58:06.565361,152922,35.17,35.16,1144,2138,1089,-411
573,BWA,2020-02-20,0 days 15:58:09.572722,154069,35.17,35.16,1276,2191,-2457,3647
574,BWA,2020-02-20,0 days 15:58:10.574991,153744,35.17,35.16,1376,2091,325,-2457
575,BWA,2020-02-20,0 days 15:58:11.577445,152925,35.19,35.17,400,500,-819,325
576,BWA,2020-02-20,0 days 15:58:12.579808,146500,35.19,35.17,200,1544,5281,-819
577,BWA,2020-02-20,0 days 15:59:04.706509,153053,35.18,35.17,2641,1055,-10358,993
578,BWA,2020-02-20,0 days 15:59:40.793233,167034,35.18,35.15,7057,1377,-716,5184
579,BWA,2020-02-20,0 days 15:59:58.834357,171999,35.15,35.14,1700,173,279,-865
580,BX,2020-02-20,0 days 15:59:39.715692,181307,62.4,62.39,4393,764,-1842,258
581,C,2020-02-20,0 days 15:55:45.311720,693335,78.18,78.17,2136,3932,5541,-1059
582,C,2020-02-20,0 days 15:55:49.321248,698876,78.19,78.18,1100,3433,-17559,5541
583,C,2020-02-20,0 days 15:55:50.324049,693335,78.19,78.18,1100,4234,5541,-17559
584,C,2020-02-20,0 days 15:57:05.505395,704876,78.2,78.19,3600,500,-14229,6185
585,C,2020-02-20,0 days 15:57:06.507831,700695,78.2,78.19,800,4064,3960,-14229
586,C,2020-02-20,0 days 15:57:33.572514,704876,78.21,78.2,476,7170,-2050,2650
587,C,2020-02-20,0 days 15:57:34.575273,701226,78.21,78.2,869,8235,3185,-2050
588,C,2020-02-20,0 days 15:57:57.631168,696360,78.26,78.25,3904,801,5903,-1597
589,C,2020-02-20,0 days 15:58:14.673788,705365,78.22,78.21,10999,312,-15169,5387
590,C,2020-02-20,0 days 15:58:19.685451,701557,78.23,78.22,3500,1730,3564,-15169
591,C,2020-02-20,0 days 15:58:35.724237,705121,78.25,78.24,1980,7547,-2436,3564
592,C,2020-02-20,0 days 15:58:36.727016,698857,78.25,78.24,770,8835,4116,-2436
593,C,2020-02-20,0 days 15:59:10.810498,705801,78.27,78.26,1890,4218,905,-8192
594,C,2020-02-20,0 days 15:59:11.812385,706706,78.27,78.26,1129,6209,-7727,905
595,C,2020-02-20,0 days 15:59:13.817026,714433,78.27,78.26,1451,6619,47812,-2427
596,C,2020-02-20,0 days 15:59:23.840634,762857,78.27,78.26,4459,3416,-1220,224
597,C,2020-02-20,0 days 15:59:25.845772,758777,78.26,78.25,4300,896,4080,-1220
598,C,2020-02-20,0 days 15:59:34.868677,762857,78.28,78.27,1980,6250,-2787,4080
599,C,2020-02-20,0 days 15:59:35.870777,760744,78.28,78.27,2362,5600,2113,-2787
600,CAG,2020-02-20,0 days 15:56:30.331440,202894,29.87,29.86,3926,3984,3044,-256
601,CAG,2020-02-20,0 days 15:56:40.356149,205970,29.87,29.86,4996,4299,-7127,4573
602,CAG,2020-02-20,0 days 15:56:41.358775,202797,29.87,29.86,3596,2900,3173,-7127
603,CAG,2020-02-20,0 days 15:59:06.711533,210205,29.88,29.87,1846,6972,1212,-4454
604,CAG,2020-02-20,0 days 15:59:46.807917,258948,29.87,29.86,4446,7743,389,-9177
605,CAH,2020-02-20,0 days 15:55:00.066223,369301,60.39,60.38,1162,14,1638,-5702
606,CAH,2020-02-20,0 days 15:56:55.343586,374324,60.38,60.37,1097,1609,-11735,865
607,CAH,2020-02-20,0 days 15:56:56.345988,370268,60.37,60.36,300,1459,4080,-11735
608,CAH,2020-02-20,0 days 15:57:39.450459,374700,60.49,60.47,600,13,-6098,2002
609,CAH,2020-02-20,0 days 15:57:40.452617,373798,60.48,60.46,530,2039,902,-6098
610,CAH,2020-02-20,0 days 15:57:41.455463,374700,60.46,60.45,800,425,-298,902
611,CAH,2020-02-20,0 days 15:57:42.457807,373898,60.45,60.44,200,1600,802,-298
612,CAH,2020-02-20,0 days 15:58:31.577785,374797,60.48,60.47,1010,3176,-1201,799
613,CAH,2020-02-20,0 days 15:58:32.580420,374098,60.48,60.47,1200,3176,699,-1201
614,CAH,2020-02-20,0 days 15:58:39.597231,374797,60.47,60.46,881,2222,-4201,1099
615,CAH,2020-02-20,0 days 15:58:43.606649,374797,60.49,60.47,5670,6,-1,299
616,CAH,2020-02-20,0 days 15:58:44.609343,374598,60.49,60.47,5470,513,199,-1
617,CAH,2020-02-20,0 days 15:59:03.655041,374797,60.48,60.47,1081,1300,-196,79
618,CAH,2020-02-20,0 days 15:59:04.658389,374693,60.48,60.47,1181,1000,189,-196
619,CAH,2020-02-20,0 days 15:59:10.673417,379211,60.48,60.47,464,816,-3015,155
620,CAH,2020-02-20,0 days 15:59:11.675261,379126,60.48,60.47,464,1016,2359,-3015
621,CAH,2020-02-20,0 days 15:59:18.691864,382962,60.45,60.43,308,1745,-1180,335
622,CAH,2020-02-20,0 days 15:59:44.755762,390553,60.47,60.46,1054,300,315,-1685
623,CAH,2020-02-20,0 days 15:59:55.782050,390553,60.46,60.44,399,487,1915,-485
624,CARS,2020-02-20,0 days 15:55:00.162090,50168,11.86,11.85,106,2436,956,-17398
625,CARS,2020-02-20,0 days 15:57:42.554291,61682,11.85,11.84,1213,3266,-451,549
626,CARS,2020-02-20,0 days 15:57:43.556020,60033,11.85,11.84,1213,3266,1649,-451
627,CARS,2020-02-20,0 days 15:57:51.575703,61682,11.85,11.84,1202,3366,-351,649
628,CARS,2020-02-20,0 days 15:57:52.578523,60233,11.85,11.84,1730,2938,1449,-351
629,CARS,2020-02-20,0 days 15:59:04.754766,62183,11.83,11.82,2580,200,-120,1295
630,CARS,2020-02-20,0 days 15:59:05.756615,60503,11.83,11.82,2525,697,1680,-120
631,CAT,2020-02-20,0 days 15:56:08.203526,153894,137.05,137.04,2,600,-1032,254
632,CAT,2020-02-20,0 days 15:57:38.421271,156119,137.08,137.06,1198,552,28,-72
633,CAT,2020-02-20,0 days 15:57:39.423143,154847,137.08,137.06,1398,352,-1272,28
634,CAT,2020-02-20,0 days 15:58:02.479819,156252,137.08,137.07,100,5,423,-1177
635,CAT,2020-02-20,0 days 15:58:03.482489,155075,137.09,137.07,100,1007,-1177,423
636,CAT,2020-02-20,0 days 15:58:41.574462,158451,137.06,137.05,2972,846,6680,-206
637,CAT,2020-02-20,0 days 15:58:42.576633,157431,137.06,137.05,2776,847,-1020,6680
638,CAT,2020-02-20,0 days 15:58:59.617144,158381,137.02,137.01,302,400,664,-319
639,CAT,2020-02-20,0 days 15:59:00.620198,157945,137.02,137.01,200,3,-436,664
640,CAT,2020-02-20,0 days 15:59:05.633395,158091,137.01,137.0,537,3961,-290,580
641,CAT,2020-02-20,0 days 15:59:09.642879,156672,137.02,137.01,938,124,548,-181
642,CAT,2020-02-20,0 days 15:59:10.645119,156520,137.02,137.01,1238,496,-1177,548
643,CAT,2020-02-20,0 days 15:59:22.673121,179573,137.0,136.99,670,700,-658,742
644,CAT,2020-02-20,0 days 15:59:34.702968,180706,136.98,136.96,1522,9514,2167,-633
645,CAT,2020-02-20,0 days 15:59:35.705851,179288,136.98,136.96,1130,9014,-1418,2167
646,CAT,2020-02-20,0 days 15:59:36.708387,180706,136.97,136.96,104,7814,510,-1418
647,CAT,2020-02-20,0 days 15:59:40.718926,180316,136.98,136.97,565,500,-990,2710
648,CAT,2020-02-20,0 days 15:59:45.729987,181923,136.97,136.96,821,4337,1420,-2032
649,CAT,2020-02-20,0 days 15:59:46.732135,180907,136.97,136.95,2030,700,-1616,1420
650,CAT,2020-02-20,0 days 15:59:48.737199,182523,136.95,136.94,900,1243,844,-605
651,CAT,2020-02-20,0 days 15:59:49.739083,181395,136.95,136.94,902,1233,-1128,844
652,CB,2020-02-20,0 days 15:55:00.520134,135931,162.95,162.9,360,430,63191,-16298
653,CB,2020-02-20,0 days 15:59:05.112349,193846,163.08,163.05,764,416,-1368,3511
654,CB,2020-02-20,0 days 15:59:10.124505,188684,163.12,163.1,300,739,1002,-1598
655,CB,2020-02-20,0 days 15:59:12.129269,196412,163.18,163.15,438,1046,-3768,10929
656,CB,2020-02-20,0 days 15:59:13.131907,194480,163.18,163.15,438,1047,1732,-3768
657,CB,2020-02-20,0 days 15:59:18.143344,197251,163.2,163.16,500,650,-214,2033
658,CB,2020-02-20,0 days 15:59:33.180390,130128,163.1,163.06,10,100,-45915,299
659,CB,2020-02-20,0 days 15:59:37.190826,175650,163.1,163.06,140,10,59839,-39761
660,CC,2020-02-20,0 days 15:55:41.619433,90816,19.69,19.68,700,5422,-4294,914
661,CC,2020-02-20,0 days 15:55:42.621852,90310,19.69,19.68,700,5622,506,-4294
662,CC,2020-02-20,0 days 15:56:50.785621,93146,19.7,19.69,1422,5477,-2964,736
663,CC,2020-02-20,0 days 15:56:51.787844,89210,19.7,19.69,1422,6177,3936,-2964
664,CC,2020-02-20,0 days 15:56:57.802664,95646,19.7,19.69,1161,4282,-464,336
665,CC,2020-02-20,0 days 15:57:03.817687,96110,19.7,19.69,3395,4282,1114,-464
666,CC,2020-02-20,0 days 15:57:06.824873,97224,19.7,19.69,2995,4351,-4286,1114
667,CC,2020-02-20,0 days 15:57:40.906804,106216,19.71,19.7,2502,7613,3908,-492
668,CC,2020-02-20,0 days 15:59:09.122188,115866,19.73,19.72,1899,11481,4299,-77
669,CC,2020-02-20,0 days 15:59:36.188212,117524,19.73,19.72,2402,11156,-692,2708
670,CC,2020-02-20,0 days 15:59:50.223286,115390,19.72,19.71,11620,2634,-376,2024
671,CCC,2020-02-20,0 days 15:56:42.284730,84266,23.17,23.15,850,2993,615,-685
672,CCC,2020-02-20,0 days 15:57:40.425667,85297,23.16,23.15,1580,1400,-1849,1151
673,CCC,2020-02-20,0 days 15:57:41.428246,84546,23.16,23.15,1480,1400,751,-1849
674,CCC,2020-02-20,0 days 15:58:41.574385,84246,23.17,23.16,8856,2162,1051,-5049
675,CCI,2020-02-20,0 days 15:55:19.249196,131196,166.82,166.81,558,333,1135,-26865
676,CCI,2020-02-20,0 days 15:55:20.252171,128631,166.85,166.83,700,153,-2565,1135
677,CCI,2020-02-20,0 days 15:56:55.480654,131273,166.77,166.75,640,210,13311,-2389
678,CCI,2020-02-20,0 days 15:56:56.483245,131144,166.82,166.77,500,509,-129,13311
679,CCI,2020-02-20,0 days 15:57:02.498138,132577,166.82,166.77,531,321,377,-3223
680,CCI,2020-02-20,0 days 15:57:04.503030,132282,166.79,166.75,200,393,-295,905
681,CCI,2020-02-20,0 days 15:57:34.575337,140124,166.83,166.82,801,434,58,-842
682,CCI,2020-02-20,0 days 15:57:35.577789,139282,166.83,166.82,801,571,-842,58
683,CCI,2020-02-20,0 days 15:58:07.656449,141202,166.85,166.83,9,200,364,-836
684,CCI,2020-02-20,0 days 15:58:08.658990,140584,166.85,166.83,3,289,-618,364
685,CCI,2020-02-20,0 days 15:58:10.664138,141202,166.85,166.83,3,294,382,-618
686,CCI,2020-02-20,0 days 15:58:11.666311,140484,166.86,166.85,918,164,-718,382
687,CCI,2020-02-20,0 days 15:58:27.704916,146202,166.89,166.86,249,1100,482,-818
688,CCI,2020-02-20,0 days 15:58:39.733834,146484,166.94,166.92,197,305,-518,282
689,CCI,2020-02-20,0 days 15:58:40.736545,146102,166.95,166.94,1076,2,382,-518
690,CCI,2020-02-20,0 days 15:58:50.760582,144911,166.96,166.94,198,1302,-1191,382
691,CCI,2020-02-20,0 days 15:58:51.763379,144702,166.96,166.94,298,1538,209,-1191
692,CCI,2020-02-20,0 days 15:59:04.795241,148211,166.99,166.98,473,1182,-63,99
693,CCI,2020-02-20,0 days 15:59:10.810580,148730,167.03,167.01,200,200,8990,-195
694,CCI,2020-02-20,0 days 15:59:14.819689,159169,167.06,167.03,100,605,-186,824
695,CCI,2020-02-20,0 days 15:59:17.826762,158605,167.05,167.03,226,1006,664,-86
696,CCI,2020-02-20,0 days 15:59:41.885325,147811,167.13,167.07,96,140,-5368,946
697,CCL,2020-02-20,0 days 15:57:39.411591,300501,42.52,42.51,1542,5803,860,-2440
698,CCL,2020-02-20,0 days 15:57:40.414032,298579,42.53,42.52,3156,1491,-1922,860
699,CCL,2020-02-20,0 days 15:57:41.416795,297901,42.52,42.51,2676,3453,78,-1922
700,CCL,2020-02-20,0 days 15:58:42.565413,311029,42.53,42.52,11423,9722,4216,-384
701,CCL,2020-02-20,0 days 15:58:43.568228,306945,42.53,42.52,11223,9722,-4084,4216
702,CCL,2020-02-20,0 days 15:58:50.584900,284660,42.53,42.52,12476,4338,22288,-4081
703,CCL,2020-02-20,0 days 15:59:05.621473,312631,42.53,42.52,6175,23213,-11229,20626
704,CCL,2020-02-20,0 days 15:59:25.669776,330137,42.54,42.53,4429,12508,-15111,1089
705,CCL,2020-02-20,0 days 15:59:26.671447,327748,42.54,42.53,5556,12385,2389,-15111
706,CCL,2020-02-20,0 days 15:59:42.710853,330164,42.54,42.53,3946,4391,-1966,434
707,CCL,2020-02-20,0 days 15:59:43.713458,332130,42.53,42.52,701,4673,334,-1966
708,CCL,2020-02-20,0 days 15:59:47.722977,333564,42.53,42.52,4483,2588,-1166,3134
709,CCL,2020-02-20,0 days 15:59:50.731506,329630,42.53,42.52,4517,357,3934,-1166
710,CDAY,2020-02-20,0 days 15:55:01.032128,47065,75.07,75.02,172,796,10749,-16588
711,CDAY,2020-02-20,0 days 15:55:02.031835,44714,75.09,75.07,6,58,-2351,10749
712,CDAY,2020-02-20,0 days 15:56:51.294530,51785,75.18,75.14,112,497,169,-131
713,CDAY,2020-02-20,0 days 15:56:52.296726,50056,75.18,75.14,112,597,-1776,169
714,CDAY,2020-02-20,0 days 15:58:39.558467,53306,75.15,75.04,200,400,134253,-1447
715,CDE,2020-02-20,0 days 15:55:43.214582,174156,6.3,6.29,6477,15711,2900,-1000
716,CDE,2020-02-20,0 days 15:57:05.412876,177588,6.3,6.29,9899,5861,-1243,857
717,CDE,2020-02-20,0 days 15:57:07.417680,176031,6.3,6.29,9293,6161,1557,-2243
718,CDE,2020-02-20,0 days 15:58:39.642193,225594,6.3,6.29,13803,23821,-2137,363
719,CDE,2020-02-20,0 days 15:58:40.643697,221631,6.3,6.29,13803,23466,3963,-2137
720,CDE,2020-02-20,0 days 15:59:01.694956,187523,6.3,6.29,16223,26166,-34108,3963
721,CDE,2020-02-20,0 days 15:59:02.696795,187131,6.3,6.29,17229,25250,392,-34108
722,CFG,2020-02-20,0 days 15:55:00.035213,250739,38.73,38.72,5026,5368,15057,-39827
723,CFG,2020-02-20,0 days 15:56:32.248170,263334,38.73,38.72,2011,10366,-471,5729
724,CFG,2020-02-20,0 days 15:56:49.290011,263805,38.73,38.72,4272,10856,4929,-471
725,CFG,2020-02-20,0 days 15:57:09.339426,271541,38.73,38.72,6260,10187,-1315,336
726,CFG,2020-02-20,0 days 15:57:10.341612,267056,38.73,38.72,5407,9772,4485,-1315
727,CFG,2020-02-20,0 days 15:58:17.505395,266185,38.76,38.75,11794,12350,10800,-500
728,CFG,2020-02-20,0 days 15:59:05.621515,283618,38.77,38.76,7903,12823,-29154,5243
729,CFG,2020-02-20,0 days 15:59:11.636002,283313,38.78,38.77,10808,12591,914,-6115
730,CFG,2020-02-20,0 days 15:59:18.652046,288659,38.79,38.78,14469,15154,-5506,1465
731,CFG,2020-02-20,0 days 15:59:19.655210,287765,38.79,38.78,20155,9333,894,-5506
732,CFG,2020-02-20,0 days 15:59:34.691466,298787,38.79,38.78,7844,18395,-3948,136
733,CGC,2020-02-20,0 days 15:59:16.823754,41126,22.31,22.3,4165,7236,775,-825
734,CGC,2020-02-20,0 days 15:59:24.843872,41901,22.32,22.31,993,2250,-168,775
735,CGC,2020-02-20,0 days 15:59:29.855832,45069,22.32,22.31,2192,2936,1032,-168
736,CGC,2020-02-20,0 days 15:59:38.878336,46234,22.31,22.29,2680,7400,-6537,82
737,CGC,2020-02-20,0 days 15:59:48.902926,45819,22.31,22.3,3998,235,282,-418
738,CHD,2020-02-20,0 days 15:58:07.973299,327270,76.38,76.36,1211,1007,-778,3153
739,CHD,2020-02-20,0 days 15:58:08.975948,325648,76.37,76.35,560,754,1622,-778
740,CHD,2020-02-20,0 days 15:58:26.017041,327360,76.37,76.36,1110,2,-188,1712
741,CHD,2020-02-20,0 days 15:58:27.018988,325748,76.37,76.36,1495,2,1612,-188
742,CHD,2020-02-20,0 days 15:58:31.028819,327360,76.37,76.35,1399,327,-988,912
743,CHD,2020-02-20,0 days 15:58:32.032870,325948,76.37,76.35,1399,627,1412,-988
744,CHD,2020-02-20,0 days 15:58:38.045728,327360,76.37,76.36,1448,450,-1388,1612
745,CHD,2020-02-20,0 days 15:58:39.048247,325748,76.37,76.36,1390,464,1612,-1388
746,CHD,2020-02-20,0 days 15:59:06.114607,325860,76.38,76.36,1515,639,-6121,599
747,CHD,2020-02-20,0 days 15:59:07.117089,325137,76.37,76.34,834,1202,1464,-6121
748,CHD,2020-02-20,0 days 15:59:15.136769,325314,76.38,76.36,1254,1254,-631,1112
749,CHD,2020-02-20,0 days 15:59:16.138822,325145,76.38,76.36,1673,2150,169,-631
750,CHD,2020-02-20,0 days 15:59:20.148405,325314,76.37,76.35,1137,5,-2936,169
751,CHD,2020-02-20,0 days 15:59:25.161327,327750,76.36,76.35,710,302,19,-1852
752,CHD,2020-02-20,0 days 15:59:32.178140,327769,76.35,76.32,1214,1344,-12481,219
753,CHS,2020-02-20,0 days 15:58:45.656541,99571,4.24,4.23,55658,22591,7942,-8058
754,CHS,2020-02-20,0 days 15:58:46.659383,93013,4.24,4.23,56424,22725,-6558,7942
755,CHS,2020-02-20,0 days 15:59:25.754398,105291,4.24,4.23,42265,28188,5997,-2103
756,CHS,2020-02-20,0 days 15:59:26.756611,100488,4.24,4.23,40646,28134,-4803,5997
757,CHS,2020-02-20,0 days 15:59:31.769352,105291,4.24,4.23,48033,24212,2880,-4320
758,CHS,2020-02-20,0 days 15:59:32.771760,104271,4.24,4.23,47123,24212,-320,2880
759,CIEN,2020-02-20,0 days 15:57:02.406731,155153,44.58,44.57,200,1000,-5519,881
760,CIEN,2020-02-20,0 days 15:58:12.576539,160350,44.51,44.5,1990,404,134,-1500
761,CIEN,2020-02-20,0 days 15:58:14.581763,155006,44.5,44.49,18,1300,-3993,794
762,CIEN,2020-02-20,0 days 15:59:04.703277,160657,44.48,44.47,1958,1301,1809,-5891
763,CIEN,2020-02-20,0 days 15:59:05.705970,152366,44.48,44.47,1076,2241,-8251,1809
764,CIEN,2020-02-20,0 days 15:59:51.817495,172629,44.47,44.46,1520,460,2280,-235
765,CIG,2020-02-20,0 days 15:55:01.068993,1322253,3.29,3.28,211354,36409,-63310,74990
766,CIG,2020-02-20,0 days 15:55:02.070480,1247263,3.29,3.28,236354,81159,74990,-63310
767,CIG,2020-02-20,0 days 15:55:45.174625,1353908,3.29,3.28,212904,108109,-48355,74990
768,CIG,2020-02-20,0 days 15:55:46.176897,1343663,3.29,3.28,212904,107209,10245,-48355
769,CIG,2020-02-20,0 days 15:56:02.215575,1322253,3.29,3.28,213904,106709,-21410,10245
770,CIG,2020-02-20,0 days 15:56:03.217987,1247263,3.29,3.28,214704,108809,74990,-21410
771,CIG,2020-02-20,0 days 15:57:11.382620,1360192,3.29,3.28,216804,99259,-49214,75840
772,CIG,2020-02-20,0 days 15:57:12.385176,1350006,3.29,3.28,220804,99859,10186,-49214
773,CIG,2020-02-20,0 days 15:57:54.486956,1463192,3.29,3.28,240504,116659,-2014,25686
774,CIG,2020-02-20,0 days 15:57:55.489360,1443206,3.29,3.28,240604,116659,19986,-2014
775,CIG,2020-02-20,0 days 15:59:00.648065,1463192,3.29,3.28,223079,184161,-1528,857
776,CIG,2020-02-20,0 days 15:59:04.658162,1464770,3.29,3.28,228989,171361,82030,-1243
777,CL,2020-02-20,0 days 15:58:53.674764,391728,75.17,75.16,775,1172,-5588,2912
778,CL,2020-02-20,0 days 15:58:54.677302,382816,75.17,75.16,775,1172,8912,-5588
779,CL,2020-02-20,0 days 15:59:45.802927,438631,75.15,75.14,1800,1276,647,-8114
780,CLDR,2020-02-20,0 days 15:59:51.817352,147386,11.07,11.06,7745,29082,-611,6391
781,CLNY,2020-02-20,0 days 15:55:00.114987,150408,5.12,5.11,12200,20821,-6376,63046
782,CLNY,2020-02-20,0 days 15:55:01.118708,147784,5.12,5.11,12500,22297,2624,-6376
783,CLNY,2020-02-20,0 days 15:58:02.552508,159972,5.12,5.11,32004,16772,-2134,8666
784,CLNY,2020-02-20,0 days 15:59:07.711068,160585,5.12,5.11,26112,19180,-11948,1294
785,CLR,2020-02-20,0 days 15:55:00.115053,107530,25.75,25.74,828,2570,990,-48922
786,CLR,2020-02-20,0 days 15:55:01.118750,105320,25.75,25.74,1028,2610,-2210,990
787,CLR,2020-02-20,0 days 15:59:06.708493,121599,25.74,25.73,2316,1939,9788,-1147
788,CLR,2020-02-20,0 days 15:59:07.711068,119987,25.74,25.73,457,2406,-1468,9788
789,CLR,2020-02-20,0 days 15:59:09.715688,121455,25.74,25.73,358,3135,4481,-1468
790,CLR,2020-02-20,0 days 15:59:10.718631,120936,25.74,25.73,688,3335,-907,4481
791,CLR,2020-02-20,0 days 15:59:14.727898,121843,25.75,25.74,300,2488,44531,-507
792,CNC,2020-02-20,0 days 15:59:18.651927,676870,65.87,65.86,1374,671,960,-2008
793,CNC,2020-02-20,0 days 15:59:30.682207,674716,65.84,65.82,1359,400,-2384,5023
794,CNC,2020-02-20,0 days 15:59:36.697600,677300,65.84,65.82,2209,640,224,-1584
795,CNC,2020-02-20,0 days 15:59:39.703495,655314,65.83,65.81,1100,881,-18086,20614
796,CNC,2020-02-20,0 days 15:59:46.720915,677100,65.82,65.8,900,507,13595,-3402
797,CNP,2020-02-20,0 days 15:56:56.345117,296296,25.75,25.74,17001,9631,-5391,109
798,CNP,2020-02-20,0 days 15:57:53.485162,307816,25.74,25.73,26520,21178,16778,-2932
799,CNP,2020-02-20,0 days 15:58:41.600934,323578,25.75,25.74,87359,1853,-7228,5572
800,CNP,2020-02-20,0 days 15:58:46.613251,317706,25.74,25.73,4226,22641,1402,-7228
801,CNP,2020-02-20,0 days 15:59:03.654158,319814,25.75,25.74,14722,7102,144,-1056
802,CNP,2020-02-20,0 days 15:59:04.657407,324018,25.74,25.73,5687,23938,-50183,144
803,CNP,2020-02-20,0 days 15:59:10.672479,376167,25.74,25.73,4469,22590,50680,-58794
804,CNP,2020-02-20,0 days 15:59:11.674363,376925,25.75,25.74,16854,1995,-292,50680
805,CNP,2020-02-20,0 days 15:59:12.676657,378217,25.75,25.74,19504,1525,7875,-292
806,CNP,2020-02-20,0 days 15:59:19.693485,374871,25.74,25.73,16249,6071,-2146,6566
807,CNP,2020-02-20,0 days 15:59:37.737726,386996,25.73,25.72,12086,17696,2775,-7125
808,CNP,2020-02-20,0 days 15:59:38.740545,384971,25.73,25.72,19229,17915,-2025,2775
809,CNP,2020-02-20,0 days 15:59:47.761604,385913,25.72,25.71,8238,18654,-83,3517
810,CNQ,2020-02-20,0 days 15:59:27.165481,56062,30.48,30.47,21152,7718,909,-127
811,CNQ,2020-02-20,0 days 15:59:28.167993,54571,30.48,30.47,22617,4797,-1491,909
812,CNQ,2020-02-20,0 days 15:59:38.193113,56062,30.47,30.46,30137,2334,4909,-1091
813,CNQ,2020-02-20,0 days 15:59:39.195361,54971,30.47,30.46,30573,2230,-691,4909
814,CNX,2020-02-20,0 days 15:55:43.266249,232753,6.7,6.69,13126,17100,1260,-3740
815,CNX,2020-02-20,0 days 15:55:44.269130,223013,6.7,6.69,13126,17400,-9140,1260
816,CNX,2020-02-20,0 days 15:57:39.546117,245722,6.69,6.68,32789,11873,9955,-9945
817,CNX,2020-02-20,0 days 15:57:40.548730,234777,6.69,6.68,33775,11264,-10845,9955
818,CNX,2020-02-20,0 days 15:59:05.756491,264720,6.68,6.67,18150,27697,61990,-55345
819,CNX,2020-02-20,0 days 15:59:06.758602,255510,6.68,6.67,9326,33676,-1714,61990
820,COF,2020-02-20,0 days 15:55:00.161625,119651,103.5,103.49,416,1000,-12723,8944
821,COF,2020-02-20,0 days 15:55:20.210531,133822,103.56,103.55,300,462,540,-1371
822,COF,2020-02-20,0 days 15:55:21.212812,132662,103.55,103.54,300,300,-1160,540
823,COF,2020-02-20,0 days 15:56:50.426784,134037,103.61,103.6,815,746,26,-300
824,COF,2020-02-20,0 days 15:56:51.429844,133620,103.61,103.6,708,300,-317,26
825,COF,2020-02-20,0 days 15:57:47.565537,135477,103.67,103.66,1092,929,23,-77
826,COF,2020-02-20,0 days 15:57:52.578398,134811,103.67,103.65,1215,918,-666,534
827,COF,2020-02-20,0 days 15:58:38.689463,142459,103.65,103.64,1215,707,3864,-636
828,COF,2020-02-20,0 days 15:58:39.692114,141723,103.65,103.64,1219,806,-736,3864
829,COF,2020-02-20,0 days 15:59:15.779701,150536,103.68,103.66,358,956,405,-832
830,COF,2020-02-20,0 days 15:59:16.781478,147741,103.68,103.66,369,890,-2995,405
831,COG,2020-02-20,0 days 15:55:00.115278,470089,15.34,15.33,10162,13290,3433,-70116
832,COG,2020-02-20,0 days 15:55:01.118808,467922,15.34,15.33,12262,13290,-2167,3433
833,COG,2020-02-20,0 days 15:56:12.289389,470989,15.34,15.33,17770,15612,5488,-777
834,COG,2020-02-20,0 days 15:56:36.347117,472852,15.4,15.39,8157,19069,-640,1026
835,COG,2020-02-20,0 days 15:56:43.363834,473392,15.38,15.37,17187,1007,1060,-340
836,COG,2020-02-20,0 days 15:56:53.384470,475781,15.38,15.37,8809,5958,-2401,889
837,COG,2020-02-20,0 days 15:57:32.479506,482474,15.33,15.32,15901,10733,-791,209
838,COG,2020-02-20,0 days 15:57:58.542050,483265,15.35,15.34,6441,6418,1747,-1353
839,COG,2020-02-20,0 days 15:57:59.544548,482812,15.35,15.34,6541,6718,-453,1747
840,COG,2020-02-20,0 days 15:58:04.557356,482076,15.35,15.34,6543,8729,-1189,2638
841,COG,2020-02-20,0 days 15:58:06.562232,483265,15.35,15.34,6541,8931,5564,-1189
842,COG,2020-02-20,0 days 15:58:07.564947,481629,15.35,15.34,6541,9243,-1636,5564
843,COG,2020-02-20,0 days 15:58:35.632314,553223,15.33,15.32,15631,595,5911,-7489
844,COG,2020-02-20,0 days 15:58:36.634856,546834,15.33,15.32,13308,2795,-6389,5911
845,COG,2020-02-20,0 days 15:58:50.668739,482411,15.34,15.33,2360,6566,2769,-6043
846,COG,2020-02-20,0 days 15:58:53.676102,471880,15.4,15.39,7020,643,-29331,2769
847,COG,2020-02-20,0 days 15:58:57.685835,494815,15.39,15.38,4813,4155,-2096,4504
848,COG,2020-02-20,0 days 15:58:58.687896,496911,15.39,15.38,4213,4855,3504,-2096
849,COG,2020-02-20,0 days 15:58:59.690726,495315,15.39,15.38,4115,5055,-1596,3504
850,COLD,2020-02-20,0 days 15:56:05.360018,58396,37.42,37.41,493,1214,-365,835
851,COLD,2020-02-20,0 days 15:56:06.362275,55461,37.42,37.41,487,1214,2935,-365
852,COLD,2020-02-20,0 days 15:56:50.468285,58415,37.41,37.4,1120,1429,-5645,1355
853,COLD,2020-02-20,0 days 15:56:51.470777,55560,37.41,37.4,1722,900,2855,-5645
854,COLD,2020-02-20,0 days 15:59:44.892901,57866,37.44,37.41,273,1140,791,-109
855,COP,2020-02-20,0 days 15:56:00.260436,1228676,58.81,58.8,3519,1826,29395,-35605
856,COP,2020-02-20,0 days 15:56:01.263263,1225871,58.82,58.81,1942,4051,-2805,29395
857,COP,2020-02-20,0 days 15:56:52.385149,1230045,58.85,58.84,1006,7185,19322,-5678
858,COP,2020-02-20,0 days 15:56:53.387707,1225367,58.86,58.85,1442,5080,-5459,19322
859,COP,2020-02-20,0 days 15:57:02.410035,1236774,58.85,58.84,2710,4326,8057,-4944
860,COP,2020-02-20,0 days 15:57:03.412840,1234331,58.85,58.84,2857,4379,-5143,8057
861,COP,2020-02-20,0 days 15:57:10.429640,1239474,58.85,58.84,402,4030,16167,-3187
862,COP,2020-02-20,0 days 15:57:41.504413,1252655,58.89,58.88,2445,3552,3212,-488
863,COP,2020-02-20,0 days 15:58:40.647886,1242339,58.89,58.88,3579,3802,7118,-582
864,COP,2020-02-20,0 days 15:59:03.704666,1270486,58.91,58.9,900,1913,17707,-294
865,COP,2020-02-20,0 days 15:59:05.709500,1287893,58.93,58.92,1312,371,-2662,17498
866,COP,2020-02-20,0 days 15:59:06.711769,1286855,58.93,58.92,200,8348,1078,-2662
867,COP,2020-02-20,0 days 15:59:07.714156,1287933,58.93,58.92,234,9183,-2120,1078
868,COP,2020-02-20,0 days 15:59:12.726296,1287109,58.92,58.91,242,9155,2773,-1776
869,COP,2020-02-20,0 days 15:59:50.817891,1329650,58.91,58.9,600,703,320,-2880
870,COT,2020-02-20,0 days 15:56:50.331295,34464,15.82,15.81,3361,10004,1011,-999
871,COT,2020-02-20,0 days 15:56:51.333811,33675,15.82,15.81,3220,9803,-789,1011
872,COT,2020-02-20,0 days 15:59:37.738530,44379,15.82,15.81,7810,1914,1935,-1465
873,COT,2020-02-20,0 days 15:59:38.741309,43514,15.82,15.81,12330,2007,-865,1935
874,COTY,2020-02-20,0 days 15:56:55.316673,579068,11.47,11.46,26836,14013,-118662,132
875,COTY,2020-02-20,0 days 15:56:56.318967,565876,11.47,11.46,38571,7460,13192,-118662
876,COTY,2020-02-20,0 days 15:56:59.326441,590568,11.47,11.46,38560,7416,-12427,24692
877,COTY,2020-02-20,0 days 15:57:00.329083,585395,11.47,11.46,40393,7734,5173,-12427
878,COTY,2020-02-20,0 days 15:59:10.644977,604856,11.47,11.46,24383,20984,-22368,2838
879,CPRI,2020-02-20,0 days 15:55:50.281702,219609,28.94,28.93,4006,500,-7959,641
880,CPRI,2020-02-20,0 days 15:59:04.753488,269230,28.91,28.89,1600,973,12956,-16204
881,CPRI,2020-02-20,0 days 15:59:05.755686,245686,28.91,28.89,1804,1573,-23444,12956
882,CPRI,2020-02-20,0 days 15:59:32.819897,309268,28.89,28.87,2205,3294,3334,-3066
883,CPRI,2020-02-20,0 days 15:59:33.822313,302102,28.89,28.87,2205,2894,-7066,3334
884,CPRI,2020-02-20,0 days 15:59:36.830151,309268,28.88,28.87,967,600,1095,-7166
885,CPRI,2020-02-20,0 days 15:59:38.835400,305307,28.88,28.87,1460,2658,-3861,1095
886,CRC,2020-02-20,0 days 15:59:08.805076,58240,6.52,6.51,3373,19428,-409,1791
887,CRC,2020-02-20,0 days 15:59:09.808300,57249,6.52,6.51,3373,18228,991,-409
888,CRM,2020-02-20,0 days 15:55:00.065688,255374,193.49,193.46,100,502,-7420,8540
889,CRM,2020-02-20,0 days 15:59:11.675013,291450,193.42,193.39,100,300,4300,-1435
890,CSPR,2020-02-20,0 days 15:55:00.035187,3790,10.54,10.52,300,516,-6622,2278
891,CSPR,2020-02-20,0 days 15:55:01.032263,3512,10.54,10.52,300,516,278,-6622
892,CSPR,2020-02-20,0 days 15:59:06.623676,5910,10.52,10.51,622,800,-18070,1664
893,CSPR,2020-02-20,0 days 15:59:48.725322,6282,10.55,10.52,40,300,228,-672
894,CSPR,2020-02-20,0 days 15:59:49.727743,5310,10.56,10.54,540,600,-972,228
895,CSPR,2020-02-20,0 days 15:59:50.731534,4882,10.56,10.54,540,178,428,-972
896,CSTM,2020-02-20,0 days 15:56:52.382122,116962,14.26,14.25,3073,6950,-17248,1952
897,CSTM,2020-02-20,0 days 15:56:53.384517,115710,14.26,14.25,3073,6250,1252,-17248
898,CSTM,2020-02-20,0 days 15:56:54.387566,118262,14.26,14.25,3173,5350,-48,1252
899,CSTM,2020-02-20,0 days 15:56:55.389690,117374,14.26,14.25,3194,5650,888,-48
900,CSTM,2020-02-20,0 days 15:57:04.411828,118314,14.26,14.25,4442,7752,-60,1159
901,CSTM,2020-02-20,0 days 15:57:38.493881,118374,14.25,14.24,7289,5096,6240,-60
902,CSTM,2020-02-20,0 days 15:59:11.721127,129514,14.2,14.19,3689,3077,-7969,3065
903,CSTM,2020-02-20,0 days 15:59:12.723096,119883,14.2,14.19,4719,2551,9631,-7969
904,CTL,2020-02-20,0 days 15:55:00.035213,668988,13.35,13.34,13141,25518,79061,-56492
905,CTL,2020-02-20,0 days 15:59:05.621493,776636,13.36,13.35,17200,66278,-75530,38720
906,CTL,2020-02-20,0 days 15:59:24.666908,864557,13.38,13.37,76948,53257,19212,-11488
907,CTL,2020-02-20,0 days 15:59:29.678880,883930,13.38,13.37,67605,52011,-9427,19373
908,CTL,2020-02-20,0 days 15:59:30.682361,878380,13.38,13.37,66595,44554,3040,-9427
909,CTL,2020-02-20,0 days 15:59:34.691466,885230,13.38,13.37,78923,69206,-21210,14678
910,CTLT,2020-02-20,0 days 15:58:40.693853,78532,58.77,58.76,806,919,-1093,1358
911,CTLT,2020-02-20,0 days 15:58:41.696263,76625,58.77,58.76,1106,865,1807,-1093
912,CTLT,2020-02-20,0 days 15:59:32.820812,78422,58.8,58.79,991,540,-10,37
913,CTLT,2020-02-20,0 days 15:59:46.855541,78116,58.8,58.79,404,593,527,-2166
914,CTVA,2020-02-20,0 days 15:55:00.161984,191424,31.55,31.54,1216,1160,10428,-33024
915,CTVA,2020-02-20,0 days 15:55:01.163565,188352,31.55,31.54,1790,1660,-3072,10428
916,CTVA,2020-02-20,0 days 15:56:36.393238,191424,31.56,31.55,2364,3137,5277,-1523
917,CTVA,2020-02-20,0 days 15:56:37.395290,188701,31.56,31.55,1499,3537,-2723,5277
918,CTVA,2020-02-20,0 days 15:59:06.758629,210842,31.61,31.6,382,3215,2431,-689
919,CTVA,2020-02-20,0 days 15:59:13.776034,210959,31.61,31.6,2013,3015,958,-281
920,CUBE,2020-02-20,0 days 15:56:56.391079,116350,31.61,31.6,1918,500,-352,340
921,CUBE,2020-02-20,0 days 15:56:57.393760,113702,31.61,31.6,1918,700,2648,-352
922,CUBE,2020-02-20,0 days 15:57:25.461504,115390,31.62,31.61,1214,2200,-634,334
923,CUBE,2020-02-20,0 days 15:57:26.464114,113024,31.62,31.61,914,3873,2366,-634
924,CUBE,2020-02-20,0 days 15:58:00.547347,116818,31.63,31.62,1696,4857,-10403,1212
925,CUBE,2020-02-20,0 days 15:58:01.549122,115521,31.63,31.62,2304,4957,1297,-10403
926,CUBE,2020-02-20,0 days 15:58:56.682192,116165,31.64,31.63,600,5367,1062,-1538
927,CUBE,2020-02-20,0 days 15:59:04.702287,117227,31.65,31.64,4942,2240,-77,962
928,CUBE,2020-02-20,0 days 15:59:09.714781,132227,31.64,31.63,3010,900,-8033,14623
929,CUBE,2020-02-20,0 days 15:59:23.748160,134277,31.63,31.62,1764,942,-2163,5217
930,CUBE,2020-02-20,0 days 15:59:24.751891,132540,31.63,31.62,1048,2710,1737,-2163
931,CUBE,2020-02-20,0 days 15:59:32.770946,138984,31.64,31.63,932,2853,1793,-1007
932,CUBE,2020-02-20,0 days 15:59:36.780233,140777,31.64,31.63,789,3445,-295,1733
933,CUBE,2020-02-20,0 days 15:59:48.809124,139472,31.65,31.64,405,2769,1305,-395
934,CVE,2020-02-20,0 days 15:59:29.690508,133052,9.21,9.2,53764,132100,-4754,1830
935,CVNA,2020-02-20,0 days 15:57:05.414027,140258,108.51,108.44,500,300,1283,-941
936,CVNA,2020-02-20,0 days 15:57:06.416495,139341,108.51,108.45,124,200,-917,1283
937,CVNA,2020-02-20,0 days 15:57:38.493881,142110,108.43,108.38,420,100,170,-630
938,CVNA,2020-02-20,0 days 15:57:39.495928,141280,108.43,108.38,530,100,-830,170
939,CVNA,2020-02-20,0 days 15:57:54.532517,142259,108.5,108.46,213,1,521,-973
940,CVNA,2020-02-20,0 days 15:57:55.534980,141380,108.5,108.46,213,1,-879,521
941,CVNA,2020-02-20,0 days 15:58:11.574236,143059,108.6,108.59,181,503,109,-1091
942,CVNA,2020-02-20,0 days 15:58:12.576539,142168,108.65,108.59,41,508,-91,109
943,CVNA,2020-02-20,0 days 15:58:27.613242,142259,108.6,108.55,300,600,209,-891
944,CVNA,2020-02-20,0 days 15:58:28.616101,141468,108.6,108.55,248,681,-791,209
945,CVNA,2020-02-20,0 days 15:58:40.644539,142259,108.6,108.56,300,202,709,-1191
946,CVNA,2020-02-20,0 days 15:58:41.646784,141568,108.6,108.56,300,202,-691,709
947,CVNA,2020-02-20,0 days 15:59:04.703294,142259,108.58,108.53,452,501,9769,-391
948,CVNA,2020-02-20,0 days 15:59:37.783438,180541,108.84,108.75,560,5,-333,2560
949,CVNA,2020-02-20,0 days 15:59:50.816039,179039,108.81,108.78,1152,1621,302,-1998
950,CVS,2020-02-20,0 days 15:55:01.031828,307400,72.03,72.02,600,1342,-82237,3838
951,CVS,2020-02-20,0 days 15:58:40.561531,395022,71.97,71.96,3646,2403,5700,-1400
952,CVS,2020-02-20,0 days 15:58:41.562886,389322,71.97,71.96,3474,803,-5700,5700
953,CVS,2020-02-20,0 days 15:59:46.720867,430464,71.94,71.93,1725,954,22543,-7700
954,CVS,2020-02-20,0 days 15:59:51.733217,423062,71.95,71.94,205,538,-14151,9292
955,CVS,2020-02-20,0 days 15:59:52.736146,433977,71.95,71.93,365,1200,9292,-14151
956,CVX,2020-02-20,0 days 15:55:43.143398,464155,109.95,109.94,1889,229,2645,-6173
957,CVX,2020-02-20,0 days 15:55:44.146126,463402,109.98,109.97,500,2,-753,2645
958,CVX,2020-02-20,0 days 15:58:36.562396,494308,109.91,109.9,319,715,4522,-3978
959,CVX,2020-02-20,0 days 15:58:37.565029,488430,109.91,109.9,146,1115,-5878,4522
960,CVX,2020-02-20,0 days 15:59:07.637851,495176,109.92,109.91,412,864,6106,-5197
961,CVX,2020-02-20,0 days 15:59:08.640607,491582,109.92,109.91,712,874,-3716,6106
962,CVX,2020-02-20,0 days 15:59:34.702994,502907,109.89,109.88,637,483,296,-4718
963,CVX,2020-02-20,0 days 15:59:35.705886,498403,109.89,109.88,243,1452,-4504,296
964,CVX,2020-02-20,0 days 15:59:50.742532,491049,109.84,109.82,600,1207,-12758,1442
965,CXO,2020-02-20,0 days 15:55:34.197806,139712,81.34,81.32,439,518,4890,-3310
966,CXO,2020-02-20,0 days 15:55:35.200388,130202,81.35,81.34,200,326,-9510,4890
967,CXO,2020-02-20,0 days 15:55:52.241050,140102,81.37,81.36,3,400,6112,-2088
968,CXO,2020-02-20,0 days 15:55:53.243360,138114,81.37,81.36,3,421,-1988,6112
969,CXO,2020-02-20,0 days 15:56:22.313167,139712,81.34,81.33,509,10,6433,-1767
970,CXO,2020-02-20,0 days 15:56:23.315733,138345,81.37,81.35,244,300,-1367,6433
971,CXO,2020-02-20,0 days 15:56:48.375525,140696,81.38,81.37,308,200,806,-1607
972,CXO,2020-02-20,0 days 15:56:49.374794,139742,81.39,81.37,638,539,-954,806
973,CXO,2020-02-20,0 days 15:57:13.433736,148564,81.35,81.34,500,10,5646,-2554
974,CXO,2020-02-20,0 days 15:57:14.435558,146810,81.36,81.35,207,400,-1754,5646
975,CXO,2020-02-20,0 days 15:57:25.462297,148954,81.35,81.34,102,100,5342,-2858
976,CXO,2020-02-20,0 days 15:57:26.464851,146496,81.36,81.34,467,241,-2458,5342
977,CXO,2020-02-20,0 days 15:57:34.483945,151035,81.35,81.33,200,884,2310,-2499
978,CXO,2020-02-20,0 days 15:57:35.486013,148845,81.36,81.35,228,342,-1510,2310
979,CXO,2020-02-20,0 days 15:58:09.569416,153159,81.37,81.36,100,475,5370,-2830
980,CXO,2020-02-20,0 days 15:58:10.571735,150868,81.39,81.37,103,606,-1611,5370
981,CXO,2020-02-20,0 days 15:58:18.591285,153159,81.37,81.36,1696,1095,4265,-3255
982,CXO,2020-02-20,0 days 15:58:19.593569,150077,81.37,81.36,1196,1395,-3082,4265
983,CXO,2020-02-20,0 days 15:59:05.705815,153340,81.39,81.37,409,1600,10616,-944
984,CXO,2020-02-20,0 days 15:59:06.708604,140604,81.39,81.38,10,107,-12056,10616
985,CXO,2020-02-20,0 days 15:59:10.718723,152660,81.39,81.36,558,1009,952,-534
986,CXO,2020-02-20,0 days 15:59:11.721078,150148,81.39,81.36,558,1209,-2512,952
987,CXO,2020-02-20,0 days 15:59:18.737424,153497,81.4,81.37,582,523,306,-1214
988,CXO,2020-02-20,0 days 15:59:19.739349,154803,81.4,81.37,482,515,-948,306
989,CXO,2020-02-20,0 days 15:59:45.803383,158669,81.39,81.38,335,1478,3196,-766
990,CXO,2020-02-20,0 days 15:59:46.805773,158265,81.38,81.37,105,974,-404,3196
991,CYH,2020-02-20,0 days 15:56:55.316831,415395,6.77,6.76,7401,4300,16661,-10208
992,CYH,2020-02-20,0 days 15:56:56.319069,390956,6.76,6.75,6843,4496,-24439,16661
993,CYH,2020-02-20,0 days 15:57:54.460384,396539,6.73,6.72,3707,4754,-18856,10444
994,CYH,2020-02-20,0 days 15:59:07.637827,438395,6.79,6.78,1890,5811,34307,-26059
995,CYH,2020-02-20,0 days 15:59:08.640585,421472,6.81,6.8,6365,4801,-24123,34307
996,CYH,2020-02-20,0 days 15:59:57.759063,410561,6.64,6.63,5663,27558,5301,-8414
997,D,2020-02-20,0 days 15:55:00.161724,184268,89.21,89.2,397,1123,3820,-13191
998,D,2020-02-20,0 days 15:55:01.163459,183888,89.21,89.2,818,1123,-380,3820
999,D,2020-02-20,0 days 15:56:05.318538,185184,89.25,89.24,1210,1500,460,-240
1000,D,2020-02-20,0 days 15:56:06.320675,184744,89.25,89.24,1204,1600,-240,460
1001,D,2020-02-20,0 days 15:56:39.400035,186284,89.28,89.27,411,700,46,-2254
1002,D,2020-02-20,0 days 15:56:40.402544,185830,89.28,89.27,2711,200,-354,46
1003,D,2020-02-20,0 days 15:56:55.439187,187917,89.29,89.28,1278,803,1621,-544
1004,D,2020-02-20,0 days 15:56:56.442283,187538,89.29,89.28,1278,1003,-504,1621
1005,D,2020-02-20,0 days 15:57:06.466346,188498,89.25,89.24,2399,483,-298,115
1006,D,2020-02-20,0 days 15:57:46.563116,190598,89.23,89.22,1985,520,-598,902
1007,D,2020-02-20,0 days 15:57:48.567977,191196,89.23,89.22,1600,1039,802,-598
1008,D,2020-02-20,0 days 15:57:49.570756,190598,89.23,89.22,1025,1840,-598,802
1009,D,2020-02-20,0 days 15:58:10.622378,189831,89.2,89.19,2228,1623,-28,572
1010,D,2020-02-20,0 days 15:58:17.639452,191262,89.21,89.2,573,1716,369,-631
1011,D,2020-02-20,0 days 15:58:18.641732,190631,89.21,89.2,546,2110,-631,369
1012,D,2020-02-20,0 days 15:58:50.719372,193062,89.27,89.25,1213,3027,1569,-6831
1013,D,2020-02-20,0 days 15:58:51.721243,192331,89.27,89.26,1074,895,-731,1569
1014,D,2020-02-20,0 days 15:59:05.756382,194060,89.29,89.28,1946,1858,-2714,7528
1015,D,2020-02-20,0 days 15:59:07.761023,201153,89.29,89.28,2697,2046,11207,-4193
1016,D,2020-02-20,0 days 15:59:13.775955,207813,89.3,89.29,994,507,6802,-1509
1017,D,2020-02-20,0 days 15:59:53.872172,216103,89.29,89.28,462,1600,452,-4121
1018,DAL,2020-02-20,0 days 15:57:53.447360,520149,58.44,58.43,892,4714,1709,-7611
1019,DAL,2020-02-20,0 days 15:57:54.448052,516838,58.44,58.43,387,4714,-3211,1709
1020,DAL,2020-02-20,0 days 15:58:40.561556,517660,58.45,58.44,3379,5067,2961,-1339
1021,DAL,2020-02-20,0 days 15:58:41.562911,513621,58.45,58.44,4983,3701,-4039,2961
1022,DAL,2020-02-20,0 days 15:59:05.621493,519804,58.45,58.44,920,3444,26030,-3759
1023,DAL,2020-02-20,0 days 15:59:40.707478,555048,58.4,58.39,778,3839,-606,4180
1024,DB,2020-02-20,0 days 15:59:01.611873,119150,10.66,10.65,174901,159580,3325,-15895
1025,DB,2020-02-20,0 days 15:59:02.614126,113935,10.66,10.65,170001,157930,-5215,3325
1026,DD,2020-02-20,0 days 15:55:00.110015,204738,52.57,52.56,3010,2234,103255,-3599
1027,DD,2020-02-20,0 days 15:57:19.446660,319667,52.58,52.57,2278,2812,-3601,10399
1028,DD,2020-02-20,0 days 15:57:20.450155,304442,52.58,52.57,2140,2585,15225,-3601
1029,DD,2020-02-20,0 days 15:57:38.492492,319802,52.59,52.58,1364,4437,-3098,3460
1030,DD,2020-02-20,0 days 15:57:39.495467,316200,52.59,52.58,1545,4537,2402,-3098
1031,DD,2020-02-20,0 days 15:59:10.717561,339188,52.59,52.58,1261,1050,-9611,8053
1032,DD,2020-02-20,0 days 15:59:11.720822,335100,52.59,52.58,1661,1050,4330,-9611
1033,DD,2020-02-20,0 days 15:59:26.756595,345603,52.59,52.58,1546,963,4558,-505
1034,DELL,2020-02-20,0 days 15:58:23.009834,142224,53.03,53.01,865,132,-1646,54
1035,DELL,2020-02-20,0 days 15:58:24.011872,141670,53.03,53.01,865,132,554,-1646
1036,DELL,2020-02-20,0 days 15:59:05.112582,144662,53.01,52.99,803,243,-29529,167
1037,DELL,2020-02-20,0 days 15:59:38.193113,188949,53.03,53.01,425,32,2933,-3288
1038,DELL,2020-02-20,0 days 15:59:39.195378,187382,53.03,53.0,892,1500,-1567,2933
1039,DELL,2020-02-20,0 days 15:59:43.205559,188949,53.03,53.01,5,300,241,-767
1040,DELL,2020-02-20,0 days 15:59:47.214939,188334,53.01,52.97,145,422,-615,1385
1041,DELL,2020-02-20,0 days 15:59:48.216844,188949,53.01,52.95,470,6785,2851,-615
1042,DELL,2020-02-20,0 days 15:59:50.223655,189793,53.01,52.95,1165,2400,-1034,1544
1043,DHI,2020-02-20,0 days 15:56:12.289280,245358,62.09,62.08,200,2411,-4145,10055
1044,DHI,2020-02-20,0 days 15:56:13.291118,236903,62.09,62.08,387,2711,8455,-4145
1045,DHI,2020-02-20,0 days 15:58:12.575910,237538,62.08,62.07,611,4527,14424,-742
1046,DHI,2020-02-20,0 days 15:59:05.705501,249867,62.13,62.12,3886,1146,-16674,6485
1047,DHI,2020-02-20,0 days 15:59:06.708209,226441,62.12,62.11,3130,937,21886,-16674
1048,DHI,2020-02-20,0 days 15:59:16.731935,259566,62.14,62.13,1398,2849,-7343,12357
1049,DHI,2020-02-20,0 days 15:59:17.734347,256709,62.14,62.13,1610,2826,2857,-7343
1050,DHI,2020-02-20,0 days 15:59:38.785962,260998,62.11,62.1,1000,1798,-23070,2614
1051,DHI,2020-02-20,0 days 15:59:39.788693,258068,62.1,62.09,2427,320,2930,-23070
1052,DHI,2020-02-20,0 days 15:59:41.792742,262253,62.11,62.1,585,2075,-25167,31448
1053,DHR,2020-02-20,0 days 15:55:00.161602,162102,160.12,160.1,336,327,-23476,16063
1054,DHR,2020-02-20,0 days 15:55:45.270757,185578,160.09,160.07,331,918,1112,-182
1055,DHR,2020-02-20,0 days 15:55:46.272848,183090,160.09,160.07,431,1024,-2360,1112
1056,DHR,2020-02-20,0 days 15:57:07.469088,189645,160.1,160.08,751,10,5663,-2009
1057,DHR,2020-02-20,0 days 15:57:08.471886,187290,160.11,160.09,200,200,-2355,5663
1058,DHR,2020-02-20,0 days 15:57:35.536159,189645,160.17,160.16,557,406,845,-255
1059,DHR,2020-02-20,0 days 15:57:47.565053,189645,160.17,160.16,556,285,232,-868
1060,DHR,2020-02-20,0 days 15:57:48.567755,189177,160.17,160.16,556,285,-468,232
1061,DHR,2020-02-20,0 days 15:58:02.603024,189645,160.18,160.17,742,700,640,-460
1062,DHR,2020-02-20,0 days 15:58:03.605133,188885,160.18,160.17,801,901,-760,640
1063,DHR,2020-02-20,0 days 15:58:10.622333,189645,160.2,160.17,234,1047,766,-518
1064,DHR,2020-02-20,0 days 15:58:11.624485,188911,160.2,160.17,332,1047,-734,766
1065,DHR,2020-02-20,0 days 15:58:56.733461,191882,160.16,160.11,600,500,-324,176
1066,DHR,2020-02-20,0 days 15:59:04.754570,192806,160.18,160.15,266,318,6561,-924
1067,DHR,2020-02-20,0 days 15:59:05.756340,191367,160.18,160.15,366,434,-839,6561
1068,DHR,2020-02-20,0 days 15:59:13.775921,196200,160.28,160.24,799,1344,9780,-505
1069,DHT,2020-02-20,0 days 15:59:11.635955,65747,5.6,5.59,21778,27610,3154,-10059
1070,DHT,2020-02-20,0 days 15:59:20.657189,81851,5.6,5.59,19688,26815,-5087,1304
1071,DHT,2020-02-20,0 days 15:59:21.660310,81138,5.6,5.59,20422,24990,213,-5087
1072,DIS,2020-02-20,0 days 15:57:25.377924,364989,140.43,140.42,400,366,-9789,7511
1073,DIS,2020-02-20,0 days 15:57:26.379815,359330,140.43,140.42,305,5,5659,-9789
1074,DIS,2020-02-20,0 days 15:59:04.619348,369170,140.42,140.4,311,1207,-12586,3407
1075,DIS,2020-02-20,0 days 15:59:07.626062,366156,140.43,140.41,1092,642,1885,-3515
1076,DIS,2020-02-20,0 days 15:59:11.635981,368641,140.44,140.42,399,1644,-9429,1374
1077,DIS,2020-02-20,0 days 15:59:22.662021,372951,140.43,140.42,800,594,-3607,7751
1078,DIS,2020-02-20,0 days 15:59:24.666864,366558,140.42,140.4,607,310,6651,-1349
1079,DIS,2020-02-20,0 days 15:59:32.687069,371558,140.42,140.41,250,602,551,-9949
1080,DIS,2020-02-20,0 days 15:59:33.689390,372109,140.44,140.42,400,200,-13849,551
1081,DIS,2020-02-20,0 days 15:59:38.701413,374538,140.38,140.36,580,927,25639,-1096
1082,DIS,2020-02-20,0 days 15:59:40.707478,402077,140.39,140.37,492,850,-4341,7259
1083,DIS,2020-02-20,0 days 15:59:48.725322,408377,140.38,140.36,500,300,-941,1659
1084,DIS,2020-02-20,0 days 15:59:49.727743,408018,140.37,140.35,386,411,359,-941
1085,DIS,2020-02-20,0 days 15:59:50.731534,405544,140.41,140.38,950,200,-3174,359
1086,DIS,2020-02-20,0 days 15:59:57.740485,406318,140.39,140.35,1150,1000,2059,-33286
1087,DLR,2020-02-20,0 days 15:55:01.118649,141769,135.97,135.92,446,200,4004,-3396
1088,DLR,2020-02-20,0 days 15:56:32.336834,144914,135.96,135.94,500,29,-1358,442
1089,DLR,2020-02-20,0 days 15:56:33.338809,141872,135.95,135.94,75,29,3042,-1358
1090,DLR,2020-02-20,0 days 15:59:05.705582,159867,136.23,136.18,487,600,-15752,1816
1091,DLR,2020-02-20,0 days 15:59:06.708393,143419,136.22,136.18,100,1100,51902,-15752
1092,DLR,2020-02-20,0 days 15:59:07.710984,195008,136.24,136.2,400,438,-11669,51902
1093,DLR,2020-02-20,0 days 15:59:08.713850,190777,136.24,136.2,477,400,4431,-11669
1094,DLR,2020-02-20,0 days 15:59:21.744032,196722,136.27,136.25,105,1245,494,-406
1095,DLR,2020-02-20,0 days 15:59:22.746357,197216,136.28,136.25,3254,593,-1731,494
1096,DLR,2020-02-20,0 days 15:59:23.749027,193547,136.28,136.25,3048,806,4583,-1731
1097,DLR,2020-02-20,0 days 15:59:37.783246,198043,136.32,136.27,523,205,87,-371
1098,DLR,2020-02-20,0 days 15:59:40.791205,198130,136.32,136.28,222,400,-371,87
1099,DLR,2020-02-20,0 days 15:59:49.812338,197109,136.34,136.3,1263,105,1721,-1479
1100,DNOW,2020-02-20,0 days 15:56:56.483245,48611,9.89,9.88,10584,9576,136,-1864
1101,DNOW,2020-02-20,0 days 15:56:58.488240,48747,9.89,9.88,10184,9581,-14864,136
1102,DNOW,2020-02-20,0 days 15:57:21.543667,49411,9.89,9.88,10180,9589,3678,-11322
1103,DNOW,2020-02-20,0 days 15:57:25.553361,53089,9.89,9.88,10280,9490,-11322,3678
1104,DO,2020-02-20,0 days 15:55:00.114662,35040,3.7,3.69,20964,6117,-3176,8265
1105,DO,2020-02-20,0 days 15:57:03.412811,38316,3.69,3.68,33699,12936,476,-2148
1106,DO,2020-02-20,0 days 15:59:03.704576,63606,3.68,3.67,41352,40190,7891,-1275
1107,DO,2020-02-20,0 days 15:59:04.706786,56472,3.68,3.67,38648,45586,-7134,7891
1108,DO,2020-02-20,0 days 15:59:19.742042,78770,3.68,3.67,38281,39892,-2854,1511
1109,DOW,2020-02-20,0 days 15:55:30.234483,402908,48.73,48.72,1571,606,-72164,99836
1110,DOW,2020-02-20,0 days 15:55:31.237048,394372,48.73,48.72,1285,1300,8536,-72164
1111,DOW,2020-02-20,0 days 15:58:07.615164,424658,48.78,48.77,1391,5746,-1724,11767
1112,DOW,2020-02-20,0 days 15:58:08.617500,420760,48.78,48.77,1291,5596,3898,-1724
1113,DOW,2020-02-20,0 days 15:58:47.711441,415301,48.79,48.78,2602,2743,9357,-943
1114,DOW,2020-02-20,0 days 15:59:06.758479,427055,48.8,48.79,2200,1584,-11516,6735
1115,DOW,2020-02-20,0 days 15:59:07.760989,373271,48.8,48.79,900,1284,53784,-11516
1116,DOW,2020-02-20,0 days 15:59:11.770604,424883,48.81,48.8,2613,1644,-26738,21365
1117,DOW,2020-02-20,0 days 15:59:12.772924,421859,48.81,48.8,2600,200,3120,-26738
1118,DOW,2020-02-20,0 days 15:59:18.786511,427458,48.8,48.79,2717,295,-1282,5960
1119,DOW,2020-02-20,0 days 15:59:27.808292,428740,48.8,48.79,5000,1800,602,-1282
1120,DPZ,2020-02-20,0 days 15:55:00.161855,127071,372.0,371.89,7474,1160,-2341,15116
1121,DPZ,2020-02-20,0 days 15:55:01.163538,126012,371.88,371.57,279,100,1059,-2341
1122,DPZ,2020-02-20,0 days 15:56:49.424233,128370,373.37,373.22,100,964,-1,609
1123,DPZ,2020-02-20,0 days 15:56:51.429903,128371,373.43,373.31,300,225,99,-1
1124,DPZ,2020-02-20,0 days 15:56:56.442340,142442,373.47,373.11,105,107,-1027,709
1125,DPZ,2020-02-20,0 days 15:58:09.619914,144173,373.86,373.78,2,10,4133,-166
1126,DPZ,2020-02-20,0 days 15:58:10.622412,143006,373.86,373.7,600,764,-1167,4133
1127,DPZ,2020-02-20,0 days 15:58:16.636846,144173,373.88,373.73,104,540,647,-1149
1128,DPZ,2020-02-20,0 days 15:58:17.639452,143220,373.88,373.73,107,856,-953,647
1129,DPZ,2020-02-20,0 days 15:58:43.702143,144220,374.11,373.95,100,100,-1053,147
1130,DPZ,2020-02-20,0 days 15:59:11.770732,143957,374.1,374.0,378,304,-2216,1684
1131,DPZ,2020-02-20,0 days 15:59:38.835871,150090,373.81,373.68,200,400,3011,-764
1132,DPZ,2020-02-20,0 days 15:59:52.869750,149490,373.51,373.43,200,34,631,-69
1133,DPZ,2020-02-20,0 days 15:59:54.875159,148121,373.51,373.42,499,471,-69,631
1134,DPZ,2020-02-20,0 days 15:59:55.878172,149490,373.43,373.17,1416,220,631,-69
1135,DRE,2020-02-20,0 days 15:58:00.548203,359281,38.72,38.71,3766,4258,30426,-3349
1136,DRE,2020-02-20,0 days 15:58:01.549971,355707,38.72,38.71,1975,3726,-3574,30426
1137,DRE,2020-02-20,0 days 15:58:50.668731,364507,38.74,38.73,3374,3907,1961,-1739
1138,DRE,2020-02-20,0 days 15:58:51.670897,361568,38.74,38.73,4071,3118,-2939,1961
1139,DRE,2020-02-20,0 days 15:59:34.776682,374709,38.72,38.71,5439,6178,-2721,1579
1140,DRE,2020-02-20,0 days 15:59:36.781251,384093,38.72,38.71,3555,6179,2629,-2308
1141,DRE,2020-02-20,0 days 15:59:37.783385,381822,38.72,38.71,5345,6221,-2271,2629
1142,DRE,2020-02-20,0 days 15:59:40.791399,384093,38.71,38.7,3454,6116,254,-446
1143,DRE,2020-02-20,0 days 15:59:42.795440,379366,38.72,38.71,600,11745,-4627,1940
1144,DT,2020-02-20,0 days 15:51:02.546417,22573,35.39,35.32,300,300,-177,323
1145,DT,2020-02-20,0 days 15:51:18.584103,22750,35.3,35.25,7000,100,323,-177
1146,DT,2020-02-20,0 days 15:53:29.898282,22573,35.39,35.32,315,823,-177,323
1147,DT,2020-02-20,0 days 15:54:34.051425,22573,35.39,35.29,400,800,-177,323
1148,DT,2020-02-20,0 days 15:55:00.114714,32950,35.48,35.44,436,1540,305,-177
1149,DT,2020-02-20,0 days 15:55:37.204746,33255,35.43,35.36,919,1116,-95,405
1150,DT,2020-02-20,0 days 15:55:38.207533,32950,35.43,35.39,919,1,305,-95
1151,DT,2020-02-20,0 days 15:58:08.570538,39952,35.37,35.3,201,1140,-83,17
1152,DT,2020-02-20,0 days 15:58:09.572828,39135,35.37,35.3,202,1140,817,-83
1153,DT,2020-02-20,0 days 15:58:35.635668,39952,35.37,35.32,307,100,-222,278
1154,DT,2020-02-20,0 days 15:58:36.638250,39374,35.37,35.32,308,400,578,-222
1155,DT,2020-02-20,0 days 15:58:39.645667,39952,35.37,35.32,411,1283,-22,578
1156,DT,2020-02-20,0 days 15:58:40.647859,39474,35.37,35.32,4,1283,478,-22
1157,DT,2020-02-20,0 days 15:59:12.726261,40451,35.35,35.3,711,878,-523,459
1158,DT,2020-02-20,0 days 15:59:13.729099,39874,35.35,35.3,713,878,577,-523
1159,DT,2020-02-20,0 days 15:59:23.752157,41829,35.35,35.31,720,1593,-256,736
1160,DT,2020-02-20,0 days 15:59:26.759518,42085,35.35,35.31,621,1693,1,-246
1161,DT,2020-02-20,0 days 15:59:48.812247,43357,35.36,35.32,1628,3712,370,-230
1162,DUK,2020-02-20,0 days 15:55:00.114800,204186,101.33,101.31,1186,1118,9110,-42715
1163,DUK,2020-02-20,0 days 15:55:51.238480,215450,101.45,101.44,1800,200,-310,290
1164,DUK,2020-02-20,0 days 15:55:52.240586,214860,101.44,101.42,798,998,590,-310
1165,DUK,2020-02-20,0 days 15:56:50.380452,215963,101.4,101.39,9302,1176,-318,1082
1166,DUK,2020-02-20,0 days 15:57:06.420092,250732,101.36,101.35,202,1803,2750,-5269
1167,DUK,2020-02-20,0 days 15:57:07.422596,248182,101.37,101.36,670,1947,-2550,2750
1168,DVN,2020-02-20,0 days 15:56:51.429985,389949,22.13,22.12,16027,32202,5156,-5395
1169,DVN,2020-02-20,0 days 15:56:52.431791,381005,22.13,22.12,17027,32302,-8944,5156
1170,DVN,2020-02-20,0 days 15:56:57.444598,389949,22.13,22.12,16924,31102,12953,-2934
1171,DVN,2020-02-20,0 days 15:56:59.449384,389002,22.15,22.14,6086,17234,-2234,43714
1172,DVN,2020-02-20,0 days 15:58:01.600186,397636,22.17,22.16,7157,35918,803,-2397
1173,DVN,2020-02-20,0 days 15:58:02.603131,395239,22.17,22.16,7342,36120,-2397,803
1174,DVN,2020-02-20,0 days 15:58:03.605246,383360,22.17,22.16,6656,36220,11979,-2397
1175,DVN,2020-02-20,0 days 15:58:04.608165,378039,22.17,22.16,5656,37319,-1306,11979
1176,DVN,2020-02-20,0 days 15:58:05.610567,379345,22.17,22.16,4440,38419,1121,-1306
1177,DVN,2020-02-20,0 days 15:58:06.613150,378066,22.17,22.16,4458,39232,-1279,1121
1178,DVN,2020-02-20,0 days 15:58:50.719462,389331,22.17,22.16,16024,28048,5455,-5045
1179,DVN,2020-02-20,0 days 15:58:51.721325,380486,22.17,22.16,16442,23288,-8845,5455
1180,DVN,2020-02-20,0 days 15:59:14.778166,396040,22.18,22.17,6586,11963,8482,-2789
1181,DVN,2020-02-20,0 days 15:59:16.781576,389333,22.17,22.16,25513,18310,-1056,3844
1182,DXC,2020-02-20,0 days 15:56:59.398542,300533,30.51,30.5,2196,2975,139,-1034
1183,DXC,2020-02-20,0 days 15:57:02.405408,300672,30.51,30.5,2996,2996,-15161,139
1184,EGO,2020-02-20,0 days 15:59:08.805038,18221,7.51,7.5,8609,26653,-1532,2917
1185,EL,2020-02-20,0 days 15:57:38.448606,93440,211.25,211.21,100,200,88,-402
1186,EL,2020-02-20,0 days 15:57:39.450415,93328,211.3,211.23,10,120,-112,88
1187,EL,2020-02-20,0 days 15:57:45.464545,93260,211.28,211.23,47,220,368,-232
1188,EL,2020-02-20,0 days 15:57:46.467200,93028,211.28,211.23,47,220,-232,368
1189,EL,2020-02-20,0 days 15:57:53.485840,93272,211.28,211.21,20,100,273,-244
1190,EL,2020-02-20,0 days 15:57:54.486985,93045,211.28,211.22,20,100,-227,273
1191,EL,2020-02-20,0 days 15:57:59.498797,93415,211.2,211.18,47,100,630,-170
1192,EL,2020-02-20,0 days 15:58:00.502055,93245,211.19,211.16,20,2347,-60,630
1193,EL,2020-02-20,0 days 15:58:04.512091,93405,211.21,211.16,979,2449,240,-160
1194,EL,2020-02-20,0 days 15:58:07.519317,93250,211.19,211.13,305,47,-55,545
1195,EL,2020-02-20,0 days 15:58:46.613991,94715,211.23,211.19,656,140,681,-257
1196,EL,2020-02-20,0 days 15:58:47.616744,94496,211.23,211.19,856,240,-219,681
1197,EL,2020-02-20,0 days 15:58:54.632840,94316,211.16,211.09,702,1086,180,-220
1198,EL,2020-02-20,0 days 15:58:55.635523,94096,211.18,211.15,201,130,-620,180
1199,EL,2020-02-20,0 days 15:59:03.654981,105526,211.24,211.15,102,620,874,-220
1200,EL,2020-02-20,0 days 15:59:34.731053,121981,211.35,211.31,100,125,-313,363
1201,EL,2020-02-20,0 days 15:59:37.738507,122294,211.35,211.27,51,600,387,-313
1202,EL,2020-02-20,0 days 15:59:44.755715,121981,211.38,211.31,300,200,-3975,379
1203,EL,2020-02-20,0 days 15:59:45.758041,119910,211.36,211.28,600,312,4371,-3975
1204,EL,2020-02-20,0 days 15:59:54.779390,121981,211.37,211.29,304,400,-161,4293
1205,EL,2020-02-20,0 days 15:59:57.786942,118988,211.35,211.3,197,2600,5293,-861
1206,ELAN,2020-02-20,0 days 15:55:00.520134,151813,30.18,30.17,2445,6755,-2676,24548
1207,ELAN,2020-02-20,0 days 15:59:06.114499,177629,30.23,30.22,9684,5452,26344,-4689
1208,ELAN,2020-02-20,0 days 15:59:10.124455,179373,30.23,30.22,9028,11087,-653,44
1209,ELAN,2020-02-20,0 days 15:59:11.127269,180026,30.23,30.22,8628,10987,23877,-653
1210,ELAN,2020-02-20,0 days 15:59:45.210293,191379,30.23,30.22,3738,466,16910,-26282
1211,EMR,2020-02-20,0 days 15:55:42.211550,165508,72.07,72.06,487,621,-105,1786
1212,EMR,2020-02-20,0 days 15:56:51.378120,162413,72.07,72.06,100,1103,3095,-5105
1213,EMR,2020-02-20,0 days 15:58:46.658377,176302,72.08,72.07,718,1264,-6038,3762
1214,EMR,2020-02-20,0 days 15:58:47.660671,172340,72.07,72.06,500,827,3062,-6038
1215,EMR,2020-02-20,0 days 15:59:24.752513,189213,72.09,72.08,394,460,928,-262
1216,EMR,2020-02-20,0 days 15:59:31.768303,191041,72.08,72.07,593,219,-35301,499
1217,EMR,2020-02-20,0 days 15:59:33.773942,189552,72.07,72.06,300,1079,589,-1411
1218,EMR,2020-02-20,0 days 15:59:34.776004,190141,72.08,72.06,793,1584,-2061,589
1219,EMR,2020-02-20,0 days 15:59:50.815357,193364,72.05,72.03,1009,700,134,-666
1220,ENB,2020-02-20,0 days 15:55:00.114743,40486,41.75,41.74,11963,17811,7446,-7443
1221,ENB,2020-02-20,0 days 15:56:32.336992,46102,41.75,41.74,14496,26212,-1057,773
1222,ENB,2020-02-20,0 days 15:56:33.339003,44459,41.75,41.74,15396,28912,1643,-1057
1223,ENB,2020-02-20,0 days 15:59:48.812262,52462,41.77,41.76,23180,8868,-472,428
1224,ENB,2020-02-20,0 days 15:59:50.817877,49495,41.76,41.75,29399,2141,2967,-233
1225,ENBL,2020-02-20,0 days 15:55:01.043016,29738,7.78,7.77,1494,5396,-40741,25129
1226,ENBL,2020-02-20,0 days 15:55:02.044192,28579,7.78,7.77,1494,5096,1059,-40741
1227,ENBL,2020-02-20,0 days 15:57:38.421096,29744,7.78,7.77,7127,3709,-1130,1170
1228,ENBL,2020-02-20,0 days 15:57:39.422526,28574,7.78,7.77,7127,3609,1170,-1130
1229,ENIA,2020-02-20,0 days 15:55:00.203238,25922,9.17,9.16,3327,15878,1162,-11510
1230,ENIA,2020-02-20,0 days 15:56:32.424681,23854,9.17,9.16,7127,16408,-2616,197
1231,ENIA,2020-02-20,0 days 15:59:27.850661,43007,9.17,9.16,13044,4920,-244,2656
