,Symbol,Timestamp,TIME,iPaired,Ask_P,Bid_P,Ask_S,Bid_S,iShares,PreviShares
0,A,2020-06-29,0 days 15:58:05.608280,177342,86.88,86.86,200,650,545,-13201
1,A,2020-06-29,0 days 15:58:06.610448,161687,86.94,86.92,200,750,-15655,545
2,A,2020-06-29,0 days 15:59:02.747037,179253,87.0,86.98,450,1100,182,-5271
3,A,2020-06-29,0 days 15:59:08.762359,191768,87.1,87.08,131,550,-4663,2184
4,A,2020-06-29,0 days 15:59:09.764886,190831,87.1,87.08,450,130,937,-4663
5,A,2020-06-29,0 days 15:59:44.845767,210947,87.21,87.19,250,561,3431,-1062
6,AA,2020-06-29,0 days 15:56:05.443643,254174,10.96,10.95,21640,14458,-9,491
7,AA,2020-06-29,0 days 15:56:10.455686,249088,10.96,10.95,23145,28550,5086,-9
8,AA,2020-06-29,0 days 15:57:25.634651,253743,10.97,10.96,23691,41795,-3145,1855
9,AA,2020-06-29,0 days 15:57:26.637253,249488,10.97,10.96,25891,42395,9310,-3145
10,AA,2020-06-29,0 days 15:58:05.726464,247311,10.98,10.97,37769,22982,11791,-809
11,ABB,2020-06-29,0 days 15:57:14.406618,31409,22.15,22.14,34251,31365,-106,3044
12,ABBV,2020-06-29,0 days 15:56:32.387144,1374846,96.0,95.99,1534,100,2593,-507
13,ABBV,2020-06-29,0 days 15:56:33.389478,1370539,96.0,95.99,830,618,-4307,2593
14,ABBV,2020-06-29,0 days 15:57:34.536053,1377577,96.1,96.08,895,1501,10433,-3162
15,ABBV,2020-06-29,0 days 15:57:35.539243,1373625,96.12,96.11,238,717,-3952,10433
16,ABBV,2020-06-29,0 days 15:57:37.543779,1377577,96.12,96.11,980,200,1448,-3752
17,ABBV,2020-06-29,0 days 15:57:38.547601,1375625,96.11,96.1,500,1217,-1952,1448
18,ABBV,2020-06-29,0 days 15:57:39.548675,1377577,96.11,96.1,415,1917,2848,-1952
19,ABBV,2020-06-29,0 days 15:57:40.551537,1375322,96.12,96.11,100,804,-2255,2848
20,ABBV,2020-06-29,0 days 15:57:42.555644,1377577,96.13,96.11,1219,929,13745,-2255
21,ABBV,2020-06-29,0 days 15:57:43.558146,1375822,96.12,96.11,200,400,-1755,13745
22,ABBV,2020-06-29,0 days 15:57:49.573240,1377577,96.07,96.05,602,1118,16643,-8657
23,ABBV,2020-06-29,0 days 15:59:09.770141,1422146,96.25,96.23,200,520,28935,-1338
24,ABBV,2020-06-29,0 days 15:59:28.812265,1485578,96.28,96.27,391,623,2106,-1409
25,ABBV,2020-06-29,0 days 15:59:38.837075,1487789,96.28,96.26,800,1000,-21852,1715
26,ABBV,2020-06-29,0 days 15:59:41.844248,1487378,96.29,96.28,489,749,306,-3794
27,ABBV,2020-06-29,0 days 15:59:42.847858,1487810,96.33,96.31,704,600,-13136,306
28,ABBV,2020-06-29,0 days 15:59:43.849282,1477146,96.31,96.3,300,300,10664,-13136
29,ABBV,2020-06-29,0 days 15:59:54.877357,1487702,96.36,96.34,605,2000,-12765,943
30,ABC,2020-06-29,0 days 15:57:38.622815,92709,98.94,98.92,661,200,59,-841
31,ABC,2020-06-29,0 days 15:57:50.652378,91668,98.98,98.96,350,100,-1041,359
32,ABC,2020-06-29,0 days 15:58:35.762159,90962,98.9,98.88,200,150,-1948,152
33,ABC,2020-06-29,0 days 15:58:40.774880,92886,98.94,98.89,650,300,2155,-2198
34,ABC,2020-06-29,0 days 15:58:41.776295,88541,98.94,98.89,650,401,-4345,2155
35,ABC,2020-06-29,0 days 15:59:07.840324,93622,98.97,98.94,300,200,418,-1357
36,ABC,2020-06-29,0 days 15:59:08.842204,93246,98.97,98.94,300,206,-376,418
37,ABC,2020-06-29,0 days 15:59:09.845123,106420,99.03,98.98,400,463,589,-376
38,ABEV,2020-06-29,0 days 15:59:01.653960,280013,2.68,2.67,941326,800039,39222,-245778
39,ABEV,2020-06-29,0 days 15:59:02.656995,261935,2.68,2.67,940176,815541,-18078,39222
40,ABEV,2020-06-29,0 days 15:59:45.760633,309451,2.68,2.67,682888,943288,50759,-22236
41,ABEV,2020-06-29,0 days 15:59:46.762660,300510,2.68,2.67,682488,944788,-8941,50759
42,ABR,2020-06-29,0 days 15:58:06.692120,78924,9.13,9.12,4612,12478,-3773,1307
43,ABT,2020-06-29,0 days 15:59:05.664196,469608,89.03,89.01,400,600,-6054,25197
44,ABT,2020-06-29,0 days 15:59:06.667492,475662,89.02,89.01,412,234,4346,-6054
45,ABT,2020-06-29,0 days 15:59:07.669294,475053,89.04,89.02,600,300,-609,4346
46,ABT,2020-06-29,0 days 15:59:49.770792,745735,88.87,88.85,1100,1715,2779,-19800
47,ACB,2020-06-29,0 days 15:57:23.032475,19509,12.36,12.35,200,126,-1149,521
48,ACB,2020-06-29,0 days 15:57:25.036400,16858,12.36,12.35,3528,350,536,-1264
49,ACB,2020-06-29,0 days 15:58:07.138973,18120,12.36,12.35,100,922,-172,562
50,ACB,2020-06-29,0 days 15:59:01.270105,18292,12.36,12.34,1815,805,28,-172
51,ACB,2020-06-29,0 days 15:59:02.272533,18220,12.36,12.35,700,100,-72,28
52,ACB,2020-06-29,0 days 15:59:47.382748,18967,12.38,12.36,123,1200,712,-134
53,ACI,2020-06-29,0 days 15:56:47.331293,29194,15.64,15.62,1099,2840,1415,-585
54,ACI,2020-06-29,0 days 15:56:48.333452,28309,15.64,15.62,1099,2840,-885,1415
55,ACN,2020-06-29,0 days 15:59:07.680051,203004,212.45,212.39,400,425,-635,3707
56,ACN,2020-06-29,0 days 15:59:09.685316,202066,212.36,212.29,300,226,15793,-27062
57,ACN,2020-06-29,0 days 15:59:10.688247,217824,212.45,212.39,225,100,-881,15793
58,ACN,2020-06-29,0 days 15:59:11.689501,216005,212.57,212.47,125,125,1819,-881
59,ACN,2020-06-29,0 days 15:59:14.697095,216516,212.55,212.48,125,125,1308,-5192
60,ACN,2020-06-29,0 days 15:59:16.703531,217824,212.63,212.57,225,125,-9801,1308
61,ACN,2020-06-29,0 days 15:59:17.704289,217325,212.62,212.56,125,120,499,-9801
62,ACN,2020-06-29,0 days 15:59:19.709549,217849,212.7,212.64,416,125,-1179,524
63,ACN,2020-06-29,0 days 15:59:28.729560,218050,212.6,212.51,2185,100,-2160,322
64,ACN,2020-06-29,0 days 15:59:29.731797,216110,212.59,212.52,225,125,2340,-2160
65,ACN,2020-06-29,0 days 15:59:30.735197,218050,212.6,212.54,2594,225,-860,2340
66,ACN,2020-06-29,0 days 15:59:31.737943,217910,212.6,212.55,689,925,140,-860
67,ACN,2020-06-29,0 days 15:59:35.747842,218050,212.67,212.55,725,100,-538,140
68,ACN,2020-06-29,0 days 15:59:38.754551,218388,212.64,212.56,225,575,62,-38
69,ACN,2020-06-29,0 days 15:59:39.757932,218350,212.65,212.56,138,426,-38,62
70,ACN,2020-06-29,0 days 15:59:42.765096,218538,212.67,212.58,625,126,1139,-88
71,ACN,2020-06-29,0 days 15:59:43.766712,219243,212.73,212.62,100,726,-725,1139
72,ACN,2020-06-29,0 days 15:59:44.768407,219960,212.71,212.64,425,726,382,-725
73,ACN,2020-06-29,0 days 15:59:56.795005,220232,212.82,212.64,100,100,-4836,2438
74,ADC,2020-06-29,0 days 15:56:10.359236,70780,65.0,64.98,100,100,-421,1479
75,ADC,2020-06-29,0 days 15:56:11.361582,69201,65.0,64.97,420,100,1579,-421
76,ADC,2020-06-29,0 days 15:57:40.576259,70780,65.05,64.98,100,340,-1074,826
77,ADC,2020-06-29,0 days 15:57:41.577854,69454,65.04,64.99,100,100,1326,-1074
78,ADC,2020-06-29,0 days 15:58:14.660256,70941,64.99,64.96,100,646,-12848,969
79,ADC,2020-06-29,0 days 15:58:15.662135,70011,64.99,64.96,400,880,930,-12848
80,ADC,2020-06-29,0 days 15:58:21.677249,70941,64.99,64.97,199,703,-458,142
81,ADC,2020-06-29,0 days 15:58:22.679330,70699,65.0,64.97,210,703,242,-458
82,ADC,2020-06-29,0 days 15:58:48.742179,71541,64.99,64.94,987,399,-115,310
83,ADC,2020-06-29,0 days 15:58:59.769858,77816,64.94,64.9,400,273,5925,-7125
84,ADC,2020-06-29,0 days 15:59:00.771606,77141,64.95,64.91,671,846,-675,5925
85,ADC,2020-06-29,0 days 15:59:02.777145,79046,64.95,64.91,546,500,895,-2080
86,ADC,2020-06-29,0 days 15:59:19.815526,86321,65.02,64.98,200,746,-4953,1747
87,ADC,2020-06-29,0 days 15:59:42.868640,95038,65.02,64.99,506,800,83,-145
88,ADC,2020-06-29,0 days 15:59:45.874916,94551,65.02,64.99,320,100,-487,183
89,ADC,2020-06-29,0 days 15:59:58.894833,94873,65.05,65.01,1100,183,-2721,4524
90,ADM,2020-06-29,0 days 15:55:00.084595,215180,39.51,39.5,1620,1624,21774,-9929
91,ADM,2020-06-29,0 days 15:55:17.124954,215254,39.53,39.52,990,3150,-369,18
92,ADM,2020-06-29,0 days 15:55:33.163847,215623,39.52,39.51,700,3300,731,-369
93,ADM,2020-06-29,0 days 15:56:08.248023,216415,39.53,39.52,2697,855,-439,244
94,ADM,2020-06-29,0 days 15:56:17.269156,216854,39.52,39.51,2147,2600,3161,-439
95,ADM,2020-06-29,0 days 15:56:18.271612,216415,39.52,39.51,1147,6000,-439,3161
96,ADM,2020-06-29,0 days 15:56:30.300749,216154,39.53,39.52,1500,5008,261,-439
97,ADM,2020-06-29,0 days 15:56:32.305126,216415,39.53,39.52,1600,5108,-439,261
98,ADM,2020-06-29,0 days 15:56:39.322442,216854,39.54,39.53,1347,2358,25,-439
99,ADM,2020-06-29,0 days 15:56:50.348959,216879,39.53,39.52,6286,504,-375,25
100,ADM,2020-06-29,0 days 15:56:58.367806,217254,39.54,39.53,1800,1400,1001,-375
101,ADM,2020-06-29,0 days 15:57:36.458238,218255,39.56,39.55,2410,1781,-1328,772
102,ADM,2020-06-29,0 days 15:57:37.460497,217583,39.56,39.55,3110,2221,672,-1328
103,ADM,2020-06-29,0 days 15:57:48.486884,218255,39.56,39.55,3547,1943,-2128,672
104,ADM,2020-06-29,0 days 15:57:49.489540,217883,39.56,39.55,3210,1343,372,-2128
105,ADM,2020-06-29,0 days 15:57:51.494903,218255,39.56,39.55,2347,8739,-1228,372
106,ADM,2020-06-29,0 days 15:57:52.496749,217883,39.56,39.55,2147,7839,372,-1228
107,ADM,2020-06-29,0 days 15:57:54.501460,218255,39.56,39.55,2347,8944,-1828,372
108,ADM,2020-06-29,0 days 15:57:55.504892,217883,39.56,39.55,3347,3452,372,-1828
109,ADM,2020-06-29,0 days 15:58:17.558362,228365,39.59,39.58,100,9655,-165,99
110,ADM,2020-06-29,0 days 15:58:18.560517,228130,39.59,39.58,300,8455,235,-165
111,ADM,2020-06-29,0 days 15:58:19.563229,228365,39.59,39.58,1790,7425,-932,235
112,ADM,2020-06-29,0 days 15:58:20.565305,228297,39.59,39.58,1990,6691,68,-932
113,ADM,2020-06-29,0 days 15:58:47.630655,230365,39.57,39.56,2011,2300,-256,568
114,ADM,2020-06-29,0 days 15:58:48.632814,229821,39.57,39.56,2011,2800,544,-256
115,ADM,2020-06-29,0 days 15:59:09.685644,236367,39.61,39.6,2614,2208,16217,-1029
116,ADM,2020-06-29,0 days 15:59:14.697356,251720,39.62,39.61,1829,4807,897,-503
117,ADM,2020-06-29,0 days 15:59:19.709959,254016,39.63,39.62,2000,3066,-7679,2096
118,ADM,2020-06-29,0 days 15:59:20.712436,250795,39.63,39.62,840,3373,3858,-7679
119,ADM,2020-06-29,0 days 15:59:34.745020,255062,39.64,39.63,2000,2816,-2843,2857
120,ADT,2020-06-29,0 days 15:55:00.076093,43837,7.78,7.77,2019,6231,1037,-252
121,ADT,2020-06-29,0 days 15:59:27.717179,59187,7.81,7.8,5159,10469,-139,1850
122,ADT,2020-06-29,0 days 15:59:39.746874,58766,7.82,7.81,14200,21447,421,-339
123,AEE,2020-06-29,0 days 15:55:00.075173,137967,69.5,69.47,100,600,55308,-33975
124,AEE,2020-06-29,0 days 15:58:10.531351,173791,69.56,69.55,200,2270,578,-8322
125,AEE,2020-06-29,0 days 15:58:17.547211,174369,69.58,69.56,715,433,-17,278
126,AEE,2020-06-29,0 days 15:58:47.619967,177369,69.59,69.57,695,732,-273,127
127,AEE,2020-06-29,0 days 15:58:48.621811,175242,69.59,69.57,695,732,2127,-273
128,AEE,2020-06-29,0 days 15:59:04.661429,176737,69.61,69.59,1280,100,1132,-4168
129,AEE,2020-06-29,0 days 15:59:22.704492,194641,69.68,69.67,900,1160,1729,-2171
130,AEE,2020-06-29,0 days 15:59:46.762732,193896,69.67,69.66,200,400,2703,-1385
131,AEP,2020-06-29,0 days 15:59:05.664611,264128,79.41,79.39,300,1000,-3327,9745
132,AEP,2020-06-29,0 days 15:59:06.667851,259955,79.41,79.39,900,200,73,-3327
133,AEP,2020-06-29,0 days 15:59:08.672718,260866,79.41,79.4,708,299,-3831,873
134,AEP,2020-06-29,0 days 15:59:09.675939,257997,79.43,79.42,600,226,23627,-3831
135,AEP,2020-06-29,0 days 15:59:26.713770,281780,79.43,79.4,1113,109,-72,728
136,AEP,2020-06-29,0 days 15:59:30.724495,281780,79.43,79.42,575,1200,-72,728
137,AEP,2020-06-29,0 days 15:59:36.738345,278752,79.44,79.42,718,1208,2932,-3868
138,AEP,2020-06-29,0 days 15:59:43.755996,281588,79.48,79.47,500,1300,-3953,143
139,AEP,2020-06-29,0 days 15:59:44.758219,279341,79.48,79.47,686,200,2247,-3953
140,AEP,2020-06-29,0 days 15:59:58.792448,271796,79.56,79.53,6000,600,-217,4479
141,AES,2020-06-29,0 days 15:59:08.683116,316393,14.32,14.31,18851,33785,11359,-16224
142,AES,2020-06-29,0 days 15:59:09.685427,308752,14.32,14.31,8900,41685,-4441,11359
143,AES,2020-06-29,0 days 15:59:15.699677,321570,14.33,14.32,21068,39332,16231,-8335
144,AES,2020-06-29,0 days 15:59:16.703891,315701,14.33,14.32,19768,53335,-4369,16231
145,AES,2020-06-29,0 days 15:59:17.704481,320070,14.33,14.32,19968,49635,18998,-4369
146,AES,2020-06-29,0 days 15:59:18.705997,315868,14.33,14.32,13453,46400,-4202,18998
147,AES,2020-06-29,0 days 15:59:44.768508,331658,14.35,14.34,27805,41225,5110,-9890
148,AFI,2020-06-29,0 days 15:59:15.728149,15415,2.85,2.84,637,511,256,-635
149,AFI,2020-06-29,0 days 15:59:17.729939,15671,2.84,2.83,1366,200,-5144,256
150,AFL,2020-06-29,0 days 15:55:01.691862,222184,35.26,35.25,1918,3267,-256,3644
151,AFL,2020-06-29,0 days 15:55:09.710949,237720,35.28,35.27,2900,402,2717,-256
152,AFL,2020-06-29,0 days 15:57:46.087472,242394,35.28,35.27,109,8255,907,-293
153,AFL,2020-06-29,0 days 15:59:09.294158,257010,35.3,35.29,2009,700,46675,-199
154,AG,2020-06-29,0 days 15:56:16.266643,48928,9.42,9.41,35549,34671,2563,-237
155,AG,2020-06-29,0 days 15:56:17.269120,34291,9.42,9.41,35549,35466,-14637,2563
156,AG,2020-06-29,0 days 15:57:12.401882,48934,9.42,9.41,35361,29299,14600,-13400
157,AG,2020-06-29,0 days 15:57:13.404755,35534,9.42,9.41,34261,31399,-13400,14600
158,AG,2020-06-29,0 days 15:58:49.635718,55561,9.43,9.42,41353,42540,3236,-1152
159,AG,2020-06-29,0 days 15:58:50.638483,38997,9.43,9.42,40553,42638,-16564,3236
160,AG,2020-06-29,0 days 15:59:01.665030,51994,9.43,9.42,47884,15106,9903,-12797
161,AG,2020-06-29,0 days 15:59:02.668473,50997,9.43,9.42,46784,15106,-797,9903
162,AG,2020-06-29,0 days 15:59:09.685540,51236,9.43,9.42,49918,13499,-558,1142
163,AGI,2020-06-29,0 days 15:56:16.348733,25827,9.08,9.07,46277,40894,6037,-152
164,AGI,2020-06-29,0 days 15:59:10.771291,32878,9.08,9.07,63556,41846,-274,7426
165,AHT,2020-06-29,0 days 15:59:11.798275,35932,0.87,0.86,26500,1501,-11057,11329
166,AIG,2020-06-29,0 days 15:58:59.659871,778903,30.53,30.52,100,4935,19940,-3060
167,AIG,2020-06-29,0 days 15:59:00.664977,771043,30.54,30.53,1018,4402,-860,19940
168,AIG,2020-06-29,0 days 15:59:06.678388,781024,30.55,30.54,4204,5173,43469,-3639
169,AIG,2020-06-29,0 days 15:59:07.680493,743093,30.56,30.55,369,5078,-38246,43469
170,AIG,2020-06-29,0 days 15:59:10.688571,787957,30.55,30.54,1800,8700,23436,-6946
171,AIG,2020-06-29,0 days 15:59:11.690443,784993,30.55,30.54,900,9400,-2964,23436
172,AIG,2020-06-29,0 days 15:59:15.699900,792230,30.55,30.54,1700,5759,62447,-7237
173,AIG,2020-06-29,0 days 15:59:18.706185,803015,30.59,30.58,3695,1727,14413,-42529
174,AIG,2020-06-29,0 days 15:59:19.710049,820560,30.6,30.59,625,4908,-11055,14413
175,AIG,2020-06-29,0 days 15:59:27.727818,820560,30.6,30.59,525,3844,-6677,1177
176,AIG,2020-06-29,0 days 15:59:28.729833,819937,30.61,30.6,2970,400,623,-6677
177,AIG,2020-06-29,0 days 15:59:41.762039,812537,30.62,30.61,3109,2321,6868,-11277
178,AJG,2020-06-29,0 days 15:55:00.691010,92582,95.26,95.23,100,200,733,-1159
179,AJG,2020-06-29,0 days 15:55:01.692123,92315,95.28,95.23,300,654,-267,733
180,AJG,2020-06-29,0 days 15:55:18.734562,92582,95.24,95.22,700,415,838,-262
181,AJG,2020-06-29,0 days 15:55:19.736745,92320,95.25,95.23,100,352,-262,838
182,AJG,2020-06-29,0 days 15:56:24.892712,93641,95.21,95.2,775,372,144,-256
183,AJG,2020-06-29,0 days 15:57:18.020654,93857,95.23,95.22,337,400,-23,277
184,AJG,2020-06-29,0 days 15:57:19.022569,93680,95.22,95.2,400,300,177,-23
185,AJG,2020-06-29,0 days 15:57:35.062054,93907,95.29,95.28,300,151,-773,127
186,AJG,2020-06-29,0 days 15:57:39.070958,94121,95.28,95.27,200,100,786,-214
187,AJG,2020-06-29,0 days 15:57:40.074125,94007,95.28,95.27,400,540,-114,786
188,AJG,2020-06-29,0 days 15:57:53.104293,95393,95.33,95.31,100,640,114,-386
189,AJG,2020-06-29,0 days 15:57:55.109215,93907,95.33,95.31,200,792,-1486,614
190,AJG,2020-06-29,0 days 15:57:59.118647,95393,95.3,95.29,100,986,314,-486
191,AJG,2020-06-29,0 days 15:58:00.122972,95207,95.33,95.31,300,300,-186,314
192,AJG,2020-06-29,0 days 15:58:19.168391,98091,95.38,95.36,476,710,207,-522
193,AJG,2020-06-29,0 days 15:58:37.211288,94098,95.36,95.34,900,125,-2593,175
194,AJG,2020-06-29,0 days 15:58:47.235717,97069,95.35,95.33,604,300,569,-271
195,AJG,2020-06-29,0 days 15:59:00.270463,97638,95.43,95.41,300,700,-741,159
196,AJG,2020-06-29,0 days 15:59:12.298130,105359,95.45,95.44,100,400,488,-412
197,AJG,2020-06-29,0 days 15:59:19.314029,109940,95.51,95.5,393,415,369,-214
198,AJG,2020-06-29,0 days 15:59:27.335293,110465,95.52,95.5,391,200,-15,429
199,AJG,2020-06-29,0 days 15:59:50.391622,110297,95.59,95.56,990,265,168,-232
200,ALK,2020-06-29,0 days 15:58:14.635171,141998,36.87,36.86,776,100,27889,-10261
201,ALK,2020-06-29,0 days 15:58:15.636874,138787,36.88,36.87,1100,200,-3311,27889
202,ALK,2020-06-29,0 days 15:58:47.713833,140101,36.86,36.85,501,672,604,-831
203,ALK,2020-06-29,0 days 15:58:48.716623,139292,36.86,36.85,512,472,-709,604
204,ALK,2020-06-29,0 days 15:59:03.754016,140913,36.87,36.86,505,829,457,-833
205,ALK,2020-06-29,0 days 15:59:06.762304,140249,36.87,36.86,718,1278,-921,1136
206,ALK,2020-06-29,0 days 15:59:20.793536,145845,36.87,36.86,347,1066,7087,-44
207,ALL,2020-06-29,0 days 15:55:11.110331,137774,95.09,95.07,200,474,292,-958
208,ALL,2020-06-29,0 days 15:55:12.112351,135366,95.12,95.07,300,719,-2408,292
209,ALL,2020-06-29,0 days 15:58:18.560423,141061,95.11,95.08,500,273,1992,-3724
210,ALL,2020-06-29,0 days 15:58:19.563132,139253,95.13,95.1,400,100,-1808,1992
211,ALL,2020-06-29,0 days 15:59:04.672211,142924,95.19,95.18,200,209,690,-920
212,ALL,2020-06-29,0 days 15:59:05.675352,141762,95.2,95.18,200,371,-888,690
213,ALL,2020-06-29,0 days 15:59:06.678149,143050,95.19,95.18,200,109,9093,-888
214,ALL,2020-06-29,0 days 15:59:07.680258,142628,95.21,95.19,200,762,-741,9093
215,ALLY,2020-06-29,0 days 15:57:08.499450,244809,19.52,19.51,2090,10490,1239,-3396
216,ALLY,2020-06-29,0 days 15:57:09.502218,238448,19.53,19.52,3401,9616,-6361,1239
217,ALLY,2020-06-29,0 days 15:59:04.782136,255709,19.54,19.53,9637,12031,1991,-548
218,ALLY,2020-06-29,0 days 15:59:05.784539,254250,19.55,19.54,16146,5099,-1929,1991
219,ALSN,2020-06-29,0 days 15:58:33.680373,87938,36.85,36.84,200,2551,295,-1756
220,ALSN,2020-06-29,0 days 15:58:34.682720,84833,36.85,36.84,316,2851,-3105,295
221,ALTG,2020-06-29,0 days 15:57:47.563510,6813,7.78,7.75,300,611,-2311,492
222,ALTG,2020-06-29,0 days 15:57:50.572597,6417,7.79,7.76,300,842,396,-2311
223,ALTG,2020-06-29,0 days 15:58:29.665421,6652,7.75,7.74,435,1022,257,-2450
224,ALTG,2020-06-29,0 days 15:59:31.814675,7671,7.75,7.73,651,2069,-2053,816
225,ALTG,2020-06-29,0 days 15:59:40.837183,7017,7.75,7.73,640,1929,1116,-1753
226,AMCR,2020-06-29,0 days 15:58:14.155820,1522517,9.91,9.9,24727,26344,226550,-375306
227,AMCR,2020-06-29,0 days 15:59:06.282508,1779449,9.92,9.91,51178,29627,40115,-9059
228,AME,2020-06-29,0 days 15:55:00.111004,132097,87.74,87.71,250,204,-16484,41371
229,AME,2020-06-29,0 days 15:55:01.113250,130481,87.74,87.71,560,530,1616,-16484
230,AME,2020-06-29,0 days 15:57:02.405275,142019,87.78,87.76,400,200,-3378,879
231,AME,2020-06-29,0 days 15:57:03.407239,139597,87.76,87.75,100,250,2422,-3378
232,AME,2020-06-29,0 days 15:57:38.492800,144835,87.86,87.83,751,200,-653,747
233,AME,2020-06-29,0 days 15:57:39.494810,142788,87.86,87.84,351,250,2047,-653
234,AME,2020-06-29,0 days 15:58:57.684608,144835,87.91,87.88,200,593,-29,1271
235,AME,2020-06-29,0 days 15:58:58.686707,143064,87.92,87.88,800,693,1771,-29
236,AME,2020-06-29,0 days 15:59:07.710191,147820,87.98,87.93,574,723,-486,1671
237,AME,2020-06-29,0 days 15:59:09.714926,148406,87.96,87.94,400,300,8024,-486
238,AME,2020-06-29,0 days 15:59:18.731446,155581,87.98,87.95,400,1155,954,-1846
239,AME,2020-06-29,0 days 15:59:19.734813,156535,87.98,87.97,100,250,-4871,954
240,AME,2020-06-29,0 days 15:59:20.737346,155641,87.98,87.95,143,372,894,-4871
241,AME,2020-06-29,0 days 15:59:35.771415,155721,88.05,88.01,100,1852,-839,368
242,AME,2020-06-29,0 days 15:59:47.798810,155460,88.07,88.03,625,2290,261,-339
243,AMH,2020-06-29,0 days 15:58:01.549350,133178,26.6,26.59,4830,2942,435,-1565
244,AMH,2020-06-29,0 days 15:58:02.552427,131613,26.6,26.59,7367,3142,-1565,435
245,AMH,2020-06-29,0 days 15:58:06.561805,133178,26.6,26.59,5048,3233,3166,-1565
246,AMH,2020-06-29,0 days 15:58:07.564074,132044,26.6,26.59,4848,3933,-1134,3166
247,AMH,2020-06-29,0 days 15:58:40.643225,133370,26.59,26.58,7013,1203,8274,-1326
248,AMH,2020-06-29,0 days 15:58:41.645868,132744,26.59,26.58,5153,1980,-626,8274
249,AMH,2020-06-29,0 days 15:58:44.653010,133370,26.59,26.58,5253,1252,160,-626
250,AMH,2020-06-29,0 days 15:58:57.684608,133987,26.6,26.59,1400,8863,-8885,617
251,AMH,2020-06-29,0 days 15:59:17.730078,146858,26.62,26.61,4410,2727,5318,-785
252,AMH,2020-06-29,0 days 15:59:18.731476,142476,26.62,26.61,2810,5960,-5482,5318
253,AMH,2020-06-29,0 days 15:59:19.734847,147958,26.62,26.61,2945,5928,971,-5482
254,AMH,2020-06-29,0 days 15:59:20.737377,146229,26.63,26.62,800,7880,-1729,971
255,AMH,2020-06-29,0 days 15:59:27.752129,147529,26.63,26.62,100,5629,-429,8471
256,AMH,2020-06-29,0 days 15:59:45.794237,147958,26.61,26.6,2774,1900,8571,-1129
257,AMP,2020-06-29,0 days 15:55:20.131962,88422,147.82,147.76,201,200,-466,229
258,AMP,2020-06-29,0 days 15:55:21.134292,88188,147.82,147.76,201,527,234,-466
259,AMP,2020-06-29,0 days 15:55:51.206849,88432,147.9,147.85,400,263,-656,244
260,AMP,2020-06-29,0 days 15:55:52.209663,88288,147.88,147.8,200,409,144,-656
261,AMP,2020-06-29,0 days 15:56:28.295337,88432,147.88,147.76,309,700,-474,221
262,AMP,2020-06-29,0 days 15:56:29.298443,88306,147.88,147.76,160,700,126,-474
263,AMP,2020-06-29,0 days 15:57:30.444613,87381,147.95,147.91,400,200,300,-870
264,AMP,2020-06-29,0 days 15:57:33.450532,87681,147.92,147.87,100,231,-500,300
265,AMP,2020-06-29,0 days 15:57:43.474965,88281,147.92,147.88,215,623,700,-600
266,AMP,2020-06-29,0 days 15:57:55.504780,88981,147.97,147.93,500,100,300,-200
267,AMP,2020-06-29,0 days 15:57:56.506946,88781,147.97,147.93,300,200,-200,300
268,AMP,2020-06-29,0 days 15:58:02.522559,88581,147.89,147.86,200,200,200,-700
269,AMP,2020-06-29,0 days 15:58:03.525018,88481,147.89,147.86,100,300,-100,200
270,AMP,2020-06-29,0 days 15:58:05.529979,88608,147.92,147.86,200,200,289,-100
271,AMP,2020-06-29,0 days 15:58:06.531841,87997,147.93,147.88,331,200,-611,289
272,AMP,2020-06-29,0 days 15:58:40.613472,89154,148.0,147.95,272,619,389,-85
273,AMP,2020-06-29,0 days 15:58:41.615631,88943,148.02,147.98,100,200,-1011,389
274,AMP,2020-06-29,0 days 15:58:45.626202,89154,148.02,147.98,200,200,789,-311
275,AMP,2020-06-29,0 days 15:58:46.628061,88943,148.02,147.98,301,200,-211,789
276,AMP,2020-06-29,0 days 15:59:01.664929,90392,148.13,148.08,465,600,153,-344
277,AMP,2020-06-29,0 days 15:59:02.668363,90145,148.13,148.08,500,300,-547,153
278,AMP,2020-06-29,0 days 15:59:05.675322,91218,148.13,148.04,213,300,418,-873
279,AMP,2020-06-29,0 days 15:59:43.766852,98662,148.4,148.32,1000,975,-212,499
280,AMP,2020-06-29,0 days 15:59:50.783525,98734,148.23,148.13,562,100,328,-83
281,AMP,2020-06-29,0 days 15:59:58.801030,99062,148.37,148.28,176,1882,-183,317
282,AMP,2020-06-29,0 days 15:59:59.804994,98745,148.38,148.28,3575,2011,317,-183
283,AMRX,2020-06-29,0 days 15:59:09.294546,93607,4.65,4.64,6896,2545,-13805,7775
284,AMRX,2020-06-29,0 days 15:59:10.292609,91112,4.65,4.64,7441,4820,2495,-13805
285,AMT,2020-06-29,0 days 15:59:40.759557,236369,253.61,253.59,125,105,-171,29
286,AMT,2020-06-29,0 days 15:59:41.762014,234940,253.59,253.49,594,125,1429,-171
287,AMT,2020-06-29,0 days 15:59:48.777592,237569,253.59,253.5,100,328,-336,616
288,AMX,2020-06-29,0 days 15:57:12.605594,56306,12.85,12.84,13557,28505,246,-2472
289,AMX,2020-06-29,0 days 15:57:40.665523,52952,12.86,12.85,24700,27855,-3354,246
290,AMX,2020-06-29,0 days 15:59:07.877138,56342,12.84,12.83,5444,31828,472,-1528
291,AMX,2020-06-29,0 days 15:59:24.917050,53314,12.84,12.83,6827,30323,-1330,270
292,ANF,2020-06-29,0 days 15:55:00.190778,160210,10.46,10.45,3479,7841,22743,-43461
293,ANF,2020-06-29,0 days 15:55:01.192877,155153,10.46,10.45,3579,8569,-4957,22743
294,ANF,2020-06-29,0 days 15:59:25.827200,179437,10.46,10.45,8486,7980,4863,-3401
295,ANF,2020-06-29,0 days 15:59:26.829711,176200,10.46,10.45,7386,7697,-3137,4863
296,ANF,2020-06-29,0 days 15:59:45.874916,179437,10.46,10.45,11736,7096,809,-664
297,ANH,2020-06-29,0 days 15:58:47.630655,78737,1.7,1.69,8238,34459,2966,-1846
298,ANH,2020-06-29,0 days 15:58:48.632839,78603,1.7,1.69,8138,34459,-134,2966
299,ANH,2020-06-29,0 days 15:59:05.675598,76706,1.7,1.69,12173,32286,-11257,1769
300,AON,2020-06-29,0 days 15:59:15.806530,132790,187.74,187.64,200,414,11074,-1250
301,AON,2020-06-29,0 days 15:59:16.808619,136346,187.84,187.77,2293,200,-1744,11074
302,AON,2020-06-29,0 days 15:59:17.810696,136248,187.83,187.77,200,200,98,-1744
303,AON,2020-06-29,0 days 15:59:23.824542,136494,187.88,187.78,503,700,-1654,146
304,AON,2020-06-29,0 days 15:59:24.826881,136248,187.88,187.78,503,200,146,-1654
305,AON,2020-06-29,0 days 15:59:39.860495,137588,187.97,187.88,400,800,-481,840
306,AON,2020-06-29,0 days 15:59:40.864420,137369,187.97,187.88,500,1298,444,-481
307,AON,2020-06-29,0 days 15:59:46.877404,135905,187.98,187.9,500,300,-373,567
308,AOS,2020-06-29,0 days 15:55:00.084197,102401,46.36,46.34,345,550,7120,-34128
309,AOS,2020-06-29,0 days 15:55:01.087267,101121,46.37,46.35,100,1212,-1280,7120
310,AOS,2020-06-29,0 days 15:57:02.379014,101454,46.37,46.36,598,501,320,-1145
311,AOS,2020-06-29,0 days 15:57:03.380166,100474,46.37,46.36,498,1325,-980,320
312,AOS,2020-06-29,0 days 15:58:06.531961,103454,46.38,46.36,317,950,1335,-80
313,AOS,2020-06-29,0 days 15:58:07.534571,102589,46.39,46.37,302,500,-865,1335
314,AOS,2020-06-29,0 days 15:58:58.657292,103615,46.4,46.38,167,787,140,-128
315,AOS,2020-06-29,0 days 15:58:59.659841,102855,46.41,46.38,550,987,-760,140
316,AOS,2020-06-29,0 days 15:59:04.672308,103301,46.41,46.39,855,681,892,-446
317,AOS,2020-06-29,0 days 15:59:05.675507,103443,46.41,46.4,454,267,-258,892
318,AOS,2020-06-29,0 days 15:59:07.680373,108842,46.41,46.39,690,222,803,-5373
319,AOS,2020-06-29,0 days 15:59:08.683347,108383,46.41,46.39,380,400,-700,803
320,AOS,2020-06-29,0 days 15:59:22.715677,110395,46.4,46.39,358,744,2002,-1512
321,AOS,2020-06-29,0 days 15:59:23.718235,107397,46.41,46.4,341,471,-3356,2002
322,APG,2020-06-29,0 days 15:58:48.238052,132136,12.29,12.28,2211,838,10088,-2389
323,APG,2020-06-29,0 days 15:58:49.239807,126224,12.29,12.28,2421,583,-3289,10088
324,APG,2020-06-29,0 days 15:59:26.330876,127247,12.27,12.26,749,1217,-2266,5134
325,APH,2020-06-29,0 days 15:55:26.146102,172235,95.09,95.05,214,450,-3020,580
326,APH,2020-06-29,0 days 15:55:27.148880,172055,95.12,95.07,301,450,180,-3020
327,APH,2020-06-29,0 days 15:57:31.446026,172940,95.11,95.08,250,300,-536,252
328,APH,2020-06-29,0 days 15:57:32.448073,172776,95.11,95.08,461,300,164,-536
329,APH,2020-06-29,0 days 15:57:36.458090,172940,95.11,95.09,833,259,-1336,164
330,APH,2020-06-29,0 days 15:57:37.460360,172776,95.11,95.09,634,799,164,-1336
331,APH,2020-06-29,0 days 15:57:39.465456,172940,95.11,95.09,274,734,-1336,164
332,APH,2020-06-29,0 days 15:57:40.467952,171276,95.11,95.09,274,834,1664,-1336
333,APH,2020-06-29,0 days 15:58:20.565270,173109,95.17,95.13,280,350,131,-669
334,APH,2020-06-29,0 days 15:58:41.615698,172940,95.17,95.15,374,505,-136,164
335,APH,2020-06-29,0 days 15:58:42.619818,172776,95.14,95.12,200,300,164,-136
336,APH,2020-06-29,0 days 15:58:48.632749,173240,95.12,95.09,100,712,-29,164
337,APH,2020-06-29,0 days 15:58:49.635685,173069,95.12,95.09,100,712,171,-29
338,APH,2020-06-29,0 days 15:58:57.654615,172946,95.15,95.14,323,250,-123,177
339,APH,2020-06-29,0 days 15:58:58.657218,172869,95.17,95.14,250,250,77,-123
340,APH,2020-06-29,0 days 15:59:00.664798,172946,95.17,95.15,200,250,-229,77
341,APH,2020-06-29,0 days 15:59:01.664959,172875,95.17,95.15,200,470,970,-229
342,APH,2020-06-29,0 days 15:59:03.669431,173648,95.16,95.14,150,581,-237,122
343,APH,2020-06-29,0 days 15:59:04.672243,173585,95.17,95.15,250,355,63,-237
344,APH,2020-06-29,0 days 15:59:05.675392,173648,95.17,95.15,250,355,-14136,63
345,APH,2020-06-29,0 days 15:59:06.678149,186984,95.17,95.13,550,100,2164,-14136
346,APH,2020-06-29,0 days 15:59:07.680295,186848,95.18,95.16,325,250,-1086,2164
347,APH,2020-06-29,0 days 15:59:09.685497,187934,95.18,95.16,322,350,3316,-1086
348,APH,2020-06-29,0 days 15:59:10.688419,187650,95.2,95.18,400,150,-901,3316
349,APH,2020-06-29,0 days 15:59:11.690235,188356,95.2,95.17,150,711,464,-901
350,APH,2020-06-29,0 days 15:59:12.692442,187720,95.22,95.17,450,401,-636,464
351,APH,2020-06-29,0 days 15:59:18.706068,190758,95.2,95.15,350,226,1262,-3038
352,APH,2020-06-29,0 days 15:59:19.709811,189920,95.23,95.17,100,304,-1338,1262
353,APH,2020-06-29,0 days 15:59:50.783592,192170,95.22,95.16,1350,100,296,-1221
354,APH,2020-06-29,0 days 15:59:51.784961,192266,95.25,95.17,100,300,-1921,296
355,APH,2020-06-29,0 days 15:59:57.798163,191670,95.2,95.17,1700,300,796,-1604
356,APH,2020-06-29,0 days 15:59:58.801063,192266,95.3,95.2,1112,5600,-1921,796
357,APLE,2020-06-29,0 days 15:59:41.917800,157076,9.85,9.84,6643,20111,1898,-2102
358,APLE,2020-06-29,0 days 15:59:44.925575,158974,9.85,9.84,902,18619,-504,1298
359,APO,2020-06-29,0 days 15:59:07.790275,106455,47.96,47.94,400,626,140,-2169
360,APO,2020-06-29,0 days 15:59:12.803418,105595,47.98,47.96,218,700,-860,140
361,APO,2020-06-29,0 days 15:59:24.826881,107946,47.94,47.92,400,200,257,-1243
362,APO,2020-06-29,0 days 15:59:27.832279,106094,47.94,47.92,853,200,-1852,1048
363,APO,2020-06-29,0 days 15:59:48.882387,106743,47.94,47.9,937,300,-1203,897
364,APTV,2020-06-29,0 days 15:59:07.876913,130664,75.49,75.47,721,100,-134,2908
365,APTV,2020-06-29,0 days 15:59:09.882388,129498,75.45,75.44,297,303,4614,-134
366,APTV,2020-06-29,0 days 15:59:26.922756,135484,75.49,75.47,1222,598,-891,47
367,APTV,2020-06-29,0 days 15:59:28.926425,132875,75.5,75.48,200,300,2609,-1291
368,APTV,2020-06-29,0 days 15:59:46.969678,134320,75.58,75.54,200,396,1164,-76
369,ARCO,2020-06-29,0 days 15:58:06.531692,22783,4.23,4.22,10327,4933,2636,-271
370,ARCO,2020-06-29,0 days 15:58:07.533806,22571,4.23,4.22,5884,4883,-212,2636
371,ARCO,2020-06-29,0 days 15:58:47.630016,22783,4.23,4.22,8541,1289,765,-476
372,ARES,2020-06-29,0 days 15:58:14.550190,258575,37.79,37.78,827,1340,-18188,122215
373,ARES,2020-06-29,0 days 15:58:15.552674,257063,37.76,37.75,677,800,1512,-18188
374,ARES,2020-06-29,0 days 15:58:37.605251,255404,37.78,37.77,5200,1090,-1659,1103
375,ARES,2020-06-29,0 days 15:58:38.607946,254163,37.77,37.76,2300,1800,1241,-1659
376,ARES,2020-06-29,0 days 15:58:49.634761,255404,37.77,37.76,1632,491,-486,1241
377,ARES,2020-06-29,0 days 15:58:50.637331,254290,37.77,37.76,1682,491,1114,-486
378,ARES,2020-06-29,0 days 15:59:19.708907,277260,37.81,37.8,1019,442,-25791,209
379,ARES,2020-06-29,0 days 15:59:20.711098,279251,37.8,37.79,319,405,174,-25791
380,ARES,2020-06-29,0 days 15:59:21.713219,279125,37.8,37.79,777,195,-446,174
381,ARES,2020-06-29,0 days 15:59:26.724135,280171,37.8,37.78,1977,600,254,-746
382,ARES,2020-06-29,0 days 15:59:27.726543,280218,37.8,37.78,1977,1200,-1345,254
383,ARES,2020-06-29,0 days 15:59:36.748559,281563,37.79,37.77,2832,942,596,-345
384,ARES,2020-06-29,0 days 15:59:37.750802,281359,37.79,37.77,2432,942,-204,596
385,ARES,2020-06-29,0 days 15:59:42.764081,282963,37.78,37.77,258,981,707,-304
386,ARES,2020-06-29,0 days 15:59:43.765853,282770,37.78,37.77,244,1211,-687,707
387,ARES,2020-06-29,0 days 15:59:44.767559,283457,37.78,37.77,257,823,213,-687
388,ARES,2020-06-29,0 days 15:59:46.771178,283305,37.78,37.77,1136,608,-152,1648
389,ARI,2020-06-29,0 days 15:58:30.786671,148415,9.85,9.84,21724,5426,124,-2415
390,ARI,2020-06-29,0 days 15:58:47.827847,148539,9.85,9.84,5420,6715,-94,124
391,ARMK,2020-06-29,0 days 15:56:04.315241,191416,22.43,22.42,1539,600,-7580,320
392,ARMK,2020-06-29,0 days 15:56:05.317635,188665,22.43,22.42,1547,200,2751,-7580
393,ARMK,2020-06-29,0 days 15:57:34.531312,194939,22.41,22.4,2719,500,-5758,242
394,ARMK,2020-06-29,0 days 15:57:35.534090,192155,22.4,22.39,1327,418,2784,-5758
395,ARMK,2020-06-29,0 days 15:58:16.633894,218840,22.38,22.37,1600,900,-2142,158
396,ARMK,2020-06-29,0 days 15:58:47.707944,224861,22.41,22.39,606,2500,165,-435
397,ARMK,2020-06-29,0 days 15:58:48.711151,219426,22.4,22.39,300,2400,-5435,165
398,ARNC,2020-06-29,0 days 15:59:56.795005,440295,13.85,13.83,6395,19880,-38666,34492
399,AROC,2020-06-29,0 days 15:57:31.474892,117487,6.48,6.47,6737,5445,4034,-4366
400,AROC,2020-06-29,0 days 15:59:11.719988,121621,6.48,6.47,3645,7398,-339,1034
401,AROC,2020-06-29,0 days 15:59:15.728827,120841,6.47,6.46,5911,8410,780,-7143
402,AROC,2020-06-29,0 days 15:59:40.781368,122970,6.48,6.47,1001,17887,-891,291
403,ARR,2020-06-29,0 days 15:55:21.741036,53815,9.5,9.49,4583,4778,98,-602
404,ARR,2020-06-29,0 days 15:55:22.743324,53213,9.5,9.49,1983,6178,-602,98
405,ARR,2020-06-29,0 days 15:58:58.262050,53900,9.52,9.51,7798,7316,807,-725
406,ARR,2020-06-29,0 days 15:58:59.265450,53307,9.52,9.51,8198,7716,-593,807
407,ASB,2020-06-29,0 days 15:59:07.285727,278309,13.39,13.38,6028,15117,-2984,4189
408,ASB,2020-06-29,0 days 15:59:09.294546,277431,13.38,13.37,8026,6300,878,-11322
409,ASB,2020-06-29,0 days 15:59:19.313964,277513,13.39,13.38,9335,5750,815,-1385
410,ASB,2020-06-29,0 days 15:59:39.362639,281479,13.41,13.4,5887,18289,1167,-2451
411,ASB,2020-06-29,0 days 15:59:40.365782,281346,13.41,13.4,1000,21400,-133,1167
412,ASB,2020-06-29,0 days 15:59:43.372750,282979,13.41,13.4,300,20502,1,-233
413,ASB,2020-06-29,0 days 15:59:44.375607,281046,13.42,13.41,9166,10776,-3634,1
414,ASB,2020-06-29,0 days 15:59:45.378269,284680,13.42,13.41,10521,9124,3334,-3634
415,ASB,2020-06-29,0 days 15:59:46.381115,284514,13.42,13.41,5288,7468,-166,3334
416,AT,2020-06-29,0 days 15:59:01.664817,27060,1.97,1.96,4135,27301,-3934,5366
417,AT,2020-06-29,0 days 15:59:02.668231,26594,1.97,1.96,4135,27701,266,-3934
418,AT,2020-06-29,0 days 15:59:08.683040,27060,1.97,1.96,4499,29259,-2313,266
419,AT,2020-06-29,0 days 15:59:09.685353,24573,1.97,1.96,4459,29260,2287,-2313
420,ATH,2020-06-29,0 days 15:56:50.954687,187880,30.67,30.66,300,700,-546,1254
421,ATH,2020-06-29,0 days 15:57:34.058124,188526,30.68,30.67,200,300,1356,-344
422,ATH,2020-06-29,0 days 15:57:35.061416,187991,30.69,30.68,300,635,-435,1356
423,ATH,2020-06-29,0 days 15:58:22.174996,188426,30.68,30.65,300,1100,2765,-2535
424,ATH,2020-06-29,0 days 15:58:24.179121,187191,30.69,30.67,300,1000,-2735,165
425,ATH,2020-06-29,0 days 15:58:25.181906,188426,30.68,30.66,800,400,2765,-2735
426,ATH,2020-06-29,0 days 15:58:28.189289,187191,30.71,30.68,500,400,-2835,365
427,ATH,2020-06-29,0 days 15:58:53.249369,192426,30.7,30.69,300,400,413,-135
428,ATH,2020-06-29,0 days 15:59:03.275839,191237,30.71,30.7,200,200,1702,-489
429,ATH,2020-06-29,0 days 15:59:04.279155,192227,30.71,30.7,600,100,-410,1702
430,ATH,2020-06-29,0 days 15:59:05.279533,192137,30.7,30.69,600,800,90,-410
431,ATH,2020-06-29,0 days 15:59:16.306624,258605,30.7,30.69,390,430,-71624,2503
432,ATH,2020-06-29,0 days 15:59:42.369236,299842,30.64,30.63,300,1423,2279,-921
433,ATH,2020-06-29,0 days 15:59:47.382451,304794,30.65,30.64,286,666,422,-2286
434,ATI,2020-06-29,0 days 15:56:06.349993,84143,10.22,10.21,21727,1393,322,-779
435,ATI,2020-06-29,0 days 15:56:10.359236,85164,10.22,10.21,21207,2393,-1216,322
436,ATI,2020-06-29,0 days 15:58:39.719612,86920,10.24,10.23,26524,3197,416,-1155
437,ATI,2020-06-29,0 days 15:58:58.767456,87365,10.24,10.23,7014,9116,-16,416
438,ATI,2020-06-29,0 days 15:59:04.782018,88367,10.25,10.24,21291,4042,7172,-731
439,ATI,2020-06-29,0 days 15:59:05.784400,95539,10.25,10.24,10051,4576,-5528,7172
440,ATI,2020-06-29,0 days 15:59:06.787125,95267,10.24,10.23,1525,5113,3001,-5528
441,ATI,2020-06-29,0 days 15:59:41.865129,102567,10.28,10.27,8158,4284,65,-17993
442,ATI,2020-06-29,0 days 15:59:46.877260,102667,10.27,10.26,6198,2943,7084,-18120
443,ATO,2020-06-29,0 days 15:59:38.360592,90060,98.3,98.27,1805,200,-313,146
444,ATO,2020-06-29,0 days 15:59:42.369877,89166,98.31,98.3,499,1516,894,-1106
445,ATO,2020-06-29,0 days 15:59:44.375578,90060,98.35,98.32,100,1716,-192,560
446,ATO,2020-06-29,0 days 15:59:46.381083,84488,98.32,98.3,590,272,5572,-192
447,ATUS,2020-06-29,0 days 15:58:44.731754,163693,22.63,22.62,9703,8587,-6203,5627
448,ATUS,2020-06-29,0 days 15:58:45.734367,155596,22.63,22.62,10902,7087,8097,-6203
449,ATUS,2020-06-29,0 days 15:59:03.778970,164793,22.63,22.62,8199,9537,-35269,5595
450,ATUS,2020-06-29,0 days 15:59:04.781811,138362,22.63,22.62,11200,3371,40931,-35269
451,ATUS,2020-06-29,0 days 15:59:26.829578,164793,22.63,22.62,8444,7656,-2038,908
452,ATUS,2020-06-29,0 days 15:59:27.831944,164531,22.63,22.62,8027,7351,262,-2038
453,ATUS,2020-06-29,0 days 15:59:45.874777,164793,22.63,22.62,8225,3772,-1089,162
454,AU,2020-06-29,0 days 15:58:53.645751,74109,29.01,29.0,3200,4400,-718,1280
455,AU,2020-06-29,0 days 15:58:54.647823,71027,29.0,28.99,4096,2418,3082,-718
456,AU,2020-06-29,0 days 15:59:05.675507,74668,29.0,28.99,781,6586,-2552,731
457,AU,2020-06-29,0 days 15:59:06.678301,73020,29.0,28.99,2779,3500,1648,-2552
458,AU,2020-06-29,0 days 15:59:09.685732,74668,29.01,29.0,1600,4176,-1874,484
459,AU,2020-06-29,0 days 15:59:10.688488,73342,29.01,29.0,4883,2496,1326,-1874
460,AU,2020-06-29,0 days 15:59:48.777330,75155,29.01,29.0,6067,2114,-687,113
461,AU,2020-06-29,0 days 15:59:50.783774,68742,29.01,29.0,6827,1014,6413,-687
462,AVLR,2020-06-29,0 days 15:55:00.084016,29764,133.51,133.42,256,440,-317,3305
463,AVLR,2020-06-29,0 days 15:55:01.087267,29381,133.51,133.42,356,440,383,-317
464,AVLR,2020-06-29,0 days 15:58:54.647823,30884,133.51,133.48,227,202,-28,72
465,AVLR,2020-06-29,0 days 15:58:55.650351,30812,133.5,133.4,543,725,72,-28
466,AVLR,2020-06-29,0 days 15:59:00.664848,31609,133.5,133.42,225,735,-603,97
467,AVLR,2020-06-29,0 days 15:59:17.704628,32755,133.54,133.48,100,391,335,-72
468,AVLR,2020-06-29,0 days 15:59:18.706100,32790,133.55,133.49,125,391,-65,335
469,AVLR,2020-06-29,0 days 15:59:34.744973,34263,133.64,133.58,425,134,950,-681
470,AVLR,2020-06-29,0 days 15:59:35.748444,34113,133.64,133.58,425,136,-150,950
471,AVLR,2020-06-29,0 days 15:59:46.771994,34263,133.59,133.54,143,325,50,-150
472,AVLR,2020-06-29,0 days 15:59:47.775094,34113,133.59,133.49,374,325,-150,50
473,AVTR,2020-06-29,0 days 15:50:32.471378,105807,16.5,16.49,4560,1810,249136,-64
474,AVTR,2020-06-29,0 days 15:55:16.147598,376808,16.53,16.52,3056,905,3163,-4437
475,AVTR,2020-06-29,0 days 15:55:17.151328,376371,16.53,16.52,7516,400,-33537,3163
476,AVTR,2020-06-29,0 days 15:55:23.166767,159208,16.5,16.49,4440,1700,247534,-3637
477,AVTR,2020-06-29,0 days 15:59:02.698310,317718,16.49,16.48,5360,7410,137545,-40863
478,AVTR,2020-06-29,0 days 15:59:27.752009,404120,16.49,16.48,535,12410,-5248,13852
479,AVTR,2020-06-29,0 days 15:59:31.761922,409368,16.5,16.49,1300,300,2952,-819
480,AVTR,2020-06-29,0 days 15:59:44.790919,410749,16.51,16.5,3490,2400,-519,244881
481,AVYA,2020-06-29,0 days 15:55:00.111353,65943,12.53,12.52,748,410,409,-5653
482,AVYA,2020-06-29,0 days 15:59:03.699569,68711,12.56,12.55,5799,3134,-7032,119
483,AVYA,2020-06-29,0 days 15:59:04.701913,75143,12.56,12.55,6679,875,1862,-7032
484,AXL,2020-06-29,0 days 15:59:08.762177,176267,7.74,7.73,8178,13077,829,-4571
485,AXL,2020-06-29,0 days 15:59:26.805174,171755,7.76,7.75,300,17252,-4512,829
486,AXL,2020-06-29,0 days 15:59:50.860704,147373,7.75,7.74,14607,9259,-28894,2458
487,AXP,2020-06-29,0 days 15:55:00.241327,449846,94.04,94.01,460,300,10656,-178208
488,AXP,2020-06-29,0 days 15:55:01.243545,400902,94.05,94.03,674,979,-48944,10656
489,AXP,2020-06-29,0 days 15:57:33.611202,453798,94.08,94.06,660,503,4284,-4516
490,AXP,2020-06-29,0 days 15:57:34.612754,450378,94.08,94.07,610,314,-3420,4284
491,AXP,2020-06-29,0 days 15:57:38.622855,453798,94.06,94.05,379,614,2514,-2699
492,AXP,2020-06-29,0 days 15:57:39.624751,448245,94.07,94.05,1100,1514,-5553,2514
493,AXP,2020-06-29,0 days 15:59:15.855642,461151,94.1,94.09,326,710,44560,-9055
494,AXP,2020-06-29,0 days 15:59:16.857712,515234,94.22,94.2,200,400,-10934,44560
495,AXP,2020-06-29,0 days 15:59:17.860200,511955,94.2,94.19,107,588,7979,-10934
496,AXP,2020-06-29,0 days 15:59:36.905866,518325,94.29,94.28,807,200,-1185,515
497,AXP,2020-06-29,0 days 15:59:40.916053,509911,94.33,94.32,1000,200,2644,-29855
498,AXP,2020-06-29,0 days 15:59:53.946628,517716,94.36,94.34,300,500,-3533,867
499,AXTA,2020-06-29,0 days 15:59:48.975979,118636,22.18,22.17,6377,1369,-858,1242
500,AZN,2020-06-29,0 days 15:55:01.288580,54155,52.82,52.81,1700,1142,-210,4090
501,AZN,2020-06-29,0 days 15:55:29.358019,54365,52.81,52.8,1920,2451,798,-131
502,AZN,2020-06-29,0 days 15:59:27.923797,78217,52.89,52.88,871,2796,-430,370
503,AZN,2020-06-29,0 days 15:59:28.926451,77647,52.89,52.88,3737,691,570,-430
504,AZN,2020-06-29,0 days 15:59:42.961692,78217,52.9,52.89,3200,400,-1624,570
505,AZUL,2020-06-29,0 days 15:57:08.381548,21525,11.4,11.39,1513,1744,-649,3651
506,AZUL,2020-06-29,0 days 15:57:09.384470,20374,11.4,11.39,1633,1303,1151,-649
507,AZUL,2020-06-29,0 days 15:58:47.619920,20731,11.39,11.38,3218,2395,-2369,257
508,AZUL,2020-06-29,0 days 15:58:48.621811,20000,11.39,11.38,3518,2474,731,-2369
509,AZUL,2020-06-29,0 days 15:59:05.664362,20732,11.39,11.38,4603,3079,-29,732
510,AZUL,2020-06-29,0 days 15:59:07.669460,20256,11.39,11.38,2692,3117,476,-724
511,AZUL,2020-06-29,0 days 15:59:08.672532,20732,11.39,11.38,887,3704,-1177,476
512,AZUL,2020-06-29,0 days 15:59:09.675699,20309,11.39,11.38,887,4104,423,-1177
513,BA,2020-06-29,0 days 15:57:54.609771,501059,193.98,193.94,520,540,-2571,929
514,BA,2020-06-29,0 days 15:57:55.612199,492883,193.91,193.88,200,136,8176,-2571
515,BA,2020-06-29,0 days 15:58:06.640538,501359,193.97,193.94,223,300,-3371,2376
516,BA,2020-06-29,0 days 15:58:07.642684,497630,193.98,193.95,500,200,9462,-3371
517,BA,2020-06-29,0 days 15:58:10.650373,507092,194.0,193.97,37708,1260,-1638,4262
518,BA,2020-06-29,0 days 15:58:11.652015,503330,194.0,193.97,32532,200,3762,-1638
519,BA,2020-06-29,0 days 15:58:19.671626,512705,194.0,193.98,18747,253,6933,-6613
520,BA,2020-06-29,0 days 15:58:20.674679,512438,194.0,193.97,18449,389,-4567,6933
521,BA,2020-06-29,0 days 15:58:21.677249,511105,193.98,193.95,200,700,5233,-4567
522,BA,2020-06-29,0 days 15:58:22.679330,510738,193.99,193.96,700,100,-367,5233
523,BA,2020-06-29,0 days 15:58:28.692902,511105,193.99,193.94,300,333,5233,-667
524,BA,2020-06-29,0 days 15:58:30.697887,510738,193.97,193.95,200,340,-367,533
525,BA,2020-06-29,0 days 15:58:37.714531,521353,194.14,194.09,300,1400,1085,-1115
526,BA,2020-06-29,0 days 15:58:38.717894,520438,194.18,194.13,2744,300,-915,1085
527,BA,2020-06-29,0 days 15:58:41.724542,522253,194.18,194.14,100,1001,2285,-1415
528,BA,2020-06-29,0 days 15:58:42.726816,521238,194.19,194.18,429,208,-1015,2285
529,BA,2020-06-29,0 days 15:58:45.734550,523668,194.17,194.12,400,600,2970,-3730
530,BA,2020-06-29,0 days 15:58:46.737427,522538,194.14,194.12,300,300,-2030,2970
531,BA,2020-06-29,0 days 15:58:53.753437,525037,194.19,194.15,300,1254,1601,-1630
532,BA,2020-06-29,0 days 15:58:54.756332,523738,194.15,194.12,200,919,-4999,1601
533,BA,2020-06-29,0 days 15:58:55.759087,524137,194.14,194.1,400,1995,2901,-4999
534,BA,2020-06-29,0 days 15:58:56.762202,522938,194.15,194.12,100,300,-2099,2901
535,BA,2020-06-29,0 days 15:59:06.787220,532120,194.32,194.27,300,282,4295,-1666
536,BA,2020-06-29,0 days 15:59:07.790183,530915,194.32,194.27,400,800,-5253,4295
537,BA,2020-06-29,0 days 15:59:08.792098,532120,194.26,194.22,200,600,3544,-5253
538,BA,2020-06-29,0 days 15:59:19.815621,553961,194.28,194.23,300,300,-4620,2565
539,BA,2020-06-29,0 days 15:59:20.817002,552581,194.23,194.18,400,300,1834,-4620
540,BA,2020-06-29,0 days 15:59:24.826850,555615,194.38,194.35,200,133,-2524,2734
541,BA,2020-06-29,0 days 15:59:26.829780,550139,194.38,194.35,200,200,5689,-3710
542,BA,2020-06-29,0 days 15:59:33.845544,556428,194.25,194.22,194,232,-853,6347
543,BA,2020-06-29,0 days 15:59:35.851658,553835,194.21,194.19,600,100,3273,-11075
544,BA,2020-06-29,0 days 15:59:38.858207,556633,194.26,194.23,798,200,575,-427
545,BA,2020-06-29,0 days 15:59:44.872595,558108,194.38,194.33,434,300,-1133,967
546,BA,2020-06-29,0 days 15:59:45.875010,555841,194.33,194.29,300,405,2267,-1133
547,BA,2020-06-29,0 days 15:59:48.882301,558108,194.3,194.25,400,300,-4325,4125
548,BA,2020-06-29,0 days 15:59:49.884341,557033,194.26,194.23,100,485,1175,-4325
549,BA,2020-06-29,0 days 15:59:53.893657,558108,194.38,194.36,742,1221,-783,217
550,BA,2020-06-29,0 days 15:59:54.897027,557891,194.35,194.32,400,398,217,-783
551,BA,2020-06-29,0 days 15:59:55.899165,558108,194.39,194.31,233,200,-783,217
552,BABA,2020-06-29,0 days 15:59:05.759257,737915,214.96,214.94,320,1054,-19874,7286
553,BABA,2020-06-29,0 days 15:59:06.761691,716506,214.95,214.93,300,300,27997,-19874
554,BABA,2020-06-29,0 days 15:59:07.764084,737968,214.97,214.95,631,100,-4149,27997
555,BABA,2020-06-29,0 days 15:59:08.766749,736217,214.97,214.95,799,300,1698,-4149
556,BABA,2020-06-29,0 days 15:59:12.776392,748203,214.95,214.93,220,300,-714,5951
557,BABA,2020-06-29,0 days 15:59:15.780778,748917,214.94,214.92,600,200,347,-661
558,BABA,2020-06-29,0 days 15:59:22.798457,752609,214.98,214.96,100,499,-4687,1131
559,BABA,2020-06-29,0 days 15:59:24.802408,744296,214.97,214.95,400,274,1760,-4340
560,BABA,2020-06-29,0 days 15:59:36.831445,742596,215.0,214.99,685,641,1002,-1598
561,BABA,2020-06-29,0 days 15:59:40.842164,743598,215.0,214.99,421,561,-111,439
562,BABA,2020-06-29,0 days 15:59:43.849005,742809,215.0,214.99,200,877,736,-1811
563,BABA,2020-06-29,0 days 15:59:44.851382,743598,215.0,214.99,311,750,-19,736
564,BABA,2020-06-29,0 days 15:59:45.853453,743617,214.98,214.97,400,670,2739,-19
565,BABA,2020-06-29,0 days 15:59:49.873644,743223,215.0,214.99,601,552,322,-2325
566,BAC,2020-06-29,0 days 15:59:10.885220,5342663,23.29,23.28,90786,21235,2814,-49985
567,BAC,2020-06-29,0 days 15:59:49.983240,6187544,23.36,23.35,94577,18763,60474,-16202
568,BAH,2020-06-29,0 days 15:57:35.615496,90899,75.75,75.72,323,300,459,-441
569,BAH,2020-06-29,0 days 15:57:36.617999,88358,75.75,75.72,323,400,-2541,459
570,BAH,2020-06-29,0 days 15:59:06.837817,100449,75.78,75.76,600,751,259,-2309
571,BAH,2020-06-29,0 days 15:59:08.842517,98708,75.78,75.76,912,409,-1741,259
572,BAX,2020-06-29,0 days 15:59:09.675577,280916,84.15,84.13,600,1679,-5201,926
573,BAX,2020-06-29,0 days 15:59:10.678275,278017,84.15,84.13,900,1179,3953,-5201
574,BAX,2020-06-29,0 days 15:59:16.690605,298563,84.18,84.15,220,1678,-10919,5301
575,BAX,2020-06-29,0 days 15:59:17.693270,297272,84.18,84.15,220,1287,1291,-10919
576,BAX,2020-06-29,0 days 15:59:19.697576,298563,84.18,84.15,218,1387,-6302,1291
577,BAX,2020-06-29,0 days 15:59:20.700556,297804,84.18,84.16,432,400,759,-6302
578,BAX,2020-06-29,0 days 15:59:31.726509,297004,84.21,84.19,581,1097,1559,-2941
579,BAX,2020-06-29,0 days 15:59:47.765665,298663,84.23,84.21,2031,657,-6538,7573
580,BB,2020-06-29,0 days 15:59:36.773009,40397,4.81,4.8,170402,45767,-1021,1279
581,BB,2020-06-29,0 days 15:59:37.774133,40318,4.81,4.8,177402,45909,79,-1021
582,BBD,2020-06-29,0 days 15:59:01.270105,520443,3.91,3.9,324129,782507,-104032,155268
583,BBD,2020-06-29,0 days 15:59:08.287846,520443,3.91,3.9,404030,692151,-1820,9463
584,BBD,2020-06-29,0 days 15:59:09.294546,403563,3.91,3.9,403047,699151,116880,-1820
585,BBD,2020-06-29,0 days 15:59:16.306948,520443,3.91,3.9,359955,723145,-77627,116880
586,BBD,2020-06-29,0 days 15:59:36.355840,598070,3.91,3.9,505272,582233,66073,-77627
587,BBD,2020-06-29,0 days 15:59:37.359125,594143,3.91,3.9,504772,583043,-3927,66073
588,BBY,2020-06-29,0 days 15:55:00.074840,230458,86.09,86.06,1114,673,-38837,16162
589,BBY,2020-06-29,0 days 15:56:18.260925,250935,86.09,86.07,2071,200,817,-583
590,BBY,2020-06-29,0 days 15:56:19.263816,249852,86.09,86.07,971,311,-1083,817
591,BBY,2020-06-29,0 days 15:56:24.276209,250935,86.07,86.05,1200,700,1392,-1083
592,BBY,2020-06-29,0 days 15:56:25.278161,249592,86.07,86.06,1900,265,-1343,1392
593,BBY,2020-06-29,0 days 15:57:45.471024,254100,86.04,86.03,1445,101,836,-1664
594,BBY,2020-06-29,0 days 15:57:46.472773,252636,86.04,86.03,1645,203,-1464,836
595,BBY,2020-06-29,0 days 15:58:40.602576,258072,86.07,86.04,539,1475,665,-865
596,BBY,2020-06-29,0 days 15:58:53.634108,260572,86.12,86.1,303,400,606,-1335
597,BBY,2020-06-29,0 days 15:58:54.637531,259478,86.12,86.1,300,500,-1094,606
598,BBY,2020-06-29,0 days 15:59:00.653429,260572,86.14,86.12,300,267,4707,-1094
599,BBY,2020-06-29,0 days 15:59:01.653913,259179,86.15,86.12,700,600,-1393,4707
600,BBY,2020-06-29,0 days 15:59:06.667524,261827,86.14,86.12,442,300,3091,-478
601,BBY,2020-06-29,0 days 15:59:16.690605,280981,86.26,86.24,2000,100,-662,4244
602,BBY,2020-06-29,0 days 15:59:42.753239,283159,86.28,86.26,400,100,302,-1198
603,BBY,2020-06-29,0 days 15:59:43.755837,281961,86.3,86.27,224,300,-2698,302
604,BBY,2020-06-29,0 days 15:59:47.765630,283459,86.26,86.24,600,2370,6604,-8996
605,BBY,2020-06-29,0 days 15:59:48.768348,281563,86.26,86.24,130,2956,-1696,6604
606,BDN,2020-06-29,0 days 15:55:45.192092,17463060,11.07,11.06,2753,8575,2083071,-857003
607,BDX,2020-06-29,0 days 15:57:39.465544,159511,231.8,231.74,300,220,-76,324
608,BDX,2020-06-29,0 days 15:57:41.470055,156787,231.79,231.73,200,200,2724,-1576
609,BDX,2020-06-29,0 days 15:57:50.492308,157087,231.71,231.62,101,200,2424,-1876
610,BDX,2020-06-29,0 days 15:58:39.611790,165304,231.87,231.74,1200,100,-265,635
611,BDX,2020-06-29,0 days 15:58:40.613598,165009,231.87,231.8,1400,200,295,-265
612,BDX,2020-06-29,0 days 15:58:43.620728,165304,231.94,231.8,202,100,-405,295
613,BDX,2020-06-29,0 days 15:58:44.623453,163709,231.95,231.83,2325,200,1595,-405
614,BDX,2020-06-29,0 days 15:59:06.678328,164162,232.07,231.96,200,230,435,-4477
615,BDX,2020-06-29,0 days 15:59:07.680466,164597,232.07,231.96,100,240,-277,435
616,BDX,2020-06-29,0 days 15:59:09.685644,167274,232.2,232.14,492,100,63413,-187
617,BE,2020-06-29,0 days 15:58:05.613549,275562,8.24,8.23,1000,4897,31063,-8036
618,BE,2020-06-29,0 days 15:58:06.615366,269870,8.25,8.24,11200,4205,-5692,31063
619,BE,2020-06-29,0 days 15:58:48.716623,281731,8.25,8.24,1603,6624,3665,-2406
620,BE,2020-06-29,0 days 15:59:15.781246,286802,8.25,8.24,3733,8621,16847,-4508
621,BE,2020-06-29,0 days 15:59:32.823209,285284,8.25,8.24,3789,8207,-1518,2682
622,BE,2020-06-29,0 days 15:59:46.856978,286239,8.24,8.23,6368,3131,-563,1137
623,BEN,2020-06-29,0 days 15:55:15.228384,249049,20.4,20.39,2525,3281,-2146,5202
624,BEN,2020-06-29,0 days 15:55:16.229970,244095,20.4,20.39,3425,2681,4954,-2146
625,BEN,2020-06-29,0 days 15:58:37.714456,306391,20.43,20.42,9786,4416,-1692,2019
626,BEN,2020-06-29,0 days 15:58:38.717859,303120,20.43,20.42,10217,4116,3271,-1692
627,BEN,2020-06-29,0 days 15:59:01.774373,305432,20.43,20.42,7223,7185,-8093,3300
628,BEN,2020-06-29,0 days 15:59:02.777113,288975,20.43,20.42,7523,6987,16457,-8093
629,BEN,2020-06-29,0 days 15:59:03.779083,305432,20.45,20.44,4900,5704,-9180,16457
630,BEN,2020-06-29,0 days 15:59:04.781953,294912,20.45,20.44,6100,2435,10520,-9180
631,BEN,2020-06-29,0 days 15:59:07.790040,305432,20.45,20.44,4200,8004,-1542,2103
632,BEN,2020-06-29,0 days 15:59:10.796636,298139,20.42,20.41,5108,3400,7293,-19091
633,BEN,2020-06-29,0 days 15:59:11.799253,305432,20.41,20.4,7147,6747,-38580,7293
634,BEST,2020-06-29,0 days 15:58:29.616479,42675,4.28,4.27,11917,9887,1763,-133
635,BEST,2020-06-29,0 days 15:58:30.618619,41538,4.28,4.27,10281,10272,-1137,1763
636,BF.B,2020-06-29,0 days 15:55:00.161971,111293,63.19,63.17,100,100,-1730,6030
637,BF.B,2020-06-29,0 days 15:55:54.291506,113424,63.08,63.07,573,1000,589,-611
638,BF.B,2020-06-29,0 days 15:55:55.294059,112813,63.08,63.07,573,1000,-611,589
639,BF.B,2020-06-29,0 days 15:56:58.445372,113424,63.08,63.06,931,487,441,-305
640,BF.B,2020-06-29,0 days 15:56:59.447923,112865,63.08,63.06,931,487,-559,441
641,BF.B,2020-06-29,0 days 15:57:34.531503,113445,63.04,63.03,905,500,619,-481
642,BF.B,2020-06-29,0 days 15:57:35.534238,113064,63.04,63.03,1005,500,-381,619
643,BF.B,2020-06-29,0 days 15:57:37.539077,113445,63.04,63.03,913,600,219,-281
644,BF.B,2020-06-29,0 days 15:57:38.542440,113164,63.05,63.04,421,500,-281,219
645,BF.B,2020-06-29,0 days 15:58:04.605143,113445,63.07,63.06,202,100,697,-381
646,BF.B,2020-06-29,0 days 15:58:05.608186,113444,63.07,63.06,302,600,-1,697
647,BF.B,2020-06-29,0 days 15:59:02.746887,114889,63.15,63.13,175,1153,36,-782
648,BF.B,2020-06-29,0 days 15:59:03.748916,111947,63.15,63.13,791,1053,-2942,36
649,BF.B,2020-06-29,0 days 15:59:04.752135,114889,63.14,63.13,387,571,1758,-2942
650,BF.B,2020-06-29,0 days 15:59:06.757069,115162,63.14,63.13,508,500,-8179,273
651,BF.B,2020-06-29,0 days 15:59:07.759825,122641,63.12,63.11,201,402,8021,-8179
652,BF.B,2020-06-29,0 days 15:59:08.762210,121960,63.13,63.12,400,300,-881,8021
653,BG,2020-06-29,0 days 15:57:24.430266,64052,40.76,40.74,396,816,-2195,2005
654,BG,2020-06-29,0 days 15:59:08.683257,74820,40.82,40.79,300,435,2283,-818
655,BG,2020-06-29,0 days 15:59:09.685540,73103,40.82,40.79,1602,594,-1117,2283
656,BG,2020-06-29,0 days 15:59:11.690235,74220,40.8,40.77,1400,801,6158,-723
657,BG,2020-06-29,0 days 15:59:12.692442,73078,40.8,40.77,1300,701,-1142,6158
658,BG,2020-06-29,0 days 15:59:13.694681,73120,40.8,40.77,1600,312,156,-1142
659,BG,2020-06-29,0 days 15:59:49.782434,70827,40.77,40.75,800,750,1594,-199
660,BG,2020-06-29,0 days 15:59:50.783686,69221,40.76,40.74,981,1802,-1606,1594
661,BHC,2020-06-29,0 days 15:58:39.694824,60042,18.17,18.16,3854,13441,927,-373
662,BHC,2020-06-29,0 days 15:58:40.697426,59269,18.17,18.16,3805,13341,-573,927
663,BHC,2020-06-29,0 days 15:59:01.748699,62285,18.18,18.17,7071,3537,1084,-716
664,BHC,2020-06-29,0 days 15:59:02.751220,61569,18.18,18.17,9271,3015,-716,1084
665,BHC,2020-06-29,0 days 15:59:39.839796,63991,18.19,18.18,6000,4094,10842,-558
666,BHR,2020-06-29,0 days 15:59:06.787125,16464,3.08,3.07,1210,2611,-2093,307
667,BIG,2020-06-29,0 days 15:55:00.165315,70664,43.03,43.02,188,754,-8500,16475
668,BIG,2020-06-29,0 days 15:55:17.211558,74364,43.01,43.0,100,633,400,-300
669,BIG,2020-06-29,0 days 15:56:00.311548,75953,43.09,43.07,2434,868,-456,244
670,BIG,2020-06-29,0 days 15:57:02.459569,75352,43.01,43.0,1909,272,473,-157
671,BIG,2020-06-29,0 days 15:57:44.560966,77125,43.08,43.07,555,2349,-327,173
672,BIG,2020-06-29,0 days 15:57:45.563515,77052,43.08,43.06,455,4803,73,-327
673,BIG,2020-06-29,0 days 15:58:59.743223,76425,43.09,43.08,240,1571,-467,133
674,BIG,2020-06-29,0 days 15:59:00.747181,76392,43.09,43.08,368,773,33,-467
675,BIG,2020-06-29,0 days 15:59:37.835210,90812,43.14,43.12,401,736,-108,149
676,BILL,2020-06-29,0 days 15:58:26.663445,13426,89.41,89.34,660,172,13,-387
677,BILL,2020-06-29,0 days 15:58:27.665882,13139,89.4,89.28,200,300,-87,13
678,BILL,2020-06-29,0 days 15:58:57.738959,13065,89.65,89.45,300,500,226,-174
679,BILL,2020-06-29,0 days 15:58:58.740588,12491,89.65,89.45,400,500,-374,226
680,BILL,2020-06-29,0 days 15:59:06.762250,17165,89.65,89.45,800,1205,115,-83
681,BILL,2020-06-29,0 days 15:59:49.873887,22533,89.66,89.45,278,562,-734,631
682,BILL,2020-06-29,0 days 15:59:50.867418,21267,89.65,89.45,100,562,2831,-734
683,BIPC,2020-06-29,0 days 15:59:39.953728,12887,44.2,44.19,335,1448,-208,192
684,BIPC,2020-06-29,0 days 15:59:40.956817,12795,44.2,44.19,335,1348,92,-208
685,BJ,2020-06-29,0 days 15:55:32.364604,148982,37.83,37.82,274,200,-10349,2651
686,BJ,2020-06-29,0 days 15:55:33.367067,147031,37.82,37.81,179,1206,1951,-10349
687,BJ,2020-06-29,0 days 15:57:29.637659,150082,37.78,37.77,545,2733,-88,2007
688,BJ,2020-06-29,0 days 15:57:30.640611,148070,37.78,37.77,1328,2902,2012,-88
689,BJ,2020-06-29,0 days 15:59:04.870019,150189,37.81,37.8,1619,3951,-8011,115
690,BK,2020-06-29,0 days 15:59:06.762250,402554,36.83,36.82,1491,5487,1192,-46796
691,BK,2020-06-29,0 days 15:59:07.764520,391824,36.86,36.85,2525,3538,-15630,1192
692,BK,2020-06-29,0 days 15:59:15.781246,408092,36.86,36.85,2636,6272,36128,-7223
693,BK,2020-06-29,0 days 15:59:16.784908,406821,36.88,36.87,411,6638,-5686,36128
694,BK,2020-06-29,0 days 15:59:46.856931,420751,36.9,36.89,4815,4247,-801,2199
695,BK,2020-06-29,0 days 15:59:48.861603,421552,36.9,36.89,6167,2350,3623,-801
696,BK,2020-06-29,0 days 15:59:49.873887,420975,36.9,36.89,3917,1942,-577,3623
697,BKI,2020-06-29,0 days 15:58:44.612106,64928,71.79,71.76,300,500,2802,-1353
698,BKI,2020-06-29,0 days 15:58:45.615417,63029,71.8,71.77,325,225,-1899,2802
699,BKI,2020-06-29,0 days 15:59:05.664463,65345,71.81,71.79,758,550,6367,-2139
700,BKI,2020-06-29,0 days 15:59:06.667731,66712,71.83,71.8,425,741,-143,6367
701,BKI,2020-06-29,0 days 15:59:07.669520,66855,71.81,71.79,305,550,457,-143
702,BKI,2020-06-29,0 days 15:59:08.672605,66212,71.83,71.8,377,436,-843,457
703,BKI,2020-06-29,0 days 15:59:11.679590,67611,71.85,71.8,425,754,2108,-1399
704,BKR,2020-06-29,0 days 15:59:23.875150,620411,14.84,14.83,2766,5254,4028,-14252
705,BKR,2020-06-29,0 days 15:59:27.883787,611239,14.84,14.83,5266,5407,-3412,1988
706,BKR,2020-06-29,0 days 15:59:34.902405,632526,14.84,14.83,5100,4584,1083,-2233
707,BKR,2020-06-29,0 days 15:59:41.917840,629734,14.84,14.83,10729,3512,-2392,4208
708,BKR,2020-06-29,0 days 15:59:46.930266,648901,14.84,14.83,6883,4164,939,-12467
709,BKR,2020-06-29,0 days 15:59:47.933354,649840,14.84,14.83,6583,4164,-7916,939
710,BLL,2020-06-29,0 days 15:59:11.679651,227720,68.31,68.3,500,200,1235,-6237
711,BLL,2020-06-29,0 days 15:59:13.683565,228955,68.35,68.32,300,300,-1459,841
712,BLL,2020-06-29,0 days 15:59:20.700753,230414,68.35,68.33,975,230,1589,-1459
713,BLL,2020-06-29,0 days 15:59:21.702115,226803,68.35,68.33,980,230,-3611,1589
714,BLL,2020-06-29,0 days 15:59:48.768834,225820,68.33,68.31,101,442,-2294,1006
715,BMY,2020-06-29,0 days 15:59:15.806361,1212707,57.76,57.75,5681,589,-33898,106480
716,BMY,2020-06-29,0 days 15:59:16.808433,1185028,57.69,57.68,1086,4177,28574,-33898
717,BMY,2020-06-29,0 days 15:59:18.812268,1213430,57.73,57.72,1268,3474,-9631,11
718,BMY,2020-06-29,0 days 15:59:19.815491,1208461,57.74,57.73,2101,2095,4502,-9631
719,BMY,2020-06-29,0 days 15:59:31.841641,1215809,57.76,57.75,1401,2600,-17110,28191
720,BMY,2020-06-29,0 days 15:59:38.858113,1218958,57.77,57.76,15801,3948,-5825,2375
721,BMY,2020-06-29,0 days 15:59:47.879636,1229636,57.78,57.77,4368,2627,-9455,18595
722,BNED,2020-06-29,0 days 15:55:14.145095,11050,1.56,1.55,3514,1904,242,-758
723,BNED,2020-06-29,0 days 15:59:03.699628,12447,1.59,1.58,2914,2078,-2903,1052
724,BOX,2020-06-29,0 days 15:56:06.445663,122779,20.13,20.12,1200,4500,8720,-280
725,BOX,2020-06-29,0 days 15:56:07.448356,121199,20.15,20.14,4271,438,-1580,8720
726,BOX,2020-06-29,0 days 15:56:08.450676,122779,20.15,20.14,4571,300,4177,-1580
727,BOX,2020-06-29,0 days 15:56:09.452667,121756,20.15,20.14,4071,951,-1023,4177
728,BOX,2020-06-29,0 days 15:57:07.592783,123079,20.12,20.11,1204,3817,245,-1323
729,BOX,2020-06-29,0 days 15:57:08.598157,121624,20.13,20.12,1356,1750,-1455,245
730,BOX,2020-06-29,0 days 15:57:21.627395,123079,20.15,20.14,1648,2242,3777,-1595
731,BOX,2020-06-29,0 days 15:57:22.629321,121956,20.15,20.14,929,3096,-1123,3777
732,BOX,2020-06-29,0 days 15:57:36.655202,123079,20.15,20.14,3622,2902,6022,-738
733,BOX,2020-06-29,0 days 15:57:37.657468,122701,20.15,20.14,3122,3752,-378,6022
734,BOX,2020-06-29,0 days 15:57:57.706164,124179,20.14,20.13,6685,8276,4007,-980
735,BOX,2020-06-29,0 days 15:58:57.852856,214405,20.18,20.17,2000,6733,-28641,5725
736,BOX,2020-06-29,0 days 15:58:58.854457,203146,20.17,20.16,4928,1844,11259,-28641
737,BOX,2020-06-29,0 days 15:59:36.946533,218147,20.21,20.2,1766,4906,2368,-6132
738,BOX,2020-06-29,0 days 15:59:39.953591,220868,20.22,20.21,4322,1250,-1420,24821
739,BOX,2020-06-29,0 days 15:59:47.974096,216710,20.21,20.2,6709,6009,-778,21422
740,BP,2020-06-29,0 days 15:58:47.709244,106725,23.47,23.46,33954,25269,9648,-2935
741,BP,2020-06-29,0 days 15:58:48.711228,103973,23.47,23.46,33654,26469,-2652,9648
742,BRFS,2020-06-29,0 days 15:59:01.743854,45676,3.88,3.87,195699,4409,-24358,31142
743,BRFS,2020-06-29,0 days 15:59:02.746827,43334,3.88,3.87,181999,6809,2342,-24358
744,BRFS,2020-06-29,0 days 15:59:07.759765,46529,3.88,3.87,180199,9624,-373,6874
745,BRFS,2020-06-29,0 days 15:59:08.762092,43902,3.88,3.87,184009,9624,2627,-373
746,BRK.B,2020-06-29,0 days 15:55:01.113147,438875,176.77,176.74,200,446,-979,2021
747,BRK.B,2020-06-29,0 days 15:55:09.132958,433337,176.68,176.65,300,200,4802,-335
748,BRK.B,2020-06-29,0 days 15:55:10.133598,433070,176.68,176.64,200,200,-267,4802
749,BRK.B,2020-06-29,0 days 15:55:14.144385,433337,176.69,176.67,501,500,54,-267
750,BRK.B,2020-06-29,0 days 15:55:15.148100,433391,176.69,176.67,501,300,-5083,54
751,BRK.B,2020-06-29,0 days 15:55:25.171792,433391,176.72,176.69,500,100,-6368,13
752,BRK.B,2020-06-29,0 days 15:55:35.195778,433878,176.59,176.57,319,340,-59,41
753,BRK.B,2020-06-29,0 days 15:56:00.256338,432624,176.57,176.55,300,110,954,-317
754,BRK.B,2020-06-29,0 days 15:56:01.257546,433578,176.57,176.56,700,100,-317,954
755,BRK.B,2020-06-29,0 days 15:56:02.260755,432624,176.53,176.52,651,303,1154,-317
756,BRK.B,2020-06-29,0 days 15:56:06.269968,433578,176.59,176.57,1257,300,-317,1012
757,BRK.B,2020-06-29,0 days 15:56:10.279521,432624,176.54,176.51,300,300,1154,-117
758,BRK.B,2020-06-29,0 days 15:57:38.492727,436877,176.59,176.56,300,300,-490,1768
759,BRK.B,2020-06-29,0 days 15:57:40.497106,437409,176.59,176.56,421,400,1168,-90
760,BRK.B,2020-06-29,0 days 15:57:41.499535,437277,176.61,176.57,230,600,-132,1168
761,BRK.B,2020-06-29,0 days 15:57:47.514346,437409,176.62,176.59,820,637,2168,-532
762,BRK.B,2020-06-29,0 days 15:57:48.516844,436877,176.61,176.59,245,761,-532,2168
763,BRK.B,2020-06-29,0 days 15:57:55.533196,437409,176.6,176.58,210,191,68,-32
764,BRK.B,2020-06-29,0 days 15:57:56.534846,436877,176.6,176.58,301,124,-532,68
765,BRK.B,2020-06-29,0 days 15:58:57.684559,470255,176.66,176.62,600,536,2043,-557
766,BRK.B,2020-06-29,0 days 15:58:59.688930,475956,176.72,176.68,107,720,-1151,5107
767,BRK.B,2020-06-29,0 days 15:59:00.693627,474892,176.73,176.69,500,500,1064,-1151
768,BRK.B,2020-06-29,0 days 15:59:01.695204,475956,176.72,176.7,200,243,-2974,1064
769,BRK.B,2020-06-29,0 days 15:59:02.698341,474530,176.73,176.7,300,422,1369,-2974
770,BRK.B,2020-06-29,0 days 15:59:06.708310,475189,176.72,176.7,200,100,1282,-894
771,BRK.B,2020-06-29,0 days 15:59:08.712525,477043,176.74,176.72,900,862,-1287,888
772,BRK.B,2020-06-29,0 days 15:59:10.717297,479813,176.74,176.72,977,336,1030,-370
773,BRK.B,2020-06-29,0 days 15:59:43.788471,561165,176.99,176.95,674,400,-3286,1414
774,BRK.B,2020-06-29,0 days 15:59:44.790950,559924,176.99,176.96,201,300,1241,-3286
775,BRK.B,2020-06-29,0 days 15:59:48.800765,561165,176.99,176.98,629,100,-341,5259
776,BRK.B,2020-06-29,0 days 15:59:49.805332,559879,177.0,176.97,8180,1107,1286,-341
777,BRK.B,2020-06-29,0 days 15:59:58.824436,557515,177.16,177.06,1600,11800,-4582,1250
778,BRX,2020-06-29,0 days 15:57:19.526199,215240,12.93,12.92,3796,10958,1241,-59
779,BRX,2020-06-29,0 days 15:59:05.784539,312630,12.95,12.94,6950,11345,1950,-97999
780,BRX,2020-06-29,0 days 15:59:08.792133,308117,12.95,12.94,4426,11134,-5566,4134
781,BRX,2020-06-29,0 days 15:59:19.815621,313949,12.95,12.94,9828,7494,229,-679
782,BRX,2020-06-29,0 days 15:59:24.826881,313778,12.96,12.95,6028,7673,-871,229
783,BSBR,2020-06-29,0 days 15:59:05.872084,15164,5.37,5.36,84942,28338,-771,1717
784,BSIG,2020-06-29,0 days 15:55:12.102109,55573,12.63,12.62,118,2563,535,-965
785,BSIG,2020-06-29,0 days 15:55:13.104496,55408,12.65,12.64,1100,1500,-165,535
786,BSIG,2020-06-29,0 days 15:59:08.671698,100314,12.6,12.59,6065,3271,315,-785
787,BSIG,2020-06-29,0 days 15:59:15.686285,100629,12.6,12.59,5613,3400,-223,315
788,BSIG,2020-06-29,0 days 15:59:27.716299,101305,12.6,12.59,4208,2131,3175,-476
789,BSIG,2020-06-29,0 days 15:59:28.718269,98980,12.6,12.59,4105,3831,-2325,3175
790,BSIG,2020-06-29,0 days 15:59:45.759869,101305,12.6,12.59,6057,813,799,-200
791,BSIG,2020-06-29,0 days 15:59:49.770114,99901,12.59,12.58,3919,4500,-1483,417
792,BSX,2020-06-29,0 days 15:55:00.109297,989329,34.53,34.52,5847,5668,-182492,222069
793,BSX,2020-06-29,0 days 15:55:26.172587,1005026,34.54,34.53,5594,15423,10441,-1286
794,BSX,2020-06-29,0 days 15:55:27.175445,1003390,34.54,34.53,2594,17531,-1136,10441
795,BSX,2020-06-29,0 days 15:57:02.403848,995279,34.54,34.53,17426,4986,11661,-86
796,BSX,2020-06-29,0 days 15:57:33.478337,1007040,34.55,34.54,7933,10933,-9427,116
797,BSX,2020-06-29,0 days 15:57:43.502905,1051022,34.55,34.54,11745,10580,3118,-6982
798,BSX,2020-06-29,0 days 15:57:44.505950,1047040,34.55,34.54,10932,11080,-5282,3118
799,BSX,2020-06-29,0 days 15:58:07.562485,1047440,34.53,34.52,10625,4100,-7640,287
800,BSX,2020-06-29,0 days 15:59:14.724800,1126443,34.61,34.6,2400,7841,-2413,12710
801,BSX,2020-06-29,0 days 15:59:21.738418,1133690,34.61,34.6,6017,15325,484,-1616
802,BSX,2020-06-29,0 days 15:59:22.739555,1133274,34.61,34.6,6401,15976,-516,484
803,BTI,2020-06-29,0 days 15:56:09.327211,15431,39.03,39.02,549,3100,-16,383
804,BTI,2020-06-29,0 days 15:56:10.329824,15047,39.03,39.02,100,3200,384,-16
805,BTI,2020-06-29,0 days 15:58:05.608253,15435,39.04,39.03,2415,1598,-512,488
806,BTI,2020-06-29,0 days 15:58:06.610448,15047,39.04,39.03,1715,4500,388,-512
807,BTI,2020-06-29,0 days 15:59:36.826687,16418,39.12,39.11,2050,3471,129,-371
808,BTU,2020-06-29,0 days 15:58:30.668895,57630,2.95,2.94,13532,24179,4750,-150
809,BTU,2020-06-29,0 days 15:59:03.748466,62380,2.95,2.94,11625,24502,-5125,709
810,BTU,2020-06-29,0 days 15:59:04.751887,61605,2.95,2.94,11936,21723,775,-5125
811,BTU,2020-06-29,0 days 15:59:08.761941,62380,2.95,2.94,11424,22493,-125,475
812,BTU,2020-06-29,0 days 15:59:15.777111,62505,2.95,2.94,13529,25897,4108,-125
813,BTU,2020-06-29,0 days 15:59:16.779868,66613,2.95,2.94,9215,26821,-1892,4108
814,BTU,2020-06-29,0 days 15:59:17.783210,65605,2.95,2.94,12529,26513,1008,-1892
815,BTU,2020-06-29,0 days 15:59:36.825243,66205,2.96,2.95,31630,54999,408,-3092
816,BTU,2020-06-29,0 days 15:59:37.828137,66613,2.96,2.95,29630,35048,-192,408
817,BUD,2020-06-29,0 days 15:55:01.243774,21351,49.24,49.23,3000,1159,-90,210
818,BUD,2020-06-29,0 days 15:56:56.521218,26541,49.23,49.22,714,970,10,-590
819,BUD,2020-06-29,0 days 15:56:57.524278,26051,49.23,49.22,300,970,-490,10
820,BUD,2020-06-29,0 days 15:57:18.574455,26541,49.24,49.23,3051,785,744,-413
821,BUD,2020-06-29,0 days 15:57:19.576933,26185,49.24,49.23,3069,785,-356,744
822,BUD,2020-06-29,0 days 15:59:09.845329,26888,49.3,49.28,2061,1816,1512,-59
823,BWA,2020-06-29,0 days 15:58:48.716504,147403,35.02,35.01,903,1245,-877,824
824,BWA,2020-06-29,0 days 15:59:06.762104,141997,35.05,35.04,2418,401,-8407,4293
825,BWA,2020-06-29,0 days 15:59:09.769839,153104,35.05,35.04,103,1222,8896,-1322
826,BWA,2020-06-29,0 days 15:59:10.771108,148100,35.05,35.04,2181,1253,-4004,8896
827,BX,2020-06-29,0 days 15:55:20.159306,162230,55.57,55.55,200,1008,139,-561
828,BXMT,2020-06-29,0 days 15:57:28.439299,99454,24.09,24.08,5300,644,-652,568
829,BXMT,2020-06-29,0 days 15:57:31.446110,98528,24.09,24.08,5421,1049,926,-74
830,BXMT,2020-06-29,0 days 15:58:10.542331,99454,24.09,24.08,10837,4383,-1739,981
831,BXMT,2020-06-29,0 days 15:58:11.544015,98993,24.09,24.08,11037,5530,461,-1739
832,BXMT,2020-06-29,0 days 15:59:06.678301,101108,24.09,24.08,9266,3158,-888,65
833,BXMT,2020-06-29,0 days 15:59:08.683391,100891,24.09,24.08,10238,3192,217,-2083
834,BXMT,2020-06-29,0 days 15:59:22.715707,101173,24.09,24.08,8464,1951,1782,-3718
835,BXMT,2020-06-29,0 days 15:59:46.772031,101611,24.11,24.1,300,528,1758,-1478
836,BYD,2020-06-29,0 days 15:55:00.075987,94234,20.37,20.36,690,200,509,-13075
837,BYD,2020-06-29,0 days 15:55:16.112523,94743,20.37,20.36,474,1133,-19,481
838,BYD,2020-06-29,0 days 15:55:17.115514,94262,20.37,20.36,774,933,5081,-19
839,BYD,2020-06-29,0 days 15:55:53.201473,91033,20.37,20.36,800,200,-720,80
840,BYD,2020-06-29,0 days 15:55:56.208137,105253,20.37,20.36,900,300,3880,-720
841,BYD,2020-06-29,0 days 15:56:07.235584,109133,20.37,20.36,758,1472,-158,42
842,BYD,2020-06-29,0 days 15:56:08.238577,107629,20.37,20.36,548,1272,1504,-158
843,BYD,2020-06-29,0 days 15:57:21.414221,108956,20.47,20.45,600,610,-1008,130
844,BYD,2020-06-29,0 days 15:57:22.415810,108364,20.47,20.46,100,610,392,-1008
845,BYD,2020-06-29,0 days 15:57:45.471157,108756,20.47,20.46,600,655,-201,99
846,BYD,2020-06-29,0 days 15:57:46.472936,108457,20.47,20.46,808,286,299,-201
847,BYD,2020-06-29,0 days 15:57:53.489042,108956,20.47,20.46,300,1500,-326,212
848,BYD,2020-06-29,0 days 15:58:19.552121,108641,20.48,20.47,5501,3202,115,-385
849,BYD,2020-06-29,0 days 15:58:47.620005,110356,20.47,20.46,200,1643,-1466,101
850,C,2020-06-29,0 days 15:59:04.869926,806211,50.17,50.16,1700,2834,-860,40703
851,C,2020-06-29,0 days 15:59:09.882357,807671,50.17,50.16,5960,1216,9951,-1608
852,CADE,2020-06-29,0 days 15:55:00.241420,201895,8.5,8.49,4400,5303,926,-78664
853,CADE,2020-06-29,0 days 15:56:30.459082,203459,8.51,8.5,3751,8577,-3809,535
854,CADE,2020-06-29,0 days 15:57:52.656707,207108,8.53,8.52,8116,8883,1595,-4505
855,CADE,2020-06-29,0 days 15:58:04.686846,208703,8.53,8.52,10789,7025,-528,1595
856,CADE,2020-06-29,0 days 15:58:05.690325,207331,8.53,8.52,10789,7525,1372,-528
857,CAG,2020-06-29,0 days 15:55:11.191812,327914,33.66,33.65,4589,1428,-3194,321
858,CAG,2020-06-29,0 days 15:55:12.194803,322257,33.65,33.64,2051,1497,5657,-3194
859,CAG,2020-06-29,0 days 15:56:17.350921,329706,33.66,33.65,1267,2610,-65,235
860,CAG,2020-06-29,0 days 15:56:24.368175,330458,33.66,33.65,1841,3310,7248,-65
861,CAG,2020-06-29,0 days 15:57:02.459491,337706,33.67,33.66,600,3092,-9460,3456
862,CAG,2020-06-29,0 days 15:57:03.461721,332662,33.66,33.65,700,1600,5044,-9460
863,CAG,2020-06-29,0 days 15:58:14.635141,349597,33.67,33.66,236,3000,-3700,7341
864,CAG,2020-06-29,0 days 15:58:15.636805,316860,33.67,33.66,217,3400,30437,-3700
865,CAG,2020-06-29,0 days 15:58:54.731073,349530,33.66,33.65,538,1435,-633,2667
866,CAG,2020-06-29,0 days 15:58:55.733209,346763,33.66,33.65,1138,1917,967,-633
867,CAG,2020-06-29,0 days 15:59:05.759452,351253,33.69,33.68,3000,1835,-20680,16937
868,CAG,2020-06-29,0 days 15:59:06.762210,375624,33.68,33.67,2115,1800,129,-20680
869,CAG,2020-06-29,0 days 15:59:08.767105,370353,33.69,33.68,2010,1457,-1790,3610
870,CAG,2020-06-29,0 days 15:59:14.781175,372228,33.68,33.67,1799,1030,3834,-1668
871,CAG,2020-06-29,0 days 15:59:22.798991,383088,33.67,33.66,1400,1501,3566,-3264
872,CAG,2020-06-29,0 days 15:59:23.800074,381254,33.68,33.67,864,1817,-1834,3566
873,CAH,2020-06-29,0 days 15:57:44.082376,183275,51.8,51.79,562,200,-840,660
874,CAH,2020-06-29,0 days 15:59:08.287913,194065,51.85,51.83,100,895,26562,-335
875,CAH,2020-06-29,0 days 15:59:19.314077,228836,51.89,51.87,1236,546,1210,-2990
876,CAH,2020-06-29,0 days 15:59:28.335981,230283,51.9,51.89,1848,320,-474,1247
877,CAH,2020-06-29,0 days 15:59:50.391899,226891,51.92,51.9,600,400,4713,-287
878,CARR,2020-06-29,0 days 15:55:04.119461,973080,22.22,22.21,2765,1567,-911,188089
879,CARR,2020-06-29,0 days 15:55:05.122198,966098,22.21,22.2,100,2559,6982,-911
880,CARR,2020-06-29,0 days 15:56:07.272600,976417,22.21,22.2,3235,3359,-30252,1728
881,CARR,2020-06-29,0 days 15:56:08.275237,973569,22.21,22.2,4335,1506,2828,-30252
882,CARR,2020-06-29,0 days 15:56:39.350091,977149,22.21,22.2,3885,7517,-1152,3213
883,CARR,2020-06-29,0 days 15:56:40.353309,974601,22.21,22.2,3485,7992,2548,-1152
884,CARR,2020-06-29,0 days 15:57:36.487700,984123,22.19,22.18,5805,11518,-3792,2808
885,CARR,2020-06-29,0 days 15:57:38.492955,991015,22.18,22.17,3400,3315,2108,-32292
886,CARR,2020-06-29,0 days 15:57:43.504467,993143,22.18,22.17,5982,9882,-3654,526
887,CARR,2020-06-29,0 days 15:57:44.507633,992397,22.18,22.17,4582,8682,726,-3654
888,CARR,2020-06-29,0 days 15:58:14.580683,1198991,22.15,22.14,1405,8612,-23934,2094
889,CARR,2020-06-29,0 days 15:59:09.715186,1285760,22.15,22.14,1900,1000,46521,-35516
890,CARR,2020-06-29,0 days 15:59:10.717561,1272181,22.16,22.15,1800,1200,-13579,46521
891,CARR,2020-06-29,0 days 15:59:27.752317,1287819,22.13,22.12,400,8029,-9224,8576
892,CARR,2020-06-29,0 days 15:59:45.794419,1363835,22.13,22.12,5392,4262,598,-21969
893,CARR,2020-06-29,0 days 15:59:46.795710,1364433,22.13,22.12,6192,3560,-503,598
894,CAT,2020-06-29,0 days 15:59:08.712931,402787,125.06,125.03,308,200,-9872,16074
895,CAT,2020-06-29,0 days 15:59:09.715159,385559,125.0,124.98,400,400,17228,-9872
896,CAT,2020-06-29,0 days 15:59:19.735003,420337,125.07,125.05,200,300,-36,778
897,CAT,2020-06-29,0 days 15:59:23.744355,420167,125.06,125.04,609,100,170,-30
898,CAT,2020-06-29,0 days 15:59:25.747155,420337,125.06,125.04,210,221,-10653,170
899,CAT,2020-06-29,0 days 15:59:26.749916,416640,125.05,125.02,609,740,3697,-10653
900,CAT,2020-06-29,0 days 15:59:28.753997,420337,125.09,125.07,200,100,-214,3086
901,CAT,2020-06-29,0 days 15:59:30.762443,417651,125.08,125.06,165,100,2686,-214
902,CAT,2020-06-29,0 days 15:59:36.773127,420683,125.1,125.07,700,189,-460,2094
903,CAT,2020-06-29,0 days 15:59:46.795710,419717,125.16,125.15,200,100,4044,-5828
904,CAT,2020-06-29,0 days 15:59:48.801165,423761,125.16,125.14,198,1100,-3115,3684
905,CAT,2020-06-29,0 days 15:59:49.805721,420894,125.15,125.1,400,400,2967,-3115
906,CAT,2020-06-29,0 days 15:59:59.827207,421515,125.29,125.22,1600,10227,-4627,6641
907,CAT,2020-06-29,0 days 16:00:00.826240,415596,125.22,125.21,5048,13500,5919,-4627
908,CB,2020-06-29,0 days 15:59:15.806332,223526,125.52,125.48,200,300,3128,-27661
909,CB,2020-06-29,0 days 15:59:16.808402,222354,125.56,125.53,100,300,-2924,3128
910,CB,2020-06-29,0 days 15:59:17.810475,225278,125.57,125.53,200,600,35,-2924
911,CB,2020-06-29,0 days 15:59:22.822931,223480,125.62,125.56,200,300,-2798,202
912,CB,2020-06-29,0 days 15:59:31.841641,227878,125.64,125.61,100,100,327,-1273
913,CB,2020-06-29,0 days 15:59:33.845477,223105,125.7,125.64,200,500,-4873,227
914,CBRE,2020-06-29,0 days 15:58:11.626979,413009,44.04,44.03,100,966,261,-2939
915,CBRE,2020-06-29,0 days 15:58:12.629789,413270,44.07,44.06,202,200,-1158,261
916,CBRE,2020-06-29,0 days 15:58:26.663543,413409,44.04,44.03,700,286,1338,-26462
917,CBRE,2020-06-29,0 days 15:58:27.665916,386747,44.04,44.03,600,100,-26662,1338
918,CBRE,2020-06-29,0 days 15:58:40.697402,413409,44.02,44.01,261,930,2770,-2662
919,CBRE,2020-06-29,0 days 15:58:41.699628,393679,44.03,44.02,200,712,-19730,2770
920,CBRE,2020-06-29,0 days 15:59:15.781379,416451,44.08,44.07,100,665,7128,-6253
921,CBRE,2020-06-29,0 days 15:59:17.786792,433134,44.1,44.08,200,2055,-1339,1183
922,CBRE,2020-06-29,0 days 15:59:18.788953,432073,44.11,44.1,1233,811,261,-1339
923,CBRE,2020-06-29,0 days 15:59:21.795780,433965,44.14,44.12,400,509,-1508,1352
924,CBRE,2020-06-29,0 days 15:59:30.817605,435865,44.16,44.14,591,564,-3008,992
925,CBRE,2020-06-29,0 days 15:59:31.820040,435173,44.15,44.14,274,225,1882,-3008
926,CBRE,2020-06-29,0 days 15:59:41.844248,436973,44.2,44.18,900,200,428,-3272
927,CC,2020-06-29,0 days 15:57:35.563303,145929,15.27,15.26,875,4831,540,-260
928,CC,2020-06-29,0 days 15:57:36.566249,142969,15.27,15.26,2813,5142,-2960,540
929,CC,2020-06-29,0 days 15:58:49.744957,145867,15.27,15.26,3534,5005,1263,-2377
930,CC,2020-06-29,0 days 15:58:50.747303,139930,15.27,15.26,3734,5994,-5937,1263
931,CC,2020-06-29,0 days 15:59:05.784218,146681,15.27,15.26,6481,5420,1302,-2028
932,CC,2020-06-29,0 days 15:59:06.786951,146083,15.27,15.26,6420,8988,-598,1302
933,CC,2020-06-29,0 days 15:59:08.791802,146681,15.27,15.26,4777,7088,525,-598
934,CC,2020-06-29,0 days 15:59:09.794256,145406,15.27,15.26,8677,9056,-1275,525
935,CC,2020-06-29,0 days 15:59:48.881962,148795,15.3,15.29,10503,5744,-804,996
936,CC,2020-06-29,0 days 15:59:55.898878,147724,15.28,15.27,5377,882,247,-1628
937,CCI,2020-06-29,0 days 15:59:06.875310,154761,162.01,161.96,798,700,-1056,4
938,CCI,2020-06-29,0 days 15:59:11.887157,159999,162.0,161.97,124,302,245,-4138
939,CCI,2020-06-29,0 days 15:59:13.891914,160244,162.03,162.0,200,469,-748,45
940,CCI,2020-06-29,0 days 15:59:15.895676,164492,162.05,162.02,161,425,357,-748
941,CCI,2020-06-29,0 days 15:59:25.920046,164097,162.19,162.1,325,590,-2828,282
942,CCI,2020-06-29,0 days 15:59:26.922756,164025,162.17,162.1,260,524,72,-2828
943,CCI,2020-06-29,0 days 15:59:49.983059,164625,162.24,162.13,611,2500,593,-1407
944,CCI,2020-06-29,0 days 15:59:50.980975,164618,162.28,162.16,100,625,-1407,593
945,CCK,2020-06-29,0 days 15:55:00.690936,44601,64.68,64.66,102,1100,-115,4341
946,CCK,2020-06-29,0 days 15:55:01.692087,44216,64.68,64.66,202,1580,385,-115
947,CCK,2020-06-29,0 days 15:55:30.763021,44601,64.74,64.7,187,3964,-15,185
948,CCK,2020-06-29,0 days 15:55:31.765094,44216,64.74,64.7,187,3964,385,-15
949,CCK,2020-06-29,0 days 15:57:57.114018,44819,64.82,64.78,873,510,-212,288
950,CCK,2020-06-29,0 days 15:57:58.116993,44531,64.82,64.78,875,310,288,-212
951,CCK,2020-06-29,0 days 15:58:05.135167,44819,64.79,64.78,612,210,-75,288
952,CCK,2020-06-29,0 days 15:58:06.138352,44494,64.79,64.77,1256,200,325,-75
953,CCK,2020-06-29,0 days 15:58:08.141770,44819,64.79,64.77,1256,286,-75,325
954,CCK,2020-06-29,0 days 15:58:10.149029,44494,64.79,64.78,1056,1020,325,-75
955,CCK,2020-06-29,0 days 15:59:17.309540,49672,64.87,64.85,400,946,-405,234
956,CCK,2020-06-29,0 days 15:59:18.312688,49377,64.87,64.85,600,448,295,-405
957,CCK,2020-06-29,0 days 15:59:42.369905,50026,64.91,64.88,2202,2811,150,-2150
958,CCK,2020-06-29,0 days 15:59:48.383816,50478,64.93,64.92,300,501,-1548,186
959,CCL,2020-06-29,0 days 15:55:00.075386,231055,16.72,16.71,3500,13876,-2252,88976
960,CCL,2020-06-29,0 days 15:55:27.139431,231628,16.72,16.71,3941,5313,-679,5321
961,CCL,2020-06-29,0 days 15:55:28.141505,226807,16.72,16.71,3541,6634,4821,-679
962,CCL,2020-06-29,0 days 15:55:43.177817,231628,16.72,16.71,200,14362,-987,121
963,CCL,2020-06-29,0 days 15:55:44.179735,227415,16.72,16.71,1978,11532,4213,-987
964,CCL,2020-06-29,0 days 15:56:41.317356,231063,16.75,16.74,23538,8217,3843,-3357
965,CCL,2020-06-29,0 days 15:57:05.374870,234906,16.74,16.73,3803,16761,-49637,4733
966,CCL,2020-06-29,0 days 15:57:18.406628,244896,16.73,16.72,4876,12948,-1099,1001
967,CCL,2020-06-29,0 days 15:57:36.448685,249343,16.75,16.74,55211,10524,4668,-332
968,CCL,2020-06-29,0 days 15:57:37.450481,242611,16.75,16.74,55011,11729,-6732,4668
969,CCL,2020-06-29,0 days 15:58:10.531351,240543,16.75,16.74,11524,6435,2131,-6669
970,CCL,2020-06-29,0 days 15:59:07.669520,255613,16.75,16.74,11871,20556,-2649,1251
971,CCL,2020-06-29,0 days 15:59:08.672571,253762,16.75,16.74,14391,11988,1851,-2649
972,CDAY,2020-06-29,0 days 15:56:02.223649,65097,78.16,78.11,217,300,832,-7768
973,CDAY,2020-06-29,0 days 15:56:03.225371,61829,78.17,78.13,100,509,-3268,832
974,CDAY,2020-06-29,0 days 15:57:35.446457,65406,78.16,78.14,244,1609,8,-92
975,CDAY,2020-06-29,0 days 15:57:43.464784,62414,78.2,78.15,600,2828,-2992,408
976,CDAY,2020-06-29,0 days 15:58:40.602644,65949,78.16,78.13,300,2320,1370,-1421
977,CDAY,2020-06-29,0 days 15:58:41.605063,63119,78.17,78.13,100,2520,-2830,1370
978,CDAY,2020-06-29,0 days 15:58:44.612076,65949,78.17,78.15,100,200,3025,-2730
979,CDAY,2020-06-29,0 days 15:58:45.615381,63874,78.17,78.15,100,760,-2075,3025
980,CDAY,2020-06-29,0 days 15:59:03.659261,65983,78.18,78.16,643,1405,813,-689
981,CDAY,2020-06-29,0 days 15:59:04.661429,64696,78.17,78.14,200,464,-1687,813
982,CDAY,2020-06-29,0 days 15:59:05.664394,66383,78.17,78.14,300,454,513,-1687
983,CDAY,2020-06-29,0 days 15:59:09.675699,65744,78.18,78.16,261,726,-1717,2072
984,CDAY,2020-06-29,0 days 15:59:40.748429,71990,78.26,78.2,402,2054,8250,-2450
985,CDAY,2020-06-29,0 days 15:59:41.750603,70540,78.26,78.2,202,2672,-11347,8250
986,CDAY,2020-06-29,0 days 15:59:46.762732,72004,78.24,78.2,300,420,8966,-1217
987,CDAY,2020-06-29,0 days 15:59:47.765733,71270,78.22,78.18,500,700,-634,8966
988,CDE,2020-06-29,0 days 15:56:16.266671,159884,4.79,4.78,34065,27888,2698,-212
989,CDE,2020-06-29,0 days 15:56:17.269188,154682,4.79,4.78,34148,27988,-5202,2698
990,CDE,2020-06-29,0 days 15:57:03.380199,160016,4.79,4.78,58173,12466,726,-1698
991,CDE,2020-06-29,0 days 15:59:40.759557,173794,4.8,4.79,75598,34576,409,-30391
992,CDE,2020-06-29,0 days 16:00:00.805257,173794,4.79,4.78,6700,63345,9054,-1946
993,CDR,2020-06-29,0 days 15:55:00.165174,31739,1.02,1.01,7525,31312,-4731,6492
994,CF,2020-06-29,0 days 15:55:01.077256,138158,27.48,27.47,1500,3140,226,-1574
995,CF,2020-06-29,0 days 15:55:26.136592,138642,27.5,27.49,1300,2740,-561,339
996,CF,2020-06-29,0 days 15:57:49.479620,143603,27.52,27.51,1896,1798,544,-356
997,CF,2020-06-29,0 days 15:57:51.485072,143147,27.52,27.51,1896,2071,-56,244
998,CF,2020-06-29,0 days 15:58:57.644407,143859,27.52,27.51,1387,2742,2846,-179
999,CF,2020-06-29,0 days 15:58:58.646133,143505,27.53,27.52,7105,1075,-2454,2846
1000,CF,2020-06-29,0 days 15:59:20.700524,155154,27.56,27.55,4163,800,-4,5496
1001,CFG,2020-06-29,0 days 15:59:06.667802,450548,23.48,23.47,1400,3901,100718,-9493
1002,CFG,2020-06-29,0 days 15:59:07.669546,453597,23.48,23.47,971,4879,-692,100718
1003,CFG,2020-06-29,0 days 15:59:15.687079,465961,23.48,23.47,748,5263,12878,-10423
1004,CFG,2020-06-29,0 days 15:59:18.694959,465222,23.5,23.49,1344,6107,-1010,9990
1005,CFX,2020-06-29,0 days 15:59:46.930193,66761,26.9,26.89,10300,761,302,-709
1006,CGC,2020-06-29,0 days 15:55:00.288027,14975,16.34,16.32,561,450,-603,3074
1007,CHAP,2020-06-29,0 days 15:57:25.036400,7005,0.69,0.68,900,3771,-315,600
1008,CHAP,2020-06-29,0 days 15:58:13.153378,6405,0.69,0.68,2000,2289,600,-315
1009,CHAP,2020-06-29,0 days 15:58:17.163775,7005,0.7,0.68,600,2289,-315,600
1010,CHAP,2020-06-29,0 days 15:58:27.187618,6405,0.7,0.68,800,1189,600,-315
1011,CHAP,2020-06-29,0 days 15:58:34.204258,7005,0.7,0.69,600,100,-3066,600
1012,CHAP,2020-06-29,0 days 15:58:54.253721,6405,0.7,0.69,500,100,600,-3066
1013,CHD,2020-06-29,0 days 15:55:00.190861,80590,76.47,76.45,604,300,-835,24544
1014,CHD,2020-06-29,0 days 15:55:01.192907,79125,76.47,76.44,904,300,1465,-835
1015,CHD,2020-06-29,0 days 15:59:00.771676,88188,76.5,76.48,300,451,-260,273
1016,CHD,2020-06-29,0 days 15:59:05.784435,88448,76.52,76.49,1200,1200,292,-360
1017,CHD,2020-06-29,0 days 15:59:14.806244,101339,76.59,76.58,100,905,-456,567
1018,CHD,2020-06-29,0 days 15:59:16.808515,99359,76.59,76.58,183,609,2160,-5353
1019,CHD,2020-06-29,0 days 15:59:19.815558,101519,76.6,76.58,500,769,-187,627
1020,CHD,2020-06-29,0 days 15:59:31.841675,101085,76.64,76.62,603,482,434,-966
1021,CHD,2020-06-29,0 days 15:59:46.877299,101799,76.66,76.64,524,606,489,-2480
1022,CHD,2020-06-29,0 days 15:59:47.879705,102288,76.65,76.63,550,200,-114,489
1023,CHD,2020-06-29,0 days 15:59:50.887728,101794,76.62,76.59,1879,213,494,-206
1024,CHD,2020-06-29,0 days 15:59:53.893624,102288,76.64,76.62,200,716,-6,494
1025,CHGG,2020-06-29,0 days 15:55:08.709785,80155,66.7,66.68,535,1400,217,-583
1026,CHGG,2020-06-29,0 days 15:55:09.711612,78872,66.72,66.7,200,500,-1283,217
1027,CHGG,2020-06-29,0 days 15:55:14.723789,80955,66.75,66.73,300,400,117,-1383
1028,CHGG,2020-06-29,0 days 15:55:15.726696,80372,66.77,66.73,200,971,-583,117
1029,CHGG,2020-06-29,0 days 15:57:06.993696,84572,66.71,66.7,1000,850,4900,-465
1030,CHGG,2020-06-29,0 days 15:57:07.995804,83872,66.71,66.7,1100,950,-700,4900
1031,CHGG,2020-06-29,0 days 15:57:44.082339,84572,66.67,66.65,1001,1032,206,-594
1032,CHGG,2020-06-29,0 days 15:57:45.084876,83978,66.67,66.65,1831,837,-594,206
1033,CHGG,2020-06-29,0 days 15:57:52.101984,84572,66.67,66.65,837,1400,206,-594
1034,CHGG,2020-06-29,0 days 15:57:53.104293,83978,66.67,66.65,937,1400,-594,206
1035,CHGG,2020-06-29,0 days 15:58:07.138973,84572,66.67,66.66,1220,924,206,-594
1036,CHGG,2020-06-29,0 days 15:58:08.141770,83978,66.67,66.66,1620,774,-594,206
1037,CHGG,2020-06-29,0 days 15:58:09.143654,83772,66.67,66.66,1420,651,218,-594
1038,CHGG,2020-06-29,0 days 15:58:10.149029,83290,66.67,66.66,1420,951,-482,218
1039,CHGG,2020-06-29,0 days 15:59:08.287795,85488,66.72,66.71,639,2022,455,-45
1040,CHGG,2020-06-29,0 days 15:59:10.292649,84143,66.72,66.71,939,1722,-545,255
1041,CHGG,2020-06-29,0 days 15:59:14.302195,85488,66.72,66.71,1239,1217,768,-645
1042,CHGG,2020-06-29,0 days 15:59:15.305733,84956,66.72,66.71,1303,1117,-532,768
1043,CHGG,2020-06-29,0 days 15:59:19.313997,86829,66.72,66.71,1238,1236,1249,-573
1044,CHGG,2020-06-29,0 days 15:59:20.316772,86378,66.72,66.71,1362,1136,-451,1249
1045,CHWY,2020-06-29,0 days 15:56:09.452720,54911,45.18,45.16,300,425,-430,1670
1046,CHWY,2020-06-29,0 days 15:56:10.455686,52641,45.19,45.17,500,500,4224,-430
1047,CHWY,2020-06-29,0 days 15:57:31.642647,56897,45.22,45.21,805,210,-8349,1651
1048,CHWY,2020-06-29,0 days 15:57:32.645224,55329,45.22,45.2,700,1058,1568,-8349
1049,CHWY,2020-06-29,0 days 15:58:14.748378,61106,45.16,45.14,494,500,-1927,2170
1050,CHWY,2020-06-29,0 days 15:58:33.794334,62271,45.17,45.16,356,2934,1935,-165
1051,CHWY,2020-06-29,0 days 15:58:34.796823,62106,45.17,45.16,300,2908,-165,1935
1052,CHWY,2020-06-29,0 days 15:59:00.859669,70071,45.17,45.15,355,3810,1460,-140
1053,CHWY,2020-06-29,0 days 15:59:01.861754,69731,45.17,45.16,476,100,-1440,1460
1054,CHWY,2020-06-29,0 days 15:59:27.923966,95407,45.12,45.09,1200,5321,1457,-1568
1055,CHWY,2020-06-29,0 days 15:59:28.926540,93764,45.12,45.09,400,5068,-2343,1457
1056,CHWY,2020-06-29,0 days 15:59:43.963821,96107,45.18,45.15,138,300,263,-1137
1057,CHWY,2020-06-29,0 days 15:59:44.965335,96070,45.19,45.16,400,200,-37,263
1058,CHX,2020-06-29,0 days 15:58:14.580683,441563,9.63,9.62,5420,129,52308,-94674
1059,CHX,2020-06-29,0 days 15:58:15.582999,432571,9.64,9.63,600,3808,-10692,52308
1060,CHX,2020-06-29,0 days 15:59:22.741288,469801,9.63,9.62,2660,500,19529,-7777
1061,CHX,2020-06-29,0 days 15:59:23.744355,466730,9.63,9.62,1454,2239,-3071,19529
1062,CHX,2020-06-29,0 days 15:59:28.753997,480023,9.65,9.64,1882,700,-1364,20036
1063,CHX,2020-06-29,0 days 15:59:40.781456,483587,9.66,9.65,5601,6456,4212,-438
1064,CHX,2020-06-29,0 days 15:59:41.783864,482899,9.66,9.65,5103,5170,-88,4212
1065,CHX,2020-06-29,0 days 15:59:46.795677,473392,9.64,9.63,400,2534,-719,12491
1066,CHX,2020-06-29,0 days 15:59:48.801101,485897,9.65,9.64,1682,1373,13267,-10305
1067,CI,2020-06-29,0 days 15:59:42.788255,217975,187.69,187.62,100,951,-691,1236
1068,CI,2020-06-29,0 days 15:59:45.794419,210929,187.62,187.52,496,500,7346,-791
1069,CIEN,2020-06-29,0 days 15:55:12.270342,108703,53.05,53.04,300,387,794,-306
1070,CIEN,2020-06-29,0 days 15:55:13.272935,108397,53.05,53.04,200,487,-306,794
1071,CIEN,2020-06-29,0 days 15:55:33.321925,107403,53.03,53.01,365,735,994,-306
1072,CIEN,2020-06-29,0 days 15:55:34.323868,107197,53.03,53.01,365,635,-206,994
1073,CIEN,2020-06-29,0 days 15:57:02.536147,110227,53.04,53.03,100,1019,970,-573
1074,CIEN,2020-06-29,0 days 15:57:03.538555,109797,53.05,53.04,503,282,-430,970
1075,CIEN,2020-06-29,0 days 15:57:33.611316,110413,53.07,53.05,464,415,684,-616
1076,CIEN,2020-06-29,0 days 15:57:35.615496,110097,53.07,53.05,702,515,-316,584
1077,CIEN,2020-06-29,0 days 15:57:44.637542,111713,53.06,53.05,702,603,84,-1116
1078,CIEN,2020-06-29,0 days 15:57:45.640130,111197,53.06,53.05,1422,803,-516,84
1079,CIEN,2020-06-29,0 days 15:58:05.690438,111713,53.05,53.04,400,700,1967,-316
1080,CIEN,2020-06-29,0 days 15:58:06.692246,111480,53.06,53.05,100,1394,-233,1967
1081,CIEN,2020-06-29,0 days 15:58:34.759433,111240,53.06,53.05,404,100,990,-210
1082,CIEN,2020-06-29,0 days 15:58:35.762256,110930,53.06,53.05,304,300,-310,990
1083,CIEN,2020-06-29,0 days 15:59:03.829748,112733,53.07,53.06,997,748,1182,-303
1084,CIEN,2020-06-29,0 days 15:59:07.840596,118873,53.07,53.06,900,529,408,-136
1085,CIEN,2020-06-29,0 days 15:59:15.855843,120770,53.07,53.06,300,100,-5,697
1086,CIEN,2020-06-29,0 days 15:59:19.865908,119175,53.09,53.08,191,100,370,-1230
1087,CIEN,2020-06-29,0 days 15:59:39.913260,118184,53.17,53.15,500,393,-12392,3196
1088,CIM,2020-06-29,0 days 15:55:00.111114,152620,9.71,9.7,6092,22126,2105,-26783
1089,CIM,2020-06-29,0 days 15:55:01.113309,145425,9.71,9.7,16804,21633,-7195,2105
1090,CIM,2020-06-29,0 days 15:56:06.270076,152620,9.72,9.71,24606,14880,4436,-6364
1091,CIM,2020-06-29,0 days 15:57:41.499576,168929,9.74,9.73,23379,46345,-591,1309
1092,CIM,2020-06-29,0 days 15:57:42.501898,167620,9.74,9.73,26907,43945,1309,-591
1093,CIM,2020-06-29,0 days 15:57:56.536423,168929,9.74,9.73,30708,22385,-10591,13509
1094,CIM,2020-06-29,0 days 15:57:57.538755,155420,9.74,9.73,33108,19685,13509,-10591
1095,CIM,2020-06-29,0 days 15:58:28.614240,239867,9.74,9.73,29522,22895,-745,7455
1096,CIM,2020-06-29,0 days 15:58:47.660057,240612,9.74,9.73,29537,19381,23023,-745
1097,CL,2020-06-29,0 days 15:55:00.083685,595638,72.24,72.23,1362,261,-99981,14905
1098,CL,2020-06-29,0 days 15:57:33.450496,642722,72.21,72.2,2200,110,6048,-352
1099,CL,2020-06-29,0 days 15:58:49.635652,639171,72.22,72.21,520,814,-974,6026
1100,CL,2020-06-29,0 days 15:58:53.645616,639996,72.2,72.19,417,1226,-149,6526
1101,CL,2020-06-29,0 days 15:59:11.690197,680056,72.27,72.26,100,2334,8819,-1273
1102,CL,2020-06-29,0 days 15:59:34.744887,704732,72.33,72.31,1400,1600,-2241,3559
1103,CL,2020-06-29,0 days 15:59:45.770803,714603,72.35,72.34,710,450,3858,-1496
1104,CLDR,2020-06-29,0 days 15:57:21.424385,181464,12.97,12.96,881,10454,1828,-11672
1105,CLDR,2020-06-29,0 days 15:57:27.436760,183292,12.98,12.97,4510,8468,-6177,1828
1106,CLDR,2020-06-29,0 days 15:57:28.439240,182169,12.98,12.97,4210,9013,1123,-6177
1107,CLDR,2020-06-29,0 days 15:58:57.654615,183358,12.96,12.95,13865,30270,-430,1388
1108,CLDR,2020-06-29,0 days 15:58:58.657218,180888,12.96,12.95,19067,30070,2470,-430
1109,CLF,2020-06-29,0 days 15:59:15.778706,416074,5.4,5.39,80138,43240,-24038,4008
1110,CLF,2020-06-29,0 days 15:59:16.781682,414012,5.4,5.39,78500,46119,2062,-24038
1111,CLF,2020-06-29,0 days 15:59:47.853131,423744,5.41,5.4,170298,17557,8012,-2134
1112,CLGX,2020-06-29,0 days 15:59:48.935811,825638,68.23,68.21,100,176,22066,-8948
1113,CLGX,2020-06-29,0 days 15:59:49.939722,814134,68.35,68.26,100,100,-14004,22066
1114,CMA,2020-06-29,0 days 15:55:00.164990,228800,36.73,36.72,600,100,86,-1399
1115,CMA,2020-06-29,0 days 15:58:59.743123,271693,36.85,36.84,4000,300,5840,-627
1116,CMA,2020-06-29,0 days 15:59:06.762136,292889,36.87,36.86,300,1000,-7287,16612
1117,CMA,2020-06-29,0 days 15:59:07.764449,290076,36.87,36.86,795,800,2594,-7287
1118,CMD,2020-06-29,0 days 15:55:00.165703,46027,43.72,43.66,200,235,449,-14547
1119,CMD,2020-06-29,0 days 15:55:34.247651,46478,43.72,43.69,300,100,-299,76
1120,CMD,2020-06-29,0 days 15:55:35.249972,46177,43.72,43.69,400,101,301,-299
1121,CMD,2020-06-29,0 days 15:58:59.743253,49031,43.87,43.86,277,200,-178,1512
1122,CMD,2020-06-29,0 days 15:59:00.747274,48883,43.88,43.87,800,400,138,-178
1123,CMS,2020-06-29,0 days 15:58:40.613598,212658,57.47,57.45,713,2100,-3677,4713
1124,CMS,2020-06-29,0 days 15:58:41.615728,208535,57.47,57.45,978,1937,4123,-3677
1125,CMS,2020-06-29,0 days 15:58:58.657292,212658,57.48,57.47,596,1300,-881,769
1126,CMS,2020-06-29,0 days 15:58:59.659807,208939,57.48,57.47,596,1300,3719,-881
1127,CMS,2020-06-29,0 days 15:59:06.678218,212841,57.5,57.48,1220,1662,-2615,3468
1128,CMS,2020-06-29,0 days 15:59:11.690263,211140,57.48,57.47,200,1085,5644,-1699
1129,CMS,2020-06-29,0 days 15:59:33.742542,217771,57.49,57.47,600,718,1074,-3326
1130,CNC,2020-06-29,0 days 15:55:17.115465,285140,62.37,62.36,200,200,37551,-74849
1131,CNC,2020-06-29,0 days 15:55:18.117633,276391,62.39,62.37,846,700,-8749,37551
1132,CNC,2020-06-29,0 days 15:56:48.333452,285692,62.4,62.39,245,1632,6727,-24873
1133,CNC,2020-06-29,0 days 15:56:49.336424,277419,62.41,62.4,795,310,-8273,6727
1134,CNC,2020-06-29,0 days 15:57:02.367615,271964,62.4,62.39,608,1305,5696,-8032
1135,CNC,2020-06-29,0 days 15:57:03.369453,265260,62.41,62.39,1420,1915,-6704,5696
1136,CNC,2020-06-29,0 days 15:59:15.686946,321525,62.49,62.48,800,1006,39337,-9890
1137,CNC,2020-06-29,0 days 15:59:16.690678,311462,62.52,62.5,700,1146,-24354,39337
1138,CNC,2020-06-29,0 days 15:59:36.738228,344756,62.57,62.54,600,720,2386,-3464
1139,CNC,2020-06-29,0 days 15:59:37.740558,339642,62.58,62.57,100,100,-5314,2386
1140,CNC,2020-06-29,0 days 15:59:38.744361,344956,62.58,62.57,400,100,231,-5314
1141,CNC,2020-06-29,0 days 15:59:39.746731,345187,62.59,62.58,100,400,-2369,231
1142,CNC,2020-06-29,0 days 15:59:41.750541,344956,62.59,62.58,439,100,1181,-1419
1143,CNC,2020-06-29,0 days 15:59:44.758047,347656,62.6,62.58,656,544,1355,-568
1144,CNC,2020-06-29,0 days 15:59:46.762660,346214,62.6,62.57,920,960,-1805,2958
1145,CNK,2020-06-29,0 days 15:58:58.740683,273994,11.62,11.61,7410,3913,-10620,8232
1146,CNK,2020-06-29,0 days 15:58:59.743293,264814,11.62,11.61,7944,1145,9180,-10620
1147,CNK,2020-06-29,0 days 15:59:32.823305,297213,11.63,11.62,5427,4710,-4693,3207
1148,CNK,2020-06-29,0 days 15:59:33.824532,294306,11.63,11.62,5228,3420,1807,-4693
1149,CNNE,2020-06-29,0 days 15:55:06.087607,37899,41.02,41.0,200,385,-43122,249278
1150,CNNE,2020-06-29,0 days 15:57:35.446487,58787,41.01,40.98,861,100,290072,-1928
1151,CNNE,2020-06-29,0 days 15:57:50.482136,38259,41.02,41.01,100,300,-48377,243623
1152,CNNE,2020-06-29,0 days 15:58:06.522189,38259,41.03,41.02,440,200,-55477,290123
1153,CNNE,2020-06-29,0 days 15:58:20.554501,38718,41.01,40.99,200,1090,-54269,237731
1154,CNNE,2020-06-29,0 days 15:58:52.631254,56983,41.03,41.02,313,681,3921,-1765
1155,CNNE,2020-06-29,0 days 15:58:53.634215,55804,41.03,41.02,100,881,-2683,3921
1156,CNNE,2020-06-29,0 days 15:59:19.697682,61595,41.02,41.01,100,1863,-31517,263867
1157,CNNE,2020-06-29,0 days 15:59:23.707054,93321,41.0,40.99,820,100,289374,-5555
1158,CNNE,2020-06-29,0 days 15:59:24.709570,62395,41.03,41.01,662,442,-33855,289374
1159,CNNE,2020-06-29,0 days 15:59:38.744467,96229,41.0,40.99,340,100,297966,-404
1160,CNNE,2020-06-29,0 days 15:59:39.746801,63495,41.02,41.01,100,1056,-39644,297966
1161,CNNE,2020-06-29,0 days 15:59:44.758122,64595,41.04,41.02,300,340,-35508,295346
1162,CNNE,2020-06-29,0 days 15:59:46.762765,97174,41.0,40.98,940,100,293554,-2108
1163,CNNE,2020-06-29,0 days 15:59:47.765733,65228,41.02,41.01,100,505,-38756,293554
1164,CNNE,2020-06-29,0 days 15:59:48.768507,100402,41.01,40.98,340,100,1326,-38756
1165,CNNE,2020-06-29,0 days 15:59:51.775412,65828,41.01,40.99,450,637,-48036,256924
1166,CNO,2020-06-29,0 days 15:59:06.667562,157629,15.17,15.16,6538,26156,-1247,450
1167,CNO,2020-06-29,0 days 15:59:27.716964,156632,15.19,15.18,3195,28844,921,-228
1168,CNP,2020-06-29,0 days 15:55:38.781920,327060,18.52,18.51,14523,16951,10607,-993
1169,CNP,2020-06-29,0 days 15:55:39.784331,326967,18.52,18.51,7288,21332,-9693,10607
1170,CNP,2020-06-29,0 days 15:55:43.793385,327060,18.52,18.51,11526,19377,530,-93
1171,CNP,2020-06-29,0 days 15:55:47.802875,337590,18.52,18.51,11126,18781,-1070,530
1172,CNP,2020-06-29,0 days 15:55:54.819228,338660,18.52,18.51,6210,21594,3430,-1070
1173,CNP,2020-06-29,0 days 15:55:55.822197,337590,18.52,18.51,8208,21890,-1070,3430
1174,CNP,2020-06-29,0 days 15:57:28.042656,340042,18.53,18.52,9518,23151,4138,-62
1175,CNP,2020-06-29,0 days 15:57:29.045471,338980,18.53,18.52,2700,29608,-662,4138
1176,CNP,2020-06-29,0 days 15:59:44.374628,538705,18.6,18.59,17101,42683,18759,-10992
1177,CNQ,2020-06-29,0 days 15:58:52.751030,60600,17.44,17.43,7370,9847,-4346,285
1178,CNQ,2020-06-29,0 days 15:58:53.753437,58366,17.44,17.43,8470,9447,2234,-4346
1179,CNQ,2020-06-29,0 days 15:59:06.787220,62209,17.45,17.44,14034,6112,-1071,607
1180,CNQ,2020-06-29,0 days 15:59:07.790183,57880,17.45,17.44,14034,5412,4329,-1071
1181,CNX,2020-06-29,0 days 15:59:45.847882,313645,8.56,8.55,371,13152,131,-3969
1182,COF,2020-06-29,0 days 15:59:15.778445,269544,62.27,62.25,293,538,19753,-781
1183,COF,2020-06-29,0 days 15:59:16.781439,264717,62.32,62.29,385,600,-8927,19753
1184,COF,2020-06-29,0 days 15:59:17.783560,272544,62.3,62.28,300,200,3541,-8927
1185,COF,2020-06-29,0 days 15:59:18.786048,271499,62.32,62.3,485,200,-1045,3541
1186,COF,2020-06-29,0 days 15:59:19.789258,272544,62.32,62.29,1085,115,339,-1045
1187,COF,2020-06-29,0 days 15:59:42.841544,274771,62.39,62.37,300,420,1794,-3343
1188,COF,2020-06-29,0 days 15:59:43.842922,274065,62.39,62.37,405,717,-706,1794
1189,COF,2020-06-29,0 days 15:59:45.847849,274471,62.38,62.35,200,300,1431,-1333
1190,COF,2020-06-29,0 days 15:59:46.850171,273599,62.38,62.35,200,457,-72,1431
1191,COG,2020-06-29,0 days 15:56:50.507690,241728,16.98,16.97,6374,12574,35,-665
1192,COG,2020-06-29,0 days 15:56:51.509650,241163,16.98,16.97,6174,12774,-265,35
1193,COG,2020-06-29,0 days 15:57:35.615422,242228,16.98,16.97,9255,9637,501,-999
1194,COG,2020-06-29,0 days 15:57:38.622918,237229,16.98,16.97,18501,8869,-4199,1301
1195,COG,2020-06-29,0 days 15:59:04.832602,248140,17.02,17.01,10203,9271,42515,-357
1196,COG,2020-06-29,0 days 15:59:05.835034,295055,17.02,17.01,329,9967,-32185,42515
1197,COG,2020-06-29,0 days 15:59:06.837716,294170,17.01,17.0,4174,3912,14313,-32185
1198,COG,2020-06-29,0 days 15:59:41.917871,331014,17.03,17.02,9437,9614,686,-23249
1199,COLD,2020-06-29,0 days 15:57:59.711154,104863,36.13,36.12,890,1182,1812,-2488
1200,COLD,2020-06-29,0 days 15:58:00.714745,94975,36.13,36.12,1470,898,-4088,1812
1201,COP,2020-06-29,0 days 15:59:16.785165,680913,41.25,41.24,3627,300,62335,-5850
1202,COP,2020-06-29,0 days 15:59:40.842489,709354,41.28,41.27,1429,1530,2484,-2450
1203,COP,2020-06-29,0 days 15:59:46.857123,713354,41.29,41.28,1251,2760,1108,-1985
1204,COTY,2020-06-29,0 days 15:59:08.712702,761360,4.75,4.74,197289,91756,140280,-77508
1205,COTY,2020-06-29,0 days 15:59:19.734813,763193,4.75,4.74,205388,52235,7573,-7223
1206,COTY,2020-06-29,0 days 15:59:20.737346,753966,4.75,4.74,203588,63766,-9227,7573
1207,COTY,2020-06-29,0 days 15:59:46.795549,780551,4.74,4.73,173678,70374,-6640,90358
1208,CPB,2020-06-29,0 days 15:58:57.644287,177382,49.11,49.09,703,552,-4547,253
1209,CPB,2020-06-29,0 days 15:59:06.667423,183150,49.12,49.11,880,1120,21854,-4182
1210,CPB,2020-06-29,0 days 15:59:07.669188,183004,49.13,49.12,1184,940,-3846,21854
1211,CPB,2020-06-29,0 days 15:59:09.675354,189049,49.16,49.15,200,800,65165,-1646
1212,CPRI,2020-06-29,0 days 15:55:00.161562,388570,15.57,15.56,2227,1907,-196,47584
1213,CPRI,2020-06-29,0 days 15:55:29.230379,388882,15.58,15.57,3421,4000,988,-112
1214,CPRI,2020-06-29,0 days 15:57:44.555002,405220,15.6,15.59,7593,7557,-544,1856
1215,CPRI,2020-06-29,0 days 15:57:45.557197,403564,15.6,15.59,6755,17002,1656,-544
1216,CPRI,2020-06-29,0 days 15:57:47.562230,405220,15.6,15.59,6555,17002,-1544,1656
1217,CPRI,2020-06-29,0 days 15:57:48.564263,403564,15.6,15.59,6655,16702,1656,-1544
1218,CPRI,2020-06-29,0 days 15:57:56.583768,405220,15.6,15.59,8660,8319,-1544,1856
1219,CPRI,2020-06-29,0 days 15:57:57.586504,403564,15.6,15.59,9060,8297,1656,-1544
1220,CPRI,2020-06-29,0 days 15:58:00.594567,405220,15.6,15.59,8703,17438,-244,1656
1221,CPRI,2020-06-29,0 days 15:58:01.596537,403564,15.6,15.59,9792,6710,1656,-244
1222,CPRI,2020-06-29,0 days 15:58:06.609000,405220,15.6,15.59,10110,2396,-978,1656
1223,CPRI,2020-06-29,0 days 15:58:08.613896,403798,15.6,15.59,11929,2957,1422,-1978
1224,CPRI,2020-06-29,0 days 15:58:11.620728,405220,15.6,15.59,12533,5443,-578,1422
1225,CPRI,2020-06-29,0 days 15:58:12.623764,403798,15.6,15.59,11726,8683,1422,-578
1226,CPRI,2020-06-29,0 days 15:58:44.700816,407420,15.6,15.59,11730,3107,-3173,1722
1227,CPRI,2020-06-29,0 days 15:58:45.702905,406293,15.6,15.59,11730,2807,1127,-3173
1228,CPRI,2020-06-29,0 days 15:59:05.754318,407420,15.6,15.59,4160,442,-1318,1091
1229,CPRI,2020-06-29,0 days 15:59:06.755763,406638,15.59,15.58,4995,1300,782,-1318
1230,CPRI,2020-06-29,0 days 15:59:13.772238,410636,15.6,15.59,2065,3080,-809,3591
1231,CPRI,2020-06-29,0 days 15:59:14.774757,409645,15.6,15.59,3688,2780,991,-809
1232,CRM,2020-06-29,0 days 15:55:00.689898,282449,182.9,182.86,116,352,-87,23468
1233,CRM,2020-06-29,0 days 15:55:01.691895,281136,182.92,182.87,300,242,1313,-87
1234,CRM,2020-06-29,0 days 15:57:57.113883,302624,183.17,183.14,522,400,-1010,3090
1235,CRM,2020-06-29,0 days 15:57:58.116797,300934,183.16,183.13,373,355,1690,-1010
1236,CRM,2020-06-29,0 days 15:58:14.155867,305529,183.15,183.12,200,200,-1527,5718
1237,CRM,2020-06-29,0 days 15:58:19.168258,301432,183.18,183.15,239,562,1197,-1603
1238,CRM,2020-06-29,0 days 15:58:50.242864,301543,183.22,183.2,100,210,586,-414
1239,CRM,2020-06-29,0 days 15:59:09.294330,320236,183.21,183.16,200,110,22177,-1191
1240,CRM,2020-06-29,0 days 15:59:10.292485,341913,183.21,183.17,200,700,-15923,22177
1241,CRM,2020-06-29,0 days 15:59:11.295632,340868,183.22,183.19,425,310,2645,-15923
