,Symbol,Timestamp,TIME,iPaired,Ask_P,Bid_P,Ask_S,Bid_S,iShares,PreviShares
0,AA,2020-07-16,0 days 15:56:03.014206,349953,13.54,13.53,21691,8904,-5777,1741
1,AA,2020-07-16,0 days 15:56:04.014258,347530,13.54,13.53,21201,7004,2423,-5777
2,AA,2020-07-16,0 days 15:57:37.238265,349991,13.48,13.47,4099,8691,-1233,67
3,AA,2020-07-16,0 days 15:57:38.240951,348124,13.48,13.47,4199,8891,1867,-1233
4,AA,2020-07-16,0 days 15:59:07.458717,364585,13.46,13.45,900,4300,1235,-2226
5,AA,2020-07-16,0 days 15:59:15.477638,368747,13.47,13.46,4600,5538,-12619,927
6,AA,2020-07-16,0 days 15:59:32.520190,381066,13.47,13.46,8989,300,1058,-19
7,AA,2020-07-16,0 days 15:59:36.529190,382124,13.46,13.45,9400,2300,-442,658
8,AA,2020-07-16,0 days 15:59:38.534175,370566,13.46,13.45,8437,2843,11558,-442
9,AA,2020-07-16,0 days 15:59:40.539070,382124,13.46,13.45,1725,9700,-826,658
10,AA,2020-07-16,0 days 15:59:41.546187,381550,13.47,13.46,1600,7400,574,-826
11,ABB,2020-07-16,0 days 15:59:20.742047,11151,24.86,24.85,20853,4600,-320,2142
12,ABBV,2020-07-16,0 days 15:59:11.779155,631341,99.89,99.88,800,400,-53730,85203
13,ABBV,2020-07-16,0 days 15:59:12.779600,627661,99.84,99.82,380,100,3798,-53730
14,ABBV,2020-07-16,0 days 15:59:19.796169,631341,99.88,99.86,200,300,-25873,439
15,ABBV,2020-07-16,0 days 15:59:24.808411,628750,99.89,99.88,300,100,2513,-1209
16,ABBV,2020-07-16,0 days 15:59:25.810380,631263,99.9,99.89,300,300,-1187,2513
17,ABBV,2020-07-16,0 days 15:59:37.839824,617780,99.89,99.87,600,100,13683,-1917
18,ABBV,2020-07-16,0 days 15:59:38.842333,633568,99.89,99.87,600,100,-412,13683
19,ABEV,2020-07-16,0 days 15:59:36.768395,123555,2.66,2.65,470785,647262,57237,-67263
20,ABEV,2020-07-16,0 days 15:59:37.773426,120092,2.66,2.65,470485,647262,-3463,57237
21,ABT,2020-07-16,0 days 15:59:12.711333,601551,96.46,96.45,110,240,-52584,88700
22,ABT,2020-07-16,0 days 15:59:13.713849,583660,96.37,96.33,200,100,17891,-52584
23,ABT,2020-07-16,0 days 15:59:15.718084,601551,96.39,96.35,150,300,-8628,3791
24,ABT,2020-07-16,0 days 15:59:16.719852,591497,96.39,96.35,150,600,10194,-8628
25,ABT,2020-07-16,0 days 15:59:17.721364,601691,96.39,96.35,350,605,-2906,10194
26,ABT,2020-07-16,0 days 15:59:18.725611,598297,96.37,96.33,272,600,3394,-2906
27,ABT,2020-07-16,0 days 15:59:19.727852,601691,96.37,96.33,272,600,-274,3394
28,ABT,2020-07-16,0 days 15:59:20.730113,600243,96.37,96.33,272,600,1448,-274
29,ABT,2020-07-16,0 days 15:59:33.761943,601691,96.36,96.34,600,804,-9161,2048
30,ABT,2020-07-16,0 days 15:59:34.764084,599352,96.36,96.34,800,800,2339,-9161
31,ABT,2020-07-16,0 days 15:59:39.776180,604511,96.36,96.33,500,1103,-438,14062
32,ABT,2020-07-16,0 days 15:59:48.798162,602935,96.31,96.29,1309,100,1576,-5924
33,ACB,2020-07-16,0 days 15:55:00.728100,21868,12.07,12.06,3506,1451,11116,-14934
34,ACB,2020-07-16,0 days 15:55:01.729344,20584,12.07,12.06,3462,1451,-1284,11116
35,ACB,2020-07-16,0 days 15:59:46.416691,23050,12.06,12.05,700,2496,998,-5026
36,ACB,2020-07-16,0 days 15:59:47.417338,22348,12.06,12.05,1100,2396,-702,998
37,ACI,2020-07-16,0 days 15:55:26.170783,18319,14.99,14.98,3450,1900,-1743,257
38,ACI,2020-07-16,0 days 15:56:40.349167,18169,14.99,14.98,4080,1592,1085,-515
39,ACI,2020-07-16,0 days 15:56:43.355676,19254,14.99,14.98,3700,691,-515,285
40,ACI,2020-07-16,0 days 15:57:07.414727,19769,14.99,14.98,3130,991,2871,-515
41,ACN,2020-07-16,0 days 15:57:28.467561,138884,219.58,219.51,100,200,8020,-11280
42,ACN,2020-07-16,0 days 15:57:29.469945,138004,219.57,219.51,100,200,-880,8020
43,ACN,2020-07-16,0 days 15:57:38.493379,138984,219.66,219.61,228,223,103,-626
44,ACN,2020-07-16,0 days 15:57:39.494618,137987,219.65,219.61,125,223,-1397,103
45,ACN,2020-07-16,0 days 15:57:41.499615,139384,219.65,219.61,525,123,203,-1397
46,ACN,2020-07-16,0 days 15:57:42.501215,138387,219.65,219.61,525,123,-997,203
47,ACN,2020-07-16,0 days 15:58:01.549538,139984,219.6,219.53,125,200,303,-1597
48,ACN,2020-07-16,0 days 15:58:02.551300,138987,219.6,219.48,180,100,-1057,303
49,ACN,2020-07-16,0 days 15:59:18.737245,147562,219.52,219.45,425,100,8498,-384
50,ACN,2020-07-16,0 days 15:59:19.739077,146860,219.58,219.48,100,225,-702,8498
51,ACN,2020-07-16,0 days 15:59:23.747653,147362,219.46,219.35,100,100,1474,-626
52,ACN,2020-07-16,0 days 15:59:24.750031,146936,219.37,219.29,125,125,-426,1474
53,ACN,2020-07-16,0 days 15:59:25.752354,146638,219.3,219.22,125,100,298,-426
54,ACN,2020-07-16,0 days 15:59:27.757497,146336,219.33,219.13,290,100,-302,398
55,ACN,2020-07-16,0 days 15:59:31.768524,146638,219.19,219.12,325,100,1598,-302
56,ACN,2020-07-16,0 days 15:59:32.770081,146436,219.19,219.09,525,100,-202,1598
57,ACN,2020-07-16,0 days 15:59:35.777659,146638,219.2,219.02,100,100,2378,-202
58,ACN,2020-07-16,0 days 15:59:43.795857,146416,219.21,219.1,225,415,-222,1378
59,ACN,2020-07-16,0 days 15:59:55.826003,146738,219.22,219.13,100,589,1078,-822
60,ACN,2020-07-16,0 days 15:59:56.828140,145916,219.25,219.13,351,489,-822,1078
61,ACN,2020-07-16,0 days 15:59:57.830118,146738,219.32,219.08,100,200,1078,-822
62,ADM,2020-07-16,0 days 15:56:10.282142,149709,40.94,40.93,3364,297,1995,-1305
63,ADM,2020-07-16,0 days 15:56:11.284841,148804,40.94,40.93,2529,697,-605,1995
64,ADM,2020-07-16,0 days 15:57:40.498116,160871,40.93,40.92,400,3532,1278,-1722
65,ADM,2020-07-16,0 days 15:57:41.500462,160949,40.93,40.92,400,3532,-1122,1278
66,ADM,2020-07-16,0 days 15:59:01.695364,168546,40.94,40.93,2411,1805,1271,-606
67,ADM,2020-07-16,0 days 15:59:02.698929,167617,40.94,40.93,2511,1405,-1128,1271
68,ADM,2020-07-16,0 days 15:59:04.703695,169045,40.94,40.93,2841,300,1885,-1128
69,AEG,2020-07-16,0 days 15:59:36.390749,19549,3.18,3.17,363350,140700,6751,-10679
70,AEG,2020-07-16,0 days 15:59:46.416576,16700,3.18,3.17,365737,92840,-1209,1621
71,AEO,2020-07-16,0 days 15:55:36.273682,283863,11.45,11.44,7052,6156,1035,-965
72,AEO,2020-07-16,0 days 15:55:37.276043,281551,11.45,11.44,5802,9126,-3312,1035
73,AEO,2020-07-16,0 days 15:57:07.493214,281070,11.4,11.39,6918,7086,-2208,292
74,AEO,2020-07-16,0 days 15:57:13.507479,283278,11.4,11.39,6491,4910,9192,-2208
75,AEO,2020-07-16,0 days 15:57:14.509010,281070,11.4,11.39,4914,7010,-2208,9192
76,AEO,2020-07-16,0 days 15:59:39.863382,335926,11.44,11.43,12007,7299,12988,-2412
77,AEO,2020-07-16,0 days 15:59:45.877533,335222,11.44,11.43,11189,7137,-704,17996
78,AEO,2020-07-16,0 days 15:59:54.900292,329131,11.42,11.41,20163,400,1032,-963
79,AEP,2020-07-16,0 days 15:59:28.749117,259549,85.24,85.22,300,500,675,-2725
80,AEP,2020-07-16,0 days 15:59:31.759199,260224,85.23,85.22,1377,243,-325,275
81,AEP,2020-07-16,0 days 15:59:32.759598,260649,85.2,85.18,300,600,775,-325
82,AEP,2020-07-16,0 days 15:59:37.773602,261412,85.14,85.13,200,500,-2337,163
83,AEP,2020-07-16,0 days 15:59:45.791551,262471,85.07,85.05,759,200,-2478,3487
84,AEP,2020-07-16,0 days 15:59:47.795292,264949,85.06,85.04,400,300,1451,-1949
85,AEP,2020-07-16,0 days 15:59:48.798755,262100,85.06,85.04,100,400,-2849,1451
86,AES,2020-07-16,0 days 15:55:26.175361,190864,14.9,14.89,9770,7112,-1978,1141
87,AES,2020-07-16,0 days 15:57:58.541207,214564,14.87,14.86,9192,8690,-2296,504
88,AES,2020-07-16,0 days 15:58:05.559413,218760,14.88,14.87,8258,10901,2686,-1396
89,AES,2020-07-16,0 days 15:58:06.561175,216646,14.88,14.87,8258,10901,-2114,2686
90,AES,2020-07-16,0 days 15:58:39.641333,218760,14.88,14.87,13575,2022,2186,-1214
91,AES,2020-07-16,0 days 15:58:41.646200,210826,14.88,14.87,8026,9398,-7934,8366
92,AES,2020-07-16,0 days 15:59:07.711012,232002,14.88,14.87,12174,8367,-11658,12218
93,AES,2020-07-16,0 days 15:59:08.712704,231060,14.88,14.87,13177,7367,942,-11658
94,AES,2020-07-16,0 days 15:59:28.760377,240307,14.88,14.87,15604,9660,1495,-3105
95,AES,2020-07-16,0 days 15:59:42.794541,240950,14.86,14.85,14731,14796,-344,1143
96,AES,2020-07-16,0 days 15:59:47.806002,241450,14.86,14.85,15947,13050,-1315,156
97,AES,2020-07-16,0 days 15:59:48.808789,240465,14.86,14.85,17637,12530,985,-1315
98,AFL,2020-07-16,0 days 15:59:35.389089,250978,36.39,36.38,4200,1100,-11406,4132
99,AG,2020-07-16,0 days 15:58:39.641474,23241,10.33,10.32,31733,900,15,-3154
100,AG,2020-07-16,0 days 15:59:50.814983,32147,10.36,10.35,4900,35700,-3419,4106
101,AGI,2020-07-16,0 days 15:55:49.289275,39104,10.13,10.12,7425,20368,-281,1059
102,AGI,2020-07-16,0 days 15:55:50.291389,36585,10.13,10.12,5926,20168,2519,-281
103,AGI,2020-07-16,0 days 15:58:49.722833,39404,10.11,10.1,28848,6630,-11640,2889
104,AGI,2020-07-16,0 days 15:58:50.725644,38044,10.11,10.1,1576,33276,1160,-11640
105,AGI,2020-07-16,0 days 15:59:37.839793,40027,10.14,10.13,27931,2596,-5919,381
106,AGI,2020-07-16,0 days 15:59:38.842333,39446,10.14,10.13,27250,2296,581,-5919
107,AHT,2020-07-16,0 days 15:59:07.784516,959,5.62,5.55,200,400,-296,65
108,AIG,2020-07-16,0 days 15:59:05.708546,567089,32.57,32.56,800,3372,31997,-8096
109,AIG,2020-07-16,0 days 15:59:06.710091,565086,32.6,32.59,3300,401,-9185,31997
110,AIG,2020-07-16,0 days 15:59:12.723073,573296,32.57,32.56,305,2535,-1675,5525
111,AIG,2020-07-16,0 days 15:59:24.751101,591941,32.57,32.56,2175,400,118,-482
112,AIG,2020-07-16,0 days 15:59:33.773746,589813,32.56,32.55,4875,500,-2128,5072
113,AIG,2020-07-16,0 days 15:59:46.805431,592404,32.55,32.54,1770,676,-2211,8163
114,AIG,2020-07-16,0 days 15:59:47.806190,594615,32.54,32.53,254,3514,2107,-2211
115,ALC,2020-07-16,0 days 15:55:56.214536,18550,58.81,58.79,200,200,69,-37
116,ALC,2020-07-16,0 days 15:55:57.216823,18119,58.81,58.79,200,200,-431,69
117,ALC,2020-07-16,0 days 15:57:46.478811,19150,58.93,58.92,201,400,388,-594
118,ALC,2020-07-16,0 days 15:57:47.481139,18738,58.93,58.92,201,400,-412,388
119,ALC,2020-07-16,0 days 15:58:51.636867,21487,58.99,58.98,101,101,405,-649
120,ALC,2020-07-16,0 days 15:58:52.639544,20892,58.99,58.98,101,100,-595,405
121,ALK,2020-07-16,0 days 15:58:40.700716,96251,37.35,37.34,400,245,96,-568
122,ALK,2020-07-16,0 days 15:58:41.703203,95047,37.35,37.34,400,745,-904,96
123,ALK,2020-07-16,0 days 15:59:06.766323,98426,37.34,37.33,200,500,-7068,7
124,ALK,2020-07-16,0 days 15:59:07.767820,105494,37.34,37.33,400,300,5632,-7068
125,ALK,2020-07-16,0 days 15:59:08.769899,104726,37.34,37.33,200,300,-864,5632
126,ALK,2020-07-16,0 days 15:59:11.779091,108172,37.34,37.33,400,200,1700,-3100
127,ALK,2020-07-16,0 days 15:59:13.781971,109872,37.34,37.33,300,100,-47,1700
128,ALK,2020-07-16,0 days 15:59:20.798410,109919,37.35,37.33,400,245,149,-47
129,ALK,2020-07-16,0 days 15:59:50.872098,101092,37.28,37.25,288,648,-7574,2426
130,ALL,2020-07-16,0 days 15:55:00.112319,127860,91.77,91.76,100,200,-4715,42671
131,ALL,2020-07-16,0 days 15:55:43.216231,133163,91.91,91.9,100,503,1223,-584
132,ALL,2020-07-16,0 days 15:56:08.276298,133558,91.85,91.8,550,303,852,-304
133,ALL,2020-07-16,0 days 15:56:09.279122,133310,91.85,91.8,951,503,-248,852
134,ALL,2020-07-16,0 days 15:57:22.453700,138763,91.73,91.7,300,207,365,-635
135,ALL,2020-07-16,0 days 15:57:23.456019,138228,91.73,91.7,608,207,-535,365
136,ALL,2020-07-16,0 days 15:57:33.480403,138763,91.75,91.73,300,395,465,-435
137,ALL,2020-07-16,0 days 15:57:34.482789,138335,91.74,91.71,200,412,-428,465
138,ALL,2020-07-16,0 days 15:57:39.495340,137235,91.72,91.69,322,400,-1630,70
139,ALL,2020-07-16,0 days 15:57:54.531228,140935,91.7,91.68,106,102,-30,570
140,ALL,2020-07-16,0 days 15:58:34.629988,143626,91.7,91.69,800,301,13,-287
141,ALL,2020-07-16,0 days 15:58:40.644020,140370,91.68,91.67,100,401,-215,885
142,ALL,2020-07-16,0 days 15:59:05.708297,147521,91.69,91.67,200,200,-1065,2132
143,ALL,2020-07-16,0 days 15:59:12.722845,146422,91.7,91.68,100,311,-12518,159
144,ALL,2020-07-16,0 days 15:59:28.760443,163530,91.67,91.64,400,500,1703,-397
145,ALL,2020-07-16,0 days 15:59:29.762626,159833,91.7,91.66,100,200,-3697,1703
146,ALL,2020-07-16,0 days 15:59:32.770877,163533,91.65,91.61,1200,200,1400,-997
147,ALL,2020-07-16,0 days 15:59:33.773558,163433,91.65,91.61,549,200,-100,1400
148,ALL,2020-07-16,0 days 15:59:37.783142,163033,91.61,91.57,617,398,-500,1200
149,ALL,2020-07-16,0 days 15:59:40.790375,163533,91.63,91.59,871,600,2300,-500
150,ALL,2020-07-16,0 days 15:59:41.793332,163033,91.61,91.59,650,100,-500,2300
151,ALL,2020-07-16,0 days 15:59:45.801677,159333,91.64,91.61,750,300,-4200,3507
152,ALL,2020-07-16,0 days 15:59:46.805227,163533,91.67,91.61,200,1328,799,-4200
153,ALL,2020-07-16,0 days 15:59:47.806030,163032,91.64,91.62,100,638,-3409,799
154,ALL,2020-07-16,0 days 15:59:55.826551,166441,91.66,91.58,800,700,2098,-1709
155,ALL,2020-07-16,0 days 15:59:58.833187,164732,91.62,91.6,100,100,-1709,2098
156,ALLY,2020-07-16,0 days 15:55:00.186956,201173,22.41,22.4,1205,2600,1492,-33256
157,ALLY,2020-07-16,0 days 15:57:13.507479,229083,22.42,22.41,2019,300,-28,1621
158,ALLY,2020-07-16,0 days 15:57:15.511861,229111,22.42,22.41,1629,900,6766,-28
159,ALLY,2020-07-16,0 days 15:57:34.557294,235877,22.43,22.42,2347,100,-1204,670
160,ALLY,2020-07-16,0 days 15:57:37.564660,235877,22.42,22.41,2000,1000,-4782,1396
161,ALLY,2020-07-16,0 days 15:57:38.567673,232859,22.41,22.4,1010,2779,3018,-4782
162,ALLY,2020-07-16,0 days 15:57:41.575166,235877,22.41,22.4,2010,2779,-2083,1317
163,ALLY,2020-07-16,0 days 15:57:42.577571,233260,22.4,22.39,1400,2901,2617,-2083
164,ALLY,2020-07-16,0 days 15:57:54.606269,239651,22.39,22.38,1200,2324,-630,1670
165,ALLY,2020-07-16,0 days 15:57:55.609094,237481,22.39,22.38,2167,1347,2170,-630
166,ALLY,2020-07-16,0 days 15:57:57.613993,239651,22.39,22.38,2676,454,-930,1370
167,ALLY,2020-07-16,0 days 15:57:58.615969,237781,22.39,22.38,3056,995,1870,-930
168,ALLY,2020-07-16,0 days 15:58:01.623988,239651,22.39,22.38,500,1370,-730,2670
169,ALLY,2020-07-16,0 days 15:58:02.626274,238381,22.39,22.38,1100,600,1270,-730
170,ALLY,2020-07-16,0 days 15:58:16.660674,239734,22.38,22.37,1600,100,-562,1538
171,ALLY,2020-07-16,0 days 15:58:17.663451,238196,22.38,22.37,1950,1170,1538,-562
172,ALLY,2020-07-16,0 days 15:58:21.673247,239737,22.39,22.37,2300,2180,-2559,1538
173,ALLY,2020-07-16,0 days 15:58:22.675265,238196,22.39,22.38,2600,100,1541,-2559
174,ALLY,2020-07-16,0 days 15:58:41.722724,245111,22.36,22.35,1606,3123,-4407,2283
175,ALLY,2020-07-16,0 days 15:58:42.723269,243818,22.36,22.35,1838,2923,1293,-4407
176,ALLY,2020-07-16,0 days 15:58:50.743297,240343,22.38,22.37,1481,900,994,-1906
177,ALLY,2020-07-16,0 days 15:59:02.772752,240004,22.39,22.38,1300,1357,1175,-2607
178,ALLY,2020-07-16,0 days 15:59:15.804661,263805,22.37,22.36,2188,900,-2899,3375
179,ALLY,2020-07-16,0 days 15:59:16.806351,258304,22.34,22.33,534,2400,9275,-2899
180,ALLY,2020-07-16,0 days 15:59:25.828700,260440,22.4,22.39,199,3200,-2306,1478
181,ALLY,2020-07-16,0 days 15:59:26.831132,258146,22.4,22.39,399,1934,2294,-2306
182,ALLY,2020-07-16,0 days 15:59:34.851619,285117,22.38,22.37,1370,1600,-1719,8752
183,ALLY,2020-07-16,0 days 15:59:35.853598,281036,22.39,22.37,1670,3000,4081,-1719
184,ALLY,2020-07-16,0 days 15:59:49.888294,285117,22.38,22.37,300,1370,-1702,4572
185,ALLY,2020-07-16,0 days 15:59:50.891289,278819,22.39,22.38,100,1800,6298,-1702
186,AM,2020-07-16,0 days 15:55:00.863660,131157,5.83,5.82,4473,12436,-46637,61791
187,AM,2020-07-16,0 days 15:55:01.864436,126094,5.83,5.82,6640,10197,5063,-46637
188,AM,2020-07-16,0 days 15:58:30.367353,150152,5.87,5.86,1000,19544,-3672,3061
189,AM,2020-07-16,0 days 15:58:31.369840,145724,5.87,5.86,1000,19444,1478,-3672
190,AM,2020-07-16,0 days 15:59:13.472928,150657,5.85,5.84,11510,7100,-168,2046
191,AM,2020-07-16,0 days 15:59:14.475829,152680,5.85,5.84,11010,6900,3877,-168
192,AM,2020-07-16,0 days 15:59:45.551271,168196,5.85,5.84,1100,11870,1739,-5861
193,AMC,2020-07-16,0 days 15:55:00.105385,42934,4.39,4.38,1196,6883,-1904,17652
194,AMC,2020-07-16,0 days 15:59:04.693807,44255,4.39,4.38,3300,3545,1179,-1263
195,AMX,2020-07-16,0 days 15:59:05.453216,90407,13.08,13.07,11353,9602,7203,-458
196,ANF,2020-07-16,0 days 15:55:38.279202,84594,10.54,10.53,1901,5428,1321,-1279
197,ANF,2020-07-16,0 days 15:55:39.280805,82415,10.54,10.53,1904,5228,-2179,1321
198,ANF,2020-07-16,0 days 15:58:48.738741,93612,10.51,10.5,17983,2226,538,-1146
199,ANF,2020-07-16,0 days 15:58:49.740632,88650,10.51,10.5,18183,3126,-4980,538
200,ANF,2020-07-16,0 days 15:59:39.863321,95525,10.5,10.49,10120,2505,15874,-426
201,ANF,2020-07-16,0 days 15:59:46.879868,94314,10.51,10.5,5700,5600,-1211,589
202,APH,2020-07-16,0 days 15:55:00.112339,109252,100.82,100.79,175,596,-3760,2240
203,APH,2020-07-16,0 days 15:55:01.115374,108212,100.83,100.79,448,881,1040,-3760
204,APH,2020-07-16,0 days 15:55:14.146234,105752,100.77,100.74,450,100,-2460,1040
205,APH,2020-07-16,0 days 15:55:15.153658,104212,100.73,100.71,150,250,1540,-2460
206,APH,2020-07-16,0 days 15:56:06.272868,113274,100.82,100.78,480,420,-2284,1216
207,APH,2020-07-16,0 days 15:56:07.274093,111936,100.82,100.78,674,320,1338,-2284
208,APH,2020-07-16,0 days 15:57:11.429323,113274,100.88,100.87,150,200,-6482,884
209,APH,2020-07-16,0 days 15:57:12.430321,111974,100.88,100.86,268,200,1300,-6482
210,APH,2020-07-16,0 days 15:58:11.573988,116133,100.92,100.91,150,100,-2479,1021
211,APH,2020-07-16,0 days 15:58:12.576445,115208,100.92,100.9,229,100,925,-2479
212,APH,2020-07-16,0 days 15:58:14.582002,116133,100.93,100.91,159,200,-1275,925
213,APH,2020-07-16,0 days 15:58:15.584303,115408,100.93,100.91,159,300,4321,-1275
214,APH,2020-07-16,0 days 15:59:06.709818,143817,101.01,100.99,200,286,-7446,749
215,APH,2020-07-16,0 days 15:59:07.711074,142505,101.0,100.98,150,250,1748,-7446
216,APH,2020-07-16,0 days 15:59:13.725319,144290,101.0,100.98,200,400,-3196,804
217,APH,2020-07-16,0 days 15:59:14.728108,139786,101.0,100.98,296,300,4504,-3196
218,APH,2020-07-16,0 days 15:59:19.739366,144290,101.04,101.0,100,424,-67,504
219,APH,2020-07-16,0 days 15:59:23.748594,141657,101.01,100.98,100,100,2633,-667
220,APH,2020-07-16,0 days 15:59:27.758321,144290,101.03,101.01,100,150,-2146,833
221,APH,2020-07-16,0 days 15:59:28.760443,143536,101.03,101.0,100,100,754,-2146
222,APH,2020-07-16,0 days 15:59:42.794601,144490,100.93,100.87,751,539,-554,498
223,APH,2020-07-16,0 days 15:59:43.796658,143944,100.93,100.87,650,789,546,-554
224,APH,2020-07-16,0 days 15:59:45.801719,144490,100.96,100.91,155,550,-581,546
225,APH,2020-07-16,0 days 15:59:46.805248,143971,100.97,100.91,209,981,319,-581
226,APH,2020-07-16,0 days 15:59:47.806065,144490,100.97,100.91,201,931,-656,319
227,APLE,2020-07-16,0 days 15:58:41.754227,134677,9.09,9.08,7306,1509,4001,-3250
228,APLE,2020-07-16,0 days 15:58:42.756755,119578,9.09,9.08,6706,2409,-13899,4001
229,APLE,2020-07-16,0 days 15:59:44.909332,136201,9.08,9.07,4461,3482,6973,-977
230,APLE,2020-07-16,0 days 15:59:45.911768,133874,9.08,9.07,4219,3382,-2327,6973
231,AR,2020-07-16,0 days 15:55:00.112166,158315,2.84,2.83,36511,38091,-4034,94228
232,AR,2020-07-16,0 days 15:55:01.115256,148749,2.84,2.83,36611,39084,9566,-4034
233,AR,2020-07-16,0 days 15:59:15.728780,169014,2.84,2.83,30300,59329,-11961,4595
234,AR,2020-07-16,0 days 15:59:20.741962,139425,2.85,2.84,14713,64617,29589,-25611
235,AR,2020-07-16,0 days 15:59:44.799027,169114,2.85,2.84,12113,77614,-3129,2071
236,AR,2020-07-16,0 days 15:59:45.801587,167343,2.85,2.84,12579,75843,1671,-3129
237,ARMK,2020-07-16,0 days 15:55:00.703868,108067,23.24,23.23,517,418,16802,-22830
238,ARMK,2020-07-16,0 days 15:58:33.218089,126736,23.26,23.25,1768,1588,-774,326
239,ARMK,2020-07-16,0 days 15:59:01.286482,129414,23.26,23.25,2423,1590,807,-2193
240,ARMK,2020-07-16,0 days 15:59:41.382429,149098,23.26,23.24,2678,600,-331,15394
241,ARMK,2020-07-16,0 days 15:59:42.384621,149954,23.26,23.24,2678,600,2553,-331
242,ARMK,2020-07-16,0 days 15:59:43.387926,149307,23.26,23.24,2213,600,-147,2553
243,ARMK,2020-07-16,0 days 15:59:46.396813,149954,23.26,23.25,2506,100,2897,-3344
244,ARMK,2020-07-16,0 days 15:59:50.405839,149361,23.26,23.24,2306,700,-93,1130
245,ATI,2020-07-16,0 days 15:58:48.738741,78674,10.04,10.03,4497,1330,-1444,253
246,ATI,2020-07-16,0 days 15:58:49.740659,74238,10.04,10.03,4597,949,4436,-1444
247,ATI,2020-07-16,0 days 15:59:10.793066,86950,10.04,10.03,4553,1329,-10288,1712
248,ATI,2020-07-16,0 days 15:59:11.797138,86899,10.04,10.03,5153,994,51,-10288
249,ATI,2020-07-16,0 days 15:59:17.809383,86950,10.04,10.03,7199,495,-249,51
250,ATUS,2020-07-16,0 days 15:55:00.185778,173642,24.16,24.15,7121,2008,-27664,120664
251,ATUS,2020-07-16,0 days 15:55:01.189075,164306,24.15,24.14,1993,4334,9336,-27664
252,ATUS,2020-07-16,0 days 15:59:27.833083,314075,24.18,24.17,2500,4939,-9883,3187
253,ATUS,2020-07-16,0 days 15:59:28.835332,306658,24.18,24.17,3600,5539,7417,-9883
254,ATUS,2020-07-16,0 days 15:59:34.851370,314075,24.18,24.17,6504,700,-8475,3717
255,ATUS,2020-07-16,0 days 15:59:35.853303,308050,24.18,24.17,6804,1038,6025,-8475
256,ATUS,2020-07-16,0 days 15:59:42.870600,317375,24.17,24.16,6002,4826,-4791,9874
257,ATUS,2020-07-16,0 days 15:59:46.879735,317385,24.17,24.16,4694,5983,6261,-6059
258,ATUS,2020-07-16,0 days 15:59:47.881767,323646,24.17,24.16,4711,5883,-9059,6261
259,ATUS,2020-07-16,0 days 15:59:49.888026,320528,24.17,24.16,6111,4535,3118,-9682
260,AU,2020-07-16,0 days 15:57:54.531310,25232,31.22,31.21,2908,695,69,-31
261,AU,2020-07-16,0 days 15:57:55.533791,24801,31.22,31.21,2908,695,-431,69
262,AU,2020-07-16,0 days 15:58:15.584326,25232,31.2,31.19,2300,1500,78,-322
263,AU,2020-07-16,0 days 15:58:16.586854,24910,31.19,31.18,800,1316,-322,78
264,AU,2020-07-16,0 days 15:59:06.709968,25002,31.28,31.27,109,2100,78,-322
265,AU,2020-07-16,0 days 15:59:12.722934,24933,31.3,31.29,2150,210,-149,951
266,AUY,2020-07-16,0 days 15:59:36.370487,159838,5.42,5.41,325542,332244,30348,-37552
267,AUY,2020-07-16,0 days 15:59:37.372631,157786,5.42,5.41,294421,321844,-2052,30348
268,AUY,2020-07-16,0 days 15:59:44.389762,159838,5.42,5.41,322721,291843,1881,-1119
269,AUY,2020-07-16,0 days 15:59:45.393130,158519,5.42,5.41,334211,288906,-1319,1881
270,AUY,2020-07-16,0 days 15:59:46.396873,159838,5.42,5.41,298311,318606,3584,-1319
271,AUY,2020-07-16,0 days 15:59:47.396922,158322,5.42,5.41,284811,340506,-1516,3584
272,AVTR,2020-07-16,0 days 15:57:52.493132,121800,18.81,18.8,2509,1428,-3345,1655
273,AVTR,2020-07-16,0 days 15:59:05.672603,138590,18.8,18.79,3428,2620,3184,-6770
274,AVTR,2020-07-16,0 days 15:59:06.673650,136174,18.8,18.79,2897,2720,-2416,3184
275,AVTR,2020-07-16,0 days 15:59:35.743398,145241,18.8,18.79,3800,2745,4958,-3179
276,AVTR,2020-07-16,0 days 15:59:36.745904,143599,18.8,18.79,1400,3245,-1642,4958
277,AXP,2020-07-16,0 days 15:59:09.818710,207509,96.33,96.32,861,100,-53,20
278,AXP,2020-07-16,0 days 15:59:31.878167,212416,96.3,96.28,200,678,552,-824
279,AXP,2020-07-16,0 days 15:59:46.914439,211327,96.31,96.28,100,604,-1289,211
280,AXP,2020-07-16,0 days 15:59:48.920151,212616,96.26,96.25,300,100,5011,-2289
281,AXP,2020-07-16,0 days 15:59:50.924212,211927,96.26,96.22,600,600,-689,711
282,AZN,2020-07-16,0 days 15:55:00.862588,64198,57.29,57.28,1288,1937,-1975,4585
283,AZN,2020-07-16,0 days 15:59:10.465845,69707,57.36,57.35,1200,2824,45,-455
284,AZN,2020-07-16,0 days 15:59:13.472790,69807,57.4,57.39,1149,2000,3331,-69
285,AZN,2020-07-16,0 days 15:59:26.505090,72838,57.38,57.37,846,1858,-136,164
286,AZN,2020-07-16,0 days 15:59:27.506160,72674,57.37,57.36,200,2835,164,-136
287,AZN,2020-07-16,0 days 15:59:33.521649,70774,57.38,57.37,900,1300,265,-635
288,AZN,2020-07-16,0 days 15:59:36.529101,71039,57.38,57.37,500,1502,-635,265
289,AZN,2020-07-16,0 days 15:59:50.563935,70374,57.39,57.38,720,1078,665,-235
290,AZUL,2020-07-16,0 days 15:55:31.183872,31111,12.38,12.37,600,5562,-32,1068
291,AZUL,2020-07-16,0 days 15:55:46.218962,29768,12.38,12.37,800,5867,1343,-32
292,AZUL,2020-07-16,0 days 15:57:16.428082,31111,12.38,12.37,2828,2858,-356,1159
293,AZUL,2020-07-16,0 days 15:57:17.429714,30067,12.38,12.37,2828,2858,1044,-356
294,AZUL,2020-07-16,0 days 15:59:04.694127,31911,12.38,12.36,3055,2035,-346,1225
295,AZUL,2020-07-16,0 days 15:59:10.705964,30951,12.35,12.34,749,1117,1160,-46
296,AZUL,2020-07-16,0 days 15:59:48.798340,31562,12.37,12.36,100,800,489,-411
297,BA,2020-07-16,0 days 15:55:00.186614,191214,178.95,178.91,123,322,1276,-15395
298,BA,2020-07-16,0 days 15:56:16.369045,194630,178.85,178.83,100,200,-2609,1591
299,BA,2020-07-16,0 days 15:56:17.371538,193239,178.85,178.83,100,200,1391,-2609
300,BA,2020-07-16,0 days 15:57:07.493244,194938,178.79,178.77,200,200,-5635,1371
301,BA,2020-07-16,0 days 15:57:08.495288,194126,178.79,178.76,497,200,812,-5635
302,BA,2020-07-16,0 days 15:57:35.560615,194938,178.8,178.77,200,122,-2160,640
303,BA,2020-07-16,0 days 15:57:36.562467,194498,178.8,178.77,300,100,440,-2160
304,BA,2020-07-16,0 days 15:57:40.573048,194946,178.8,178.78,106,100,-1552,348
305,BA,2020-07-16,0 days 15:57:44.582122,195098,178.78,178.76,200,100,148,-252
306,BA,2020-07-16,0 days 15:57:46.587149,195246,178.78,178.76,200,400,-2552,48
307,BA,2020-07-16,0 days 15:58:26.684980,199941,178.89,178.83,100,149,19,-429
308,BA,2020-07-16,0 days 15:58:27.687463,199560,178.89,178.82,100,200,-381,19
309,BA,2020-07-16,0 days 15:59:11.797168,207341,178.8,178.77,200,352,342,-6032
310,BA,2020-07-16,0 days 15:59:12.798171,205383,178.82,178.78,200,200,-1958,342
311,BA,2020-07-16,0 days 15:59:31.843274,225492,178.68,178.66,203,100,1666,-1134
312,BA,2020-07-16,0 days 15:59:32.845990,222358,178.67,178.64,660,200,-3134,1666
313,BA,2020-07-16,0 days 15:59:35.853560,225492,178.68,178.65,200,100,1317,-3134
314,BA,2020-07-16,0 days 15:59:36.855441,221609,178.68,178.64,450,889,-3883,1317
315,BABA,2020-07-16,0 days 15:57:49.575414,1511591,242.88,242.87,500,100,4096,-3504
316,BABA,2020-07-16,0 days 15:57:50.580194,1508787,242.88,242.86,540,100,-2804,4096
317,BABA,2020-07-16,0 days 15:57:52.582921,1512091,242.82,242.78,400,312,2732,-4
318,BABA,2020-07-16,0 days 15:57:53.586951,1511971,242.78,242.73,500,200,-120,2732
319,BABA,2020-07-16,0 days 15:57:54.588164,1512091,242.76,242.71,400,200,616,-120
320,BABA,2020-07-16,0 days 15:57:55.590926,1510107,242.76,242.71,600,214,-1984,616
321,BABA,2020-07-16,0 days 15:58:10.627876,1512452,242.75,242.71,963,400,304,-460
322,BABA,2020-07-16,0 days 15:58:11.629697,1510956,242.75,242.71,1363,436,-1496,304
323,BABA,2020-07-16,0 days 15:58:17.644578,1512652,242.74,242.72,803,300,1904,-1560
324,BABA,2020-07-16,0 days 15:58:18.647346,1510207,242.75,242.73,300,100,-2445,1904
325,BABA,2020-07-16,0 days 15:58:21.654812,1512652,242.78,242.74,600,400,12855,-2445
326,BABA,2020-07-16,0 days 15:58:22.656605,1509507,242.79,242.76,200,315,-3145,12855
327,BABA,2020-07-16,0 days 15:58:30.675521,1513452,242.66,242.63,200,100,2193,-2660
328,BABA,2020-07-16,0 days 15:58:31.678160,1511993,242.67,242.64,1000,200,-1459,2193
329,BABA,2020-07-16,0 days 15:58:47.716628,1514352,242.7,242.65,320,120,1840,-2160
330,BABA,2020-07-16,0 days 15:58:48.720724,1513845,242.68,242.65,400,120,-507,1840
331,BABA,2020-07-16,0 days 15:58:49.722283,1514352,242.68,242.65,420,100,158,-507
332,BABA,2020-07-16,0 days 15:58:50.725223,1512810,242.66,242.64,200,200,-1542,158
333,BABA,2020-07-16,0 days 15:58:56.738840,1514352,242.61,242.58,442,300,567,-396
334,BABA,2020-07-16,0 days 15:58:57.740707,1511656,242.58,242.57,100,307,-2696,567
335,BABA,2020-07-16,0 days 15:59:01.751696,1515269,242.61,242.6,201,224,3450,-2550
336,BABA,2020-07-16,0 days 15:59:07.767640,1516267,242.61,242.58,351,1268,-109351,1345
337,BAC,2020-07-16,0 days 15:55:00.863260,2359912,23.9,23.89,28204,54447,-174307,736090
338,BAC,2020-07-16,0 days 15:55:01.864172,2349719,23.9,23.89,13521,56316,1939,-174307
339,BAC,2020-07-16,0 days 15:55:26.925421,2350509,23.92,23.91,19025,30100,-6966,283
340,BAC,2020-07-16,0 days 15:55:27.927322,2341975,23.92,23.91,16025,27199,8534,-6966
341,BAC,2020-07-16,0 days 15:55:34.943797,2341841,23.93,23.92,10549,30092,4923,-36877
342,BAC,2020-07-16,0 days 15:56:03.014206,2354717,23.92,23.91,40052,14025,-22755,14499
343,BAC,2020-07-16,0 days 15:57:00.150939,2427920,23.9,23.89,9984,40686,-19052,6794
344,BAC,2020-07-16,0 days 15:57:01.151828,2415272,23.9,23.89,3584,45386,4394,-19052
345,BAC,2020-07-16,0 days 15:57:05.161225,2427995,23.9,23.89,13016,38076,-33512,3494
346,BAC,2020-07-16,0 days 15:57:06.163786,2419507,23.9,23.89,10216,40376,234,-33512
347,BAC,2020-07-16,0 days 15:57:08.168485,2427995,23.91,23.9,32619,13757,-9853,234
348,BAC,2020-07-16,0 days 15:57:22.201667,2461548,23.91,23.9,32891,19438,2446,-5054
349,BAC,2020-07-16,0 days 15:58:30.367344,2690209,23.9,23.89,34263,29603,25154,-10546
350,BAC,2020-07-16,0 days 15:59:00.441343,2718666,23.9,23.89,36034,30640,-15848,55041
351,BAC,2020-07-16,0 days 15:59:06.456266,2776172,23.89,23.88,47366,18118,-161046,32179
352,BAC,2020-07-16,0 days 15:59:09.463622,2817415,23.87,23.86,28162,21001,-3772,50659
353,BAX,2020-07-16,0 days 15:57:11.424463,130729,85.89,85.88,1228,382,-2768,3981
354,BAX,2020-07-16,0 days 15:57:12.418569,128097,85.88,85.87,1090,100,2632,-2768
355,BAX,2020-07-16,0 days 15:58:28.604682,133678,85.88,85.87,128,600,-275,1825
356,BAX,2020-07-16,0 days 15:58:29.605892,130753,85.88,85.87,328,400,2925,-275
357,BAX,2020-07-16,0 days 15:59:02.687009,133356,85.89,85.88,500,297,-2767,2333
358,BAX,2020-07-16,0 days 15:59:03.689364,131314,85.87,85.85,400,400,2042,-2767
359,BAX,2020-07-16,0 days 15:59:18.725663,133723,85.87,85.86,402,100,-2230,1475
360,BAX,2020-07-16,0 days 15:59:19.727907,132253,85.87,85.86,182,100,1470,-2230
361,BAX,2020-07-16,0 days 15:59:20.730187,133723,85.87,85.85,182,597,-9882,1470
362,BAX,2020-07-16,0 days 15:59:21.732941,133005,85.88,85.87,300,100,718,-9882
363,BAX,2020-07-16,0 days 15:59:22.734551,133723,85.88,85.86,520,100,-382,718
364,BAX,2020-07-16,0 days 15:59:23.737412,133105,85.88,85.86,536,100,618,-382
365,BAX,2020-07-16,0 days 15:59:45.791360,134823,85.84,85.81,800,1200,-529,512
366,BAX,2020-07-16,0 days 15:59:47.795155,135252,85.81,85.79,200,200,2571,-529
367,BB,2020-07-16,0 days 15:56:42.324717,56552,4.66,4.65,21688,90050,34250,-46950
368,BB,2020-07-16,0 days 15:56:43.327185,52202,4.66,4.65,20479,98822,-4350,34250
369,BB,2020-07-16,0 days 15:59:01.661279,56552,4.66,4.65,95350,26424,21815,-31285
370,BB,2020-07-16,0 days 15:59:28.725946,58422,4.66,4.65,79750,56959,3192,-2608
371,BB,2020-07-16,0 days 15:59:29.728272,30014,4.66,4.65,72450,66994,-28408,3192
372,BBL,2020-07-16,0 days 15:57:42.491534,19993,44.12,44.11,3417,8510,-130,70
373,BBL,2020-07-16,0 days 15:57:43.493005,19123,44.12,44.11,3417,8510,870,-130
374,BBL,2020-07-16,0 days 15:58:56.671424,19993,44.11,44.1,1802,5225,-125,42
375,BBL,2020-07-16,0 days 15:58:57.674306,19318,44.11,44.1,4002,3725,675,-125
376,BBL,2020-07-16,0 days 15:59:00.683078,19993,44.11,44.1,1602,5271,-125,675
377,BBL,2020-07-16,0 days 15:59:01.683887,19319,44.11,44.1,702,5871,674,-125
378,BBL,2020-07-16,0 days 15:59:05.695926,19993,44.11,44.1,602,5787,-1046,674
379,BBL,2020-07-16,0 days 15:59:06.696426,19739,44.11,44.1,602,5887,254,-1046
380,BBL,2020-07-16,0 days 15:59:12.711282,19993,44.11,44.1,1213,5925,-35,254
381,BBL,2020-07-16,0 days 15:59:13.713782,19628,44.11,44.1,1202,5825,365,-35
382,BBL,2020-07-16,0 days 15:59:21.732868,19993,44.12,44.1,2286,4887,-672,365
383,BBL,2020-07-16,0 days 15:59:32.759334,19765,44.12,44.11,5286,917,228,-72
384,BBY,2020-07-16,0 days 15:55:01.108623,102445,88.36,88.34,100,500,381,-13219
385,BBY,2020-07-16,0 days 15:55:23.162702,102716,88.37,88.35,200,1124,-45,255
386,BBY,2020-07-16,0 days 15:55:24.165537,102361,88.37,88.35,370,674,355,-45
387,BBY,2020-07-16,0 days 15:55:36.195003,102889,88.45,88.43,200,100,-251,319
388,BBY,2020-07-16,0 days 15:55:37.197733,102640,88.45,88.44,144,310,249,-251
389,BBY,2020-07-16,0 days 15:55:48.223403,106139,88.45,88.43,668,300,-358,231
390,BBY,2020-07-16,0 days 15:57:40.486040,121733,88.37,88.35,562,466,834,-1235
391,BBY,2020-07-16,0 days 15:57:41.488245,121367,88.37,88.36,562,100,-366,834
392,BBY,2020-07-16,0 days 15:57:50.510248,121733,88.4,88.38,500,665,34,-66
393,BBY,2020-07-16,0 days 15:57:52.515471,120467,88.4,88.38,800,765,-1266,34
394,BBY,2020-07-16,0 days 15:58:40.632569,122258,88.41,88.39,344,426,981,-716
395,BBY,2020-07-16,0 days 15:58:41.634709,121139,88.41,88.39,100,526,-1119,981
396,BBY,2020-07-16,0 days 15:59:13.713849,122489,88.39,88.38,401,100,1737,-263
397,BBY,2020-07-16,0 days 15:59:14.715952,121826,88.41,88.38,200,400,-663,1737
398,BBY,2020-07-16,0 days 15:59:20.730155,130219,88.41,88.38,300,200,4941,-7359
399,BBY,2020-07-16,0 days 15:59:21.732941,129260,88.41,88.38,300,200,-959,4941
400,BBY,2020-07-16,0 days 15:59:27.746522,130219,88.4,88.38,100,400,266,-834
401,BBY,2020-07-16,0 days 15:59:33.761943,130185,88.38,88.36,100,129,-334,1766
402,BBY,2020-07-16,0 days 15:59:36.768328,130519,88.38,88.34,410,200,97,-334
403,BBY,2020-07-16,0 days 15:59:43.785098,130316,88.34,88.32,100,200,-203,1397
404,BBY,2020-07-16,0 days 15:59:45.791318,130519,88.34,88.3,100,755,597,-103
405,BBY,2020-07-16,0 days 15:59:49.800374,130505,88.33,88.3,200,909,-14,386
406,BCS,2020-07-16,0 days 15:59:14.828109,104115,5.91,5.9,131964,62522,-1687,2813
407,BCS,2020-07-16,0 days 15:59:15.830046,73102,5.91,5.9,128464,58873,31013,-1687
408,BCS,2020-07-16,0 days 15:59:46.914439,104115,5.91,5.9,159610,22311,-11959,1135
409,BCS,2020-07-16,0 days 15:59:47.915398,102774,5.91,5.9,159710,19781,1341,-11959
410,BDN,2020-07-16,0 days 15:59:05.708546,201812,10.45,10.44,15333,1913,-18322,595
411,BDN,2020-07-16,0 days 15:59:06.710091,201023,10.44,10.43,10840,6747,3064,-18322
412,BDN,2020-07-16,0 days 15:59:10.717739,205894,10.44,10.43,11040,6669,-414,1171
413,BDN,2020-07-16,0 days 15:59:12.723046,205238,10.44,10.43,10840,8369,656,-2944
414,BDN,2020-07-16,0 days 15:59:33.773746,205894,10.44,10.43,11563,10672,-1244,256
415,BDN,2020-07-16,0 days 15:59:34.775809,205421,10.44,10.43,10663,10272,473,-1244
416,BE,2020-07-16,0 days 15:57:27.524903,145432,17.15,17.14,1378,1533,-484,822
417,BE,2020-07-16,0 days 15:57:28.528292,145369,17.15,17.14,1978,794,63,-484
418,BE,2020-07-16,0 days 15:58:59.747023,144885,17.15,17.12,1200,900,-1138,315
419,BE,2020-07-16,0 days 15:59:00.750885,144776,17.15,17.12,800,1200,485,-1138
420,BEN,2020-07-16,0 days 15:57:37.564585,135447,21.33,21.32,4542,5660,-260,1040
421,BEN,2020-07-16,0 days 15:57:39.570023,131088,21.33,21.32,3424,5460,4359,-884
422,BEN,2020-07-16,0 days 15:59:40.866030,136724,21.31,21.3,5600,1197,-43171,2089
423,BEN,2020-07-16,0 days 15:59:41.867743,135267,21.3,21.29,2000,5247,1457,-43171
424,BEN,2020-07-16,0 days 15:59:42.870739,136724,21.3,21.29,1400,5647,-1973,1457
425,BEN,2020-07-16,0 days 15:59:45.877430,135497,21.3,21.29,2500,5447,1227,-2673
426,BEN,2020-07-16,0 days 15:59:47.881832,136724,21.3,21.29,400,7047,-4595,993
427,BEN,2020-07-16,0 days 15:59:48.885686,136019,21.3,21.29,1400,6147,705,-4595
428,BEST,2020-07-16,0 days 15:57:37.456450,25715,4.45,4.44,7976,3703,-4390,6110
429,BEST,2020-07-16,0 days 15:59:01.661376,30105,4.45,4.44,2256,3080,310,-2530
430,BEST,2020-07-16,0 days 15:59:03.666188,29815,4.45,4.44,2256,3698,-290,910
431,BHC,2020-07-16,0 days 15:55:42.272294,79683,18.36,18.35,3792,2075,-4401,474
432,BHC,2020-07-16,0 days 15:55:43.275043,76584,18.36,18.35,4092,1792,3099,-4401
433,BHC,2020-07-16,0 days 15:59:41.849525,81723,18.31,18.3,4500,3382,-10831,12920
434,BHC,2020-07-16,0 days 15:59:42.851807,80976,18.31,18.3,6772,182,747,-10831
435,BHP,2020-07-16,0 days 15:57:47.589625,32539,52.95,52.94,2248,2000,-193,107
436,BHP,2020-07-16,0 days 15:57:48.591598,31132,52.95,52.94,3048,1700,1407,-193
437,BHP,2020-07-16,0 days 15:58:01.623922,32539,52.94,52.93,2852,1960,-293,7
438,BHP,2020-07-16,0 days 15:58:02.626209,31332,52.94,52.93,3052,584,1207,-293
439,BHP,2020-07-16,0 days 15:59:00.769047,32328,52.95,52.94,1859,3421,-7,251
440,BHP,2020-07-16,0 days 15:59:25.828624,31346,52.95,52.94,700,3404,1301,-142
441,BK,2020-07-16,0 days 15:59:08.769867,420514,36.78,36.77,5400,710,-43312,6142
442,BK,2020-07-16,0 days 15:59:48.866280,442972,36.72,36.71,1669,300,128,-2572
443,BK,2020-07-16,0 days 15:59:59.894269,436300,36.75,36.74,200,100,-7072,228
444,BKD,2020-07-16,0 days 15:55:00.106167,72303,2.55,2.54,7581,14332,-4149,2103
445,BKD,2020-07-16,0 days 15:59:05.696153,76370,2.55,2.54,5263,18393,902,-103
446,BKD,2020-07-16,0 days 15:59:11.710998,77272,2.55,2.54,5447,17175,-9837,902
447,BKR,2020-07-16,0 days 15:57:45.617067,342278,15.43,15.42,7980,2475,2170,-130
448,BKR,2020-07-16,0 days 15:57:46.619287,336648,15.43,15.42,7680,4195,-5630,2170
449,BKR,2020-07-16,0 days 15:59:02.805825,343176,15.42,15.41,7970,4483,-3403,478
450,BLL,2020-07-16,0 days 15:55:00.106733,135154,69.54,69.5,200,687,405,-25194
451,BLL,2020-07-16,0 days 15:55:25.167903,139059,69.56,69.54,500,1112,-95,605
452,BLL,2020-07-16,0 days 15:55:26.170850,138484,69.56,69.54,1100,1112,575,-95
453,BLL,2020-07-16,0 days 15:55:47.221194,140718,69.55,69.52,500,727,-219,532
454,BLL,2020-07-16,0 days 15:57:35.473278,148102,69.46,69.44,100,700,2972,-428
455,BLL,2020-07-16,0 days 15:57:36.475465,147574,69.47,69.46,500,270,-528,2972
456,BLL,2020-07-16,0 days 15:57:42.491668,148102,69.46,69.44,562,300,602,-1698
457,BLL,2020-07-16,0 days 15:57:43.493257,147804,69.47,69.45,500,200,-298,602
458,BLL,2020-07-16,0 days 15:57:49.507549,148102,69.44,69.42,400,200,162,-142
459,BLL,2020-07-16,0 days 15:57:50.510361,147964,69.44,69.42,400,206,-138,162
460,BLL,2020-07-16,0 days 15:57:58.529889,149764,69.42,69.41,300,585,-1838,162
461,BLL,2020-07-16,0 days 15:57:59.532750,149602,69.42,69.41,400,215,162,-1838
462,BLL,2020-07-16,0 days 15:58:05.547861,150064,69.43,69.41,1000,525,-438,762
463,BLL,2020-07-16,0 days 15:58:06.549952,149827,69.42,69.41,462,307,537,-438
464,BLL,2020-07-16,0 days 15:58:40.632706,150502,69.46,69.43,200,1233,521,-338
465,BLL,2020-07-16,0 days 15:58:41.634781,150323,69.46,69.45,177,406,-179,521
466,BLL,2020-07-16,0 days 15:59:02.687229,169217,69.41,69.39,194,500,3787,-2071
467,BLL,2020-07-16,0 days 15:59:03.689553,162293,69.41,69.39,194,695,-6924,3787
468,BLL,2020-07-16,0 days 15:59:27.746626,193732,69.42,69.41,200,200,3954,-316
469,BLL,2020-07-16,0 days 15:59:28.749117,192386,69.42,69.41,197,300,-1346,3954
470,BMY,2020-07-16,0 days 15:55:00.185994,504286,59.33,59.32,1300,1322,-2334,101402
471,BMY,2020-07-16,0 days 15:55:01.189214,500220,59.31,59.3,2028,1200,4066,-2334
472,BMY,2020-07-16,0 days 15:55:36.273597,502586,59.36,59.35,2805,500,-6046,3104
473,BMY,2020-07-16,0 days 15:55:37.275954,500332,59.36,59.35,1505,1400,2454,-6046
474,BMY,2020-07-16,0 days 15:57:07.493147,521697,59.34,59.33,4092,1998,-26975,895
475,BMY,2020-07-16,0 days 15:57:08.495210,520972,59.33,59.32,4318,2709,725,-26975
476,BMY,2020-07-16,0 days 15:57:36.562382,523723,59.36,59.35,1485,5840,2874,-1775
477,BMY,2020-07-16,0 days 15:57:53.604079,525129,59.37,59.36,1526,4426,-1296,704
478,BMY,2020-07-16,0 days 15:57:55.609054,524425,59.36,59.35,4230,704,872,-328
479,BMY,2020-07-16,0 days 15:58:04.631614,525297,59.36,59.35,4797,1000,-277,672
480,BMY,2020-07-16,0 days 15:58:12.651231,522162,59.34,59.33,3871,646,5052,-1148
481,BMY,2020-07-16,0 days 15:59:02.772584,530793,59.34,59.33,4342,467,-3303,4590
482,BMY,2020-07-16,0 days 15:59:03.774773,530296,59.34,59.33,4042,769,497,-3303
483,BMY,2020-07-16,0 days 15:59:42.870707,598950,59.33,59.32,3600,716,-8525,89
484,BMY,2020-07-16,0 days 15:59:43.872213,598275,59.32,59.31,3800,800,675,-8525
485,BMY,2020-07-16,0 days 15:59:45.877430,601650,59.32,59.31,3600,700,-7852,2086
486,BMY,2020-07-16,0 days 15:59:51.892609,587224,59.31,59.3,100,3503,23141,-2220
487,BP,2020-07-16,0 days 15:59:21.333579,103510,23.75,23.74,32136,6444,-2567,2315
488,BP,2020-07-16,0 days 15:59:50.405995,76366,23.74,23.73,25218,16370,-25911,989
489,BRK.B,2020-07-16,0 days 15:59:14.691916,425679,190.91,190.9,100,200,74260,-7878
490,BRK.B,2020-07-16,0 days 15:59:36.745976,470331,191.01,190.99,300,400,-8618,5720
491,BRK.B,2020-07-16,0 days 15:59:37.749002,457643,191.0,190.98,626,400,12688,-8618
492,BRK.B,2020-07-16,0 days 15:59:45.767344,471206,190.95,190.94,495,310,-3861,2911
493,BRK.B,2020-07-16,0 days 15:59:46.769976,468567,190.95,190.94,295,277,4550,-3861
494,BRK.B,2020-07-16,0 days 15:59:56.792538,473561,191.06,191.0,900,200,-5973,3050
495,BRX,2020-07-16,0 days 15:59:45.877596,302262,12.16,12.15,7981,3800,-2406,12891
496,BSX,2020-07-16,0 days 15:59:17.697648,1166563,36.44,36.43,5995,1031,-58776,16570
497,BSX,2020-07-16,0 days 15:59:18.700335,1150942,36.41,36.4,1300,4000,15621,-58776
498,BSX,2020-07-16,0 days 15:59:19.702676,1166563,36.41,36.4,6895,1000,-41594,15621
499,BSX,2020-07-16,0 days 15:59:27.722604,1199807,36.4,36.39,4947,2300,4407,-3634
500,BSX,2020-07-16,0 days 15:59:39.751811,1209024,36.38,36.37,5550,2294,-3913,22287
501,BSX,2020-07-16,0 days 15:59:40.754378,1207137,36.38,36.37,7971,420,1887,-3913
502,BSX,2020-07-16,0 days 15:59:47.770333,1226207,36.37,36.36,6862,2000,-34604,1126
503,BSX,2020-07-16,0 days 15:59:48.772428,1226911,36.36,36.35,7200,333,1174,-34604
504,BSX,2020-07-16,0 days 15:59:57.795668,1235549,36.38,36.37,4375,200,-18331,11927
505,BTI,2020-07-16,0 days 15:55:01.706599,47336,35.66,35.65,1967,2402,20465,-2735
506,BTI,2020-07-16,0 days 15:55:02.708475,44701,35.66,35.65,2016,2102,-2635,20465
507,BTI,2020-07-16,0 days 15:57:38.084299,47336,35.67,35.66,2242,2284,248,-152
508,BTI,2020-07-16,0 days 15:57:39.087217,44984,35.67,35.66,2042,2284,-2352,248
509,BUD,2020-07-16,0 days 15:57:44.614920,23001,53.95,53.94,804,500,-86,114
510,BUD,2020-07-16,0 days 15:57:45.617179,22487,53.95,53.94,904,345,514,-86
511,BUD,2020-07-16,0 days 15:59:00.802413,23029,53.96,53.94,898,100,-20,297
512,BWA,2020-07-16,0 days 15:57:07.476926,120847,37.87,37.86,1895,725,-46,2563
513,BWA,2020-07-16,0 days 15:57:26.521280,117773,37.84,37.83,874,1121,3074,-306
514,BWA,2020-07-16,0 days 15:57:51.581090,125747,37.82,37.81,1400,1002,-806,494
515,BWA,2020-07-16,0 days 15:57:52.583953,122953,37.82,37.81,1733,803,2794,-806
516,BWA,2020-07-16,0 days 15:59:19.795986,121976,37.79,37.78,769,500,3586,-5060
517,BWA,2020-07-16,0 days 15:59:23.805315,129262,37.78,37.77,939,1100,-1194,4486
518,BWA,2020-07-16,0 days 15:59:24.808230,127876,37.78,37.77,795,700,1386,-1194
519,BX,2020-07-16,0 days 15:55:00.079789,86512,55.44,55.42,390,1036,-524,28753
520,BX,2020-07-16,0 days 15:57:26.430133,87603,55.44,55.42,1588,400,6,-94
521,BX,2020-07-16,0 days 15:57:27.433067,87209,55.43,55.42,1694,188,-394,6
522,BX,2020-07-16,0 days 15:57:40.464305,88803,55.43,55.41,315,500,208,-894
523,BX,2020-07-16,0 days 15:57:41.467044,88411,55.42,55.41,165,726,-392,208
524,BX,2020-07-16,0 days 15:57:44.473891,88803,55.42,55.41,100,400,108,-392
525,BX,2020-07-16,0 days 15:57:45.476626,88411,55.43,55.41,415,700,-392,108
526,BX,2020-07-16,0 days 15:57:57.505663,88803,55.42,55.41,623,117,208,-492
527,BX,2020-07-16,0 days 15:57:58.507721,88311,55.42,55.41,623,117,-492,208
528,BX,2020-07-16,0 days 15:58:00.513887,86861,55.41,55.4,261,403,1950,-492
529,BX,2020-07-16,0 days 15:58:01.516242,86511,55.41,55.4,361,215,-350,1950
530,BX,2020-07-16,0 days 15:59:06.674091,88341,55.43,55.42,478,745,2409,-1473
531,BX,2020-07-16,0 days 15:59:07.676680,88148,55.43,55.42,400,300,-1389,2409
532,BX,2020-07-16,0 days 15:59:20.707139,90909,55.42,55.41,400,368,352,-1148
533,BX,2020-07-16,0 days 15:59:21.709645,90661,55.42,55.41,300,468,-248,352
534,BX,2020-07-16,0 days 15:59:32.737132,90516,55.4,55.38,826,200,145,-248
535,BX,2020-07-16,0 days 15:59:48.774351,89716,55.37,55.36,415,200,45,-155
536,BX,2020-07-16,0 days 15:59:49.776028,89561,55.37,55.35,415,300,-155,45
537,BYD,2020-07-16,0 days 15:55:48.223483,95908,21.31,21.3,1000,1103,664,-1116
538,BYD,2020-07-16,0 days 15:55:49.226209,94172,21.31,21.3,1300,1100,-1636,664
539,BYD,2020-07-16,0 days 15:58:01.538643,98108,21.25,21.24,317,1089,214,-186
540,BYD,2020-07-16,0 days 15:58:02.540447,97322,21.25,21.24,617,484,-786,214
541,BYD,2020-07-16,0 days 15:58:11.562620,98138,21.24,21.23,300,1377,384,-786
542,BYD,2020-07-16,0 days 15:58:12.564774,97422,21.24,21.23,100,1577,-716,384
543,BYD,2020-07-16,0 days 15:58:37.625671,97560,21.26,21.25,800,1305,-578,722
544,BYD,2020-07-16,0 days 15:59:05.696232,98628,21.27,21.26,200,126,-77,623
545,BYD,2020-07-16,0 days 15:59:14.716158,102971,21.26,21.25,515,1131,64,-2036
546,BYD,2020-07-16,0 days 15:59:32.759598,102074,21.26,21.25,1160,200,726,-674
547,C,2020-07-16,0 days 15:57:09.170801,438976,51.54,51.53,2763,2734,-18342,3497
548,C,2020-07-16,0 days 15:57:38.240817,454054,51.49,51.48,620,5101,4631,-4469
549,C,2020-07-16,0 days 15:59:00.441173,462759,51.49,51.48,1817,3700,-3784,3901
550,C,2020-07-16,0 days 15:59:03.447627,466362,51.47,51.46,4906,909,3359,-4341
551,C,2020-07-16,0 days 15:59:18.485044,601948,51.46,51.45,3886,1000,-6047,8915
552,C,2020-07-16,0 days 15:59:34.524356,616127,51.42,51.41,700,2799,-9739,9461
553,C,2020-07-16,0 days 15:59:39.535671,624658,51.39,51.38,2837,3635,26628,-2449
554,C,2020-07-16,0 days 15:59:40.538895,618282,51.39,51.38,4583,1278,-6376,26628
555,CAG,2020-07-16,0 days 15:59:12.779459,211270,36.62,36.61,6053,2809,-13219,21793
556,CAG,2020-07-16,0 days 15:59:13.781855,206091,36.61,36.6,1700,3728,5179,-13219
557,CAG,2020-07-16,0 days 15:59:16.788302,212070,36.61,36.6,1399,3528,-2641,5159
558,CAG,2020-07-16,0 days 15:59:18.793841,211790,36.61,36.6,4102,1226,180,-2068
559,CAG,2020-07-16,0 days 15:59:31.824847,216961,36.61,36.6,9250,1868,-817,871
560,CAG,2020-07-16,0 days 15:59:32.827782,216278,36.6,36.59,5908,1100,683,-817
561,CAG,2020-07-16,0 days 15:59:56.884672,219809,36.6,36.59,2300,2100,-2841,3359
562,CARR,2020-07-16,0 days 15:57:07.385669,220396,26.64,26.63,1634,500,-9664,976
563,CARR,2020-07-16,0 days 15:57:08.387983,217560,26.63,26.62,1800,211,2836,-9664
564,CARR,2020-07-16,0 days 15:58:38.605229,223300,26.63,26.61,1700,2724,-1730,847
565,CARR,2020-07-16,0 days 15:58:39.607706,221053,26.63,26.61,1500,2724,2247,-1730
566,CARR,2020-07-16,0 days 15:58:40.610234,223300,26.63,26.61,1600,2724,-3664,2247
567,CARR,2020-07-16,0 days 15:58:41.612655,221687,26.63,26.62,900,1481,1613,-3664
568,CARR,2020-07-16,0 days 15:59:03.666333,223641,26.62,26.61,571,1574,-391,1757
569,CARR,2020-07-16,0 days 15:59:04.670835,222532,26.63,26.62,691,1780,7973,-391
570,CARR,2020-07-16,0 days 15:59:13.690287,230560,26.64,26.63,578,1300,-3138,605
571,CARR,2020-07-16,0 days 15:59:14.692648,229321,26.64,26.63,678,1000,1239,-3138
572,CARR,2020-07-16,0 days 15:59:15.694389,230560,26.64,26.63,478,900,-7725,1239
573,CARR,2020-07-16,0 days 15:59:16.697168,229908,26.64,26.63,900,416,652,-7725
574,CARR,2020-07-16,0 days 15:59:19.704448,230560,26.64,26.63,1400,612,-5604,652
575,CARR,2020-07-16,0 days 15:59:26.722319,233964,26.63,26.62,1197,1300,1396,-304
576,CARR,2020-07-16,0 days 15:59:28.726095,235460,26.63,26.62,1397,100,-5678,22
577,CARR,2020-07-16,0 days 15:59:29.728408,235038,26.63,26.61,1449,2199,322,-5678
578,CARR,2020-07-16,0 days 15:59:31.734211,235460,26.63,26.61,1985,2100,-3850,322
579,CAT,2020-07-16,0 days 15:56:51.347027,171564,138.58,138.55,400,100,348,-1652
580,CAT,2020-07-16,0 days 15:56:52.349324,169212,138.58,138.54,400,212,-2352,348
581,CAT,2020-07-16,0 days 15:59:06.674053,189907,138.61,138.58,200,400,7720,-2563
582,CAT,2020-07-16,0 days 15:59:07.676596,188346,138.59,138.57,400,206,-1677,7720
583,CAT,2020-07-16,0 days 15:59:18.702068,195051,138.57,138.52,200,300,342,-1013
584,CAT,2020-07-16,0 days 15:59:23.714022,191393,138.54,138.52,240,180,-1158,6942
585,CAT,2020-07-16,0 days 15:59:27.724120,192551,138.55,138.53,131,600,1105,-1158
586,CAT,2020-07-16,0 days 15:59:35.743689,191451,138.52,138.47,200,500,425,-975
587,CAT,2020-07-16,0 days 15:59:36.746231,191576,138.58,138.52,105,500,-3475,425
588,CAT,2020-07-16,0 days 15:59:37.749317,195051,138.56,138.49,600,450,225,-3475
589,CAT,2020-07-16,0 days 15:59:40.756035,201176,138.51,138.48,300,300,-130,325
590,CAT,2020-07-16,0 days 15:59:41.758499,191451,138.5,138.46,600,750,9725,-130
591,CAT,2020-07-16,0 days 15:59:50.779554,189805,138.44,138.41,200,300,-2508,892
592,CCJ,2020-07-16,0 days 15:55:01.729025,39950,11.32,11.31,9206,8022,14998,-402
593,CCJ,2020-07-16,0 days 15:55:02.730766,37148,11.32,11.31,12806,7022,-402,14998
594,CCJ,2020-07-16,0 days 15:56:45.978418,39602,11.32,11.31,6874,6032,1092,-108
595,CCJ,2020-07-16,0 days 15:57:07.030051,45694,11.32,11.31,9033,6536,-729,5071
596,CCJ,2020-07-16,0 days 15:58:47.271917,46943,11.32,11.31,10042,5774,1018,-699
597,CCJ,2020-07-16,0 days 15:58:48.274182,42961,11.32,11.31,12142,5377,-3982,1018
598,CCJ,2020-07-16,0 days 15:59:01.306214,48643,11.32,11.31,6787,6355,1118,-3982
599,CCJ,2020-07-16,0 days 15:59:02.308657,48061,11.32,11.31,5085,6355,-582,1118
600,CCJ,2020-07-16,0 days 15:59:06.319303,48643,11.32,11.31,6677,6058,383,-617
601,CCJ,2020-07-16,0 days 15:59:07.321981,48126,11.32,11.31,8477,6855,-517,383
602,CCJ,2020-07-16,0 days 15:59:11.331188,48743,11.32,11.31,9721,4656,2016,-617
603,CCJ,2020-07-16,0 days 15:59:12.334168,48359,11.32,11.31,9921,4544,-384,2016
604,CCJ,2020-07-16,0 days 15:59:36.390148,46659,11.31,11.3,10663,8846,-157,2143
605,CCK,2020-07-16,0 days 15:55:01.729380,25631,67.1,67.09,1800,794,-11160,1040
606,CCK,2020-07-16,0 days 15:55:02.731455,24591,67.1,67.09,1800,592,840,-11160
607,CCK,2020-07-16,0 days 15:59:45.414216,35067,67.12,67.07,200,200,-903,622
608,CCK,2020-07-16,0 days 15:59:46.416691,34570,67.09,67.06,424,200,705,-903
609,CCL,2020-07-16,0 days 15:59:15.718241,695794,15.82,15.81,10672,4200,2241,-26222
610,CCL,2020-07-16,0 days 15:59:19.728037,695936,15.83,15.82,5910,9394,899,-4101
611,CCL,2020-07-16,0 days 15:59:32.759513,641832,15.82,15.81,7591,12521,-55462,30996
612,CCL,2020-07-16,0 days 15:59:43.785191,697794,15.8,15.79,15794,9380,5651,-3162
613,CCL,2020-07-16,0 days 15:59:47.795248,694132,15.81,15.8,11493,3400,-4762,5251
614,CCXX,2020-07-16,0 days 15:57:15.495844,1819,11.79,11.78,500,100,-22589,111
615,CCXX,2020-07-16,0 days 15:57:16.498112,1708,11.79,11.78,500,100,111,-22589
616,CCXX,2020-07-16,0 days 15:58:32.681766,2008,11.77,11.71,100,100,211,-22589
617,CCXX,2020-07-16,0 days 15:58:35.689165,2219,11.77,11.71,100,100,-1789,211
618,CCXX,2020-07-16,0 days 15:58:53.732408,4008,11.76,11.74,100,306,23211,-1789
619,CCXX,2020-07-16,0 days 15:58:56.740213,2219,11.77,11.74,100,306,-22889,2111
620,CCXX,2020-07-16,0 days 15:59:31.825013,2008,11.79,11.68,501,1000,211,-1789
621,CCXX,2020-07-16,0 days 15:59:32.827895,2219,11.79,11.68,501,1000,-1689,211
622,CCXX,2020-07-16,0 days 15:59:33.830068,2108,11.79,11.68,501,1000,111,-1689
623,CDE,2020-07-16,0 days 15:55:00.113043,342743,5.94,5.93,14066,16446,-1296,230094
624,CDE,2020-07-16,0 days 15:59:37.783289,386736,5.93,5.92,21320,37020,24892,-3329
625,CDE,2020-07-16,0 days 15:59:38.785165,384528,5.93,5.92,20720,33920,-2208,24892
626,CDE,2020-07-16,0 days 15:59:46.805376,408536,5.93,5.92,27620,20690,3274,-17508
627,CDE,2020-07-16,0 days 15:59:47.806173,405610,5.93,5.92,27220,21390,-2926,3274
628,CF,2020-07-16,0 days 15:59:12.711364,650549,29.92,29.91,300,339,38284,-147309
629,CF,2020-07-16,0 days 15:59:15.718121,662449,29.98,29.97,300,302,29224,-6916
630,CF,2020-07-16,0 days 15:59:16.719874,646169,29.98,29.97,400,300,-12680,29224
631,CF,2020-07-16,0 days 15:59:25.742474,636468,29.97,29.96,600,300,-18581,3919
632,CF,2020-07-16,0 days 15:59:27.746522,653249,29.97,29.96,852,1094,530,-470
633,CF,2020-07-16,0 days 15:59:31.759003,662349,29.98,29.97,1335,1294,5085,-6470
634,CF,2020-07-16,0 days 15:59:32.759394,652834,29.97,29.95,1800,400,-415,5085
635,CF,2020-07-16,0 days 15:59:39.776180,655303,29.95,29.92,1000,600,1831,-2469
636,CF,2020-07-16,0 days 15:59:43.785098,652434,29.97,29.96,700,100,-2869,2631
637,CF,2020-07-16,0 days 15:59:44.787484,655603,29.97,29.95,900,400,865,-2869
638,CF,2020-07-16,0 days 15:59:45.791318,654368,29.97,29.95,500,500,-3699,865
639,CFG,2020-07-16,0 days 15:59:06.696698,272818,25.51,25.5,3397,1449,2276,-6348
640,CFG,2020-07-16,0 days 15:59:15.718403,278452,25.5,25.48,2808,3264,-3339,34
641,CGC,2020-07-16,0 days 15:55:00.862485,43750,18.15,18.14,400,800,20265,-25482
642,CGC,2020-07-16,0 days 15:55:01.863977,42315,18.15,18.14,200,1900,-1435,20265
643,CGC,2020-07-16,0 days 15:59:40.538959,50313,18.11,18.1,4931,525,-946,3754
644,CHAP,2020-07-16,0 days 15:55:46.837855,8309,0.49,0.48,33300,17800,-42455,7509
645,CHWY,2020-07-16,0 days 15:57:57.286968,88479,48.24,48.22,602,200,-465,578
646,CHWY,2020-07-16,0 days 15:57:58.288858,85644,48.24,48.22,502,206,2835,-465
647,CHWY,2020-07-16,0 days 15:59:04.450735,89611,48.2,48.18,304,400,-11723,392
648,CHWY,2020-07-16,0 days 15:59:05.453216,88676,48.2,48.18,404,400,935,-11723
649,CHWY,2020-07-16,0 days 15:59:08.460928,92011,48.19,48.15,1100,144,-36923,149
650,CHX,2020-07-16,0 days 15:55:31.154202,134666,9.16,9.15,1282,2760,-14,1986
651,CHX,2020-07-16,0 days 15:55:45.187806,132766,9.16,9.15,1449,2329,1900,-2000
652,CHX,2020-07-16,0 days 15:59:14.692590,142906,9.15,9.14,1373,797,132,-662
653,CIG,2020-07-16,0 days 15:59:11.332065,136696,2.14,2.13,257943,118067,85193,-8059
654,CIG,2020-07-16,0 days 15:59:12.335027,131289,2.14,2.13,257443,118067,-5407,85193
655,CIM,2020-07-16,0 days 15:55:00.078740,95272,9.28,9.27,13700,3510,-1099,11656
656,CIM,2020-07-16,0 days 15:55:25.139573,96371,9.28,9.27,8066,17384,1,-1099
657,CIM,2020-07-16,0 days 15:59:37.749165,149752,9.25,9.24,11952,9816,36954,-14423
658,CIT,2020-07-16,0 days 15:57:13.432529,90329,20.42,20.41,1012,500,470,-190
659,CIT,2020-07-16,0 days 15:57:14.434950,89099,20.42,20.41,1012,700,-1230,470
660,CIT,2020-07-16,0 days 15:58:42.648803,92529,20.41,20.39,1114,1245,5228,-1467
661,CIT,2020-07-16,0 days 15:58:43.650886,91443,20.41,20.4,700,400,-1086,5228
662,CIT,2020-07-16,0 days 15:59:04.703576,92552,20.38,20.37,1401,308,1030,-375
663,CIT,2020-07-16,0 days 15:59:23.748594,90174,20.41,20.39,600,900,-3039,2061
664,CIT,2020-07-16,0 days 15:59:32.770905,93213,20.38,20.36,1000,200,1496,-139
665,CIT,2020-07-16,0 days 15:59:46.805227,92728,20.4,20.39,100,751,-828,1165
666,CL,2020-07-16,0 days 15:55:44.218671,307300,75.0,74.99,800,100,1007,-20266
667,CL,2020-07-16,0 days 15:56:02.262791,278608,75.0,74.99,580,500,-20697,1776
668,CL,2020-07-16,0 days 15:56:10.282026,299379,74.96,74.95,700,600,15188,-20712
669,CL,2020-07-16,0 days 15:56:11.284744,297467,74.97,74.96,401,700,-1912,15188
670,CL,2020-07-16,0 days 15:57:10.426293,314010,74.96,74.95,400,100,399,-301
671,CL,2020-07-16,0 days 15:57:40.497998,320611,74.96,74.95,700,200,-5098,3472
672,CL,2020-07-16,0 days 15:57:41.500350,319509,74.96,74.94,1700,700,4202,-5098
673,CL,2020-07-16,0 days 15:57:48.517099,324311,74.96,74.94,1717,1000,-2298,602
674,CL,2020-07-16,0 days 15:57:49.519065,322809,74.95,74.94,700,200,1502,-2298
675,CL,2020-07-16,0 days 15:58:06.561175,326010,74.95,74.93,1494,802,-576,1699
676,CL,2020-07-16,0 days 15:58:07.563816,324286,74.95,74.94,700,578,1024,-576
677,CL,2020-07-16,0 days 15:58:38.639584,325330,74.97,74.96,200,1022,-4240,1260
678,CL,2020-07-16,0 days 15:58:39.641346,324270,74.97,74.96,200,922,1060,-4240
679,CL,2020-07-16,0 days 15:58:40.644020,325330,74.97,74.96,300,922,-941,1060
680,CL,2020-07-16,0 days 15:58:41.646200,324471,74.97,74.96,400,921,859,-941
681,CL,2020-07-16,0 days 15:59:01.695189,326754,74.98,74.97,700,900,-2390,489
682,CL,2020-07-16,0 days 15:59:02.698733,326244,74.98,74.96,1100,1100,10089,-2390
683,CL,2020-07-16,0 days 15:59:06.709759,336333,74.98,74.97,1002,400,-11027,675
684,CL,2020-07-16,0 days 15:59:11.724278,349244,74.97,74.96,1002,201,1089,-12871
685,CL,2020-07-16,0 days 15:59:18.737373,351143,74.96,74.94,1033,700,-101,199
686,CL,2020-07-16,0 days 15:59:19.739301,351044,74.96,74.95,833,300,99,-101
687,CL,2020-07-16,0 days 15:59:27.758286,351143,74.97,74.96,800,731,-863,99
688,CL,2020-07-16,0 days 15:59:28.760394,351106,74.97,74.95,1263,700,37,-863
689,CL,2020-07-16,0 days 15:59:44.799067,350547,74.96,74.94,844,798,1764,-632
690,CL,2020-07-16,0 days 15:59:45.801620,352311,74.97,74.95,418,1000,-6201,1764
691,CL,2020-07-16,0 days 15:59:51.815968,359526,74.96,74.94,544,598,1699,-823
692,CLDR,2020-07-16,0 days 15:57:07.418964,203386,11.47,11.46,2807,7328,2304,-1866
693,CLDR,2020-07-16,0 days 15:57:08.421186,201490,11.47,11.46,2807,7712,-1896,2304
694,CLDR,2020-07-16,0 days 15:58:48.663174,206130,11.49,11.48,5682,5343,4449,-2160
695,CLDR,2020-07-16,0 days 15:58:49.666003,205413,11.49,11.48,6154,4637,-717,4449
696,CLDR,2020-07-16,0 days 15:59:05.708354,206115,11.49,11.48,5441,5939,329,-1337
697,CLDR,2020-07-16,0 days 15:59:06.709818,205144,11.49,11.48,4941,5639,-971,329
698,CLDR,2020-07-16,0 days 15:59:18.737408,225160,11.49,11.48,5315,5939,16254,-3614
699,CLF,2020-07-16,0 days 15:58:08.157911,194710,5.83,5.82,95665,28762,-35956,48900
700,CLF,2020-07-16,0 days 15:58:09.161057,188666,5.83,5.82,95765,28762,6044,-35956
701,CLF,2020-07-16,0 days 15:58:20.188004,194710,5.83,5.82,55998,47286,-39856,52644
702,CLF,2020-07-16,0 days 15:58:21.189463,142066,5.83,5.82,63898,37286,52644,-39856
703,CLF,2020-07-16,0 days 15:58:57.277017,194710,5.83,5.82,70440,43491,-38343,52557
704,CLF,2020-07-16,0 days 15:58:58.278852,189753,5.83,5.82,70540,43391,4957,-38343
705,CLF,2020-07-16,0 days 15:59:15.319461,196962,5.83,5.82,53359,43556,-25269,4829
706,CLF,2020-07-16,0 days 15:59:16.321425,176231,5.83,5.82,48251,44406,20731,-25269
707,CLF,2020-07-16,0 days 15:59:20.331726,199962,5.83,5.82,48651,44306,-798,23731
708,CLF,2020-07-16,0 days 15:59:38.375640,207860,5.83,5.82,83987,67364,4394,-3398
709,CLF,2020-07-16,0 days 15:59:44.389879,212254,5.83,5.82,76723,66023,-9209,594
710,CLGX,2020-07-16,0 days 15:59:11.822603,79254,67.1,67.09,100,220,16184,-10580
711,CLGX,2020-07-16,0 days 15:59:28.870603,79488,67.11,67.09,200,100,450,-706
712,CLGX,2020-07-16,0 days 15:59:29.873154,77982,67.11,67.09,200,100,-1306,450
713,CLGX,2020-07-16,0 days 15:59:31.878204,80963,67.09,67.07,100,100,5224,-481
714,CLGX,2020-07-16,0 days 15:59:46.914496,81563,67.05,67.04,541,100,-636,1381
715,CLGX,2020-07-16,0 days 15:59:48.920204,82199,67.05,67.02,741,100,2585,-236
716,CLGX,2020-07-16,0 days 15:59:49.922335,82084,67.05,67.02,841,100,-115,2585
717,CLGX,2020-07-16,0 days 15:59:55.935841,81684,67.07,66.95,100,600,-515,3103
718,CLNY,2020-07-16,0 days 15:55:00.220569,290184,1.84,1.83,433350,54970,467296,-98020
719,CLR,2020-07-16,0 days 15:55:00.220594,90976,17.85,17.84,2095,833,427,-5630
720,CLR,2020-07-16,0 days 15:55:18.264418,96403,17.85,17.84,1653,1559,-520,356
721,CLR,2020-07-16,0 days 15:57:46.619287,102015,17.82,17.81,428,1786,-460,240
722,CLR,2020-07-16,0 days 15:58:12.683580,102597,17.82,17.81,2201,1250,620,-480
723,CLR,2020-07-16,0 days 15:58:13.687173,102117,17.82,17.81,2081,1450,-480,620
724,CLR,2020-07-16,0 days 15:58:32.732244,102597,17.83,17.82,1110,1072,220,-680
725,CLR,2020-07-16,0 days 15:58:33.734651,101317,17.83,17.82,910,941,-1280,220
726,CLR,2020-07-16,0 days 15:59:03.808095,106273,17.81,17.8,300,2720,247,-153
727,CLR,2020-07-16,0 days 15:59:04.811166,103423,17.83,17.82,1869,100,-2957,247
728,CLR,2020-07-16,0 days 15:59:09.818710,123680,17.84,17.83,718,1100,1428,-2972
729,CLR,2020-07-16,0 days 15:59:32.879678,132809,17.83,17.82,1139,628,2632,-291
730,CLR,2020-07-16,0 days 15:59:48.920151,140138,17.81,17.8,900,809,-248,661
731,CLR,2020-07-16,0 days 15:59:49.922275,137986,17.81,17.8,1510,184,2152,-248
732,CLR,2020-07-16,0 days 15:59:56.939309,135441,17.85,17.82,1300,1625,-545,1055
733,CNC,2020-07-16,0 days 15:59:08.701050,137916,66.16,66.14,1053,400,-291,29509
734,CNC,2020-07-16,0 days 15:59:11.710906,138207,66.15,66.13,300,700,2238,-291
735,CNC,2020-07-16,0 days 15:59:31.759030,142045,66.09,66.07,300,200,-899,1374
736,CNC,2020-07-16,0 days 15:59:39.776180,142845,66.06,66.03,100,400,-99,201
737,CNC,2020-07-16,0 days 15:59:40.778436,142944,66.01,66.0,200,100,3501,-99
738,CNC,2020-07-16,0 days 15:59:48.798259,153462,66.01,66.0,100,200,1858,-1717
739,CNK,2020-07-16,0 days 15:57:36.546716,153173,13.74,13.73,2400,1961,-1846,44
740,CNK,2020-07-16,0 days 15:57:37.549566,152219,13.75,13.74,1500,400,864,-1846
741,CNK,2020-07-16,0 days 15:58:51.727641,156063,13.72,13.71,3086,1638,-401,3594
742,CNK,2020-07-16,0 days 15:58:52.730225,154664,13.72,13.71,3386,1338,1399,-401
743,CNK,2020-07-16,0 days 15:59:35.834553,160481,13.73,13.72,2324,1300,-804,977
744,CNP,2020-07-16,0 days 15:55:04.734992,337211,19.31,19.3,11370,7582,1004,-5923
745,CNP,2020-07-16,0 days 15:55:05.737829,325975,19.31,19.3,11770,7203,-10936,1004
746,CNP,2020-07-16,0 days 15:59:05.316102,352870,19.33,19.32,9912,5287,3226,-3099
747,CNP,2020-07-16,0 days 15:59:06.318643,350996,19.33,19.32,8102,8053,-1874,3226
748,CNP,2020-07-16,0 days 15:59:14.338108,349489,19.33,19.32,12351,5079,-3381,6219
749,CNP,2020-07-16,0 days 15:59:18.345620,352870,19.32,19.31,17632,4900,1731,-881
750,CNP,2020-07-16,0 days 15:59:19.347958,349901,19.32,19.31,18432,3000,-1169,1731
751,CNP,2020-07-16,0 days 15:59:40.400976,358226,19.3,19.29,19839,500,16235,-3265
752,CNP,2020-07-16,0 days 15:59:49.421447,356682,19.28,19.27,11670,13500,-1606,9594
753,CNQ,2020-07-16,0 days 15:59:35.853584,78754,17.58,17.57,1790,16855,-2336,1464
754,CNX,2020-07-16,0 days 15:57:34.074858,191291,8.7,8.69,4009,4212,6327,-173
755,CNX,2020-07-16,0 days 15:57:35.077444,189718,8.7,8.69,3909,5232,-1573,6327
756,CNX,2020-07-16,0 days 15:59:00.286915,187468,8.71,8.7,3028,2456,-1125,1475
757,COF,2020-07-16,0 days 15:55:00.703894,101815,63.44,63.42,100,200,-191,16778
758,COF,2020-07-16,0 days 15:55:26.767819,104906,63.46,63.43,100,843,1809,-2591
759,COF,2020-07-16,0 days 15:55:27.770100,104515,63.46,63.43,100,843,-391,1809
760,COF,2020-07-16,0 days 15:56:10.873833,105936,63.44,63.43,100,400,228,-72
761,COF,2020-07-16,0 days 15:56:11.876067,105611,63.44,63.43,400,400,-325,228
762,COF,2020-07-16,0 days 15:57:16.031946,111973,63.44,63.41,209,301,3488,-512
763,COF,2020-07-16,0 days 15:57:17.033626,111161,63.45,63.43,209,400,-812,3488
764,COF,2020-07-16,0 days 15:57:47.106103,112158,63.44,63.42,200,400,603,-997
765,COF,2020-07-16,0 days 15:57:48.108377,112061,63.43,63.42,165,510,-97,603
766,COF,2020-07-16,0 days 15:57:51.116271,112158,63.42,63.4,300,214,503,-397
767,COF,2020-07-16,0 days 15:57:52.118487,111361,63.42,63.4,500,314,-797,503
768,COF,2020-07-16,0 days 15:57:57.130259,112158,63.4,63.38,558,600,303,-297
769,COF,2020-07-16,0 days 15:57:58.132853,111561,63.4,63.38,661,500,-597,303
770,COF,2020-07-16,0 days 15:58:05.150866,112158,63.4,63.37,503,401,103,-297
771,COF,2020-07-16,0 days 15:58:06.153041,111561,63.4,63.37,503,401,-597,103
772,COF,2020-07-16,0 days 15:58:08.157789,112158,63.4,63.37,521,697,833,-67
773,COF,2020-07-16,0 days 15:58:09.160896,111891,63.4,63.37,821,596,-357,833
774,COF,2020-07-16,0 days 15:58:12.167345,112248,63.4,63.37,1021,201,343,-357
775,COF,2020-07-16,0 days 15:58:16.177000,111891,63.39,63.38,321,295,-357,643
776,COF,2020-07-16,0 days 15:58:17.179284,112248,63.39,63.37,624,396,643,-357
777,COF,2020-07-16,0 days 15:58:19.184667,111891,63.42,63.39,400,200,-357,643
778,COF,2020-07-16,0 days 15:58:27.203781,112248,63.41,63.4,200,100,1243,-357
779,COF,2020-07-16,0 days 15:58:28.206497,111891,63.42,63.41,200,200,-357,1243
780,COF,2020-07-16,0 days 15:58:58.278750,113451,63.4,63.38,848,501,568,-232
781,COF,2020-07-16,0 days 15:58:59.281829,113119,63.4,63.38,648,400,-332,568
782,COF,2020-07-16,0 days 15:59:20.331509,117125,63.36,63.33,400,400,-210,546
783,COF,2020-07-16,0 days 15:59:32.361446,117525,63.34,63.32,200,121,4095,-300
784,COG,2020-07-16,0 days 15:55:39.316045,271688,17.71,17.7,4360,5752,3846,-6918
785,COG,2020-07-16,0 days 15:55:40.317794,266634,17.72,17.71,3200,4713,-5054,3846
786,COG,2020-07-16,0 days 15:56:48.480493,288597,17.7,17.69,3234,2616,4725,-5970
787,COG,2020-07-16,0 days 15:56:49.482933,281722,17.7,17.69,2337,3716,-6875,4725
788,COG,2020-07-16,0 days 15:58:15.691311,290838,17.69,17.68,772,4473,1125,-5775
789,COG,2020-07-16,0 days 15:58:16.694304,283763,17.69,17.68,772,4766,-7075,1125
790,COG,2020-07-16,0 days 15:58:30.728009,290838,17.7,17.69,6382,3492,4076,-2824
791,COG,2020-07-16,0 days 15:58:31.730097,275614,17.7,17.69,4382,3792,-15224,4076
792,COG,2020-07-16,0 days 15:58:40.751726,290838,17.7,17.69,4882,4492,2452,-6024
793,COG,2020-07-16,0 days 15:58:41.754258,285590,17.7,17.69,5682,3788,-5248,2452
794,COG,2020-07-16,0 days 15:59:01.803875,295928,17.7,17.69,400,4633,1096,-1435
795,COG,2020-07-16,0 days 15:59:05.816024,292742,17.7,17.69,1035,4904,-3447,306
796,COG,2020-07-16,0 days 15:59:20.842268,296680,17.7,17.69,1300,5929,899,-1724
797,COG,2020-07-16,0 days 15:59:21.844971,295879,17.7,17.69,1000,5829,-801,899
798,COG,2020-07-16,0 days 15:59:27.866931,296680,17.7,17.69,800,5268,1853,-601
799,COG,2020-07-16,0 days 15:59:28.870634,296133,17.7,17.69,700,5368,-547,1853
800,COG,2020-07-16,0 days 15:59:30.877465,296680,17.7,17.69,1000,5719,13309,-547
801,COP,2020-07-16,0 days 15:59:31.825044,421153,41.64,41.63,800,917,335,-626
802,COP,2020-07-16,0 days 15:59:43.853578,413519,41.62,41.6,1385,1200,-734,5166
803,COP,2020-07-16,0 days 15:59:44.857179,414253,41.61,41.6,1000,799,892,-734
804,COP,2020-07-16,0 days 15:59:50.872590,395203,41.61,41.6,200,2112,-19722,578
805,COTY,2020-07-16,0 days 15:57:03.375677,177834,4.3,4.29,20293,66342,-4828,3417
806,COTY,2020-07-16,0 days 15:59:30.731360,196495,4.3,4.29,20171,56561,-15409,4521
807,COTY,2020-07-16,0 days 15:59:31.733972,169251,4.3,4.29,20971,84996,23144,-15409
808,COTY,2020-07-16,0 days 15:59:44.764846,196495,4.3,4.29,18653,82806,-149,2041
809,CPA,2020-07-16,0 days 15:59:06.319513,28187,48.79,48.77,100,100,2044,-569
810,CPA,2020-07-16,0 days 15:59:07.322520,27431,48.79,48.75,400,456,-756,2044
811,CPRI,2020-07-16,0 days 15:59:02.288415,144922,17.07,17.06,5863,1046,684,-4489
812,CPRI,2020-07-16,0 days 15:59:15.318718,147652,17.06,17.05,700,2999,58694,-3779
813,CS,2020-07-16,0 days 15:59:18.702068,77211,10.67,10.66,98235,42951,-13077,1936
814,CS,2020-07-16,0 days 15:59:19.704405,73988,10.67,10.66,97635,46551,3223,-13077
815,CTL,2020-07-16,0 days 15:58:00.538414,542284,9.94,9.93,33916,22210,469,-11800
816,CTL,2020-07-16,0 days 15:59:01.684167,550368,9.94,9.93,30250,28070,-2827,7584
817,CTL,2020-07-16,0 days 15:59:03.689525,553195,9.94,9.93,28950,27500,4364,-2827
818,CTL,2020-07-16,0 days 15:59:06.696698,587959,9.94,9.93,24386,31115,-3390,4364
819,CTL,2020-07-16,0 days 15:59:15.718329,603435,9.94,9.93,24386,29925,2306,-1321
820,CTL,2020-07-16,0 days 15:59:28.749107,600041,9.94,9.93,22909,30389,-3139,1361
821,CTL,2020-07-16,0 days 15:59:40.778551,631292,9.94,9.93,64761,5644,14949,-5251
822,CTL,2020-07-16,0 days 15:59:41.782009,625015,9.94,9.93,65058,8583,-6277,14949
823,CTL,2020-07-16,0 days 15:59:46.795008,628711,9.94,9.93,58558,11728,-8724,16719
824,CTVA,2020-07-16,0 days 15:55:55.838008,205237,27.95,27.94,2765,1641,-960,3640
825,CTVA,2020-07-16,0 days 15:55:56.840146,203997,27.95,27.94,2765,1496,1240,-960
826,CTVA,2020-07-16,0 days 15:57:08.012703,206211,27.94,27.93,1947,2200,-562,1318
827,CTVA,2020-07-16,0 days 15:57:09.014324,205873,27.94,27.93,2019,1700,338,-562
828,CTVA,2020-07-16,0 days 15:58:57.277000,209597,27.92,27.91,500,1200,3594,-786
829,CTVA,2020-07-16,0 days 15:58:58.278832,206491,27.92,27.91,900,1100,-2416,3594
830,CTVA,2020-07-16,0 days 15:59:14.318550,210279,27.92,27.91,1741,500,-216,684
831,CTVA,2020-07-16,0 days 15:59:19.328449,210495,27.91,27.9,420,1300,14295,-216
832,CUK,2020-07-16,0 days 15:55:00.079974,28811,13.14,13.13,200,2225,-672,17499
833,CUK,2020-07-16,0 days 15:55:01.081537,27783,13.14,13.13,1700,2225,1028,-672
834,CUK,2020-07-16,0 days 15:55:46.190228,28811,13.13,13.12,400,2362,-48,28
835,CUK,2020-07-16,0 days 15:56:46.334587,27259,13.11,13.1,1233,1904,1552,-48
836,CUK,2020-07-16,0 days 15:57:13.398855,30756,13.1,13.09,2000,1698,-803,552
837,CUK,2020-07-16,0 days 15:57:14.401313,29859,13.1,13.09,1900,1698,897,-803
838,CUK,2020-07-16,0 days 15:58:47.627241,30756,13.12,13.11,422,2200,-2764,811
839,CUK,2020-07-16,0 days 15:58:48.629615,29879,13.12,13.1,422,400,99,-2764
840,CUK,2020-07-16,0 days 15:59:12.687793,32230,13.11,13.1,500,800,-1914,316
841,CUK,2020-07-16,0 days 15:59:13.690316,32044,13.11,13.1,500,600,86,-1914
842,CVS,2020-07-16,0 days 15:55:26.170724,253772,65.04,65.03,1315,400,-983,2200
843,CVS,2020-07-16,0 days 15:55:27.174955,252587,65.05,65.04,1000,1575,1185,-983
844,CVS,2020-07-16,0 days 15:55:36.195003,252772,65.09,65.08,1875,200,-4298,185
845,CVS,2020-07-16,0 days 15:55:37.197733,251970,65.08,65.07,2204,875,802,-4298
846,CVS,2020-07-16,0 days 15:55:44.213688,252822,65.08,65.07,2877,300,-1545,832
847,CVS,2020-07-16,0 days 15:55:45.216481,252267,65.07,65.06,1875,960,555,-1545
848,CVS,2020-07-16,0 days 15:56:03.261102,255130,65.02,65.01,1000,876,-1051,913
849,CVS,2020-07-16,0 days 15:56:04.262650,254481,65.02,65.01,2404,275,649,-1051
850,CVS,2020-07-16,0 days 15:56:21.303414,255130,65.02,65.01,1798,606,-3411,1072
851,CVS,2020-07-16,0 days 15:56:22.305680,254541,65.02,65.0,1998,2279,589,-3411
852,CVS,2020-07-16,0 days 15:57:07.414704,255430,65.01,65.0,1903,119,-12493,889
853,CVS,2020-07-16,0 days 15:57:35.473147,266381,65.02,65.0,1350,1175,310,-990
854,CVS,2020-07-16,0 days 15:57:37.478296,265991,65.01,65.0,676,371,-1743,1910
855,CVS,2020-07-16,0 days 15:57:39.483745,267736,65.01,65.0,1075,100,955,-545
856,CVS,2020-07-16,0 days 15:57:40.486040,267691,65.01,64.99,975,1488,-45,955
857,CVS,2020-07-16,0 days 15:57:43.493169,268836,65.0,64.99,1180,1202,155,-145
858,CVS,2020-07-16,0 days 15:57:44.495462,270291,64.99,64.98,100,1175,-1145,155
859,CVS,2020-07-16,0 days 15:57:45.497895,270036,65.0,64.99,1317,600,255,-1145
860,CVS,2020-07-16,0 days 15:57:46.500381,271591,65.0,64.98,1717,1175,-445,255
861,CVS,2020-07-16,0 days 15:57:47.502743,271136,64.99,64.98,100,975,455,-445
862,CVS,2020-07-16,0 days 15:57:50.510248,274191,64.99,64.98,1285,375,-145,455
863,CVS,2020-07-16,0 days 15:57:51.512572,273536,64.98,64.97,200,1275,655,-145
864,CVS,2020-07-16,0 days 15:57:53.517918,274191,64.98,64.97,1275,100,-345,655
865,CVS,2020-07-16,0 days 15:57:54.520392,273536,64.98,64.97,975,276,655,-345
866,CVS,2020-07-16,0 days 15:58:04.545936,274345,64.98,64.97,517,750,-291,806
867,CVS,2020-07-16,0 days 15:58:05.547732,273636,64.98,64.97,617,375,801,-291
868,CVS,2020-07-16,0 days 15:58:08.555898,274437,64.99,64.98,542,1734,-1049,651
869,CVS,2020-07-16,0 days 15:58:09.557467,273786,64.99,64.98,1317,1030,651,-1049
870,CVS,2020-07-16,0 days 15:58:28.604682,273241,65.02,65.01,240,1300,-645,3251
871,CVS,2020-07-16,0 days 15:58:29.605864,272786,65.02,65.01,415,1400,455,-645
872,CVS,2020-07-16,0 days 15:59:00.683153,274671,65.01,64.99,1237,1248,-517,180
873,CVS,2020-07-16,0 days 15:59:13.713849,277044,64.99,64.98,300,775,703,-597
874,CVS,2020-07-16,0 days 15:59:14.715952,276547,64.99,64.97,1288,775,-497,703
875,CVS,2020-07-16,0 days 15:59:31.759003,315693,64.98,64.96,600,1375,4777,-1333
876,CVS,2020-07-16,0 days 15:59:32.759394,305970,64.97,64.96,475,100,-10023,4777
877,CVS,2020-07-16,0 days 15:59:39.776180,315712,64.92,64.91,875,200,2958,-1072
878,CVS,2020-07-16,0 days 15:59:41.781837,313770,64.92,64.9,475,775,-1960,65358
879,CVS,2020-07-16,0 days 15:59:42.782661,315730,64.93,64.91,872,775,6532,-1960
880,CVS,2020-07-16,0 days 15:59:43.785098,314262,64.92,64.91,200,685,-1468,6532
881,CVS,2020-07-16,0 days 15:59:45.791318,315730,64.92,64.91,100,834,1711,-968
882,CVS,2020-07-16,0 days 15:59:46.794772,314041,64.93,64.92,236,628,-1689,1711
883,CVX,2020-07-16,0 days 15:55:18.122546,567288,88.3,88.27,500,500,10184,-2489
884,CVX,2020-07-16,0 days 15:56:20.272010,584201,88.39,88.36,300,200,-1547,4543
885,CVX,2020-07-16,0 days 15:56:21.274371,582208,88.38,88.36,100,400,1993,-1547
886,CVX,2020-07-16,0 days 15:57:11.396542,585496,88.35,88.32,779,500,-21592,2806
887,CVX,2020-07-16,0 days 15:57:31.443318,586487,88.28,88.26,1244,500,609,-198
888,CVX,2020-07-16,0 days 15:58:00.513887,598257,88.26,88.25,100,400,-1490,4310
889,CVX,2020-07-16,0 days 15:58:02.518640,597153,88.26,88.24,200,200,1104,-1790
890,CVX,2020-07-16,0 days 15:58:04.523838,598257,88.28,88.25,906,400,-10196,1104
891,CVX,2020-07-16,0 days 15:58:06.528055,597358,88.26,88.24,212,501,899,-1290
892,CVX,2020-07-16,0 days 15:58:30.586380,587263,88.35,88.34,259,300,1994,-3751
893,CVX,2020-07-16,0 days 15:58:37.603083,583218,88.36,88.34,1041,400,-3927,1294
894,CVX,2020-07-16,0 days 15:59:11.686298,593089,88.35,88.33,200,700,1930,-2020
895,CVX,2020-07-16,0 days 15:59:34.740873,637781,88.37,88.36,904,100,-4763,382
896,CVX,2020-07-16,0 days 15:59:38.750611,612798,88.32,88.31,500,102,28228,-7232
897,CVX,2020-07-16,0 days 15:59:39.753437,641026,88.34,88.32,100,400,-3772,28228
898,CVX,2020-07-16,0 days 15:59:51.781311,639250,88.38,88.35,400,487,-23728,15994
899,CVX,2020-07-16,0 days 15:59:52.784111,626119,88.37,88.35,122,300,15876,-23728
900,CVX,2020-07-16,0 days 15:59:56.792837,639250,88.39,88.36,800,650,-23728,16094
901,CWH,2020-07-16,0 days 15:55:43.182749,49753,35.46,35.43,325,100,455,-692
902,CWH,2020-07-16,0 days 15:55:44.186329,47708,35.46,35.42,325,200,-2045,455
903,CWH,2020-07-16,0 days 15:57:08.387868,50034,35.44,35.42,225,325,1099,-157
904,CWH,2020-07-16,0 days 15:57:09.390905,48647,35.45,35.42,500,325,-1387,1099
905,CWH,2020-07-16,0 days 15:59:06.673791,50509,35.44,35.4,525,100,665,-635
906,CWH,2020-07-16,0 days 15:59:08.678695,49588,35.44,35.41,410,100,-921,1379
907,CWH,2020-07-16,0 days 15:59:37.749126,50509,35.44,35.38,205,100,2725,-57
908,CWH,2020-07-16,0 days 15:59:38.750437,47834,35.44,35.37,105,225,-2675,2725
909,CWH,2020-07-16,0 days 15:59:50.779032,48755,35.38,35.34,200,400,-1754,146
910,CX,2020-07-16,0 days 15:59:45.877319,138481,2.91,2.9,115532,291618,913,-1039
911,CX,2020-07-16,0 days 15:59:47.881732,122994,2.91,2.9,181832,276618,-2739,13661
912,CXO,2020-07-16,0 days 15:55:00.220739,118675,51.44,51.4,751,601,-13842,5819
913,CXO,2020-07-16,0 days 15:59:22.847387,138184,51.4,51.36,532,194,-2241,769
914,CXO,2020-07-16,0 days 15:59:39.897191,138599,51.32,51.29,100,200,-1626,8574
915,CXO,2020-07-16,0 days 15:59:46.914526,150925,51.38,51.35,917,300,3511,-15526
916,CXO,2020-07-16,0 days 15:59:47.915456,150736,51.38,51.35,917,300,-189,3511
917,CXO,2020-07-16,0 days 15:59:56.939426,135936,51.33,51.3,1965,300,-4289,710
918,CYH,2020-07-16,0 days 15:57:09.391057,47251,3.64,3.63,9289,17309,-20,2
919,CYH,2020-07-16,0 days 15:59:36.746231,55730,3.65,3.64,22952,15125,163,-365
920,CYH,2020-07-16,0 days 15:59:38.750585,55393,3.65,3.64,23589,11000,-237,3063
921,D,2020-07-16,0 days 15:59:15.319278,398929,77.01,77.0,200,400,9399,-28773
922,D,2020-07-16,0 days 15:59:16.321221,391328,77.03,77.0,900,300,-7727,9399
923,D,2020-07-16,0 days 15:59:19.328290,400933,77.03,77.01,200,300,17221,-4605
924,D,2020-07-16,0 days 15:59:20.331543,395154,77.03,77.02,100,600,-5779,17221
925,D,2020-07-16,0 days 15:59:31.358143,399133,77.0,76.97,600,1000,223,-2477
926,D,2020-07-16,0 days 15:59:32.361470,394356,77.0,76.99,300,100,-4777,223
927,D,2020-07-16,0 days 15:59:40.381950,399133,76.97,76.95,300,253,835,-174
928,D,2020-07-16,0 days 15:59:42.384677,390068,76.97,76.93,198,500,-9065,8362
929,D,2020-07-16,0 days 15:59:45.393096,399133,76.97,76.95,400,300,2197,-849
930,D,2020-07-16,0 days 15:59:47.396922,390730,76.97,76.95,200,600,-2278,8322
931,DAL,2020-07-16,0 days 15:59:04.694148,651494,27.28,27.27,11999,3591,47472,-3614
932,DAL,2020-07-16,0 days 15:59:14.716122,675770,27.29,27.28,4310,9137,3996,-14004
933,DAL,2020-07-16,0 days 15:59:25.742554,670629,27.29,27.28,1390,12541,-7109,7991
934,DAL,2020-07-16,0 days 15:59:26.745240,677738,27.29,27.28,1949,12156,4291,-7109
935,DAL,2020-07-16,0 days 15:59:40.778502,626738,27.27,27.26,5792,13656,-42143,13724
936,DAL,2020-07-16,0 days 15:59:42.782840,684857,27.28,27.27,13269,951,1848,-167
937,DAL,2020-07-16,0 days 15:59:50.804869,637052,27.27,27.26,9090,6330,-44906,14494
938,DB,2020-07-16,0 days 15:55:00.106770,38993,10.02,10.01,23876,80045,3470,-1383
939,DB,2020-07-16,0 days 15:56:08.271998,43315,10.02,10.01,115562,65843,-985,1054
940,DB,2020-07-16,0 days 15:59:13.714064,154286,10.03,10.02,45400,150404,6248,-4452
941,DB,2020-07-16,0 days 15:59:27.746626,161031,10.03,10.02,47793,139804,-5382,6745
942,DB,2020-07-16,0 days 15:59:28.749117,155613,10.03,10.02,47493,139804,5418,-5382
943,DB,2020-07-16,0 days 15:59:42.782857,161131,10.03,10.02,27700,146293,-4084,5518
944,DB,2020-07-16,0 days 15:59:43.785204,157915,10.03,10.02,27700,148777,3216,-4084
945,DB,2020-07-16,0 days 15:59:45.791551,161131,10.03,10.02,27400,143309,-6079,3216
946,DB,2020-07-16,0 days 15:59:46.795030,158410,10.03,10.02,23200,145409,4814,-6079
947,DB,2020-07-16,0 days 15:59:47.795292,163224,10.03,10.02,22400,145409,-4788,4814
948,DBI,2020-07-16,0 days 15:55:00.862440,109547,6.59,6.58,2100,5799,41394,-56542
949,DBI,2020-07-16,0 days 15:55:01.863916,104441,6.59,6.58,1300,6499,-5106,41394
950,DBI,2020-07-16,0 days 15:59:01.442803,118214,6.59,6.58,1676,5356,396,-21
951,DBI,2020-07-16,0 days 15:59:26.505073,114795,6.59,6.58,592,5334,-3419,1381
952,DCP,2020-07-16,0 days 15:56:44.329758,44391,11.47,11.46,300,762,-1684,1916
953,DCP,2020-07-16,0 days 15:59:24.716018,45091,11.47,11.46,801,2200,-245,1555
954,DCP,2020-07-16,0 days 15:59:53.785549,41536,11.44,11.4,1589,2300,1055,-2745
955,DCP,2020-07-16,0 days 15:59:59.801534,42591,11.43,11.34,900,1600,-2745,1055
956,DD,2020-07-16,0 days 15:58:40.644111,160146,54.77,54.75,500,1100,-663,1859
957,DD,2020-07-16,0 days 15:58:41.646314,158509,54.75,54.74,300,321,1637,-663
958,DD,2020-07-16,0 days 15:58:48.663259,159929,54.78,54.77,100,1005,-1377,1420
959,DD,2020-07-16,0 days 15:58:49.666103,158521,54.76,54.75,800,100,1408,-1377
960,DD,2020-07-16,0 days 15:59:01.695404,160136,54.78,54.77,300,300,-1245,1381
961,DD,2020-07-16,0 days 15:59:06.710076,160002,54.79,54.77,839,800,134,-645
962,DD,2020-07-16,0 days 15:59:07.711256,160398,54.77,54.76,1000,217,-1428,134
963,DD,2020-07-16,0 days 15:59:08.712936,160526,54.73,54.72,1400,200,51,-1428
964,DD,2020-07-16,0 days 15:59:18.737614,165214,54.73,54.72,100,500,-4687,5288
965,DD,2020-07-16,0 days 15:59:19.739562,165001,54.74,54.73,344,400,213,-4687
966,DD,2020-07-16,0 days 15:59:31.768866,162501,54.77,54.75,100,200,2696,-101
967,DFS,2020-07-16,0 days 15:57:07.385619,132517,50.34,50.32,500,299,-2976,1026
968,DFS,2020-07-16,0 days 15:57:08.387948,129993,50.32,50.31,300,300,2524,-2976
969,DFS,2020-07-16,0 days 15:57:40.464230,132517,50.34,50.32,1238,338,-5296,1182
970,DFS,2020-07-16,0 days 15:57:41.466987,129913,50.34,50.32,1238,338,2604,-5296
971,DFS,2020-07-16,0 days 15:59:19.704288,136911,50.28,50.26,300,399,-264,1154
972,DFS,2020-07-16,0 days 15:59:34.740768,136911,50.25,50.23,600,200,-1464,2136
973,DFS,2020-07-16,0 days 15:59:35.743601,136575,50.23,50.22,100,100,336,-1464
974,DFS,2020-07-16,0 days 15:59:40.755993,152484,50.21,50.19,200,300,-7391,16509
975,DFS,2020-07-16,0 days 15:59:41.758430,151778,50.23,50.2,1000,500,706,-7391
976,DFS,2020-07-16,0 days 15:59:48.774124,136847,50.24,50.22,100,100,15737,-17103
977,DFS,2020-07-16,0 days 15:59:49.775936,138244,50.24,50.22,100,460,-15170,15737
978,DFS,2020-07-16,0 days 15:59:50.779232,136581,50.23,50.2,100,1535,363,-15170
979,DHI,2020-07-16,0 days 15:55:22.274314,176786,62.39,62.38,313,900,-149,251
980,DHI,2020-07-16,0 days 15:55:23.276062,176935,62.39,62.38,500,502,751,-149
981,DHI,2020-07-16,0 days 15:55:24.278609,176786,62.39,62.38,300,502,-149,751
982,DHI,2020-07-16,0 days 15:55:37.311223,177049,62.43,62.42,404,602,62,-63
983,DHI,2020-07-16,0 days 15:55:45.329057,177711,62.45,62.44,445,456,-343,43
984,DHI,2020-07-16,0 days 15:56:11.390119,178054,62.41,62.4,302,300,24287,-113
985,DHI,2020-07-16,0 days 15:56:12.394174,202341,62.41,62.39,500,502,-17613,24287
986,DHI,2020-07-16,0 days 15:56:13.395701,200054,62.4,62.38,360,400,2287,-17613
987,DHI,2020-07-16,0 days 15:56:35.446590,202341,62.43,62.42,200,300,-1793,2507
988,DHI,2020-07-16,0 days 15:56:36.450170,200134,62.43,62.42,202,500,2207,-1793
989,DHI,2020-07-16,0 days 15:57:07.526125,202590,62.46,62.45,801,200,-2167,2156
990,DHI,2020-07-16,0 days 15:57:08.529872,200757,62.47,62.45,750,588,1833,-2167
991,DHI,2020-07-16,0 days 15:57:12.539260,201028,62.5,62.48,1618,400,1562,-1438
992,DHI,2020-07-16,0 days 15:57:34.591005,206128,62.51,62.49,500,400,1662,-738
993,DHI,2020-07-16,0 days 15:57:35.593481,205790,62.54,62.52,601,400,-3338,1662
994,DHI,2020-07-16,0 days 15:58:00.655751,218466,62.52,62.51,1400,400,2424,-1876
995,DHI,2020-07-16,0 days 15:58:01.657124,217090,62.54,62.53,293,300,-3176,2424
996,DHI,2020-07-16,0 days 15:58:08.673542,222833,62.51,62.49,660,200,1905,-2090
997,DHI,2020-07-16,0 days 15:58:09.675331,221038,62.51,62.49,600,500,-1795,1905
998,DHI,2020-07-16,0 days 15:58:30.727684,218333,62.49,62.48,500,500,3005,-3995
999,DHI,2020-07-16,0 days 15:58:31.728620,213838,62.5,62.49,1500,400,-4495,3005
1000,DHI,2020-07-16,0 days 15:58:36.741918,222633,62.49,62.48,1657,600,2005,-4895
1001,DHI,2020-07-16,0 days 15:58:37.743591,221338,62.5,62.49,500,300,-1295,2005
1002,DHI,2020-07-16,0 days 15:58:47.765684,222933,62.52,62.51,500,215,1449,-1095
1003,DHI,2020-07-16,0 days 15:58:48.770986,219582,62.53,62.51,511,400,-3351,1449
1004,DHI,2020-07-16,0 days 15:58:58.794511,223675,62.55,62.54,200,900,-1272,828
1005,DHI,2020-07-16,0 days 15:59:01.803680,223443,62.55,62.54,1107,200,232,-1272
1006,DHI,2020-07-16,0 days 15:59:02.805611,223675,62.55,62.54,258,306,-202,232
1007,DHI,2020-07-16,0 days 15:59:05.815796,225366,62.57,62.56,100,300,8170,-791
1008,DHI,2020-07-16,0 days 15:59:40.899545,264889,62.54,62.52,600,400,-122,8878
1009,DHI,2020-07-16,0 days 15:59:43.905687,266321,62.53,62.52,600,500,2068,-732
1010,DHI,2020-07-16,0 days 15:59:44.909213,266089,62.54,62.53,701,200,-1332,2068
1011,DHI,2020-07-16,0 days 15:59:47.915090,266089,62.54,62.53,600,600,-388,451
1012,DHR,2020-07-16,0 days 15:57:54.123213,148832,188.72,188.68,300,200,1910,-1390
1013,DHR,2020-07-16,0 days 15:58:05.150854,151442,188.66,188.61,401,101,-270,2610
1014,DHR,2020-07-16,0 days 15:58:06.153041,151112,188.63,188.61,100,301,330,-270
1015,DHR,2020-07-16,0 days 15:58:09.160876,151442,188.63,188.59,210,100,-574,330
1016,DHR,2020-07-16,0 days 15:58:10.163055,149816,188.63,188.59,387,100,1626,-574
1017,DHR,2020-07-16,0 days 15:59:07.302360,148139,188.81,188.78,300,400,-1757,243
1018,DHR,2020-07-16,0 days 15:59:35.368192,152950,188.78,188.71,780,100,970,-230
1019,DHR,2020-07-16,0 days 15:59:43.387926,154859,188.76,188.63,1000,200,29959,-1439
1020,DIS,2020-07-16,0 days 15:55:00.106310,678146,119.54,119.52,160,822,-1790,7544
1021,DIS,2020-07-16,0 days 15:55:01.108728,675936,119.55,119.52,706,1034,2210,-1790
1022,DIS,2020-07-16,0 days 15:56:16.290607,684657,119.62,119.6,380,300,-853,3564
1023,DIS,2020-07-16,0 days 15:56:17.293210,682610,119.6,119.58,280,309,2047,-853
1024,DIS,2020-07-16,0 days 15:57:11.424538,687307,119.49,119.45,600,635,-1499,2706
1025,DIS,2020-07-16,0 days 15:57:35.473259,688823,119.5,119.47,400,931,2028,-1372
1026,DIS,2020-07-16,0 days 15:57:46.500457,694066,119.47,119.45,300,326,-4157,443
1027,DIS,2020-07-16,0 days 15:58:01.538605,685482,119.49,119.47,905,915,6873,-1568
1028,DIS,2020-07-16,0 days 15:58:15.573394,692355,119.48,119.46,600,200,-512,2088
1029,DIS,2020-07-16,0 days 15:58:16.575750,691767,119.46,119.45,600,409,1399,-512
1030,DIS,2020-07-16,0 days 15:58:32.613881,692325,119.5,119.47,600,800,-42,258
1031,DIS,2020-07-16,0 days 15:58:33.616837,691867,119.47,119.46,300,100,1358,-42
1032,DIS,2020-07-16,0 days 15:58:37.625671,693225,119.49,119.47,400,300,-1042,3192
1033,DIS,2020-07-16,0 days 15:58:38.628083,692667,119.49,119.47,400,300,558,-1042
1034,DIS,2020-07-16,0 days 15:58:39.630084,692325,119.48,119.46,600,400,-542,558
1035,DIS,2020-07-16,0 days 15:58:40.632706,691867,119.48,119.45,900,200,2516,-542
1036,DIS,2020-07-16,0 days 15:58:47.649882,694472,119.49,119.47,107,800,-1769,805
1037,DIS,2020-07-16,0 days 15:58:48.652226,694041,119.46,119.45,300,200,1242,-1769
1038,DIS,2020-07-16,0 days 15:59:04.694148,694982,119.5,119.48,204,200,-132,2396
1039,DIS,2020-07-16,0 days 15:59:06.696674,695329,119.47,119.45,200,100,3264,-132
1040,DIS,2020-07-16,0 days 15:59:07.699546,699014,119.49,119.47,200,430,-32838,3264
1041,DIS,2020-07-16,0 days 15:59:09.704710,731352,119.48,119.46,800,633,263,-25027
1042,DIS,2020-07-16,0 days 15:59:12.711569,732829,119.49,119.46,399,900,-30667,13907
1043,DIS,2020-07-16,0 days 15:59:17.721495,765287,119.47,119.45,200,100,1741,-2447
1044,DIS,2020-07-16,0 days 15:59:19.728062,764528,119.48,119.46,800,400,-2760,5141
1045,DIS,2020-07-16,0 days 15:59:33.762125,767076,119.43,119.41,600,100,-5850,604
1046,DIS,2020-07-16,0 days 15:59:35.766814,772926,119.43,119.41,500,300,4150,-750
1047,DIS,2020-07-16,0 days 15:59:47.795272,778748,119.37,119.36,100,401,-3680,2580
1048,DIS,2020-07-16,0 days 15:59:48.798443,782428,119.36,119.35,181,181,5920,-3680
1049,DKS,2020-07-16,0 days 15:59:05.708483,146064,41.29,41.28,189,492,70,-511
1050,DKS,2020-07-16,0 days 15:59:16.731442,148164,41.31,41.3,100,600,30914,-1670
1051,DOC,2020-07-16,0 days 15:55:00.862810,188522,17.09,17.08,3339,2400,18109,-57496
1052,DOC,2020-07-16,0 days 15:55:01.864089,181931,17.09,17.08,2042,3400,-6591,18109
1053,DOC,2020-07-16,0 days 15:59:19.487003,210676,17.14,17.13,1124,4835,1746,-3956
1054,DOC,2020-07-16,0 days 15:59:20.489210,206422,17.14,17.13,1726,4735,-4154,1746
1055,DOC,2020-07-16,0 days 15:59:42.542923,210676,17.15,17.14,3200,6280,1123,-115
1056,DOC,2020-07-16,0 days 15:59:46.553660,208715,17.14,17.13,3295,5940,-5653,10239
1057,DOW,2020-07-16,0 days 15:55:00.703868,801535,43.83,43.81,395,977,-361,3836
1058,DOW,2020-07-16,0 days 15:55:21.756856,802661,43.85,43.84,203,741,574,-261
1059,DOW,2020-07-16,0 days 15:55:22.758020,801235,43.85,43.84,303,100,-661,574
1060,DOW,2020-07-16,0 days 15:56:37.938587,803403,43.86,43.85,1155,100,23,-377
1061,DOW,2020-07-16,0 days 15:57:09.014165,812268,43.86,43.84,2297,300,-815,81
1062,DOW,2020-07-16,0 days 15:57:34.074771,815483,43.86,43.85,1124,731,4385,-3315
1063,DOW,2020-07-16,0 days 15:57:35.077299,808730,43.86,43.85,1324,531,-6753,4385
1064,DOW,2020-07-16,0 days 15:57:39.087029,831585,43.86,43.84,2223,300,2345,-2353
1065,DOW,2020-07-16,0 days 15:57:40.089328,828830,43.86,43.85,2215,100,-3255,2345
1066,DRE,2020-07-16,0 days 15:59:18.837897,296543,35.55,35.54,2947,1777,-3125,304
1067,DRE,2020-07-16,0 days 15:59:22.847387,299668,35.53,35.52,700,1800,1375,-3125
1068,DRE,2020-07-16,0 days 15:59:23.850039,298143,35.53,35.52,603,2501,-1525,1375
1069,DRE,2020-07-16,0 days 15:59:31.878239,313550,35.52,35.51,2103,632,1993,-1706
1070,DRE,2020-07-16,0 days 15:59:32.879738,310743,35.51,35.5,1103,1800,-2807,1993
1071,DRE,2020-07-16,0 days 15:59:44.909356,313569,35.51,35.5,2851,100,3603,-1313
1072,DRI,2020-07-16,0 days 15:55:00.862347,121995,76.41,76.4,399,100,19393,-37178
1073,DRI,2020-07-16,0 days 15:55:01.863853,117088,76.46,76.43,505,300,-4607,19393
1074,DRI,2020-07-16,0 days 15:58:27.360085,149232,76.52,76.5,400,704,892,-1708
1075,DRI,2020-07-16,0 days 15:58:28.362496,143924,76.52,76.5,500,704,-4908,892
1076,DRI,2020-07-16,0 days 15:59:12.470547,167172,76.55,76.54,201,200,10676,-16211
1077,DRI,2020-07-16,0 days 15:59:13.472685,166140,76.58,76.56,200,200,-1332,10676
1078,DRI,2020-07-16,0 days 15:59:16.479844,167872,76.59,76.56,300,175,1653,-819
1079,DRI,2020-07-16,0 days 15:59:21.491386,165444,76.63,76.6,300,200,-2059,7235
1080,DRI,2020-07-16,0 days 15:59:31.516600,169072,76.58,76.54,800,400,3165,-216
1081,DRI,2020-07-16,0 days 15:59:32.519921,166231,76.57,76.55,400,300,-2441,3165
1082,DRI,2020-07-16,0 days 15:59:50.563717,169362,76.66,76.65,1000,168,-2085,1415
1083,DT,2020-07-16,0 days 15:55:57.308819,133308,40.56,40.53,504,400,-959,804
1084,DT,2020-07-16,0 days 15:55:58.311054,130267,40.55,40.53,380,200,3041,-959
1085,DT,2020-07-16,0 days 15:59:05.763362,131387,40.48,40.46,500,200,-124,1376
1086,DT,2020-07-16,0 days 15:59:07.767899,131511,40.48,40.46,200,204,1938,-124
1087,DUK,2020-07-16,0 days 15:55:00.171103,214873,80.92,80.89,200,399,1295,-4552
1088,DUK,2020-07-16,0 days 15:56:40.411428,217758,81.09,81.07,104,1982,-454,348
1089,DUK,2020-07-16,0 days 15:56:41.413996,215212,81.09,81.08,104,700,2546,-454
1090,DUK,2020-07-16,0 days 15:56:45.423744,217758,81.11,81.09,233,502,-2386,2546
1091,DUK,2020-07-16,0 days 15:56:46.426055,215744,81.11,81.09,313,805,2014,-2386
1092,DUK,2020-07-16,0 days 15:57:11.486953,243333,81.18,81.16,200,887,-5199,4404
1093,DUK,2020-07-16,0 days 15:57:12.488968,239832,81.16,81.14,800,403,3501,-5199
1094,DUK,2020-07-16,0 days 15:59:21.800896,266950,81.12,81.11,522,327,2353,-947
1095,DUK,2020-07-16,0 days 15:59:26.812940,269303,81.11,81.09,560,200,-3847,2353
1096,DUK,2020-07-16,0 days 15:59:27.814927,268977,81.11,81.09,500,200,326,-3847
1097,DUK,2020-07-16,0 days 15:59:47.863353,275003,81.03,81.02,400,500,-1040,30
1098,DUK,2020-07-16,0 days 15:59:48.866552,274650,81.02,81.01,400,200,353,-1040
1099,DVN,2020-07-16,0 days 15:55:01.706630,211881,10.68,10.67,5802,7848,-21836,1864
1100,DVN,2020-07-16,0 days 15:55:02.708475,209917,10.68,10.67,7102,7973,1964,-21836
1101,DVN,2020-07-16,0 days 15:56:11.876215,214552,10.67,10.66,12114,4000,2326,-1008
1102,DVN,2020-07-16,0 days 15:56:20.897989,216878,10.67,10.66,6549,6783,-21247,2326
1103,DVN,2020-07-16,0 days 15:56:21.899966,216625,10.67,10.66,8049,6057,253,-21247
1104,DVN,2020-07-16,0 days 15:56:45.958199,217076,10.67,10.66,7349,8205,-749,253
1105,DVN,2020-07-16,0 days 15:57:42.094854,222826,10.66,10.65,7752,6625,1144,-1256
1106,DVN,2020-07-16,0 days 15:57:54.123380,229670,10.66,10.65,9054,2959,-4956,6144
1107,DVN,2020-07-16,0 days 15:57:55.126008,228926,10.66,10.65,9054,2959,744,-4956
1108,DVN,2020-07-16,0 days 15:57:57.130371,230670,10.65,10.64,6414,7686,-156,744
1109,DVN,2020-07-16,0 days 15:58:02.144357,222826,10.66,10.65,8018,7900,6472,-528
1110,DVN,2020-07-16,0 days 15:58:04.148187,229698,10.66,10.65,5518,9345,-6328,6472
1111,DVN,2020-07-16,0 days 15:58:06.153172,228826,10.66,10.65,7318,9142,1072,-728
1112,DVN,2020-07-16,0 days 15:58:40.234994,234226,10.68,10.67,13818,3844,1336,-128
1113,DVN,2020-07-16,0 days 15:59:06.300126,239399,10.68,10.67,1304,11850,11326,-188
1114,DVN,2020-07-16,0 days 15:59:30.356395,249914,10.69,10.68,6186,11929,1488,-4612
1115,DVN,2020-07-16,0 days 15:59:47.397049,251402,10.69,10.68,5686,10613,-5835,1173
1116,DXC,2020-07-16,0 days 15:59:31.768883,263180,16.65,16.64,3264,4480,8350,-4551
1117,DXC,2020-07-16,0 days 15:59:32.771096,260630,16.66,16.65,3224,900,-2550,8350
1118,DXC,2020-07-16,0 days 15:59:45.801891,264080,16.65,16.64,3473,1302,2752,-869
1119,DXC,2020-07-16,0 days 15:59:46.805431,262154,16.66,16.65,300,4447,-2646,2752
1120,EAT,2020-07-16,0 days 15:58:06.636403,86257,24.36,24.35,200,300,2592,-711
1121,EAT,2020-07-16,0 days 15:58:07.638784,84801,24.36,24.35,204,500,-1456,2592
1122,EAT,2020-07-16,0 days 15:59:34.851548,93284,24.38,24.34,200,100,-1423,1477
1123,EB,2020-07-16,0 days 15:55:52.311572,68176,9.17,9.16,1121,1809,-30,53
1124,EB,2020-07-16,0 days 15:56:12.359253,66163,9.16,9.15,800,583,2013,-30
1125,EB,2020-07-16,0 days 15:58:00.621647,67189,9.16,9.15,1239,1486,-420,638
1126,EB,2020-07-16,0 days 15:58:01.623796,65409,9.16,9.15,1239,1486,1780,-420
1127,EB,2020-07-16,0 days 15:59:00.768759,67189,9.17,9.16,1874,2757,-243,1519
1128,EB,2020-07-16,0 days 15:59:03.774647,67432,9.17,9.16,1674,2757,1057,-243
1129,EB,2020-07-16,0 days 15:59:04.778034,68489,9.17,9.16,1674,2757,-3168,1057
1130,EB,2020-07-16,0 days 15:59:05.781070,63657,9.17,9.16,1674,3057,4832,-3168
1131,ED,2020-07-16,0 days 15:59:24.852972,142870,71.87,71.85,209,100,61,-439
1132,ED,2020-07-16,0 days 15:59:28.870726,142431,71.88,71.85,400,300,-439,61
1133,ED,2020-07-16,0 days 15:59:30.877561,142870,71.84,71.83,100,100,164,-439
1134,ED,2020-07-16,0 days 15:59:31.878358,142434,71.85,71.83,450,200,-436,164
1135,ED,2020-07-16,0 days 15:59:37.892114,142870,71.81,71.78,550,200,764,-236
1136,ED,2020-07-16,0 days 15:59:38.895067,142634,71.81,71.78,550,318,-236,764
1137,ED,2020-07-16,0 days 15:59:44.909441,142870,71.81,71.78,300,513,272,-236
1138,ED,2020-07-16,0 days 15:59:48.920638,143192,71.84,71.8,200,940,-193,807
1139,ED,2020-07-16,0 days 15:59:55.935965,143995,71.84,71.79,252,100,97,-293
1140,ED,2020-07-16,0 days 15:59:56.939545,142892,71.84,71.79,252,100,-493,97
1141,EIX,2020-07-16,0 days 15:59:21.818849,174544,56.21,56.19,300,278,-1049,3351
1142,EIX,2020-07-16,0 days 15:59:39.863251,175523,56.15,56.14,266,179,8619,-1981
1143,EIX,2020-07-16,0 days 15:59:40.865926,173742,56.15,56.13,766,677,-1781,8619
1144,EIX,2020-07-16,0 days 15:59:42.870670,175523,56.14,56.11,300,600,143,-1281
1145,EIX,2020-07-16,0 days 15:59:48.885568,174531,56.14,56.11,200,643,-1188,2612
1146,ELAN,2020-07-16,0 days 15:59:08.788403,125927,23.98,23.97,3381,206,2085,-888
1147,ELAN,2020-07-16,0 days 15:59:37.857969,138011,23.97,23.95,2600,1202,-5862,938
1148,ELAN,2020-07-16,0 days 15:59:40.865967,135073,23.96,23.95,3200,500,2938,-1762
1149,ELAN,2020-07-16,0 days 15:59:50.890580,141036,23.98,23.96,2790,1460,2049,-751
1150,EMR,2020-07-16,0 days 15:59:09.715594,242707,63.2,63.18,478,700,6540,-16441
1151,EMR,2020-07-16,0 days 15:59:10.717445,235184,63.22,63.21,200,886,-7523,6540
1152,ENB,2020-07-16,0 days 15:56:49.433429,36037,30.81,30.8,2600,4713,-470,319
1153,ENB,2020-07-16,0 days 15:56:50.435856,35307,30.81,30.8,2100,6413,730,-470
1154,ENB,2020-07-16,0 days 15:59:04.759625,48246,30.78,30.77,8263,2184,-636,1663
1155,ENB,2020-07-16,0 days 15:59:05.763395,44982,30.78,30.77,8163,2438,3264,-636
1156,ENB,2020-07-16,0 days 15:59:06.766453,48246,30.78,30.77,4500,2838,-236,3264
1157,ENB,2020-07-16,0 days 15:59:12.779623,47235,30.78,30.77,4604,2601,1011,-2189
1158,ENB,2020-07-16,0 days 15:59:27.814913,50446,30.78,30.77,3505,2600,-1354,1112
1159,ENB,2020-07-16,0 days 15:59:28.817262,49600,30.78,30.77,3868,1902,846,-1354
1160,ENB,2020-07-16,0 days 15:59:42.851780,50846,30.75,30.74,3510,5791,-1128,846
1161,ENB,2020-07-16,0 days 15:59:43.853578,50374,30.75,30.74,5494,2937,472,-1128
1162,ENB,2020-07-16,0 days 15:59:45.859472,50846,30.76,30.75,3100,4633,-1502,472
1163,ENB,2020-07-16,0 days 15:59:46.861060,50548,30.76,30.75,6033,1386,558,-1502
1164,ENB,2020-07-16,0 days 15:59:47.863331,51106,30.76,30.75,5633,1686,-1416,558
1165,ENB,2020-07-16,0 days 15:59:49.869631,50886,30.75,30.74,4500,2159,220,-180
1166,EOG,2020-07-16,0 days 15:55:00.170359,324880,47.75,47.74,500,583,3389,-3803
1167,EOG,2020-07-16,0 days 15:55:48.287136,286416,47.8,47.79,1700,711,-13401,3499
1168,EOG,2020-07-16,0 days 15:55:51.294604,325147,47.8,47.79,1900,514,3118,-13301
1169,EOG,2020-07-16,0 days 15:57:07.477073,329118,47.76,47.75,1543,615,-6568,138
1170,EOG,2020-07-16,0 days 15:57:08.479466,326186,47.75,47.74,1317,443,2932,-6568
1171,EOG,2020-07-16,0 days 15:58:11.630886,331583,47.8,47.79,1310,700,-612,4488
1172,EOG,2020-07-16,0 days 15:58:12.633262,330695,47.8,47.79,704,1029,888,-612
1173,EOG,2020-07-16,0 days 15:58:47.717816,330303,47.82,47.81,880,1967,-107,8
1174,EOG,2020-07-16,0 days 15:58:48.721219,328810,47.82,47.81,865,2071,1493,-107
1175,EOG,2020-07-16,0 days 15:59:05.763337,329850,47.84,47.83,384,1560,1035,-2365
1176,EOG,2020-07-16,0 days 15:59:12.779558,330943,47.84,47.83,100,1022,-1800,3000
1177,EOG,2020-07-16,0 days 15:59:49.869563,330732,47.79,47.78,744,100,7058,-6137
1178,EOG,2020-07-16,0 days 15:59:50.872235,331748,47.8,47.78,385,693,-6937,7058
1179,EPD,2020-07-16,0 days 15:55:00.862440,85247,18.11,18.1,5615,1700,-253402,37255
1180,EQH,2020-07-16,0 days 15:59:19.727880,233948,20.45,20.44,1200,1500,-15399,20771
1181,EQH,2020-07-16,0 days 15:59:20.730155,217547,20.45,20.44,1100,2107,16401,-15399
1182,EQH,2020-07-16,0 days 15:59:31.759003,233948,20.47,20.46,2600,300,-10857,3201
1183,EQH,2020-07-16,0 days 15:59:32.759394,231805,20.47,20.46,3300,400,2143,-10857
1184,EQH,2020-07-16,0 days 15:59:47.795155,233948,20.47,20.46,500,3390,-6749,8424
1185,EQH,2020-07-16,0 days 15:59:48.798221,232197,20.47,20.46,2777,200,1751,-6749
1186,EQNR,2020-07-16,0 days 15:55:00.727746,14975,15.32,15.31,13272,15019,-944,2342
1187,EQT,2020-07-16,0 days 15:57:38.481145,102429,12.64,12.63,346,4767,619,-581
1188,EQT,2020-07-16,0 days 15:57:40.486145,102048,12.64,12.63,1746,4455,-381,119
1189,EQT,2020-07-16,0 days 15:57:42.491655,101629,12.63,12.62,4931,2800,1019,-81
1190,EQT,2020-07-16,0 days 15:57:43.493247,101348,12.63,12.62,1692,2900,-281,1019
1191,EQT,2020-07-16,0 days 15:57:44.495561,101629,12.63,12.62,2667,2900,319,-281
1192,EQT,2020-07-16,0 days 15:57:45.497950,99748,12.63,12.62,2393,2900,-1881,319
1193,EQT,2020-07-16,0 days 15:58:36.623313,101977,12.65,12.64,1577,4534,698,-389
1194,EQT,2020-07-16,0 days 15:58:37.625671,101675,12.65,12.64,1529,4534,-302,698
1195,EQT,2020-07-16,0 days 15:58:42.637306,101977,12.65,12.64,200,5380,2098,-302
1196,EQT,2020-07-16,0 days 15:59:07.699515,115903,12.66,12.65,4104,1805,-1322,60
1197,EQT,2020-07-16,0 days 15:59:37.773546,119383,12.64,12.63,6237,6090,63217,-383
1198,EQT,2020-07-16,0 days 15:59:42.782840,119383,12.65,12.64,2626,4100,14,-483
1199,EQT,2020-07-16,0 days 15:59:46.794976,118997,12.65,12.64,1262,4560,-386,414
1200,EROS,2020-07-16,0 days 15:59:01.770221,43800,3.42,3.41,12877,3963,5340,-8688
1201,EROS,2020-07-16,0 days 15:59:02.772453,42940,3.42,3.41,11955,4063,-360,5340
1202,ESRT,2020-07-16,0 days 15:58:41.703146,65137,6.86,6.85,2016,11788,3313,-1970
1203,ESRT,2020-07-16,0 days 15:58:42.705941,63750,6.86,6.85,4600,11688,-1387,3313
1204,ESRT,2020-07-16,0 days 15:58:47.717700,65137,6.86,6.85,3100,10942,499,-1387
1205,ESRT,2020-07-16,0 days 15:58:48.721090,63836,6.86,6.85,3300,10842,-1301,499
1206,ESRT,2020-07-16,0 days 15:59:06.766212,65137,6.86,6.85,7300,7804,828,-92
1207,ESRT,2020-07-16,0 days 15:59:07.767735,64265,6.86,6.85,7000,7704,-872,828
1208,ET,2020-07-16,0 days 15:55:00.862267,315215,6.66,6.65,26241,90818,-299495,47174
1209,ETN,2020-07-16,0 days 15:59:20.730187,139024,93.6,93.57,167,300,3537,-11167
1210,ETN,2020-07-16,0 days 15:59:21.732941,131761,93.63,93.6,100,438,-7263,3537
1211,ETN,2020-07-16,0 days 15:59:32.759425,129224,93.63,93.6,300,208,-10800,6938
1212,ETN,2020-07-16,0 days 15:59:40.778411,138224,93.57,93.55,400,200,734,-554
1213,ETN,2020-07-16,0 days 15:59:45.791360,139058,93.58,93.56,100,100,-1411,834
1214,ETN,2020-07-16,0 days 15:59:47.795155,140469,93.59,93.56,200,500,5520,-7005
1215,ETN,2020-07-16,0 days 15:59:48.798221,139189,93.57,93.55,400,200,-1280,5520
1216,ETRN,2020-07-16,0 days 15:55:00.220392,148322,9.49,9.48,16385,6464,-808,39296
1217,ETRN,2020-07-16,0 days 15:56:03.373007,156037,9.49,9.48,17162,4241,441,-887
1218,ETRN,2020-07-16,0 days 15:56:04.373298,154978,9.49,9.48,17262,4241,-1059,441
1219,ETRN,2020-07-16,0 days 15:57:24.564190,158292,9.48,9.47,5108,5801,2221,-1214
1220,ETRN,2020-07-16,0 days 15:59:19.839843,223956,9.5,9.49,3200,3600,896,-751
1221,ETRN,2020-07-16,0 days 15:59:28.870217,220055,9.5,9.49,3705,2092,-2701,6012
1222,ETRN,2020-07-16,0 days 15:59:42.902419,226434,9.48,9.47,7815,1284,4070,-279
1223,ETRN,2020-07-16,0 days 15:59:47.914998,226434,9.48,9.47,7895,2701,2528,-2286
1224,ETRN,2020-07-16,0 days 15:59:48.919907,223562,9.48,9.47,7895,1701,-2872,2528
1225,EVRG,2020-07-16,0 days 15:59:15.729028,372629,61.43,61.41,100,100,9669,-90087
1226,EVRG,2020-07-16,0 days 15:59:16.731465,364196,61.48,61.46,400,200,-8533,9669
1227,EVRG,2020-07-16,0 days 15:59:21.743824,372629,61.45,61.42,300,1300,763,-4238
1228,EVRG,2020-07-16,0 days 15:59:22.747268,369511,61.45,61.42,400,1200,-3118,763
1229,EVRG,2020-07-16,0 days 15:59:40.790572,369746,61.4,61.37,824,300,-2883,22151
1230,EVRG,2020-07-16,0 days 15:59:44.799264,372629,61.38,61.36,200,100,5217,-983
1231,EVRG,2020-07-16,0 days 15:59:45.801836,376517,61.38,61.35,239,200,-185,5217
1232,EVRG,2020-07-16,0 days 15:59:48.809202,376702,61.38,61.35,339,100,1967,-660
1233,EVRG,2020-07-16,0 days 15:59:50.815498,370100,61.37,61.34,300,100,-6602,668
1234,EVRI,2020-07-16,0 days 15:55:00.106770,63493,6.07,6.06,3479,6945,-263,11480
1235,EVRI,2020-07-16,0 days 15:55:01.108743,62356,6.07,6.06,2925,5799,1137,-263
1236,EW,2020-07-16,0 days 15:56:48.446355,178609,71.85,71.82,207,470,286,-180
1237,EW,2020-07-16,0 days 15:56:49.449008,177042,71.85,71.82,392,570,-1567,286
1238,EW,2020-07-16,0 days 15:57:40.573028,187003,71.86,71.83,300,100,8067,-1480
1239,EW,2020-07-16,0 days 15:57:41.575136,183454,71.86,71.83,304,466,-3549,8067
1240,EW,2020-07-16,0 days 15:58:08.641391,184282,71.81,71.79,300,200,-2796,4
1241,EW,2020-07-16,0 days 15:58:40.718639,187478,71.86,71.84,300,266,771,-917
1242,EW,2020-07-16,0 days 15:58:41.722687,184949,71.86,71.84,300,174,-2129,771
1243,EW,2020-07-16,0 days 15:59:13.800014,187767,71.87,71.85,301,100,2063,-937
