,Symbol,Timestamp,TIME,iPaired,Ask_P,Bid_P,Ask_S,Bid_S,iShares,PreviShares
0,AA,2020-10-21,0 days 15:57:39.260067,382205,13.36,13.35,17958,3787,-12997,3482
1,ABBV,2020-10-21,0 days 15:59:15.104937,1060142,82.89,82.88,710,110,-57617,459650
2,ABBV,2020-10-21,0 days 15:59:16.104176,1054679,82.85,82.84,100,110,24973,-57617
3,ABBV,2020-10-21,0 days 15:59:24.105048,1073901,82.86,82.83,300,200,5351,-8949
4,ABBV,2020-10-21,0 days 15:59:34.104880,1078802,82.86,82.84,928,100,8232,-651
5,ABBV,2020-10-21,0 days 15:59:36.104826,1087434,82.86,82.84,696,1000,-2068,8232
6,ABBV,2020-10-21,0 days 15:59:45.105784,1084942,82.85,82.83,500,300,2092,-3409
7,ABBV,2020-10-21,0 days 15:59:46.105673,1087534,82.85,82.83,300,300,-15459,2092
8,ABBV,2020-10-21,0 days 15:59:47.105154,1085693,82.86,82.84,200,300,1341,-15459
9,ABBV,2020-10-21,0 days 15:59:54.106954,1067924,82.92,82.88,910,200,-4527,4082
10,ABBV,2020-10-21,0 days 15:59:55.111528,1072451,82.88,82.82,100,200,16030,-4527
11,ABEV,2020-10-21,0 days 15:59:36.916896,117534,2.41,2.4,561895,787251,-71057,4243
12,ABEV,2020-10-21,0 days 15:59:37.918118,113291,2.41,2.4,591795,786751,4243,-71057
13,ABT,2020-10-21,0 days 15:55:00.916034,359421,106.26,106.22,799,455,36538,-33883
14,ABT,2020-10-21,0 days 15:55:25.917174,366298,106.28,106.25,900,450,-5489,6841
15,ABT,2020-10-21,0 days 15:55:33.917368,372687,106.29,106.25,360,781,611,-589
16,ABT,2020-10-21,0 days 15:55:34.917634,372098,106.29,106.25,360,781,-589,611
17,ABT,2020-10-21,0 days 15:57:44.914234,417408,106.15,106.12,816,343,2060,-2759
18,ABT,2020-10-21,0 days 15:57:45.914326,417368,106.15,106.12,872,543,-40,2060
19,ABT,2020-10-21,0 days 15:57:55.914881,418608,106.14,106.12,424,400,763,-3837
20,ABT,2020-10-21,0 days 15:57:56.915013,415871,106.14,106.12,524,300,-2737,763
21,ABT,2020-10-21,0 days 15:58:06.915900,418608,106.15,106.13,101,200,828,-4172
22,ABT,2020-10-21,0 days 15:58:07.916091,415736,106.15,106.13,100,200,-2872,828
23,ABT,2020-10-21,0 days 15:58:11.916765,418608,106.14,106.11,200,100,528,-2872
24,ABT,2020-10-21,0 days 15:58:12.916028,415736,106.14,106.12,200,100,-2872,528
25,ABT,2020-10-21,0 days 15:58:33.917738,419008,106.15,106.12,226,100,914,-3086
26,ABT,2020-10-21,0 days 15:58:34.917334,416222,106.15,106.12,226,602,-2786,914
27,ABT,2020-10-21,0 days 15:58:45.918385,433544,106.13,106.1,462,100,78,-4122
28,ABT,2020-10-21,0 days 15:59:16.915419,469339,106.1,106.06,263,100,-716,5646
29,ABT,2020-10-21,0 days 15:59:31.915922,480410,106.02,106.0,300,100,-3597,3903
30,ABT,2020-10-21,0 days 15:59:38.917640,484007,105.97,105.92,983,200,5421,-3597
31,ABT,2020-10-21,0 days 15:59:48.917997,483795,105.93,105.86,650,100,-212,596
32,ABT,2020-10-21,0 days 15:59:57.915613,482094,105.96,105.87,300,409,-1913,20468
33,ABT,2020-10-21,0 days 15:59:58.915482,484007,105.93,105.86,900,200,21286,-1913
34,ACI,2020-10-21,0 days 15:57:02.920998,63171,15.0,14.99,7013,1768,156,-236
35,ADM,2020-10-21,0 days 15:55:00.234485,238188,50.99,50.98,400,2039,6838,-27309
36,ADM,2020-10-21,0 days 15:55:39.237948,247861,51.02,51.01,1482,1697,-1277,2171
37,ADM,2020-10-21,0 days 15:55:40.237734,246838,51.02,51.01,2190,1848,1023,-1277
38,ADM,2020-10-21,0 days 15:56:13.237840,248868,50.99,50.98,2222,431,-58,1599
39,ADM,2020-10-21,0 days 15:56:14.238074,247926,50.99,50.98,2522,100,942,-58
40,ADM,2020-10-21,0 days 15:57:34.237247,248972,50.97,50.96,3363,200,-3523,577
41,ADM,2020-10-21,0 days 15:57:35.236971,247595,50.97,50.96,3496,100,1377,-3523
42,ADM,2020-10-21,0 days 15:57:36.237611,248972,50.97,50.96,3746,100,-323,1377
43,ADM,2020-10-21,0 days 15:57:40.236781,248972,50.96,50.95,987,1240,-323,477
44,ADM,2020-10-21,0 days 15:57:41.236999,249295,50.96,50.95,1941,100,1377,-323
45,ADM,2020-10-21,0 days 15:57:43.236862,248972,50.96,50.95,1479,1373,-2923,2077
46,ADM,2020-10-21,0 days 15:57:44.237485,251895,50.96,50.95,2179,294,2277,-2923
47,ADM,2020-10-21,0 days 15:57:45.237167,251572,50.96,50.95,2479,294,-323,2277
48,ADM,2020-10-21,0 days 15:57:50.238555,252495,50.95,50.94,3038,200,177,-423
49,ADM,2020-10-21,0 days 15:57:54.237918,252172,50.95,50.94,2792,500,-323,877
50,ADM,2020-10-21,0 days 15:57:56.237271,252495,50.95,50.94,3810,100,977,-1323
51,ADM,2020-10-21,0 days 15:58:54.239392,251755,50.91,50.9,200,800,63,-136
52,ADM,2020-10-21,0 days 15:59:09.242709,271925,50.88,50.87,1700,400,-72669,1239
53,ADM,2020-10-21,0 days 15:59:48.240768,367665,50.84,50.83,3271,900,-763,855
54,ADT,2020-10-21,0 days 15:55:00.917273,204910,7.48,7.47,3465,13369,-26477,36952
55,ADT,2020-10-21,0 days 15:55:01.913630,201187,7.48,7.47,3286,13989,3623,-26477
56,ADT,2020-10-21,0 days 15:58:33.917875,237190,7.47,7.46,3784,11039,6088,-7012
57,ADT,2020-10-21,0 days 15:58:48.917437,242978,7.48,7.47,4900,13539,200,-3800
58,ADT,2020-10-21,0 days 15:59:06.919766,243881,7.48,7.47,7878,6100,-4334,3578
59,ADT,2020-10-21,0 days 15:59:07.920017,241515,7.48,7.47,7749,6000,2366,-4334
60,ADT,2020-10-21,0 days 15:59:31.916165,282139,7.48,7.47,4907,4900,-505,3866
61,ADT,2020-10-21,0 days 15:59:44.917487,282644,7.48,7.47,2756,11239,4495,-505
62,AEO,2020-10-21,0 days 15:56:07.299222,178908,13.81,13.8,5680,3383,-5954,1506
63,AEO,2020-10-21,0 days 15:56:08.299114,173962,13.81,13.8,5980,2963,4846,-5954
64,AEO,2020-10-21,0 days 15:57:56.300788,190926,13.81,13.8,10737,3705,-960,6508
65,AEO,2020-10-21,0 days 15:57:57.301064,185186,13.81,13.8,10996,3105,5740,-960
66,AEO,2020-10-21,0 days 15:58:02.302331,182104,13.81,13.8,8396,5596,-3082,5740
67,AEO,2020-10-21,0 days 15:58:03.302161,177186,13.81,13.8,8996,5208,4918,-3082
68,AEO,2020-10-21,0 days 15:59:04.305119,182304,13.81,13.79,7471,9031,-2937,1063
69,AEO,2020-10-21,0 days 15:59:05.305718,179141,13.81,13.8,7394,3043,2963,-2937
70,AEO,2020-10-21,0 days 15:59:07.304963,182104,13.81,13.8,7194,4343,-26929,2963
71,AEO,2020-10-21,0 days 15:59:08.304665,181225,13.81,13.8,6994,3818,879,-26929
72,AEO,2020-10-21,0 days 15:59:15.304754,182304,13.81,13.8,10635,1571,-9446,579
73,AEO,2020-10-21,0 days 15:59:16.293018,182050,13.81,13.8,10835,1471,54,-9446
74,AES,2020-10-21,0 days 15:57:28.237927,206035,20.2,20.19,15226,7416,6276,-124
75,AES,2020-10-21,0 days 15:57:36.237444,212311,20.2,20.19,15176,6535,-324,1076
76,AES,2020-10-21,0 days 15:57:37.237204,210035,20.2,20.19,15316,6335,2276,-324
77,AES,2020-10-21,0 days 15:57:41.236844,212311,20.2,20.19,14790,7838,-224,1776
78,AES,2020-10-21,0 days 15:57:42.237730,208935,20.2,20.19,14890,7038,3376,-224
79,AES,2020-10-21,0 days 15:57:47.239507,212311,20.2,20.19,15117,8144,-5124,876
80,AES,2020-10-21,0 days 15:57:48.237138,207535,20.2,20.19,15723,6543,4776,-5124
81,AES,2020-10-21,0 days 15:58:01.239094,207168,20.2,20.19,12422,12477,-2067,3076
82,AES,2020-10-21,0 days 15:59:08.241881,265048,20.21,20.2,4700,6271,-3660,828
83,AG,2020-10-21,0 days 15:57:24.237965,49631,11.14,11.13,25560,8681,-10777,14423
84,AG,2020-10-21,0 days 15:57:25.237749,48008,11.14,11.13,24660,9281,1423,-10777
85,AG,2020-10-21,0 days 15:59:01.241295,45850,11.14,11.13,20168,13154,-2416,7529
86,AG,2020-10-21,0 days 15:59:02.245456,41466,11.14,11.13,20168,13347,4384,-2416
87,AG,2020-10-21,0 days 15:59:39.241425,49951,11.13,11.12,8442,35050,-8115,785
88,AG,2020-10-21,0 days 15:59:40.241260,49366,11.13,11.12,10842,34550,585,-8115
89,AG,2020-10-21,0 days 15:59:46.240817,49951,11.13,11.12,22599,16957,-1364,585
90,AG,2020-10-21,0 days 15:59:47.241587,49415,11.13,11.12,22399,22957,536,-1364
91,ALLY,2020-10-21,0 days 15:55:51.298909,625677,27.88,27.87,5100,4421,139,-2371
92,ALLY,2020-10-21,0 days 15:55:56.299203,625816,27.88,27.87,2845,6782,-961,139
93,ALLY,2020-10-21,0 days 15:56:15.299550,628077,27.88,27.87,5509,3734,6539,-2261
94,ALLY,2020-10-21,0 days 15:56:16.299332,619916,27.88,27.87,6509,3491,-8161,6539
95,ALLY,2020-10-21,0 days 15:57:30.302508,533677,27.87,27.86,4403,10412,19432,-8768
96,ALLY,2020-10-21,0 days 15:57:33.302141,602609,27.87,27.86,5621,3043,-31268,15032
97,ALLY,2020-10-21,0 days 15:57:34.302019,633877,27.87,27.86,6121,2285,2132,-31268
98,ALLY,2020-10-21,0 days 15:57:35.301657,628509,27.87,27.86,5521,2628,-5368,2132
99,ALLY,2020-10-21,0 days 15:59:03.303860,633784,27.85,27.84,8085,697,3682,-4718
100,ALLY,2020-10-21,0 days 15:59:04.305166,629566,27.85,27.84,6285,1097,-4218,3682
101,ALLY,2020-10-21,0 days 15:59:28.292391,640207,27.87,27.86,4400,2409,2490,-2061
102,ALLY,2020-10-21,0 days 15:59:29.292790,636697,27.87,27.86,2600,4899,-3510,2490
103,ALLY,2020-10-21,0 days 15:59:43.293290,640207,27.87,27.86,9500,1600,7553,-779
104,AM,2020-10-21,0 days 15:59:01.263747,85769,6.36,6.35,12549,8415,-5387,3613
105,AMCR,2020-10-21,0 days 15:58:09.234751,428983,11.12,11.11,69722,9810,-2628,12680
106,AMCR,2020-10-21,0 days 15:58:10.235062,412011,11.12,11.11,74443,6656,16972,-2628
107,AMCR,2020-10-21,0 days 15:59:15.237134,462171,11.09,11.08,17645,12475,-36632,23907
108,AMCR,2020-10-21,0 days 15:59:16.232961,453803,11.09,11.08,20045,12475,8368,-36632
109,AMCR,2020-10-21,0 days 15:59:46.234131,470121,11.08,11.07,42323,10608,-5374,8526
110,AMCR,2020-10-21,0 days 15:59:47.233467,465895,11.08,11.07,28023,7410,4226,-5374
111,AMWL,2020-10-21,0 days 15:57:05.239737,12235,32.82,32.67,417,200,-820,176
112,AMWL,2020-10-21,0 days 15:57:06.238996,12155,32.82,32.67,417,200,80,-820
113,AMWL,2020-10-21,0 days 15:59:29.236543,15909,32.77,32.65,100,109,382,-718
114,AMWL,2020-10-21,0 days 15:59:31.237302,15095,32.75,32.58,100,1600,-814,382
115,AMWL,2020-10-21,0 days 15:59:32.237050,14809,32.75,32.58,100,1600,286,-814
116,AMWL,2020-10-21,0 days 15:59:40.238462,15095,32.75,32.66,100,100,-3014,286
117,AMWL,2020-10-21,0 days 15:59:41.237844,14909,32.75,32.66,100,100,186,-3014
118,AMWL,2020-10-21,0 days 15:59:46.238740,15095,32.75,32.67,100,190,-698,186
119,AMWL,2020-10-21,0 days 15:59:47.238512,14993,32.75,32.67,100,190,102,-698
120,AMX,2020-10-21,0 days 15:59:19.259896,145513,13.33,13.32,4297,5030,7985,-2371
121,AMX,2020-10-21,0 days 15:59:20.259729,143498,13.33,13.32,4197,5030,-2015,7985
122,ARMK,2020-10-21,0 days 15:55:00.221475,70071,29.13,29.11,720,1140,-4536,5351
123,ARMK,2020-10-21,0 days 15:59:00.232914,93080,29.1,29.09,1189,655,2562,-1638
124,ARMK,2020-10-21,0 days 15:59:01.230972,91342,29.09,29.07,200,200,-3110,2562
125,ARMK,2020-10-21,0 days 15:59:45.230999,114547,29.06,29.04,100,1100,751,-749
126,ARMK,2020-10-21,0 days 15:59:48.231560,113964,29.06,29.05,100,1291,-583,1243
127,ASB,2020-10-21,0 days 15:59:04.241477,72132,13.79,13.78,2100,7382,-2303,1197
128,ASB,2020-10-21,0 days 15:59:05.239171,71335,13.79,13.78,1700,6829,797,-2303
129,ASB,2020-10-21,0 days 15:59:09.237581,72132,13.79,13.78,2138,5111,-2350,797
130,ATUS,2020-10-21,0 days 15:56:17.299749,385451,28.18,28.17,7423,947,-2076,1424
131,ATUS,2020-10-21,0 days 15:56:18.299889,384327,28.18,28.17,8022,847,1124,-2076
132,ATUS,2020-10-21,0 days 15:57:47.302114,391451,28.17,28.16,9907,391,-1584,1916
133,ATUS,2020-10-21,0 days 15:57:48.301099,390135,28.16,28.15,9086,188,1916,-1584
134,ATUS,2020-10-21,0 days 15:57:57.300983,387565,28.15,28.14,1470,4397,-3170,3816
135,ATUS,2020-10-21,0 days 15:57:59.301111,386635,28.15,28.14,2667,4797,930,-2570
136,ATUS,2020-10-21,0 days 15:58:00.302103,387565,28.15,28.14,2667,4797,-70,930
137,ATUS,2020-10-21,0 days 15:58:02.302142,386635,28.16,28.15,8744,700,5334,-1870
138,ATUS,2020-10-21,0 days 15:59:18.292234,408967,28.16,28.14,4800,9514,-1541,3454
139,ATUS,2020-10-21,0 days 15:59:19.292543,407708,28.16,28.14,4900,8989,1259,-1541
140,ATUS,2020-10-21,0 days 15:59:22.292282,408967,28.16,28.14,5100,8267,-6909,1259
141,AVTR,2020-10-21,0 days 15:55:00.234612,160900,24.74,24.73,300,3280,-5094,16971
142,AVTR,2020-10-21,0 days 15:55:51.237530,170153,24.73,24.72,1546,1738,2629,-189
143,AVTR,2020-10-21,0 days 15:55:52.236363,169782,24.73,24.72,513,2317,-371,2629
144,AVTR,2020-10-21,0 days 15:56:15.237712,171886,24.73,24.72,2674,2943,396,-304
145,AVTR,2020-10-21,0 days 15:57:22.238657,174063,24.74,24.73,2554,2066,-2936,2464
146,AVTR,2020-10-21,0 days 15:57:53.236442,178664,24.72,24.71,405,3801,239,-561
147,AVTR,2020-10-21,0 days 15:58:11.237273,181071,24.72,24.71,2932,3501,890,-1910
148,AVTR,2020-10-21,0 days 15:58:13.237190,179161,24.72,24.71,2603,2303,-910,690
149,AVTR,2020-10-21,0 days 15:59:08.239402,240733,24.7,24.69,3409,565,12130,-3836
150,AVTR,2020-10-21,0 days 15:59:09.239166,236763,24.7,24.69,3609,565,-3970,12130
151,AVTR,2020-10-21,0 days 15:59:20.235889,246132,24.69,24.68,396,2700,3673,-1314
152,AXL,2020-10-21,0 days 15:59:31.230966,63269,6.8,6.79,5695,4290,-13137,16763
153,AXP,2020-10-21,0 days 15:55:01.089324,232053,101.67,101.63,528,200,-5179,46221
154,AXP,2020-10-21,0 days 15:55:02.088528,226732,101.67,101.64,328,536,5321,-5179
155,AXP,2020-10-21,0 days 15:59:16.093478,256207,101.53,101.47,200,900,-4883,9877
156,AXP,2020-10-21,0 days 15:59:22.093902,256790,101.51,101.48,100,500,763,-583
157,AXP,2020-10-21,0 days 15:59:38.094423,261657,101.42,101.4,400,500,2371,-208
158,AXP,2020-10-21,0 days 15:59:41.094939,264028,101.44,101.41,100,400,-293,21
159,AXP,2020-10-21,0 days 15:59:47.094428,259871,101.43,101.4,200,500,4157,-6278
160,AXP,2020-10-21,0 days 15:59:48.095877,264028,101.44,101.42,100,600,-496,4157
161,AXP,2020-10-21,0 days 15:59:50.097262,262515,101.43,101.41,100,700,1013,-690
162,AXTA,2020-10-21,0 days 15:55:00.255480,149075,25.74,25.73,1258,2716,2208,-10902
163,AXTA,2020-10-21,0 days 15:56:15.257966,154785,25.78,25.77,3729,1682,-8551,1049
164,AXTA,2020-10-21,0 days 15:56:26.257854,164550,25.77,25.76,2465,2385,1835,-9765
165,AXTA,2020-10-21,0 days 15:57:11.259696,166385,25.8,25.78,3620,2058,-645,335
166,AXTA,2020-10-21,0 days 15:57:38.260308,166385,25.76,25.75,3529,792,-1009,191
167,AXTA,2020-10-21,0 days 15:57:39.260054,166194,25.76,25.75,3629,792,191,-1009
168,AXTA,2020-10-21,0 days 15:59:16.260529,236439,25.73,25.72,2998,200,1663,-399
169,AXTA,2020-10-21,0 days 15:59:18.260043,211702,25.72,25.71,528,2798,-2637,24263
170,AXTA,2020-10-21,0 days 15:59:40.250251,217834,25.72,25.71,3396,500,-1682,15418
171,BA,2020-10-21,0 days 15:55:01.295216,488815,164.25,164.22,300,200,-251,849
172,BA,2020-10-21,0 days 15:55:15.297217,489076,164.23,164.2,200,100,109,-146
173,BA,2020-10-21,0 days 15:55:16.297436,488885,164.25,164.21,170,200,-191,109
174,BA,2020-10-21,0 days 15:55:26.298847,491076,164.26,164.24,100,100,217,-183
175,BA,2020-10-21,0 days 15:55:40.298916,492596,164.21,164.19,200,300,-68,358
176,BA,2020-10-21,0 days 15:55:41.298707,492373,164.18,164.15,211,100,1132,-68
177,BA,2020-10-21,0 days 15:56:15.299550,520053,164.13,164.11,100,636,-15216,84
178,BA,2020-10-21,0 days 15:57:34.302010,538095,164.17,164.12,100,200,7103,-1897
179,BA,2020-10-21,0 days 15:57:35.301657,535798,164.17,164.15,100,200,-2297,7103
180,BA,2020-10-21,0 days 15:57:50.300702,539795,164.09,164.07,100,250,2103,-997
181,BA,2020-10-21,0 days 15:57:51.301132,538098,164.09,164.08,100,200,-1797,2103
182,BA,2020-10-21,0 days 15:57:54.301071,539895,164.11,164.09,100,300,503,-4897
183,BA,2020-10-21,0 days 15:57:55.300729,540398,164.12,164.09,100,400,-722,503
184,BA,2020-10-21,0 days 15:58:04.301758,539374,164.1,164.07,204,200,-1822,813
185,BA,2020-10-21,0 days 15:58:06.301684,541196,164.08,164.06,100,600,1578,-1822
186,BA,2020-10-21,0 days 15:58:07.301902,539374,164.07,164.06,100,627,-1822,1578
187,BA,2020-10-21,0 days 15:58:09.301809,541196,164.09,164.07,700,200,1601,-1822
188,BA,2020-10-21,0 days 15:58:10.302528,539397,164.07,164.05,300,122,-1799,1601
189,BA,2020-10-21,0 days 15:58:12.301955,541196,164.05,164.0,100,1805,1501,-1799
190,BA,2020-10-21,0 days 15:58:14.302186,540197,164.05,164.01,473,100,-999,7201
191,BA,2020-10-21,0 days 15:58:21.302656,540197,164.03,164.01,200,300,-999,1701
192,BA,2020-10-21,0 days 15:58:27.302781,541196,164.06,164.04,416,105,3034,-1466
193,BA,2020-10-21,0 days 15:59:02.304922,539868,164.14,164.12,200,400,-4627,1773
194,BA,2020-10-21,0 days 15:59:05.305747,540247,164.19,164.17,100,400,1621,-1727
195,BA,2020-10-21,0 days 15:59:06.305156,539668,164.14,164.11,100,100,-579,1621
196,BA,2020-10-21,0 days 15:59:13.305269,574059,164.03,164.02,510,578,5559,-3236
197,BA,2020-10-21,0 days 15:59:14.306113,571118,164.03,164.02,300,578,-2941,5559
198,BA,2020-10-21,0 days 15:59:23.293035,577504,164.04,164.02,300,600,8398,-3286
199,BA,2020-10-21,0 days 15:59:26.292460,577504,164.03,164.0,300,1418,4497,-803
200,BA,2020-10-21,0 days 15:59:27.292168,575301,164.03,164.0,300,1518,-2203,4497
201,BA,2020-10-21,0 days 15:59:41.293096,579665,163.94,163.92,200,400,7548,-4361
202,BA,2020-10-21,0 days 15:59:42.293298,579213,163.92,163.9,200,332,-423,7548
203,BA,2020-10-21,0 days 15:59:49.293522,579847,163.92,163.9,500,412,11014,-11895
204,BA,2020-10-21,0 days 15:59:50.296976,576961,163.93,163.9,300,807,-2886,11014
205,BABA,2020-10-21,0 days 15:55:00.099886,914971,308.12,308.04,100,100,9744,-38822
206,BABA,2020-10-21,0 days 15:55:01.099705,914315,308.17,308.11,439,202,-656,9744
207,BABA,2020-10-21,0 days 15:55:55.101473,919699,308.14,308.04,200,200,1689,-1011
208,BABA,2020-10-21,0 days 15:55:57.102709,919187,308.15,308.13,100,100,-512,4788
209,BABA,2020-10-21,0 days 15:56:23.101667,919762,308.06,308.01,500,133,27,-163
210,BABA,2020-10-21,0 days 15:56:24.101786,919289,308.03,308.02,100,200,-473,27
211,BABA,2020-10-21,0 days 15:57:19.103373,924467,307.96,307.93,200,100,15935,-330
212,BABA,2020-10-21,0 days 15:57:20.103120,923602,307.97,307.94,223,100,-830,15935
213,BABA,2020-10-21,0 days 15:57:32.103449,924467,307.96,307.92,300,500,2235,-830
214,BABA,2020-10-21,0 days 15:57:33.102938,923981,307.93,307.88,300,100,-451,2235
215,BABA,2020-10-21,0 days 15:57:34.102959,924432,307.93,307.88,305,100,4049,-451
216,BABA,2020-10-21,0 days 15:57:36.103686,926581,307.93,307.88,405,100,-3851,249
217,BABA,2020-10-21,0 days 15:57:45.103802,931981,307.78,307.74,300,200,-2490,910
218,BABA,2020-10-21,0 days 15:57:47.104569,932071,307.77,307.74,100,500,3510,-290
219,BABA,2020-10-21,0 days 15:57:53.104272,935581,307.83,307.78,300,100,-2821,5379
220,BABA,2020-10-21,0 days 15:57:54.103938,934302,307.82,307.79,200,200,1279,-2821
221,BABA,2020-10-21,0 days 15:57:55.104291,935581,307.82,307.79,400,100,-21,1279
222,BABA,2020-10-21,0 days 15:57:56.104371,934302,307.81,307.78,300,200,1279,-21
223,BABA,2020-10-21,0 days 15:58:01.105491,935581,307.8,307.76,401,101,-2390,1310
224,BABA,2020-10-21,0 days 15:58:02.105692,934271,307.81,307.76,100,601,1310,-2390
225,BABA,2020-10-21,0 days 15:58:07.105170,935139,307.87,307.82,200,100,-5916,1279
226,BABA,2020-10-21,0 days 15:58:08.105148,934026,307.87,307.82,367,100,1113,-5916
227,BABA,2020-10-21,0 days 15:58:11.105365,935139,307.88,307.84,500,200,-4487,983
228,BABA,2020-10-21,0 days 15:58:12.104589,934356,307.88,307.84,400,200,683,-4487
229,BAC,2020-10-21,0 days 15:55:24.256530,1615045,24.09,24.08,58715,83742,11725,-5865
230,BAC,2020-10-21,0 days 15:55:25.256595,1610880,24.09,24.08,85329,65640,-4165,11725
231,BAC,2020-10-21,0 days 15:56:03.259710,1620441,24.07,24.06,36322,102421,-7540,15360
232,BAC,2020-10-21,0 days 15:56:08.259267,1633014,24.07,24.06,72600,82711,2789,-5865
233,BAC,2020-10-21,0 days 15:56:09.259584,1627803,24.07,24.06,41487,101771,-5211,2789
234,BAC,2020-10-21,0 days 15:56:49.259333,1640114,24.07,24.06,58419,89221,30689,-3811
235,BAC,2020-10-21,0 days 15:56:50.259038,1634503,24.07,24.06,64777,85610,-5611,30689
236,BAC,2020-10-21,0 days 15:57:11.259696,1641800,24.07,24.06,84817,49262,9563,-7297
237,BAC,2020-10-21,0 days 15:57:12.259572,1640883,24.07,24.06,84222,46762,-917,9563
238,BAC,2020-10-21,0 days 15:57:34.260019,1642700,24.07,24.06,109873,24592,25883,-1817
239,BAC,2020-10-21,0 days 15:59:03.263839,1676652,24.08,24.07,120172,69427,33682,-17917
240,BAC,2020-10-21,0 days 15:59:16.260585,1875830,24.07,24.06,95003,60192,-133142,100999
241,BAC,2020-10-21,0 days 15:59:23.260607,2026872,24.07,24.06,87153,60274,36130,-13431
242,BAC,2020-10-21,0 days 15:59:29.259033,2006848,24.06,24.05,99810,80989,-2124,56276
243,BAC,2020-10-21,0 days 15:59:46.250250,2026620,24.05,24.04,91199,66571,-5520,12437
244,BAC,2020-10-21,0 days 15:59:47.249698,2032140,24.05,24.04,95199,65471,12960,-5520
245,BAM,2020-10-21,0 days 15:57:34.226318,341536,33.63,33.62,1327,2744,-12292,2008
246,BAM,2020-10-21,0 days 15:57:35.226779,340928,33.63,33.62,1927,2344,608,-12292
247,BAM,2020-10-21,0 days 15:57:37.226979,341536,33.63,33.62,1927,2344,-2792,608
248,BAM,2020-10-21,0 days 15:57:38.226414,341228,33.63,33.62,1927,2144,308,-2792
249,BAM,2020-10-21,0 days 15:58:08.227808,341536,33.61,33.6,1000,3144,-1392,1708
250,BAM,2020-10-21,0 days 15:58:09.227947,339828,33.62,33.6,3400,3604,1708,-1392
251,BAM,2020-10-21,0 days 15:58:19.228581,341536,33.61,33.6,1600,444,-392,1708
252,BAM,2020-10-21,0 days 15:58:20.228554,339828,33.6,33.59,700,3313,1708,-392
253,BAX,2020-10-21,0 days 15:55:00.916139,134064,81.74,81.73,759,100,9731,-60167
254,BAX,2020-10-21,0 days 15:55:01.913275,131695,81.73,81.72,126,700,-2369,9731
255,BAX,2020-10-21,0 days 15:59:00.919452,176854,81.76,81.74,300,600,3941,-15990
256,BAX,2020-10-21,0 days 15:59:02.918470,162848,81.8,81.77,551,200,-5293,654
257,BAX,2020-10-21,0 days 15:59:13.918823,162667,81.78,81.75,200,200,-2904,3696
258,BAX,2020-10-21,0 days 15:59:15.915478,165571,81.77,81.75,100,200,3886,-604
259,BAX,2020-10-21,0 days 15:59:16.915494,163157,81.77,81.75,100,400,-114,3886
260,BAX,2020-10-21,0 days 15:59:18.915699,168771,81.81,81.8,280,100,44142,-114
261,BAX,2020-10-21,0 days 15:59:32.916100,220432,81.86,81.84,702,100,-449,4351
262,BAX,2020-10-21,0 days 15:59:34.916583,218881,81.86,81.85,525,200,1551,-2249
263,BAX,2020-10-21,0 days 15:59:43.915926,221151,81.86,81.85,200,121,-1005,2870
264,BAX,2020-10-21,0 days 15:59:44.917380,219756,81.85,81.81,300,650,1395,-1005
265,BAX,2020-10-21,0 days 15:59:49.917472,227058,81.87,81.85,259,250,-11700,1926
266,BAX,2020-10-21,0 days 15:59:50.917975,226203,81.86,81.83,259,400,755,-11700
267,BB,2020-10-21,0 days 15:55:07.236033,34358,5.08,5.07,83897,30245,18344,-10276
268,BBD,2020-10-21,0 days 15:59:36.233442,205414,3.86,3.85,475935,675565,64745,-76055
269,BBD,2020-10-21,0 days 15:59:37.233064,201559,3.86,3.85,476417,675165,-3855,64745
270,BE,2020-10-21,0 days 15:56:37.102870,156157,16.44,16.42,300,500,-27161,14317
271,BE,2020-10-21,0 days 15:59:21.104376,169110,16.45,16.41,317,600,-35868,26201
272,BE,2020-10-21,0 days 15:59:27.104369,144109,16.42,16.4,100,200,25401,-29941
273,BEN,2020-10-21,0 days 15:55:00.295709,164259,22.77,22.76,4052,3154,12157,-12136
274,BEN,2020-10-21,0 days 15:55:38.299821,176859,22.77,22.76,4280,5094,-888,1561
275,BEN,2020-10-21,0 days 15:55:39.299450,176776,22.77,22.76,5258,4776,83,-888
276,BEN,2020-10-21,0 days 15:55:42.299297,176859,22.77,22.76,5461,4457,-991,83
277,BEN,2020-10-21,0 days 15:55:43.299431,175750,22.77,22.76,5536,3757,1109,-991
278,BEN,2020-10-21,0 days 15:57:48.301184,178990,22.77,22.76,5877,5077,3826,-3574
279,BEN,2020-10-21,0 days 15:57:50.300672,182816,22.77,22.76,6177,5122,-6174,3826
280,BEN,2020-10-21,0 days 15:57:51.301122,178990,22.77,22.76,6411,5140,3826,-6174
281,BEN,2020-10-21,0 days 15:57:54.301015,182816,22.77,22.76,6451,5666,-5674,3826
282,BEN,2020-10-21,0 days 15:57:55.300710,178990,22.77,22.76,7119,5831,3826,-5674
283,BEN,2020-10-21,0 days 15:58:00.302171,182351,22.77,22.76,6799,6931,-4339,3826
284,BEN,2020-10-21,0 days 15:58:01.302224,178589,22.77,22.76,6503,6775,3762,-4339
285,BEN,2020-10-21,0 days 15:58:20.302394,189451,22.76,22.75,9928,1934,-2638,962
286,BEN,2020-10-21,0 days 15:58:21.302602,188389,22.76,22.75,10028,2058,562,-2638
287,BEN,2020-10-21,0 days 15:58:24.302565,189451,22.76,22.75,7243,3399,-238,562
288,BEN,2020-10-21,0 days 15:58:25.302487,188389,22.76,22.75,7203,3548,562,-238
289,BEN,2020-10-21,0 days 15:58:38.302453,188951,22.76,22.75,3640,4548,-38,962
290,BEN,2020-10-21,0 days 15:58:50.302518,187964,22.76,22.75,3076,5482,987,-38
291,BEN,2020-10-21,0 days 15:59:02.304806,189346,22.76,22.75,3199,6113,-387,1468
292,BEN,2020-10-21,0 days 15:59:03.303765,188833,22.76,22.75,2799,6413,513,-387
293,BEN,2020-10-21,0 days 15:59:07.304882,190833,22.78,22.77,4655,3162,507,-5393
294,BEN,2020-10-21,0 days 15:59:08.304583,191540,22.77,22.76,10480,1573,-12202,507
295,BEN,2020-10-21,0 days 15:59:44.293134,204379,22.76,22.75,7917,2033,1977,-4623
296,BHC,2020-10-21,0 days 15:56:31.102595,49585,17.6,17.59,5573,2610,13904,-18996
297,BHC,2020-10-21,0 days 15:56:32.102875,47789,17.6,17.59,5573,2610,-1796,13904
298,BHC,2020-10-21,0 days 15:59:18.105040,53763,17.59,17.58,2971,6790,-2074,1385
299,BHC,2020-10-21,0 days 15:59:39.105422,56337,17.6,17.59,12198,900,5526,-2074
300,BHP,2020-10-21,0 days 15:59:46.294005,24595,51.36,51.35,1454,2100,-1084,88
301,BK,2020-10-21,0 days 15:55:00.100192,271619,36.93,36.92,3668,2405,3591,-21208
302,BK,2020-10-21,0 days 15:55:01.100099,268867,36.93,36.92,1868,3181,-2752,3591
303,BK,2020-10-21,0 days 15:55:28.101728,271653,36.96,36.95,2924,2607,44,-8153
304,BK,2020-10-21,0 days 15:55:29.101677,271697,36.96,36.95,1424,5567,-856,44
305,BK,2020-10-21,0 days 15:55:36.101987,272582,36.96,36.95,2629,3301,3613,-8887
306,BK,2020-10-21,0 days 15:55:37.102051,268695,36.96,36.95,3729,2001,-3910,3613
307,BK,2020-10-21,0 days 15:56:02.101938,282878,36.93,36.92,6190,1900,613,-3117
308,BK,2020-10-21,0 days 15:56:03.102163,278591,36.93,36.92,5690,2074,-4287,613
309,BK,2020-10-21,0 days 15:57:10.103688,283485,36.93,36.92,3352,2282,605,-1028
310,BK,2020-10-21,0 days 15:57:11.104553,280447,36.93,36.92,3552,2282,-3038,605
311,BK,2020-10-21,0 days 15:57:35.104305,283485,36.93,36.92,3551,2284,3505,-1195
312,BK,2020-10-21,0 days 15:57:36.104035,280390,36.93,36.92,3551,2484,-3095,3505
313,BK,2020-10-21,0 days 15:59:02.111609,283679,36.93,36.92,3082,2800,-1878,3445
314,BK,2020-10-21,0 days 15:59:07.108124,290157,36.94,36.93,4987,1508,10172,-6621
315,BK,2020-10-21,0 days 15:59:11.108309,288619,36.94,36.93,2200,3922,-1538,4362
316,BK,2020-10-21,0 days 15:59:16.104083,289776,36.93,36.92,4211,2803,-697,1903
317,BK,2020-10-21,0 days 15:59:27.104346,290076,36.93,36.92,700,6103,-693,3907
318,BK,2020-10-21,0 days 15:59:31.105155,290769,36.94,36.93,5112,857,5493,-393
319,BKR,2020-10-21,0 days 15:55:01.089372,556867,14.05,14.04,6508,3515,9888,-9712
320,BKR,2020-10-21,0 days 15:57:42.091224,603788,14.12,14.11,1500,8356,3075,-14425
321,BKR,2020-10-21,0 days 15:57:48.091730,606863,14.12,14.11,1342,9568,-225,1375
322,BKR,2020-10-21,0 days 15:57:49.091826,605888,14.12,14.11,478,9568,975,-225
323,BKR,2020-10-21,0 days 15:58:56.094767,650328,14.09,14.08,4079,3791,-9056,7144
324,BKR,2020-10-21,0 days 15:58:57.094259,639784,14.09,14.08,3305,4091,10544,-9056
325,BKR,2020-10-21,0 days 15:59:01.095192,613947,14.08,14.07,3200,2926,-26115,11844
326,BKR,2020-10-21,0 days 15:59:34.094020,624174,14.05,14.04,800,2500,2888,-4312
327,BKR,2020-10-21,0 days 15:59:45.095337,626136,14.05,14.03,5000,2400,926,-31674
328,BMY,2020-10-21,0 days 15:59:16.292874,667367,60.11,60.1,2041,2778,8422,-8953
329,BMY,2020-10-21,0 days 15:59:24.293066,657263,60.09,60.08,3130,1199,5814,-4486
330,BMY,2020-10-21,0 days 15:59:25.292409,654377,60.09,60.07,3180,6439,-2386,5814
331,BOX,2020-10-21,0 days 15:59:32.248824,119470,16.5,16.49,5592,1339,81,-1214
332,BOX,2020-10-21,0 days 15:59:45.252315,116291,16.47,16.45,2781,4018,-879,3481
333,BOX,2020-10-21,0 days 15:59:46.249895,117270,16.47,16.45,2440,3818,2821,-879
334,BOX,2020-10-21,0 days 15:59:47.249559,116291,16.47,16.46,2240,1028,-879,2821
335,BP,2020-10-21,0 days 15:59:46.231336,64092,15.84,15.83,118681,9937,1499,-801
336,BRK.B,2020-10-21,0 days 15:59:16.236208,549286,210.19,210.1,200,230,135602,-78331
337,BRK.B,2020-10-21,0 days 15:59:17.236097,537007,210.37,210.25,100,400,-18066,135602
338,BRK.B,2020-10-21,0 days 15:59:24.236170,578540,210.26,210.17,232,200,46035,-18697
339,BRK.B,2020-10-21,0 days 15:59:32.236762,538743,210.3,210.27,100,400,-40440,9903
340,BRK.B,2020-10-21,0 days 15:59:33.237310,579140,210.3,210.23,100,100,46903,-40440
341,BTI,2020-10-21,0 days 15:58:10.228227,12427,33.41,33.4,3294,3821,-1348,352
342,BTI,2020-10-21,0 days 15:58:11.230301,11275,33.41,33.4,3494,2421,1152,-1348
343,BTI,2020-10-21,0 days 15:59:01.231301,12427,33.41,33.39,9514,1601,-2468,960
344,BTU,2020-10-21,0 days 15:59:07.231195,28013,1.69,1.68,7129,7420,-3864,1455
345,BTU,2020-10-21,0 days 15:59:36.229885,31877,1.69,1.68,13545,16169,2489,-3011
346,BTU,2020-10-21,0 days 15:59:37.230239,31666,1.69,1.68,12945,16169,-211,2489
347,BWA,2020-10-21,0 days 15:55:00.099977,938696,39.68,39.67,687,500,34969,-570357
348,BWA,2020-10-21,0 days 15:56:02.101765,975598,39.66,39.65,1823,690,-3505,28895
349,BWA,2020-10-21,0 days 15:56:03.102064,964103,39.66,39.65,1823,690,10795,-3505
350,BWA,2020-10-21,0 days 15:59:13.108646,1005272,39.62,39.61,900,700,-75284,3895
351,BWA,2020-10-21,0 days 15:59:14.108610,1000656,39.61,39.6,494,1100,4616,-75284
352,BWA,2020-10-21,0 days 15:59:31.105063,1040015,39.57,39.56,600,900,-889,5554
353,BWA,2020-10-21,0 days 15:59:33.105153,1040904,39.57,39.56,1800,200,3111,-889
354,BX,2020-10-21,0 days 15:59:23.237044,245675,54.46,54.45,650,500,-57262,5988
355,BX,2020-10-21,0 days 15:59:35.237270,305060,54.45,54.42,400,1800,6937,-2881
356,BX,2020-10-21,0 days 15:59:36.238123,311197,54.47,54.44,100,400,-2381,6937
357,BX,2020-10-21,0 days 15:59:37.237615,313560,54.44,54.39,850,2000,5417,-2381
358,C,2020-10-21,0 days 15:59:16.260300,1331920,42.98,42.97,2200,9300,315254,-264178
359,CAG,2020-10-21,0 days 15:56:16.102410,245476,37.16,37.15,1110,2282,-28282,3438
360,CAG,2020-10-21,0 days 15:56:26.102187,276336,37.17,37.16,5449,812,10326,-24903
361,CAG,2020-10-21,0 days 15:56:27.102342,269262,37.17,37.16,5376,923,-7074,10326
362,CARR,2020-10-21,0 days 15:56:08.237289,326345,33.36,33.35,803,1609,7516,-40951
363,CARR,2020-10-21,0 days 15:56:09.237859,320261,33.36,33.35,100,1623,-6084,7516
364,CARR,2020-10-21,0 days 15:59:29.236543,365905,33.37,33.36,200,900,-705,1595
365,CARR,2020-10-21,0 days 15:59:38.237103,364310,33.36,33.33,561,400,1595,-705
366,CARR,2020-10-21,0 days 15:59:46.238740,364329,33.37,33.35,2316,100,-1081,15319
367,CB,2020-10-21,0 days 15:55:00.295585,232985,128.43,128.3,1000,200,1389,-49235
368,CB,2020-10-21,0 days 15:55:18.297302,234918,128.35,128.3,609,300,-17189,22811
369,CB,2020-10-21,0 days 15:55:19.297456,233307,128.36,128.33,200,100,1611,-17189
370,CB,2020-10-21,0 days 15:56:15.299463,259413,128.19,128.17,200,338,-1801,3099
371,CB,2020-10-21,0 days 15:56:16.299292,255914,128.18,128.17,204,400,3499,-1801
372,CB,2020-10-21,0 days 15:57:40.300503,295656,128.26,128.22,100,538,-6919,1081
373,CB,2020-10-21,0 days 15:57:41.300661,290675,128.29,128.25,263,200,4981,-6919
374,CB,2020-10-21,0 days 15:57:43.300993,274956,128.41,128.32,240,100,-17419,3281
375,CB,2020-10-21,0 days 15:57:44.300859,274775,128.39,128.35,300,200,181,-17419
376,CB,2020-10-21,0 days 15:57:45.300965,274956,128.39,128.35,400,212,-419,181
377,CB,2020-10-21,0 days 15:57:46.301188,272275,128.39,128.35,400,212,2681,-419
378,CB,2020-10-21,0 days 15:58:07.301828,284299,128.36,128.33,205,100,-15077,4223
379,CB,2020-10-21,0 days 15:58:08.302189,277876,128.38,128.33,100,300,6423,-15077
380,CB,2020-10-21,0 days 15:58:27.302716,284299,128.37,128.34,140,200,-695,4005
381,CB,2020-10-21,0 days 15:58:28.302360,280794,128.39,128.34,200,200,3505,-695
382,CB,2020-10-21,0 days 15:58:34.302716,289299,128.39,128.35,100,100,-795,3905
383,CB,2020-10-21,0 days 15:58:35.302537,285294,128.39,128.35,217,100,4005,-795
384,CB,2020-10-21,0 days 15:58:37.302758,289299,128.37,128.35,100,100,-595,4005
385,CB,2020-10-21,0 days 15:58:38.302453,285294,128.37,128.34,300,234,4005,-595
386,CB,2020-10-21,0 days 15:58:41.302177,291640,128.36,128.34,100,300,-54,11046
387,CB,2020-10-21,0 days 15:58:43.302138,286994,128.37,128.33,100,400,4646,-54
388,CB,2020-10-21,0 days 15:58:44.302167,289299,128.39,128.34,117,100,-2395,4646
389,CB,2020-10-21,0 days 15:58:45.302484,285294,128.39,128.34,117,100,6346,-2395
390,CB,2020-10-21,0 days 15:59:09.304415,302447,128.35,128.26,573,200,6287,-14413
391,CB,2020-10-21,0 days 15:59:19.292629,289319,128.39,128.27,800,400,-20440,260
392,CB,2020-10-21,0 days 15:59:41.292952,319286,128.33,128.29,400,100,-934,1045
393,CB,2020-10-21,0 days 15:59:48.293893,322505,128.29,128.27,200,200,-536,603
394,CB,2020-10-21,0 days 15:59:50.296647,319641,128.29,128.22,200,200,2603,-297
395,CCI,2020-10-21,0 days 15:55:00.255018,137035,164.14,164.02,200,593,4371,-52631
396,CCI,2020-10-21,0 days 15:56:56.258854,137445,163.98,163.87,100,702,1564,-588
397,CCI,2020-10-21,0 days 15:56:57.258772,137109,163.98,163.88,200,220,-336,1564
398,CCI,2020-10-21,0 days 15:57:40.260415,143313,164.15,164.08,238,200,34,-1066
399,CCI,2020-10-21,0 days 15:57:41.260624,143347,164.15,164.08,238,1193,-66,34
400,CCI,2020-10-21,0 days 15:57:45.259558,142122,164.15,164.08,241,700,1225,-475
401,CCI,2020-10-21,0 days 15:57:55.259870,145027,164.3,164.12,100,200,220,-980
402,CCI,2020-10-21,0 days 15:57:56.260007,143947,164.25,164.12,157,200,-680,220
403,CCI,2020-10-21,0 days 15:58:02.261896,142669,164.21,164.13,100,300,278,-1734
404,CCI,2020-10-21,0 days 15:58:03.260979,139759,164.21,164.13,100,400,-2410,278
405,CCI,2020-10-21,0 days 15:58:16.260997,138440,164.21,164.02,100,302,2872,-58
406,CCI,2020-10-21,0 days 15:58:17.261695,137812,164.21,164.03,100,300,-528,2872
407,CCI,2020-10-21,0 days 15:58:39.261911,142608,164.22,164.08,200,300,534,-900
408,CCI,2020-10-21,0 days 15:58:40.261835,141842,164.22,164.08,200,986,-366,534
409,CCI,2020-10-21,0 days 15:58:42.262945,141608,164.21,164.08,100,1001,234,-366
410,CCI,2020-10-21,0 days 15:58:43.261946,140942,164.21,164.08,100,1101,-366,234
411,CCI,2020-10-21,0 days 15:58:55.262714,138914,164.08,164.01,100,200,-194,1644
412,CCI,2020-10-21,0 days 15:58:57.262096,138440,164.08,164.01,100,200,474,-194
413,CCI,2020-10-21,0 days 15:58:58.262168,138114,164.08,163.97,100,144,-994,474
414,CCI,2020-10-21,0 days 15:59:14.265415,145893,164.13,163.99,200,100,239,-1761
415,CCI,2020-10-21,0 days 15:59:15.260789,145216,164.13,164.02,200,400,-477,239
416,CCI,2020-10-21,0 days 15:59:20.259616,145793,164.13,164.04,100,277,1323,-2739
417,CCI,2020-10-21,0 days 15:59:28.259394,147560,164.14,164.03,100,100,956,-1806
418,CCI,2020-10-21,0 days 15:59:29.258974,146716,164.14,164.06,100,400,-644,956
419,CCI,2020-10-21,0 days 15:59:37.249175,148460,164.09,163.98,1001,1073,794,-306
420,CCI,2020-10-21,0 days 15:59:41.249665,145916,164.0,163.89,1200,873,-476,1424
421,CCI,2020-10-21,0 days 15:59:45.252315,141292,163.95,163.59,300,900,17485,-476
422,CCI,2020-10-21,0 days 15:59:46.249943,140665,163.91,163.67,100,951,-2727,17485
423,CCI,2020-10-21,0 days 15:59:48.250401,142416,163.96,163.26,100,1000,1849,-227
424,CCI,2020-10-21,0 days 15:59:49.249850,142265,163.96,163.26,100,1000,-27,1849
425,CCI,2020-10-21,0 days 15:59:54.250166,143686,163.84,162.2,100,400,5340,-527
426,CCI,2020-10-21,0 days 15:59:56.249465,141765,163.82,162.2,100,400,-527,5340
427,CCI,2020-10-21,0 days 16:00:00.248577,141292,163.77,162.2,100,400,15993,-466
428,CCK,2020-10-21,0 days 15:57:23.234040,110645,90.36,90.35,100,200,1135,-65
429,CCK,2020-10-21,0 days 15:57:24.233776,110180,90.36,90.33,481,295,-465,1135
430,CCK,2020-10-21,0 days 15:57:38.233529,115545,90.37,90.34,349,312,4035,-965
431,CCK,2020-10-21,0 days 15:57:39.233710,114580,90.37,90.34,349,312,-965,4035
432,CCK,2020-10-21,0 days 15:57:47.236218,120945,90.37,90.35,100,100,935,-1465
433,CCK,2020-10-21,0 days 15:57:58.233980,116070,90.35,90.31,100,360,-1075,2525
434,CCK,2020-10-21,0 days 15:58:03.234669,117155,90.34,90.3,200,300,206,-1075
435,CCK,2020-10-21,0 days 15:58:04.234895,115369,90.33,90.3,100,400,-1786,206
436,CCK,2020-10-21,0 days 15:59:11.237739,116704,90.32,90.26,100,200,-688,1312
437,CCK,2020-10-21,0 days 15:59:15.237428,116292,90.26,90.22,100,257,412,-688
438,CCK,2020-10-21,0 days 15:59:45.235232,116424,90.21,90.09,650,600,340,-324
439,CCL,2020-10-21,0 days 15:55:00.916664,235133,14.49,14.48,2544,33239,-3759,25104
440,CCL,2020-10-21,0 days 15:55:01.913423,230892,14.49,14.48,14249,26413,4241,-3759
441,CCL,2020-10-21,0 days 15:59:46.916348,300290,14.47,14.46,4533,31349,-2727,9934
442,CCL,2020-10-21,0 days 15:59:48.918275,296017,14.48,14.47,34536,5700,2273,-1427
443,CDE,2020-10-21,0 days 15:55:00.234579,76688,7.95,7.94,3079,7716,-24376,13821
444,CDE,2020-10-21,0 days 15:58:02.239184,76971,7.94,7.93,5080,7347,-3903,1342
445,CDE,2020-10-21,0 days 15:58:04.238797,76269,7.94,7.93,7205,5951,702,-198
446,CDE,2020-10-21,0 days 15:58:06.237980,76971,7.94,7.93,6680,4917,-855,762
447,CDE,2020-10-21,0 days 15:58:07.238116,75726,7.94,7.93,6804,4817,1245,-855
448,CDE,2020-10-21,0 days 15:58:35.238921,76971,7.94,7.93,3690,9256,-1352,3162
449,CDE,2020-10-21,0 days 15:58:36.238769,75223,7.94,7.93,3666,8856,1748,-1352
450,CF,2020-10-21,0 days 15:59:04.919318,225056,27.24,27.23,2160,555,-1109,391
451,CF,2020-10-21,0 days 15:59:15.915478,229309,27.21,27.2,801,700,-9534,1944
452,CF,2020-10-21,0 days 15:59:16.915445,224743,27.22,27.21,2311,200,2766,-9534
453,CF,2020-10-21,0 days 15:59:38.917685,231470,27.22,27.21,1011,2065,-23802,2585
454,CF,2020-10-21,0 days 15:59:39.916641,228572,27.21,27.2,100,1564,2898,-23802
455,CFG,2020-10-21,0 days 15:59:46.916394,264196,27.57,27.56,5000,800,7369,-938
456,CFG,2020-10-21,0 days 15:59:51.917771,264162,27.56,27.55,2400,2198,4493,-11531
457,CGC,2020-10-21,0 days 15:57:49.259718,25843,19.49,19.47,2600,3300,-716,2684
458,CGC,2020-10-21,0 days 15:59:02.267191,26829,19.5,19.48,100,2241,-522,1878
459,CGC,2020-10-21,0 days 15:59:23.260425,27719,19.49,19.48,384,200,-247,853
460,CGC,2020-10-21,0 days 15:59:30.252605,27966,19.5,19.48,1500,700,3773,-4101
461,CGC,2020-10-21,0 days 15:59:31.251285,27739,19.5,19.48,1600,5600,-227,3773
462,CGC,2020-10-21,0 days 15:59:46.249895,27966,19.53,19.5,200,500,369,-382
463,CHWY,2020-10-21,0 days 15:55:45.259374,37999,64.8,64.73,300,303,-136,464
464,CHWY,2020-10-21,0 days 15:57:39.260067,42096,64.74,64.69,205,353,-2065,858
465,CHWY,2020-10-21,0 days 15:57:41.260692,41027,64.66,64.64,100,104,1576,-2065
466,CHWY,2020-10-21,0 days 15:57:47.262834,43203,64.67,64.64,717,100,-217,376
467,CHWY,2020-10-21,0 days 15:58:03.261069,42120,64.67,64.64,100,200,1283,-165
468,CHWY,2020-10-21,0 days 15:59:46.250328,48924,64.72,64.69,613,311,-1021,168
469,CI,2020-10-21,0 days 15:59:15.239844,232521,174.58,174.46,311,100,3486,-1567
470,CI,2020-10-21,0 days 15:59:16.236768,230807,174.56,174.52,311,100,-1714,3486
471,CI,2020-10-21,0 days 15:59:23.237044,232521,174.62,174.53,100,400,391,-1714
472,CI,2020-10-21,0 days 15:59:31.237302,231264,174.6,174.54,100,200,-1257,491
473,CI,2020-10-21,0 days 15:59:39.237631,232521,174.57,174.52,249,200,3843,-1257
474,CI,2020-10-21,0 days 15:59:40.238462,231724,174.55,174.46,449,200,-797,3843
475,CI,2020-10-21,0 days 15:59:43.237357,232521,174.55,174.47,649,299,203,-797
476,CI,2020-10-21,0 days 15:59:47.238498,232061,174.6,174.51,100,234,-460,8940
477,CI,2020-10-21,0 days 15:59:49.238859,232521,174.6,174.52,100,148,863,-460
478,CI,2020-10-21,0 days 15:59:50.241660,231925,174.6,174.47,100,200,-596,863
479,CI,2020-10-21,0 days 15:59:51.240208,232521,174.6,174.47,100,300,45,-596
480,CIG,2020-10-21,0 days 15:55:24.234775,250849,2.01,2.0,236931,72857,-6427,11573
481,CIG,2020-10-21,0 days 15:55:25.235113,234276,2.01,2.0,236831,72857,16573,-6427
482,CIG,2020-10-21,0 days 15:55:34.232943,250849,2.01,2.0,233131,72857,-1427,10573
483,CIG,2020-10-21,0 days 15:55:35.232782,235976,2.01,2.0,229731,72857,14873,-1427
484,CIG,2020-10-21,0 days 15:58:06.234836,279049,2.01,2.0,267933,61052,-13027,6973
485,CIG,2020-10-21,0 days 15:58:07.234846,263376,2.01,2.0,267933,61052,15673,-13027
486,CIG,2020-10-21,0 days 15:58:49.237574,279049,2.01,2.0,274981,64803,-11281,3719
487,CIG,2020-10-21,0 days 15:58:50.237756,150030,2.01,2.0,273481,64703,129019,-11281
488,CIG,2020-10-21,0 days 15:59:01.239891,279049,2.01,2.0,234781,135102,-100378,129019
489,CIG,2020-10-21,0 days 15:59:02.243134,269027,2.01,2.0,234781,135102,53633,-100378
490,CIT,2020-10-21,0 days 15:55:51.237286,150555,27.99,27.97,1440,1002,-10306,792
491,CIT,2020-10-21,0 days 15:56:02.237505,149393,27.99,27.98,500,100,1162,-6
492,CIT,2020-10-21,0 days 15:57:49.236916,148658,27.9,27.87,600,800,1997,-1303
493,CIT,2020-10-21,0 days 15:58:10.238244,150675,27.87,27.86,300,100,-20,780
494,CIT,2020-10-21,0 days 15:58:17.238584,150675,27.88,27.87,200,500,-620,780
495,CIT,2020-10-21,0 days 15:58:27.239443,150675,27.89,27.88,300,300,-2020,780
496,CIT,2020-10-21,0 days 15:58:28.238798,150195,27.89,27.88,300,200,480,-2020
497,CIT,2020-10-21,0 days 15:58:38.238844,149095,27.89,27.87,800,800,1580,-620
498,CIT,2020-10-21,0 days 15:58:46.239253,150675,27.9,27.88,211,500,-2020,1480
499,CIT,2020-10-21,0 days 15:58:47.240035,147395,27.87,27.86,200,200,3280,-2020
500,CIT,2020-10-21,0 days 15:59:02.245348,152295,27.91,27.88,100,200,462,-320
501,CL,2020-10-21,0 days 15:59:25.241250,618679,80.28,80.27,200,900,8540,-27259
502,CL,2020-10-21,0 days 15:59:27.240734,607055,80.29,80.28,200,883,-13905,10976
503,CL,2020-10-21,0 days 15:59:30.244870,621999,80.28,80.27,100,500,4556,-4444
504,CL,2020-10-21,0 days 15:59:31.241985,619791,80.28,80.27,500,700,-2208,4556
505,CL,2020-10-21,0 days 15:59:47.241457,655298,80.23,80.21,1200,500,675,-16599
506,CL,2020-10-21,0 days 15:59:48.240526,654579,80.23,80.21,700,300,-1039,675
507,CL,2020-10-21,0 days 15:59:57.241623,656627,80.2,80.18,300,606,2385,-8306
508,CLDR,2020-10-21,0 days 15:55:00.233970,72674,10.12,10.11,6155,4934,-3478,14594
509,CLDR,2020-10-21,0 days 15:55:35.237378,76152,10.12,10.11,4668,9698,183,-1717
510,CLDR,2020-10-21,0 days 15:57:21.237400,82295,10.11,10.1,2850,9140,-163,537
511,CLDR,2020-10-21,0 days 15:57:22.238146,81558,10.11,10.1,2553,9140,337,-163
512,CLDR,2020-10-21,0 days 15:58:02.239051,82295,10.11,10.1,5053,4932,-1763,4437
513,CLDR,2020-10-21,0 days 15:59:01.241257,84971,10.1,10.09,7056,5029,-4194,6406
514,CLDR,2020-10-21,0 days 15:59:02.245348,84365,10.1,10.09,5956,5329,166,-4194
515,CLDR,2020-10-21,0 days 15:59:21.240556,85728,10.1,10.09,8329,2921,-78,558
516,CLDR,2020-10-21,0 days 15:59:46.240707,90028,10.09,10.08,2358,9425,-2024,476
517,CLDR,2020-10-21,0 days 15:59:47.241504,89752,10.09,10.08,2358,9125,276,-2024
518,CLF,2020-10-21,0 days 15:57:35.226779,162820,7.99,7.98,16771,28245,4345,-1407
519,CLF,2020-10-21,0 days 15:57:36.226750,160465,7.99,7.98,10171,28245,-2355,4345
520,CLF,2020-10-21,0 days 15:58:13.228373,187977,7.99,7.98,12831,23266,-3950,2550
521,CLF,2020-10-21,0 days 15:59:06.231251,191927,7.99,7.98,5901,18295,4776,-2098
522,CLR,2020-10-21,0 days 15:59:15.093921,128146,13.14,13.13,5572,3919,7955,-6364
523,CLR,2020-10-21,0 days 15:59:16.093521,124701,13.14,13.13,3772,4119,-3445,7955
524,CLR,2020-10-21,0 days 15:59:22.093902,124674,13.13,13.12,5512,300,-722,2505
525,CMA,2020-10-21,0 days 15:55:00.100040,189617,42.55,42.53,590,300,4407,-6267
526,CMA,2020-10-21,0 days 15:55:01.100023,188424,42.55,42.53,590,737,-1193,4407
527,CMA,2020-10-21,0 days 15:55:09.100673,189717,42.56,42.55,428,100,2307,-1193
528,CMA,2020-10-21,0 days 15:55:10.100828,188824,42.56,42.55,1728,617,-793,2307
529,CMA,2020-10-21,0 days 15:57:47.104851,202375,42.56,42.55,1027,400,538,-1262
530,CMA,2020-10-21,0 days 15:57:48.104452,200513,42.56,42.55,990,300,-1762,538
531,CMA,2020-10-21,0 days 15:57:50.104455,202375,42.55,42.53,100,200,538,-1762
532,CMA,2020-10-21,0 days 15:57:51.104025,200513,42.56,42.54,1990,476,-1762,538
533,CMA,2020-10-21,0 days 15:58:04.105139,202375,42.55,42.54,2205,100,2228,-2734
534,CMA,2020-10-21,0 days 15:58:05.105340,200503,42.55,42.54,2205,537,-1772,2228
535,CMA,2020-10-21,0 days 15:59:25.104329,207945,42.51,42.49,112,244,262,-238
536,CMA,2020-10-21,0 days 15:59:32.105100,206540,42.51,42.49,803,400,-1405,262
537,CMA,2020-10-21,0 days 15:59:48.105834,207300,42.46,42.4,500,900,-345,2055
538,CNK,2020-10-21,0 days 15:59:23.108496,963366,8.62,8.61,6890,3813,-16379,455228
539,CNK,2020-10-21,0 days 15:59:24.105132,935145,8.61,8.6,9036,4109,28221,-16379
540,CNK,2020-10-21,0 days 15:59:25.104515,963366,8.61,8.6,6536,5917,-35714,28221
541,CNK,2020-10-21,0 days 15:59:26.104370,949780,8.61,8.6,6336,5945,13586,-35714
542,CNK,2020-10-21,0 days 15:59:47.105218,975337,8.61,8.6,6000,9614,-73047,11476
543,CNK,2020-10-21,0 days 15:59:48.106120,971084,8.61,8.6,11200,3829,4253,-73047
544,CNP,2020-10-21,0 days 15:55:39.231133,421357,21.6,21.59,11055,1846,-13343,4733
545,CNP,2020-10-21,0 days 15:55:40.231017,410100,21.59,21.58,5108,6600,11257,-13343
546,CNP,2020-10-21,0 days 15:57:06.233065,421442,21.6,21.59,3813,10842,-2261,2745
547,CNP,2020-10-21,0 days 15:57:07.232971,411403,21.6,21.59,4275,10622,10039,-2261
548,CNP,2020-10-21,0 days 15:57:49.233362,426448,21.6,21.59,4994,8900,-8355,3445
549,CNP,2020-10-21,0 days 15:57:50.233505,419103,21.6,21.59,5101,9500,7345,-8355
550,CNP,2020-10-21,0 days 15:58:40.235359,442236,21.59,21.58,10556,8582,-61244,4928
551,CNQ,2020-10-21,0 days 15:55:35.298244,26083,17.0,16.99,1947,19638,2104,-3996
552,CNQ,2020-10-21,0 days 15:55:36.298947,25287,17.0,16.99,2828,19538,-796,2104
553,CNQ,2020-10-21,0 days 15:55:47.299364,26402,17.0,16.99,13093,2800,5387,-7550
554,CNQ,2020-10-21,0 days 15:55:48.299190,25589,17.0,16.99,13093,2800,-813,5387
555,CNX,2020-10-21,0 days 15:55:18.222856,110179,10.36,10.35,1661,4874,814,-1486
556,CNX,2020-10-21,0 days 15:55:19.223089,109893,10.36,10.35,1661,4309,-286,814
557,CNX,2020-10-21,0 days 15:55:35.223936,110179,10.37,10.36,3900,2517,314,-1486
558,CNX,2020-10-21,0 days 15:55:38.224352,110493,10.37,10.36,3300,2307,-1111,314
559,CNX,2020-10-21,0 days 15:56:19.224868,112998,10.37,10.36,4100,1805,945,-1563
560,CNX,2020-10-21,0 days 15:56:20.224778,112743,10.37,10.36,3900,2007,-255,945
561,CNX,2020-10-21,0 days 15:57:45.226680,114898,10.36,10.35,3131,3701,345,-155
562,CNX,2020-10-21,0 days 15:57:46.226762,114543,10.36,10.35,2831,3801,-355,345
563,CNX,2020-10-21,0 days 15:57:47.227604,114898,10.36,10.35,3831,2701,1145,-355
564,CNX,2020-10-21,0 days 15:57:48.226924,113343,10.36,10.35,3707,3201,-1555,1145
565,CNX,2020-10-21,0 days 15:58:17.228242,114898,10.36,10.35,1693,3702,290,-1310
566,CNX,2020-10-21,0 days 15:58:18.228683,113588,10.36,10.35,1493,4002,-1310,290
567,CNX,2020-10-21,0 days 15:59:07.231383,123351,10.36,10.35,5531,2271,-1476,1353
568,CNX,2020-10-21,0 days 15:59:39.231408,132130,10.33,10.32,6908,2996,-687,6013
569,COF,2020-10-21,0 days 15:55:24.223067,173836,74.06,74.04,200,1238,2157,-543
570,COF,2020-10-21,0 days 15:56:15.225052,182914,73.93,73.91,300,300,202,-698
571,COF,2020-10-21,0 days 15:56:16.224492,182316,73.93,73.92,100,300,-598,202
572,COF,2020-10-21,0 days 15:57:34.226192,184275,73.88,73.85,424,410,2356,-644
573,COF,2020-10-21,0 days 15:57:35.226666,183831,73.88,73.85,524,410,-444,2356
574,COF,2020-10-21,0 days 15:57:37.226879,184275,73.88,73.85,724,1310,1456,-344
575,COF,2020-10-21,0 days 15:58:00.228112,191675,73.85,73.82,300,200,911,-289
576,COF,2020-10-21,0 days 15:58:09.227786,189277,73.85,73.82,200,900,3233,-567
577,COF,2020-10-21,0 days 15:58:13.228236,278210,73.79,73.75,100,275,-3567,1033
578,COF,2020-10-21,0 days 15:58:53.229215,201911,73.76,73.73,566,722,-296044,1956
579,COF,2020-10-21,0 days 15:59:14.231602,212960,73.75,73.73,100,200,130676,-167773
580,COF,2020-10-21,0 days 15:59:24.229823,216333,73.76,73.7,168,300,131862,-166138
581,COF,2020-10-21,0 days 15:59:25.230295,226795,73.77,73.72,100,100,-287538,131862
582,COF,2020-10-21,0 days 15:59:26.229574,216333,73.77,73.69,368,300,141011,-287538
583,COF,2020-10-21,0 days 15:59:27.229814,226695,73.77,73.7,200,300,-287638,141011
584,COF,2020-10-21,0 days 15:59:30.234885,216333,73.75,73.7,200,100,143810,-156639
585,COG,2020-10-21,0 days 15:55:00.088873,287013,19.3,19.29,2475,8418,-13125,31111
586,COG,2020-10-21,0 days 15:59:06.094716,354601,19.25,19.24,9685,800,2268,-1147
587,COG,2020-10-21,0 days 15:59:07.095130,356869,19.25,19.24,8275,3700,-2749,2268
588,COG,2020-10-21,0 days 15:59:24.095064,387254,19.23,19.22,9185,1632,15952,-10100
589,COG,2020-10-21,0 days 15:59:25.093824,380906,19.23,19.22,3900,3732,-6047,15952
590,COG,2020-10-21,0 days 15:59:32.094514,386953,19.23,19.22,9444,3332,1131,-87
591,COG,2020-10-21,0 days 15:59:42.095042,378684,19.22,19.21,10007,2432,-3948,6152
592,COG,2020-10-21,0 days 15:59:43.094535,382632,19.22,19.21,10822,232,2067,-3948
593,COG,2020-10-21,0 days 15:59:45.095374,379099,19.22,19.21,10568,602,-1430,3867
594,COG,2020-10-21,0 days 15:59:46.095514,382632,19.22,19.2,13868,4500,1990,-1430
595,COG,2020-10-21,0 days 15:59:52.096118,376303,19.2,19.19,5357,2900,2788,-2538
596,COLD,2020-10-21,0 days 15:55:00.255214,994271,36.81,36.8,718,1904,-20425,37849
597,COLD,2020-10-21,0 days 15:55:23.256413,1009911,36.84,36.83,300,3146,1391,-2840
598,COLD,2020-10-21,0 days 15:55:28.256980,1014323,36.88,36.86,300,1500,-388,1612
599,COLD,2020-10-21,0 days 15:55:29.257056,1012811,36.88,36.86,707,1500,1512,-388
600,COLD,2020-10-21,0 days 15:57:34.260019,1015687,36.86,36.85,1542,1992,-2641,959
601,COP,2020-10-21,0 days 15:58:53.106983,916787,30.72,30.71,16149,2104,-12483,2717
602,COP,2020-10-21,0 days 15:59:05.108603,932102,30.72,30.71,4129,1651,118303,-3858
603,COP,2020-10-21,0 days 15:59:23.108496,1028045,30.72,30.71,7075,3800,-57678,3557
604,COP,2020-10-21,0 days 15:59:24.105091,1084623,30.7,30.69,7064,2500,64222,-57678
605,COP,2020-10-21,0 days 15:59:25.104515,1080445,30.71,30.7,1800,5584,-4378,64222
606,COP,2020-10-21,0 days 15:59:32.105385,1084649,30.71,30.7,1401,6216,-452,748
607,COP,2020-10-21,0 days 15:59:45.105798,1069775,30.7,30.69,6340,1757,-40449,23183
608,COP,2020-10-21,0 days 15:59:46.105769,1125262,30.69,30.68,8996,1000,49347,-40449
609,COP,2020-10-21,0 days 15:59:47.105218,1131430,30.69,30.68,100,3100,-1494,49347
610,COTY,2020-10-21,0 days 15:58:58.237774,124013,3.27,3.26,38368,89980,-8712,8588
611,CPB,2020-10-21,0 days 15:55:00.915823,144636,47.83,47.82,726,916,-61895,55568
612,CPB,2020-10-21,0 days 15:56:06.918064,184909,47.82,47.81,1468,1360,750,-1650
613,CPB,2020-10-21,0 days 15:56:07.918139,183259,47.82,47.81,1468,1360,-1650,750
614,CPB,2020-10-21,0 days 15:57:44.913880,187826,47.8,47.79,380,1925,585,-1015
615,CPB,2020-10-21,0 days 15:57:45.914226,183811,47.82,47.81,1038,800,-4015,585
616,CPB,2020-10-21,0 days 15:58:09.917852,187826,47.82,47.81,860,261,278,-922
617,CPB,2020-10-21,0 days 15:58:11.916667,187204,47.82,47.81,700,462,-622,478
618,CPB,2020-10-21,0 days 15:58:12.915632,187826,47.82,47.81,600,361,978,-622
619,CPB,2020-10-21,0 days 15:58:13.916058,187204,47.81,47.8,700,100,-622,978
620,CPB,2020-10-21,0 days 15:59:04.919156,209678,47.83,47.81,600,495,11351,-1993
621,CPB,2020-10-21,0 days 15:59:05.919761,207793,47.82,47.81,397,495,-1885,11351
622,CPB,2020-10-21,0 days 15:59:22.915768,220413,47.79,47.78,524,200,-1978,629
623,CPB,2020-10-21,0 days 15:59:27.914731,222391,47.79,47.78,300,200,134,-242
624,CPB,2020-10-21,0 days 15:59:43.915786,222167,47.76,47.75,400,202,-574,3026
625,CPRI,2020-10-21,0 days 15:55:55.223228,124364,22.17,22.16,400,900,-468,532
626,CPRI,2020-10-21,0 days 15:55:56.222912,123832,22.17,22.16,400,900,532,-468
627,CPRI,2020-10-21,0 days 15:57:33.225225,124779,22.16,22.14,400,1201,-853,347
628,CPRI,2020-10-21,0 days 15:57:34.225342,124432,22.16,22.14,500,501,347,-853
629,CPRI,2020-10-21,0 days 15:58:02.226572,124779,22.16,22.15,910,276,-353,1547
630,CPRI,2020-10-21,0 days 15:58:03.226238,122660,22.16,22.15,648,881,2119,-353
631,CPRI,2020-10-21,0 days 15:58:09.226824,126556,22.16,22.15,574,688,-1055,1245
632,CPRI,2020-10-21,0 days 15:58:15.227079,130411,22.17,22.16,1438,494,753,-847
633,CPRI,2020-10-21,0 days 15:58:40.228385,131164,22.18,22.16,1553,400,-22977,1053
634,CPRI,2020-10-21,0 days 15:59:45.230633,173094,22.13,22.12,577,499,-254,507
635,CRM,2020-10-21,0 days 15:53:36.229153,178127,254.69,254.62,100,102,-282,141
636,CRM,2020-10-21,0 days 15:55:01.230024,233829,254.34,254.25,100,100,-2035,7165
637,CRM,2020-10-21,0 days 15:56:15.232059,240005,254.34,254.25,200,300,14887,-1813
638,CRM,2020-10-21,0 days 15:56:16.231884,239392,254.34,254.25,100,331,-613,14887
639,CRM,2020-10-21,0 days 15:57:35.234617,243050,254.21,254.14,310,200,-155,3421
640,CRM,2020-10-21,0 days 15:57:37.234223,243205,254.21,254.09,300,101,2386,-1455
641,CRM,2020-10-21,0 days 15:57:38.233416,241391,254.21,254.11,200,100,-1814,2386
642,CRM,2020-10-21,0 days 15:57:45.233532,243205,254.17,254.11,100,200,4986,-614
643,CRM,2020-10-21,0 days 15:57:50.233937,246191,254.13,254.09,200,100,-1214,1086
644,CRM,2020-10-21,0 days 15:57:51.234060,245905,254.13,254.09,202,200,286,-1214
645,CRM,2020-10-21,0 days 15:57:52.233923,246191,254.13,254.04,202,100,-1516,286
646,CRM,2020-10-21,0 days 15:57:56.233740,246191,254.15,254.07,100,100,-916,2584
647,CRM,2020-10-21,0 days 15:57:57.233834,245507,254.15,254.07,100,100,684,-916
648,CRM,2020-10-21,0 days 15:57:58.233862,246191,254.16,254.07,299,100,-616,684
649,CRM,2020-10-21,0 days 15:58:02.234968,246191,254.19,254.13,300,200,-16,384
650,CRM,2020-10-21,0 days 15:58:08.235328,242926,254.27,254.13,100,100,-2993,4972
651,CRM,2020-10-21,0 days 15:58:10.235062,243619,254.18,254.13,100,100,3340,-2193
652,CRM,2020-10-21,0 days 15:58:13.236419,244118,254.2,254.13,100,100,-2638,2303
653,CRM,2020-10-21,0 days 15:58:14.235723,245456,254.2,254.11,100,100,2703,-2638
654,CRM,2020-10-21,0 days 15:58:29.236875,246959,254.17,254.09,100,100,-197,203
655,CRM,2020-10-21,0 days 15:58:30.235467,246356,254.17,254.07,100,200,603,-197
656,CRM,2020-10-21,0 days 15:58:33.235769,246959,254.17,254.07,100,108,-197,203
657,CRM,2020-10-21,0 days 15:58:34.235747,246756,254.18,254.1,318,100,203,-197
658,CRM,2020-10-21,0 days 15:58:42.236551,243694,254.25,254.14,100,102,-3062,203
659,CRM,2020-10-21,0 days 15:58:55.238226,245791,254.15,254.07,100,100,3068,-197
660,CRM,2020-10-21,0 days 15:58:58.238093,243819,254.18,254.08,200,100,-2983,168
661,CRM,2020-10-21,0 days 15:58:59.238596,245802,254.2,254.14,100,200,3304,-2983
662,CRM,2020-10-21,0 days 15:59:00.241923,247306,254.2,254.1,100,100,-1109,3304
663,CRM,2020-10-21,0 days 15:59:01.239847,247215,254.17,254.11,200,100,91,-1109
664,CRM,2020-10-21,0 days 15:59:04.241225,244912,254.28,254.12,100,200,-3303,562
665,CRM,2020-10-21,0 days 15:59:09.237443,251509,254.22,254.13,100,100,2768,-497
666,CRM,2020-10-21,0 days 15:59:10.236877,251277,254.28,254.13,100,368,-232,2768
667,CRM,2020-10-21,0 days 15:59:12.236913,251509,254.28,254.14,100,200,2768,-3497
668,CRM,2020-10-21,0 days 15:59:18.233656,248436,254.28,254.1,100,100,-3426,15
669,CRM,2020-10-21,0 days 15:59:21.232335,251862,254.28,254.1,100,100,2315,-526
670,CS,2020-10-21,0 days 15:57:12.239598,68976,10.64,10.63,94098,8557,-228,865
671,CS,2020-10-21,0 days 15:57:57.236357,28704,10.64,10.63,97582,14857,40272,-228
672,CS,2020-10-21,0 days 15:59:01.239680,69676,10.64,10.63,118384,8171,-24588,32012
673,CS,2020-10-21,0 days 15:59:02.242107,67264,10.64,10.63,144386,11004,1912,-24588
674,CS,2020-10-21,0 days 15:59:46.238715,69676,10.63,10.62,108900,57080,-981,2519
675,CS,2020-10-21,0 days 15:59:48.239218,67857,10.63,10.62,108461,61019,1819,-981
676,CTVA,2020-10-21,0 days 15:55:01.221604,304541,32.95,32.94,1092,1300,-3683,4917
677,CTVA,2020-10-21,0 days 15:57:34.226308,314235,32.95,32.94,3335,199,4619,-581
678,CTVA,2020-10-21,0 days 15:57:35.226758,310954,32.95,32.93,3151,1185,-3281,4619
679,CTVA,2020-10-21,0 days 15:57:37.226966,314235,32.94,32.93,2343,181,1919,-1181
680,CTVA,2020-10-21,0 days 15:57:41.227076,314235,32.94,32.93,2693,881,519,-581
681,CTVA,2020-10-21,0 days 15:57:42.227368,314154,32.94,32.93,1997,1881,-81,519
682,CTVA,2020-10-21,0 days 15:57:43.226552,314235,32.95,32.94,984,1300,319,-81
683,CTVA,2020-10-21,0 days 15:57:44.226984,313554,32.96,32.95,900,100,-681,319
684,CTVA,2020-10-21,0 days 15:58:09.227933,313300,32.96,32.95,2840,460,6024,-2171
685,CTVA,2020-10-21,0 days 15:58:10.228209,310424,32.96,32.95,2256,460,-2876,6024
686,CTVA,2020-10-21,0 days 15:58:56.229644,313300,32.95,32.94,2777,600,3924,-676
687,CUK,2020-10-21,0 days 15:56:21.238239,10889,12.56,12.55,2707,6480,88,-1812
688,CUK,2020-10-21,0 days 15:57:21.239605,11277,12.57,12.56,6663,3980,-319,381
689,CUK,2020-10-21,0 days 15:57:59.236697,11596,12.56,12.55,6263,7824,81,-119
690,CUK,2020-10-21,0 days 15:59:04.240688,11877,12.56,12.55,3029,2312,-24,981
691,CUK,2020-10-21,0 days 15:59:05.239968,11301,12.56,12.55,2829,3312,576,-24
692,CUK,2020-10-21,0 days 15:59:07.239601,13026,12.56,12.55,2629,2312,-175,576
693,CUK,2020-10-21,0 days 15:59:08.239735,12801,12.56,12.55,2829,1712,225,-175
694,CUK,2020-10-21,0 days 15:59:12.240189,13026,12.56,12.55,3329,1712,-475,225
695,CUK,2020-10-21,0 days 15:59:13.240951,12901,12.56,12.55,4029,1312,125,-475
696,CUK,2020-10-21,0 days 15:59:17.236559,13026,12.55,12.54,4309,512,-3611,125
697,CVE,2020-10-21,0 days 15:59:04.240628,10054,3.59,3.58,478233,116881,964,-771
698,CVE,2020-10-21,0 days 15:59:36.238106,11328,3.59,3.58,493476,121368,-2131,3069
699,CVNA,2020-10-21,0 days 15:57:26.094259,31411,192.8,192.13,800,400,-116,1080
700,CVNA,2020-10-21,0 days 15:57:27.093727,29927,192.7,192.13,100,400,1484,-116
701,CVS,2020-10-21,0 days 15:55:00.916082,445350,59.35,59.34,813,1538,-91326,5142
702,CVS,2020-10-21,0 days 15:59:06.919549,585541,59.32,59.31,1100,500,12138,-3567
703,CVS,2020-10-21,0 days 15:59:07.919786,583283,59.32,59.31,1214,378,-2258,12138
704,CVS,2020-10-21,0 days 15:59:09.919239,585228,59.32,59.3,1514,1167,1705,-1508
705,CVS,2020-10-21,0 days 15:59:10.918949,583033,59.31,59.3,1181,800,-2195,1705
706,CVS,2020-10-21,0 days 15:59:29.916128,583388,59.26,59.25,1000,1493,-569,879
707,CVS,2020-10-21,0 days 15:59:41.916354,588039,59.24,59.22,1600,400,7950,-86
708,CVS,2020-10-21,0 days 15:59:42.915642,586989,59.25,59.23,1400,1500,-1050,7950
709,CVS,2020-10-21,0 days 15:59:45.916149,587439,59.24,59.22,1199,900,208,-1191
710,CVX,2020-10-21,0 days 15:55:00.235783,645730,71.1,71.08,1400,100,-160948,45230
711,CVX,2020-10-21,0 days 15:56:51.239093,717700,71.01,71.0,200,764,53935,-46065
712,CVX,2020-10-21,0 days 15:56:52.238464,711435,71.02,71.01,1258,300,-6265,53935
713,CVX,2020-10-21,0 days 15:57:12.239606,716191,71.01,70.99,2222,500,-5521,71743
714,CVX,2020-10-21,0 days 15:57:27.239658,721712,71.01,71.0,1304,1587,71778,-28222
715,CVX,2020-10-21,0 days 15:57:28.239662,716090,71.02,71.01,1100,1624,-5622,71778
716,CVX,2020-10-21,0 days 15:57:49.235782,719591,71.01,71.0,3301,771,-2921,84078
717,CVX,2020-10-21,0 days 15:58:05.237170,717850,71.0,70.99,100,1143,-5870,62337
718,CVX,2020-10-21,0 days 15:58:15.237641,735801,70.95,70.94,1000,1437,-3826,2274
719,CVX,2020-10-21,0 days 15:58:18.237689,738727,70.93,70.92,1000,520,3374,-3826
720,CVX,2020-10-21,0 days 15:58:21.237423,735601,70.93,70.92,822,720,-3126,3174
721,CVX,2020-10-21,0 days 15:58:27.238496,735601,70.93,70.92,1312,436,-3126,974
722,CVX,2020-10-21,0 days 15:59:00.242242,697532,70.95,70.94,2299,400,-50268,3
723,CVX,2020-10-21,0 days 15:59:03.239238,744711,70.95,70.94,2360,301,43021,-3879
724,CVX,2020-10-21,0 days 15:59:04.240647,741498,70.95,70.94,600,1101,-2313,43021
725,CVX,2020-10-21,0 days 15:59:08.239711,744375,70.95,70.94,2160,200,4823,-6536
726,CVX,2020-10-21,0 days 15:59:09.239694,741298,70.95,70.94,3040,100,-2177,4823
727,CVX,2020-10-21,0 days 15:59:37.237615,767668,70.92,70.91,326,800,5906,-890
728,CVX,2020-10-21,0 days 15:59:44.237293,766574,70.91,70.9,203,868,-388,5312
729,CX,2020-10-21,0 days 15:59:46.293675,108470,4.23,4.22,91309,134163,-8566,1234
730,CX,2020-10-21,0 days 15:59:47.293129,107736,4.23,4.22,91309,134163,734,-8566
731,CXO,2020-10-21,0 days 15:55:00.088873,199794,44.56,44.54,103,1589,-3422,44283
732,CXO,2020-10-21,0 days 15:55:01.089372,196816,44.56,44.55,700,200,2978,-3422
733,CXO,2020-10-21,0 days 15:55:49.090475,201603,44.47,44.46,688,700,-4189,811
734,CXO,2020-10-21,0 days 15:55:50.090639,200292,44.47,44.46,988,162,1311,-4189
735,CXO,2020-10-21,0 days 15:57:12.093922,226617,44.47,44.46,1300,1854,-348,2152
736,CXO,2020-10-21,0 days 15:57:13.092970,223565,44.47,44.46,1500,1932,3052,-348
737,CXO,2020-10-21,0 days 15:57:35.091416,226617,44.48,44.47,1102,1192,-648,2452
738,CXO,2020-10-21,0 days 15:57:36.091891,223865,44.48,44.47,1002,400,2152,-648
739,CXO,2020-10-21,0 days 15:59:31.094333,229287,44.39,44.36,1000,1300,-8375,390
740,CXO,2020-10-21,0 days 15:59:41.095027,233152,44.35,44.34,800,800,8928,-5241
741,D,2020-10-21,0 days 15:55:25.223226,749586,80.37,80.36,200,1300,6693,-782
742,D,2020-10-21,0 days 15:55:26.223316,745279,80.4,80.38,200,200,-4507,6693
743,D,2020-10-21,0 days 15:57:34.226192,772307,80.3,80.28,1100,2184,13210,-1790
744,D,2020-10-21,0 days 15:57:35.226666,771717,80.29,80.28,300,1947,-1890,13210
745,D,2020-10-21,0 days 15:57:36.226619,773807,80.29,80.28,174,2973,310,-1890
746,D,2020-10-21,0 days 15:57:39.226521,774117,80.31,80.3,200,200,-10290,310
747,D,2020-10-21,0 days 15:57:40.226371,773807,80.31,80.3,306,1121,310,-10290
748,D,2020-10-21,0 days 15:58:01.228131,773807,80.3,80.29,1000,701,310,-4690
749,D,2020-10-21,0 days 15:58:04.227905,771507,80.3,80.29,200,300,-106,9004
750,D,2020-10-21,0 days 15:58:05.228040,771013,80.3,80.29,1300,399,494,-106
751,D,2020-10-21,0 days 15:58:27.228780,772144,80.32,80.3,500,420,-1948,3633
752,D,2020-10-21,0 days 15:58:57.229625,773844,80.31,80.28,1800,300,-248,11652
753,D,2020-10-21,0 days 15:59:01.231039,770690,80.28,80.27,100,464,1656,-282
754,D,2020-10-21,0 days 15:59:04.232628,771928,80.29,80.28,100,492,-1808,1738
755,D,2020-10-21,0 days 15:59:05.230664,771836,80.3,80.29,320,200,92,-1808
756,D,2020-10-21,0 days 15:59:15.231184,773349,80.25,80.23,668,100,-800,1413
757,D,2020-10-21,0 days 15:59:16.230168,774475,80.24,80.22,505,300,174,-800
758,D,2020-10-21,0 days 15:59:17.230250,774349,80.24,80.21,448,200,-126,174
759,D,2020-10-21,0 days 15:59:23.230888,788145,80.24,80.21,1266,104,12425,-126
760,D,2020-10-21,0 days 15:59:24.229846,814154,80.26,80.25,400,100,-10691,12425
761,D,2020-10-21,0 days 15:59:25.230327,812245,80.26,80.25,100,200,1909,-10691
762,D,2020-10-21,0 days 15:59:26.229600,814154,80.27,80.25,100,625,-152,1909
763,D,2020-10-21,0 days 15:59:29.229550,812652,80.27,80.25,200,500,1502,-4098
764,D,2020-10-21,0 days 15:59:31.230887,814154,80.27,80.26,100,200,-2710,1502
765,DAL,2020-10-21,0 days 15:55:00.916755,309668,31.62,31.61,8546,3036,-22551,120114
766,DAL,2020-10-21,0 days 15:55:01.913452,297619,31.6,31.59,4859,3466,12049,-22551
767,DAL,2020-10-21,0 days 15:57:03.914735,316934,31.62,31.61,6143,2761,-16090,10230
768,DAL,2020-10-21,0 days 15:57:04.914836,309224,31.62,31.61,9659,2038,7710,-16090
769,DAL,2020-10-21,0 days 15:59:14.919085,319659,31.56,31.55,6200,5948,-700,7984
770,DB,2020-10-21,0 days 15:55:28.917458,30176,9.42,9.41,65767,62827,81,-319
771,DB,2020-10-21,0 days 15:59:01.918919,31334,9.41,9.4,64720,57429,-4465,195
772,DB,2020-10-21,0 days 15:59:04.919628,35799,9.41,9.4,61424,69434,1264,-4504
773,DB,2020-10-21,0 days 15:59:35.916488,37063,9.41,9.4,82089,52998,-724,976
774,DB,2020-10-21,0 days 15:59:36.916970,36987,9.41,9.4,82089,52998,76,-724
775,DD,2020-10-21,0 days 15:59:15.242413,795590,58.71,58.7,100,523,91070,-76537
776,DD,2020-10-21,0 days 15:59:16.241094,789263,58.76,58.74,400,500,-10247,91070
777,DD,2020-10-21,0 days 15:59:46.241043,834333,58.69,58.67,100,691,978,-6368
778,DD,2020-10-21,0 days 15:59:48.240789,835611,58.69,58.66,700,100,-2232,5118
779,DDD,2020-10-21,0 days 15:59:38.239537,94324,7.52,7.51,10374,6340,33,-167
780,DDD,2020-10-21,0 days 15:59:45.239641,94357,7.52,7.51,3488,14440,-2288,33
781,DDD,2020-10-21,0 days 15:59:46.239665,93245,7.52,7.51,3588,14240,1112,-2288
782,DFS,2020-10-21,0 days 15:55:10.236873,221977,60.77,60.75,200,233,-4724,5524
783,DFS,2020-10-21,0 days 15:55:11.236321,220910,60.76,60.74,300,100,1067,-4724
784,DFS,2020-10-21,0 days 15:58:18.237651,304162,60.58,60.56,510,750,-5223,13177
785,DFS,2020-10-21,0 days 15:58:19.237662,294185,60.58,60.56,510,816,9977,-5223
786,DFS,2020-10-21,0 days 15:59:06.239752,249867,60.67,60.62,400,466,-10496,2166
787,DFS,2020-10-21,0 days 15:59:07.239455,247099,60.67,60.62,400,501,568,-10496
788,DFS,2020-10-21,0 days 15:59:45.238734,286961,60.59,60.51,200,109,-2280,2811
789,DFS,2020-10-21,0 days 15:59:48.239147,286314,60.58,60.51,200,109,1175,-1752
790,DHI,2020-10-21,0 days 15:59:47.094196,372310,73.17,73.15,368,501,-7942,2350
791,DHR,2020-10-21,0 days 15:57:34.226156,138401,227.06,227.01,526,800,-1107,1062
792,DHR,2020-10-21,0 days 15:57:35.226632,137939,227.06,227.01,526,800,462,-1107
793,DHR,2020-10-21,0 days 15:57:58.227364,138401,227.0,226.93,100,600,-1607,293
794,DHR,2020-10-21,0 days 15:57:59.227281,138108,227.0,226.93,533,600,293,-1607
795,DHR,2020-10-21,0 days 15:58:06.227591,138362,227.0,226.95,100,700,-243,557
796,DHR,2020-10-21,0 days 15:58:07.227566,137805,227.0,226.99,100,482,557,-243
797,DHR,2020-10-21,0 days 15:58:52.229186,143050,227.05,227.0,489,149,2512,-919
798,DHR,2020-10-21,0 days 15:58:53.229200,142562,227.05,226.99,200,300,-488,2512
799,DHR,2020-10-21,0 days 15:59:29.229258,170798,226.87,226.75,300,510,3112,-2288
800,DHR,2020-10-21,0 days 15:59:30.234828,169310,226.87,226.75,300,550,-1488,3112
801,DHR,2020-10-21,0 days 15:59:38.230484,171493,226.7,226.64,1100,100,1417,-1083
802,DHR,2020-10-21,0 days 15:59:39.231366,170410,226.7,226.65,133,100,-783,1417
803,DHT,2020-10-21,0 days 15:55:42.918599,50252,5.06,5.05,10384,24487,-3135,639
804,DHT,2020-10-21,0 days 15:58:10.916011,101187,5.05,5.04,21060,2316,38426,-3674
805,DHT,2020-10-21,0 days 15:58:11.916845,97513,5.05,5.04,20050,4351,-3674,38426
806,DHT,2020-10-21,0 days 15:59:02.918502,104987,5.04,5.03,11872,11935,1384,-874
807,DHT,2020-10-21,0 days 15:59:06.919613,102361,5.04,5.03,11692,10445,-2626,1384
808,DHT,2020-10-21,0 days 15:59:45.916212,104987,5.04,5.03,18832,7141,1766,-2167
809,DHT,2020-10-21,0 days 15:59:46.916167,103253,5.04,5.03,26732,7241,-1734,1766
810,DIS,2020-10-21,0 days 15:55:00.916798,683550,126.9,126.86,135,100,-94191,124065
811,DIS,2020-10-21,0 days 15:55:13.915584,720920,126.96,126.94,312,300,75,-501
812,DIS,2020-10-21,0 days 15:55:15.915035,717866,126.95,126.93,100,250,-2664,75
813,DIS,2020-10-21,0 days 15:55:43.918799,731100,126.97,126.95,400,327,1390,-3519
814,DIS,2020-10-21,0 days 15:55:44.919509,730190,126.94,126.92,300,100,-910,1390
815,DIS,2020-10-21,0 days 15:56:21.919156,732789,126.88,126.85,500,200,187,-613
816,DIS,2020-10-21,0 days 15:56:22.919228,732276,126.87,126.84,200,400,-513,187
817,DIS,2020-10-21,0 days 15:57:36.914715,751336,126.91,126.89,300,200,1639,-2351
818,DIS,2020-10-21,0 days 15:57:41.914603,748775,126.92,126.89,201,300,-1619,981
819,DIS,2020-10-21,0 days 15:57:42.914364,751694,126.93,126.91,100,167,981,-1619
820,DIS,2020-10-21,0 days 15:57:43.914380,749875,126.93,126.9,200,300,-1819,981
821,DIS,2020-10-21,0 days 15:57:45.914422,751768,126.92,126.9,200,300,1207,-1819
822,DIS,2020-10-21,0 days 15:57:46.914551,747275,126.94,126.92,300,3400,-14457,1207
823,DIS,2020-10-21,0 days 15:57:51.914673,751768,126.92,126.9,100,100,9607,-3057
824,DIS,2020-10-21,0 days 15:57:52.915377,750621,126.92,126.9,300,100,-1073,9607
825,DIS,2020-10-21,0 days 15:58:02.915968,761732,126.91,126.89,420,853,7998,-14802
826,DIS,2020-10-21,0 days 15:58:04.917434,749430,126.91,126.89,304,954,-2264,6836
827,DIS,2020-10-21,0 days 15:58:06.916078,767961,126.89,126.86,100,200,769,-5564
828,DIS,2020-10-21,0 days 15:58:07.916231,757430,126.9,126.88,100,200,-15631,769
829,DIS,2020-10-21,0 days 15:58:09.918090,767961,126.88,126.85,100,200,769,-4331
830,DIS,2020-10-21,0 days 15:58:48.917437,765570,126.88,126.85,100,203,3660,-8740
831,DIS,2020-10-21,0 days 15:58:49.917252,762030,126.88,126.86,100,200,-3540,3660
832,DIS,2020-10-21,0 days 15:58:51.917740,765570,126.87,126.85,300,103,3060,-10840
833,DIS,2020-10-21,0 days 15:58:52.917369,762030,126.87,126.85,100,200,-3540,3060
834,DIS,2020-10-21,0 days 15:59:05.920048,766962,126.86,126.83,200,200,438,-2482
835,DIS,2020-10-21,0 days 15:59:07.919992,776914,126.84,126.81,100,200,-17872,438
836,DIS,2020-10-21,0 days 15:59:11.918791,793336,126.77,126.73,706,200,1578,-2822
837,DIS,2020-10-21,0 days 15:59:14.919106,794914,126.76,126.72,645,201,-7992,1578
838,DIS,2020-10-21,0 days 15:59:27.915350,803423,126.76,126.68,300,100,3083,-1509
839,DIS,2020-10-21,0 days 15:59:28.915762,798906,126.73,126.71,413,100,-4517,3083
840,DIS,2020-10-21,0 days 15:59:42.915723,817406,126.67,126.64,300,100,3105,-4000
841,DIS,2020-10-21,0 days 15:59:46.916369,815183,126.67,126.65,300,206,-3295,5305
842,DOW,2020-10-21,0 days 15:56:54.224935,265456,48.8,48.78,700,400,-204,1333
843,DOW,2020-10-21,0 days 15:56:55.224504,263060,48.8,48.78,400,200,2312,-204
844,DOW,2020-10-21,0 days 15:57:35.226632,266056,48.78,48.77,800,300,-843,2957
845,DOW,2020-10-21,0 days 15:57:36.226556,264599,48.78,48.77,1000,200,1457,-843
846,DOW,2020-10-21,0 days 15:58:10.228040,266056,48.78,48.77,100,300,-8836,3438
847,DOW,2020-10-21,0 days 15:58:14.228512,265792,48.76,48.74,1057,200,864,-2136
848,DOW,2020-10-21,0 days 15:58:18.228629,267356,48.75,48.74,600,100,-562,464
849,DOW,2020-10-21,0 days 15:58:32.229044,266656,48.76,48.75,200,500,-1362,138
850,DOW,2020-10-21,0 days 15:58:33.228581,266518,48.75,48.74,200,700,138,-1362
851,DOW,2020-10-21,0 days 15:58:36.229066,266656,48.76,48.75,200,326,-2162,138
852,DOW,2020-10-21,0 days 15:58:37.228587,266518,48.76,48.75,200,226,138,-2162
853,DOW,2020-10-21,0 days 15:58:40.229300,267356,48.74,48.73,100,301,-16779,138
854,DOW,2020-10-21,0 days 15:58:58.229142,288835,48.67,48.64,311,300,2915,-10385
855,DOW,2020-10-21,0 days 15:59:01.230972,289114,48.65,48.64,430,400,5796,-1025
856,DOW,2020-10-21,0 days 15:59:02.233052,288710,48.67,48.66,200,100,-404,5796
857,DOW,2020-10-21,0 days 15:59:13.234342,323654,48.65,48.62,1686,300,-2903,3697
858,DUK,2020-10-21,0 days 15:55:00.101173,308498,92.61,92.6,200,200,10573,-75170
859,DUK,2020-10-21,0 days 15:59:27.104448,346971,92.53,92.51,700,500,-408,446
860,DUK,2020-10-21,0 days 15:59:31.105357,342130,92.52,92.51,163,1000,4841,-408
861,DVN,2020-10-21,0 days 15:56:04.224626,441711,8.69,8.68,26247,17862,14171,-22629
862,DVN,2020-10-21,0 days 15:56:05.224273,431182,8.69,8.68,23747,19119,-10532,14171
863,DVN,2020-10-21,0 days 15:57:34.226308,444339,8.69,8.68,9174,29164,26358,-9757
864,DVN,2020-10-21,0 days 15:57:35.226770,437976,8.69,8.68,7974,30996,-9363,26358
865,DVN,2020-10-21,0 days 15:59:23.231056,1058373,8.66,8.65,34384,9010,3972,-315925
866,DVN,2020-10-21,0 days 15:59:29.229656,1040620,8.67,8.66,29243,18952,-21053,63641
867,DVN,2020-10-21,0 days 15:59:48.231862,1117333,8.66,8.65,35343,7833,29944,-5827
868,DVN,2020-10-21,0 days 15:59:50.234162,1095078,8.65,8.64,43443,2670,-2655,12013
869,DVN,2020-10-21,0 days 15:59:54.230771,1097733,8.64,8.63,19443,5100,15852,-148
870,ELAN,2020-10-21,0 days 15:59:47.293231,991606,30.43,30.4,300,600,5289,-27074
871,ELAN,2020-10-21,0 days 15:59:48.293859,989372,30.44,30.41,553,100,-17595,5289
872,ELAN,2020-10-21,0 days 15:59:57.294882,991606,30.41,30.39,300,200,33251,-5661
873,ENB,2020-10-21,0 days 15:55:08.105135,41424,28.97,28.96,8514,8095,-3113,899
874,ENB,2020-10-21,0 days 15:56:23.102657,44498,28.96,28.95,9649,2625,442,-779
875,ENB,2020-10-21,0 days 15:57:21.104158,45640,28.95,28.94,1612,16710,-358,542
876,ENB,2020-10-21,0 days 15:57:39.104142,46198,28.95,28.94,3030,16470,342,-258
877,ENB,2020-10-21,0 days 15:57:50.104726,47140,28.95,28.94,7430,6500,-458,242
878,ENB,2020-10-21,0 days 15:59:08.108578,44798,28.95,28.94,11236,3625,1645,-3623
879,ENB,2020-10-21,0 days 15:59:12.108286,46943,28.94,28.92,22483,9165,-1255,2845
880,ENB,2020-10-21,0 days 15:59:13.108902,45598,28.93,28.92,12824,8000,1345,-1255
881,ENB,2020-10-21,0 days 15:59:36.104837,48429,28.92,28.91,1703,23516,-2269,2831
882,ENB,2020-10-21,0 days 15:59:37.104738,48198,28.92,28.91,2626,19306,231,-2269
883,ENB,2020-10-21,0 days 15:59:46.105732,48429,28.92,28.91,4726,17579,-1279,231
884,ENB,2020-10-21,0 days 15:59:47.105200,48308,28.92,28.91,4526,20479,121,-1279
885,ENBL,2020-10-21,0 days 15:59:01.239213,5263,4.7,4.69,591,2497,397,-1096
886,EOG,2020-10-21,0 days 15:55:00.100489,515560,35.42,35.41,2489,402,-34497,3170
887,EOG,2020-10-21,0 days 15:58:36.106478,568436,35.21,35.2,200,6177,762,-5838
888,EOG,2020-10-21,0 days 15:58:50.107137,568436,35.24,35.23,900,1316,1984,-4838
889,EOG,2020-10-21,0 days 15:58:51.107083,564220,35.24,35.23,210,1616,-4216,1984
890,EOG,2020-10-21,0 days 15:59:09.108743,597536,35.21,35.2,1117,103,-3156,1844
891,EOG,2020-10-21,0 days 15:59:18.105008,599249,35.17,35.16,359,1354,-1453,13347
892,EOG,2020-10-21,0 days 15:59:32.105351,600702,35.15,35.14,235,2024,18498,-166
893,EPD,2020-10-21,0 days 15:59:57.249554,1834852,17.08,17.07,600,13900,-30724,24368
894,EQH,2020-10-21,0 days 15:55:00.916139,361098,19.89,19.88,3881,4431,7067,-187576
895,EQH,2020-10-21,0 days 15:55:01.913215,351765,19.89,19.88,3636,4892,-9333,7067
896,EQH,2020-10-21,0 days 15:57:38.914057,367209,19.84,19.83,3735,2145,250,-3050
897,EQH,2020-10-21,0 days 15:57:40.914143,358859,19.84,19.83,3435,3446,-8350,250
898,EQH,2020-10-21,0 days 15:59:06.919613,369311,19.88,19.87,1500,2401,1627,-8980
899,EQH,2020-10-21,0 days 15:59:08.919365,345442,19.88,19.87,1400,2801,-28621,1312
900,EQH,2020-10-21,0 days 15:59:45.916149,381030,19.87,19.86,5215,1300,14231,-404
901,EQH,2020-10-21,0 days 15:59:46.916111,378361,19.87,19.86,3515,1000,-3222,14231
902,EQNR,2020-10-21,0 days 15:57:46.233789,24851,14.12,14.11,19573,16132,277,-1023
903,EQNR,2020-10-21,0 days 15:59:18.233790,26877,14.11,14.1,28978,15300,-3859,3931
904,EQNR,2020-10-21,0 days 15:59:36.233428,31568,14.11,14.1,28251,30482,3909,-4691
905,EQNR,2020-10-21,0 days 15:59:37.233051,31277,14.11,14.1,26251,30482,-291,3909
906,EQT,2020-10-21,0 days 15:55:00.916755,105741,14.94,14.93,2891,5107,11713,-6815
907,EQT,2020-10-21,0 days 15:55:34.917751,112784,14.96,14.95,4033,4395,-708,1771
908,EQT,2020-10-21,0 days 15:58:28.917576,115147,14.96,14.95,1655,3119,-4963,1137
909,EQT,2020-10-21,0 days 15:58:31.916703,114110,14.94,14.93,1000,3906,6037,-4863
910,EQT,2020-10-21,0 days 15:58:57.917622,133822,14.92,14.91,3302,1253,-905,495
911,EQT,2020-10-21,0 days 15:59:09.919346,198318,14.89,14.88,2860,2300,-4189,50011
912,ERJ,2020-10-21,0 days 15:59:36.230338,13123,4.79,4.78,10757,24584,-2201,2699
913,ERJ,2020-10-21,0 days 15:59:37.230891,12924,4.79,4.78,10757,24152,199,-2201
914,ERJ,2020-10-21,0 days 15:59:46.231423,13123,4.79,4.78,8492,24352,-501,199
915,ERJ,2020-10-21,0 days 15:59:47.231341,12924,4.79,4.78,9892,24152,199,-501
916,ET,2020-10-21,0 days 15:59:58.249476,4391454,5.84,5.83,22341,8020,-25106,17882
917,ETRN,2020-10-21,0 days 15:55:00.088414,133036,8.17,8.16,3626,14918,-1336,59835
918,ETRN,2020-10-21,0 days 15:59:03.094833,138830,8.14,8.13,6801,2954,-506,4832
919,EV,2020-10-21,0 days 15:59:31.231053,73743,61.16,61.13,1300,2300,226,-358
920,EV,2020-10-21,0 days 15:59:37.230929,71569,61.16,61.13,6300,1300,-1374,1026
921,EXK,2020-10-21,0 days 15:59:36.292555,7085,3.62,3.61,20708,137282,-2690,3210
922,EXK,2020-10-21,0 days 15:59:37.292831,6875,3.62,3.61,27308,126782,210,-2690
923,EXK,2020-10-21,0 days 15:59:39.292811,7085,3.62,3.61,27308,126782,-1790,210
924,EXK,2020-10-21,0 days 15:59:40.293462,6875,3.62,3.61,27308,126782,210,-1790
925,EXPR,2020-10-21,0 days 15:57:22.104694,16385,0.72,0.71,1398,3650,-7316,4384
926,F,2020-10-21,0 days 15:59:31.094421,1453003,7.86,7.85,419884,245399,66102,-45646
927,FCX,2020-10-21,0 days 15:56:06.237484,464707,17.74,17.73,22511,13687,-630,1765
928,FCX,2020-10-21,0 days 15:56:09.237584,465337,17.74,17.73,24158,10038,1327,-630
929,FCX,2020-10-21,0 days 15:56:12.237745,466664,17.73,17.72,7445,20900,-2973,1327
930,FCX,2020-10-21,0 days 15:57:35.236858,499700,17.7,17.69,22123,13309,1400,-4826
931,FCX,2020-10-21,0 days 15:57:36.237509,497800,17.7,17.69,21883,10409,-1900,1400
932,FCX,2020-10-21,0 days 15:57:38.237331,499700,17.7,17.69,19877,12409,300,-2000
933,FCX,2020-10-21,0 days 15:57:39.236583,497000,17.7,17.69,24278,11068,-2700,300
934,FCX,2020-10-21,0 days 15:58:14.239061,501032,17.68,17.67,15346,17568,1717,-5909
935,FCX,2020-10-21,0 days 15:58:15.238749,497749,17.68,17.67,14057,17768,-3283,1717
936,FCX,2020-10-21,0 days 15:58:48.239701,507745,17.69,17.68,7698,24259,49,-12351
937,FCX,2020-10-21,0 days 15:58:49.239131,503794,17.69,17.68,4962,25459,-3951,49
938,FCX,2020-10-21,0 days 15:59:05.242456,508032,17.69,17.68,7862,20337,-6492,708
939,FCX,2020-10-21,0 days 15:59:06.242062,463920,17.69,17.68,5433,23434,134722,-6492
940,FCX,2020-10-21,0 days 15:59:28.240335,594389,17.7,17.69,13631,11356,-8977,1108
941,FCX,2020-10-21,0 days 15:59:39.241340,603066,17.7,17.69,22235,3993,249,-51
942,FCX,2020-10-21,0 days 15:59:41.241169,603215,17.71,17.7,18005,6190,-4877,149
943,FCX,2020-10-21,0 days 15:59:48.240580,621197,17.71,17.7,3700,19318,-14075,9473
944,FDX,2020-10-21,0 days 15:59:00.305832,104812,282.78,282.63,100,100,2281,-2968
945,FDX,2020-10-21,0 days 15:59:01.304183,104637,282.71,282.63,100,263,-175,2281
946,FDX,2020-10-21,0 days 15:59:38.292409,113055,282.41,282.26,200,150,1,-1599
947,FDX,2020-10-21,0 days 15:59:39.292649,112656,282.39,282.3,901,205,-399,1
948,FDX,2020-10-21,0 days 15:59:41.292923,113055,282.41,282.31,200,100,1,-399
949,FDX,2020-10-21,0 days 15:59:47.293187,111002,282.5,282.32,200,800,-2153,1447
950,FDX,2020-10-21,0 days 15:59:48.293819,113294,282.39,282.31,300,400,508,-2153
951,FE,2020-10-21,0 days 15:55:00.221626,293830,32.31,32.3,317,2798,34141,-23903
952,FE,2020-10-21,0 days 15:58:01.228174,315591,32.32,32.31,1573,300,-5700,3965
953,FE,2020-10-21,0 days 15:58:02.227749,303891,32.3,32.28,1321,500,12100,-5700
954,FE,2020-10-21,0 days 15:58:03.227464,294249,32.3,32.29,1272,400,-2442,12100
955,FE,2020-10-21,0 days 15:58:04.227925,293091,32.3,32.29,2078,100,1158,-2442
956,FE,2020-10-21,0 days 15:59:13.234379,329750,32.28,32.27,1443,100,-2886,1724
957,FE,2020-10-21,0 days 15:59:15.231184,332636,32.26,32.24,1508,700,4821,-2886
958,FE,2020-10-21,0 days 15:59:22.229763,340817,32.27,32.26,2038,100,-9219,1635
959,FE,2020-10-21,0 days 15:59:23.230888,333436,32.27,32.26,2065,100,4021,-9219
960,FIS,2020-10-21,0 days 15:59:15.104785,187561,141.47,141.44,100,100,2605,-33376
961,FIS,2020-10-21,0 days 15:59:18.104918,186895,141.54,141.47,100,400,-666,2605
962,FIT,2020-10-21,0 days 15:57:05.092573,113884,6.97,6.96,13511,22870,-862,4370
963,FIT,2020-10-21,0 days 15:57:06.092807,108846,6.97,6.96,13211,24785,5038,-862
964,FIT,2020-10-21,0 days 15:59:38.094508,112576,6.97,6.96,37611,24310,979,-5221
965,FLR,2020-10-21,0 days 15:59:06.263580,98394,11.7,11.69,499,6629,148,-3782
966,FLR,2020-10-21,0 days 15:59:09.263649,107242,11.7,11.69,136,7988,-2785,148
967,FLR,2020-10-21,0 days 15:59:23.260461,114027,11.7,11.69,3432,1300,375,-5925
968,FLR,2020-10-21,0 days 15:59:33.249484,113078,11.7,11.69,4900,1136,-2249,1051
969,FLR,2020-10-21,0 days 15:59:46.249980,115027,11.69,11.68,2592,3110,5869,-849
970,FLR,2020-10-21,0 days 15:59:47.249593,113796,11.69,11.68,2501,3410,-1231,5869
971,FSLY,2020-10-21,0 days 15:55:00.295540,86178,79.53,79.46,100,100,-1285,16245
972,FSLY,2020-10-21,0 days 15:55:01.295104,84863,79.53,79.45,200,410,1315,-1285
973,FSLY,2020-10-21,0 days 15:57:12.301097,88246,79.36,79.34,100,876,-956,644
974,FSLY,2020-10-21,0 days 15:57:14.300940,88002,79.33,79.31,259,100,244,-956
975,FSLY,2020-10-21,0 days 15:57:27.301421,88246,79.35,79.31,100,400,-1952,229
976,FSLY,2020-10-21,0 days 15:57:34.301954,88198,79.29,79.27,101,116,48,-152
977,FSLY,2020-10-21,0 days 15:57:38.300802,89646,79.31,79.28,104,200,-152,148
978,FSLY,2020-10-21,0 days 15:57:39.300910,89898,79.31,79.28,204,200,248,-152
979,FSLY,2020-10-21,0 days 15:57:40.300469,90146,79.3,79.27,100,211,-4495,248
980,FSLY,2020-10-21,0 days 15:58:01.302132,102608,79.3,79.27,210,505,1068,-932
981,FSLY,2020-10-21,0 days 15:58:05.302073,92270,79.31,79.27,100,705,2738,-2343
982,FSLY,2020-10-21,0 days 15:58:06.301606,92108,79.31,79.27,100,605,-162,2738
983,FSLY,2020-10-21,0 days 15:58:11.302788,92293,79.3,79.27,100,200,115,-1385
984,FSLY,2020-10-21,0 days 15:58:12.301887,92108,79.3,79.27,100,200,-185,115
985,FSLY,2020-10-21,0 days 15:58:17.302093,92293,79.29,79.28,101,100,1915,-185
986,FSLY,2020-10-21,0 days 15:58:18.302318,92108,79.29,79.28,101,100,-185,1915
987,FSLY,2020-10-21,0 days 15:58:19.302055,92293,79.28,79.22,101,200,415,-185
988,FSLY,2020-10-21,0 days 15:58:23.302686,91908,79.26,79.23,263,300,-375,615
989,FSLY,2020-10-21,0 days 15:58:27.302716,92293,79.26,79.23,564,500,1915,-375
990,FSLY,2020-10-21,0 days 15:58:29.302703,91908,79.26,79.23,764,500,-375,415
991,FSLY,2020-10-21,0 days 15:58:31.302136,92283,79.26,79.19,200,109,625,-385
992,FSLY,2020-10-21,0 days 15:58:32.302406,91908,79.26,79.19,200,109,-375,625
993,FSLY,2020-10-21,0 days 15:58:36.302827,92283,79.23,79.21,300,100,825,-375
994,FSLY,2020-10-21,0 days 15:58:40.302305,91954,79.22,79.18,555,100,-329,825
995,FSLY,2020-10-21,0 days 15:58:53.302348,92154,79.29,79.25,500,600,-139,1761
996,FSLY,2020-10-21,0 days 15:59:02.304650,92395,79.49,79.28,200,100,2823,-2952
997,FSLY,2020-10-21,0 days 15:59:03.303675,92318,79.3,79.25,100,300,-77,2823
998,FSLY,2020-10-21,0 days 15:59:15.304577,106168,79.31,79.22,500,100,-974,26
999,FSM,2020-10-21,0 days 15:59:36.241127,24661,7.36,7.35,5199,50771,-3478,5349
1000,FTCH,2020-10-21,0 days 15:55:14.255565,55586,27.13,27.12,410,500,980,-2820
1001,FTCH,2020-10-21,0 days 15:55:19.256189,56566,27.13,27.12,410,707,-5220,980
1002,FTCH,2020-10-21,0 days 15:55:20.256092,56186,27.13,27.12,410,707,380,-5220
1003,FTCH,2020-10-21,0 days 15:55:44.259519,60758,27.15,27.14,453,800,-393,772
1004,FTCH,2020-10-21,0 days 15:55:45.259343,60151,27.15,27.14,400,300,607,-393
1005,FTCH,2020-10-21,0 days 15:56:15.257917,60853,27.14,27.13,500,600,-4902,698
1006,FTCH,2020-10-21,0 days 15:56:16.257890,60755,27.13,27.12,200,427,98,-4902
1007,FTCH,2020-10-21,0 days 15:56:18.257995,60853,27.13,27.12,300,110,-148,98
1008,FTCH,2020-10-21,0 days 15:56:21.257949,62201,27.13,27.12,100,110,162,-148
1009,FTCH,2020-10-21,0 days 15:56:47.260064,62363,27.15,27.14,300,390,-638,308
1010,FTCH,2020-10-21,0 days 15:56:48.259591,62201,27.15,27.14,539,290,162,-638
1011,FTCH,2020-10-21,0 days 15:57:02.260080,62363,27.15,27.14,198,988,-638,308
1012,FTCH,2020-10-21,0 days 15:57:03.259795,62201,27.15,27.14,198,988,162,-638
1013,FTCH,2020-10-21,0 days 15:57:24.259726,64563,27.15,27.14,200,379,-238,762
1014,FTCH,2020-10-21,0 days 15:57:41.260664,68972,27.15,27.13,500,600,291,-609
1015,FTCH,2020-10-21,0 days 15:57:42.260145,68363,27.15,27.13,500,400,-609,291
1016,FTCH,2020-10-21,0 days 15:58:10.262361,75663,27.14,27.13,400,700,-650,191
1017,FTCH,2020-10-21,0 days 15:59:01.263644,76313,27.14,27.13,400,530,1290,-1250
1018,FTCH,2020-10-21,0 days 15:59:02.267286,67603,27.14,27.13,400,484,-232,1290
1019,FTI,2020-10-21,0 days 15:59:24.915994,390199,7.23,7.22,19104,11803,45976,-4724
1020,FTI,2020-10-21,0 days 15:59:25.915985,385675,7.23,7.22,18033,13232,-4524,45976
1021,FTI,2020-10-21,0 days 15:59:47.916006,389097,7.23,7.22,3438,17415,-1102,19198
1022,FTI,2020-10-21,0 days 15:59:52.915659,390099,7.22,7.21,18136,2920,798,-11402
1023,FTV,2020-10-21,0 days 15:55:00.916404,151478,65.89,65.86,400,750,11346,-12295
1024,FTV,2020-10-21,0 days 15:55:01.913381,150124,65.89,65.86,500,850,-1354,11346
1025,FTV,2020-10-21,0 days 15:57:42.914349,161585,65.87,65.85,431,899,259,-141
1026,FTV,2020-10-21,0 days 15:57:43.914366,159844,65.87,65.85,431,899,-1741,259
1027,FTV,2020-10-21,0 days 15:59:00.919571,174669,65.8,65.76,300,200,3206,-617
1028,FTV,2020-10-21,0 days 15:59:01.918814,172975,65.8,65.78,200,100,-1694,3206
1029,FTV,2020-10-21,0 days 15:59:40.916479,174909,65.84,65.8,502,400,394,-6
1030,FTV,2020-10-21,0 days 15:59:47.916140,173958,65.85,65.8,100,100,-951,3049
1031,GE,2020-10-21,0 days 15:55:00.235024,2071411,7.36,7.35,277885,207970,-449012,4454
1032,GFI,2020-10-21,0 days 15:55:00.234674,66111,12.35,12.34,9026,8660,840,-4990
1033,GFI,2020-10-21,0 days 15:55:28.236729,69451,12.35,12.34,11812,7987,-740,1140
1034,GFI,2020-10-21,0 days 15:55:29.236591,68491,12.35,12.34,12612,7962,960,-740
1035,GFI,2020-10-21,0 days 15:57:11.237975,72909,12.35,12.34,16982,6615,-5652,7048
1036,GFI,2020-10-21,0 days 15:57:12.237633,65061,12.35,12.34,17538,6315,7548,-5652
1037,GFI,2020-10-21,0 days 15:58:08.238578,72909,12.35,12.34,13035,11041,-37504,4080
1038,GFI,2020-10-21,0 days 15:58:37.238946,109613,12.36,12.35,5232,24915,20211,-29289
1039,GFI,2020-10-21,0 days 15:58:38.238913,106824,12.36,12.35,6032,25215,-2789,20211
1040,GFI,2020-10-21,0 days 15:59:07.241494,147939,12.37,12.36,33318,5900,6231,-6073
1041,GFI,2020-10-21,0 days 15:59:08.242169,144070,12.37,12.36,34418,4400,-3869,6231
1042,GFI,2020-10-21,0 days 15:59:48.240768,143878,12.36,12.35,20451,7144,-1433,639
1043,GGB,2020-10-21,0 days 15:57:16.301295,17179,4.09,4.08,121770,169801,-3292,8
1044,GGB,2020-10-21,0 days 15:59:02.304941,22768,4.09,4.08,245670,224909,392,-1362
1045,GGB,2020-10-21,0 days 15:59:08.304697,23147,4.09,4.08,245126,224909,-921,379
1046,GIS,2020-10-21,0 days 15:56:17.231944,137930,61.08,61.07,505,666,-589,3785
1047,GIS,2020-10-21,0 days 15:56:18.232218,137419,61.07,61.06,482,400,511,-589
1048,GIS,2020-10-21,0 days 15:56:25.232280,137930,61.08,61.06,1247,600,-9,607
1049,GIS,2020-10-21,0 days 15:56:26.232145,137339,61.08,61.06,1107,600,591,-9
1050,GIS,2020-10-21,0 days 15:56:36.232358,137930,61.07,61.06,200,1195,-705,591
1051,GIS,2020-10-21,0 days 15:56:37.232500,137535,61.07,61.06,200,1158,395,-705
1052,GIS,2020-10-21,0 days 15:56:54.234742,138930,61.05,61.04,900,800,-432,546
1053,GIS,2020-10-21,0 days 15:56:55.234767,138462,61.05,61.04,900,777,468,-432
1054,GIS,2020-10-21,0 days 15:57:42.234399,140416,61.07,61.06,856,800,-643,557
1055,GIS,2020-10-21,0 days 15:57:43.233672,139859,61.07,61.06,756,800,557,-643
1056,GIS,2020-10-21,0 days 15:57:54.234175,141138,61.05,61.04,500,1050,-582,618
1057,GIS,2020-10-21,0 days 15:57:55.233548,140520,61.05,61.04,500,1050,618,-582
1058,GIS,2020-10-21,0 days 15:57:56.233831,141138,61.05,61.04,500,1157,-182,618
1059,GIS,2020-10-21,0 days 15:57:58.233965,137720,61.05,61.04,200,857,3418,-182
1060,GIS,2020-10-21,0 days 15:58:03.234656,141138,61.05,61.04,1431,202,-882,618
1061,GIS,2020-10-21,0 days 15:58:04.234881,140520,61.05,61.04,1431,202,618,-882
1062,GIS,2020-10-21,0 days 15:58:08.235469,141138,61.05,61.04,1331,202,-282,18
1063,GIS,2020-10-21,0 days 15:58:09.234933,140520,61.05,61.04,1231,202,2526,-282
1064,GIS,2020-10-21,0 days 15:59:04.241402,145263,61.05,61.04,663,297,-131,612
1065,GIS,2020-10-21,0 days 15:59:05.239171,144794,61.05,61.04,263,597,469,-131
1066,GIS,2020-10-21,0 days 15:59:06.239495,142125,61.05,61.04,263,597,-2669,469
1067,GIS,2020-10-21,0 days 15:59:07.239340,141894,61.05,61.04,463,297,231,-2669
1068,GIS,2020-10-21,0 days 15:59:13.239280,142125,61.04,61.03,300,652,-6,231
1069,GIS,2020-10-21,0 days 15:59:16.233323,144731,61.04,61.02,871,1108,432,-6
1070,GIS,2020-10-21,0 days 15:59:19.233295,145163,61.06,61.04,430,700,-14016,432
1071,GIS,2020-10-21,0 days 15:59:42.232864,158733,60.99,60.98,800,137,-212,388
1072,GIS,2020-10-21,0 days 15:59:43.232861,158945,60.99,60.97,900,800,640,-212
1073,GIS,2020-10-21,0 days 15:59:44.232662,158785,60.99,60.97,400,500,-160,640
1074,GLW,2020-10-21,0 days 15:59:46.231382,315768,35.0,34.99,4000,2900,-5193,7579
1075,GLW,2020-10-21,0 days 15:59:47.231289,313261,35.0,34.99,6124,724,2507,-5193
1076,GM,2020-10-21,0 days 15:55:05.234858,802258,35.79,35.78,5300,6616,-92669,21031
1077,GM,2020-10-21,0 days 15:55:06.234119,797361,35.75,35.74,2481,5640,6297,-92669
1078,GM,2020-10-21,0 days 15:55:19.236045,804265,35.77,35.76,3954,4906,-98396,15304
1079,GM,2020-10-21,0 days 15:55:20.236369,685861,35.77,35.76,4063,4456,117704,-98396
1080,GM,2020-10-21,0 days 15:55:33.236761,804538,35.79,35.78,6431,862,-3623,13311
1081,GM,2020-10-21,0 days 15:55:34.236749,801827,35.79,35.78,5231,1768,2711,-3623
1082,GM,2020-10-21,0 days 15:55:39.237728,807977,35.79,35.78,7334,1576,-3627,5750
1083,GM,2020-10-21,0 days 15:55:40.237571,805970,35.78,35.77,8024,2100,2007,-3627
1084,GM,2020-10-21,0 days 15:56:15.237928,808990,35.77,35.76,3132,9153,-3747,3553
1085,GM,2020-10-21,0 days 15:56:16.238124,806437,35.77,35.76,3532,8053,2553,-3747
1086,GM,2020-10-21,0 days 15:56:35.239575,808990,35.77,35.76,5749,7348,-531,669
1087,GM,2020-10-21,0 days 15:56:36.237172,807221,35.77,35.76,4849,5138,1769,-531
1088,GM,2020-10-21,0 days 15:56:59.237632,808966,35.8,35.79,3246,9489,-136336,13664
1089,GM,2020-10-21,0 days 15:57:01.237762,810102,35.8,35.79,4146,10367,123864,-1136
1090,GM,2020-10-21,0 days 15:57:34.237122,933966,35.82,35.81,7305,7778,-25885,9915
1091,GM,2020-10-21,0 days 15:57:35.236798,924951,35.82,35.81,6299,7905,9015,-25885
1092,GM,2020-10-21,0 days 15:57:36.237468,933966,35.82,35.81,6099,8105,-6585,9015
1093,GM,2020-10-21,0 days 15:57:37.237204,929451,35.82,35.81,6999,7305,4515,-6585
1094,GM,2020-10-21,0 days 15:57:40.236673,933966,35.82,35.81,6799,7305,-2785,4515
1095,GM,2020-10-21,0 days 15:57:42.237739,932651,35.82,35.81,4698,10005,1315,-885
1096,GM,2020-10-21,0 days 15:57:45.237046,933966,35.82,35.81,4592,8305,-4085,3215
1097,GM,2020-10-21,0 days 15:57:46.237413,932051,35.82,35.81,6262,6998,1915,-4085
1098,GM,2020-10-21,0 days 15:57:47.239507,933966,35.82,35.81,5770,8734,-285,1915
1099,GM,2020-10-21,0 days 15:57:48.237138,932251,35.82,35.81,6817,6521,1715,-285
1100,GM,2020-10-21,0 days 15:57:55.237125,933966,35.85,35.84,2956,10000,-551,1315
1101,GM,2020-10-21,0 days 15:58:00.239372,965717,35.86,35.85,1400,6923,14549,-7851
1102,GM,2020-10-21,0 days 15:58:01.239094,965455,35.88,35.87,2200,4950,-262,14549
1103,GM,2020-10-21,0 days 15:58:12.238094,965883,35.86,35.85,5143,2923,14672,-7328
1104,GM,2020-10-21,0 days 15:58:16.238125,921255,35.85,35.84,4035,3511,-1828,12272
1105,GM,2020-10-21,0 days 15:58:17.238545,919217,35.83,35.82,900,5000,2038,-1828
1106,GM,2020-10-21,0 days 15:58:18.238607,909355,35.85,35.84,4212,2034,-9862,2038
1107,GM,2020-10-21,0 days 15:58:47.239993,987883,35.88,35.87,3309,3500,6872,-9594
1108,GM,2020-10-21,0 days 15:58:48.239701,979855,35.89,35.88,2300,3367,-8028,6872
1109,GM,2020-10-21,0 days 15:58:51.239375,965883,35.85,35.84,7486,1900,13972,-8028
1110,GM,2020-10-21,0 days 15:58:53.239274,921255,35.85,35.84,4043,2200,-1828,36572
1111,GM,2020-10-21,0 days 15:59:03.241995,958648,35.86,35.85,2900,4806,3956,-1453
1112,GM,2020-10-21,0 days 15:59:04.242961,955904,35.86,35.85,2300,12006,-2744,3956
1113,GM,2020-10-21,0 days 15:59:05.242410,958648,35.86,35.85,3200,12100,23912,-2744
1114,GM,2020-10-21,0 days 15:59:39.241299,1068706,35.87,35.86,9209,900,-3571,7929
1115,GM,2020-10-21,0 days 15:59:40.241136,1045837,35.86,35.85,5500,600,22869,-3571
1116,GM,2020-10-21,0 days 15:59:48.240526,1079853,35.85,35.84,5339,600,735,-9055
1117,GM,2020-10-21,0 days 15:59:50.243819,1069095,35.82,35.81,3100,6773,-8599,10508
1118,GM,2020-10-21,0 days 15:59:51.241076,1066794,35.8,35.79,7200,2807,2301,-8599
1119,GME,2020-10-21,0 days 15:55:00.915999,45854,14.03,14.02,1292,424,-4587,2601
1120,GME,2020-10-21,0 days 15:57:24.914971,50958,14.1,14.09,500,1300,-983,317
1121,GME,2020-10-21,0 days 15:57:46.914420,51941,14.1,14.09,1600,1500,2017,-983
1122,GME,2020-10-21,0 days 15:57:47.914788,51258,14.1,14.09,1600,1400,-683,2017
1123,GME,2020-10-21,0 days 15:59:06.919499,53041,14.09,14.08,100,9291,10029,-573
1124,GNW,2020-10-21,0 days 15:55:00.916710,77296,3.76,3.75,22518,24200,-23567,15105
1125,GNW,2020-10-21,0 days 15:56:18.919040,90247,3.77,3.76,18956,28450,6003,-8997
1126,GNW,2020-10-21,0 days 15:59:04.919539,230560,3.75,3.74,30518,13092,-10438,3666
1127,GOLD,2020-10-21,0 days 15:55:00.916848,202986,27.38,27.37,8635,27065,24789,-63772
1128,GOLD,2020-10-21,0 days 15:55:01.913473,194775,27.38,27.37,7145,34573,-8211,24789
1129,GOLD,2020-10-21,0 days 15:59:07.919992,224885,27.39,27.38,14690,33569,4998,-12586
1130,GOLD,2020-10-21,0 days 15:59:08.919477,217383,27.39,27.38,9910,36269,-6302,4998
1131,GOLD,2020-10-21,0 days 15:59:31.916141,231967,27.38,27.37,7563,34734,6447,-1953
1132,GOLD,2020-10-21,0 days 15:59:32.916171,224614,27.38,27.37,7583,36566,-7353,6447
1133,GPK,2020-10-21,0 days 15:55:00.230283,411763,13.67,13.66,6068,10129,-1586,34514
1134,GPK,2020-10-21,0 days 15:57:35.234725,425598,13.67,13.66,23719,2044,1693,-3107
1135,GPK,2020-10-21,0 days 15:59:05.239223,467257,13.69,13.68,8152,9746,64319,-1500
1136,GPK,2020-10-21,0 days 15:59:28.232611,564625,13.68,13.67,7311,12146,-7952,8123
1137,GPK,2020-10-21,0 days 15:59:29.232082,560277,13.68,13.67,7611,11646,4348,-7952
1138,GPK,2020-10-21,0 days 15:59:43.232874,587576,13.68,13.67,9902,16546,-7370,4599
1139,GPK,2020-10-21,0 days 15:59:44.232675,567071,13.68,13.67,13702,18046,20505,-7370
1140,GPK,2020-10-21,0 days 15:59:45.235232,587576,13.68,13.67,12594,10946,-7093,20505
1141,GPK,2020-10-21,0 days 15:59:47.233716,585299,13.68,13.67,14524,6200,2277,-12223
1142,GPK,2020-10-21,0 days 15:59:48.234010,587576,13.68,13.67,15424,4000,-12475,2277
1143,GPK,2020-10-21,0 days 15:59:50.235998,583139,13.68,13.67,18030,2300,4437,-10563
1144,GPS,2020-10-21,0 days 15:59:16.093660,866080,18.63,18.62,7300,4401,-58446,67902
1145,GSX,2020-10-21,0 days 15:55:00.099944,30258,71.26,71.22,1144,600,13829,-8717
1146,GSX,2020-10-21,0 days 15:55:01.099958,44087,71.26,71.2,944,900,-6587,13829
1147,GSX,2020-10-21,0 days 15:55:02.099309,30258,71.21,71.2,1144,369,13829,-6587
1148,GSX,2020-10-21,0 days 15:55:05.099371,44087,71.23,71.2,190,866,-6587,13829
1149,GSX,2020-10-21,0 days 15:55:28.101416,44087,71.35,71.3,200,107,-6587,13829
1150,GSX,2020-10-21,0 days 15:55:33.102014,30258,71.28,71.26,500,200,13829,-6587
1151,GSX,2020-10-21,0 days 15:56:00.102794,30258,71.37,71.33,300,100,13843,-11189
1152,GSX,2020-10-21,0 days 15:56:26.101417,44101,71.27,71.23,200,100,-11189,13843
1153,GSX,2020-10-21,0 days 15:56:38.101586,44101,71.2,71.09,629,180,-11189,13843
1154,GSX,2020-10-21,0 days 15:56:39.101759,30258,71.19,71.09,829,180,13843,-11189
1155,GSX,2020-10-21,0 days 15:56:48.102376,44101,71.23,71.18,400,100,-11189,13843
1156,GSX,2020-10-21,0 days 15:56:55.102638,30258,71.23,71.18,700,100,13843,-11189
1157,GSX,2020-10-21,0 days 15:57:24.104705,30258,71.22,71.18,200,900,13843,-11189
1158,GSX,2020-10-21,0 days 15:57:25.103943,44101,71.22,71.18,100,900,-11189,13843
1159,GSX,2020-10-21,0 days 15:57:30.103975,30258,71.27,71.2,300,100,13843,-11189
1160,GSX,2020-10-21,0 days 15:57:31.105971,44101,71.29,71.25,233,100,-11189,13843
1161,GSX,2020-10-21,0 days 15:57:32.104114,30258,71.29,71.2,333,100,13843,-11189
1162,GSX,2020-10-21,0 days 15:57:38.104002,44101,71.24,71.2,200,100,-11489,13543
1163,GSX,2020-10-21,0 days 15:57:39.103955,30558,71.24,71.2,200,100,13543,-11489
1164,GSX,2020-10-21,0 days 15:57:40.104443,44101,71.21,71.19,200,100,-11489,13543
1165,GSX,2020-10-21,0 days 15:57:41.104282,30958,71.21,71.19,500,100,13143,-11489
1166,GSX,2020-10-21,0 days 15:58:52.106312,46464,71.15,70.95,500,400,-9427,14706
1167,GSX,2020-10-21,0 days 15:58:55.107183,30858,71.09,70.95,400,400,15606,-9427
1168,GSX,2020-10-21,0 days 15:59:18.104705,36936,71.04,70.95,100,100,-19833,6478
1169,HAL,2020-10-21,0 days 15:55:33.232928,547948,12.72,12.71,15255,32924,1121,-7784
1170,HAL,2020-10-21,0 days 15:55:35.232742,537516,12.72,12.71,9051,36020,-10432,1121
1171,HAL,2020-10-21,0 days 15:59:26.232172,580220,12.68,12.67,19126,28444,-4811,12289
1172,HBI,2020-10-21,0 days 15:59:05.242742,165707,17.27,17.26,400,9546,36509,-1802
1173,HD,2020-10-21,0 days 15:59:14.918982,414441,284.63,284.52,124,420,9281,-56256
1174,HD,2020-10-21,0 days 15:59:15.915478,411878,284.77,284.52,100,421,-3071,9281
1175,HD,2020-10-21,0 days 15:59:19.915668,414997,284.79,284.68,100,420,435,-319
1176,HD,2020-10-21,0 days 15:59:20.915334,413440,284.84,284.73,100,200,-7793,435
1177,HD,2020-10-21,0 days 15:59:25.916036,414513,284.8,284.58,800,100,6969,-4395
1178,HD,2020-10-21,0 days 15:59:26.915644,414098,284.79,284.58,200,100,-415,6969
1179,HD,2020-10-21,0 days 15:59:30.915924,415141,284.54,284.37,729,700,166,-23
1180,HD,2020-10-21,0 days 15:59:45.916212,415703,284.57,284.4,100,750,-9716,658
1181,HD,2020-10-21,0 days 15:59:46.916167,415253,284.54,284.37,300,343,2050,-9716
1182,HD,2020-10-21,0 days 15:59:52.915707,415941,284.53,284.27,100,100,-2178,4588
1183,HDB,2020-10-21,0 days 15:55:00.917460,47303,59.74,59.72,607,594,9068,-8369
1184,HDB,2020-10-21,0 days 15:55:14.914813,57603,59.79,59.76,100,495,968,-132
1185,HDB,2020-10-21,0 days 15:57:46.914562,60493,59.73,59.72,200,200,-1347,153
1186,HDB,2020-10-21,0 days 15:59:21.915681,78589,59.75,59.73,696,324,-269,457
1187,HDB,2020-10-21,0 days 15:59:24.916187,76358,59.75,59.73,803,324,2231,-269
1188,HES,2020-10-21,0 days 15:55:00.100040,201697,37.32,37.3,362,570,-10650,30053
1189,HES,2020-10-21,0 days 15:55:20.101017,212351,37.37,37.35,500,200,1577,-1523
1190,HES,2020-10-21,0 days 15:55:39.101632,215546,37.36,37.35,753,284,-48,295
1191,HES,2020-10-21,0 days 15:55:40.102115,215294,37.36,37.35,1305,100,252,-48
1192,HES,2020-10-21,0 days 15:56:05.102098,217587,37.36,37.35,1809,100,-1509,593
1193,HES,2020-10-21,0 days 15:56:06.102582,217296,37.36,37.35,1809,100,291,-1509
1194,HES,2020-10-21,0 days 15:57:07.103550,218811,37.41,37.4,400,262,-1746,254
1195,HES,2020-10-21,0 days 15:57:08.104803,218357,37.41,37.4,400,262,454,-1746
1196,HES,2020-10-21,0 days 15:57:12.104050,219611,37.41,37.4,717,721,-1146,454
1197,HES,2020-10-21,0 days 15:57:13.103648,219457,37.41,37.4,817,821,154,-1146
1198,HES,2020-10-21,0 days 15:57:27.104573,219721,37.46,37.45,459,100,-136,264
1199,HES,2020-10-21,0 days 15:57:35.104265,220821,37.42,37.41,259,300,-3336,164
1200,HES,2020-10-21,0 days 15:57:36.103990,225657,37.42,37.41,359,300,1564,-3336
1201,HES,2020-10-21,0 days 15:57:37.104447,225421,37.41,37.4,359,264,-236,1564
1202,HES,2020-10-21,0 days 15:57:38.104046,227757,37.41,37.4,359,350,564,-236
1203,HES,2020-10-21,0 days 15:57:39.104006,226921,37.41,37.4,459,150,-836,564
1204,HES,2020-10-21,0 days 15:57:43.104572,227757,37.41,37.4,359,150,64,-836
1205,HES,2020-10-21,0 days 15:57:44.104226,226921,37.41,37.4,459,250,-836,64
1206,HES,2020-10-21,0 days 15:57:45.104753,227757,37.41,37.39,696,400,3864,-836
1207,HES,2020-10-21,0 days 15:57:47.104865,226921,37.41,37.39,696,400,-836,464
1208,HES,2020-10-21,0 days 15:57:55.104570,227757,37.41,37.4,250,600,664,-1436
1209,HES,2020-10-21,0 days 15:57:56.104625,227021,37.42,37.4,500,700,-736,664
1210,HES,2020-10-21,0 days 15:57:57.104609,227757,37.42,37.4,400,1400,164,-736
1211,HES,2020-10-21,0 days 15:57:58.104239,227021,37.41,37.4,109,1231,-736,164
1212,HES,2020-10-21,0 days 15:58:01.105789,227757,37.42,37.4,500,1783,664,-736
1213,HES,2020-10-21,0 days 15:58:03.105510,226853,37.43,37.41,500,500,-904,1164
1214,HES,2020-10-21,0 days 15:58:07.105482,227914,37.41,37.4,188,500,4239,-1061
1215,HES,2020-10-21,0 days 15:58:08.105332,226053,37.42,37.4,500,1100,-1861,4239
1216,HES,2020-10-21,0 days 15:58:30.106211,222314,37.37,37.36,200,133,239,-361
1217,HES,2020-10-21,0 days 15:58:31.106036,221953,37.38,37.36,1000,233,-361,239
1218,HES,2020-10-21,0 days 15:58:59.107330,222314,37.37,37.35,465,300,595,-353
1219,HES,2020-10-21,0 days 15:59:09.108594,225281,37.36,37.35,100,1174,-585,2715
1220,HES,2020-10-21,0 days 15:59:39.105286,250995,37.29,37.28,367,400,24726,-1974
1221,HES,2020-10-21,0 days 15:59:47.104880,250696,37.28,37.25,600,715,-746,1076
1222,HIG,2020-10-21,0 days 15:59:07.305000,465216,40.42,40.41,300,1122,46586,-4214
1223,HIG,2020-10-21,0 days 15:59:08.304697,443841,40.47,40.46,341,500,-19969,46586
1224,HIG,2020-10-21,0 days 15:59:14.306141,456133,40.46,40.45,1000,379,-8126,3682
1225,HIG,2020-10-21,0 days 15:59:46.294174,480617,40.44,40.42,371,400,-3942,6127
1226,HIG,2020-10-21,0 days 16:00:00.296039,484447,40.44,40.36,200,600,267,-475
1227,HL,2020-10-21,0 days 15:55:00.234917,161483,5.26,5.25,46091,53539,-16435,33719
1228,HL,2020-10-21,0 days 15:55:01.234707,157918,5.26,5.25,48191,55739,3565,-16435
1229,HL,2020-10-21,0 days 15:56:21.238129,186904,5.25,5.24,85177,51013,-143,1757
1230,HL,2020-10-21,0 days 15:57:17.239647,182347,5.25,5.24,85771,18705,4557,-1843
1231,HL,2020-10-21,0 days 15:57:47.237574,186904,5.25,5.24,83771,33129,-1043,2857
1232,HL,2020-10-21,0 days 15:57:48.235651,182847,5.25,5.24,83771,33129,4057,-1043
1233,HL,2020-10-21,0 days 15:58:01.237755,182025,5.25,5.24,85334,33823,-37522,42757
1234,HL,2020-10-21,0 days 15:58:02.237185,143147,5.25,5.24,97334,30723,38878,-37522
