,Symbol,Timestamp,TIME,iPaired,Ask_P,Bid_P,Ask_S,Bid_S,iShares,PreviShares
0,A,2020-03-13,0 days 15:55:00.350905,437877,68.6,68.54,12,93,242,-42857
1,A,2020-03-13,0 days 15:55:07.367879,434214,68.63,68.49,300,200,-3663,1142
2,A,2020-03-13,0 days 15:58:08.806973,462104,68.59,68.37,553,455,1206,-3194
3,A,2020-03-13,0 days 15:58:09.812929,456410,68.59,68.37,436,1062,-5783,1206
4,A,2020-03-13,0 days 15:58:12.816342,460996,68.56,68.42,317,300,2570,-5531
5,A,2020-03-13,0 days 15:58:13.819096,455266,68.56,68.42,318,300,-5730,2570
6,A,2020-03-13,0 days 15:58:54.919061,467324,68.73,68.64,3,200,-10271,5529
7,A,2020-03-13,0 days 15:59:41.032229,520325,69.38,69.28,108,225,-1365,8135
8,A,2020-03-13,0 days 15:59:43.038556,522200,69.32,69.27,200,1534,3564,-10708
9,A,2020-03-13,0 days 15:59:46.044369,517782,69.37,69.27,309,2789,-5474,3564
10,A,2020-03-13,0 days 15:59:50.064081,523032,69.3,69.22,7300,1224,4176,-4006
11,AA,2020-03-13,0 days 15:55:00.291113,139165,7.93,7.92,14175,11112,1215,-6270
12,AA,2020-03-13,0 days 15:56:38.531485,142355,7.9,7.89,7021,7298,-210,1390
13,AA,2020-03-13,0 days 15:56:39.532390,141165,7.9,7.89,7260,7543,1190,-210
14,AA,2020-03-13,0 days 15:57:44.687395,148878,7.93,7.92,3600,1141,-4057,825
15,AA,2020-03-13,0 days 15:57:56.716359,141335,7.96,7.95,3000,3049,120,-680
16,AA,2020-03-13,0 days 15:58:00.729548,141455,7.96,7.95,2428,5466,-380,120
17,AA,2020-03-13,0 days 15:58:01.732295,139635,7.96,7.95,3588,4741,1820,-380
18,AA,2020-03-13,0 days 15:58:03.735251,128479,7.97,7.96,2868,902,-12156,820
19,AA,2020-03-13,0 days 15:58:17.770424,136501,7.97,7.96,3468,8343,1098,-5608
20,AA,2020-03-13,0 days 15:58:34.810993,139599,7.97,7.96,4186,9608,-102,398
21,AA,2020-03-13,0 days 15:59:09.896640,139875,7.99,7.98,3208,6077,5694,-576
22,AA,2020-03-13,0 days 15:59:12.904150,145269,7.99,7.98,3127,2481,-782,194
23,AA,2020-03-13,0 days 15:59:13.908302,144951,7.99,7.98,2232,3470,318,-782
24,ABB,2020-03-13,0 days 15:56:48.387786,41148,17.62,17.61,78181,5320,-1407,623
25,ABB,2020-03-13,0 days 15:56:49.389919,38855,17.62,17.61,77681,4682,2293,-1407
26,ABB,2020-03-13,0 days 15:58:04.575842,41148,17.62,17.61,82135,2265,-2118,2282
27,ABB,2020-03-13,0 days 15:58:05.577986,39066,17.62,17.61,87035,2134,2082,-2118
28,ABB,2020-03-13,0 days 15:59:17.753319,37214,17.62,17.61,84099,7827,6215,-835
29,ABBV,2020-03-13,0 days 15:59:24.788177,3229956,85.42,85.18,100,340,80130,-7335
30,ABBV,2020-03-13,0 days 15:59:25.790430,3104348,85.55,85.51,74,581,-141445,80130
31,ABBV,2020-03-13,0 days 15:59:30.804242,3241580,85.54,85.44,700,807,24112,-64663
32,ABBV,2020-03-13,0 days 15:59:31.807587,3175315,85.54,85.49,10,600,-69778,24112
33,ABBV,2020-03-13,0 days 15:59:32.809542,3241580,85.46,85.43,10,700,22412,-69778
34,ABBV,2020-03-13,0 days 15:59:33.812571,3211892,85.54,85.5,100,200,-30801,22412
35,ABBV,2020-03-13,0 days 15:59:38.823747,3242693,85.52,85.46,299,516,9127,-373
36,ABBV,2020-03-13,0 days 15:59:40.827653,3238627,85.44,85.41,100,950,-1268,20075
37,ABBV,2020-03-13,0 days 15:59:41.829859,3238883,85.39,85.38,100,10,7844,-1268
38,ABBV,2020-03-13,0 days 15:59:44.837075,3234427,85.4,85.32,149,489,-2424,1289
39,ABBV,2020-03-13,0 days 15:59:50.854652,3235751,85.33,85.26,471,800,145,-2670
40,ABC,2020-03-13,0 days 15:56:57.430906,288542,89.32,89.28,10,300,-2535,998
41,ABC,2020-03-13,0 days 15:56:58.433892,284177,89.15,89.08,265,200,4398,-2535
42,ABC,2020-03-13,0 days 15:57:36.526246,288661,89.41,89.23,200,576,-497,2847
43,ABC,2020-03-13,0 days 15:57:37.528548,285458,89.39,89.23,100,500,3203,-497
44,ABC,2020-03-13,0 days 15:57:42.540714,288694,89.19,89.07,100,200,-1864,836
45,ABC,2020-03-13,0 days 15:57:43.542460,285958,89.19,89.05,200,100,2736,-1864
46,ABC,2020-03-13,0 days 15:57:45.547387,288694,89.17,89.1,200,300,-2864,2736
47,ABC,2020-03-13,0 days 15:57:46.550096,286558,89.3,89.17,112,400,2136,-2864
48,ABC,2020-03-13,0 days 15:57:50.563001,288661,89.6,89.38,100,60,-297,1503
49,ABC,2020-03-13,0 days 15:57:51.561925,287458,89.6,89.31,200,100,1203,-297
50,ABC,2020-03-13,0 days 15:57:53.567313,288657,89.58,89.4,217,500,-1701,1203
51,ABC,2020-03-13,0 days 15:57:54.568759,285058,89.56,89.33,100,100,3599,-1701
52,ABC,2020-03-13,0 days 15:57:59.581284,288158,89.6,89.53,100,100,499,-2501
53,ABC,2020-03-13,0 days 15:58:10.610242,293861,89.38,89.29,200,87,-1623,1822
54,ABC,2020-03-13,0 days 15:58:11.611534,292684,89.36,89.26,302,100,1177,-1623
55,ABC,2020-03-13,0 days 15:58:19.635165,293824,89.49,89.37,137,100,-1016,1221
56,ABC,2020-03-13,0 days 15:58:24.645113,290971,89.52,89.4,200,100,2853,-2347
57,ABC,2020-03-13,0 days 15:58:27.653000,293824,89.57,89.47,100,100,-2547,1257
58,ABC,2020-03-13,0 days 15:58:28.652818,293071,89.62,89.49,300,200,753,-2547
59,ABC,2020-03-13,0 days 15:58:31.660069,293230,89.62,89.51,505,100,594,-906
60,ABC,2020-03-13,0 days 15:58:40.683134,308834,89.73,89.65,95,100,-196,1904
61,ABC,2020-03-13,0 days 15:58:41.684611,307030,89.73,89.65,95,157,1804,-196
62,ABC,2020-03-13,0 days 15:58:43.690005,308834,89.76,89.69,203,200,-17959,3904
63,ABC,2020-03-13,0 days 15:58:45.693414,307886,89.8,89.7,110,200,848,-1459
64,ABC,2020-03-13,0 days 15:58:53.714540,308834,89.7,89.58,200,100,-1090,3310
65,ABC,2020-03-13,0 days 15:58:54.715344,307924,89.7,89.58,300,102,910,-1090
66,ABC,2020-03-13,0 days 15:59:04.739983,309331,89.75,89.66,100,200,-2398,2139
67,ABC,2020-03-13,0 days 15:59:05.742393,308629,89.74,89.66,100,400,702,-2398
68,ABC,2020-03-13,0 days 15:59:06.744494,309331,89.69,89.61,200,300,-3735,702
69,ABC,2020-03-13,0 days 15:59:15.767235,314788,89.56,89.47,109,100,257,-2935
70,ABC,2020-03-13,0 days 15:59:20.778781,318038,89.69,89.61,100,200,-2314,3148
71,ABC,2020-03-13,0 days 15:59:26.793930,318037,89.71,89.63,100,120,-747,248
72,ABC,2020-03-13,0 days 15:59:27.796223,317084,89.74,89.64,102,163,953,-747
73,ABC,2020-03-13,0 days 15:59:29.802963,318470,89.73,89.63,69,208,-114,586
74,ABC,2020-03-13,0 days 15:59:32.810871,317684,89.68,89.63,103,200,1046,-2454
75,ABC,2020-03-13,0 days 15:59:47.846184,321878,90.07,90.0,100,565,-23448,140
76,ABEV,2020-03-13,0 days 15:55:00.103197,4631824,2.61,2.6,311901,391781,-473219,1100243
77,ABEV,2020-03-13,0 days 15:59:09.703397,5148973,2.61,2.6,325969,847545,85523,-192173
78,ABT,2020-03-13,0 days 15:55:00.103072,1203630,80.37,80.34,300,465,-1225,199240
79,ABT,2020-03-13,0 days 15:55:01.104839,1200555,80.37,80.35,365,2000,3075,-1225
80,ABT,2020-03-13,0 days 15:57:28.458215,1267226,81.97,81.95,11,489,-30319,56181
81,ABT,2020-03-13,0 days 15:57:29.459878,1211445,82.0,81.99,13448,3238,56681,-30319
82,ABT,2020-03-13,0 days 15:57:37.478637,1268126,82.37,82.34,579,318,-1734,31070
83,ABT,2020-03-13,0 days 15:57:38.481752,1262760,82.42,82.38,260,13221,5366,-1734
84,ABT,2020-03-13,0 days 15:57:41.490522,1268126,82.22,82.12,200,5249,-13396,5270
85,ABT,2020-03-13,0 days 15:57:44.496124,1266075,81.91,81.8,469,400,2051,-1453
86,ABT,2020-03-13,0 days 15:57:47.503130,1268126,82.06,82.01,300,300,-6353,1947
87,ABT,2020-03-13,0 days 15:57:48.507640,1274479,82.05,82.01,1200,900,4547,-6353
88,ABT,2020-03-13,0 days 15:57:49.509687,1273826,82.26,82.19,332,400,-21053,4547
89,ABT,2020-03-13,0 days 15:58:03.543349,1276883,82.48,82.27,365,400,38031,-857
90,ABT,2020-03-13,0 days 15:58:04.560827,1275330,82.45,82.27,328,100,-2330,38031
91,ABT,2020-03-13,0 days 15:58:06.554161,1261256,82.27,82.12,982,652,3474,-23930
92,ABT,2020-03-13,0 days 15:58:08.556476,1270130,82.25,82.22,1600,619,-8224,274
93,ABT,2020-03-13,0 days 15:58:10.560629,1295520,82.31,82.27,400,800,11912,-10004
94,ABT,2020-03-13,0 days 15:58:16.574354,1303326,82.27,82.23,200,416,-4193,5197
95,ABT,2020-03-13,0 days 15:58:17.577038,1302819,82.25,82.21,400,3300,507,-4193
96,ABT,2020-03-13,0 days 15:58:24.596250,1329826,82.1,82.06,400,256,-2821,3779
97,ABT,2020-03-13,0 days 15:58:26.599082,1317447,82.12,82.09,100,200,12379,-2821
98,ABT,2020-03-13,0 days 15:58:27.602849,1316026,82.09,82.06,300,200,-16621,12379
99,ABT,2020-03-13,0 days 15:58:33.614824,1308120,82.31,82.28,200,474,506,-598
100,ABT,2020-03-13,0 days 15:58:35.620612,1308926,82.07,82.03,261,200,-4294,7506
101,ABT,2020-03-13,0 days 15:58:40.633829,1272320,82.02,82.0,100,300,36949,-494
102,ABT,2020-03-13,0 days 15:58:44.641728,1309269,82.17,82.14,400,400,-14303,35397
103,ABT,2020-03-13,0 days 15:58:45.644964,1294372,82.17,82.15,361,154,14897,-14303
104,ABT,2020-03-13,0 days 15:58:46.645891,1327269,82.17,82.13,597,400,-8003,14897
105,ABT,2020-03-13,0 days 15:58:48.650999,1334892,82.14,82.08,355,500,4077,-14923
106,ABT,2020-03-13,0 days 15:58:49.654029,1332369,82.11,81.94,800,300,-2823,4077
107,ABT,2020-03-13,0 days 15:58:50.657787,1314692,82.11,81.94,1461,200,17677,-2823
108,ABT,2020-03-13,0 days 15:58:53.664920,1310369,82.08,82.01,51,497,-123,3177
109,ABT,2020-03-13,0 days 15:58:59.680000,1335192,82.13,82.04,400,300,11277,-11223
110,ABT,2020-03-13,0 days 15:59:03.688154,1354013,82.06,82.03,200,483,-20679,2321
111,ABT,2020-03-13,0 days 15:59:09.703340,1403815,82.1,82.06,400,200,6298,-807
112,ABT,2020-03-13,0 days 15:59:12.711208,1400693,82.44,82.4,110,100,-18885,4549
113,ABT,2020-03-13,0 days 15:59:15.719075,1419609,82.65,82.6,361,1000,3247,-4816
114,ABT,2020-03-13,0 days 15:59:30.756540,1442661,82.62,82.57,677,339,-7680,15920
115,ABT,2020-03-13,0 days 15:59:31.756394,1448360,82.58,82.57,400,100,1401,-7680
116,ABT,2020-03-13,0 days 15:59:32.759630,1447861,82.66,82.6,300,200,-2864,1401
117,ABT,2020-03-13,0 days 15:59:33.762160,1449002,82.57,82.55,400,400,1059,-2864
118,ABT,2020-03-13,0 days 15:59:34.765247,1448461,82.52,82.51,582,100,-541,1059
119,ABT,2020-03-13,0 days 15:59:37.771003,1449002,82.38,82.34,1033,700,2447,-541
120,ACC,2020-03-13,0 days 15:55:00.149808,145754,37.76,37.72,300,84,5130,-19882
121,ACC,2020-03-13,0 days 15:55:01.152716,144084,37.75,37.71,1100,203,-1570,5130
122,ACC,2020-03-13,0 days 15:55:30.224642,151954,37.64,37.58,200,300,554,-2270
123,ACC,2020-03-13,0 days 15:55:31.224826,149908,37.64,37.58,100,71,-1946,554
124,ACC,2020-03-13,0 days 15:56:55.427318,151654,37.41,37.35,400,400,1781,-436
125,ACC,2020-03-13,0 days 15:56:56.432608,150035,37.41,37.36,500,380,-1619,1781
126,ACC,2020-03-13,0 days 15:58:04.597822,155085,37.55,37.5,200,109,252,-710
127,ACC,2020-03-13,0 days 15:58:05.603144,153437,37.55,37.5,335,109,-1648,252
128,ACC,2020-03-13,0 days 15:58:18.628844,155085,37.55,37.51,203,100,4052,-248
129,ACC,2020-03-13,0 days 15:58:19.635259,153937,37.58,37.51,300,300,-1948,4052
130,ACC,2020-03-13,0 days 15:59:19.777558,159828,37.7,37.68,201,160,82,-1677
131,ACC,2020-03-13,0 days 15:59:20.779048,159910,37.77,37.69,300,100,-383,82
132,ACM,2020-03-13,0 days 15:55:22.207169,94531,32.84,32.81,657,1670,-2479,1029
133,ACM,2020-03-13,0 days 15:55:23.207298,93910,32.86,32.83,600,300,621,-2479
134,ACM,2020-03-13,0 days 15:55:26.214289,94531,32.85,32.83,120,100,-679,621
135,ACM,2020-03-13,0 days 15:55:27.216475,94010,32.86,32.83,1151,200,521,-679
136,ACM,2020-03-13,0 days 15:55:35.237237,94531,32.74,32.73,18,200,-2679,829
137,ACM,2020-03-13,0 days 15:55:36.238435,94010,32.74,32.73,380,100,521,-2679
138,ACM,2020-03-13,0 days 15:55:41.251180,94531,32.74,32.71,400,200,-2989,519
139,ACM,2020-03-13,0 days 15:55:42.251869,94120,32.74,32.71,599,100,411,-2989
140,ACM,2020-03-13,0 days 15:56:06.309647,94531,32.75,32.73,120,458,-2689,819
141,ACM,2020-03-13,0 days 15:56:07.311765,94120,32.75,32.73,120,479,411,-2689
142,ACM,2020-03-13,0 days 15:56:18.336976,96654,32.79,32.77,193,744,-2566,942
143,ACM,2020-03-13,0 days 15:56:19.339852,96020,32.8,32.77,521,644,634,-2566
144,ACM,2020-03-13,0 days 15:57:09.461550,98901,32.93,32.9,462,746,-3576,832
145,ACM,2020-03-13,0 days 15:57:10.464467,98477,32.93,32.9,462,746,424,-3576
146,ACM,2020-03-13,0 days 15:57:14.474177,98801,33.05,32.97,300,485,-3676,832
147,ACM,2020-03-13,0 days 15:57:15.477274,93969,33.05,32.99,100,587,4832,-3676
148,ACM,2020-03-13,0 days 15:57:28.507718,98950,33.18,33.09,400,1064,-3427,981
149,ACM,2020-03-13,0 days 15:57:29.510965,98477,33.18,33.1,210,201,473,-3427
150,ACM,2020-03-13,0 days 15:57:34.521763,98950,33.17,33.12,1,300,-3527,881
151,ACM,2020-03-13,0 days 15:57:35.523067,98477,33.17,33.12,100,312,473,-3527
152,ACM,2020-03-13,0 days 15:57:44.543714,99850,33.08,33.01,121,800,-27,573
153,ACM,2020-03-13,0 days 15:57:45.546138,99277,33.08,33.02,20,400,573,-27
154,ACM,2020-03-13,0 days 15:58:02.589189,104177,33.0,32.96,300,200,1873,-327
155,ACM,2020-03-13,0 days 15:58:11.610287,105106,32.95,32.94,307,498,944,-4456
156,ACM,2020-03-13,0 days 15:58:25.644973,105106,33.0,32.96,20,706,944,-4456
157,ACM,2020-03-13,0 days 15:58:29.655930,105150,33.03,33.01,77,400,-5356,6881
158,ACM,2020-03-13,0 days 15:58:30.656353,104306,33.02,33.01,200,302,1044,-5356
159,ACM,2020-03-13,0 days 15:58:38.676056,105920,33.02,32.98,343,600,1040,-4560
160,ACM,2020-03-13,0 days 15:59:06.745524,107660,33.1,33.06,737,1550,-2631,4577
161,ACM,2020-03-13,0 days 15:59:17.771534,116363,33.07,33.04,200,709,-20670,1780
162,ACM,2020-03-13,0 days 15:59:30.804203,92182,33.19,33.09,641,500,22591,-1287
163,ACM,2020-03-13,0 days 15:59:34.813208,92357,33.21,33.17,241,490,19216,-24552
164,ACM,2020-03-13,0 days 15:59:51.855466,91540,33.44,33.38,2637,300,17469,-14971
165,ACM,2020-03-13,0 days 15:59:57.868291,91540,33.44,33.38,4334,640,17469,-16171
166,ACM,2020-03-13,0 days 15:59:59.875022,109109,33.41,33.39,1817,17791,-14971,17469
167,ACN,2020-03-13,0 days 15:56:22.323695,615756,163.41,163.32,40,35,-2724,3876
168,ACN,2020-03-13,0 days 15:56:23.326786,615380,163.46,163.31,1187,302,376,-2724
169,ACN,2020-03-13,0 days 15:56:54.403805,616416,162.74,162.69,1073,200,-2961,239
170,ACN,2020-03-13,0 days 15:56:55.405860,581118,162.83,162.8,100,278,40302,-2961
171,ACN,2020-03-13,0 days 15:57:08.436243,627072,163.11,163.08,2,110,-31791,3854
172,ACN,2020-03-13,0 days 15:57:09.438699,626463,163.13,163.04,386,200,609,-31791
173,ACN,2020-03-13,0 days 15:57:15.453470,640167,163.73,163.63,3,261,-30926,5019
174,ACN,2020-03-13,0 days 15:57:16.456847,602448,163.85,163.74,224,400,37657,-30926
175,ACN,2020-03-13,0 days 15:57:20.466093,638493,164.0,163.9,127,425,1612,-31088
176,ACN,2020-03-13,0 days 15:57:35.501331,640146,164.44,164.23,7,478,-32047,5057
177,ACN,2020-03-13,0 days 15:57:36.503625,639593,164.44,164.33,397,50,553,-32047
178,ACN,2020-03-13,0 days 15:57:39.510611,640146,164.51,164.45,101,2076,-49647,5098
179,ACN,2020-03-13,0 days 15:57:41.515201,585848,164.51,164.45,700,324,54698,-147
180,ACN,2020-03-13,0 days 15:57:44.521809,640146,164.5,164.47,110,20,-56247,5098
181,ACN,2020-03-13,0 days 15:57:47.530846,585848,164.9,164.66,24,100,59303,-1747
182,ACN,2020-03-13,0 days 15:57:51.539664,627051,165.0,164.84,330,120,-79958,3903
183,ACN,2020-03-13,0 days 15:58:02.566871,585848,165.51,165.38,100,200,80743,-7918
184,ACN,2020-03-13,0 days 15:58:13.593603,686083,165.21,164.95,129,287,62,-38
185,ACN,2020-03-13,0 days 15:58:15.599262,686145,165.13,164.98,1,160,-138,62
186,ACN,2020-03-13,0 days 15:58:18.605351,686383,165.22,165.15,100,100,98,-42
187,ACN,2020-03-13,0 days 15:58:23.618750,598200,165.42,165.29,205,200,88281,-3736
188,ACN,2020-03-13,0 days 15:58:24.621012,637181,165.42,165.07,5,495,-84580,88281
189,ACN,2020-03-13,0 days 15:58:37.655078,598122,165.65,165.58,108,430,81903,-6758
190,ACN,2020-03-13,0 days 15:58:38.653499,635325,165.65,165.58,111,830,-85258,81903
191,ACN,2020-03-13,0 days 15:58:39.656728,598122,165.77,165.62,6,544,83949,-85258
192,ACN,2020-03-13,0 days 15:58:44.670672,635371,166.33,165.91,5,347,-85898,3449
193,ACN,2020-03-13,0 days 15:58:45.669946,598122,166.33,166.15,5,385,84449,-85898
194,ACN,2020-03-13,0 days 15:58:46.673214,635371,166.33,166.15,5,754,-86098,84449
195,ACN,2020-03-13,0 days 15:59:12.741137,637744,166.56,166.46,1317,762,-56130,34342
196,ACN,2020-03-13,0 days 15:59:20.760414,603968,166.55,166.47,68,100,105500,-4375
197,ACN,2020-03-13,0 days 15:59:22.767542,692287,166.55,166.48,705,100,-2299,105500
198,ACN,2020-03-13,0 days 15:59:26.775301,604023,166.49,166.48,1201,636,88519,-1844
199,ACN,2020-03-13,0 days 15:59:27.776792,666342,166.61,166.5,438,300,-29433,88519
200,ACN,2020-03-13,0 days 15:59:30.788749,604023,166.38,166.37,1235,280,89335,-2333
201,ACN,2020-03-13,0 days 15:59:33.794428,665368,166.55,166.47,719,700,-30407,61935
202,ACN,2020-03-13,0 days 15:59:35.798237,605283,166.55,166.47,919,540,87985,-2507
203,ACN,2020-03-13,0 days 15:59:46.825528,609988,166.54,166.48,276,1087,94298,-3444
204,ACN,2020-03-13,0 days 15:59:50.836906,672386,166.55,166.49,938,500,-35763,63103
205,ADM,2020-03-13,0 days 15:55:35.214188,552510,34.3,34.29,387,100,1819,-1381
206,ADM,2020-03-13,0 days 15:55:37.218239,554329,34.27,34.25,500,460,-2318,1819
207,ADM,2020-03-13,0 days 15:55:39.221966,519433,34.27,34.26,1518,100,34896,-2218
208,ADM,2020-03-13,0 days 15:55:55.261724,556747,34.21,34.19,409,500,362,-29438
209,ADM,2020-03-13,0 days 15:56:08.291912,556664,34.15,34.13,3145,37,445,-31655
210,ADM,2020-03-13,0 days 15:56:44.377643,558605,34.05,34.04,800,200,596,-37404
211,ADM,2020-03-13,0 days 15:57:11.444682,572038,34.14,34.12,200,915,-41941,8060
212,ADM,2020-03-13,0 days 15:57:12.447292,571579,34.15,34.13,600,725,1022,-41941
213,ADM,2020-03-13,0 days 15:57:52.542161,518778,34.32,34.31,500,100,62522,-75779
214,ADM,2020-03-13,0 days 15:58:16.604924,589929,34.36,34.34,806,603,-34679,5568
215,ADM,2020-03-13,0 days 15:58:18.605559,588707,34.36,34.34,806,1291,1222,-4378
216,ADM,2020-03-13,0 days 15:58:20.611734,589929,34.35,34.34,100,1786,-16853,1122
217,ADSW,2020-03-13,0 days 15:56:04.302713,115804,32.72,32.71,1400,3500,-14117,2583
218,ADSW,2020-03-13,0 days 15:56:05.305999,113621,32.72,32.71,200,4811,2183,-14117
219,ADSW,2020-03-13,0 days 15:59:10.755434,142887,32.66,32.65,1489,2220,-1126,318
220,ADSW,2020-03-13,0 days 15:59:16.769026,143813,32.66,32.65,1100,1986,3204,-926
221,ADSW,2020-03-13,0 days 15:59:33.813211,132413,32.72,32.71,3200,745,937,-16463
222,ADSW,2020-03-13,0 days 15:59:42.834010,133350,32.71,32.7,600,1700,-17605,16837
223,ADSW,2020-03-13,0 days 15:59:45.842091,134355,32.7,32.69,479,500,15695,-17605
224,ADSW,2020-03-13,0 days 15:59:46.843634,150050,32.7,32.69,479,1000,-1105,15695
225,ADSW,2020-03-13,0 days 15:59:50.857017,132255,32.75,32.74,500,1000,1095,-1905
226,ADT,2020-03-13,0 days 15:55:00.103594,112694,4.69,4.68,7037,15695,-1139,803
227,ADT,2020-03-13,0 days 15:56:48.360605,113833,4.7,4.69,6254,12233,1880,-470
228,ADT,2020-03-13,0 days 15:56:49.367486,112513,4.7,4.69,7254,12133,-1320,1880
229,ADT,2020-03-13,0 days 15:57:50.518534,139789,4.7,4.69,9737,21895,1456,-844
230,ADT,2020-03-13,0 days 15:57:51.513172,136545,4.7,4.69,9737,21895,-3244,1456
231,ADT,2020-03-13,0 days 15:58:34.617860,146627,4.7,4.69,11537,19575,2651,-249
232,ADT,2020-03-13,0 days 15:58:35.620809,143378,4.7,4.69,10337,19575,-3249,2651
233,AEM,2020-03-13,0 days 15:56:59.438929,106645,36.21,36.19,100,100,-595,12365
234,AEM,2020-03-13,0 days 15:57:00.442064,95080,36.23,36.22,45,300,11565,-595
235,AEM,2020-03-13,0 days 15:57:03.446848,106645,36.29,36.23,412,1101,-595,5765
236,AEM,2020-03-13,0 days 15:57:05.451479,103686,36.25,36.23,492,161,2959,-19441
237,AEM,2020-03-13,0 days 15:57:31.513241,115345,36.29,36.27,100,4600,-170644,6536
238,AEM,2020-03-13,0 days 15:57:33.518411,44809,36.26,36.25,100,1300,70536,-107044
239,AEM,2020-03-13,0 days 15:58:25.644973,43749,36.25,36.23,289,300,153296,-17722
240,AEM,2020-03-13,0 days 15:58:30.656353,43749,36.27,36.26,100,405,162196,-9322
241,AEM,2020-03-13,0 days 15:58:47.697099,43749,36.36,36.35,675,200,167821,-9359
242,AEM,2020-03-13,0 days 15:58:48.700388,118970,36.33,36.31,100,1000,-170059,167821
243,AEM,2020-03-13,0 days 15:59:02.734034,128870,36.4,36.37,100,490,-168626,8754
244,AEM,2020-03-13,0 days 15:59:03.736506,44116,36.42,36.4,200,100,160960,-168626
245,AEM,2020-03-13,0 days 15:59:08.751195,119576,36.57,36.45,453,100,-108482,74860
246,AEM,2020-03-13,0 days 15:59:09.752661,228058,36.47,36.44,80,203,154,-108482
247,AEM,2020-03-13,0 days 15:59:13.762179,128306,36.8,36.77,200,1100,-103752,81690
248,AEM,2020-03-13,0 days 15:59:27.796054,135147,36.88,36.84,100,1283,-101486,84056
249,AEM,2020-03-13,0 days 15:59:31.807554,137147,36.88,36.85,600,1000,-99486,177756
250,AEM,2020-03-13,0 days 15:59:36.817974,125047,37.0,36.95,14,1020,-114313,77556
251,AEM,2020-03-13,0 days 15:59:37.820587,53791,37.01,37.0,300,695,179156,-114313
252,AEM,2020-03-13,0 days 15:59:39.825235,123099,37.25,37.17,200,1000,-117611,71156
253,AEM,2020-03-13,0 days 15:59:42.834302,55241,37.16,37.13,200,700,181322,-4147
254,AEM,2020-03-13,0 days 15:59:51.855466,58141,37.22,37.17,587,349,60674,-133131
255,AEM,2020-03-13,0 days 15:59:52.857887,110679,37.21,37.17,200,2191,-133131,60674
256,AEM,2020-03-13,0 days 15:59:54.864307,58141,37.18,37.17,200,2123,60674,-133131
257,AEM,2020-03-13,0 days 15:59:56.865341,110679,37.2,37.19,100,700,-133331,60674
258,AEO,2020-03-13,0 days 15:55:51.666422,277885,9.93,9.92,2558,24828,-26333,50867
259,AEP,2020-03-13,0 days 15:55:16.141160,578716,86.51,86.48,600,300,-49486,35866
260,AEP,2020-03-13,0 days 15:55:17.144169,573302,86.47,86.44,450,34,5414,-49486
261,AEP,2020-03-13,0 days 15:55:21.150966,578716,86.48,86.46,300,101,-49486,91113
262,AEP,2020-03-13,0 days 15:55:22.154131,573302,86.46,86.42,300,100,5414,-49486
263,AEP,2020-03-13,0 days 15:55:29.177434,573302,86.39,86.36,420,300,5414,-49286
264,AEP,2020-03-13,0 days 15:55:56.238953,578975,85.57,85.54,372,212,-45610,91389
265,AEP,2020-03-13,0 days 15:55:57.237615,491086,85.52,85.49,274,200,87889,-45610
266,AEP,2020-03-13,0 days 15:55:58.241097,578975,85.49,85.41,1134,100,-45863,87889
267,AEP,2020-03-13,0 days 15:55:59.243194,573138,85.47,85.41,200,100,5837,-45863
268,AEP,2020-03-13,0 days 15:56:15.281019,578975,85.47,85.42,1753,419,-27770,86929
269,AEP,2020-03-13,0 days 15:56:16.283889,491746,85.47,85.44,1653,121,87229,-27770
270,AEP,2020-03-13,0 days 15:56:17.284729,578975,85.45,85.42,22,330,-28070,87229
271,AEP,2020-03-13,0 days 15:56:18.287341,573345,85.43,85.42,100,333,5630,-28070
272,AEP,2020-03-13,0 days 15:56:23.299444,578975,85.36,85.28,22,34,-33670,87229
273,AEP,2020-03-13,0 days 15:56:24.301216,573245,85.36,85.28,22,34,5730,-33670
274,AEP,2020-03-13,0 days 15:56:54.375424,578938,84.89,84.84,125,165,-46470,36719
275,AEP,2020-03-13,0 days 15:56:55.378782,573608,84.89,84.85,273,100,5330,-46470
276,AEP,2020-03-13,0 days 15:57:09.411299,574373,85.27,85.03,400,405,3685,-55974
277,AEP,2020-03-13,0 days 15:57:22.442494,587404,85.42,85.29,1325,500,-47918,36310
278,AEP,2020-03-13,0 days 15:57:23.445910,582069,85.41,85.31,1001,302,5235,-47918
279,AEP,2020-03-13,0 days 15:57:27.455885,588343,85.34,85.27,170,200,-75579,7710
280,AEP,2020-03-13,0 days 15:57:32.469159,591247,85.32,85.28,610,200,-76175,84053
281,AEP,2020-03-13,0 days 15:57:33.472157,590622,85.3,85.28,70,255,625,-76175
282,AEP,2020-03-13,0 days 15:57:36.477425,597986,85.29,85.27,44,212,-74836,84553
283,AEP,2020-03-13,0 days 15:57:37.478781,513433,85.3,85.28,659,38,88553,-74836
284,AEP,2020-03-13,0 days 15:57:46.500586,601147,85.3,85.27,139,100,-75275,8953
285,AEP,2020-03-13,0 days 15:57:48.507798,599722,85.32,85.29,100,300,1425,-375
286,AEP,2020-03-13,0 days 15:57:52.515558,511180,85.45,85.4,200,138,84367,-4522
287,AEP,2020-03-13,0 days 15:58:03.543625,594578,85.42,85.36,77,100,985,-74831
288,AEP,2020-03-13,0 days 15:58:07.553882,586431,85.32,85.26,100,159,15971,-49429
289,AEP,2020-03-13,0 days 15:58:13.567838,629521,85.25,85.21,600,12,-57612,93577
290,AEP,2020-03-13,0 days 15:58:22.588944,619018,85.37,85.3,400,100,-68776,38552
291,AEP,2020-03-13,0 days 15:58:23.591857,616285,85.37,85.3,461,300,2733,-68776
292,AEP,2020-03-13,0 days 15:58:29.606640,593832,85.5,85.4,300,551,19486,-78914
293,AEP,2020-03-13,0 days 15:58:34.617860,609318,85.52,85.48,201,412,-78300,111127
294,AEP,2020-03-13,0 days 15:58:35.620809,607218,85.51,85.48,300,649,2100,-78300
295,AEP,2020-03-13,0 days 15:58:39.628586,609485,85.65,85.56,630,200,-69002,19080
296,AEP,2020-03-13,0 days 15:58:40.633983,596687,85.65,85.56,749,460,12798,-69002
297,AEP,2020-03-13,0 days 15:58:51.660748,609485,85.7,85.61,100,216,-73781,14661
298,AEP,2020-03-13,0 days 15:58:52.662400,608566,85.7,85.61,184,200,882,-73781
299,AEP,2020-03-13,0 days 15:59:09.703546,626456,85.86,85.75,968,100,-113033,28940
300,AEP,2020-03-13,0 days 15:59:10.707161,621889,85.81,85.73,1509,2354,14852,-113033
301,AEP,2020-03-13,0 days 15:59:15.719477,626456,85.98,85.95,133,102,-120186,7248
302,AEP,2020-03-13,0 days 15:59:19.725986,513782,86.03,86.0,500,200,127413,-13686
303,AEP,2020-03-13,0 days 15:59:22.734011,631730,86.22,86.11,1091,100,-126406,9213
304,AEP,2020-03-13,0 days 15:59:29.751669,513329,86.32,86.29,51,200,118461,-16746
305,AEP,2020-03-13,0 days 15:59:30.756978,622790,86.38,86.33,400,100,-137893,118461
306,AEP,2020-03-13,0 days 15:59:31.756644,513229,86.33,86.32,816,302,144561,-137893
307,AEP,2020-03-13,0 days 15:59:34.765548,513229,86.33,86.32,343,400,146044,-25410
308,AEP,2020-03-13,0 days 15:59:39.778023,514930,86.35,86.34,1245,430,136962,-9130
309,AEP,2020-03-13,0 days 15:59:50.805725,651886,86.32,86.28,150,193,-4792,126737
310,AEP,2020-03-13,0 days 15:59:57.822053,522818,86.42,86.41,601,1100,120068,-16239
311,AER,2020-03-13,0 days 15:55:10.375443,178259,24.05,24.04,5665,1747,-5083,13974
312,AER,2020-03-13,0 days 15:55:41.450744,183342,24.2,24.14,425,300,17794,-6552
313,AER,2020-03-13,0 days 15:55:42.452765,177936,24.2,24.14,825,400,-5406,17794
314,AER,2020-03-13,0 days 15:55:56.486675,183342,24.21,24.2,2315,309,16594,-7752
315,AER,2020-03-13,0 days 15:55:57.491048,177936,24.21,24.2,2815,1034,-5406,16594
316,AER,2020-03-13,0 days 15:56:47.609180,198793,24.3,24.29,1300,391,16221,-8625
317,AER,2020-03-13,0 days 15:56:48.612017,192514,24.31,24.29,1600,742,-6279,16221
318,AER,2020-03-13,0 days 15:56:52.621035,198793,24.44,24.4,400,572,15618,-32573
319,AER,2020-03-13,0 days 15:56:53.624095,193111,24.44,24.41,1220,272,-5682,15618
320,AER,2020-03-13,0 days 15:56:57.634209,198793,24.44,24.42,1600,442,15802,-8643
321,AER,2020-03-13,0 days 15:56:58.639185,192625,24.43,24.42,165,933,-6168,15802
322,AER,2020-03-13,0 days 15:57:06.656156,212422,24.46,24.45,1700,634,15697,-9947
323,AER,2020-03-13,0 days 15:57:07.658549,205019,24.46,24.45,1900,2234,-7403,15697
324,AER,2020-03-13,0 days 15:57:59.783956,214822,24.58,24.55,1100,400,11802,-16142
325,AER,2020-03-13,0 days 15:58:00.788815,207024,24.58,24.55,1803,439,-7798,11802
326,AER,2020-03-13,0 days 15:58:11.814432,205629,24.4,24.39,2818,1075,-6793,18007
327,AER,2020-03-13,0 days 15:58:27.853449,206617,24.46,24.43,200,405,-5805,18795
328,AER,2020-03-13,0 days 15:58:32.864639,212422,24.47,24.44,1300,401,17695,-7349
329,AER,2020-03-13,0 days 15:58:33.866815,205717,24.47,24.44,1400,506,-6705,17695
330,AER,2020-03-13,0 days 15:59:21.985268,222445,24.21,24.18,52,200,18621,-6423
331,AER,2020-03-13,0 days 15:59:22.987598,217566,24.19,24.18,55,900,-4879,18621
332,AER,2020-03-13,0 days 15:59:24.992366,222445,24.26,24.23,22,1339,13221,-29923
333,AER,2020-03-13,0 days 15:59:25.993195,167666,24.26,24.25,22,328,-54779,13221
334,AER,2020-03-13,0 days 15:59:31.009730,224863,24.52,24.47,300,1700,24844,-85100
335,AER,2020-03-13,0 days 15:59:33.013165,213007,24.53,24.52,3268,1593,-14256,24844
336,AES,2020-03-13,0 days 15:59:11.738316,1111439,12.92,12.91,988,1900,-12059,11475
337,AES,2020-03-13,0 days 15:59:18.754322,1113998,12.93,12.92,4573,3249,10116,-2196
338,AFL,2020-03-13,0 days 15:59:23.771048,1291043,34.6,34.51,600,1516,-156110,5506
339,AGI,2020-03-13,0 days 15:55:10.175763,49197,3.86,3.85,13947,43395,-1398,12602
340,AGI,2020-03-13,0 days 15:56:15.330965,50702,3.87,3.86,5348,41191,7885,-11315
341,AGI,2020-03-13,0 days 15:56:16.333894,49487,3.87,3.86,4000,38565,-1215,7885
342,AGI,2020-03-13,0 days 15:57:18.484201,50702,3.87,3.86,22679,24798,275033,-8667
343,AGI,2020-03-13,0 days 15:57:19.487773,42035,3.87,3.86,23291,24698,-8667,275033
344,AGN,2020-03-13,0 days 15:55:05.081021,330516,184.6,184.45,200,1,-1248,1524
345,AGN,2020-03-13,0 days 15:56:41.303778,331056,182.06,181.99,1410,300,53521,-63679
346,AGN,2020-03-13,0 days 15:56:42.306478,332477,182.37,182.09,700,912,-64779,53521
347,AGN,2020-03-13,0 days 15:56:46.315899,331056,182.0,181.83,300,115,51659,-11479
348,AGN,2020-03-13,0 days 15:56:47.318333,330915,182.0,181.83,400,122,-141,51659
349,AGN,2020-03-13,0 days 15:56:52.333599,331056,182.08,181.84,600,1007,135,-141
350,AGN,2020-03-13,0 days 15:56:53.333439,330892,182.06,181.89,200,200,-66664,135
351,AGN,2020-03-13,0 days 15:57:38.444119,401432,182.53,182.44,100,6,1969,-1831
352,AGN,2020-03-13,0 days 15:57:39.445155,397101,182.52,182.43,400,345,-4331,1969
353,AGN,2020-03-13,0 days 15:57:45.459160,401432,182.54,182.47,300,100,3369,-531
354,AGN,2020-03-13,0 days 15:57:47.464870,397901,182.82,182.6,66,254,-3531,1269
355,AGN,2020-03-13,0 days 15:58:04.524865,401432,182.99,182.91,100,143,2194,-1661
356,AGN,2020-03-13,0 days 15:58:05.509510,400826,183.07,182.92,400,331,-606,2194
357,AGN,2020-03-13,0 days 15:58:06.513272,401432,182.98,182.79,300,391,4594,-606
358,AGN,2020-03-13,0 days 15:58:07.514151,398326,182.97,182.79,660,391,-3106,4594
359,AGN,2020-03-13,0 days 15:58:09.521642,401432,182.95,182.8,300,204,1408,-3106
360,AGN,2020-03-13,0 days 15:58:10.522819,398840,182.94,182.8,600,404,-2592,1408
361,AGN,2020-03-13,0 days 15:58:15.535468,398632,182.91,182.78,408,100,158,-6492
362,AGN,2020-03-13,0 days 15:58:16.536112,395890,182.91,182.78,508,200,-2742,158
363,AGN,2020-03-13,0 days 15:58:51.621957,399904,183.15,182.98,300,400,416,-3614
364,AGN,2020-03-13,0 days 15:58:52.623944,396620,183.05,182.97,2,334,-3284,416
365,AGN,2020-03-13,0 days 15:58:53.626765,399904,182.99,182.59,2,100,16,-3284
366,AGN,2020-03-13,0 days 15:59:04.652200,399120,182.95,182.73,724,1141,-784,13116
367,AGN,2020-03-13,0 days 15:59:15.681112,420337,183.52,183.23,100,108,8753,-2433
368,AGN,2020-03-13,0 days 15:59:17.686538,414790,183.51,183.31,100,309,-5547,1753
369,AGN,2020-03-13,0 days 15:59:38.738674,422179,184.04,183.98,20,547,6833,-6076
370,AGN,2020-03-13,0 days 15:59:39.745229,414712,184.04,183.98,10,597,-7467,6833
371,AGN,2020-03-13,0 days 15:59:40.744562,422179,184.01,183.95,553,899,4502,-7467
372,AGN,2020-03-13,0 days 15:59:41.746211,413512,184.03,183.95,20,895,-12467,4502
373,AGN,2020-03-13,0 days 15:59:43.750874,422179,183.97,183.89,600,600,9026,-1543
374,AGN,2020-03-13,0 days 15:59:44.749852,420305,184.02,183.94,600,220,-1874,9026
375,AIG,2020-03-13,0 days 15:56:22.324226,1415298,27.93,27.92,749,700,133100,-151025
376,AIG,2020-03-13,0 days 15:56:23.327458,1412998,27.91,27.9,296,600,-2300,133100
377,AIG,2020-03-13,0 days 15:56:32.348869,1405081,27.87,27.86,439,2013,-1488,4612
378,AIG,2020-03-13,0 days 15:57:01.420100,1411330,27.92,27.91,3222,1038,-1039,5061
379,AIG,2020-03-13,0 days 15:57:39.510848,1413133,28.06,28.05,1439,6705,10046,-993
380,AIG,2020-03-13,0 days 15:57:45.526131,1422279,28.1,28.08,600,1075,-5554,846
381,AIG,2020-03-13,0 days 15:57:53.545239,1430133,28.19,28.18,300,1600,147055,-174848
382,AIG,2020-03-13,0 days 15:57:54.547026,1429488,28.19,28.18,500,1930,-3045,147055
383,AIG,2020-03-13,0 days 15:58:01.569905,1440096,28.2,28.19,10854,7156,4109,-1591
384,AIG,2020-03-13,0 days 15:58:02.567228,1438505,28.2,28.19,10654,6275,-1591,4109
385,AIG,2020-03-13,0 days 15:58:37.655366,1486432,28.29,28.28,1900,6403,-20106,214896
386,AIG,2020-03-13,0 days 15:59:35.798715,1512627,28.56,28.55,3679,2953,234592,-228797
387,AIG,2020-03-13,0 days 15:59:36.803217,1536919,28.56,28.55,689,5494,-267,234592
388,AIG,2020-03-13,0 days 16:00:00.855373,1537186,28.51,28.49,64124,38314,124376,-129513
389,AIV,2020-03-13,0 days 15:57:06.452755,200692,45.91,45.87,410,100,-17278,9840
390,AIV,2020-03-13,0 days 15:57:07.456429,199270,45.88,45.85,100,500,1422,-17278
391,AIV,2020-03-13,0 days 15:57:25.499589,200692,45.86,45.83,200,3,-40178,5340
392,AIV,2020-03-13,0 days 15:57:26.501937,186270,45.86,45.83,200,100,14422,-40178
393,AIV,2020-03-13,0 days 15:57:39.533992,199670,45.78,45.74,540,100,1022,-43978
394,AIV,2020-03-13,0 days 15:57:45.547574,200984,45.72,45.69,1806,5214,-37086,50905
395,AIV,2020-03-13,0 days 15:57:46.550534,200270,45.72,45.69,1800,5114,960,-37086
396,AIV,2020-03-13,0 days 15:57:48.554183,201230,45.74,45.72,400,200,-1040,960
397,AIV,2020-03-13,0 days 15:57:52.564024,200938,45.83,45.8,220,95,-50832,5386
398,AIV,2020-03-13,0 days 15:58:07.603284,201503,45.69,45.67,323,100,-35767,61451
399,AIV,2020-03-13,0 days 15:58:08.604765,193370,45.69,45.67,523,100,8133,-35767
400,AIV,2020-03-13,0 days 15:58:22.639354,206742,45.69,45.68,779,1684,-49094,66206
401,AIV,2020-03-13,0 days 15:58:24.645292,193535,45.67,45.64,400,96,13207,-15693
402,AIV,2020-03-13,0 days 15:58:28.652975,206742,45.69,45.65,1908,100,-102093,66206
403,AIV,2020-03-13,0 days 15:58:29.656910,193535,45.62,45.59,200,200,13207,-102093
404,AIV,2020-03-13,0 days 15:59:10.755619,207591,45.62,45.58,2445,1700,-48614,39983
405,AIV,2020-03-13,0 days 15:59:11.757948,196205,45.62,45.58,2895,2000,12035,-48614
406,AIV,2020-03-13,0 days 15:59:19.777800,208629,45.68,45.64,100,99,-1290,62821
407,AIV,2020-03-13,0 days 15:59:22.786004,145708,45.83,45.7,100,55,67721,-190
408,AIV,2020-03-13,0 days 15:59:23.787109,208064,45.89,45.79,500,301,-66355,67721
409,AIV,2020-03-13,0 days 15:59:24.789606,211619,45.85,45.81,400,200,3745,-66355
410,AIV,2020-03-13,0 days 15:59:25.791453,211364,45.85,45.81,300,200,-255,3745
411,AIV,2020-03-13,0 days 15:59:26.794189,143908,45.92,45.89,100,200,67456,-255
412,AIV,2020-03-13,0 days 15:59:28.800109,208476,46.0,45.98,100,18,-9943,64768
413,AIV,2020-03-13,0 days 15:59:29.803114,143908,46.0,45.98,427,1243,73768,-9943
414,AIV,2020-03-13,0 days 15:59:39.827321,144354,46.03,46.02,1669,1802,76303,-12713
415,AL,2020-03-13,0 days 15:55:56.679490,56179,23.47,23.42,400,200,-7167,1989
416,AL,2020-03-13,0 days 15:55:57.680172,55346,23.47,23.42,400,800,833,-7167
417,AL,2020-03-13,0 days 15:56:20.735615,56179,23.52,23.47,400,403,-7712,1589
418,AL,2020-03-13,0 days 15:56:21.737634,46190,23.52,23.49,300,700,9989,-7712
419,AL,2020-03-13,0 days 15:56:30.761338,52279,23.52,23.51,323,713,-1538,1689
420,AL,2020-03-13,0 days 15:56:31.761586,48417,23.52,23.51,323,746,3862,-1538
421,AL,2020-03-13,0 days 15:56:33.766718,52279,23.56,23.52,200,503,-7881,1362
422,AL,2020-03-13,0 days 15:56:34.769025,51860,23.56,23.52,200,503,419,-7881
423,AL,2020-03-13,0 days 15:56:52.813095,65560,23.56,23.53,200,689,1719,-7081
424,AL,2020-03-13,0 days 15:57:06.848871,65660,23.45,23.3,107,298,1819,-6181
425,AL,2020-03-13,0 days 15:57:27.899433,65760,23.42,23.39,300,294,1719,-4181
426,AL,2020-03-13,0 days 15:57:36.921767,67479,23.43,23.4,80,706,-7681,2662
427,AL,2020-03-13,0 days 15:57:37.923311,65860,23.43,23.41,80,203,1619,-7681
428,AL,2020-03-13,0 days 15:57:54.963239,66060,23.35,23.34,21,100,2219,-7181
429,AL,2020-03-13,0 days 15:58:02.984615,53117,23.35,23.32,418,398,12162,-4439
430,AL,2020-03-13,0 days 15:58:07.995900,64217,23.29,23.26,520,200,1462,-8838
431,AL,2020-03-13,0 days 15:58:28.047163,64479,23.39,23.36,36,598,-9280,963
432,AL,2020-03-13,0 days 15:58:29.049144,63159,23.42,23.36,200,698,920,-9280
433,AL,2020-03-13,0 days 15:58:54.108879,75059,23.41,23.39,296,500,2525,-7475
434,AL,2020-03-13,0 days 15:59:12.155082,78391,23.46,23.43,1371,1662,1890,-5910
435,AL,2020-03-13,0 days 15:59:25.187909,86938,23.54,23.45,100,1383,-8380,3290
436,AL,2020-03-13,0 days 15:59:26.189822,85225,23.54,23.45,100,1183,1713,-8380
437,AL,2020-03-13,0 days 15:59:37.219428,84625,23.71,23.69,12402,41,920,-10880
438,AL,2020-03-13,0 days 15:59:45.237104,84625,23.71,23.7,9969,101,920,-9380
439,ALB,2020-03-13,0 days 15:55:00.350363,112646,67.25,67.03,144,1109,-7118,34096
440,ALB,2020-03-13,0 days 15:55:01.355819,110564,67.11,67.05,244,133,2082,-7118
441,ALB,2020-03-13,0 days 15:55:13.383356,112646,67.18,67.06,300,248,-18881,4142
442,ALB,2020-03-13,0 days 15:55:14.386881,110527,67.17,67.06,100,248,2119,-18881
443,ALB,2020-03-13,0 days 15:55:19.395969,112646,67.13,67.04,300,100,-18881,25251
444,ALB,2020-03-13,0 days 15:55:20.398185,110527,67.13,67.04,701,300,2119,-18881
445,ALB,2020-03-13,0 days 15:55:31.426067,111427,67.0,66.96,101,100,2228,-17772
446,ALB,2020-03-13,0 days 15:55:33.432641,113655,66.99,66.91,321,300,-18672,25351
447,ALB,2020-03-13,0 days 15:55:34.433140,111427,66.99,66.9,1423,1,2228,-18672
448,ALB,2020-03-13,0 days 15:55:50.471119,113655,66.88,66.85,697,102,-18713,4310
449,ALB,2020-03-13,0 days 15:55:51.473182,88545,66.95,66.89,200,400,25110,-18713
450,ALB,2020-03-13,0 days 15:56:03.503308,111368,66.91,66.82,400,500,2287,-18713
451,ALB,2020-03-13,0 days 15:56:44.601447,113762,66.76,66.71,40,132,-19369,4400
452,ALB,2020-03-13,0 days 15:56:45.602282,111631,66.78,66.71,200,232,2131,-19369
453,ALB,2020-03-13,0 days 15:56:59.638876,115932,66.78,66.69,406,668,-6999,2825
454,ALB,2020-03-13,0 days 15:57:00.641946,114825,66.83,66.77,8,241,1107,-6999
455,ALB,2020-03-13,0 days 15:57:06.655946,114725,66.8,66.74,800,100,1207,-30293
456,ALB,2020-03-13,0 days 15:57:12.670645,115932,67.14,66.83,621,400,-34132,35933
457,ALB,2020-03-13,0 days 15:57:13.672530,115064,67.14,66.83,400,200,868,-34132
458,ALB,2020-03-13,0 days 15:57:28.709106,115932,67.11,66.99,100,568,-34032,39233
459,ALB,2020-03-13,0 days 15:57:29.710404,76599,67.11,67.03,200,146,39333,-34032
460,ALB,2020-03-13,0 days 15:57:43.745695,115164,67.11,67.02,207,573,759,-34841
461,ALB,2020-03-13,0 days 15:57:47.754786,115923,67.24,67.16,106,500,-36141,39824
462,ALB,2020-03-13,0 days 15:57:48.758847,74699,67.3,67.21,2038,200,41196,-36141
463,ALB,2020-03-13,0 days 15:57:54.773642,115295,67.4,67.37,25,342,-38269,3596
464,ALB,2020-03-13,0 days 15:57:56.776814,73699,67.5,67.46,3,361,41596,-69
465,ALB,2020-03-13,0 days 15:57:57.780036,115295,67.56,67.49,200,480,-38169,41596
466,ALB,2020-03-13,0 days 15:57:58.781556,73799,67.56,67.53,200,167,41496,-38169
467,ALB,2020-03-13,0 days 15:57:59.783797,115295,67.56,67.53,100,367,-4,41496
468,ALB,2020-03-13,0 days 15:58:11.813038,76763,67.23,67.18,200,164,42804,-689
469,ALB,2020-03-13,0 days 15:58:12.815935,119567,67.17,67.1,200,500,-38061,42804
470,ALB,2020-03-13,0 days 15:58:13.818851,117728,67.16,67.1,100,609,1839,-38061
471,ALB,2020-03-13,0 days 15:58:20.835835,119628,67.03,66.98,3,159,733,-34467
472,ALB,2020-03-13,0 days 15:58:23.845508,120361,67.07,66.96,821,118,-35405,4460
473,ALB,2020-03-13,0 days 15:58:24.846452,79801,67.01,66.98,100,158,40560,-35405
474,ALB,2020-03-13,0 days 15:58:26.851528,120361,67.04,66.98,100,100,-35405,4460
475,ALB,2020-03-13,0 days 15:58:28.855426,119766,67.14,67.06,100,200,586,-714
476,ALB,2020-03-13,0 days 15:58:45.895103,120625,67.19,67.11,495,100,-39979,2786
477,ALB,2020-03-13,0 days 15:58:46.898906,120504,67.19,67.11,895,600,121,-39979
478,ALB,2020-03-13,0 days 15:58:52.914922,120140,67.12,67.07,164,33,485,-37015
479,ALB,2020-03-13,0 days 15:58:57.928452,119997,67.37,67.18,200,100,-2043,485
480,ALB,2020-03-13,0 days 15:59:06.948084,120941,67.25,67.19,174,146,1368,-131
481,ALB,2020-03-13,0 days 15:59:07.951309,121709,67.25,67.19,174,326,-380,1368
482,ALB,2020-03-13,0 days 15:59:08.952660,121389,67.22,67.21,3,122,320,-380
483,ALB,2020-03-13,0 days 15:59:09.955567,121709,67.27,67.21,3,223,-1060,320
484,ALB,2020-03-13,0 days 15:59:10.957778,121469,67.26,67.21,11,328,240,-1060
485,ALB,2020-03-13,0 days 15:59:12.962937,121709,67.34,67.28,100,204,-573,240
486,ALB,2020-03-13,0 days 15:59:13.967774,77417,67.34,67.29,66,304,44292,-573
487,ALB,2020-03-13,0 days 15:59:14.966730,121709,67.31,67.21,300,850,-40366,44292
488,ALB,2020-03-13,0 days 15:59:15.969770,125559,67.31,67.27,200,100,479,-40366
489,ALB,2020-03-13,0 days 15:59:16.974758,126038,67.31,67.27,145,600,-321,479
490,ALB,2020-03-13,0 days 15:59:17.974886,81001,67.31,67.27,407,500,45037,-321
491,ALB,2020-03-13,0 days 15:59:20.982279,127028,67.31,67.28,46,361,-39931,4327
492,ALB,2020-03-13,0 days 15:59:21.985122,126675,67.32,67.29,302,100,353,-39931
493,ALB,2020-03-13,0 days 15:59:30.010879,131453,67.46,67.38,100,1070,-43860,3927
494,ALB,2020-03-13,0 days 15:59:31.009606,131013,67.47,67.39,289,1066,440,-43860
495,ALB,2020-03-13,0 days 15:59:46.043991,131453,67.57,67.51,268,826,-49594,2027
496,ALB,2020-03-13,0 days 15:59:47.046965,82926,67.54,67.51,262,479,48527,-49594
497,ALB,2020-03-13,0 days 15:59:55.072606,100126,68.04,67.95,1017,810,31327,-20193
498,ALB,2020-03-13,0 days 15:59:58.076354,100526,68.02,67.99,3306,218,30780,-20840
499,ALB,2020-03-13,0 days 16:00:00.157950,131306,68.02,68.0,25952,381,-20940,30780
500,ALC,2020-03-13,0 days 15:59:16.682254,45818,53.12,53.11,31793,6185,48707,-414
501,ALL,2020-03-13,0 days 15:56:37.361729,403183,90.66,90.54,200,192,383,-2017
502,ALL,2020-03-13,0 days 15:56:38.374557,398766,90.6,90.54,100,100,-4417,383
503,ALL,2020-03-13,0 days 15:58:10.588339,451092,91.97,91.85,190,400,2400,-2116
504,ALL,2020-03-13,0 days 15:58:11.589189,444092,91.97,91.85,590,900,-7000,2400
505,ALL,2020-03-13,0 days 15:59:40.810558,470290,92.91,92.85,1290,2583,8042,-1853
506,ALL,2020-03-13,0 days 15:59:48.828226,468232,92.84,92.68,301,1086,-258,442
507,ALLY,2020-03-13,0 days 15:55:23.598728,604402,20.3,20.29,2352,238,21076,-7128
508,ALLY,2020-03-13,0 days 15:55:24.600857,599878,20.28,20.26,146,1285,-32728,21076
509,ALLY,2020-03-13,0 days 15:55:34.627724,599778,20.25,20.24,300,500,-4424,21176
510,ALLY,2020-03-13,0 days 15:56:55.821660,606508,20.23,20.22,1615,400,-3819,14289
511,ALLY,2020-03-13,0 days 15:57:15.870272,611781,20.28,20.24,574,684,24516,-5542
512,ALLY,2020-03-13,0 days 15:57:16.871991,609197,20.28,20.24,874,684,-2584,24516
513,ALLY,2020-03-13,0 days 15:57:34.915859,612081,20.3,20.29,814,1585,2816,-2484
514,ALLY,2020-03-13,0 days 15:57:35.917611,609497,20.31,20.29,1232,1885,-2584,2816
515,ALLY,2020-03-13,0 days 15:57:39.927386,612081,20.3,20.29,600,1189,30016,-38542
516,ALLY,2020-03-13,0 days 15:57:40.933044,609497,20.31,20.29,2892,1828,-2484,30016
517,ALLY,2020-03-13,0 days 15:57:41.938262,612081,20.3,20.29,1000,467,2816,-2484
518,ALLY,2020-03-13,0 days 15:57:42.935511,609497,20.3,20.29,900,400,-2484,2816
519,ALLY,2020-03-13,0 days 15:57:54.963348,609726,20.37,20.35,800,500,-2755,55345
520,ALLY,2020-03-13,0 days 15:58:15.013002,616009,20.37,20.36,100,933,62244,-9498
521,ALLY,2020-03-13,0 days 15:58:16.015797,612853,20.4,20.37,404,200,-3356,62244
522,ALLY,2020-03-13,0 days 15:58:22.030772,616636,20.4,20.39,200,785,64017,-11141
523,ALLY,2020-03-13,0 days 15:58:23.033940,613453,20.44,20.4,1058,800,-81241,64017
524,ALLY,2020-03-13,0 days 15:58:27.046337,617636,20.48,20.46,202,700,66417,-10641
525,ALLY,2020-03-13,0 days 15:58:28.047299,614353,20.48,20.47,200,200,-3283,66417
526,ALLY,2020-03-13,0 days 15:59:01.126099,618197,20.5,20.49,9342,721,71358,-80600
527,ALLY,2020-03-13,0 days 15:59:02.132347,617584,20.5,20.49,8942,621,-113,71358
528,ALLY,2020-03-13,0 days 15:59:49.245376,616259,20.67,20.64,840,1653,-89861,1872
529,ALLY,2020-03-13,0 days 15:59:54.262422,677833,20.58,20.53,1779,6900,-19912,57146
530,ALLY,2020-03-13,0 days 15:59:55.261975,620087,20.58,20.55,3400,1569,57746,-19912
531,ALLY,2020-03-13,0 days 16:00:00.270639,620087,20.58,20.56,36061,39179,57746,-25687
532,ALSN,2020-03-13,0 days 15:56:56.432396,378346,32.62,32.61,200,100,3884,-808
533,ALSN,2020-03-13,0 days 15:56:57.432916,372708,32.63,32.62,202,100,-4230,3884
534,ALSN,2020-03-13,0 days 15:57:37.527328,372300,32.65,32.64,250,775,-4638,2362
535,ALSN,2020-03-13,0 days 15:57:45.546218,380980,32.64,32.63,300,369,1520,-1738
536,ALSN,2020-03-13,0 days 15:57:46.550623,376700,32.64,32.63,300,369,-238,1520
537,ALSN,2020-03-13,0 days 15:57:48.553314,376938,32.71,32.67,800,100,962,-238
538,ALSN,2020-03-13,0 days 15:57:50.562307,374000,32.71,32.69,500,100,-2938,3762
539,ALSN,2020-03-13,0 days 15:57:55.572002,374000,32.82,32.72,708,300,-2938,662
540,ALSN,2020-03-13,0 days 15:58:06.603660,376938,32.79,32.78,200,500,389,-8084
541,ALSN,2020-03-13,0 days 15:58:07.601691,373227,32.79,32.78,200,700,-3711,389
542,ALSN,2020-03-13,0 days 15:58:35.670029,380880,32.92,32.89,515,940,4084,-2416
543,ALSN,2020-03-13,0 days 15:58:36.672590,376664,32.92,32.89,515,1043,-4216,4084
544,ALSN,2020-03-13,0 days 15:58:43.688580,375309,32.93,32.92,207,100,1448,-174
545,ALSN,2020-03-13,0 days 15:58:44.690581,371557,32.93,32.92,202,400,-3752,1448
546,AM,2020-03-13,0 days 16:00:00.057637,496892,3.16,3.15,27651,1300,-20924,6691
547,AMCR,2020-03-13,0 days 15:57:27.499287,2797871,6.84,6.83,24923,25721,-34095,790962
548,AMCR,2020-03-13,0 days 15:57:28.499902,2793466,6.8,6.79,14877,10218,4405,-34095
549,AMCR,2020-03-13,0 days 15:57:51.555162,2835971,6.82,6.81,5741,4908,-14195,305
550,AMCR,2020-03-13,0 days 15:58:20.625739,2928685,6.82,6.81,18759,35422,-1902,16119
551,AMCR,2020-03-13,0 days 15:58:30.650085,2769085,6.83,6.82,7745,18508,-26902,11098
552,AMCR,2020-03-13,0 days 15:58:35.662169,2881587,6.83,6.82,17669,18627,9898,-3302
553,AMCR,2020-03-13,0 days 15:58:39.670683,2772095,6.83,6.82,15336,19808,-14592,9898
554,AMCR,2020-03-13,0 days 15:58:46.687859,2785587,6.82,6.81,3167,8071,108008,-13492
555,AMCR,2020-03-13,0 days 15:59:06.739033,2896307,6.82,6.81,12196,10844,35588,-15812
556,AME,2020-03-13,0 days 15:55:00.068790,203010,74.35,74.19,500,733,3634,-2630
557,AME,2020-03-13,0 days 15:55:01.064082,201444,74.34,74.22,608,302,-1566,3634
558,AME,2020-03-13,0 days 15:55:23.116535,203025,74.24,74.16,3,100,19859,-3649
559,AME,2020-03-13,0 days 15:55:24.118675,201484,74.24,74.16,3,200,-1541,19859
560,AME,2020-03-13,0 days 15:56:13.236470,205230,73.81,73.77,103,200,18195,-4754
561,AME,2020-03-13,0 days 15:56:14.239510,204325,73.81,73.74,217,11,-23613,18195
562,AME,2020-03-13,0 days 15:56:51.329505,205316,73.73,73.65,200,5,19219,-2189
563,AME,2020-03-13,0 days 15:56:52.333480,204839,73.73,73.66,200,406,-802,19219
564,AME,2020-03-13,0 days 15:56:57.343783,206141,73.95,73.83,304,208,22198,-25110
565,AME,2020-03-13,0 days 15:56:59.350322,206417,73.95,73.83,504,318,-351,849
566,AME,2020-03-13,0 days 15:57:05.362326,210697,73.66,73.57,33,200,20737,-2496
567,AME,2020-03-13,0 days 15:57:06.365068,210234,73.66,73.57,33,282,-463,20737
568,AME,2020-03-13,0 days 15:57:20.399914,214310,73.88,73.69,125,1,23885,-2990
569,AME,2020-03-13,0 days 15:57:21.401877,213595,73.87,73.69,223,201,-715,23885
570,AME,2020-03-13,0 days 15:57:47.464739,221410,73.92,73.89,371,200,21499,-5676
571,AME,2020-03-13,0 days 15:57:48.468634,220509,73.92,73.9,196,200,-32776,21499
572,AME,2020-03-13,0 days 15:57:49.470454,223710,73.97,73.84,125,200,25799,-32776
573,AME,2020-03-13,0 days 15:57:50.480215,223809,74.1,73.96,25,200,-3001,25799
574,AME,2020-03-13,0 days 15:57:57.489517,231110,74.35,74.21,232,390,22699,-5076
575,AME,2020-03-13,0 days 15:57:58.490114,229309,74.35,74.21,232,337,-2701,22699
576,AME,2020-03-13,0 days 15:58:04.524850,230115,74.16,74.13,100,700,-1897,23703
577,AME,2020-03-13,0 days 15:58:10.522675,233426,74.1,74.01,512,274,24232,-2572
578,AME,2020-03-13,0 days 15:58:11.523305,231658,74.09,74.01,46,200,-1768,24232
579,AME,2020-03-13,0 days 15:58:14.532229,231226,73.97,73.92,182,300,23432,-743
580,AME,2020-03-13,0 days 15:58:15.535408,229658,73.97,73.93,382,100,-1568,23432
581,AME,2020-03-13,0 days 15:58:18.540982,232626,74.08,73.97,281,395,22189,-3786
582,AME,2020-03-13,0 days 15:58:19.546004,231015,74.08,74.04,281,410,-2411,22189
583,AME,2020-03-13,0 days 15:58:34.579601,235926,74.35,74.28,6,701,24063,-3912
584,AME,2020-03-13,0 days 15:58:35.581276,234089,74.35,74.28,6,501,-30012,24063
585,AME,2020-03-13,0 days 15:58:58.638312,239926,74.49,74.4,300,200,24256,-3919
586,AME,2020-03-13,0 days 15:58:59.640659,237952,74.49,74.42,200,200,-1974,24256
587,AME,2020-03-13,0 days 15:59:05.656040,270798,74.31,74.26,200,80,8429,-3359
588,AME,2020-03-13,0 days 15:59:19.689690,273267,74.22,74.17,1407,500,3256,-4989
589,AME,2020-03-13,0 days 15:59:20.692669,271023,74.22,74.17,226,512,-2144,3256
590,AME,2020-03-13,0 days 15:59:21.696455,245049,74.21,74.19,100,100,26774,-2144
591,AME,2020-03-13,0 days 15:59:22.699574,245723,74.27,74.2,3,300,-27601,26774
592,AME,2020-03-13,0 days 15:59:33.726095,246597,74.42,74.35,5,1600,-28098,25411
593,AME,2020-03-13,0 days 15:59:46.754602,247767,74.56,74.47,16,800,-27465,3181
594,AME,2020-03-13,0 days 15:59:51.766051,265124,74.66,74.54,110,489,-10508,19981
595,AME,2020-03-13,0 days 15:59:55.775317,245586,74.64,74.55,4010,6,19981,-10608
596,AME,2020-03-13,0 days 15:59:57.782540,265078,74.72,74.61,2833,1661,-10854,19981
597,AMH,2020-03-13,0 days 15:55:01.064101,295291,27.92,27.91,1220,1542,-1276,1624
598,AMH,2020-03-13,0 days 15:55:32.139344,294336,27.81,27.8,1258,200,1028,-1072
599,AMH,2020-03-13,0 days 15:55:33.141045,293264,27.82,27.8,1600,800,-1072,1028
600,AMH,2020-03-13,0 days 15:56:48.321382,294336,27.67,27.66,1900,611,988,-712
601,AMH,2020-03-13,0 days 15:56:49.323532,293424,27.67,27.66,1620,1211,-912,988
602,AMH,2020-03-13,0 days 15:56:59.350322,294336,27.68,27.67,927,1929,288,-712
603,AMH,2020-03-13,0 days 15:57:00.352813,292369,27.71,27.7,1286,553,-1967,288
604,AMH,2020-03-13,0 days 15:57:05.362326,294336,27.7,27.69,700,1500,547,-659
605,AMH,2020-03-13,0 days 15:57:06.365068,293583,27.7,27.69,1240,200,-753,547
606,AMH,2020-03-13,0 days 15:58:03.504745,311899,27.74,27.73,500,700,-5516,684
607,AMH,2020-03-13,0 days 15:58:06.513212,315615,27.7,27.69,600,411,115,-1485
608,AMT,2020-03-13,0 days 15:59:17.753480,517810,237.65,237.56,100,1254,21256,-91293
609,AMT,2020-03-13,0 days 15:59:18.754578,516466,237.94,237.7,75,75,-95038,21256
610,AMT,2020-03-13,0 days 15:59:30.789866,518388,239.93,239.85,115,75,5090,-82977
611,AMT,2020-03-13,0 days 15:59:31.789132,515878,239.99,239.94,151,9320,-2510,5090
612,AMT,2020-03-13,0 days 15:59:46.826009,519095,241.37,241.36,4400,548,5457,-95861
613,AMT,2020-03-13,0 days 15:59:47.827477,517452,241.37,241.36,4700,445,-1343,5457
614,AMT,2020-03-13,0 days 15:59:54.846636,518444,239.77,239.5,5432,299,12180,-81945
615,AMT,2020-03-13,0 days 15:59:55.847434,530624,239.51,239.35,452,1399,-81845,12180
616,AMX,2020-03-13,0 days 15:57:53.710122,573985,13.46,13.45,6920,11151,-871,1929
617,AMX,2020-03-13,0 days 15:57:54.712476,572056,13.46,13.45,6836,10751,1929,-871
618,AMX,2020-03-13,0 days 15:57:56.716388,573985,13.46,13.45,15541,10151,-1871,5729
619,AMX,2020-03-13,0 days 15:57:57.719935,572056,13.46,13.45,16153,9151,1929,-1871
620,ANET,2020-03-13,0 days 15:55:28.218239,68983,174.05,173.76,11,100,-2998,1019
621,ANET,2020-03-13,0 days 15:55:29.226328,68281,174.05,173.76,11,213,702,-2998
622,ANET,2020-03-13,0 days 15:56:51.420409,69246,172.65,172.39,1,200,-3020,4733
623,ANET,2020-03-13,0 days 15:56:52.420449,68666,172.77,172.54,100,100,580,-3020
624,ANET,2020-03-13,0 days 15:57:17.481655,70760,173.39,173.16,98,37,-4448,691
625,ANET,2020-03-13,0 days 15:57:18.484275,70108,173.39,173.17,98,142,652,-4448
626,ANET,2020-03-13,0 days 15:57:31.513269,70715,173.78,173.49,98,157,-4096,1008
627,ANET,2020-03-13,0 days 15:57:32.516168,70111,173.78,173.55,208,6,604,-4096
628,ANET,2020-03-13,0 days 15:57:36.526000,70715,173.76,173.58,98,100,-96,604
629,ANET,2020-03-13,0 days 15:57:37.527328,70111,173.77,173.58,70,108,604,-96
630,ANET,2020-03-13,0 days 15:57:39.531785,70715,173.77,173.59,70,100,-96,604
631,ANET,2020-03-13,0 days 15:57:40.534063,65052,173.67,173.6,85,104,5708,-96
632,ANET,2020-03-13,0 days 15:57:41.537767,70760,173.49,173.29,98,6,-3951,5708
633,ANET,2020-03-13,0 days 15:57:42.540280,70211,173.5,173.3,16,100,549,-3951
634,ANET,2020-03-13,0 days 15:57:48.553314,70760,173.5,173.21,91,257,-151,549
635,ANET,2020-03-13,0 days 15:57:50.562333,70611,173.68,173.5,98,22,149,-351
636,ANET,2020-03-13,0 days 15:57:52.563800,70760,173.68,173.45,98,100,-4451,5008
637,ANET,2020-03-13,0 days 15:57:53.566147,70511,174.0,173.46,200,100,849,-4451
638,ANET,2020-03-13,0 days 15:57:54.567730,71315,174.0,173.46,200,120,-696,849
639,ANET,2020-03-13,0 days 15:57:55.572030,71111,174.0,173.6,100,200,204,-696
640,ANET,2020-03-13,0 days 15:58:06.603660,71315,174.75,174.13,1,200,-1100,163
641,ANET,2020-03-13,0 days 15:58:07.601691,70815,174.75,174.14,1,8,500,-1100
642,ANET,2020-03-13,0 days 15:58:13.615379,73866,174.82,174.21,60,300,-3908,1351
643,ANET,2020-03-13,0 days 15:58:14.618260,73574,174.67,174.24,93,100,292,-3908
644,ANET,2020-03-13,0 days 15:58:25.645029,73903,174.96,174.54,10,200,-71,29
645,ANET,2020-03-13,0 days 15:58:26.647166,73674,174.96,174.54,10,208,229,-71
646,ANET,2020-03-13,0 days 15:58:34.665172,73903,174.99,174.78,40,300,-171,129
647,ANET,2020-03-13,0 days 15:58:35.670057,73674,175.0,174.78,531,408,229,-171
648,ANET,2020-03-13,0 days 15:58:43.688580,73903,175.48,175.07,3,13,-4571,688
649,ANET,2020-03-13,0 days 15:58:44.690581,73874,175.48,175.08,3,378,29,-4571
650,ANET,2020-03-13,0 days 15:58:52.709847,72784,175.92,175.24,100,309,-1290,29
651,ANET,2020-03-13,0 days 15:58:53.713064,72774,175.89,175.24,100,217,10,-1290
652,ANET,2020-03-13,0 days 15:59:00.730909,72784,175.88,175.26,6,373,-90,10
653,ANET,2020-03-13,0 days 15:59:21.780541,72415,176.51,176.5,130,1281,4521,-30
654,ANET,2020-03-13,0 days 15:59:22.784156,76936,176.62,176.5,44,797,-4430,4521
655,ANET,2020-03-13,0 days 15:59:34.813373,77074,177.07,176.72,200,1248,-5309,259
656,ANET,2020-03-13,0 days 15:59:38.823810,76983,177.07,176.74,783,965,91,-309
657,ANF,2020-03-13,0 days 15:55:13.575434,198040,11.22,11.21,1571,681,-5403,7397
658,ANF,2020-03-13,0 days 15:55:14.577623,197343,11.22,11.21,1000,781,697,-5403
659,ANF,2020-03-13,0 days 15:55:26.607380,201440,11.22,11.21,4343,3681,-241,6897
660,ANF,2020-03-13,0 days 15:55:27.608300,200781,11.22,11.21,4143,3681,659,-241
661,ANF,2020-03-13,0 days 15:55:39.637667,204220,11.22,11.21,3010,1481,-2854,839
662,ANF,2020-03-13,0 days 15:55:40.643136,203674,11.22,11.21,3110,1381,546,-2854
663,ANF,2020-03-13,0 days 15:55:51.666422,204220,11.22,11.21,2863,1785,-3754,5246
664,ANF,2020-03-13,0 days 15:55:52.670072,203674,11.22,11.21,2958,1685,546,-3754
665,ANF,2020-03-13,0 days 15:57:09.855503,211528,11.22,11.21,900,947,390,-2510
666,ANF,2020-03-13,0 days 15:57:39.927323,211918,11.23,11.22,3869,2255,-1206,194
667,ANF,2020-03-13,0 days 15:57:40.933014,211724,11.23,11.22,3702,3259,194,-1206
668,ANF,2020-03-13,0 days 15:59:00.125374,209518,11.29,11.28,400,1185,-2684,116
669,ANF,2020-03-13,0 days 15:59:42.228341,232208,11.31,11.3,3222,8057,14785,-1015
670,ANF,2020-03-13,0 days 15:59:47.240339,232666,11.33,11.32,1109,1500,-18593,2895
671,ANTM,2020-03-13,0 days 15:58:47.648968,238901,266.94,266.61,300,386,-859,21493
672,ANTM,2020-03-13,0 days 15:58:48.651118,235711,266.94,266.61,300,569,3190,-859
673,ANTM,2020-03-13,0 days 15:59:06.697126,238901,266.58,266.37,396,100,-2498,2809
674,ANTM,2020-03-13,0 days 15:59:07.698679,235159,266.58,266.39,508,700,8971,-2498
675,ANTM,2020-03-13,0 days 15:59:49.802204,262631,270.01,269.94,400,212,-5021,40992
676,ANTM,2020-03-13,0 days 15:59:50.805597,250410,270.0,269.88,200,813,12221,-5021
677,ANTM,2020-03-13,0 days 15:59:57.822053,262453,271.19,271.12,112,400,-14483,2852
678,AON,2020-03-13,0 days 15:55:04.552837,415124,176.09,175.95,60,175,-2346,4554
679,AON,2020-03-13,0 days 15:55:05.558541,412370,176.17,175.98,300,75,2754,-2346
680,AON,2020-03-13,0 days 15:57:48.950319,428436,175.5,175.29,100,286,-4383,7010
681,AON,2020-03-13,0 days 15:57:50.954175,424808,176.14,175.53,232,75,428,-383
682,AON,2020-03-13,0 days 15:58:00.979351,425466,176.0,175.7,131,75,-4142,6758
683,AON,2020-03-13,0 days 15:58:01.981749,416208,176.0,175.7,202,459,8058,-4142
684,AON,2020-03-13,0 days 15:58:53.107969,424289,175.79,175.64,183,75,-5135,3565
685,AON,2020-03-13,0 days 15:58:54.109005,412624,175.67,175.49,275,1,13465,-5135
686,AON,2020-03-13,0 days 15:59:11.155676,429814,176.17,176.03,100,75,-8600,1414
687,AON,2020-03-13,0 days 15:59:12.155288,427885,176.34,176.11,75,75,1929,-8600
688,AON,2020-03-13,0 days 15:59:13.157790,430449,176.57,176.37,374,75,-3640,1929
689,AON,2020-03-13,0 days 15:59:14.162465,426389,176.34,176.16,200,75,4160,-3640
690,AON,2020-03-13,0 days 15:59:17.168485,426389,176.29,176.15,100,1384,4233,-3067
691,AON,2020-03-13,0 days 15:59:27.194029,441935,176.59,176.45,100,75,-998,802
692,AON,2020-03-13,0 days 15:59:28.195318,441533,176.75,176.59,75,133,402,-998
693,AON,2020-03-13,0 days 15:59:29.196582,441935,176.75,176.65,157,228,-3798,402
694,AON,2020-03-13,0 days 15:59:30.203054,437233,176.71,176.6,50,195,4702,-3798
695,AON,2020-03-13,0 days 15:59:31.203446,441935,176.75,176.66,100,120,-5598,4702
696,AON,2020-03-13,0 days 15:59:40.226104,438218,176.85,176.73,400,400,49,-1511
697,AON,2020-03-13,0 days 15:59:43.230452,438267,176.91,176.74,475,75,-185,49
698,AOS,2020-03-13,0 days 15:55:12.156340,218200,41.02,40.99,403,5600,-2206,4833
699,AOS,2020-03-13,0 days 15:55:13.158475,214588,41.07,41.05,300,400,3612,-2206
700,AOS,2020-03-13,0 days 15:56:11.298440,219400,40.8,40.78,600,30,-1543,933
701,AOS,2020-03-13,0 days 15:56:12.300649,216243,40.8,40.78,332,330,3157,-1543
702,AOS,2020-03-13,0 days 15:57:34.499051,233195,40.99,40.95,444,860,-1953,147
703,AOS,2020-03-13,0 days 15:57:35.501917,230248,41.01,40.99,200,434,2947,-1953
704,AOS,2020-03-13,0 days 15:57:47.531085,233195,41.01,40.99,900,300,-53,47
705,AOS,2020-03-13,0 days 15:57:50.539880,230772,41.07,41.01,400,300,2423,-977
706,AOS,2020-03-13,0 days 15:57:52.542106,233195,41.11,41.07,400,400,-1477,123
707,AOS,2020-03-13,0 days 15:57:53.545180,231172,41.09,41.07,300,300,2023,-1477
708,AOS,2020-03-13,0 days 15:57:56.552067,233195,41.1,41.08,426,500,-377,323
709,AOS,2020-03-13,0 days 15:57:57.553916,231572,41.1,41.09,288,400,1623,-377
710,AOS,2020-03-13,0 days 15:58:28.630042,237906,41.09,41.04,700,600,-1140,2060
711,AOS,2020-03-13,0 days 15:58:37.655281,236082,41.09,41.04,537,6100,2050,-1476
712,AOS,2020-03-13,0 days 15:59:16.750327,273273,41.16,41.14,10,200,-13331,20934
713,AOS,2020-03-13,0 days 15:59:17.753387,269339,41.14,41.09,537,727,3934,-13331
714,AOS,2020-03-13,0 days 15:59:31.789047,277550,41.33,41.31,1462,500,2133,-3567
715,AOS,2020-03-13,0 days 15:59:38.805833,279783,41.43,41.39,500,16014,-2083,133
716,AOS,2020-03-13,0 days 15:59:39.812011,277866,41.42,41.4,200,104,1917,-2083
717,AOS,2020-03-13,0 days 15:59:42.817196,279712,41.42,41.4,900,1500,-1000,446
718,AOS,2020-03-13,0 days 15:59:46.825946,277932,41.42,41.4,1130,200,1780,-2820
719,AOS,2020-03-13,0 days 15:59:51.841392,279712,41.45,41.41,1000,112,-7432,18366
720,APD,2020-03-13,0 days 15:58:19.610999,256723,203.95,203.79,118,90,1286,-16180
721,APD,2020-03-13,0 days 15:58:20.611704,253727,203.95,203.79,120,90,-5367,1286
722,APD,2020-03-13,0 days 15:58:33.642449,259071,204.63,204.55,4,285,57,-843
723,APD,2020-03-13,0 days 15:58:35.647986,259128,204.65,204.55,129,235,-29064,57
724,APD,2020-03-13,0 days 15:58:36.653157,259071,204.83,204.65,71,471,57,-29064
725,APD,2020-03-13,0 days 15:58:37.655336,259128,205.16,205.01,200,57,-29264,57
726,APD,2020-03-13,0 days 15:58:40.659177,259071,205.34,205.17,100,90,147,-29174
727,APD,2020-03-13,0 days 15:58:41.663131,254673,205.53,205.52,200,2500,-4398,147
728,APD,2020-03-13,0 days 15:59:17.753431,290736,205.77,205.64,5,90,34514,-18574
729,APD,2020-03-13,0 days 15:59:19.758166,290973,206.07,205.8,90,5,-5858,3053
730,APD,2020-03-13,0 days 15:59:29.782762,297279,206.03,205.75,90,8,994,-1306
731,APD,2020-03-13,0 days 15:59:31.789047,294073,206.03,205.76,85,867,-2706,1194
732,APD,2020-03-13,0 days 15:59:34.797469,266936,206.04,205.97,367,10,29055,-775
733,APD,2020-03-13,0 days 15:59:35.798574,288091,206.13,206.0,174,590,-8688,29055
734,APD,2020-03-13,0 days 15:59:39.812011,266936,206.13,206.0,226,561,29773,-570
735,APD,2020-03-13,0 days 15:59:41.812986,296204,206.13,206.04,205,90,-1075,29273
736,APD,2020-03-13,0 days 15:59:45.823066,269698,206.15,206.14,343,837,29109,-1115
737,APD,2020-03-13,0 days 15:59:56.847219,269887,206.5,206.34,22,500,25270,-5073
738,APD,2020-03-13,0 days 15:59:57.850949,295157,206.51,206.35,749,100,-5173,25270
739,APH,2020-03-13,0 days 15:55:03.134503,298778,78.1,78.04,300,206,-4715,13302
740,APH,2020-03-13,0 days 15:55:04.137170,294593,78.09,78.01,393,710,4185,-4715
741,APH,2020-03-13,0 days 15:55:23.184543,299418,77.86,77.75,300,360,-6105,5442
742,APH,2020-03-13,0 days 15:55:24.185033,295623,77.86,77.75,200,665,3795,-6105
743,APH,2020-03-13,0 days 15:55:29.208704,299418,77.77,77.72,200,200,-6605,4942
744,APH,2020-03-13,0 days 15:55:30.206721,295623,77.7,77.59,390,560,6479,-6605
745,APH,2020-03-13,0 days 15:55:51.250547,303002,77.66,77.62,200,200,-6713,4834
746,APH,2020-03-13,0 days 15:55:52.253506,299015,77.65,77.61,200,728,3987,-6713
747,APH,2020-03-13,0 days 15:56:00.274016,303002,77.7,77.62,201,612,-6613,15634
748,APH,2020-03-13,0 days 15:56:01.274160,299015,77.74,77.68,100,500,1303,-6613
749,APH,2020-03-13,0 days 15:56:15.309314,300319,77.72,77.7,101,316,-6696,4851
750,APH,2020-03-13,0 days 15:56:16.309700,296615,77.73,77.7,200,572,3704,-6696
751,APH,2020-03-13,0 days 15:56:23.327429,300319,77.83,77.76,325,300,-6696,4851
752,APH,2020-03-13,0 days 15:56:24.330488,296615,77.83,77.76,325,700,3704,-6696
753,APH,2020-03-13,0 days 15:56:44.377579,300303,77.8,77.76,700,300,-6712,4835
754,APH,2020-03-13,0 days 15:56:45.380016,296615,77.8,77.75,1000,810,3688,-6712
755,APH,2020-03-13,0 days 15:57:00.419077,303844,77.85,77.79,26,500,-7136,5009
756,APH,2020-03-13,0 days 15:57:01.419946,298202,77.86,77.81,261,200,5820,-7136
757,APH,2020-03-13,0 days 15:57:06.432107,305503,77.79,77.73,800,200,-5141,16759
758,APH,2020-03-13,0 days 15:57:07.435183,303022,77.79,77.73,900,786,2481,-5141
759,APH,2020-03-13,0 days 15:57:09.439301,305503,77.8,77.76,496,300,-6819,14528
760,APH,2020-03-13,0 days 15:57:10.442166,301422,77.82,77.76,187,300,4081,-6819
761,APH,2020-03-13,0 days 15:57:33.496209,304862,78.23,78.1,318,424,-8060,4387
762,APH,2020-03-13,0 days 15:57:34.499037,288475,78.23,78.12,318,181,19387,-8060
763,APH,2020-03-13,0 days 15:57:42.518342,309022,78.12,78.03,485,335,7954,-946
764,APH,2020-03-13,0 days 15:57:51.540211,311476,78.42,78.23,300,1341,-1199,2801
765,APH,2020-03-13,0 days 15:57:52.542076,305775,78.41,78.26,300,200,5101,-1199
766,APH,2020-03-13,0 days 15:58:02.567074,310876,78.33,78.27,303,698,-7746,5101
767,APH,2020-03-13,0 days 15:58:03.569717,294204,78.35,78.32,100,202,16672,-7746
768,APH,2020-03-13,0 days 15:58:04.575842,314157,78.38,78.25,31,252,-2765,16672
769,APH,2020-03-13,0 days 15:58:05.577986,297205,78.39,78.31,315,172,16952,-2765
770,APH,2020-03-13,0 days 15:58:11.589220,311831,78.39,78.3,215,500,2326,-12374
771,APH,2020-03-13,0 days 15:58:16.604826,318234,78.45,78.37,300,305,-9797,14250
772,APH,2020-03-13,0 days 15:58:17.603838,314331,78.45,78.38,700,705,3903,-9797
773,APH,2020-03-13,0 days 15:58:20.611611,318234,78.46,78.39,100,300,-8896,17651
774,APH,2020-03-13,0 days 15:58:21.614037,314230,78.5,78.45,200,300,4004,-8896
775,APH,2020-03-13,0 days 15:58:23.619381,317834,78.58,78.48,222,305,-7296,17251
776,APH,2020-03-13,0 days 15:58:24.621568,300583,78.6,78.48,100,122,17251,-7296
777,APH,2020-03-13,0 days 15:58:30.635123,318911,78.69,78.6,100,373,-11196,5774
778,APH,2020-03-13,0 days 15:58:31.637603,315207,78.69,78.61,100,400,3704,-11196
779,APH,2020-03-13,0 days 15:58:35.647923,318934,78.65,78.57,575,710,-1873,10504
780,APH,2020-03-13,0 days 15:58:36.653119,315007,78.64,78.57,475,910,3904,-1873
781,APH,2020-03-13,0 days 15:58:40.659141,318911,78.8,78.71,200,300,-14696,17651
782,APH,2020-03-13,0 days 15:58:41.663071,315607,78.8,78.71,200,354,3304,-14696
783,APH,2020-03-13,0 days 15:58:45.670480,321234,78.8,78.14,122,100,-5696,5451
784,APH,2020-03-13,0 days 15:58:46.673342,316980,79.03,78.17,101,900,4254,-5696
785,APH,2020-03-13,0 days 15:59:00.708573,320811,78.89,78.42,110,611,-4746,1877
786,APH,2020-03-13,0 days 15:59:01.710882,284257,78.89,78.5,233,600,36554,-4746
787,APH,2020-03-13,0 days 15:59:07.727586,337504,79.0,78.91,244,439,-16845,71985
788,APH,2020-03-13,0 days 15:59:08.729709,333849,78.99,78.88,100,261,3655,-16845
789,APH,2020-03-13,0 days 15:59:22.768039,363037,79.34,79.31,570,5,-15233,14397
790,APH,2020-03-13,0 days 15:59:23.768365,357970,79.39,79.31,4,407,5067,-15233
791,APH,2020-03-13,0 days 15:59:31.789035,359052,79.4,79.31,651,5,2855,-20499
792,APH,2020-03-13,0 days 15:59:34.797407,361907,79.56,79.37,400,406,-143,57755
793,APH,2020-03-13,0 days 15:59:35.798497,308650,79.56,79.37,400,570,53257,-143
794,APH,2020-03-13,0 days 15:59:36.803052,361907,79.61,79.52,2040,498,-35343,53257
795,APH,2020-03-13,0 days 15:59:37.802412,314784,79.6,79.32,210,465,49123,-35343
796,APH,2020-03-13,0 days 15:59:41.812951,361907,79.54,79.33,600,300,-27947,14223
797,APH,2020-03-13,0 days 15:59:42.817128,359054,79.53,79.33,110,572,2853,-27947
798,APH,2020-03-13,0 days 15:59:45.823005,362907,79.52,79.33,100,215,-2364,3696
799,APH,2020-03-13,0 days 15:59:48.828258,360371,79.52,79.33,10,290,2536,-2364
800,APLE,2020-03-13,0 days 15:55:00.149651,244391,9.08,9.07,5824,6590,896,-19374
801,APLE,2020-03-13,0 days 15:55:01.152653,241687,9.08,9.07,7899,9090,-2704,896
802,APLE,2020-03-13,0 days 15:55:26.211278,244391,9.08,9.07,7714,7017,96,-2704
803,APLE,2020-03-13,0 days 15:55:40.245676,243239,9.08,9.07,10619,8725,-1152,1448
804,APLE,2020-03-13,0 days 15:56:46.404323,240739,9.07,9.06,11187,4513,-1852,3248
805,APLE,2020-03-13,0 days 15:57:05.452406,242591,9.07,9.06,11404,4493,9548,-1852
806,APLE,2020-03-13,0 days 15:57:06.452663,240739,9.07,9.06,11226,4493,-1852,9548
807,APLE,2020-03-13,0 days 15:57:55.572165,242591,9.09,9.08,1619,7008,5,-395
808,APLE,2020-03-13,0 days 15:57:59.581327,240296,9.09,9.08,1374,7908,-2295,5
809,APLE,2020-03-13,0 days 15:58:19.635235,242892,9.09,9.08,8881,1600,2947,-580
810,APLE,2020-03-13,0 days 15:58:20.635107,242639,9.09,9.08,8781,1914,-253,2947
811,APLE,2020-03-13,0 days 15:58:31.660165,242892,9.09,9.08,9432,2880,142,-253
812,APLE,2020-03-13,0 days 15:58:32.662200,242334,9.09,9.08,9428,3080,-558,142
813,APLE,2020-03-13,0 days 15:59:04.740052,242892,9.09,9.08,9216,10120,42,-558
814,APLE,2020-03-13,0 days 15:59:05.742451,242634,9.09,9.08,9311,10520,-258,42
815,APO,2020-03-13,0 days 15:55:08.562670,176138,36.31,36.29,145,2369,10985,-6023
816,APO,2020-03-13,0 days 15:56:11.714338,165852,36.23,36.19,1256,2007,5388,-5615
817,APO,2020-03-13,0 days 15:56:12.716716,160940,36.22,36.19,744,2007,-15198,5388
818,APO,2020-03-13,0 days 15:56:18.730835,165852,36.2,36.19,702,772,4388,-5898
819,APO,2020-03-13,0 days 15:56:19.734760,160940,36.22,36.19,302,1772,-15198,4388
820,APO,2020-03-13,0 days 15:56:27.752582,161640,36.22,36.21,717,833,-4212,4388
821,APO,2020-03-13,0 days 15:57:04.844023,162984,36.04,35.88,2753,389,-3581,6719
822,APO,2020-03-13,0 days 15:57:12.862691,166565,36.01,35.96,30,200,6126,-4160
823,APO,2020-03-13,0 days 15:57:13.865764,162991,36.02,35.96,2904,10,-3574,6126
824,APO,2020-03-13,0 days 15:57:23.889778,162991,36.02,36.01,900,1922,-3574,5826
825,APO,2020-03-13,0 days 15:57:26.896145,166565,36.06,36.05,174,285,6226,-13860
826,APO,2020-03-13,0 days 15:57:27.899555,163091,36.12,36.09,1902,200,-3474,6226
827,APO,2020-03-13,0 days 15:57:54.963348,167765,36.12,36.1,505,200,5231,-5055
828,APO,2020-03-13,0 days 15:57:55.966910,164196,36.14,36.1,210,700,-14955,5231
829,APO,2020-03-13,0 days 15:57:57.972820,169865,36.16,36.15,600,100,4731,-4555
830,APO,2020-03-13,0 days 15:57:58.972698,167596,36.15,36.1,300,600,-11655,4731
831,APO,2020-03-13,0 days 15:58:21.031140,166765,36.04,36.0,298,2316,3431,-7855
832,APO,2020-03-13,0 days 15:58:22.030772,163496,36.02,36.0,100,3816,-3269,3431
833,APO,2020-03-13,0 days 15:58:27.046337,166765,36.03,36.0,1671,3612,6431,-4355
834,APO,2020-03-13,0 days 15:58:28.047299,163496,36.03,36.0,1771,3612,-3269,6431
835,APO,2020-03-13,0 days 15:58:50.099192,166565,35.97,35.96,600,2586,7931,-4355
836,APO,2020-03-13,0 days 15:58:51.102138,163396,35.97,35.96,600,2586,-3169,7931
837,APO,2020-03-13,0 days 15:59:08.147121,166565,35.96,35.91,1955,1100,8731,-3155
838,APO,2020-03-13,0 days 15:59:09.146731,164396,35.94,35.91,87,1200,-2169,8731
839,APO,2020-03-13,0 days 15:59:19.172011,166565,35.87,35.84,3737,393,9265,-2221
840,APO,2020-03-13,0 days 15:59:20.175791,165130,35.85,35.82,1376,411,-1435,9265
841,APO,2020-03-13,0 days 15:59:27.194029,166565,35.81,35.78,525,300,9515,-1871
842,APO,2020-03-13,0 days 15:59:28.195290,165180,35.8,35.77,1696,1334,-1385,9515
843,APO,2020-03-13,0 days 15:59:29.196582,166565,35.8,35.77,2142,1934,8515,-1385
844,APO,2020-03-13,0 days 15:59:30.203054,165880,35.8,35.78,906,300,-685,8515
845,APO,2020-03-13,0 days 15:59:40.226104,166565,35.79,35.78,1112,1258,986,-585
846,APO,2020-03-13,0 days 15:59:41.226336,166451,35.79,35.78,1216,3007,-114,986
847,APO,2020-03-13,0 days 15:59:48.242096,166565,35.87,35.86,100,954,14594,-11600
848,APO,2020-03-13,0 days 15:59:57.266124,166565,35.95,35.92,298,398,5410,-5976
849,APO,2020-03-13,0 days 15:59:58.267579,171475,35.98,35.93,700,100,-8789,5410
850,APTV,2020-03-13,0 days 15:55:01.294023,247144,65.1,65.04,100,101,-1974,7026
851,APTV,2020-03-13,0 days 15:55:36.382502,247364,65.04,64.97,300,500,-1907,5093
852,APTV,2020-03-13,0 days 15:56:04.445935,249271,65.14,65.09,200,100,5005,-3334
853,APTV,2020-03-13,0 days 15:56:05.448967,247376,65.14,65.06,497,200,-1895,5005
854,APTV,2020-03-13,0 days 15:56:31.513493,247734,64.95,64.93,43,200,6573,-1077
855,APTV,2020-03-13,0 days 15:56:32.515198,246307,65.02,64.93,89,100,-1427,6573
856,APTV,2020-03-13,0 days 15:56:41.539371,247634,64.89,64.82,216,200,5356,-2394
857,APTV,2020-03-13,0 days 15:56:42.536787,245890,64.89,64.82,116,600,-1744,5356
858,APTV,2020-03-13,0 days 15:57:05.593701,257048,65.03,64.98,401,202,3,-2644
859,APTV,2020-03-13,0 days 15:57:07.599277,247982,65.01,64.95,110,600,-1416,5484
860,APTV,2020-03-13,0 days 15:57:18.625446,248082,65.01,64.96,101,100,-1390,5510
861,APTV,2020-03-13,0 days 15:57:38.676622,250789,64.94,64.9,100,107,-1083,3210
862,APTV,2020-03-13,0 days 15:57:40.679775,251872,64.95,64.9,3,96,210,-1083
863,APTV,2020-03-13,0 days 15:57:41.680707,250482,64.88,64.8,220,2,-3890,210
864,APTV,2020-03-13,0 days 15:57:47.696060,251872,64.87,64.79,200,100,5419,-2231
865,APTV,2020-03-13,0 days 15:57:48.698552,249782,64.92,64.88,100,2,-2090,5419
866,APTV,2020-03-13,0 days 15:57:51.712560,254472,65.17,64.95,143,100,5110,-2540
867,APTV,2020-03-13,0 days 15:57:52.706952,251962,65.41,64.96,357,100,-14956,5110
868,APTV,2020-03-13,0 days 15:57:56.716242,254851,65.34,64.98,143,1000,-2121,7479
869,APTV,2020-03-13,0 days 15:58:04.738394,256972,65.05,64.98,100,100,3201,-5149
870,APTV,2020-03-13,0 days 15:58:05.740865,255051,64.99,64.95,200,400,-10271,3201
871,APTV,2020-03-13,0 days 15:58:06.743434,254472,65.01,64.95,100,100,7810,-10271
872,APTV,2020-03-13,0 days 15:58:07.745731,252482,65.01,64.95,100,200,-1990,7810
873,APTV,2020-03-13,0 days 15:58:09.752324,258158,65.02,64.96,100,100,1134,-5676
874,APTV,2020-03-13,0 days 15:58:11.755372,252456,65.01,64.95,100,705,-5776,224
875,APTV,2020-03-13,0 days 15:58:18.772872,258232,64.95,64.94,1626,132,8624,-12457
876,APTV,2020-03-13,0 days 15:58:19.777868,256756,64.95,64.94,198,2,-9126,8624
877,APTV,2020-03-13,0 days 15:58:20.777273,258276,64.95,64.93,238,100,5380,-9126
878,APTV,2020-03-13,0 days 15:58:21.782108,256817,64.95,64.94,197,300,-1459,5380
879,APTV,2020-03-13,0 days 15:58:29.799735,258276,65.01,64.94,100,427,741,-3990
880,APTV,2020-03-13,0 days 15:58:30.800847,256717,65.06,64.95,100,100,-1515,741
881,APTV,2020-03-13,0 days 15:58:43.834552,256963,65.15,65.0,200,200,-1269,12685
882,APTV,2020-03-13,0 days 15:58:47.842219,269008,65.02,64.95,100,101,2207,-16935
883,APTV,2020-03-13,0 days 15:58:48.844199,266715,65.02,64.95,100,101,-2293,2207
884,APTV,2020-03-13,0 days 15:58:51.856486,262354,65.33,65.16,485,177,3772,-2293
885,APTV,2020-03-13,0 days 15:58:52.854903,261315,65.19,65.0,100,241,-7693,3772
886,APTV,2020-03-13,0 days 15:58:59.872144,260608,65.44,65.33,400,300,-1946,8454
887,APTV,2020-03-13,0 days 15:59:19.912878,263624,65.67,65.6,158,200,18540,-1630
888,APTV,2020-03-13,0 days 15:59:22.918081,268600,65.81,65.66,2857,958,-18394,7340
889,APTV,2020-03-13,0 days 15:59:27.933720,263665,66.04,65.94,33,480,18435,-1880
890,APTV,2020-03-13,0 days 15:59:32.946553,266904,66.2,66.15,400,500,-20977,14
891,APTV,2020-03-13,0 days 15:59:36.955094,264366,66.22,66.21,428,1199,18638,-2177
892,APTV,2020-03-13,0 days 15:59:39.962338,267504,66.34,66.24,3701,1963,-21125,292
893,APTV,2020-03-13,0 days 15:59:42.969993,265114,66.31,66.3,400,1019,19890,-1225
894,APTV,2020-03-13,0 days 15:59:51.991545,269004,66.45,66.34,300,683,-31785,957
895,APY,2020-03-13,0 days 15:59:06.658524,96845,6.68,6.67,2166,2605,-1039,4931
896,APY,2020-03-13,0 days 15:59:12.673396,92084,6.68,6.67,2908,1564,4761,-1039
897,APY,2020-03-13,0 days 15:59:36.732550,109107,6.68,6.64,6936,600,1424,-9900
898,ARI,2020-03-13,0 days 15:55:00.290746,308861,11.8,11.79,806,620,307,-89545
899,ARI,2020-03-13,0 days 15:55:01.293959,303968,11.8,11.79,1708,2985,-4893,307
900,ARI,2020-03-13,0 days 15:56:22.490175,308861,11.81,11.8,2067,5683,22585,-31715
901,ARI,2020-03-13,0 days 15:56:23.492717,277146,11.81,11.8,2167,5683,-31715,22585
902,ARI,2020-03-13,0 days 15:56:35.521593,308861,11.79,11.78,2263,1900,11285,-5515
903,ARI,2020-03-13,0 days 15:56:36.524660,277803,11.79,11.78,2133,1900,-31058,11285
904,ARI,2020-03-13,0 days 15:58:03.735087,308861,11.79,11.78,3776,968,8852,-18948
905,ARI,2020-03-13,0 days 15:58:04.738360,304513,11.79,11.78,1776,1068,-4348,8852
906,ARI,2020-03-13,0 days 15:59:16.907167,309725,11.8,11.79,9981,3913,13831,-1664
907,ARI,2020-03-13,0 days 15:59:52.992732,320357,11.81,11.8,67,416,-73999,8269
908,ARMK,2020-03-13,0 days 15:55:07.367683,203148,23.8,23.78,2046,400,4464,-15536
909,ARMK,2020-03-13,0 days 15:55:28.419180,203248,23.78,23.75,802,300,4464,-15436
910,ARMK,2020-03-13,0 days 15:56:05.508183,208012,23.7,23.68,611,200,-22379,6489
911,ARMK,2020-03-13,0 days 15:56:06.509650,204291,23.7,23.68,493,200,3621,-22379
912,ARMK,2020-03-13,0 days 15:56:38.587802,207812,23.79,23.71,2015,1152,-23181,6957
913,ARMK,2020-03-13,0 days 15:56:39.589619,144155,23.79,23.74,2114,100,63657,-23181
914,ARMK,2020-03-13,0 days 15:56:40.591439,207712,23.79,23.74,2394,100,-23681,63657
915,ARMK,2020-03-13,0 days 15:56:41.599321,204093,23.75,23.71,402,652,3719,-23681
916,ARMK,2020-03-13,0 days 15:56:46.606975,207812,23.75,23.73,874,700,-18281,11757
917,ARMK,2020-03-13,0 days 15:56:47.608881,174155,23.74,23.73,600,300,33657,-18281
918,ARMK,2020-03-13,0 days 15:56:48.611922,207812,23.74,23.71,1100,956,-23581,33657
919,ARMK,2020-03-13,0 days 15:56:49.613756,204193,23.74,23.71,1100,956,3619,-23581
920,ARMK,2020-03-13,0 days 15:56:54.627900,215112,23.74,23.72,2148,1600,-23401,34357
921,ARMK,2020-03-13,0 days 15:56:55.636106,210813,23.74,23.72,3848,1800,4299,-23401
922,ARMK,2020-03-13,0 days 15:56:59.638954,215476,23.79,23.76,213,400,-16631,28167
923,ARMK,2020-03-13,0 days 15:57:00.641977,210507,23.79,23.76,726,459,4969,-16631
924,ARMK,2020-03-13,0 days 15:59:35.017429,218274,23.93,23.91,546,1118,33822,-30175
925,ARMK,2020-03-13,0 days 15:59:36.020423,246796,24.01,23.97,300,838,-32775,33822
926,ARMK,2020-03-13,0 days 15:59:42.035011,239896,24.11,24.08,200,831,-20478,3022
927,ARMK,2020-03-13,0 days 15:59:43.038319,238526,24.09,24.08,522,800,1370,-20478
928,ARMK,2020-03-13,0 days 15:59:49.054556,235036,24.15,24.14,1976,933,4560,-6594
929,ARMK,2020-03-13,0 days 15:59:59.077148,239296,24.21,24.16,70,10313,-24595,23360
930,ARNC,2020-03-13,0 days 15:57:46.541855,610973,20.3,20.29,745,388,-8832,2768
931,ARNC,2020-03-13,0 days 15:57:48.546647,619805,20.31,20.3,675,4143,1470,-4732
932,ARNC,2020-03-13,0 days 15:57:50.554185,610175,20.34,20.32,300,1063,-9730,7370
933,ARNC,2020-03-13,0 days 15:58:03.583923,606575,20.43,20.42,806,1016,-13430,59470
934,ARNC,2020-03-13,0 days 15:58:14.612007,624070,20.43,20.42,1282,600,66988,-8213
935,ARNC,2020-03-13,0 days 15:58:15.613102,614758,20.43,20.42,972,900,-9312,66988
936,ARNC,2020-03-13,0 days 15:58:26.639895,624310,20.45,20.44,1002,872,58696,-20604
937,ARNC,2020-03-13,0 days 15:58:27.646418,610706,20.46,20.45,901,572,-13604,58696
938,ARNC,2020-03-13,0 days 15:58:53.708546,614357,20.42,20.41,3040,2032,-12679,69921
939,ARNC,2020-03-13,0 days 15:59:07.743862,627036,20.43,20.42,1956,3107,5492,-11379
940,ARNC,2020-03-13,0 days 15:59:08.744501,605828,20.43,20.42,1963,3416,-21208,5492
941,ARNC,2020-03-13,0 days 15:59:15.751523,627243,20.45,20.44,221,3203,29017,-11845
942,ARNC,2020-03-13,0 days 15:59:16.752401,623361,20.45,20.44,543,3580,-3882,29017
943,ASB,2020-03-13,0 days 15:56:39.381282,160071,13.41,13.4,2723,8024,6137,-1463
944,ASB,2020-03-13,0 days 15:58:43.682080,154918,13.55,13.54,1665,2867,5375,-3207
945,ATH,2020-03-13,0 days 15:55:26.206905,338241,26.85,26.84,3673,766,-3678,26522
946,ATH,2020-03-13,0 days 15:55:49.262048,338387,26.81,26.8,200,800,-3532,27668
947,ATH,2020-03-13,0 days 15:56:02.294136,338387,26.76,26.75,1300,201,-3532,26068
948,ATH,2020-03-13,0 days 15:56:32.364026,336387,26.76,26.74,500,100,-3211,28089
949,ATH,2020-03-13,0 days 15:56:41.386532,340942,26.7,26.68,410,200,26145,-5532
950,ATH,2020-03-13,0 days 15:56:42.388568,337887,26.69,26.68,300,100,-3055,26145
951,ATH,2020-03-13,0 days 15:57:11.460608,340336,26.71,26.7,200,359,-3072,27528
952,ATH,2020-03-13,0 days 15:57:37.521556,343408,26.85,26.84,500,308,26862,-32802
953,ATH,2020-03-13,0 days 15:57:38.523482,340670,26.84,26.82,300,1496,-2738,26862
954,ATH,2020-03-13,0 days 15:57:45.540203,343408,26.86,26.85,100,266,862,-2438
955,ATH,2020-03-13,0 days 15:57:46.541821,339666,26.86,26.85,292,476,-36406,862
956,ATH,2020-03-13,0 days 15:57:47.544138,343408,26.87,26.86,600,239,27358,-36406
957,ATH,2020-03-13,0 days 15:57:48.546018,341466,26.89,26.87,462,300,-1942,27358
958,ATH,2020-03-13,0 days 15:57:55.565384,340366,26.96,26.95,200,200,-3042,10358
959,ATH,2020-03-13,0 days 15:58:08.596475,342908,26.82,26.79,500,600,28358,-6
960,ATH,2020-03-13,0 days 15:58:09.597537,341766,26.84,26.81,461,600,-1142,28358
961,ATH,2020-03-13,0 days 15:58:24.636107,342908,26.86,26.85,100,300,26658,-10806
962,ATH,2020-03-13,0 days 15:58:25.638355,335866,26.87,26.86,400,232,-39706,26658
963,ATH,2020-03-13,0 days 15:58:26.639510,342908,26.87,26.85,300,300,32758,-39706
964,ATH,2020-03-13,0 days 15:58:27.646319,335866,26.9,26.86,700,200,-7042,32758
965,ATH,2020-03-13,0 days 15:58:32.653868,342908,26.97,26.93,175,100,25058,-36306
966,ATH,2020-03-13,0 days 15:58:33.656853,342566,26.94,26.93,100,100,-342,25058
967,ATH,2020-03-13,0 days 15:58:40.673911,344416,27.0,26.97,175,311,34950,-46514
968,ATH,2020-03-13,0 days 15:58:41.676879,341666,27.0,26.97,275,200,-2750,34950
969,ATH,2020-03-13,0 days 15:58:43.681828,344416,26.98,26.97,15,427,56954,-44414
970,ATI,2020-03-13,0 days 15:55:14.577657,170386,10.0,9.99,200,1500,6456,-39028
971,ATI,2020-03-13,0 days 15:57:36.921801,195838,9.99,9.98,7138,3490,-9636,3164
972,ATI,2020-03-13,0 days 15:57:37.923408,192674,9.99,9.98,8278,3690,3164,-9636
973,ATI,2020-03-13,0 days 15:57:38.929060,189238,10.01,10.0,490,2244,-3436,3164
974,ATI,2020-03-13,0 days 15:57:45.942238,189338,10.02,10.01,686,2615,-9836,18580
975,ATI,2020-03-13,0 days 15:58:52.104089,198581,10.0,9.99,1032,6027,-1949,30451
976,ATUS,2020-03-13,0 days 15:56:09.709926,381663,22.2,22.19,1179,2616,-18736,7064
977,ATUS,2020-03-13,0 days 15:56:13.719910,400399,22.2,22.19,3456,3722,7064,-18736
978,ATUS,2020-03-13,0 days 15:56:14.722399,381663,22.2,22.19,1480,3822,-18736,7064
979,ATUS,2020-03-13,0 days 15:58:18.020332,384442,22.21,22.2,1934,1500,-17323,43377
980,ATUS,2020-03-13,0 days 15:58:42.079756,392269,22.23,22.22,1276,1780,-9496,30304
981,ATUS,2020-03-13,0 days 15:58:59.122802,375989,22.28,22.23,600,800,-25776,41924
982,ATUS,2020-03-13,0 days 15:59:08.146882,394589,22.23,22.22,1783,1429,-4456,51744
983,ATUS,2020-03-13,0 days 15:59:35.212183,390685,22.2,22.19,1798,1271,-10662,18538
984,ATUS,2020-03-13,0 days 16:00:00.269930,401833,22.25,22.23,8598,18056,525,-39575
985,AU,2020-03-13,0 days 15:55:20.176719,81756,14.16,14.15,6642,1700,-3962,2338
986,AU,2020-03-13,0 days 15:55:55.261704,85718,14.08,14.07,4097,1200,2769,-9193
987,AU,2020-03-13,0 days 15:55:56.264305,81887,14.08,14.07,3629,1100,-3831,2769
988,AU,2020-03-13,0 days 15:56:01.274194,85718,14.06,14.05,5134,17200,2769,-10993
989,AU,2020-03-13,0 days 15:56:02.276890,84599,14.06,14.05,4134,19100,-1119,2769
990,AU,2020-03-13,0 days 15:57:17.459640,85718,14.06,14.05,11249,10238,246395,-5605
991,AU,2020-03-13,0 days 15:57:18.461167,82213,14.06,14.05,8449,10338,-3505,246395
992,AU,2020-03-13,0 days 15:58:38.654231,82293,14.01,14.0,16650,7126,-3425,1275
993,AU,2020-03-13,0 days 15:59:44.819899,95462,14.18,14.17,1651,802,251449,-192410
994,AU,2020-03-13,0 days 15:59:45.823066,95411,14.18,14.17,1311,800,-51,251449
995,AVTR,2020-03-13,0 days 15:56:02.210334,255662,11.74,11.73,2431,2744,1094,-22406
996,AVTR,2020-03-13,0 days 15:56:03.212157,245556,11.74,11.73,2431,2537,-10106,1094
997,AVTR,2020-03-13,0 days 15:59:40.744299,272101,11.85,11.84,9487,1860,82,-7140
998,AVX,2020-03-13,0 days 15:57:27.647490,154895,21.66,21.65,2099,5000,5732,-4168
999,AVX,2020-03-13,0 days 15:57:28.648541,148727,21.66,21.65,522,5860,-6168,5732
1000,AVX,2020-03-13,0 days 15:57:46.693427,154895,21.66,21.65,2420,3036,22432,-46468
1001,AVX,2020-03-13,0 days 15:57:47.696139,150027,21.68,21.67,2400,100,-4868,22432
1002,AVX,2020-03-13,0 days 15:59:09.896688,157024,21.71,21.7,1306,1920,5987,-2376
1003,AVX,2020-03-13,0 days 15:59:10.900314,155311,21.71,21.7,4802,1573,-3913,5987
1004,AVX,2020-03-13,0 days 15:59:14.909459,159224,21.71,21.7,4902,1573,687,-7313
1005,AVX,2020-03-13,0 days 15:59:15.904479,158411,21.71,21.7,4611,1773,-1113,687
1006,AVYA,2020-03-13,0 days 15:55:00.069040,158185,9.61,9.58,44,510,-52777,80016
1007,AVYA,2020-03-13,0 days 15:55:01.064133,151462,9.61,9.58,144,917,6723,-52777
1008,AVYA,2020-03-13,0 days 15:55:11.088198,158185,9.76,9.73,2500,300,-20477,9419
1009,AVYA,2020-03-13,0 days 15:55:12.091406,151662,9.76,9.75,2500,600,6523,-20477
1010,AVYA,2020-03-13,0 days 15:55:39.155542,163095,9.84,9.81,500,501,-15567,14329
1011,AVYA,2020-03-13,0 days 15:55:40.158010,156093,9.82,9.78,662,201,7002,-15567
1012,AVYA,2020-03-13,0 days 15:56:36.291573,167216,9.84,9.79,1200,238,-20618,10178
1013,AVYA,2020-03-13,0 days 15:56:37.294660,159934,9.83,9.79,67,992,7282,-20618
1014,AVYA,2020-03-13,0 days 15:57:05.362414,167216,9.88,9.85,362,1046,-20618,10178
1015,AVYA,2020-03-13,0 days 15:58:43.603570,174516,9.82,9.81,13700,1502,-26424,79980
1016,AVYA,2020-03-13,0 days 15:59:17.686538,180004,9.86,9.85,800,1839,-28936,80101
1017,AVYA,2020-03-13,0 days 15:59:18.687113,171640,9.88,9.87,2057,1744,8364,-28936
1018,AVYA,2020-03-13,0 days 15:59:31.721373,181438,9.83,9.81,820,1400,5948,-24752
1019,AWK,2020-03-13,0 days 15:55:00.149716,225740,127.74,127.72,330,200,1729,-34778
1020,AWK,2020-03-13,0 days 15:55:10.173008,227627,127.73,127.67,389,90,-24618,4062
1021,AWK,2020-03-13,0 days 15:55:11.175807,226345,127.73,127.67,399,90,1282,-24618
1022,AWK,2020-03-13,0 days 15:55:16.188149,227627,127.64,127.58,100,129,-24890,3962
1023,AWK,2020-03-13,0 days 15:55:17.191342,226317,127.65,127.5,405,274,1310,-24890
1024,AWK,2020-03-13,0 days 15:56:02.297837,227645,127.09,127.0,397,30,-25336,30180
1025,AWK,2020-03-13,0 days 15:56:03.300038,226281,126.96,126.86,70,46,1364,-25336
1026,AWK,2020-03-13,0 days 15:57:18.485517,230767,126.65,126.35,90,90,-25151,3565
1027,AWK,2020-03-13,0 days 15:57:19.486014,229418,126.65,126.35,90,90,1349,-25151
1028,AWK,2020-03-13,0 days 15:57:30.512438,230767,126.64,126.6,200,159,-24851,3965
1029,AWK,2020-03-13,0 days 15:57:31.513853,200602,126.64,126.59,100,33,30165,-24851
1030,AWK,2020-03-13,0 days 15:57:36.526286,230767,126.86,126.64,90,90,-27151,3965
1031,AWK,2020-03-13,0 days 15:57:37.528624,229718,126.86,126.62,190,310,1049,-27151
1032,AWK,2020-03-13,0 days 15:57:42.540747,234495,126.6,126.55,90,5,-31123,32593
1033,AWK,2020-03-13,0 days 15:57:43.542550,233318,126.51,126.43,90,200,1177,-31123
1034,AWK,2020-03-13,0 days 15:57:44.544756,234495,126.55,126.44,12,90,-3223,1177
1035,AWK,2020-03-13,0 days 15:57:45.547453,233618,126.55,126.44,12,123,877,-3223
1036,AWK,2020-03-13,0 days 15:57:52.563896,234495,126.79,126.54,90,128,-40823,4293
1037,AWK,2020-03-13,0 days 15:57:53.567412,234318,126.79,126.54,90,102,177,-40823
1038,AWK,2020-03-13,0 days 15:58:05.603118,245060,126.63,126.62,10,70,-38558,55958
1039,AWK,2020-03-13,0 days 15:58:06.603958,243818,126.63,126.56,10,553,1242,-38558
1040,AWK,2020-03-13,0 days 15:58:17.625692,247546,126.69,126.57,208,296,-39408,5508
1041,AWK,2020-03-13,0 days 15:58:27.653059,247546,126.85,126.74,90,90,-438,1062
1042,AWK,2020-03-13,0 days 15:58:40.683165,247624,126.95,126.86,237,300,-739,861
1043,AWK,2020-03-13,0 days 15:58:41.684646,246563,126.95,126.86,237,300,1061,-739
1044,AWK,2020-03-13,0 days 15:58:43.690070,247624,126.98,126.88,13,318,-2339,1061
1045,AWK,2020-03-13,0 days 15:58:44.691204,246963,126.98,126.88,13,318,661,-2339
1046,AWK,2020-03-13,0 days 15:58:46.695543,247624,126.99,126.87,147,90,-42539,52477
1047,AWK,2020-03-13,0 days 15:58:47.700117,246963,126.98,126.86,190,274,661,-42539
1048,AWK,2020-03-13,0 days 15:59:02.734929,247624,127.19,126.97,11,190,-124,97
1049,AWK,2020-03-13,0 days 15:59:07.749943,255493,127.33,127.11,2,884,-1836,5264
1050,AWK,2020-03-13,0 days 15:59:08.751034,201792,127.43,127.22,300,600,53701,-1836
1051,AWK,2020-03-13,0 days 15:59:10.755451,255475,127.56,127.49,300,618,-50032,4801
1052,AWK,2020-03-13,0 days 15:59:21.781732,255921,127.98,127.92,100,921,-57482,5185
1053,AWK,2020-03-13,0 days 15:59:43.836852,265562,128.14,128.09,500,888,-59050,73408
1054,AXL,2020-03-13,0 days 15:58:44.893394,165704,4.87,4.86,115,433,-2039,35361
1055,AXL,2020-03-13,0 days 15:58:45.895419,163743,4.88,4.87,400,811,1961,-2039
1056,AXP,2020-03-13,0 days 15:55:05.162962,1019706,97.18,97.15,200,200,-152489,16546
1057,AXP,2020-03-13,0 days 15:55:13.179892,1026729,97.32,97.26,100,620,-1135,90569
1058,AXP,2020-03-13,0 days 15:55:48.263957,1027864,97.09,97.02,166,300,98905,-45330
1059,AXP,2020-03-13,0 days 15:55:49.268238,1029169,97.08,97.03,1300,180,-143730,98905
1060,AXP,2020-03-13,0 days 15:55:53.275985,1027864,96.8,96.68,501,200,99317,-42518
1061,AXP,2020-03-13,0 days 15:55:54.278841,1029381,96.68,96.62,188,1500,-141518,99317
1062,AXP,2020-03-13,0 days 15:56:53.420714,1036608,96.99,96.86,405,300,-147777,108916
1063,AXP,2020-03-13,0 days 15:56:56.432489,1025792,97.2,97.12,100,201,103199,-48094
1064,AXP,2020-03-13,0 days 15:56:57.430938,1044369,97.19,97.13,141,300,-146516,103199
1065,AXP,2020-03-13,0 days 15:57:01.440583,1028820,97.4,97.33,375,300,122167,-31026
1066,AXP,2020-03-13,0 days 15:57:10.462921,1062075,97.83,97.77,622,101,-151644,125167
1067,AXP,2020-03-13,0 days 15:57:16.478954,1034457,98.27,98.18,24,25,123751,-30560
1068,AXP,2020-03-13,0 days 15:57:18.485455,1057607,98.44,98.37,200,300,-157958,551
1069,AXP,2020-03-13,0 days 15:57:27.505594,1053946,98.9,98.78,440,304,-156716,111231
1070,AXP,2020-03-13,0 days 15:57:38.530850,1035415,99.02,99.01,271,200,112431,-75965
1071,AXP,2020-03-13,0 days 15:57:50.563031,1035415,99.24,99.2,100,200,99992,-150255
1072,AXP,2020-03-13,0 days 15:57:55.572030,1035415,99.26,99.24,4422,100,107592,-260555
1073,AXP,2020-03-13,0 days 15:57:57.576386,1047307,99.22,99.2,179,300,-270455,1192
1074,AXP,2020-03-13,0 days 15:58:00.586380,1035415,99.08,99.07,9662,1650,114852,-220395
1075,AXP,2020-03-13,0 days 15:58:17.625645,1036085,98.34,98.29,100,100,143955,-92492
1076,AXP,2020-03-13,0 days 15:58:18.628746,1082439,98.39,98.3,228,400,-233893,143955
1077,AXP,2020-03-13,0 days 15:58:26.649367,1086350,98.59,98.54,231,200,-236271,149698
1078,AXP,2020-03-13,0 days 15:58:29.656716,1085811,98.95,98.85,100,200,-242610,145937
1079,AXP,2020-03-13,0 days 15:58:31.660103,1036085,98.93,98.91,77,60,145726,-103010
1080,AXP,2020-03-13,0 days 15:58:32.662158,1084711,98.96,98.95,2646,2,-249521,145726
1081,AXP,2020-03-13,0 days 15:58:38.677194,1078062,99.33,99.21,1500,844,-269852,122195
1082,AXP,2020-03-13,0 days 15:59:38.824223,1240341,99.85,99.78,10,2098,-196927,91445
1083,AXP,2020-03-13,0 days 15:59:41.832373,1240941,99.77,99.74,700,1776,-214318,178045
1084,AXP,2020-03-13,0 days 15:59:42.833975,1061696,99.75,99.74,1143,1256,179245,-214318
1085,AXP,2020-03-13,0 days 15:59:50.856942,1065296,99.98,99.97,274,1200,180654,-132214
1086,AXTA,2020-03-13,0 days 15:57:06.597397,257479,19.56,19.55,200,1503,12346,-663
1087,AXTA,2020-03-13,0 days 15:57:07.599302,251325,19.56,19.55,300,1503,-6154,12346
1088,AXTA,2020-03-13,0 days 15:59:34.951379,281015,19.7,19.69,608,2634,-5372,2228
1089,AXTA,2020-03-13,0 days 15:59:38.961801,286387,19.7,19.69,1720,2455,4528,-5372
1090,AXTA,2020-03-13,0 days 15:59:39.962436,278366,19.73,19.72,392,1842,-8321,4528
1091,AXTA,2020-03-13,0 days 15:59:48.983881,286787,19.75,19.74,407,3019,9,-8291
1092,AXTA,2020-03-13,0 days 15:59:49.994391,239796,19.75,19.74,477,2525,-46991,9
1093,AYR,2020-03-13,0 days 15:59:16.768049,229537,31.7,31.69,4833,2200,53100,-5174
1094,AYR,2020-03-13,0 days 15:59:34.813340,284440,31.47,31.46,1400,3414,-2974,2841
1095,AYR,2020-03-13,0 days 15:59:35.816934,281714,31.47,31.46,424,2861,2859,-2974
1096,AYR,2020-03-13,0 days 15:59:45.840160,284783,31.47,31.46,2292,2621,-7639,3069
1097,AYR,2020-03-13,0 days 15:59:46.841857,284922,31.47,31.46,2504,5577,364,-7639
1098,AYR,2020-03-13,0 days 15:59:48.847303,285286,31.47,31.46,1084,5622,-136,364
1099,AYR,2020-03-13,0 days 15:59:50.854812,281422,31.48,31.47,780,2859,4864,-136
1100,AYX,2020-03-13,0 days 15:55:00.142460,41531,102.0,101.82,2155,146,-3344,7030
1101,AYX,2020-03-13,0 days 15:55:01.145576,39975,102.0,101.82,976,10,1556,-3344
1102,AYX,2020-03-13,0 days 15:57:34.515842,66497,101.43,101.2,670,23,-4144,12783
1103,AYX,2020-03-13,0 days 15:57:35.517085,62941,101.43,101.2,670,23,3556,-4144
1104,AYX,2020-03-13,0 days 15:57:52.556268,66397,101.43,101.2,12,100,-644,2256
1105,AYX,2020-03-13,0 days 15:57:53.559154,63241,101.5,101.26,40,100,3156,-644
1106,AYX,2020-03-13,0 days 15:57:59.574054,66397,101.65,101.36,201,100,-8544,15683
1107,AYX,2020-03-13,0 days 15:58:00.580137,63241,101.65,101.38,218,339,3156,-8544
1108,AYX,2020-03-13,0 days 15:58:28.645366,66397,101.41,101.19,259,200,-7944,4283
1109,AYX,2020-03-13,0 days 15:58:29.647802,63541,101.56,101.36,100,100,2856,-7944
1110,AYX,2020-03-13,0 days 15:59:06.739130,67689,101.78,101.55,69,827,-1547,228
1111,AYX,2020-03-13,0 days 15:59:07.743975,61136,101.78,101.55,69,827,5553,-1547
1112,AYX,2020-03-13,0 days 15:59:38.807774,68219,101.97,101.89,179,1158,-4572,2728
1113,AYX,2020-03-13,0 days 15:59:39.812343,66491,101.97,101.89,179,1125,728,-4572
1114,AZN,2020-03-13,0 days 15:55:10.317995,103914,42.38,42.36,700,71,-14404,6137
1115,AZN,2020-03-13,0 days 15:55:11.320233,99818,42.38,42.36,1500,71,4096,-14404
1116,AZN,2020-03-13,0 days 15:55:31.368015,103914,42.14,42.12,700,400,-12204,25837
1117,AZN,2020-03-13,0 days 15:55:32.370342,99418,42.14,42.12,1100,700,4496,-12204
1118,AZN,2020-03-13,0 days 15:55:36.382533,103914,42.12,42.09,700,415,-12204,23237
1119,AZN,2020-03-13,0 days 15:55:37.382376,99418,42.12,42.11,800,100,4496,-12204
1120,AZN,2020-03-13,0 days 15:56:33.516471,99163,42.04,42.01,600,252,4404,-13896
1121,AZN,2020-03-13,0 days 15:57:15.617635,106170,42.14,42.12,100,408,-15293,5621
1122,AZN,2020-03-13,0 days 15:57:16.620351,101763,42.14,42.12,483,1305,4407,-15293
1123,AZN,2020-03-13,0 days 15:57:42.683187,106170,42.14,42.13,343,410,-14593,6321
1124,AZN,2020-03-13,0 days 15:57:43.684952,101763,42.14,42.13,443,700,4407,-14593
1125,AZN,2020-03-13,0 days 15:57:45.692548,106170,42.17,42.14,300,800,-193,4407
1126,AZN,2020-03-13,0 days 15:57:46.693345,102763,42.17,42.14,300,800,3407,-193
1127,AZN,2020-03-13,0 days 15:57:50.703335,106170,42.18,42.14,100,2118,-2293,3307
1128,AZN,2020-03-13,0 days 15:57:51.712591,102463,42.18,42.14,100,2018,3707,-2293
1129,AZN,2020-03-13,0 days 15:58:30.800878,101108,42.29,42.28,600,300,5062,-27038
1130,AZN,2020-03-13,0 days 15:58:37.817520,102508,42.22,42.21,276,1328,3802,-22398
1131,AZN,2020-03-13,0 days 15:59:28.934962,106310,42.26,42.23,800,2700,-39917,2434
1132,AZN,2020-03-13,0 days 15:59:31.945562,77176,42.28,42.27,600,584,29134,-14617
1133,AZUL,2020-03-13,0 days 15:57:38.481855,16645,15.16,15.14,188,211,-2970,1706
1134,AZUL,2020-03-13,0 days 15:57:39.483125,15315,15.16,15.14,288,102,1330,-2970
1135,AZUL,2020-03-13,0 days 15:57:41.490649,16645,15.18,15.15,300,1,-1370,4306
1136,AZUL,2020-03-13,0 days 15:57:42.491047,15315,15.18,15.15,300,1,1330,-1370
1137,AZUL,2020-03-13,0 days 15:57:58.528879,16645,15.22,15.18,304,49,-1370,1606
1138,AZUL,2020-03-13,0 days 15:57:59.533550,15415,15.22,15.18,304,49,1230,-1370
1139,AZUL,2020-03-13,0 days 15:58:01.539775,9545,15.22,15.19,404,601,-5870,1230
1140,AZUL,2020-03-13,0 days 15:58:02.541899,8915,15.22,15.19,404,857,630,-5870
1141,AZUL,2020-03-13,0 days 15:58:04.561038,8450,15.22,15.19,304,1057,-465,630
1142,AZUL,2020-03-13,0 days 15:58:05.550261,7915,15.22,15.19,304,1057,535,-465
1143,AZUL,2020-03-13,0 days 15:58:40.633923,6878,15.29,15.26,303,556,-1386,786
1144,AZUL,2020-03-13,0 days 15:58:45.645029,6878,15.35,15.29,36,532,-2376,614
1145,AZUL,2020-03-13,0 days 15:58:46.645957,6554,15.35,15.3,36,331,324,-2376
1146,AZUL,2020-03-13,0 days 15:59:04.690551,6878,15.36,15.33,100,500,-2376,614
1147,AZUL,2020-03-13,0 days 15:59:05.693392,6654,15.36,15.33,200,458,224,-2376
1148,AZUL,2020-03-13,0 days 15:59:07.698570,6878,15.36,15.33,203,586,-651,224
1149,AZUL,2020-03-13,0 days 15:59:08.702056,2864,15.4,15.35,29,200,4014,-651
1150,AZUL,2020-03-13,0 days 15:59:18.723548,6778,15.45,15.4,58,714,-3747,218
1151,AZUL,2020-03-13,0 days 15:59:19.725895,2760,15.49,15.44,60,471,4018,-3747
1152,AZUL,2020-03-13,0 days 15:59:23.736957,8225,15.66,15.52,200,771,329,-3271
1153,AZUL,2020-03-13,0 days 15:59:27.746279,8554,15.67,15.54,200,860,-1194,322
1154,AZUL,2020-03-13,0 days 15:59:28.749100,8048,15.67,15.55,300,555,506,-1194
1155,AZUL,2020-03-13,0 days 15:59:42.784532,8448,15.65,15.58,1818,300,106,-3494
1156,AZUL,2020-03-13,0 days 15:59:52.809982,8550,15.78,15.76,2400,303,-2098,1778
1157,BA,2020-03-13,0 days 15:55:10.567555,450298,168.52,168.47,690,100,-5736,1030
1158,BA,2020-03-13,0 days 15:55:12.572824,449723,168.52,168.45,867,531,675,-5225
1159,BA,2020-03-13,0 days 15:55:19.588383,450098,168.56,168.5,450,195,-18740,2290
1160,BA,2020-03-13,0 days 15:55:20.591583,449538,168.56,168.5,750,495,560,-18740
1161,BA,2020-03-13,0 days 15:55:29.616044,450917,168.4,168.34,250,100,-17368,2369
1162,BA,2020-03-13,0 days 15:55:30.617670,450285,168.39,168.11,400,200,432,-17368
1163,BA,2020-03-13,0 days 15:55:49.661864,451617,168.23,168.19,262,69,-20583,254
1164,BA,2020-03-13,0 days 15:55:50.664021,451200,168.23,168.13,268,100,417,-20583
1165,BA,2020-03-13,0 days 15:56:11.714338,454265,167.61,167.53,877,288,780,-18420
1166,BA,2020-03-13,0 days 15:56:16.726087,455545,167.52,167.47,300,231,-17920,2613
1167,BA,2020-03-13,0 days 15:56:17.728338,454765,167.48,167.47,100,176,780,-17920
1168,BA,2020-03-13,0 days 15:56:33.766768,433032,167.3,167.28,1100,23,21113,-20032
1169,BA,2020-03-13,0 days 15:56:39.782034,455962,167.1,167.02,36,204,1583,-15132
1170,BA,2020-03-13,0 days 15:56:51.810859,457335,166.9,166.72,1347,101,1081,-17119
1171,BA,2020-03-13,0 days 15:57:06.848973,483255,165.86,165.48,1279,409,-15522,3512
1172,BA,2020-03-13,0 days 15:57:07.850591,480077,165.86,165.5,1382,101,3178,-15522
1173,BA,2020-03-13,0 days 15:57:14.868027,494280,166.68,166.46,200,215,-12895,7837
1174,BA,2020-03-13,0 days 15:57:15.870272,490175,166.68,166.48,200,100,4105,-12895
1175,BA,2020-03-13,0 days 15:57:23.889748,493580,167.12,166.93,200,100,-13704,24537
1176,BA,2020-03-13,0 days 15:57:24.892815,489811,167.08,166.93,100,600,3469,-13704
1177,BA,2020-03-13,0 days 15:57:27.899525,479019,167.63,167.44,16,500,-28180,5571
1178,BA,2020-03-13,0 days 15:57:28.902089,476499,167.74,167.56,250,100,1820,-28180
1179,BA,2020-03-13,0 days 15:57:55.966882,493519,167.87,167.68,1003,100,-9680,1320
1180,BA,2020-03-13,0 days 15:57:56.970495,489710,167.87,167.68,1003,114,1709,-9680
1181,BA,2020-03-13,0 days 15:58:00.979320,504419,167.81,167.69,400,776,-6689,30846
1182,BA,2020-03-13,0 days 15:58:01.981716,499908,167.68,167.46,100,100,5611,-6689
1183,BA,2020-03-13,0 days 15:58:31.055814,512969,167.68,167.64,200,100,-650,1761
1184,BA,2020-03-13,0 days 15:58:32.054672,507919,167.68,167.64,184,100,4650,-650
1185,BA,2020-03-13,0 days 15:58:37.067174,515369,167.76,167.59,1019,100,-4049,22286
1186,BA,2020-03-13,0 days 15:58:38.070233,510618,167.75,167.58,1022,500,4751,-4049
1187,BA,2020-03-13,0 days 15:58:43.081463,508169,167.94,167.86,99,244,-9153,1351
1188,BA,2020-03-13,0 days 15:59:07.141619,512660,167.8,167.69,85,200,-8000,3316
1189,BA,2020-03-13,0 days 15:59:08.147088,510219,167.8,167.7,75,106,2472,-8000
1190,BA,2020-03-13,0 days 15:59:11.155587,512593,167.88,167.83,293,95,-22781,17081
1191,BA,2020-03-13,0 days 15:59:12.155214,510553,167.88,167.83,250,100,2040,-22781
1192,BABA,2020-03-13,0 days 15:59:11.756861,1751203,192.48,192.39,530,605,35948,-74104
1193,BABA,2020-03-13,0 days 15:59:12.759777,1722751,192.57,192.52,510,300,-32582,35948
1194,BABA,2020-03-13,0 days 15:59:13.761562,1755333,192.6,192.55,3161,500,26618,-32582
1195,BABA,2020-03-13,0 days 15:59:15.767374,1774150,192.71,192.67,300,737,-26,14458
1196,BABA,2020-03-13,0 days 15:59:18.771838,1787493,192.89,192.85,400,200,5707,-21095
1197,BABA,2020-03-13,0 days 15:59:19.775168,1829297,193.07,192.99,303,900,-9236,5707
1198,BABA,2020-03-13,0 days 15:59:20.778215,1830782,193.0,192.98,100,10,12954,-9236
1199,BABA,2020-03-13,0 days 15:59:29.800672,1828586,193.17,193.03,800,602,-21198,20843
1200,BABA,2020-03-13,0 days 15:59:31.806563,1827304,193.23,193.2,150,200,1282,-7518
1201,BABA,2020-03-13,0 days 15:59:38.822043,1830568,193.19,193.18,100,400,-8500,11700
1202,BABA,2020-03-13,0 days 15:59:39.824899,1829968,193.19,193.18,100,73,600,-8500
1203,BABA,2020-03-13,0 days 15:59:46.840453,1824854,193.29,193.25,34962,202,5414,-2986
1204,BABA,2020-03-13,0 days 15:59:47.842846,1826668,193.29,193.27,21897,620,-4815,5414
1205,BABA,2020-03-13,0 days 15:59:48.846830,1828262,193.26,193.25,100,262,50832,-4815
1206,BAC,2020-03-13,0 days 15:59:15.904448,10155405,24.08,24.07,48268,4974,79890,-938907
1207,BAC,2020-03-13,0 days 15:59:16.907280,10142295,24.08,24.07,37162,14762,-13110,79890
1208,BAC,2020-03-13,0 days 15:59:17.910541,10155405,24.08,24.07,26878,16719,7014,-13110
1209,BAH,2020-03-13,0 days 15:50:01.437827,201099,68.54,68.4,332,200,2132,-11097
1210,BAH,2020-03-13,0 days 15:50:04.443081,203231,68.62,68.51,200,100,-11097,2132
1211,BAH,2020-03-13,0 days 15:50:05.444173,201099,68.59,68.56,349,251,2132,-11097
1212,BAH,2020-03-13,0 days 15:50:06.448403,203231,68.61,68.52,210,300,-11097,2132
1213,BAH,2020-03-13,0 days 15:50:09.454734,203231,68.59,68.55,300,9,-11097,2132
1214,BAH,2020-03-13,0 days 15:50:17.472121,203231,68.65,68.61,200,201,-11097,2132
1215,BAH,2020-03-13,0 days 15:50:51.557608,201099,68.52,68.45,305,454,2132,-11097
1216,BAH,2020-03-13,0 days 15:51:00.576429,203231,68.48,68.41,105,303,-11097,2132
1217,BAH,2020-03-13,0 days 15:51:20.624402,201099,68.7,68.58,200,507,2132,-11097
1218,BAH,2020-03-13,0 days 15:51:25.635966,203231,68.83,68.64,300,473,-11097,2132
1219,BAH,2020-03-13,0 days 15:51:45.683765,201099,68.94,68.82,1102,434,2132,-11097
1220,BAH,2020-03-13,0 days 15:52:26.782128,203213,69.11,68.99,428,460,-11115,2114
1221,BAH,2020-03-13,0 days 15:52:33.801354,201099,69.11,69.04,425,100,2114,-11115
1222,BAH,2020-03-13,0 days 15:52:35.806214,203213,69.11,69.0,625,400,-11115,2114
1223,BAH,2020-03-13,0 days 15:53:15.899036,201099,69.03,68.94,18,100,2114,-11115
1224,BAH,2020-03-13,0 days 15:53:16.902016,203213,69.03,68.94,115,7,-11115,2114
1225,BAH,2020-03-13,0 days 15:53:19.908712,201099,69.03,68.94,325,400,2114,-11115
1226,BAH,2020-03-13,0 days 15:53:20.912181,203213,69.03,68.96,114,200,-11115,2114
1227,BAH,2020-03-13,0 days 15:53:32.940256,201099,69.19,69.1,200,100,2114,-11115
1228,BAH,2020-03-13,0 days 15:53:33.942514,203213,69.19,69.07,200,100,-11115,2114
1229,BAH,2020-03-13,0 days 15:53:52.988203,201099,69.25,69.21,28,200,2114,-11115
1230,BAH,2020-03-13,0 days 15:54:20.052565,203202,69.5,69.34,158,264,-11126,2103
1231,BAH,2020-03-13,0 days 15:54:51.128739,202602,69.53,69.48,308,215,-11726,2103
1232,BAH,2020-03-13,0 days 15:55:00.149966,227231,69.52,69.44,2,235,195,-11726
