,Symbol,Timestamp,TIME,iPaired,Ask_P,Bid_P,Ask_S,Bid_S,iShares,PreviShares
0,AA,2020-07-28,0 days 15:55:43.389101,110875,12.95,12.94,10507,12569,3276,-1324
1,AA,2020-07-28,0 days 15:55:44.390741,106151,12.95,12.94,11107,11869,-4724,3276
2,AA,2020-07-28,0 days 15:56:29.499888,110875,12.93,12.92,18046,6875,3776,-2424
3,AA,2020-07-28,0 days 15:56:30.501938,104651,12.93,12.92,16507,8655,-6224,3776
4,AA,2020-07-28,0 days 15:57:34.656121,110875,12.93,12.92,13350,7041,2676,-3524
5,AA,2020-07-28,0 days 15:57:35.658444,106851,12.93,12.92,12136,7654,-4024,2676
6,AA,2020-07-28,0 days 15:58:45.829610,119406,12.93,12.92,8941,11418,2763,-7242
7,AA,2020-07-28,0 days 15:58:46.831677,114869,12.93,12.92,6705,13218,-2937,2763
8,AA,2020-07-28,0 days 15:59:03.874016,120558,12.93,12.92,5408,12200,1160,-3872
9,AA,2020-07-28,0 days 15:59:15.902296,121718,12.93,12.92,7623,12764,-182,458
10,AA,2020-07-28,0 days 15:59:21.916788,122426,12.93,12.92,12626,10841,597,-708
11,AA,2020-07-28,0 days 15:59:37.957326,123023,12.94,12.93,13007,22897,-1907,597
12,AA,2020-07-28,0 days 15:59:40.964247,124930,12.94,12.93,16107,16738,153,-1707
13,AA,2020-07-28,0 days 15:59:48.983681,121848,12.92,12.91,21407,5695,-600,2700
14,ABBV,2020-07-28,0 days 15:55:24.230802,298867,96.59,96.58,900,839,355,-3735
15,ABBV,2020-07-28,0 days 15:55:36.259957,302754,96.6,96.59,476,3132,-713,3887
16,ABBV,2020-07-28,0 days 15:55:37.262181,302367,96.6,96.59,772,2452,387,-713
17,ABBV,2020-07-28,0 days 15:56:02.322646,303328,96.61,96.6,1225,1269,-2723,537
18,ABBV,2020-07-28,0 days 15:56:03.325312,301851,96.6,96.59,334,3172,1477,-2723
19,ABBV,2020-07-28,0 days 15:57:01.465139,302557,96.63,96.61,1110,1100,-3266,2928
20,ABBV,2020-07-28,0 days 15:57:09.484505,305023,96.61,96.6,1157,927,174,-1175
21,ABBV,2020-07-28,0 days 15:58:04.612551,320491,96.65,96.64,1917,450,-2091,3809
22,ABBV,2020-07-28,0 days 15:58:05.614968,319082,96.64,96.63,941,1209,1409,-2091
23,ABBV,2020-07-28,0 days 15:58:58.743402,328306,96.55,96.54,563,1006,-3746,10803
24,ABBV,2020-07-28,0 days 15:58:59.746157,326752,96.53,96.52,591,502,1554,-3746
25,ABBV,2020-07-28,0 days 15:59:25.810458,319859,96.69,96.67,700,1049,3849,-1251
26,ABBV,2020-07-28,0 days 15:59:31.826805,319845,96.76,96.74,600,900,-14964,683
27,ABBV,2020-07-28,0 days 15:59:47.863194,332858,96.76,96.74,500,900,25934,-908
28,ABBV,2020-07-28,0 days 15:59:48.866353,321750,96.8,96.78,525,1800,-11108,25934
29,ABT,2020-07-28,0 days 15:56:22.267614,263002,99.83,99.8,1122,866,7321,-2030
30,ABT,2020-07-28,0 days 15:56:23.269918,257323,99.86,99.84,624,300,-5679,7321
31,ABT,2020-07-28,0 days 15:57:14.393689,264030,99.83,99.82,100,380,3791,-5560
32,ABT,2020-07-28,0 days 15:57:15.395907,258321,99.85,99.83,200,380,-5709,3791
33,ABT,2020-07-28,0 days 15:59:16.689409,274052,99.94,99.93,565,721,8756,-8861
34,ABT,2020-07-28,0 days 15:59:17.691512,270308,99.94,99.93,952,809,-3744,8756
35,ABT,2020-07-28,0 days 15:59:20.699705,274052,99.92,99.89,1200,715,17576,-40
36,ABT,2020-07-28,0 days 15:59:21.702145,270837,99.92,99.91,1218,200,-3215,17576
37,ABT,2020-07-28,0 days 15:59:39.746998,304904,100.03,100.01,200,1540,7299,-13101
38,ABT,2020-07-28,0 days 15:59:40.748645,302890,100.05,100.04,1234,100,-1883,7299
39,ABT,2020-07-28,0 days 15:59:41.750791,301073,100.01,100.0,600,300,1917,-1883
40,ABT,2020-07-28,0 days 15:59:43.755587,290394,100.01,100.0,301,400,-874,11646
41,ABT,2020-07-28,0 days 15:59:45.760819,279421,99.98,99.97,910,100,14829,-474
42,ABT,2020-07-28,0 days 15:59:46.761881,278750,99.99,99.98,600,500,-3974,14829
43,ABT,2020-07-28,0 days 15:59:47.764063,282724,99.95,99.94,700,100,698,-3974
44,ABT,2020-07-28,0 days 15:59:48.767459,281922,99.98,99.96,913,100,-802,698
45,ACI,2020-07-28,0 days 15:57:22.411638,44969,15.05,15.04,1405,10634,-4786,696
46,ACI,2020-07-28,0 days 15:57:23.414229,42855,15.05,15.04,1405,10534,314,-4786
47,ACI,2020-07-28,0 days 15:59:04.660483,47777,15.05,15.03,8065,16367,2192,-2408
48,ACI,2020-07-28,0 days 15:59:07.667311,49969,15.06,15.05,1100,9140,-108,1692
49,ACI,2020-07-28,0 days 15:59:10.675008,46177,15.06,15.05,500,1800,3792,-2466
50,ACI,2020-07-28,0 days 15:59:16.689498,47611,15.07,15.06,600,600,-766,1592
51,ACI,2020-07-28,0 days 15:59:17.691555,46177,15.07,15.06,600,1900,1434,-766
52,ACI,2020-07-28,0 days 15:59:34.734023,44989,15.09,15.07,598,1629,262,-1694
53,ADM,2020-07-28,0 days 15:55:50.240882,194181,42.64,42.63,1391,3095,6939,-20083
54,ADM,2020-07-28,0 days 15:55:51.243718,191320,42.65,42.64,1935,1001,-2861,6939
55,ADM,2020-07-28,0 days 15:58:54.687128,212972,42.63,42.62,2180,1562,164,-244
56,ADM,2020-07-28,0 days 15:58:56.691761,213136,42.63,42.62,1600,4086,-454,164
57,ADM,2020-07-28,0 days 15:59:03.710961,213860,42.64,42.63,2072,2187,292,-2868
58,ADM,2020-07-28,0 days 15:59:07.719594,203784,42.65,42.64,2343,319,-10036,5826
59,ADM,2020-07-28,0 days 15:59:19.749464,223691,42.64,42.63,4234,841,631,-4307
60,ADM,2020-07-28,0 days 15:59:26.767449,224522,42.66,42.65,1131,3274,-609,791
61,AEM,2020-07-28,0 days 15:57:00.462523,28139,75.0,74.99,576,396,-612,288
62,AEM,2020-07-28,0 days 15:58:38.695002,28605,75.08,75.05,102,1350,673,-461
63,AEM,2020-07-28,0 days 15:58:39.697525,28078,75.09,75.07,806,200,-527,673
64,AEM,2020-07-28,0 days 15:58:54.733632,28605,75.1,75.09,200,300,271,-462
65,AEM,2020-07-28,0 days 15:58:55.736181,28276,75.1,75.09,200,300,-329,271
66,AEM,2020-07-28,0 days 15:59:02.754298,28605,75.1,75.09,400,400,301,-29
67,AEM,2020-07-28,0 days 15:59:24.807292,29425,75.15,75.14,211,973,-59,1041
68,AEM,2020-07-28,0 days 15:59:35.834407,29784,75.18,75.15,622,584,241,-259
69,AEO,2020-07-28,0 days 15:57:10.503336,259724,9.83,9.82,16770,10254,1465,-79
70,AEO,2020-07-28,0 days 15:57:26.542134,241489,9.83,9.82,18979,6811,-18245,1455
71,AEO,2020-07-28,0 days 15:59:06.788370,266334,9.82,9.81,17245,28575,906,-6211
72,AEO,2020-07-28,0 days 15:59:26.835931,267240,9.82,9.81,17535,31466,-845,352
73,AEO,2020-07-28,0 days 15:59:37.865008,268985,9.82,9.81,21349,51423,4125,-1745
74,AEO,2020-07-28,0 days 15:59:40.873469,264810,9.82,9.81,22788,48379,-75,26325
75,AEP,2020-07-28,0 days 15:56:29.284508,109307,84.93,84.92,1364,2600,-2218,14226
76,AES,2020-07-28,0 days 15:56:21.314770,234235,15.22,15.21,14077,10468,492,-1208
77,AES,2020-07-28,0 days 15:56:23.319669,223544,15.22,15.21,13177,10268,-10691,1309
78,AES,2020-07-28,0 days 15:57:40.507546,246647,15.19,15.18,9386,12200,4508,-992
79,AES,2020-07-28,0 days 15:57:41.510286,236255,15.19,15.18,8645,15500,-10392,4508
80,AES,2020-07-28,0 days 15:58:56.691688,249451,15.21,15.2,30090,8633,6831,-12196
81,AES,2020-07-28,0 days 15:59:08.722108,250840,15.21,15.2,27342,11248,836,-8381
82,AES,2020-07-28,0 days 15:59:42.806583,256134,15.22,15.21,39277,3539,121,-1992
83,AES,2020-07-28,0 days 15:59:43.807436,256255,15.22,15.21,37615,6166,-1979,121
84,AES,2020-07-28,0 days 15:59:46.814628,258944,15.22,15.21,32498,2789,-4023,12710
85,AES,2020-07-28,0 days 15:59:47.817334,262967,15.21,15.2,20038,11179,1500,-4023
86,AES,2020-07-28,0 days 15:59:48.819379,262073,15.21,15.2,12538,19599,-894,1500
87,AFL,2020-07-28,0 days 15:57:34.477902,675216,36.26,36.25,606,3133,3288,-2612
88,AFL,2020-07-28,0 days 15:57:35.481352,673201,36.27,36.26,3504,1700,-2015,3288
89,AFL,2020-07-28,0 days 15:57:37.485611,675216,36.27,36.26,7081,1398,488,-2015
90,AFL,2020-07-28,0 days 15:57:38.487663,673704,36.27,36.26,6481,969,-1512,488
91,AFL,2020-07-28,0 days 15:58:30.615419,674704,36.24,36.23,100,3518,-772,8228
92,AFL,2020-07-28,0 days 15:58:36.629111,666926,36.24,36.23,4296,1268,1078,-772
93,AFL,2020-07-28,0 days 15:58:41.641344,670504,36.25,36.24,1591,3048,-322,978
94,AFL,2020-07-28,0 days 15:59:01.689890,677092,36.25,36.24,1816,3049,385,-579
95,AFL,2020-07-28,0 days 15:59:02.692891,675939,36.25,36.24,2145,3926,-1153,385
96,AFL,2020-07-28,0 days 15:59:13.719786,676598,36.24,36.23,1513,3062,-656,1644
97,AFL,2020-07-28,0 days 15:59:18.732044,683908,36.24,36.23,2883,2586,9383,-6610
98,AFL,2020-07-28,0 days 15:59:19.734963,678591,36.24,36.23,1883,3222,-5317,9383
99,AFL,2020-07-28,0 days 15:59:24.747259,685383,36.24,36.23,2682,3827,208,-2492
100,AFL,2020-07-28,0 days 15:59:25.749089,684291,36.24,36.23,2552,2637,-1092,208
101,AFL,2020-07-28,0 days 15:59:33.769381,685680,36.27,36.26,1419,1907,16658,-6989
102,AFL,2020-07-28,0 days 15:59:34.771558,679235,36.29,36.28,1100,3595,-6445,16658
103,AFL,2020-07-28,0 days 15:59:36.776440,685680,36.27,36.26,1741,1675,555,-445
104,AFL,2020-07-28,0 days 15:59:37.780983,684920,36.3,36.28,2115,1600,-760,555
105,AFL,2020-07-28,0 days 15:59:43.793648,684720,36.28,36.27,1661,1272,-960,540
106,AG,2020-07-28,0 days 15:56:21.314830,72632,13.9,13.89,43412,15820,-1638,62
107,AG,2020-07-28,0 days 15:56:22.317664,70770,13.9,13.89,43312,14933,1862,-1638
108,AG,2020-07-28,0 days 15:58:14.590819,70970,13.88,13.87,51407,10394,1662,-638
109,AG,2020-07-28,0 days 15:58:38.648128,69798,13.87,13.86,28158,39962,-172,1662
110,AG,2020-07-28,0 days 15:58:39.651325,54370,13.87,13.86,27759,38862,15428,-172
111,AG,2020-07-28,0 days 15:59:10.726674,71021,13.87,13.86,10200,24803,-4658,801
112,AG,2020-07-28,0 days 15:59:11.729219,66179,13.87,13.86,12645,23273,4842,-4658
113,AG,2020-07-28,0 days 15:59:35.788541,71021,13.87,13.86,32266,9740,-1237,2963
114,AG,2020-07-28,0 days 15:59:36.790498,70858,13.87,13.86,36366,7940,163,-1237
115,AG,2020-07-28,0 days 15:59:46.814722,72001,13.87,13.86,41968,2554,1904,-8380
116,AGI,2020-07-28,0 days 15:58:38.695024,39449,11.49,11.48,10314,24482,2013,-1460
117,AGI,2020-07-28,0 days 15:58:39.697525,38262,11.49,11.48,9848,26282,-1187,2013
118,AGI,2020-07-28,0 days 15:59:45.858966,44667,11.49,11.48,30833,4673,888,-1112
119,AGI,2020-07-28,0 days 15:59:46.861183,44255,11.49,11.48,29523,1484,-412,888
120,AIG,2020-07-28,0 days 15:55:00.119798,258367,30.96,30.95,3366,6546,-6377,7309
121,AIG,2020-07-28,0 days 15:56:27.331762,314970,30.97,30.96,8829,2400,1581,-11637
122,AIG,2020-07-28,0 days 15:56:28.333110,304351,30.98,30.97,2311,9440,-10619,1581
123,AIG,2020-07-28,0 days 15:59:28.772410,330604,30.95,30.94,3847,6364,3332,-9868
124,AIG,2020-07-28,0 days 15:59:29.774092,324636,30.95,30.94,2649,7264,-5968,3332
125,AIG,2020-07-28,0 days 15:59:45.812517,333833,30.97,30.96,8645,300,6093,-1356
126,ALK,2020-07-28,0 days 15:55:00.171572,46606,34.95,34.94,205,800,3015,-15769
127,ALK,2020-07-28,0 days 15:55:03.179934,49521,34.94,34.93,100,708,-2185,3015
128,ALK,2020-07-28,0 days 15:55:04.181828,49206,34.94,34.93,200,810,315,-2185
129,ALK,2020-07-28,0 days 15:56:12.346775,49971,34.94,34.92,1100,500,-845,255
130,ALK,2020-07-28,0 days 15:56:13.348986,49716,34.94,34.92,1538,500,255,-845
131,ALK,2020-07-28,0 days 15:58:25.663885,52775,34.93,34.92,300,400,-540,660
132,ALK,2020-07-28,0 days 15:58:26.665801,52315,34.93,34.92,100,600,260,-540
133,ALK,2020-07-28,0 days 15:59:37.840335,52272,35.01,34.99,913,1528,-820,776
134,ALLY,2020-07-28,0 days 15:59:40.873489,145962,20.84,20.83,2700,9631,-8778,2854
135,AM,2020-07-28,0 days 15:56:40.526056,113684,5.86,5.85,22552,45363,760,-2883
136,AM,2020-07-28,0 days 15:56:41.528627,111544,5.86,5.85,22235,45398,-2540,760
137,AM,2020-07-28,0 days 15:58:24.779622,118144,5.84,5.83,23904,28214,-3422,278
138,AM,2020-07-28,0 days 15:59:37.957357,122023,5.84,5.83,31820,31988,1125,-3023
139,AM,2020-07-28,0 days 15:59:38.959538,121148,5.84,5.83,31020,31988,-875,1125
140,AMC,2020-07-28,0 days 15:55:00.068989,29362,4.16,4.15,3620,7552,-8739,633
141,AMC,2020-07-28,0 days 15:58:01.508164,28501,4.16,4.15,40421,15707,1048,-8352
142,AMC,2020-07-28,0 days 15:59:01.653224,32002,4.15,4.14,11639,12801,-199,1048
143,AMC,2020-07-28,0 days 15:59:02.655256,31601,4.15,4.14,11539,12601,401,-199
144,AMC,2020-07-28,0 days 15:59:28.718951,34806,4.15,4.14,15066,11150,365,-1235
145,AMCR,2020-07-28,0 days 15:57:35.481432,1727159,10.7,10.69,46231,41797,14168,-11432
146,AMCR,2020-07-28,0 days 15:57:36.482766,1711427,10.7,10.69,47431,41771,-15732,14168
147,AMCR,2020-07-28,0 days 15:58:07.558577,1727730,10.7,10.69,46098,44189,5897,-12303
148,AMCR,2020-07-28,0 days 15:58:08.562417,1711727,10.7,10.69,46202,43689,-16003,5897
149,AMCR,2020-07-28,0 days 15:58:16.580400,1727730,10.7,10.69,45102,44509,297,-16003
150,AMCR,2020-07-28,0 days 15:59:18.732083,1727538,10.71,10.7,44600,36239,1255,-2424
151,AMCR,2020-07-28,0 days 15:59:21.740159,1689437,10.71,10.7,43157,40262,-38101,16099
152,AMCR,2020-07-28,0 days 15:59:39.785438,1773542,10.72,10.71,56008,25451,39584,-155479
153,ANF,2020-07-28,0 days 15:55:46.300916,82644,10.06,10.05,4251,6125,442,-258
154,ANF,2020-07-28,0 days 15:55:47.303213,82186,10.06,10.05,5151,6225,-458,442
155,ANF,2020-07-28,0 days 15:58:46.737328,83923,10.03,10.02,9524,10962,-2133,300
156,APLE,2020-07-28,0 days 15:58:35.718236,136692,9.01,9.0,7522,9133,-487,9513
157,APLE,2020-07-28,0 days 15:58:49.752404,133412,9.01,9.0,12238,10187,3280,-577
158,APLE,2020-07-28,0 days 15:59:03.788240,137215,9.01,9.0,8594,9485,-2897,3803
159,APLE,2020-07-28,0 days 15:59:04.790572,135012,9.01,9.0,12780,8985,2203,-2897
160,APLE,2020-07-28,0 days 15:59:34.863178,136339,9.01,9.0,10135,10203,876,-9324
161,APLE,2020-07-28,0 days 15:59:40.877604,137215,9.01,9.0,5631,12300,-874,876
162,APLE,2020-07-28,0 days 15:59:41.879682,136689,9.01,9.0,10337,10502,526,-874
163,APLE,2020-07-28,0 days 15:59:44.887339,137215,9.01,9.0,8756,8402,-1174,526
164,APLE,2020-07-28,0 days 15:59:45.889731,136789,9.01,9.0,9029,7439,426,-1174
165,AR,2020-07-28,0 days 15:58:05.568312,101989,2.83,2.82,46284,40677,5507,-5076
166,AR,2020-07-28,0 days 15:58:06.570805,98196,2.83,2.82,46242,40777,-3793,5507
167,AR,2020-07-28,0 days 15:59:01.704273,101989,2.82,2.81,61515,79794,1606,-6393
168,AR,2020-07-28,0 days 15:59:02.708266,99495,2.82,2.81,61515,79794,-2494,1606
169,AR,2020-07-28,0 days 15:59:05.714454,101989,2.82,2.81,61915,80379,6512,-2494
170,AR,2020-07-28,0 days 15:59:08.722080,100363,2.82,2.81,31593,96444,-1626,1574
171,AR,2020-07-28,0 days 15:59:14.736721,102393,2.82,2.81,33183,100413,2171,-1763
172,AR,2020-07-28,0 days 15:59:15.739499,100964,2.82,2.81,32483,100413,-1429,2171
173,AR,2020-07-28,0 days 15:59:26.767170,116014,2.83,2.82,22373,76381,7750,-15050
174,AR,2020-07-28,0 days 15:59:27.770799,115264,2.83,2.82,23173,78466,-750,7750
175,AR,2020-07-28,0 days 15:59:45.812200,114470,2.83,2.82,38448,68067,-1544,1756
176,ATUS,2020-07-28,0 days 15:55:00.188650,135199,24.26,24.25,6479,7362,663,-22309
177,ATUS,2020-07-28,0 days 15:56:52.459752,143040,24.26,24.25,9689,11618,-22561,2439
178,ATUS,2020-07-28,0 days 15:56:53.462496,142801,24.26,24.25,12025,9524,239,-22561
179,ATUS,2020-07-28,0 days 15:58:58.766507,157142,24.28,24.27,1109,17246,5258,-796
180,ATUS,2020-07-28,0 days 15:58:59.769403,155300,24.29,24.28,16984,10529,-6542,5258
181,ATUS,2020-07-28,0 days 15:59:03.779583,157427,24.29,24.28,18190,16205,22,-2293
182,ATUS,2020-07-28,0 days 15:59:27.838107,198713,24.27,24.26,11045,6449,1359,-2864
183,ATUS,2020-07-28,0 days 15:59:43.877576,193466,24.26,24.25,14918,45152,-847,2853
184,ATUS,2020-07-28,0 days 15:59:45.882256,194313,24.26,24.25,15469,42646,2381,-847
185,ATUS,2020-07-28,0 days 15:59:46.885216,193594,24.26,24.25,11965,45646,-1378,2381
186,AU,2020-07-28,0 days 15:57:34.492191,68515,37.06,37.05,187,3232,-133,167
187,AU,2020-07-28,0 days 15:57:35.495432,66448,37.06,37.05,187,2608,2067,-133
188,AU,2020-07-28,0 days 15:57:46.521899,68515,37.07,37.06,2103,5779,-472,237
189,AU,2020-07-28,0 days 15:57:47.524200,66287,37.08,37.07,2510,540,2228,-472
190,AU,2020-07-28,0 days 15:58:54.687074,68515,37.05,37.04,804,3037,-331,669
191,AU,2020-07-28,0 days 15:58:55.689638,66346,37.05,37.04,1704,2414,2169,-331
192,AU,2020-07-28,0 days 15:59:04.712963,68831,37.06,37.05,2634,1424,-3415,505
193,AU,2020-07-28,0 days 15:59:05.714618,63646,37.06,37.05,3093,624,5185,-3415
194,AU,2020-07-28,0 days 15:59:06.719396,68831,37.06,37.05,524,4024,-215,5185
195,AU,2020-07-28,0 days 15:59:11.729245,68288,37.07,37.06,4933,4145,543,-515
196,AU,2020-07-28,0 days 15:59:18.746474,68831,37.07,37.06,2149,4855,-370,543
197,AU,2020-07-28,0 days 15:59:19.749439,68621,37.07,37.06,2881,3848,210,-370
198,AU,2020-07-28,0 days 15:59:27.770989,68831,37.09,37.08,2200,800,-52,210
199,AU,2020-07-28,0 days 15:59:46.814786,69958,37.06,37.04,2700,3430,222,-4327
200,AU,2020-07-28,0 days 15:59:47.817453,70180,37.06,37.05,3000,100,-1622,222
201,AUY,2020-07-28,0 days 15:59:21.813381,90398,6.59,6.58,342694,260753,-10947,1953
202,AVTR,2020-07-28,0 days 15:55:04.085735,188311,19.0,18.99,7252,1159,28355,-7045
203,AVTR,2020-07-28,0 days 15:55:05.089517,181266,19.0,18.99,6952,859,-7045,28355
204,AVTR,2020-07-28,0 days 15:56:36.308095,189130,18.98,18.97,4099,1445,3969,-2907
205,AVTR,2020-07-28,0 days 15:56:37.310261,183799,18.98,18.97,4199,1345,-5331,3969
206,AVTR,2020-07-28,0 days 15:57:48.483256,190030,19.0,18.99,2876,3454,980,-1272
207,AVTR,2020-07-28,0 days 15:57:49.485272,185410,19.0,18.99,2876,3554,-4620,980
208,AVTR,2020-07-28,0 days 15:58:49.630654,189929,18.97,18.96,6063,4822,2410,-840
209,AVTR,2020-07-28,0 days 15:58:50.633798,185939,18.97,18.96,6398,3422,-3990,2410
210,AVTR,2020-07-28,0 days 15:59:06.673688,195420,18.96,18.95,10542,8759,6000,-2669
211,AVTR,2020-07-28,0 days 15:59:07.675266,192720,18.96,18.95,10142,10648,-2700,6000
212,AVTR,2020-07-28,0 days 15:59:09.680426,194165,18.95,18.94,6567,4957,11555,-2700
213,AVTR,2020-07-28,0 days 15:59:20.707600,202463,18.95,18.94,8887,9288,4757,-9943
214,AVTR,2020-07-28,0 days 15:59:22.711435,199320,18.95,18.94,10792,9288,-3143,2257
215,AVTR,2020-07-28,0 days 15:59:27.724921,203718,18.98,18.96,2000,1528,8559,-1943
216,AVTR,2020-07-28,0 days 15:59:28.727006,188377,18.97,18.96,2657,1559,-17104,8559
217,AVTR,2020-07-28,0 days 15:59:29.728959,205481,18.97,18.96,3032,359,796,-17104
218,AVTR,2020-07-28,0 days 15:59:30.732815,204177,18.97,18.96,1232,3759,-1304,796
219,AVTR,2020-07-28,0 days 15:59:35.744975,205481,18.97,18.96,1844,2759,3286,-1304
220,AVTR,2020-07-28,0 days 15:59:36.746314,200967,18.97,18.96,1844,2759,-4514,3286
221,AVTR,2020-07-28,0 days 15:59:39.755994,205481,18.95,18.94,2325,11560,2386,-714
222,AVTR,2020-07-28,0 days 15:59:41.758869,203867,18.95,18.94,3100,10260,-390,3341
223,AVTR,2020-07-28,0 days 15:59:48.775031,204257,18.95,18.94,5754,9808,2209,-724
224,AVTR,2020-07-28,0 days 15:59:50.781552,198960,18.95,18.94,2454,11508,-5297,20
225,AVTR,2020-07-28,0 days 16:00:00.795648,204257,18.96,18.95,2533,5296,703,-1334
226,AXP,2020-07-28,0 days 15:57:36.574619,262309,94.29,94.28,900,408,9,-891
227,AXP,2020-07-28,0 days 15:57:43.591277,248396,94.3,94.29,200,515,-13913,87
228,AXP,2020-07-28,0 days 15:59:01.781855,262822,94.24,94.23,100,998,831,-2825
229,AXP,2020-07-28,0 days 15:59:02.785685,253758,94.25,94.24,304,698,-9064,831
230,AXP,2020-07-28,0 days 15:59:21.830654,272575,94.33,94.3,1300,500,10593,-3018
231,AXP,2020-07-28,0 days 15:59:31.856866,277044,94.38,94.36,300,1350,10667,-176
232,AZN,2020-07-28,0 days 15:59:10.890301,70021,56.27,56.26,2749,1874,-452,248
233,AZN,2020-07-28,0 days 15:59:27.931519,68965,56.29,56.28,2937,1331,156,-828
234,BA,2020-07-28,0 days 15:58:43.730089,143200,170.91,170.89,313,503,-1241,79
235,BA,2020-07-28,0 days 15:59:00.772753,141596,170.96,170.89,400,305,9752,-893
236,BA,2020-07-28,0 days 15:59:50.894815,149719,170.98,170.92,100,1102,-13133,25047
237,BABA,2020-07-28,0 days 15:59:46.860687,410479,249.13,249.07,137,1395,-3545,12593
238,BABA,2020-07-28,0 days 15:59:47.862809,408924,249.09,249.04,500,433,1589,-3545
239,BAC,2020-07-28,0 days 15:59:46.978838,3681154,24.37,24.36,111189,54292,-27656,80197
240,BAC,2020-07-28,0 days 15:59:47.981260,3708810,24.37,24.36,99722,46990,1344,-27656
241,BAC,2020-07-28,0 days 15:59:49.990882,3574054,24.37,24.36,104816,66000,-130643,4844
242,BBD,2020-07-28,0 days 15:57:39.490496,421998,4.56,4.55,408195,290583,17282,-28418
243,BBD,2020-07-28,0 days 15:57:40.493857,401680,4.56,4.55,406595,290983,-24318,17282
244,BBD,2020-07-28,0 days 15:59:08.708231,468770,4.56,4.55,299123,506961,33850,-25718
245,BBD,2020-07-28,0 days 15:59:09.710138,455720,4.56,4.55,297523,506461,-13050,33850
246,BBD,2020-07-28,0 days 15:59:46.800904,492543,4.56,4.55,19853,682152,10769,-584
247,BBD,2020-07-28,0 days 15:59:47.802965,484812,4.57,4.56,262889,597500,-7731,10769
248,BBVA,2020-07-28,0 days 15:59:36.746490,16031,3.53,3.52,268716,250848,-4378,5222
249,BBVA,2020-07-28,0 days 15:59:37.751653,15709,3.53,3.52,284816,250656,322,-4378
250,BBY,2020-07-28,0 days 15:55:01.073498,92434,97.32,97.3,500,100,1357,-1943
251,BBY,2020-07-28,0 days 15:56:22.267658,95537,97.23,97.21,1473,800,-369,810
252,BBY,2020-07-28,0 days 15:56:23.269918,94606,97.22,97.21,600,400,931,-369
253,BBY,2020-07-28,0 days 15:57:34.441060,99043,97.17,97.15,1420,603,-698,1602
254,BBY,2020-07-28,0 days 15:57:35.443833,97841,97.16,97.15,400,503,1202,-698
255,BBY,2020-07-28,0 days 15:58:36.592481,98457,97.1,97.06,1284,198,-676,1146
256,BBY,2020-07-28,0 days 15:58:37.595051,97633,97.1,97.06,1037,461,724,-676
257,BBY,2020-07-28,0 days 15:59:09.672774,104211,97.1,97.08,592,1233,-122,190
258,BBY,2020-07-28,0 days 15:59:14.684486,103624,97.11,97.1,417,201,487,-713
259,BBY,2020-07-28,0 days 15:59:18.694132,104121,97.13,97.12,200,166,-93,155
260,BBY,2020-07-28,0 days 15:59:25.711816,102896,97.17,97.15,200,757,900,-500
261,BBY,2020-07-28,0 days 15:59:28.719048,103714,97.21,97.18,500,721,-2741,344
262,BBY,2020-07-28,0 days 15:59:45.760844,106773,97.2,97.16,1165,501,341,-959
263,BBY,2020-07-28,0 days 15:59:48.767486,106114,97.17,97.14,683,100,-620,1841
264,BCS,2020-07-28,0 days 15:55:00.197277,40568,5.78,5.77,38467,155391,-27374,11942
265,BCS,2020-07-28,0 days 15:59:45.889674,68428,5.78,5.77,109206,114979,180,-1020
266,BDN,2020-07-28,0 days 15:56:04.274517,72753,11.15,11.14,5803,12906,-1537,870
267,BDN,2020-07-28,0 days 15:59:05.714739,83267,11.14,11.13,10527,12410,-33,567
268,BDN,2020-07-28,0 days 15:59:09.724837,83300,11.14,11.13,6327,11656,685,-33
269,BDN,2020-07-28,0 days 15:59:30.777014,82156,11.15,11.14,6450,15064,-3186,714
270,BDN,2020-07-28,0 days 15:59:31.780121,81742,11.15,11.14,5659,12767,414,-3186
271,BE,2020-07-28,0 days 15:56:47.431098,62450,14.97,14.96,640,4284,-413,687
272,BE,2020-07-28,0 days 15:56:48.433950,61563,14.97,14.96,640,4284,887,-413
273,BE,2020-07-28,0 days 15:58:55.736126,62450,14.98,14.97,2150,500,-1634,92
274,BE,2020-07-28,0 days 15:59:02.754231,62784,15.0,14.99,2048,2831,1418,-1882
275,BE,2020-07-28,0 days 15:59:03.757110,62602,15.0,14.99,2252,4153,-440,1418
276,BEN,2020-07-28,0 days 15:55:42.291171,247392,20.54,20.53,4464,6813,8679,-7876
277,BEN,2020-07-28,0 days 15:55:43.293393,243171,20.54,20.53,4664,6608,-4221,8679
278,BEN,2020-07-28,0 days 15:56:27.399860,250036,20.5,20.49,7733,3078,5902,-1898
279,BEN,2020-07-28,0 days 15:56:28.402514,246838,20.5,20.49,6732,3378,-3198,5902
280,BEN,2020-07-28,0 days 15:57:20.527502,250229,20.51,20.5,1043,5192,18682,-1318
281,BEN,2020-07-28,0 days 15:57:21.529832,248711,20.52,20.51,441,4859,-1518,18682
282,BEN,2020-07-28,0 days 15:59:10.796706,265975,20.56,20.55,9107,4627,3390,-436
283,BEN,2020-07-28,0 days 15:59:11.798793,264665,20.56,20.55,5682,9168,-1310,3390
284,BEN,2020-07-28,0 days 15:59:40.873388,308799,20.57,20.56,2393,10427,303,-1197
285,BEN,2020-07-28,0 days 15:59:43.877665,306686,20.57,20.56,5672,11625,-2313,4087
286,BEN,2020-07-28,0 days 15:59:46.885321,307140,20.57,20.56,6554,12483,-2977,3841
287,BEN,2020-07-28,0 days 15:59:47.886929,310117,20.57,20.56,8019,10568,2907,-2977
288,BHC,2020-07-28,0 days 15:56:52.443122,92940,18.78,18.77,7819,2018,-3461,439
289,BHC,2020-07-28,0 days 15:57:45.566841,96401,18.78,18.77,2300,5563,174,-126
290,BHC,2020-07-28,0 days 15:57:47.570817,93375,18.78,18.77,802,7447,-3026,874
291,BHC,2020-07-28,0 days 15:58:47.716942,97888,18.8,18.79,4462,6049,3182,-4813
292,BHC,2020-07-28,0 days 15:58:48.719056,95370,18.8,18.79,4266,6270,-2518,3182
293,BHP,2020-07-28,0 days 15:59:45.882429,38600,53.53,53.52,3400,4506,-560,440
294,BHP,2020-07-28,0 days 15:59:46.885383,38260,53.53,53.52,4816,1506,340,-560
295,BK,2020-07-28,0 days 15:56:44.423995,983061,36.07,36.06,4377,11777,-1954,1346
296,BK,2020-07-28,0 days 15:57:09.484483,981825,36.06,36.05,5992,10945,1236,-161
297,BK,2020-07-28,0 days 15:57:13.494375,983061,36.07,36.06,4873,13461,-161,1236
298,BK,2020-07-28,0 days 15:57:49.575565,985457,36.08,36.07,15748,5432,3729,-3471
299,BK,2020-07-28,0 days 15:57:50.577816,981986,36.08,36.07,14820,6042,-3471,3729
300,BK,2020-07-28,0 days 15:57:54.587548,985457,36.07,36.06,14342,5222,4629,-3471
301,BK,2020-07-28,0 days 15:57:55.589850,981986,36.07,36.06,12870,4822,-3471,4629
302,BK,2020-07-28,0 days 15:57:58.597288,985457,36.07,36.06,15332,5422,7929,-3471
303,BK,2020-07-28,0 days 15:57:59.599880,981986,36.07,36.06,11980,7495,-9171,7929
304,BK,2020-07-28,0 days 15:58:00.603247,981534,36.06,36.05,7725,4522,27052,-9171
305,BK,2020-07-28,0 days 15:58:10.627295,996686,36.06,36.05,12952,4645,-48,1452
306,BK,2020-07-28,0 days 15:58:12.632480,989834,36.06,36.05,16198,3904,6852,-48
307,BK,2020-07-28,0 days 15:58:14.637163,996686,36.06,36.05,10998,8821,-7448,1452
308,BK,2020-07-28,0 days 15:58:15.639085,995234,36.06,36.05,14898,4704,1452,-7448
309,BK,2020-07-28,0 days 15:58:49.721470,983437,36.07,36.06,11011,1099,2014,-13486
310,BK,2020-07-28,0 days 15:58:58.743357,985451,36.07,36.06,8691,5186,-550,1614
311,BK,2020-07-28,0 days 15:59:00.749372,986001,36.07,36.06,6928,8756,229,-550
312,BK,2020-07-28,0 days 15:59:03.757077,986230,36.08,36.07,7545,5792,-2017,483
313,BK,2020-07-28,0 days 15:59:07.766011,1019630,36.06,36.05,931,14329,-1368,14032
314,BK,2020-07-28,0 days 15:59:11.775698,1029109,36.06,36.05,8700,5635,13521,-3082
315,BK,2020-07-28,0 days 15:59:12.778298,1027130,36.06,36.05,6700,7534,-1979,13521
316,BK,2020-07-28,0 days 15:59:27.814970,1060920,36.05,36.04,200,12143,2297,-3739
317,BK,2020-07-28,0 days 15:59:28.817037,1057317,36.06,36.05,6358,4553,-3880,2297
318,BK,2020-07-28,0 days 15:59:42.852553,1064000,36.08,36.07,10160,1411,21485,-4199
319,BK,2020-07-28,0 days 15:59:43.853928,1061885,36.08,36.07,9083,6628,-2115,21485
320,BK,2020-07-28,0 days 15:59:50.871568,1063511,36.08,36.07,4187,12075,-1189,5811
321,BKD,2020-07-28,0 days 15:59:27.717146,80751,2.86,2.85,48438,24089,-543,5598
322,BKR,2020-07-28,0 days 15:55:22.250503,344428,15.85,15.84,6681,9750,1333,-2167
323,BKR,2020-07-28,0 days 15:55:23.252973,339461,15.85,15.84,6381,10350,-4967,1333
324,BKR,2020-07-28,0 days 15:56:27.407666,346387,15.86,15.85,11208,12305,12549,-4051
325,BKR,2020-07-28,0 days 15:56:28.410028,342836,15.86,15.85,10197,12705,-4751,12549
326,BKR,2020-07-28,0 days 15:57:05.499279,347875,15.85,15.84,10919,7600,13561,-2939
327,BKR,2020-07-28,0 days 15:57:06.501217,344336,15.85,15.84,10209,7717,-3439,13561
328,BKR,2020-07-28,0 days 15:58:14.667480,352912,15.86,15.85,20066,31530,1026,-3674
329,BKR,2020-07-28,0 days 15:58:15.669673,349238,15.86,15.85,18600,27442,-3574,1026
330,BKR,2020-07-28,0 days 15:58:17.675288,352912,15.86,15.85,18058,28342,726,-3574
331,BKR,2020-07-28,0 days 15:58:18.677030,349238,15.86,15.85,18058,29242,-3574,726
332,BKR,2020-07-28,0 days 15:58:20.682374,352912,15.86,15.85,6872,30449,926,-3574
333,BKR,2020-07-28,0 days 15:58:21.685121,349238,15.86,15.85,15686,31966,-3674,926
334,BKR,2020-07-28,0 days 15:59:27.845807,362161,15.88,15.87,7458,11014,3534,-958
335,BKR,2020-07-28,0 days 15:59:28.848539,362095,15.88,15.87,7458,11214,-66,3534
336,BKR,2020-07-28,0 days 15:59:42.882786,392968,15.88,15.87,14056,1450,6442,-2073
337,BKR,2020-07-28,0 days 15:59:43.884491,392410,15.88,15.87,11619,8208,-558,6442
338,BKR,2020-07-28,0 days 15:59:45.889731,392968,15.88,15.87,13630,2455,6180,-158
339,BKR,2020-07-28,0 days 15:59:46.891437,391048,15.88,15.87,13720,2355,-3936,6180
340,BKR,2020-07-28,0 days 15:59:47.893531,394984,15.88,15.87,13173,2555,3363,-3936
341,BLL,2020-07-28,0 days 15:56:29.284508,74806,74.05,74.03,184,449,222,-86
342,BLL,2020-07-28,0 days 15:56:30.287051,81028,74.05,74.03,200,508,-678,222
343,BLL,2020-07-28,0 days 15:58:13.536758,82193,74.01,74.0,348,759,212,-1188
344,BLL,2020-07-28,0 days 15:58:14.539350,81905,74.01,74.0,200,659,-288,212
345,BLL,2020-07-28,0 days 15:58:36.592566,81145,73.99,73.97,921,500,760,-288
346,BLL,2020-07-28,0 days 15:58:37.595191,80805,73.99,73.98,985,200,-340,760
347,BLL,2020-07-28,0 days 15:58:54.636256,81867,74.03,74.01,510,359,78,-262
348,BLL,2020-07-28,0 days 15:58:55.639024,81445,74.03,74.01,610,393,-422,78
349,BLL,2020-07-28,0 days 15:59:07.667436,80545,74.04,74.02,798,1261,-134,166
350,BLL,2020-07-28,0 days 15:59:19.696638,82631,74.06,74.05,579,1698,-124,870
351,BLL,2020-07-28,0 days 15:59:34.734167,84176,74.09,74.06,309,504,1287,-159
352,BLL,2020-07-28,0 days 15:59:40.748882,85263,74.11,74.1,470,148,-613,887
353,BLL,2020-07-28,0 days 15:59:41.750992,85176,74.1,74.09,270,241,87,-613
354,BMY,2020-07-28,0 days 15:59:18.816025,706339,59.42,59.41,6313,1852,25875,-23943
355,BMY,2020-07-28,0 days 15:59:19.818904,696614,59.42,59.41,6013,2979,-9725,25875
356,BMY,2020-07-28,0 days 15:59:44.880429,763745,59.46,59.45,6268,5256,26884,-10295
357,BP,2020-07-28,0 days 15:57:09.491970,77005,22.82,22.81,39764,31004,929,-8147
358,BP,2020-07-28,0 days 15:59:09.785295,88393,22.82,22.81,33456,38289,-2591,7197
359,BP,2020-07-28,0 days 15:59:15.798450,82022,22.83,22.82,21896,63334,6371,-3417
360,BP,2020-07-28,0 days 15:59:33.843645,88475,22.84,22.83,49676,9982,-2884,4553
361,BP,2020-07-28,0 days 15:59:44.870691,91659,22.84,22.83,46495,12055,316,-184
362,BP,2020-07-28,0 days 15:59:50.885166,89975,22.84,22.83,45347,9895,-1384,616
363,BRK.B,2020-07-28,0 days 15:55:00.075911,276016,194.02,193.99,200,558,5450,-61717
364,BRK.B,2020-07-28,0 days 15:55:24.135137,280066,194.08,194.03,439,300,-63,1337
365,BRK.B,2020-07-28,0 days 15:55:25.137008,276967,194.07,194.05,100,200,3099,-63
366,BRX,2020-07-28,0 days 15:55:01.191759,142171,11.78,11.77,7015,7164,-2085,3115
367,BRX,2020-07-28,0 days 15:55:59.332230,144110,11.77,11.76,13597,8928,-1029,771
368,BRX,2020-07-28,0 days 15:56:21.384907,145139,11.76,11.75,11129,6600,1342,-358
369,BRX,2020-07-28,0 days 15:56:22.387341,144281,11.76,11.75,12129,5100,-858,1342
370,BRX,2020-07-28,0 days 15:57:35.564748,145147,11.76,11.75,11650,12593,856,-444
371,BRX,2020-07-28,0 days 15:57:37.570186,144503,11.75,11.74,6274,8938,-2144,2456
372,BRX,2020-07-28,0 days 15:57:59.622872,146647,11.75,11.74,23158,9193,2356,-644
373,BRX,2020-07-28,0 days 15:58:00.626473,145803,11.75,11.74,20386,10693,-844,2356
374,BRX,2020-07-28,0 days 15:58:07.642693,146647,11.75,11.74,24022,8793,256,-844
375,BRX,2020-07-28,0 days 15:58:08.645210,145803,11.75,11.74,22215,8914,-844,256
376,BRX,2020-07-28,0 days 15:59:29.843034,155280,11.76,11.75,9314,13445,4159,-1241
377,BRX,2020-07-28,0 days 15:59:30.845950,154339,11.76,11.75,5300,16899,-941,4159
378,BRX,2020-07-28,0 days 15:59:44.880556,161539,11.76,11.75,16687,7260,-960,4540
379,BSIG,2020-07-28,0 days 15:55:14.103203,50449,13.91,13.9,704,3580,-856,1244
380,BSIG,2020-07-28,0 days 15:55:15.105804,50305,13.91,13.9,929,3480,144,-856
381,BSIG,2020-07-28,0 days 15:55:30.142404,52549,13.91,13.9,200,13195,-756,1544
382,BSIG,2020-07-28,0 days 15:55:31.149901,52205,13.91,13.9,200,13305,344,-756
383,BSIG,2020-07-28,0 days 15:55:54.200296,54849,13.91,13.9,1103,1801,-178,322
384,BSIG,2020-07-28,0 days 15:55:55.202287,54427,13.91,13.9,1203,4129,422,-178
385,BSIG,2020-07-28,0 days 15:56:22.267182,55610,13.88,13.87,2496,1154,-163,483
386,BSIG,2020-07-28,0 days 15:56:23.269487,55173,13.88,13.87,2496,1054,437,-163
387,BSIG,2020-07-28,0 days 15:59:04.659837,59548,13.88,13.87,1443,188,-730,470
388,BSIG,2020-07-28,0 days 15:59:05.662189,59178,13.87,13.86,1885,1072,370,-730
389,BSIG,2020-07-28,0 days 15:59:18.693612,59548,13.88,13.87,822,11949,-642,71
390,BSX,2020-07-28,0 days 15:55:43.178766,326413,38.17,38.16,3903,5608,10933,-1120
391,BSX,2020-07-28,0 days 15:55:44.181770,325046,38.17,38.16,4303,4708,-1367,10933
392,BSX,2020-07-28,0 days 15:56:35.304823,327413,38.18,38.17,6607,2120,1117,-626
393,BSX,2020-07-28,0 days 15:56:36.307160,326030,38.18,38.17,5807,3120,-383,1117
394,BSX,2020-07-28,0 days 15:57:34.447502,326978,38.18,38.17,4888,5021,852,-1348
395,BSX,2020-07-28,0 days 15:57:35.450345,325930,38.18,38.17,4488,5607,-1048,852
396,BSX,2020-07-28,0 days 15:58:11.538309,331170,38.19,38.18,12166,5019,160,-1340
397,BSX,2020-07-28,0 days 15:58:12.540067,329830,38.19,38.18,10707,5519,-1340,160
398,BSX,2020-07-28,0 days 15:58:15.547487,331170,38.18,38.17,8664,3172,1560,-1340
399,BSX,2020-07-28,0 days 15:58:16.549765,329830,38.18,38.17,8564,3092,-340,1560
400,BSX,2020-07-28,0 days 15:59:09.679096,331843,38.2,38.19,3814,8878,1367,-3
401,BSX,2020-07-28,0 days 15:59:10.681656,329810,38.2,38.19,4014,10383,-2033,1367
402,BSX,2020-07-28,0 days 15:59:20.706240,334348,38.21,38.2,9630,2317,4894,-2659
403,BSX,2020-07-28,0 days 15:59:21.708330,333842,38.21,38.2,8232,2226,-506,4894
404,BSX,2020-07-28,0 days 15:59:22.710503,334348,38.21,38.2,6320,6461,5007,-506
405,BSX,2020-07-28,0 days 15:59:27.723457,338934,38.23,38.22,5126,5088,-1077,1584
406,BSX,2020-07-28,0 days 15:59:28.725618,340011,38.23,38.22,3378,7600,21018,-1077
407,BVN,2020-07-28,0 days 15:57:36.446365,25863,12.47,12.46,500,4216,-737,366
408,BVN,2020-07-28,0 days 15:57:37.448967,25600,12.47,12.46,900,3616,263,-737
409,BVN,2020-07-28,0 days 15:57:42.460954,25863,12.47,12.46,3600,3724,-437,163
410,BVN,2020-07-28,0 days 15:57:59.502151,28179,12.48,12.47,4404,1382,1884,-2616
411,BVN,2020-07-28,0 days 15:58:00.505275,27963,12.48,12.47,100,6759,-216,1884
412,BVN,2020-07-28,0 days 15:58:07.522146,28479,12.48,12.47,300,10869,325,-175
413,BVN,2020-07-28,0 days 15:58:08.526358,28204,12.49,12.48,2200,6769,-275,325
414,BVN,2020-07-28,0 days 15:59:28.719257,32180,12.48,12.47,2402,3148,-806,194
415,BVN,2020-07-28,0 days 15:59:36.738995,32986,12.48,12.47,6689,739,594,-806
416,BVN,2020-07-28,0 days 15:59:37.743997,32880,12.48,12.47,789,6239,-106,594
417,BX,2020-07-28,0 days 15:55:06.090845,60872,54.16,54.15,1200,400,242,-558
418,BX,2020-07-28,0 days 15:55:07.093244,60314,54.15,54.14,2700,904,-558,242
419,BX,2020-07-28,0 days 15:55:09.099616,60872,54.15,54.14,1914,400,242,-558
420,BX,2020-07-28,0 days 15:55:10.101372,60714,54.14,54.13,3014,1188,-158,242
421,BX,2020-07-28,0 days 15:55:23.132735,60872,54.15,54.14,420,1311,1642,-158
422,BX,2020-07-28,0 days 15:55:24.135367,60714,54.15,54.14,446,1315,-158,1642
423,BX,2020-07-28,0 days 15:55:27.142509,60872,54.15,54.14,1546,1216,642,-158
424,BX,2020-07-28,0 days 15:57:07.384032,62114,54.12,54.1,2600,2068,-558,842
425,BX,2020-07-28,0 days 15:57:08.386684,61972,54.11,54.1,500,1368,142,-558
426,BX,2020-07-28,0 days 15:57:49.486139,63073,54.11,54.1,100,3439,-46,854
427,BX,2020-07-28,0 days 15:57:50.488261,62719,54.12,54.11,2320,1542,354,-46
428,BX,2020-07-28,0 days 15:57:53.495398,61873,54.12,54.11,2383,1513,-846,54
429,BX,2020-07-28,0 days 15:57:54.497609,61619,54.12,54.11,2383,1513,254,-846
430,BX,2020-07-28,0 days 15:57:56.502419,61873,54.12,54.11,1983,1513,-346,254
431,BX,2020-07-28,0 days 15:57:57.504884,61619,54.12,54.11,2283,1813,254,-346
432,BX,2020-07-28,0 days 15:58:15.548924,63073,54.12,54.11,1278,1941,-267,333
433,BX,2020-07-28,0 days 15:58:16.551214,62740,54.12,54.11,1078,2041,333,-267
434,BX,2020-07-28,0 days 15:58:19.559017,63073,54.12,54.11,980,2421,-167,333
435,BX,2020-07-28,0 days 15:58:20.561715,62740,54.12,54.11,1280,2221,333,-167
436,BX,2020-07-28,0 days 15:58:34.595412,63073,54.11,54.1,5273,5156,-967,333
437,BX,2020-07-28,0 days 15:58:35.597398,62940,54.11,54.1,5047,2102,133,-967
438,BX,2020-07-28,0 days 15:58:42.614743,63073,54.11,54.1,1947,603,-2180,133
439,BYD,2020-07-28,0 days 15:56:27.280659,80904,22.11,22.1,2588,901,820,-980
440,BYD,2020-07-28,0 days 15:56:28.282248,79724,22.11,22.1,2388,1221,-1180,820
441,BYD,2020-07-28,0 days 15:57:24.416603,81404,22.09,22.08,2302,1192,66,-534
442,BYD,2020-07-28,0 days 15:57:25.418987,80370,22.09,22.07,2602,2824,-1034,66
443,BYD,2020-07-28,0 days 15:57:44.466799,85004,22.1,22.09,1496,200,66,-1734
444,BYD,2020-07-28,0 days 15:57:45.468673,83770,22.09,22.08,1210,720,-1234,66
445,BYD,2020-07-28,0 days 15:59:10.675111,83727,22.07,22.06,1680,3757,206,-994
446,BYD,2020-07-28,0 days 15:59:16.689608,82864,22.07,22.06,2752,3244,-952,117
447,BYD,2020-07-28,0 days 15:59:17.691684,83816,22.07,22.06,2737,3219,48,-952
448,BYD,2020-07-28,0 days 15:59:31.727524,84494,22.07,22.06,1576,3950,12,-488
449,BYD,2020-07-28,0 days 15:59:50.772759,84926,22.1,22.08,300,1921,-342,1058
450,C,2020-07-28,0 days 15:55:36.371324,345006,51.34,51.33,1437,5148,-8069,696
451,C,2020-07-28,0 days 15:56:33.509028,355493,51.3,51.29,5605,1101,-88,1222
452,C,2020-07-28,0 days 15:56:34.511498,353071,51.3,51.29,5589,687,2422,-88
453,C,2020-07-28,0 days 15:56:49.547654,354766,51.31,51.3,4052,4278,944,-256
454,C,2020-07-28,0 days 15:57:10.598143,356669,51.29,51.28,3611,12582,-6308,1163
455,C,2020-07-28,0 days 15:57:11.600782,356311,51.27,51.26,6395,3080,358,-6308
456,C,2020-07-28,0 days 15:57:18.617364,356320,51.28,51.27,2666,6825,349,-1251
457,C,2020-07-28,0 days 15:57:20.621761,356669,51.28,51.27,2266,7574,-961,349
458,C,2020-07-28,0 days 15:57:21.623954,354930,51.28,51.27,800,8028,1739,-961
459,C,2020-07-28,0 days 15:57:55.707272,362078,51.26,51.25,3721,21980,-2731,169
460,C,2020-07-28,0 days 15:57:56.709586,357209,51.26,51.25,4621,18780,4869,-2731
461,C,2020-07-28,0 days 15:58:08.739609,362078,51.26,51.25,7566,20397,-841,959
462,C,2020-07-28,0 days 15:58:09.741572,361119,51.26,51.25,9138,17177,959,-841
463,C,2020-07-28,0 days 15:58:10.745195,363037,51.26,51.25,10796,17077,-1182,959
464,C,2020-07-28,0 days 15:58:11.747594,360919,51.26,51.25,11089,16146,1159,-1182
465,C,2020-07-28,0 days 15:58:14.754071,363037,51.26,51.25,11879,16640,-1182,4259
466,C,2020-07-28,0 days 15:58:15.756310,358819,51.26,51.25,13210,15604,3259,-1182
467,C,2020-07-28,0 days 15:58:25.780686,360019,51.23,51.22,7650,36728,3018,-82
468,C,2020-07-28,0 days 15:59:00.866913,364252,51.24,51.23,5146,7766,-902,4398
469,C,2020-07-28,0 days 15:59:14.899738,375891,51.26,51.25,3445,5502,102,-2519
470,C,2020-07-28,0 days 15:59:15.902166,373693,51.26,51.25,400,12467,-2198,102
471,C,2020-07-28,0 days 15:59:33.946317,381714,51.3,51.29,11036,3022,426,-5804
472,CADE,2020-07-28,0 days 15:55:36.283892,160911,8.08,8.07,5593,4602,5425,-6573
473,CADE,2020-07-28,0 days 15:55:37.286478,151836,8.08,8.07,5593,4402,-9075,5425
474,CADE,2020-07-28,0 days 15:59:44.887372,174322,8.07,8.06,11611,16267,550,-310
475,CADE,2020-07-28,0 days 15:59:48.896566,170772,8.07,8.06,11997,13248,-1150,550
476,CAG,2020-07-28,0 days 15:55:29.243587,218975,37.31,37.3,2181,3331,-22586,36214
477,CAG,2020-07-28,0 days 15:55:30.245404,216354,37.3,37.29,1615,4503,402,-22586
478,CAG,2020-07-28,0 days 15:56:42.419069,214586,37.31,37.3,3094,4608,2785,-608
479,CAG,2020-07-28,0 days 15:57:39.551359,217371,37.33,37.32,1583,5476,-115,585
480,CAG,2020-07-28,0 days 15:57:41.555909,208586,37.31,37.3,1000,3256,8785,-115
481,CAG,2020-07-28,0 days 15:58:43.707184,219486,37.28,37.27,1750,6666,-522,3004
482,CAG,2020-07-28,0 days 15:58:44.709517,216901,37.29,37.28,2913,4792,2585,-522
483,CAG,2020-07-28,0 days 15:59:05.761563,213209,37.28,37.27,2319,3680,6560,-20346
484,CAG,2020-07-28,0 days 15:59:06.764475,219985,37.29,37.28,1837,6400,-3662,6560
485,CALX,2020-07-28,0 days 15:52:37.950169,27029,19.13,19.11,525,1225,936,-960
486,CALX,2020-07-28,0 days 15:56:04.438776,30840,19.15,19.14,1448,8855,1396,-204
487,CALX,2020-07-28,0 days 15:59:16.904607,30912,19.15,19.14,738,1469,2227,-39
488,CARR,2020-07-28,0 days 15:55:50.198038,197959,26.12,26.11,3867,6385,279,-904
489,CARR,2020-07-28,0 days 15:55:51.201274,195338,26.12,26.11,4322,6285,-2621,279
490,CARR,2020-07-28,0 days 15:58:46.624595,201119,26.11,26.1,8474,6149,3891,-1425
491,CARR,2020-07-28,0 days 15:58:47.626489,200710,26.11,26.1,8786,6185,-409,3891
492,CARR,2020-07-28,0 days 15:59:34.741690,214580,26.11,26.1,6847,1557,-9605,614
493,CARR,2020-07-28,0 days 15:59:35.745272,224185,26.1,26.09,4878,3191,995,-9605
494,CARR,2020-07-28,0 days 15:59:50.782299,222646,26.09,26.08,1903,5291,-1517,2183
495,CAT,2020-07-28,0 days 15:55:59.219362,150432,138.17,138.15,200,200,4921,-8376
496,CAT,2020-07-28,0 days 15:56:00.222651,145853,138.18,138.16,700,400,-4579,4921
497,CAT,2020-07-28,0 days 15:59:09.680807,160392,138.07,138.03,300,300,20940,-1197
498,CAT,2020-07-28,0 days 15:59:10.683313,159332,138.07,138.04,100,871,-1060,20940
499,CAT,2020-07-28,0 days 15:59:34.741653,167213,138.17,138.12,936,1000,586,-1179
500,CAT,2020-07-28,0 days 15:59:38.751283,166793,138.2,138.17,300,700,-4020,586
501,CAT,2020-07-28,0 days 15:59:39.756253,169313,138.16,138.13,761,143,2780,-4020
502,CAT,2020-07-28,0 days 15:59:50.782038,165699,138.09,138.03,245,400,-3584,1007
503,CBRE,2020-07-28,0 days 15:55:00.172046,91781,41.81,41.8,400,900,6005,-3049
504,CBRE,2020-07-28,0 days 15:55:12.202664,94121,41.82,41.81,1593,2006,-360,105
505,CBRE,2020-07-28,0 days 15:55:13.205168,93881,41.82,41.81,1597,1906,240,-360
506,CBRE,2020-07-28,0 days 15:55:34.255295,95221,41.84,41.83,700,1437,-60,640
507,CBRE,2020-07-28,0 days 15:55:35.257424,94981,41.84,41.83,500,1537,503,-60
508,CBRE,2020-07-28,0 days 15:56:22.371148,97105,41.83,41.82,1504,1203,-362,368
509,CBRE,2020-07-28,0 days 15:56:23.373905,96867,41.83,41.82,1300,1303,238,-362
510,CBRE,2020-07-28,0 days 15:56:39.412038,97533,41.84,41.83,1003,1504,-734,1466
511,CBRE,2020-07-28,0 days 15:56:40.414597,97267,41.84,41.83,803,1553,266,-734
512,CBRE,2020-07-28,0 days 15:56:53.445699,106133,41.83,41.82,1729,1103,-385,418
513,CBRE,2020-07-28,0 days 15:56:54.448094,105218,41.83,41.82,1529,1203,915,-385
514,CBRE,2020-07-28,0 days 15:57:39.551497,98593,41.83,41.82,910,3523,-7318,1282
515,CBRE,2020-07-28,0 days 15:57:40.553838,98308,41.83,41.82,1018,2511,285,-7318
516,CBRE,2020-07-28,0 days 15:59:48.866411,122003,41.86,41.85,1199,2796,355,-223
517,CC,2020-07-28,0 days 15:55:00.188684,62300,18.11,18.1,3106,1531,1062,-35554
518,CC,2020-07-28,0 days 15:56:21.384768,63886,18.08,18.07,4841,2185,-1171,529
519,CC,2020-07-28,0 days 15:56:22.387231,62857,18.08,18.07,4946,2285,1029,-1171
520,CC,2020-07-28,0 days 15:57:34.561846,73844,18.09,18.08,2368,2284,-394,906
521,CC,2020-07-28,0 days 15:57:35.564596,72138,18.09,18.08,2568,3684,1706,-394
522,CC,2020-07-28,0 days 15:57:44.586572,73844,18.09,18.08,773,19634,-194,306
523,CC,2020-07-28,0 days 15:57:45.589117,72338,18.09,18.08,1391,18275,1506,-194
524,CC,2020-07-28,0 days 15:59:05.784159,75382,18.1,18.09,1943,4449,-126,2674
525,CC,2020-07-28,0 days 15:59:06.788199,76208,18.1,18.09,3859,3916,1674,-126
526,CC,2020-07-28,0 days 15:59:37.864810,78385,18.12,18.11,4310,1790,-95,405
527,CC,2020-07-28,0 days 15:59:44.880393,72880,18.1,18.09,5814,1583,6853,-9520
528,CC,2020-07-28,0 days 15:59:46.885235,81081,18.1,18.09,4476,3756,-283,2501
529,CC,2020-07-28,0 days 15:59:47.886860,81364,18.1,18.09,6156,2056,795,-283
530,CCJ,2020-07-28,0 days 15:57:06.410996,50578,11.95,11.94,15986,7966,-4544,1080
531,CCJ,2020-07-28,0 days 15:57:08.415714,44122,11.96,11.95,11603,8600,2340,-2660
532,CCJ,2020-07-28,0 days 15:58:21.593060,41722,11.97,11.96,22908,20183,2058,-342
533,CCJ,2020-07-28,0 days 15:59:43.793486,43446,11.98,11.97,5200,15594,1147,-2053
534,CCJ,2020-07-28,0 days 15:59:45.798473,44593,11.98,11.97,5196,16709,-653,1147
535,CCJ,2020-07-28,0 days 15:59:48.804813,43546,11.98,11.97,12353,13149,1047,-653
536,CCL,2020-07-28,0 days 15:55:01.073638,336548,14.32,14.31,23812,17940,1476,-7724
537,CCL,2020-07-28,0 days 15:56:02.219485,340026,14.33,14.32,15124,24495,-2290,2010
538,CCL,2020-07-28,0 days 15:56:03.222183,342916,14.33,14.32,14624,21553,1959,-2290
539,CCL,2020-07-28,0 days 15:57:21.409079,345370,14.31,14.3,31570,11584,-8875,1725
540,CCL,2020-07-28,0 days 15:57:23.414258,354245,14.31,14.3,32570,9184,2960,-4540
541,CCL,2020-07-28,0 days 15:58:43.609134,372805,14.3,14.29,21951,43174,-9003,1119
542,CCL,2020-07-28,0 days 15:58:44.611892,367408,14.3,14.29,22688,43974,5397,-9003
543,CCL,2020-07-28,0 days 15:59:06.666520,369356,14.32,14.31,38985,18637,1705,-718
544,CCL,2020-07-28,0 days 15:59:08.670333,371061,14.32,14.31,42913,11775,-42129,1705
545,CCXX,2020-07-28,0 days 15:59:01.751251,760,10.99,10.95,700,1000,164,-336
546,CCXX,2020-07-28,0 days 15:59:02.754323,724,10.99,10.95,700,1000,-36,164
547,CDE,2020-07-28,0 days 15:55:45.229178,151022,8.29,8.28,33101,9527,-7513,587
548,CDE,2020-07-28,0 days 15:59:04.712999,173027,8.28,8.27,21176,42147,5205,-19395
549,CDE,2020-07-28,0 days 15:59:05.714691,166432,8.28,8.27,14390,45347,-11732,5205
550,CDE,2020-07-28,0 days 15:59:45.812472,183237,8.28,8.27,25806,33544,9757,-2538
551,CDE,2020-07-28,0 days 15:59:46.814815,178994,8.28,8.27,23429,37953,-7868,9757
552,CF,2020-07-28,0 days 15:55:31.150387,186742,30.22,30.21,2351,3815,-99,401
553,CF,2020-07-28,0 days 15:55:37.159348,183528,30.24,30.23,1400,2511,3214,-1686
554,CF,2020-07-28,0 days 15:58:54.636128,188763,30.21,30.2,1910,940,-186,415
555,CF,2020-07-28,0 days 15:59:01.653366,188949,30.21,30.2,267,3350,444,-186
556,CF,2020-07-28,0 days 15:59:04.660418,189393,30.21,30.2,1682,300,-1136,444
557,CF,2020-07-28,0 days 15:59:05.662733,188869,30.2,30.19,1900,2206,524,-1136
558,CF,2020-07-28,0 days 15:59:21.702163,187218,30.21,30.2,365,1710,2175,-7925
559,CF,2020-07-28,0 days 15:59:26.716326,189393,30.24,30.23,400,1600,-6129,331
560,CF,2020-07-28,0 days 15:59:27.717005,184922,30.23,30.22,3326,100,4471,-6129
561,CF,2020-07-28,0 days 15:59:28.719077,189393,30.23,30.22,1255,400,-83,4471
562,CF,2020-07-28,0 days 15:59:44.758679,190076,30.24,30.23,685,1500,1149,-751
563,CF,2020-07-28,0 days 15:59:45.760873,191225,30.24,30.23,662,1300,-3849,1149
564,CF,2020-07-28,0 days 15:59:46.761935,185231,30.23,30.22,1621,2604,29309,-3849
565,CF,2020-07-28,0 days 15:59:48.767517,192250,30.24,30.23,1815,700,-27381,1209
566,CFG,2020-07-28,0 days 15:55:29.140612,110057,24.18,24.17,8214,6078,-1534,1666
567,CFG,2020-07-28,0 days 15:55:30.143005,107791,24.18,24.17,6214,7879,2266,-1534
568,CFG,2020-07-28,0 days 15:55:46.181358,110057,24.19,24.18,3824,7496,-5777,1523
569,CFG,2020-07-28,0 days 15:55:47.183553,108534,24.19,24.18,3924,7369,1725,-5777
570,CFG,2020-07-28,0 days 15:56:54.345237,117608,24.17,24.16,7823,4239,-790,1010
571,CFG,2020-07-28,0 days 15:56:55.347347,115898,24.17,24.16,8049,3439,1710,-790
572,CFG,2020-07-28,0 days 15:57:07.376583,110710,24.17,24.16,5850,6852,-7185,1015
573,CFG,2020-07-28,0 days 15:57:08.379554,109695,24.17,24.16,7682,3744,1015,-7185
574,CFG,2020-07-28,0 days 15:59:02.655547,122406,24.17,24.16,7118,4207,-113,256
575,CFG,2020-07-28,0 days 15:59:19.696638,127048,24.17,24.16,8978,4919,1084,-2026
576,CFG,2020-07-28,0 days 15:59:26.716467,129663,24.17,24.16,4367,5269,-824,2615
577,CFG,2020-07-28,0 days 15:59:27.717205,130774,24.17,24.16,4167,5069,1469,-824
578,CFG,2020-07-28,0 days 15:59:35.737177,130827,24.19,24.18,7292,5785,216,-384
579,CGC,2020-07-28,0 days 15:59:38.959447,91603,19.45,19.44,2005,3203,-3972,828
580,CGC,2020-07-28,0 days 15:59:39.961531,91075,19.45,19.44,5421,2464,528,-3972
581,CIG,2020-07-28,0 days 15:59:26.753677,61532,2.44,2.43,91057,303582,34079,-4988
582,CIM,2020-07-28,0 days 15:55:00.076092,49730,9.08,9.07,21888,12749,-2340,8851
583,CIM,2020-07-28,0 days 15:55:01.079808,42370,9.08,9.07,29463,12249,7360,-2340
584,CIM,2020-07-28,0 days 15:59:35.745127,57960,9.09,9.08,59845,32674,-2916,288
585,CIM,2020-07-28,0 days 15:59:36.746428,54876,9.09,9.08,65711,24901,3084,-2916
586,CL,2020-07-28,0 days 15:55:00.118672,253657,75.58,75.56,1408,1072,19357,-10531
587,CL,2020-07-28,0 days 15:59:09.724582,299854,75.65,75.64,500,2104,-3678,522
588,CL,2020-07-28,0 days 15:59:21.754421,274664,75.67,75.66,1742,1895,25190,-14810
589,CL,2020-07-28,0 days 15:59:25.763923,300054,75.68,75.67,1093,2618,-7259,2864
590,CL,2020-07-28,0 days 15:59:26.767274,281113,75.69,75.68,6300,632,18941,-7259
591,CL,2020-07-28,0 days 15:59:28.772185,315854,75.64,75.63,1233,1700,-31467,3851
592,CL,2020-07-28,0 days 15:59:29.773952,274540,75.59,75.58,2511,500,41314,-31467
593,CL,2020-07-28,0 days 15:59:30.776818,300054,75.66,75.64,900,1884,-15449,41314
594,CL,2020-07-28,0 days 15:59:31.779887,297144,75.68,75.66,800,1910,2910,-15449
595,CL,2020-07-28,0 days 15:59:32.782302,300054,75.7,75.69,1205,720,-2090,2910
596,CL,2020-07-28,0 days 15:59:33.783594,297944,75.7,75.68,1607,1547,2110,-2090
597,CL,2020-07-28,0 days 15:59:36.790436,303492,75.71,75.69,1300,1701,-3167,4833
598,CL,2020-07-28,0 days 15:59:39.799374,302899,75.73,75.71,1900,1489,593,-6707
599,CL,2020-07-28,0 days 15:59:40.801462,312114,75.73,75.72,1799,1000,-408,593
600,CL,2020-07-28,0 days 15:59:41.802770,307650,75.71,75.69,1163,740,4464,-408
601,CLDR,2020-07-28,0 days 15:58:46.667898,128393,11.15,11.14,21429,13733,2586,-7966
602,CLDR,2020-07-28,0 days 15:58:47.670454,124679,11.15,11.14,23016,12225,-3614,2586
603,CLDR,2020-07-28,0 days 15:59:06.719290,143263,11.15,11.14,20852,12272,286,-4484
604,CLDR,2020-07-28,0 days 15:59:09.724638,143549,11.15,11.14,21160,13570,-131,286
605,CLDR,2020-07-28,0 days 15:59:19.749355,143946,11.15,11.14,21192,11815,1361,-397
606,CLDR,2020-07-28,0 days 15:59:24.761539,133807,11.15,11.14,22249,10860,-10039,1361
607,CLDR,2020-07-28,0 days 15:59:25.763980,143946,11.15,11.14,19927,9313,161,-10039
608,CLDR,2020-07-28,0 days 15:59:35.788484,144107,11.15,11.14,24695,10855,-1771,161
609,CLDR,2020-07-28,0 days 15:59:46.814683,144539,11.14,11.13,23439,9786,-1239,342
610,CLF,2020-07-28,0 days 15:59:40.862188,149441,5.66,5.65,70212,94712,1198,-2302
611,CLF,2020-07-28,0 days 15:59:45.872405,148236,5.66,5.65,75703,81434,-1205,5995
612,CLNY,2020-07-28,0 days 15:58:22.686680,124389,1.87,1.86,94671,18941,224,-3776
613,CLNY,2020-07-28,0 days 15:58:23.689488,120713,1.87,1.86,95127,19041,-3476,224
614,CNC,2020-07-28,0 days 15:58:23.563249,204242,64.08,64.07,686,1072,68,-1932
615,CNC,2020-07-28,0 days 15:58:34.587811,201410,64.05,64.03,379,824,-2832,368
616,CNC,2020-07-28,0 days 15:58:46.616742,204055,64.03,64.02,293,3922,-2587,313
617,CNC,2020-07-28,0 days 15:59:04.660418,207083,63.96,63.95,255,3187,4425,-916
618,CNC,2020-07-28,0 days 15:59:05.662763,205808,63.97,63.96,1325,424,-1275,4425
619,CNC,2020-07-28,0 days 15:59:31.727370,221555,64.25,64.22,1000,600,6480,-5282
620,CNC,2020-07-28,0 days 15:59:32.729492,210035,64.25,64.23,284,300,-11520,6480
621,CNC,2020-07-28,0 days 15:59:47.764120,221295,64.25,64.24,200,230,-260,40
622,CNP,2020-07-28,0 days 15:55:00.105952,198042,19.33,19.32,16149,13497,12311,-76075
623,CNP,2020-07-28,0 days 15:55:01.109408,194353,19.33,19.32,17449,13196,-3689,12311
624,CNP,2020-07-28,0 days 15:58:43.646482,210668,19.35,19.34,26472,10611,1017,-6740
625,CNP,2020-07-28,0 days 15:58:44.648315,207185,19.35,19.34,25466,9612,-3483,1017
626,CNP,2020-07-28,0 days 15:58:58.682328,210668,19.35,19.34,25202,8786,4059,-3060
627,CNP,2020-07-28,0 days 15:58:59.684567,207927,19.35,19.34,24102,9086,-2741,4059
628,CNP,2020-07-28,0 days 15:59:10.712320,233358,19.34,19.33,24330,15217,15456,-24244
629,CNP,2020-07-28,0 days 15:59:11.714460,229714,19.34,19.33,10618,27117,-3644,15456
630,CNP,2020-07-28,0 days 15:59:14.722045,233371,19.34,19.33,9532,26217,5962,-3657
631,CNP,2020-07-28,0 days 15:59:15.724767,230333,19.34,19.33,4369,31927,-3038,5962
632,CNP,2020-07-28,0 days 15:59:16.726960,207521,19.35,19.34,15036,23455,22812,-3038
633,CNP,2020-07-28,0 days 15:59:17.729571,203777,19.35,19.34,14136,18656,-4514,22812
634,CNP,2020-07-28,0 days 15:59:25.748747,208291,19.35,19.34,16936,18578,469,-714
635,CNP,2020-07-28,0 days 15:59:26.753244,206660,19.35,19.34,1736,26291,-1631,469
636,CNP,2020-07-28,0 days 15:59:40.786407,235180,19.35,19.34,34694,6328,656,-784
637,CNP,2020-07-28,0 days 15:59:43.793294,234062,19.35,19.34,33618,6450,-1118,7682
638,CNP,2020-07-28,0 days 15:59:45.798283,235180,19.35,19.34,35690,3840,16021,-302
639,CNP,2020-07-28,0 days 15:59:46.800289,235201,19.34,19.33,24099,9900,-6028,16021
640,CNP,2020-07-28,0 days 15:59:47.802411,241229,19.34,19.33,28492,9100,9163,-6028
641,CNQ,2020-07-28,0 days 15:56:21.384907,58594,18.15,18.14,1424,27516,-1538,162
642,CNQ,2020-07-28,0 days 15:56:22.387317,57032,18.16,18.15,20147,8729,1562,-1538
643,CNQ,2020-07-28,0 days 15:56:52.459880,57376,18.17,18.16,12902,15563,1218,-2282
644,CNQ,2020-07-28,0 days 15:58:48.741947,59794,18.16,18.15,12359,17868,-1746,4054
645,CNQ,2020-07-28,0 days 15:58:49.744454,58740,18.16,18.15,15259,16368,1054,-1746
646,CNQ,2020-07-28,0 days 15:59:41.872709,59115,18.18,18.17,24032,187,67,-4333
647,CNQ,2020-07-28,0 days 15:59:45.882486,59382,18.18,18.17,22232,2387,-2768,67
648,CNQ,2020-07-28,0 days 15:59:46.885449,59250,18.16,18.15,16555,17501,682,-2768
649,CNX,2020-07-28,0 days 15:55:36.266973,107735,9.22,9.21,22150,8638,403,-7193
650,CNX,2020-07-28,0 days 15:56:02.329828,100919,9.22,9.21,16373,14693,-6826,770
651,CNX,2020-07-28,0 days 15:56:40.421773,107118,9.22,9.21,20754,15040,5540,-1660
652,CNXM,2020-07-28,0 days 15:59:09.724663,27163,8.5,8.49,10838,5504,-1319,466
653,CNXM,2020-07-28,0 days 15:59:10.726674,26984,8.5,8.49,11238,5204,179,-1319
654,CNXM,2020-07-28,0 days 15:59:19.749386,27163,8.5,8.49,10063,4332,-318,179
655,CNXM,2020-07-28,0 days 15:59:20.752708,26683,8.5,8.49,10063,4232,480,-318
656,CNXM,2020-07-28,0 days 15:59:45.812370,27163,8.5,8.49,8270,2060,-418,180
657,COF,2020-07-28,0 days 15:57:21.519886,186146,64.04,64.03,1654,648,9,-291
658,COF,2020-07-28,0 days 15:57:56.605599,185825,64.03,64.02,4020,395,1030,-1256
659,COF,2020-07-28,0 days 15:57:57.607293,182955,64.03,64.02,880,495,-2870,1030
660,COF,2020-07-28,0 days 15:58:37.706036,184454,64.0,63.99,895,682,282,-1873
661,COF,2020-07-28,0 days 15:58:38.707836,182236,64.0,63.99,773,816,-2218,282
662,COF,2020-07-28,0 days 15:59:00.762701,181793,64.0,63.99,600,650,697,-3753
663,COF,2020-07-28,0 days 15:59:02.766942,182190,64.02,64.01,207,1167,-562,397
664,COF,2020-07-28,0 days 15:59:06.776525,182752,64.01,64.0,412,911,1976,-162
665,COF,2020-07-28,0 days 15:59:07.779249,178128,64.02,64.01,343,349,-4624,1976
666,COF,2020-07-28,0 days 15:59:40.861980,194998,64.14,64.13,677,600,363,-837
667,COF,2020-07-28,0 days 15:59:50.885057,193425,64.1,64.09,330,1363,-1063,737
668,COG,2020-07-28,0 days 15:56:21.392575,227262,18.23,18.22,9476,2323,-1127,573
669,COG,2020-07-28,0 days 15:56:22.394756,225989,18.23,18.22,10111,2281,11166,-1127
670,COG,2020-07-28,0 days 15:57:00.487190,237184,18.23,18.22,6400,4235,-3205,1095
671,COG,2020-07-28,0 days 15:57:02.492275,224989,18.23,18.22,9644,2021,2302,-7798
672,COG,2020-07-28,0 days 15:57:12.516687,231591,18.23,18.22,6543,4241,-2198,1602
673,COG,2020-07-28,0 days 15:57:13.518713,229989,18.23,18.22,8087,3441,1602,-2198
674,COG,2020-07-28,0 days 15:59:46.891493,301665,18.24,18.23,6094,3914,4039,-9466
675,COG,2020-07-28,0 days 15:59:48.896597,305704,18.25,18.24,12300,8555,-4408,4469
676,COP,2020-07-28,0 days 15:59:05.761749,541096,38.83,38.82,1500,4141,-1650,1312
677,COP,2020-07-28,0 days 15:59:15.785702,531697,38.82,38.81,2738,8860,9481,-13919
678,COP,2020-07-28,0 days 15:59:18.792406,541178,38.84,38.83,403,4200,-727,4115
679,COP,2020-07-28,0 days 15:59:32.828208,523264,38.87,38.86,3318,5023,5039,-15359
680,COP,2020-07-28,0 days 15:59:38.842127,526001,38.92,38.91,2000,1942,-32474,2226
681,COP,2020-07-28,0 days 15:59:39.844281,522775,38.92,38.91,2359,2322,3226,-32474
682,COTY,2020-07-28,0 days 15:57:09.388896,200518,4.07,4.06,124546,114306,-2421,779
683,COTY,2020-07-28,0 days 15:57:10.391176,146739,4.07,4.06,126446,114906,53779,-2421
684,COTY,2020-07-28,0 days 15:57:19.412305,200518,4.07,4.06,123779,120906,-43321,53779
685,COTY,2020-07-28,0 days 15:57:20.414876,146739,4.07,4.06,128179,116206,53779,-43321
686,COTY,2020-07-28,0 days 15:59:02.663170,206418,4.07,4.06,178993,78594,-2021,11937
687,COTY,2020-07-28,0 days 15:59:06.674239,202439,4.07,4.06,183186,74355,3979,-7821
688,COTY,2020-07-28,0 days 15:59:44.765565,233670,4.07,4.06,113481,143008,-1721,679
689,COTY,2020-07-28,0 days 15:59:48.775133,230091,4.07,4.06,158926,105461,3279,-1721
690,CPRI,2020-07-28,0 days 15:57:44.575345,132438,14.85,14.84,2197,2613,-2062,678
691,CPRI,2020-07-28,0 days 15:58:43.718745,134587,14.86,14.85,3839,3699,7632,-2355
692,CPRI,2020-07-28,0 days 15:58:44.721046,120559,14.86,14.85,3339,4881,-14028,7632
693,CPRI,2020-07-28,0 days 15:58:46.725666,134587,14.86,14.85,2339,5407,332,-28
694,CPRI,2020-07-28,0 days 15:58:47.728575,129719,14.86,14.85,3239,4796,-4868,332
695,CPRI,2020-07-28,0 days 15:59:47.875536,145058,14.85,14.84,4636,7707,1036,-1383
696,CRM,2020-07-28,0 days 15:55:02.111214,157392,189.66,189.61,300,349,468,-53
697,CRM,2020-07-28,0 days 15:55:17.148070,161939,189.69,189.67,488,430,-453,547
698,CTL,2020-07-28,0 days 15:55:44.176165,410892,9.9,9.89,61178,53675,-7832,2555
699,CTL,2020-07-28,0 days 15:55:45.178670,407024,9.9,9.89,59978,55003,5590,-7832
700,CTL,2020-07-28,0 days 15:55:50.191018,412614,9.9,9.89,60146,57613,-1877,5590
701,CTL,2020-07-28,0 days 15:55:51.194925,409191,9.9,9.89,90719,8377,3423,-1877
702,CTL,2020-07-28,0 days 15:57:14.393822,418809,9.89,9.88,60351,45862,-5441,4459
703,CTL,2020-07-28,0 days 15:57:15.396037,415250,9.89,9.88,67051,41800,2959,-5441
704,CTL,2020-07-28,0 days 15:58:43.609157,444509,9.89,9.88,18129,123469,-273,5201
705,CTVA,2020-07-28,0 days 15:56:20.373212,169304,28.17,28.16,4189,699,21050,-4350
706,CTVA,2020-07-28,0 days 15:56:21.375367,165254,28.17,28.16,1619,2299,-4050,21050
707,CTVA,2020-07-28,0 days 15:56:28.393078,170349,28.17,28.16,1121,2879,2105,-5095
708,CTVA,2020-07-28,0 days 15:56:29.394993,167954,28.17,28.16,1065,2500,-2395,2105
709,CTVA,2020-07-28,0 days 15:56:46.436106,169822,28.16,28.15,1858,1904,23495,-4505
710,CTVA,2020-07-28,0 days 15:56:47.438650,167017,28.16,28.15,1646,2204,-1805,23495
711,CTVA,2020-07-28,0 days 15:57:34.552141,170223,28.17,28.16,4462,3202,4829,-3171
712,CTVA,2020-07-28,0 days 15:57:35.554567,166352,28.17,28.16,3721,4103,-3871,4829
713,CTVA,2020-07-28,0 days 15:59:08.781904,172625,28.17,28.16,1502,3380,15644,-2656
714,CTVA,2020-07-28,0 days 15:59:09.785376,170969,28.17,28.16,2302,705,-1480,15644
715,CTVA,2020-07-28,0 days 15:59:53.892782,175772,28.19,28.18,3438,478,12479,-1196
716,CVE,2020-07-28,0 days 15:55:00.076782,36293,4.77,4.76,214154,84381,11519,-974
717,CVE,2020-07-28,0 days 15:59:36.746605,52498,4.76,4.75,93268,317329,-5964,8036
718,CVS,2020-07-28,0 days 15:58:00.505177,256279,63.22,63.21,576,1815,527,-2764
719,CVS,2020-07-28,0 days 15:58:01.508593,251806,63.22,63.21,1987,300,-4473,527
720,CVS,2020-07-28,0 days 15:58:05.517418,285669,63.23,63.22,1075,100,1704,-4386
721,CVS,2020-07-28,0 days 15:59:10.674978,260518,63.29,63.27,2345,2278,-8048,19753
722,CVS,2020-07-28,0 days 15:59:11.677098,264966,63.27,63.26,1722,400,552,-8048
723,CVS,2020-07-28,0 days 15:59:28.719048,277067,63.29,63.28,2052,1289,965,-10987
724,CVS,2020-07-28,0 days 15:59:29.720945,273732,63.29,63.28,1989,1080,-3035,965
725,CVS,2020-07-28,0 days 15:59:41.750791,280834,63.32,63.31,1175,1539,913,-2748
726,CVS,2020-07-28,0 days 15:59:46.761935,279082,63.3,63.29,2044,500,-7382,12710
727,CVX,2020-07-28,0 days 15:59:31.735371,741666,89.01,89.0,257,892,-4812,20186
728,CVX,2020-07-28,0 days 15:59:36.746647,741666,89.02,89.0,623,1294,-7258,2251
729,CVX,2020-07-28,0 days 15:59:50.782346,705645,89.06,89.05,288,288,38280,-10220
730,D,2020-07-28,0 days 15:55:00.179636,203384,81.96,81.95,1777,700,4040,-47157
731,D,2020-07-28,0 days 15:55:45.288696,188203,82.0,81.98,500,305,93193,-11331
732,D,2020-07-28,0 days 15:55:46.291214,102972,82.03,82.02,1100,200,-102732,93193
733,D,2020-07-28,0 days 15:56:10.349200,105298,82.02,82.01,400,800,-84221,2203
734,D,2020-07-28,0 days 15:57:10.494012,192937,82.01,81.99,1705,500,96185,-8339
735,D,2020-07-28,0 days 15:57:35.554460,197667,81.99,81.98,900,100,15494,-69030
736,D,2020-07-28,0 days 15:57:40.566855,213161,81.96,81.95,4571,1295,-453,747
737,D,2020-07-28,0 days 15:57:41.569256,211914,81.94,81.93,1100,400,1147,-453
738,D,2020-07-28,0 days 15:57:44.576752,213061,81.98,81.96,400,1300,-57,247
739,D,2020-07-28,0 days 15:57:47.583819,211918,81.97,81.96,500,788,1143,-157
740,D,2020-07-28,0 days 15:58:06.630465,213061,82.0,81.99,1300,1001,-1910,1043
741,D,2020-07-28,0 days 15:58:37.706058,189527,82.01,82.0,974,100,4710,-40090
742,D,2020-07-28,0 days 15:58:45.725133,202542,82.02,81.99,1800,210,1123,-10077
743,D,2020-07-28,0 days 15:58:46.727302,194365,82.04,82.02,900,700,-9777,1123
744,D,2020-07-28,0 days 15:58:54.747250,204142,82.04,82.03,600,400,97217,-8872
745,D,2020-07-28,0 days 15:59:03.770293,201445,82.04,82.03,500,100,97780,-6061
746,D,2020-07-28,0 days 15:59:11.788519,128730,82.0,81.99,800,1500,-71654,2117
747,D,2020-07-28,0 days 15:59:17.803023,235540,82.02,82.01,200,686,2188,-709
748,D,2020-07-28,0 days 15:59:22.815958,245007,82.02,82.01,200,200,-3925,1944
749,D,2020-07-28,0 days 15:59:23.818382,243232,82.02,82.01,1200,274,1775,-3925
750,D,2020-07-28,0 days 15:59:27.827879,246253,82.08,82.07,472,1000,-2594,1037
751,D,2020-07-28,0 days 15:59:30.835109,245858,82.1,82.09,5400,100,895,-7684
752,DAL,2020-07-28,0 days 15:55:59.212301,245486,25.99,25.98,11136,17468,-780,1820
753,DAL,2020-07-28,0 days 15:56:00.215357,242966,25.99,25.98,10736,17435,2520,-780
754,DAL,2020-07-28,0 days 15:56:01.217921,245486,25.98,25.97,16400,8518,-2480,2520
755,DAL,2020-07-28,0 days 15:56:02.219485,242966,25.98,25.97,16400,7718,2520,-2480
756,DAL,2020-07-28,0 days 15:56:48.330413,246073,25.96,25.95,6157,19083,2813,-87
757,DAL,2020-07-28,0 days 15:57:19.404863,261248,25.95,25.94,6532,18400,-2217,3883
758,DAL,2020-07-28,0 days 15:57:20.407513,257365,25.95,25.94,6027,17200,3883,-2217
759,DAL,2020-07-28,0 days 15:57:23.414275,257348,25.96,25.95,8991,17175,-17,3883
760,DAL,2020-07-28,0 days 15:59:27.717146,281159,25.97,25.96,8725,18350,-7242,548
761,DAL,2020-07-28,0 days 15:59:36.738976,349613,25.94,25.93,14119,17992,22637,-19663
762,DAL,2020-07-28,0 days 15:59:41.750941,315656,25.95,25.94,9997,13789,-33957,2443
763,DAL,2020-07-28,0 days 15:59:42.753956,349613,25.95,25.94,14528,4588,2643,-33957
764,DD,2020-07-28,0 days 15:59:46.814835,374851,54.04,54.03,1270,7012,-17236,15997
765,DFS,2020-07-28,0 days 15:55:45.185141,140577,50.2,50.19,549,1335,-2915,385
766,DFS,2020-07-28,0 days 15:58:25.573603,148341,50.08,50.06,300,490,162,-295
767,DFS,2020-07-28,0 days 15:58:26.576493,145403,50.08,50.06,343,490,-2938,162
768,DFS,2020-07-28,0 days 15:59:21.709974,153252,50.08,50.06,695,1300,2468,-5332
769,DFS,2020-07-28,0 days 15:59:22.712101,151820,50.08,50.06,644,1200,-1432,2468
770,DFS,2020-07-28,0 days 15:59:28.727443,154242,50.1,50.08,270,1462,10401,-1406
771,DFS,2020-07-28,0 days 15:59:29.729614,142743,50.1,50.09,578,345,-10799,10401
772,DFS,2020-07-28,0 days 15:59:39.756232,157615,50.17,50.16,250,223,786,-2014
773,DFS,2020-07-28,0 days 15:59:50.781870,154201,50.12,50.09,439,2000,-2879,1521
774,DHI,2020-07-28,0 days 15:55:34.278465,317339,64.41,64.37,300,300,4893,-6393
775,DHI,2020-07-28,0 days 15:55:35.281825,310732,64.41,64.37,400,300,-6607,4893
776,DHI,2020-07-28,0 days 15:57:47.601220,323083,64.38,64.36,200,395,4567,-737
777,DHI,2020-07-28,0 days 15:57:48.602316,318740,64.39,64.37,362,304,-4343,4567
778,DHI,2020-07-28,0 days 15:57:52.612142,323083,64.33,64.29,447,698,1367,-3533
779,DHI,2020-07-28,0 days 15:57:53.614943,322160,64.27,64.23,200,2533,-923,1367
780,DHI,2020-07-28,0 days 15:57:54.617721,323083,64.23,64.21,200,1649,1777,-923
781,DHI,2020-07-28,0 days 15:57:55.619025,320060,64.21,64.18,250,3369,-1308,1777
782,DHI,2020-07-28,0 days 15:57:57.625091,319934,64.22,64.2,1600,100,626,-708
783,DHI,2020-07-28,0 days 15:57:58.626868,317260,64.22,64.2,1300,340,-4299,626
784,DHI,2020-07-28,0 days 15:58:47.747452,323113,64.36,64.34,4104,600,157,-2272
785,DHI,2020-07-28,0 days 15:58:48.748931,319770,64.35,64.34,300,100,-3343,157
786,DHI,2020-07-28,0 days 15:58:50.755170,323113,64.34,64.31,1026,3322,1357,-3343
787,DHI,2020-07-28,0 days 15:58:51.757462,320070,64.34,64.31,1226,3303,-3043,1357
788,DHI,2020-07-28,0 days 15:59:10.803214,350464,64.33,64.29,932,970,16514,-21276
789,DHI,2020-07-28,0 days 15:59:11.806259,340083,64.36,64.34,3393,300,-10381,16514
790,DHI,2020-07-28,0 days 15:59:49.898415,332661,64.49,64.47,300,364,163,-2544
791,DHI,2020-07-28,0 days 15:59:50.901781,328880,64.49,64.48,400,414,-3781,163
792,DHR,2020-07-28,0 days 15:55:00.179558,112707,198.8,198.76,1170,200,2101,-18176
793,DHR,2020-07-28,0 days 15:55:46.291202,117209,198.87,198.85,200,202,-610,290
794,DHR,2020-07-28,0 days 15:55:47.293617,115919,198.87,198.85,538,102,1587,-610
795,DHR,2020-07-28,0 days 15:57:35.554133,117732,199.01,199.0,100,410,-504,596
796,DHR,2020-07-28,0 days 15:57:36.557141,117536,199.01,199.0,100,611,196,-504
797,DHR,2020-07-28,0 days 15:57:37.559873,117732,199.01,199.0,100,701,-304,196
798,DHR,2020-07-28,0 days 15:57:40.566808,117436,199.01,199.0,400,200,296,-4
799,DHR,2020-07-28,0 days 15:57:44.576659,117732,199.08,199.04,300,400,-432,1596
800,DHR,2020-07-28,0 days 15:57:45.579110,117164,199.06,199.03,600,100,568,-432
801,DHR,2020-07-28,0 days 15:57:46.581198,117732,199.04,199.01,300,363,-132,568
802,DHR,2020-07-28,0 days 15:57:48.586499,117364,199.07,199.02,523,310,368,-232
803,DHR,2020-07-28,0 days 15:58:09.637658,118588,199.05,199.03,100,433,-476,224
804,DHR,2020-07-28,0 days 15:58:10.639835,118364,199.04,199.01,300,100,224,-476
805,DHR,2020-07-28,0 days 15:58:16.654090,118588,199.01,199.0,700,300,-576,724
806,DHR,2020-07-28,0 days 15:58:38.707815,118294,199.03,199.01,201,218,294,-206
807,DHR,2020-07-28,0 days 15:58:41.715225,118588,199.05,199.02,500,301,-1306,294
808,DHR,2020-07-28,0 days 15:58:42.717552,117294,199.05,199.02,500,301,1294,-1306
809,DHR,2020-07-28,0 days 15:58:43.720136,118588,199.05,199.02,600,601,-559,1294
810,DHR,2020-07-28,0 days 15:58:44.722716,118047,199.05,199.02,400,600,541,-559
811,DHR,2020-07-28,0 days 15:58:50.737552,118588,199.08,199.05,100,300,-959,141
812,DHR,2020-07-28,0 days 15:58:52.741276,118047,199.08,199.03,600,200,541,-559
813,DHR,2020-07-28,0 days 15:59:01.763905,118650,199.09,199.06,857,200,-924,142
814,DHR,2020-07-28,0 days 15:59:03.770224,117674,199.06,199.03,501,241,976,-124
815,DHR,2020-07-28,0 days 15:59:19.808259,122374,199.03,199.02,400,126,-293,152
816,DHR,2020-07-28,0 days 15:59:21.813359,122667,199.04,199.01,200,100,94,-193
817,DHR,2020-07-28,0 days 15:59:29.832798,122667,199.08,199.02,300,300,595,-1005
818,DHR,2020-07-28,0 days 15:59:30.835073,123262,199.13,199.1,500,600,-1405,595
819,DHR,2020-07-28,0 days 15:59:33.843565,127189,199.14,199.08,1358,200,423,-2627
820,DHR,2020-07-28,0 days 15:59:40.861953,125584,199.17,199.09,1400,100,2028,-8840
821,DHT,2020-07-28,0 days 15:56:21.265308,59235,5.6,5.59,33307,560,-659,134
822,DHT,2020-07-28,0 days 15:56:22.267682,58801,5.6,5.59,33407,560,434,-659
823,DHT,2020-07-28,0 days 15:58:47.618739,59235,5.6,5.59,21462,9883,-3954,1302
824,DHT,2020-07-28,0 days 15:59:01.653395,51604,5.6,5.59,15657,18404,-181,7139
825,DHT,2020-07-28,0 days 15:59:20.699761,55089,5.6,5.59,19258,17954,4149,-3087
826,DHT,2020-07-28,0 days 15:59:36.738853,60238,5.6,5.59,21036,20892,-2451,4149
827,DHT,2020-07-28,0 days 15:59:37.743843,59889,5.6,5.59,20563,21165,349,-2451
828,DHT,2020-07-28,0 days 15:59:45.760895,60238,5.61,5.6,10091,24066,-524,349
829,DIS,2020-07-28,0 days 15:59:22.704935,480089,116.04,116.02,400,600,1343,-12744
830,DIS,2020-07-28,0 days 15:59:25.711961,480477,116.09,116.07,1800,4200,-655,341
831,DIS,2020-07-28,0 days 15:59:29.721056,484549,116.09,116.08,700,400,61,-3939
832,DIS,2020-07-28,0 days 15:59:30.725004,482645,116.13,116.12,962,200,-1904,61
833,DIS,2020-07-28,0 days 15:59:31.727495,484582,116.17,116.15,355,500,18236,-1904
834,DIS,2020-07-28,0 days 15:59:32.729602,483018,116.19,116.16,1727,1094,-1564,18236
835,DIS,2020-07-28,0 days 15:59:35.737157,484582,116.17,116.16,327,1203,2130,-1070
836,DIS,2020-07-28,0 days 15:59:41.750941,496982,116.22,116.21,846,4882,1819,-5481
837,DIS,2020-07-28,0 days 15:59:46.762117,484978,116.18,116.16,1000,300,-1764,6720
838,DIS,2020-07-28,0 days 15:59:48.767712,486742,116.15,116.13,1232,500,3746,-1252
839,DIS,2020-07-28,0 days 15:59:50.772521,486088,116.16,116.13,1566,1151,-654,4348
840,DMYT,2020-07-28,0 days 15:57:19.502051,3900,11.73,11.72,217,900,-2172,3128
841,DMYT,2020-07-28,0 days 15:57:20.504542,3572,11.73,11.72,217,700,328,-2172
842,DMYT,2020-07-28,0 days 15:58:44.709596,4200,11.74,11.72,700,100,-2472,3428
843,DMYT,2020-07-28,0 days 15:58:45.712589,3872,11.74,11.72,1480,300,328,-2472
844,DOW,2020-07-28,0 days 15:59:02.766915,266292,42.65,42.63,1000,307,4077,-2823
845,DOW,2020-07-28,0 days 15:59:09.785225,277669,42.64,42.63,261,1473,-19089,2914
846,DOW,2020-07-28,0 days 15:59:46.874614,311160,42.65,42.63,600,1200,-6801,53603
847,DOW,2020-07-28,0 days 15:59:47.876536,317961,42.65,42.63,700,1000,13299,-6801
848,DOW,2020-07-28,0 days 15:59:50.885031,307126,42.65,42.63,1000,769,-10835,12565
849,DRE,2020-07-28,0 days 15:57:10.511597,149708,38.36,38.35,1213,2271,-420,1080
850,DRE,2020-07-28,0 days 15:57:11.514044,147428,38.36,38.35,3025,359,2280,-420
851,DRE,2020-07-28,0 days 15:57:50.608464,150408,38.36,38.35,500,2635,-774,3447
852,DRE,2020-07-28,0 days 15:57:51.612760,148682,38.36,38.35,1129,2015,1026,-774
853,DRE,2020-07-28,0 days 15:58:43.737998,151026,38.38,38.37,1900,3406,1682,-2218
854,DRE,2020-07-28,0 days 15:59:00.780524,151735,38.39,38.38,3271,441,-23,950
855,DRE,2020-07-28,0 days 15:59:09.803154,196360,38.42,38.41,3072,23837,-61,2993
856,DRH,2020-07-28,0 days 15:55:43.223442,160940,4.79,4.78,21511,26589,-18225,5075
857,DRH,2020-07-28,0 days 15:55:44.225995,153465,4.79,4.78,21511,26589,7475,-18225
858,DRH,2020-07-28,0 days 15:59:05.714509,162763,4.8,4.79,23844,15354,-2544,4131
859,DRH,2020-07-28,0 days 15:59:20.752574,153610,4.78,4.77,20478,43705,15453,-8247
860,DRH,2020-07-28,0 days 15:59:31.779918,162763,4.79,4.78,31124,48758,-3615,2685
861,DRH,2020-07-28,0 days 15:59:32.782302,159278,4.79,4.78,30824,51871,3485,-3615
862,DRH,2020-07-28,0 days 15:59:44.809859,165405,4.79,4.78,30931,31037,-2659,1727
863,DRH,2020-07-28,0 days 15:59:45.812271,163164,4.79,4.78,32020,28932,2241,-2659
864,DRI,2020-07-28,0 days 15:55:46.395243,97780,75.95,75.94,576,347,697,-103
865,DRI,2020-07-28,0 days 15:55:47.397737,94180,75.97,75.95,525,400,-3600,697
866,DRI,2020-07-28,0 days 15:59:17.907112,98562,75.87,75.84,200,998,404,-401
867,DRI,2020-07-28,0 days 15:59:20.914547,98966,75.85,75.81,711,1100,-54,218
868,DRI,2020-07-28,0 days 15:59:48.983333,101033,75.86,75.84,404,200,790,-910
869,DRI,2020-07-28,0 days 15:59:50.988988,97223,75.87,75.84,145,728,-3860,740
870,DT,2020-07-28,0 days 15:56:01.320569,190780,40.86,40.83,1314,316,-827,16460
871,DT,2020-07-28,0 days 15:56:02.322657,181771,40.86,40.83,1221,416,9009,-827
872,DT,2020-07-28,0 days 15:59:03.757203,196323,40.68,40.65,503,411,-285,457
873,DT,2020-07-28,0 days 15:59:05.761711,193496,40.67,40.65,600,687,2827,-285
874,DT,2020-07-28,0 days 15:59:06.764633,196323,40.67,40.65,500,687,-540,2827
875,DT,2020-07-28,0 days 15:59:16.787802,191063,40.74,40.69,500,1009,2467,-3333
876,DT,2020-07-28,0 days 15:59:24.807292,200083,40.75,40.73,700,726,-11984,2886
877,DUK,2020-07-28,0 days 15:57:37.547187,246066,84.5,84.49,2841,221,392,-1908
878,DUK,2020-07-28,0 days 15:58:36.690138,237234,84.52,84.5,405,707,6762,-2336
879,DUK,2020-07-28,0 days 15:58:37.692977,233661,84.52,84.51,200,1700,-3401,6762
880,DUK,2020-07-28,0 days 15:59:02.754387,245894,84.56,84.54,428,1243,69,-436
881,DUK,2020-07-28,0 days 15:59:03.757249,243863,84.55,84.53,1300,800,-1835,69
882,DUK,2020-07-28,0 days 15:59:14.783034,246352,84.54,84.53,501,700,3781,-325
883,DUK,2020-07-28,0 days 15:59:15.785713,245033,84.54,84.53,901,203,-1319,3781
884,DUK,2020-07-28,0 days 15:59:31.826858,270440,84.61,84.6,700,442,-628,5227
885,DUK,2020-07-28,0 days 15:59:33.829873,270445,84.58,84.55,657,2647,195,-114
886,DUK,2020-07-28,0 days 15:59:38.842141,271275,84.64,84.62,1958,1760,165,-307
887,DUK,2020-07-28,0 days 15:59:40.848271,271305,84.64,84.62,2344,1960,-142,165
888,DUK,2020-07-28,0 days 15:59:41.848944,271228,84.62,84.6,1242,603,377,-142
889,DUK,2020-07-28,0 days 15:59:46.861249,270782,84.61,84.59,700,1200,-87,728
890,DUK,2020-07-28,0 days 15:59:47.863231,271068,84.6,84.59,710,100,978,-87
891,DUK,2020-07-28,0 days 15:59:53.878446,270869,84.59,84.57,1100,147,137,-62
892,DUK,2020-07-28,0 days 15:59:59.891385,271006,84.62,84.58,16462,400,-62,252
893,DVN,2020-07-28,0 days 15:57:10.494150,228157,10.33,10.32,12457,16773,1419,-527
894,DVN,2020-07-28,0 days 15:57:11.496849,222476,10.33,10.32,8857,19993,-5681,1419
895,DVN,2020-07-28,0 days 15:58:34.698366,231555,10.32,10.31,13677,18747,-4180,220
896,DVN,2020-07-28,0 days 15:58:37.706146,227603,10.32,10.31,14899,19094,3952,-4180
897,DVN,2020-07-28,0 days 15:58:38.707966,222855,10.32,10.31,13099,19994,-4748,3952
898,DXC,2020-07-28,0 days 15:57:42.512117,111246,16.95,16.94,12673,3149,-2659,841
899,DXC,2020-07-28,0 days 15:58:27.621800,117134,16.95,16.94,3400,4200,1012,-3208
900,DXC,2020-07-28,0 days 15:58:28.624972,113146,16.95,16.94,2700,4300,-3988,1012
901,DXC,2020-07-28,0 days 15:59:27.771087,157394,16.96,16.95,1946,6501,1,-296
902,ECOM,2020-07-28,0 days 15:57:43.513877,36885,19.59,19.58,725,572,-17,1040
903,ECOM,2020-07-28,0 days 15:57:44.519466,35902,19.59,19.58,625,912,983,-17
904,ECOM,2020-07-28,0 days 15:58:47.670486,36885,19.58,19.57,1175,1106,-15,874
905,ECOM,2020-07-28,0 days 15:58:48.672529,36191,19.58,19.57,1175,1006,694,-15
906,ECOM,2020-07-28,0 days 15:59:08.722226,36885,19.56,19.52,1201,1579,-2746,385
907,ECOM,2020-07-28,0 days 15:59:09.724694,32422,19.56,19.52,1213,1079,4463,-2746
908,ECOM,2020-07-28,0 days 15:59:10.726712,36885,19.57,19.55,1318,779,-1246,4463
909,ECOM,2020-07-28,0 days 15:59:11.729245,35422,19.57,19.55,1418,519,1463,-1246
910,ECOM,2020-07-28,0 days 15:59:25.764014,38005,19.54,19.52,660,1219,-82,718
911,ECOM,2020-07-28,0 days 15:59:50.825414,38442,19.59,19.57,1208,700,584,-316
912,EE,2020-07-28,0 days 15:55:00.189224,68365,68.41,68.4,13511,9695,-43894,22053
913,EE,2020-07-28,0 days 15:55:01.191747,66759,68.41,68.4,13611,8745,1606,-43894
914,EE,2020-07-28,0 days 15:59:44.880539,77955,68.41,68.4,13049,24554,-214,786
915,EE,2020-07-28,0 days 15:59:48.889079,77269,68.41,68.4,13152,24543,686,-214
916,EGO,2020-07-28,0 days 15:59:35.951337,23032,12.27,12.26,8051,23087,-1804,2296
917,EGO,2020-07-28,0 days 15:59:36.961370,22836,12.27,12.26,7651,25787,196,-1804
918,EIX,2020-07-28,0 days 15:55:49.308294,169459,55.05,55.04,100,810,-11112,2307
919,EIX,2020-07-28,0 days 15:55:50.310723,168671,55.05,55.03,701,678,788,-11112
920,EIX,2020-07-28,0 days 15:56:27.399802,172466,55.12,55.1,1394,466,-305,795
921,EIX,2020-07-28,0 days 15:57:12.508696,173013,55.16,55.13,675,997,-351,3749
922,EIX,2020-07-28,0 days 15:57:35.564615,173454,55.2,55.17,400,715,1841,-725
923,EIX,2020-07-28,0 days 15:58:15.661833,174248,55.2,55.18,553,818,764,-1436
924,EIX,2020-07-28,0 days 15:58:16.664561,173395,55.23,55.2,1005,900,-853,764
925,EIX,2020-07-28,0 days 15:58:37.716138,174248,55.21,55.17,1100,322,4947,-3153
926,EIX,2020-07-28,0 days 15:58:38.717684,170295,55.21,55.17,1200,622,-3953,4947
927,EIX,2020-07-28,0 days 15:58:43.729974,174248,55.21,55.18,859,601,1535,-453
928,EIX,2020-07-28,0 days 15:58:44.732483,172000,55.21,55.18,664,804,-2248,1535
929,EIX,2020-07-28,0 days 15:58:47.740549,174248,55.22,55.19,500,600,2252,-465
930,EIX,2020-07-28,0 days 15:58:48.741834,172717,55.22,55.19,1300,601,-2231,2252
931,EIX,2020-07-28,0 days 15:58:57.764412,179540,55.15,55.12,100,619,-308,592
932,EIX,2020-07-28,0 days 15:59:05.784159,175548,55.17,55.15,725,200,1985,-432
933,EIX,2020-07-28,0 days 15:59:09.794861,207053,55.16,55.11,1226,927,-1104,2196
934,EIX,2020-07-28,0 days 15:59:15.808351,174534,55.14,55.11,629,927,7636,-1104
935,EIX,2020-07-28,0 days 15:59:21.823651,173916,55.18,55.15,400,668,-740,1743
936,EIX,2020-07-28,0 days 15:59:33.854315,208856,55.15,55.13,1100,200,4189,-164
937,EIX,2020-07-28,0 days 15:59:34.855649,207762,55.15,55.1,1400,1205,-5364,4189
938,EIX,2020-07-28,0 days 15:59:57.910730,213126,55.07,54.95,5700,6300,5,-2529
939,EIX,2020-07-28,0 days 15:59:59.917085,207080,55.07,55.04,5100,100,-6046,5
940,ELY,2020-07-28,0 days 15:56:21.302148,69899,18.52,18.51,5071,4530,-423,1277
941,ELY,2020-07-28,0 days 15:56:22.304410,68122,18.52,18.51,5071,4432,1777,-423
942,ELY,2020-07-28,0 days 15:57:12.425346,72307,18.48,18.47,3323,795,-128,2205
943,ELY,2020-07-28,0 days 15:57:13.428368,70235,18.48,18.47,3377,795,2072,-128
944,ELY,2020-07-28,0 days 15:59:00.688129,70617,18.48,18.47,1031,3045,-1273,417
945,ELY,2020-07-28,0 days 15:59:01.689729,69690,18.48,18.47,972,2849,1181,-1273
946,ELY,2020-07-28,0 days 15:59:08.707865,77971,18.49,18.48,2268,2991,-7419,7781
947,ELY,2020-07-28,0 days 15:59:09.709806,76345,18.49,18.48,2768,1691,1626,-7419
948,ELY,2020-07-28,0 days 15:59:27.755063,80971,18.47,18.46,2236,4281,-3626,1333
949,ELY,2020-07-28,0 days 15:59:28.756748,74397,18.47,18.46,2236,2881,6574,-3626
950,ELY,2020-07-28,0 days 15:59:29.758963,80471,18.48,18.47,1506,2056,-64,6574
951,ELY,2020-07-28,0 days 15:59:34.771275,77268,18.5,18.49,2092,2775,-167,1036
952,ELY,2020-07-28,0 days 15:59:35.774086,77535,18.5,18.49,3653,1661,1466,-167
953,ELY,2020-07-28,0 days 15:59:41.787743,79001,18.5,18.49,2421,2500,-4634,1266
954,ELY,2020-07-28,0 days 15:59:42.792063,78035,18.5,18.49,4658,1795,966,-4634
955,ELY,2020-07-28,0 days 15:59:48.804848,85335,18.49,18.48,2487,697,807,-693
956,EMR,2020-07-28,0 days 15:56:42.365532,119151,62.31,62.3,1100,644,-11,252
957,EMR,2020-07-28,0 days 15:56:44.371424,119162,62.31,62.3,1702,1048,1189,-11
958,EMR,2020-07-28,0 days 15:58:42.657784,123818,62.26,62.25,646,600,-1563,845
959,EMR,2020-07-28,0 days 15:58:43.659870,122781,62.27,62.25,1176,1000,1037,-1563
960,EMR,2020-07-28,0 days 15:59:01.704273,124910,62.29,62.28,500,1238,-492,1278
961,EMR,2020-07-28,0 days 15:59:02.708266,121402,62.29,62.28,830,1405,3508,-492
962,EMR,2020-07-28,0 days 15:59:06.719193,124910,62.29,62.28,1174,600,-3300,512
963,EMR,2020-07-28,0 days 15:59:07.719413,119208,62.28,62.27,550,1015,6302,-3300
964,EMR,2020-07-28,0 days 15:59:16.741411,125510,62.29,62.28,1015,1619,-218,900
965,EMR,2020-07-28,0 days 15:59:17.744369,124413,62.29,62.28,1115,1619,1097,-218
966,EMR,2020-07-28,0 days 15:59:19.749250,125510,62.26,62.24,806,500,-30329,1097
967,EMR,2020-07-28,0 days 15:59:20.752498,150804,62.21,62.19,2031,200,6527,-30329
968,EMR,2020-07-28,0 days 15:59:21.754363,148429,62.25,62.23,1002,849,-4875,6527
969,EMR,2020-07-28,0 days 15:59:27.770799,154076,62.26,62.25,500,1350,1996,-412
970,EMR,2020-07-28,0 days 15:59:28.772118,153372,62.26,62.25,489,1439,-704,1996
971,EMR,2020-07-28,0 days 15:59:33.783566,154076,62.29,62.28,1676,1074,366,-525
972,EMR,2020-07-28,0 days 15:59:34.786565,153690,62.29,62.28,1176,1556,-386,366
973,EMR,2020-07-28,0 days 15:59:41.802680,151892,62.3,62.29,905,800,-2288,2423
974,EMR,2020-07-28,0 days 15:59:42.806525,154380,62.3,62.29,1458,352,123,-2288
975,EMR,2020-07-28,0 days 15:59:50.825209,155178,62.29,62.28,247,100,-302,2098
976,ENLC,2020-07-28,0 days 15:56:37.303508,152344,2.49,2.48,24302,19641,-9378,13422
977,ENLC,2020-07-28,0 days 15:56:38.306372,150922,2.49,2.48,24802,20041,1422,-9378
978,ENLC,2020-07-28,0 days 15:59:01.653331,152344,2.5,2.49,59715,12900,-10278,13422
979,ENLC,2020-07-28,0 days 15:59:02.655358,151222,2.5,2.49,59715,12900,1122,-10278
980,ENLC,2020-07-28,0 days 15:59:34.733994,145822,2.5,2.49,68485,7841,6522,-4278
981,ENLC,2020-07-28,0 days 15:59:36.738795,152344,2.5,2.49,67637,18801,-5178,6522
982,ENLC,2020-07-28,0 days 15:59:37.743790,151822,2.5,2.49,68337,13541,522,-5178
983,EOG,2020-07-28,0 days 15:58:27.669746,216543,47.28,47.27,1800,1533,-16327,3673
984,EOG,2020-07-28,0 days 15:58:28.670899,214370,47.27,47.26,600,3857,2173,-16327
985,EOG,2020-07-28,0 days 15:58:41.701937,216743,47.25,47.24,1907,1605,-2627,1573
986,EOG,2020-07-28,0 days 15:58:42.704848,211226,47.25,47.24,2132,1205,5317,-2627
987,EOG,2020-07-28,0 days 15:59:05.761680,215868,47.25,47.24,641,1207,489,-457
988,EOG,2020-07-28,0 days 15:59:08.768379,216357,47.25,47.24,700,2107,-5465,489
989,EPD,2020-07-28,0 days 15:59:14.899738,162476,18.24,18.23,9125,2813,-4163,5310
990,EPD,2020-07-28,0 days 15:59:15.902166,157239,18.24,18.23,10770,1813,5237,-4163
991,EPD,2020-07-28,0 days 15:59:44.973448,162476,18.26,18.25,7512,3455,-1859,144
992,EPD,2020-07-28,0 days 15:59:48.983400,159342,18.25,18.24,2300,8949,3134,-5566
993,EQR,2020-07-28,0 days 15:59:08.722226,223048,54.48,54.45,771,900,-15031,10263
994,EQR,2020-07-28,0 days 15:59:09.724694,194964,54.42,54.4,860,100,32084,-15031
995,EQR,2020-07-28,0 days 15:59:10.726712,223048,54.47,54.44,313,1291,-2216,32084
996,EQR,2020-07-28,0 days 15:59:11.729219,222264,54.46,54.45,500,1291,784,-2216
997,EQR,2020-07-28,0 days 15:59:32.782438,217141,54.57,54.54,1380,1102,-1993,1107
998,EQR,2020-07-28,0 days 15:59:33.783706,213120,54.55,54.53,796,702,6721,-1993
999,EQT,2020-07-28,0 days 15:55:00.069736,101038,13.86,13.85,4508,1618,-343,22039
1000,EQT,2020-07-28,0 days 15:55:30.142992,101504,13.85,13.84,4007,2301,834,-466
1001,EQT,2020-07-28,0 days 15:56:29.284469,103940,13.86,13.85,5444,3850,-673,127
1002,EQT,2020-07-28,0 days 15:56:40.311200,107213,13.86,13.85,7007,5437,245,-773
1003,EQT,2020-07-28,0 days 15:57:13.391255,107458,13.84,13.83,4025,2727,-755,245
1004,EQT,2020-07-28,0 days 15:57:14.393807,105713,13.84,13.83,5235,2297,1745,-755
1005,EQT,2020-07-28,0 days 15:57:59.502151,108958,13.84,13.83,3519,18544,-1670,430
1006,EQT,2020-07-28,0 days 15:58:00.505275,107928,13.84,13.83,4219,16470,531,-1670
1007,EQT,2020-07-28,0 days 15:58:07.522136,108459,13.84,13.83,4692,19264,-169,1031
1008,EQT,2020-07-28,0 days 15:58:08.526349,107428,13.84,13.83,5592,17164,1031,-169
1009,EQT,2020-07-28,0 days 15:58:11.532446,108459,13.84,13.83,4892,19491,-869,2231
1010,EQT,2020-07-28,0 days 15:58:28.573810,108459,13.84,13.83,7577,10380,-261,751
1011,EQT,2020-07-28,0 days 15:58:29.575506,107820,13.84,13.83,7477,10880,639,-261
1012,EQT,2020-07-28,0 days 15:58:42.607213,108459,13.84,13.83,8522,10277,-1711,639
1013,EQT,2020-07-28,0 days 15:59:38.744067,146310,13.82,13.81,10908,16054,23941,-2859
1014,EQT,2020-07-28,0 days 15:59:39.747167,144851,13.82,13.81,9037,16654,-1459,23941
1015,ESRT,2020-07-28,0 days 15:56:30.390409,190525,6.72,6.71,12084,21806,-6861,11939
1016,ESRT,2020-07-28,0 days 15:56:31.392310,181686,6.72,6.71,12684,20131,8839,-6861
1017,ESRT,2020-07-28,0 days 15:58:44.709495,216368,6.72,6.71,10052,14103,-8918,13138
1018,ESRT,2020-07-28,0 days 15:58:45.712483,204386,6.72,6.71,10152,12676,11982,-8918
1019,ESRT,2020-07-28,0 days 15:59:03.757002,211823,6.73,6.72,22857,13648,-4550,5750
1020,ESRT,2020-07-28,0 days 15:59:04.759009,204673,6.73,6.72,22757,13148,7150,-4550
1021,ESRT,2020-07-28,0 days 15:59:06.764475,211823,6.73,6.72,22957,14025,-2259,3741
1022,ESRT,2020-07-28,0 days 15:59:08.768243,214082,6.73,6.72,22557,13656,5741,-2259
1023,ET,2020-07-28,0 days 15:55:00.282880,330042,6.27,6.26,69115,29008,33686,-8985
1024,ET,2020-07-28,0 days 15:59:00.866628,376128,6.25,6.24,129275,135627,-8411,720
1025,ETRN,2020-07-28,0 days 15:56:08.359765,59863,9.26,9.25,8202,15356,-287,21
1026,ETRN,2020-07-28,0 days 15:56:34.423508,60150,9.26,9.25,11288,14888,28,-287
1027,ETRN,2020-07-28,0 days 15:56:46.451532,60178,9.26,9.25,10044,15089,-172,28
1028,ETRN,2020-07-28,0 days 15:56:50.461084,60150,9.27,9.26,4330,8583,28,-172
1029,ETRN,2020-07-28,0 days 15:57:16.525773,60178,9.27,9.26,8467,12374,-252,28
1030,ETRN,2020-07-28,0 days 15:57:33.566870,60430,9.27,9.26,11170,14661,3503,-252
1031,ETRN,2020-07-28,0 days 15:58:58.773335,68513,9.27,9.26,12612,1207,-4922,121
1032,ETRN,2020-07-28,0 days 15:59:38.872225,84694,9.28,9.27,10042,4431,71,-1829
1033,EVRI,2020-07-28,0 days 15:56:21.265407,38547,5.64,5.63,8868,2125,-1211,489
1034,EVRI,2020-07-28,0 days 15:56:22.267733,36358,5.64,5.63,8868,2125,2189,-1211
1035,EVRI,2020-07-28,0 days 15:57:11.386271,41922,5.63,5.62,7112,4086,-536,2564
1036,EVRI,2020-07-28,0 days 15:57:12.389072,39358,5.62,5.61,6980,8240,2564,-536
1037,EVRI,2020-07-28,0 days 15:59:05.662953,41922,5.63,5.62,9338,4094,-109,1891
1038,EVRI,2020-07-28,0 days 15:59:27.717231,44664,5.63,5.62,4302,11288,-837,2409
1039,EVRI,2020-07-28,0 days 15:59:28.719270,43001,5.63,5.62,6502,7261,1663,-837
1040,EVRI,2020-07-28,0 days 15:59:37.744051,44964,5.64,5.63,7622,8162,-435,1963
1041,EVRI,2020-07-28,0 days 15:59:39.747186,43699,5.64,5.63,5922,6932,965,-2235
1042,EVRI,2020-07-28,0 days 15:59:48.767846,43799,5.64,5.63,5727,7268,865,-835
1043,EW,2020-07-28,0 days 15:59:36.860806,238151,77.51,77.47,564,403,1937,-1263
1044,EW,2020-07-28,0 days 15:59:37.864987,236588,77.58,77.54,100,200,-28462,1937
1045,EW,2020-07-28,0 days 15:59:45.882466,240151,77.49,77.46,400,100,8911,-16206
1046,EW,2020-07-28,0 days 15:59:46.885421,238962,77.49,77.45,502,100,-1830,8911
1047,F,2020-07-28,0 days 15:55:00.197773,547002,7.02,7.01,608212,105631,7457,-66232
1048,F,2020-07-28,0 days 15:55:29.267677,554459,7.01,7.0,257941,540983,-343,6857
1049,F,2020-07-28,0 days 15:56:02.346772,559430,7.01,7.0,244849,582911,1887,-4275
1050,F,2020-07-28,0 days 15:56:42.443059,561488,7.0,6.99,476453,530127,-133,1577
1051,FCAU,2020-07-28,0 days 15:55:35.257424,45981,10.86,10.85,32852,27797,-743,97
1052,FCAU,2020-07-28,0 days 15:55:36.259973,44624,10.86,10.85,32352,27797,1357,-743
1053,FCAU,2020-07-28,0 days 15:55:56.307945,45981,10.86,10.85,31040,27397,-7918,11582
1054,FCAU,2020-07-28,0 days 15:55:57.310641,44599,10.86,10.85,31040,27397,1382,-7918
1055,FCAU,2020-07-28,0 days 15:58:49.721564,46052,10.86,10.85,45209,10359,-1437,1601
1056,FCAU,2020-07-28,0 days 15:58:50.724515,34589,10.86,10.85,46709,12959,11463,-1437
1057,FCX,2020-07-28,0 days 15:59:04.712852,443464,13.24,13.23,86596,5818,2741,-22059
1058,FCX,2020-07-28,0 days 15:59:06.719261,412913,13.24,13.23,73421,16569,-30551,16449
1059,FCX,2020-07-28,0 days 15:59:19.749329,443915,13.24,13.23,67207,15423,5483,-2610
1060,FCX,2020-07-28,0 days 15:59:20.752631,425498,13.24,13.23,71807,13432,-18417,5483
1061,FCX,2020-07-28,0 days 15:59:44.809881,460661,13.25,13.24,29039,64796,4029,-497
1062,FCX,2020-07-28,0 days 15:59:48.819407,455690,13.25,13.24,54679,21579,-4971,4029
1063,FDX,2020-07-28,0 days 15:55:28.257051,103684,167.06,167.04,800,1197,2665,-7535
1064,FDX,2020-07-28,0 days 15:56:26.397580,109593,167.04,167.01,660,1000,-8790,3210
1065,FDX,2020-07-28,0 days 15:56:27.399802,106883,167.04,167.01,1060,700,2710,-8790
1066,FDX,2020-07-28,0 days 15:57:19.525388,109593,167.02,167.0,800,400,-8660,3340
1067,FDX,2020-07-28,0 days 15:57:20.527482,107053,167.02,167.0,1000,400,2540,-8660
1068,FDX,2020-07-28,0 days 15:57:32.557092,109593,167.02,166.99,1181,499,-8460,3540
1069,FDX,2020-07-28,0 days 15:57:33.559254,96153,167.01,166.99,440,100,13440,-8460
1070,FDX,2020-07-28,0 days 15:57:34.561846,109593,167.02,166.99,1383,600,-9560,13440
1071,FDX,2020-07-28,0 days 15:57:35.564615,108353,167.01,166.99,800,600,1240,-9560
1072,FDX,2020-07-28,0 days 15:59:25.833490,109027,166.94,166.82,200,908,-1426,908
1073,FDX,2020-07-28,0 days 15:59:26.835820,108985,166.94,166.83,100,852,168,-1426
1074,FDX,2020-07-28,0 days 15:59:31.851835,109569,167.0,166.96,606,498,-38,184
1075,FDX,2020-07-28,0 days 15:59:40.873332,100281,166.97,166.96,1400,213,9288,-5312
1076,FDX,2020-07-28,0 days 15:59:41.872532,109669,166.85,166.8,200,1806,-396,9288
1077,FDX,2020-07-28,0 days 15:59:50.894334,107965,166.89,166.82,800,217,1704,-1296
1078,FE,2020-07-28,0 days 15:57:12.499242,1583092,29.17,29.16,5162,3434,381,-519
1079,FE,2020-07-28,0 days 15:57:13.502440,1582673,29.17,29.16,3626,4976,-419,381
1080,FE,2020-07-28,0 days 15:57:51.594359,1647786,29.14,29.13,1916,4221,-6872,828
1081,FE,2020-07-28,0 days 15:59:29.832902,1669679,29.13,29.12,2202,2368,-1854,6246
1082,FE,2020-07-28,0 days 15:59:31.840338,1695233,29.15,29.14,172500,1600,521,-28154
1083,FE,2020-07-28,0 days 15:59:32.840508,1693454,29.15,29.14,170302,6492,-1779,521
1084,FE,2020-07-28,0 days 15:59:42.865436,1695233,29.15,29.14,142573,6010,116,-979
1085,FE,2020-07-28,0 days 15:59:46.874676,1693950,29.15,29.14,142180,6909,-1283,1587
1086,FE,2020-07-28,0 days 15:59:47.876589,1695233,29.15,29.14,142272,4817,4157,-1283
1087,FHN,2020-07-28,0 days 15:57:13.441201,196527,9.3,9.29,41860,33456,-3699,3301
1088,FHN,2020-07-28,0 days 15:57:14.443723,193926,9.3,9.29,43123,31866,2601,-3699
1089,FHN,2020-07-28,0 days 15:58:37.645937,193401,9.3,9.29,58490,28518,-651,2475
1090,FHN,2020-07-28,0 days 15:58:38.648097,174552,9.3,9.29,63794,28202,18849,-651
1091,FHN,2020-07-28,0 days 15:59:03.710828,194911,9.31,9.3,59437,10515,-11417,1898
1092,FIS,2020-07-28,0 days 15:55:01.174483,107046,142.56,142.52,500,100,-500,27700
1093,FIS,2020-07-28,0 days 15:56:27.383591,109770,142.51,142.48,400,100,5566,-234
1094,FIS,2020-07-28,0 days 15:56:28.385412,108709,142.54,142.52,210,300,-1061,5566
1095,FIS,2020-07-28,0 days 15:57:47.570744,112566,142.57,142.54,200,400,518,-862
1096,FIS,2020-07-28,0 days 15:57:48.573241,112084,142.57,142.54,100,504,-482,518
1097,FIS,2020-07-28,0 days 15:57:58.597259,112607,142.58,142.54,564,600,377,-523
1098,FIS,2020-07-28,0 days 15:57:59.599880,111884,142.58,142.54,464,504,-723,377
1099,FIS,2020-07-28,0 days 15:58:10.627266,112599,142.53,142.5,300,200,285,-1415
1100,FIS,2020-07-28,0 days 15:58:11.629577,111984,142.53,142.5,200,300,-615,285
1101,FIS,2020-07-28,0 days 15:58:42.704760,112619,142.49,142.43,1000,300,517,-535
1102,FIS,2020-07-28,0 days 15:58:43.707184,111236,142.49,142.43,1100,300,-1383,517
1103,FIS,2020-07-28,0 days 15:59:03.757077,112600,142.53,142.49,600,588,729,-246
1104,FIS,2020-07-28,0 days 15:59:04.759046,112229,142.52,142.49,400,488,-371,729
1105,FIS,2020-07-28,0 days 15:59:05.761599,112600,142.51,142.48,400,600,13033,-371
1106,FIS,2020-07-28,0 days 15:59:31.826695,129953,142.71,142.68,200,400,-410,1351
1107,FIS,2020-07-28,0 days 15:59:37.840313,129653,142.73,142.68,1600,300,-710,117
1108,FIS,2020-07-28,0 days 15:59:54.880970,130036,142.66,142.57,725,100,17,-283
1109,FIS,2020-07-28,0 days 15:59:56.883495,129753,142.65,142.57,200,674,-610,17
1110,FIT,2020-07-28,0 days 15:55:35.282175,167802,6.79,6.78,68207,39268,1931,-7537
1111,FIT,2020-07-28,0 days 15:55:36.283962,161033,6.79,6.78,68207,39268,-6769,1931
1112,FIT,2020-07-28,0 days 15:59:47.893618,162227,6.78,6.77,46451,52525,-2182,14118
1113,FL,2020-07-28,0 days 15:56:04.327789,76637,30.16,30.15,2712,1511,-675,331
1114,FL,2020-07-28,0 days 15:56:05.330003,75612,30.16,30.15,2812,1611,1025,-675
1115,FL,2020-07-28,0 days 15:56:25.378131,76637,30.16,30.15,1512,2639,-441,959
1116,FL,2020-07-28,0 days 15:56:26.380767,75678,30.17,30.16,1698,1603,959,-441
1117,FL,2020-07-28,0 days 15:56:28.385507,76637,30.17,30.16,2459,911,-6241,959
1118,FL,2020-07-28,0 days 15:56:55.450581,79778,30.11,30.1,2621,1269,266,-1234
1119,FL,2020-07-28,0 days 15:57:36.544058,79844,30.11,30.1,1407,1167,-142,3858
1120,FL,2020-07-28,0 days 15:57:37.547179,79286,30.11,30.1,1407,1130,558,-142
1121,FL,2020-07-28,0 days 15:57:39.551497,79844,30.11,30.1,1903,767,-442,558
1122,FL,2020-07-28,0 days 15:57:40.553838,79386,30.11,30.1,2403,100,458,-442
1123,FL,2020-07-28,0 days 15:57:43.560903,79844,30.11,30.1,1803,226,-42,58
1124,FL,2020-07-28,0 days 15:57:44.564111,79686,30.11,30.1,2503,226,158,-42
1125,FL,2020-07-28,0 days 15:57:45.566832,79844,30.11,30.1,2003,663,-542,158
1126,FL,2020-07-28,0 days 15:58:41.701953,80144,30.11,30.1,1240,2215,-1891,9
1127,FL,2020-07-28,0 days 15:59:33.829855,88243,30.11,30.1,1733,1344,1515,-2081
1128,FSLY,2020-07-28,0 days 15:55:00.188707,36670,80.54,80.47,175,200,-1456,4212
1129,FSLY,2020-07-28,0 days 15:59:09.794861,53113,80.59,80.55,125,450,581,-6708
1130,FSLY,2020-07-28,0 days 15:59:37.864837,58291,80.69,80.68,3290,939,-167,333
1131,FSLY,2020-07-28,0 days 15:59:39.867636,57958,80.65,80.64,3109,607,333,-167
1132,FSM,2020-07-28,0 days 15:59:27.771087,24799,7.01,7.0,42455,89759,-1662,531
1133,FTCH,2020-07-28,0 days 15:55:00.283252,85901,23.44,23.43,2469,1313,2442,-7634
1134,FTCH,2020-07-28,0 days 15:57:44.680259,90768,23.49,23.47,1562,2437,-6,394
1135,FTCH,2020-07-28,0 days 15:57:47.687650,87874,23.49,23.47,7737,5557,2894,-106
1136,FTCH,2020-07-28,0 days 15:59:19.912173,89931,23.47,23.46,3311,2800,-655,1570
1137,FTCH,2020-07-28,0 days 15:59:20.914682,88486,23.47,23.46,1272,4400,1445,-655
1138,FTI,2020-07-28,0 days 15:59:27.716983,302845,7.52,7.51,19013,50071,-444,13775
1139,FTI,2020-07-28,0 days 15:59:33.731652,296067,7.53,7.52,30419,33177,5878,-12322
1140,FTI,2020-07-28,0 days 15:59:40.748671,301945,7.53,7.52,29832,30275,-1122,682
1141,FTI,2020-07-28,0 days 15:59:43.755618,303067,7.53,7.52,28314,33904,4178,-1122
1142,FTI,2020-07-28,0 days 15:59:46.761909,307245,7.53,7.52,42385,15189,-7448,1874
1143,FTI,2020-07-28,0 days 15:59:47.764063,303793,7.53,7.52,40685,14689,3452,-7448
1144,FTV,2020-07-28,0 days 15:57:45.468624,84904,71.04,71.03,702,300,-129,571
1145,FTV,2020-07-28,0 days 15:57:46.471110,82933,71.03,71.02,500,100,1971,-129
1146,FTV,2020-07-28,0 days 15:58:35.590047,84904,71.0,70.97,676,100,-186,1414
1147,FTV,2020-07-28,0 days 15:58:36.592539,83360,71.0,70.97,961,301,1544,-186
1148,FTV,2020-07-28,0 days 15:58:45.614187,83415,71.03,71.02,100,1322,-645,55
1149,FTV,2020-07-28,0 days 15:59:06.666481,87574,71.01,70.99,234,701,-767,4675
1150,FTV,2020-07-28,0 days 15:59:07.667368,86341,71.01,70.99,536,601,1233,-767
1151,GCI,2020-07-28,0 days 15:55:00.119336,15178,1.5,1.49,19263,11605,-4185,2246
1152,GFI,2020-07-28,0 days 15:57:13.441260,89710,13.48,13.47,35418,48188,594,-6
1153,GFI,2020-07-28,0 days 15:57:14.443832,87704,13.48,13.47,35218,49288,-2006,594
1154,GFI,2020-07-28,0 days 15:58:49.675131,97833,13.49,13.48,51049,33308,9371,-2829
1155,GFI,2020-07-28,0 days 15:58:50.677781,95004,13.49,13.48,45550,34044,-2829,9371
1156,GFI,2020-07-28,0 days 15:58:54.687128,97833,13.49,13.48,42266,33218,7764,-830
1157,GFI,2020-07-28,0 days 15:58:55.689674,79297,13.49,13.48,41266,34436,-18536,7764
1158,GFI,2020-07-28,0 days 15:59:07.719621,94728,13.49,13.48,45232,33235,841,-1159
1159,GFI,2020-07-28,0 days 15:59:08.722283,93569,13.49,13.48,43732,33235,-1159,841
1160,GFI,2020-07-28,0 days 15:59:12.731931,96960,13.49,13.48,46232,32948,509,-3391
1161,GFI,2020-07-28,0 days 15:59:13.734073,95569,13.49,13.48,44632,34848,-1391,509
1162,GFI,2020-07-28,0 days 15:59:34.786767,97017,13.49,13.48,47328,38498,466,-2234
1163,GFI,2020-07-28,0 days 15:59:35.788670,96183,13.49,13.48,42428,41498,-834,466
1164,GFI,2020-07-28,0 days 15:59:45.812472,97017,13.49,13.48,40015,38895,266,-834
1165,GGB,2020-07-28,0 days 15:59:45.882513,130075,3.44,3.43,310820,322631,-5606,694
1166,GGB,2020-07-28,0 days 15:59:46.885471,128557,3.44,3.43,336820,314131,3264,-5606
1167,GIS,2020-07-28,0 days 15:56:20.300082,180532,64.53,64.52,1458,2868,-777,223
1168,GIS,2020-07-28,0 days 15:56:21.302392,176509,64.53,64.52,1758,2718,4023,-777
1169,GIS,2020-07-28,0 days 15:57:47.510037,180978,64.54,64.53,200,2531,-4949,2539
1170,GIS,2020-07-28,0 days 15:57:48.513695,177227,64.54,64.53,1050,1121,3751,-4949
1171,GIS,2020-07-28,0 days 15:59:44.796045,202448,64.55,64.54,3079,300,1110,-316
1172,GLW,2020-07-28,0 days 15:55:38.271893,283129,30.21,30.2,3529,5954,17574,-46545
1173,GLW,2020-07-28,0 days 15:55:39.274313,278603,30.21,30.2,2879,5654,-4526,17574
1174,GLW,2020-07-28,0 days 15:59:00.762776,309996,30.15,30.14,1895,9858,224,-4276
1175,GLW,2020-07-28,0 days 15:59:01.764012,308747,30.16,30.15,5095,1103,-1249,224
1176,GLW,2020-07-28,0 days 15:59:04.772477,303981,30.13,30.12,6556,815,15991,-37634
1177,GLW,2020-07-28,0 days 15:59:41.862609,359175,30.26,30.25,2200,1000,-44452,4895
1178,GLW,2020-07-28,0 days 15:59:42.865465,351730,30.24,30.23,1272,1614,56073,-44452
1179,GM,2020-07-28,0 days 15:59:45.812251,554035,26.4,26.39,20141,1980,4431,-8027
1180,GM,2020-07-28,0 days 15:59:50.825236,411234,26.41,26.4,14495,12602,-143104,9696
1181,GNW,2020-07-28,0 days 15:55:13.101419,104084,2.34,2.33,30621,19664,1272,-1346
1182,GNW,2020-07-28,0 days 15:59:37.743969,139522,2.34,2.33,16010,72474,-5405,32325
1183,GNW,2020-07-28,0 days 15:59:38.744047,134027,2.34,2.33,32853,61974,3893,-5405
1184,GOLD,2020-07-28,0 days 15:58:37.595173,155329,29.58,29.57,2610,35415,-1155,445
1185,GOLD,2020-07-28,0 days 15:58:38.597448,153084,29.58,29.57,6910,30415,2245,-1155
1186,GOLD,2020-07-28,0 days 15:59:06.666554,155329,29.58,29.57,13397,31339,-4362,1045
1187,GOLD,2020-07-28,0 days 15:59:07.667421,154491,29.58,29.57,6797,35538,838,-4362
1188,GOLD,2020-07-28,0 days 15:59:11.677218,155329,29.58,29.57,8497,30770,-3565,533
1189,GOLD,2020-07-28,0 days 15:59:12.679598,154794,29.58,29.57,12428,30635,535,-3565
1190,GOLD,2020-07-28,0 days 15:59:24.709482,155329,29.59,29.58,9324,28261,-5,242
1191,GOLD,2020-07-28,0 days 15:59:52.776070,158370,29.57,29.56,53234,6585,8252,-5741
1192,GPK,2020-07-28,0 days 15:57:38.487843,105322,14.32,14.31,15909,8900,201,-3799
1193,GPK,2020-07-28,0 days 15:57:39.490510,103023,14.32,14.31,12859,9400,-2299,201
1194,GPK,2020-07-28,0 days 15:57:47.510079,106322,14.32,14.31,14366,9006,6190,-1799
1195,GPK,2020-07-28,0 days 15:57:48.513717,104812,14.32,14.31,13271,9006,-1510,6190
1196,GPK,2020-07-28,0 days 15:58:02.546704,106622,14.32,14.31,15548,8735,990,-1810
1197,GPK,2020-07-28,0 days 15:58:03.548983,105112,14.32,14.31,14148,8835,-1510,990
1198,GPK,2020-07-28,0 days 15:58:05.553979,106622,14.32,14.31,15648,7535,3855,-1510
1199,GPK,2020-07-28,0 days 15:58:06.556462,105577,14.32,14.31,14248,8635,-1045,3855
1200,GPK,2020-07-28,0 days 15:58:08.562545,106622,14.32,14.31,15939,8515,855,-1045
1201,GPK,2020-07-28,0 days 15:58:09.563910,105577,14.32,14.31,14555,8615,-1045,855
1202,GPK,2020-07-28,0 days 15:58:19.588718,106622,14.32,14.31,22743,5003,855,-1045
1203,GPK,2020-07-28,0 days 15:58:20.590970,105577,14.32,14.31,20533,5717,-1045,855
1204,GPK,2020-07-28,0 days 15:58:44.648760,109822,14.31,14.3,6636,30508,6113,-1345
1205,GPK,2020-07-28,0 days 15:58:45.650991,102535,14.31,14.3,6498,31408,-7287,6113
1206,GPK,2020-07-28,0 days 15:59:01.690188,109822,14.32,14.31,1200,25910,5213,-6887
1207,GPK,2020-07-28,0 days 15:59:02.693171,109235,14.32,14.31,400,30110,-381,5213
1208,GPK,2020-07-28,0 days 15:59:06.705138,114416,14.33,14.32,24742,869,3735,-670
1209,GPS,2020-07-28,0 days 15:55:47.310725,549739,13.13,13.12,5697,34557,2149,-351
1210,GPS,2020-07-28,0 days 15:55:48.313100,536313,13.13,13.12,3697,35267,-13426,2149
1211,GS,2020-07-28,0 days 15:55:14.152478,146324,201.78,201.75,500,199,-12575,34676
1212,GS,2020-07-28,0 days 15:55:15.155105,143199,201.75,201.71,500,200,3125,-12575
1213,GS,2020-07-28,0 days 15:57:08.428895,146627,201.69,201.65,706,100,-177,523
1214,GS,2020-07-28,0 days 15:57:13.441097,146804,201.65,201.6,200,200,657,-43
1215,GS,2020-07-28,0 days 15:57:33.488990,147442,201.7,201.67,300,285,-211,489
1216,GS,2020-07-28,0 days 15:57:36.496976,146453,201.69,201.66,400,500,1019,-2381
1217,GS,2020-07-28,0 days 15:58:34.637952,147522,201.45,201.42,1000,300,-1363,537
1218,GS,2020-07-28,0 days 15:58:35.640126,145685,201.44,201.42,200,200,1837,-1363
1219,GS,2020-07-28,0 days 15:59:27.770754,151190,201.75,201.65,500,412,-3722,1362
1220,GS,2020-07-28,0 days 15:59:28.772066,147612,201.71,201.65,100,363,3548,-3722
1221,GS,2020-07-28,0 days 15:59:32.782112,147281,201.74,201.72,200,100,548,-1452
1222,GS,2020-07-28,0 days 15:59:44.809752,147829,201.73,201.65,906,107,-2752,609
1223,GS,2020-07-28,0 days 15:59:45.812177,147381,201.68,201.62,900,200,3809,-2752
1224,GS,2020-07-28,0 days 15:59:48.819287,151190,201.69,201.61,793,1400,-1772,728
1225,GS,2020-07-28,0 days 15:59:49.822469,148062,201.65,201.61,300,400,3128,-1772
1226,GS,2020-07-28,0 days 15:59:50.825099,151190,201.71,201.64,353,1147,-572,3128
1227,GSK,2020-07-28,0 days 15:59:07.667436,72342,41.31,41.3,6214,7332,-1048,5052
1228,GSK,2020-07-28,0 days 15:59:08.670421,74390,41.31,41.3,5005,7340,3987,-1048
1229,GSK,2020-07-28,0 days 15:59:09.672963,72777,41.31,41.3,6814,5475,-613,3987
1230,GSK,2020-07-28,0 days 15:59:27.717231,74390,41.32,41.31,3454,9303,34,-1613
1231,GSK,2020-07-28,0 days 15:59:28.719257,73170,41.33,41.32,4181,6661,-1506,34
1232,GSK,2020-07-28,0 days 15:59:46.762190,76730,41.37,41.36,9401,3097,3625,-160
1233,GSK,2020-07-28,0 days 15:59:47.764233,75955,41.37,41.36,6779,5360,-775,3625
1234,GSX,2020-07-28,0 days 15:55:29.243503,28350,85.37,85.31,200,1100,38,-362
