,Symbol,Timestamp,TIME,iPaired,Ask_P,Bid_P,Ask_S,Bid_S,iShares,PreviShares
0,ABC,2020-03-12,0 days 15:59:01.748728,810171,80.83,80.7,400,405,427,-901
1,ABC,2020-03-12,0 days 15:59:03.753254,809525,80.79,80.71,702,405,-646,3527
2,ABC,2020-03-12,0 days 15:59:06.761392,804820,80.74,80.67,600,504,5804,-295
3,ABC,2020-03-12,0 days 15:59:08.767369,806541,80.71,80.64,300,600,-3707,2751
4,ABC,2020-03-12,0 days 15:59:16.780194,810248,80.73,80.62,1365,300,5293,-307
5,ACC,2020-03-12,0 days 15:55:42.265785,234522,35.26,35.25,100,531,285,-515
6,ACC,2020-03-12,0 days 15:55:43.267869,233507,35.26,35.25,100,531,-1015,285
7,AEE,2020-03-12,0 days 15:55:54.189541,189679,73.03,73.01,1284,87,-10894,46200
8,AEE,2020-03-12,0 days 15:55:55.188841,143479,73.01,72.99,79,684,56100,-10894
9,AEE,2020-03-12,0 days 15:56:14.235203,200955,72.96,72.9,1264,2,1579,-1444
10,AEE,2020-03-12,0 days 15:56:15.238181,200234,72.96,72.9,1498,2,-721,1579
11,AEE,2020-03-12,0 days 15:56:36.287501,143479,72.93,72.9,1079,120,56755,-721
12,AEE,2020-03-12,0 days 15:56:52.326909,194404,72.9,72.88,1495,2,-52351,5125
13,AEP,2020-03-12,0 days 15:59:56.773346,796052,82.67,82.63,61,8800,-7401,10495
14,AEP,2020-03-12,0 days 15:59:57.775932,639404,82.54,82.53,6990,5489,156648,-7401
15,APTV,2020-03-12,0 days 15:57:16.599183,386502,60.13,60.05,422,100,-1370,1039
16,APTV,2020-03-12,0 days 15:57:17.602652,385872,60.12,60.07,222,200,730,-1370
17,AQN,2020-03-12,0 days 15:55:21.121023,18467,11.97,11.96,3824,1102,-34,1066
18,AQN,2020-03-12,0 days 15:55:22.123173,17501,11.97,11.96,3705,702,966,-34
19,ARI,2020-03-12,0 days 15:56:34.497054,229813,11.37,11.36,1178,800,2684,-26916
20,ARI,2020-03-12,0 days 15:56:56.554346,231413,11.32,11.31,300,300,2884,-22116
21,AZN,2020-03-12,0 days 15:59:00.852689,49354,40.86,40.85,278,800,-1057,959
22,BSX,2020-03-12,0 days 15:55:12.105888,1097582,31.36,31.35,1200,10,-6065,95521
23,BSX,2020-03-12,0 days 15:55:19.114676,1102441,31.3,31.28,400,900,-906,1194
24,BSX,2020-03-12,0 days 15:55:25.129351,1103347,31.28,31.27,700,789,1394,-1009
25,BSX,2020-03-12,0 days 15:55:26.131556,1102541,31.28,31.27,300,440,-806,1394
26,BSX,2020-03-12,0 days 15:55:32.145811,1103347,31.28,31.27,400,1578,194,-1906
27,BSX,2020-03-12,0 days 15:55:33.148557,1102541,31.28,31.27,600,911,-806,194
28,BSX,2020-03-12,0 days 15:55:57.206131,1103960,31.31,31.29,1120,1000,604,-196
29,BSX,2020-03-12,0 days 15:55:58.208791,1103664,31.31,31.3,920,543,-196,604
30,BSX,2020-03-12,0 days 15:55:59.210661,1103660,31.29,31.28,300,300,1104,-196
31,BTI,2020-03-12,0 days 15:59:54.893690,27793,34.12,34.08,100,300,-20231,954
32,CBRE,2020-03-12,0 days 15:55:00.161308,273470,45.32,45.31,500,100,52265,-33236
33,CBRE,2020-03-12,0 days 15:55:01.163794,325735,45.33,45.31,600,302,-58695,52265
34,CBRE,2020-03-12,0 days 15:55:35.246415,334719,45.2,45.15,350,300,4560,-264
35,CBRE,2020-03-12,0 days 15:55:36.248857,333679,45.2,45.15,950,316,-2204,4560
36,CBRE,2020-03-12,0 days 15:55:38.254320,278634,45.21,45.2,320,200,62143,-804
37,CBRE,2020-03-12,0 days 15:55:41.261137,340343,45.21,45.17,500,400,234,-59066
38,CBRE,2020-03-12,0 days 15:55:42.263327,340777,45.21,45.18,400,200,-666,234
39,CBRE,2020-03-12,0 days 15:55:57.300374,340577,45.28,45.18,214,320,-58966,5943
40,CBRE,2020-03-12,0 days 15:56:19.352113,275534,45.2,45.19,1,366,65243,-338
41,CBRE,2020-03-12,0 days 15:56:20.355553,341177,45.19,45.17,647,200,-55978,65243
42,CBRE,2020-03-12,0 days 15:56:21.358008,340855,45.18,45.16,2616,200,322,-55978
43,CHD,2020-03-12,0 days 15:56:25.758478,182241,64.15,64.1,206,300,-23554,5662
44,CHD,2020-03-12,0 days 15:56:26.759866,176479,64.06,64.03,123,100,27262,-23554
45,CHD,2020-03-12,0 days 15:56:27.763479,182341,64.05,64.03,115,300,-23454,27262
46,CHD,2020-03-12,0 days 15:56:35.783981,182129,63.91,63.89,300,100,-23766,26750
47,CHD,2020-03-12,0 days 15:56:50.818044,176674,63.91,63.85,600,384,25655,-3761
48,CHD,2020-03-12,0 days 15:56:56.835301,182650,63.89,63.82,80,142,-23860,5456
49,CHD,2020-03-12,0 days 15:57:00.843733,177254,63.83,63.78,100,205,27396,-1920
50,CHD,2020-03-12,0 days 15:57:01.845875,182550,63.84,63.8,280,100,-24020,27396
51,CHD,2020-03-12,0 days 15:57:02.848464,177254,63.87,63.83,149,100,27196,-24020
52,CHD,2020-03-12,0 days 15:57:04.853227,186623,63.85,63.78,2,400,-20147,6675
53,CHD,2020-03-12,0 days 15:57:10.868040,178747,63.99,63.9,80,500,29131,-36
54,CMI,2020-03-12,0 days 15:59:29.921307,185369,129.64,129.6,100,25,2053,-1047
55,CMI,2020-03-12,0 days 15:59:31.926265,182822,129.64,129.62,100,100,-947,2053
56,CMI,2020-03-12,0 days 15:59:35.935964,182769,129.62,129.32,404,905,153,-947
57,CMI,2020-03-12,0 days 15:59:39.946069,184822,129.62,129.44,946,1085,-747,153
58,CMI,2020-03-12,0 days 15:59:48.966550,184822,129.33,129.18,127,400,-471,5329
59,CUBE,2020-03-12,0 days 15:57:42.555252,185622,27.99,27.98,2266,10,-15673,8684
60,CUBE,2020-03-12,0 days 15:57:43.557449,182895,27.97,27.96,731,400,2727,-15673
61,CUBE,2020-03-12,0 days 15:58:56.733822,195488,27.85,27.84,2636,1300,-6770,10230
62,CUBE,2020-03-12,0 days 15:58:57.736270,174358,27.85,27.84,2929,1234,21130,-6770
63,CUBE,2020-03-12,0 days 15:59:18.783389,208449,27.83,27.81,500,2758,-18429,4787
64,CUBE,2020-03-12,0 days 15:59:19.786072,204578,27.82,27.81,300,2554,3871,-18429
65,CUBE,2020-03-12,0 days 15:59:54.871982,212239,27.86,27.84,1532,10599,-22685,3782
66,CUBE,2020-03-12,0 days 15:59:57.880287,212239,27.87,27.83,538,7000,-22685,3782
67,CUBE,2020-03-12,0 days 15:59:58.880174,207557,27.86,27.83,200,7100,3782,-22685
68,D,2020-03-12,0 days 15:50:00.461709,538420,72.06,72.01,245,100,-29737,57574
69,D,2020-03-12,0 days 15:56:05.336073,555234,72.1,72.07,100,167,128567,-6693
70,D,2020-03-12,0 days 15:56:06.340458,641476,72.1,72.07,100,500,-125842,128567
71,D,2020-03-12,0 days 15:56:11.350217,643901,72.09,72.03,300,400,-123417,129767
72,D,2020-03-12,0 days 15:56:39.417321,644748,71.94,71.93,2,200,-128632,126649
73,D,2020-03-12,0 days 15:56:40.422541,588899,71.95,71.94,15,300,126649,-128632
74,D,2020-03-12,0 days 15:56:41.422985,644748,71.93,71.89,1200,200,-128632,126649
75,DE,2020-03-12,0 days 15:56:57.447543,185508,131.42,131.28,100,200,55061,-399
76,DE,2020-03-12,0 days 15:56:58.450607,233469,131.42,131.27,100,100,-49627,55061
77,DE,2020-03-12,0 days 15:56:59.452991,239901,131.29,131.06,926,100,101,-49627
78,DE,2020-03-12,0 days 15:57:00.454909,239302,131.25,131.01,114,103,-599,101
79,DE,2020-03-12,0 days 15:57:01.456945,189010,131.25,131.13,314,100,53492,-599
80,DE,2020-03-12,0 days 15:57:03.464573,233569,131.3,131.15,267,100,-50629,4292
81,DE,2020-03-12,0 days 15:57:13.486706,233669,131.28,131.2,36,390,-50041,4359
82,DE,2020-03-12,0 days 15:57:16.494333,243410,131.21,131.05,357,1,6582,-941
83,DE,2020-03-12,0 days 15:57:17.497269,243192,131.21,131.05,357,1,-218,6582
84,DE,2020-03-12,0 days 15:57:25.515644,189010,131.37,131.3,100,146,54187,-213
85,DE,2020-03-12,0 days 15:57:32.531978,243410,131.4,131.19,119,31,487,-313
86,DE,2020-03-12,0 days 15:57:33.535340,243197,131.4,131.19,219,31,-213,487
87,DE,2020-03-12,0 days 15:57:44.561912,252010,131.21,131.02,133,792,20,-1080
88,DE,2020-03-12,0 days 15:57:45.563243,250930,131.21,131.03,133,400,-1080,20
89,DE,2020-03-12,0 days 15:57:46.566943,249010,131.04,131.01,110,103,2220,-1080
90,DE,2020-03-12,0 days 15:57:47.568905,248330,131.04,131.01,343,103,-680,2220
91,DE,2020-03-12,0 days 15:57:48.571271,245710,131.04,131.01,643,103,2620,-680
92,DE,2020-03-12,0 days 15:58:05.613723,210188,131.11,131.01,11,103,41171,-2951
93,DE,2020-03-12,0 days 15:58:08.620529,240459,131.04,131.01,117,103,-53729,2971
94,DE,2020-03-12,0 days 15:58:22.654214,279333,131.42,131.28,100,200,221,-10154
95,DE,2020-03-12,0 days 15:58:23.656453,275626,131.36,131.32,300,200,-3107,221
96,DE,2020-03-12,0 days 15:58:26.663404,275533,131.29,131.28,400,39,193,-3107
97,DE,2020-03-12,0 days 15:58:27.667094,272026,131.36,131.28,400,12,-3507,193
98,DE,2020-03-12,0 days 15:58:35.684865,271433,131.23,131.08,900,200,2960,-1673
99,DE,2020-03-12,0 days 15:58:43.704420,271433,131.08,131.01,507,103,360,-2840
100,DE,2020-03-12,0 days 15:58:44.706811,266323,131.08,131.01,1607,103,-5110,360
101,DE,2020-03-12,0 days 15:58:48.725108,250255,131.08,131.01,1332,103,18668,-2510
102,DE,2020-03-12,0 days 15:58:49.719123,245223,131.07,131.01,717,103,-17832,18668
103,DE,2020-03-12,0 days 15:59:00.745949,245902,131.03,131.01,564,103,4121,-332
104,DE,2020-03-12,0 days 15:59:01.748853,247123,131.03,131.01,764,103,-3279,4121
105,DFS,2020-03-12,0 days 15:53:00.783908,235312,45.84,45.81,200,100,4035,-29734
106,DFS,2020-03-12,0 days 15:53:03.789692,239447,45.81,45.75,600,851,-29434,4035
107,DFS,2020-03-12,0 days 15:53:14.815796,235312,45.76,45.75,200,295,4435,-29334
108,DFS,2020-03-12,0 days 15:53:15.818841,239547,45.77,45.75,300,439,-29334,4435
109,DFS,2020-03-12,0 days 15:53:25.842561,239447,45.84,45.79,700,100,-29434,4035
110,DFS,2020-03-12,0 days 15:53:40.877990,239547,45.79,45.75,485,9,-29334,4135
111,DFS,2020-03-12,0 days 15:54:03.933188,239247,45.84,45.8,200,502,-29634,4135
112,DFS,2020-03-12,0 days 15:54:44.028917,235312,45.79,45.76,200,100,4235,-29334
113,DFS,2020-03-12,0 days 15:54:46.034937,239747,45.77,45.73,300,55,-29134,4235
114,DFS,2020-03-12,0 days 15:54:53.050682,235312,45.71,45.68,300,200,4735,-28834
115,DFS,2020-03-12,0 days 15:54:54.054437,240147,45.68,45.66,100,240,-28734,4735
116,DFS,2020-03-12,0 days 15:55:07.086643,354356,45.67,45.66,100,200,28094,-28734
117,DGX,2020-03-12,0 days 15:55:25.222360,124407,91.67,91.57,201,15,-38616,2726
118,DGX,2020-03-12,0 days 15:55:44.268145,125118,91.6,91.45,700,100,-38805,38737
119,DGX,2020-03-12,0 days 15:56:56.443254,136383,91.21,91.18,200,200,200,-772
120,DGX,2020-03-12,0 days 15:56:57.444829,136283,91.21,91.18,300,200,-100,200
121,DGX,2020-03-12,0 days 15:57:23.509230,144153,91.22,91.18,200,200,725,-36375
122,DGX,2020-03-12,0 days 15:57:41.551695,144478,91.28,91.24,100,741,-40261,3308
123,DGX,2020-03-12,0 days 15:57:42.553712,143939,91.28,91.24,100,636,539,-40261
124,DGX,2020-03-12,0 days 15:57:47.565587,144478,91.28,91.24,300,723,-61,439
125,DGX,2020-03-12,0 days 15:57:48.568467,144039,91.28,91.24,288,723,439,-61
126,DGX,2020-03-12,0 days 15:57:55.585163,144378,91.45,91.29,100,100,-761,1439
127,DGX,2020-03-12,0 days 15:58:00.597077,144378,91.44,91.24,376,524,-61,39
128,DGX,2020-03-12,0 days 15:58:05.611277,152849,91.24,91.18,1100,200,-40190,55179
129,DGX,2020-03-12,0 days 15:58:06.615051,151639,91.24,91.18,1000,200,1210,-40190
130,DGX,2020-03-12,0 days 15:58:12.627921,153049,91.22,91.18,200,200,-38390,5179
131,DGX,2020-03-12,0 days 15:58:13.629585,151739,91.22,91.18,200,200,1210,-38390
132,DLR,2020-03-12,0 days 15:58:14.635377,399749,128.37,128.33,100,100,-76,324
133,DLR,2020-03-12,0 days 15:58:15.637619,398925,128.37,128.34,100,390,724,-76
134,DLR,2020-03-12,0 days 15:58:44.706482,399623,128.23,128.19,90,499,-8913,1187
135,DLR,2020-03-12,0 days 15:58:45.708798,393836,128.28,128.2,77,848,10387,-8913
136,DLR,2020-03-12,0 days 15:58:46.711135,399623,128.3,128.25,300,90,-5613,10387
137,DLR,2020-03-12,0 days 15:58:47.714029,399536,128.3,128.23,600,390,87,-5613
138,DLR,2020-03-12,0 days 15:58:52.725409,394736,128.24,128.21,100,400,4887,-4213
139,DLR,2020-03-12,0 days 15:59:03.753044,399623,128.28,128.25,383,1210,-1713,2087
140,DLR,2020-03-12,0 days 15:59:04.756018,437336,128.35,128.27,290,310,6602,-1713
141,DLR,2020-03-12,0 days 15:59:29.811685,448894,128.31,128.25,169,90,1406,-771
142,DNR,2020-03-12,0 days 15:51:22.549261,3250449,0.26,0.25,18371,217626,-613681,1743382
143,DNR,2020-03-12,0 days 15:52:05.650265,3881461,0.26,0.25,16971,504457,1726051,-446733
144,DNR,2020-03-12,0 days 15:57:33.444160,3552753,0.26,0.25,31284,405921,-568284,1686051
145,DNR,2020-03-12,0 days 15:57:39.454512,4294200,0.26,0.25,30598,452999,1431337,-741447
146,DNR,2020-03-12,0 days 15:58:38.595945,3552753,0.26,0.25,19177,745056,-699342,1513442
147,DNR,2020-03-12,0 days 15:59:14.683016,4266809,0.26,0.25,16671,746156,1463697,-714056
148,DNR,2020-03-12,0 days 15:59:56.780825,3373443,0.26,0.25,17700,685225,-975166,1219634
149,DRE,2020-03-12,0 days 15:57:02.459697,305776,27.8,27.79,3612,384,-855,50245
150,DRE,2020-03-12,0 days 15:57:03.464541,306631,27.8,27.79,3112,484,460,-855
151,DRE,2020-03-12,0 days 15:57:04.465153,306191,27.79,27.78,200,4832,-440,460
152,DRE,2020-03-12,0 days 15:57:11.481417,315396,27.79,27.78,4868,811,967,-268
153,DRE,2020-03-12,0 days 15:57:12.483631,313963,27.79,27.78,4769,1111,-1433,967
154,DRE,2020-03-12,0 days 15:57:49.574403,324579,27.75,27.74,109,800,-1517,1283
155,DRE,2020-03-12,0 days 15:57:53.584952,326096,27.75,27.74,6829,300,183,-417
156,DRE,2020-03-12,0 days 15:57:54.585375,324479,27.75,27.74,6422,330,-1617,183
157,DUK,2020-03-12,0 days 15:55:00.161351,623975,82.17,82.15,102,100,-75442,125578
158,DUK,2020-03-12,0 days 15:55:08.181845,534517,82.1,82.09,234,202,105717,-17183
159,DUK,2020-03-12,0 days 15:55:14.198840,625036,82.04,82.0,104,82,-16100,104398
160,EL,2020-03-12,0 days 15:57:48.523299,471909,157.42,157.02,100,100,5284,-5916
161,EL,2020-03-12,0 days 15:58:37.637393,484993,157.32,156.98,1,100,-721,3279
162,EL,2020-03-12,0 days 15:58:38.640428,479314,157.32,157.02,1,100,5679,-721
163,EL,2020-03-12,0 days 15:59:29.765777,500975,157.04,156.95,36,20,-1444,156
164,EL,2020-03-12,0 days 15:59:30.765871,499419,157.04,156.95,236,18,1556,-1444
165,EL,2020-03-12,0 days 15:59:35.778626,500675,157.03,156.88,332,500,-5120,240812
166,EL,2020-03-12,0 days 15:59:36.780151,497895,156.98,156.89,300,340,3080,-5120
167,EL,2020-03-12,0 days 15:59:42.795272,500375,157.04,156.98,2,200,-117,1786
168,EL,2020-03-12,0 days 15:59:48.808809,485245,157.18,157.03,192,47,14334,-486
169,ERJ,2020-03-12,0 days 15:55:45.287638,35250,9.16,9.13,1776,1337,-9626,997
170,ERJ,2020-03-12,0 days 15:55:46.295367,34576,9.16,9.13,1776,1037,674,-9626
171,FSK,2020-03-12,0 days 15:55:00.166531,90084,4.05,4.04,4661,12235,2597,-9955
172,GPN,2020-03-12,0 days 15:55:00.071546,227576,159.06,158.89,100,236,13679,-22322
173,GPN,2020-03-12,0 days 15:55:01.072724,224455,159.06,158.89,16,341,-3121,13679
174,GPN,2020-03-12,0 days 15:55:09.091675,227576,159.06,158.91,428,100,27279,-6023
175,GPN,2020-03-12,0 days 15:55:10.093990,224455,159.06,158.91,529,100,-3121,27279
176,GPN,2020-03-12,0 days 15:55:16.111701,227576,158.9,158.89,100,126,27279,-36616
177,GPN,2020-03-12,0 days 15:55:17.111645,224455,158.96,158.89,100,226,-36616,27279
178,GPN,2020-03-12,0 days 15:55:22.123202,224955,159.05,158.92,12,100,-36117,32278
179,GPN,2020-03-12,0 days 15:55:33.150044,224955,158.94,158.9,100,207,-2622,27678
180,GPN,2020-03-12,0 days 15:55:46.181413,227577,159.0,158.92,100,200,27908,-5587
181,GPN,2020-03-12,0 days 15:55:47.183548,225085,158.99,158.89,100,300,-2492,27908
182,GPN,2020-03-12,0 days 15:56:36.301013,228278,158.62,158.41,118,300,27149,-6046
183,GPN,2020-03-12,0 days 15:56:37.305008,225727,158.62,158.41,373,300,-2551,27149
184,H,2020-03-12,0 days 15:57:29.429886,59762,52.15,52.12,280,228,-11297,18035
185,H,2020-03-12,0 days 15:57:30.432570,56959,52.15,52.12,280,228,2803,-11297
186,H,2020-03-12,0 days 15:58:04.516188,59762,52.15,52.13,280,1478,-11697,4135
187,H,2020-03-12,0 days 15:58:05.518989,57159,52.15,52.13,280,1478,2603,-11697
188,H,2020-03-12,0 days 15:58:57.641436,56959,52.15,52.13,364,615,2603,-11797
189,HD,2020-03-12,0 days 15:57:06.362741,904820,192.51,192.42,200,100,30423,-112089
190,HD,2020-03-12,0 days 15:57:07.367056,903043,192.51,192.41,500,300,-1777,30423
191,HD,2020-03-12,0 days 15:57:16.387169,904987,192.53,192.49,200,200,30138,-112156
192,HD,2020-03-12,0 days 15:57:17.388394,902437,192.6,192.54,115,200,-145062,30138
193,HD,2020-03-12,0 days 15:57:59.490315,906385,192.53,192.42,300,300,29058,-115548
194,HD,2020-03-12,0 days 15:58:00.494677,898543,192.52,192.41,19,201,-7842,29058
195,HIG,2020-03-12,0 days 15:59:31.201686,565073,40.52,40.51,2536,600,50083,-53999
196,HIG,2020-03-12,0 days 15:59:32.205139,561556,40.52,40.5,1347,550,-3517,50083
197,HIG,2020-03-12,0 days 15:59:41.228387,564260,40.41,40.4,2942,315,52761,-53895
198,HIG,2020-03-12,0 days 15:59:42.228578,562935,40.39,40.38,853,1251,-1325,52761
199,HMY,2020-03-12,0 days 15:59:36.213787,135117,2.81,2.8,56443,498964,-30448,39952
200,HPQ,2020-03-12,0 days 15:55:32.134376,1478910,17.79,17.78,32118,19516,100284,-163716
201,HPQ,2020-03-12,0 days 15:55:33.136213,1461794,17.79,17.78,32818,19616,-17116,100284
202,HPQ,2020-03-12,0 days 15:56:03.208948,1478910,17.79,17.78,37100,21794,100807,-163193
203,HPQ,2020-03-12,0 days 15:56:04.210978,1461917,17.79,17.78,38000,21494,-16993,100807
204,HPQ,2020-03-12,0 days 15:56:26.268792,1478910,17.79,17.78,60150,22532,100807,-163193
205,HPQ,2020-03-12,0 days 15:56:27.266900,1461917,17.79,17.78,59961,22332,-16993,100807
206,HPQ,2020-03-12,0 days 15:58:13.524476,1500845,17.79,17.78,64440,4300,81270,-161930
207,HPQ,2020-03-12,0 days 15:58:14.528067,1477715,17.79,17.78,64047,4100,-23130,81270
208,HPQ,2020-03-12,0 days 15:59:15.675769,1503621,17.75,17.74,103734,579,96564,-14221
209,HPQ,2020-03-12,0 days 15:59:16.676683,1497285,17.75,17.74,99195,1374,-6336,96564
210,HPQ,2020-03-12,0 days 15:59:25.697724,1493500,17.63,17.62,87169,3221,-5516,4384
211,HPQ,2020-03-12,0 days 15:59:37.728189,1499016,17.63,17.62,106260,3239,13684,-2216
212,HPQ,2020-03-12,0 days 15:59:38.734595,1495300,17.63,17.62,104497,2056,-3716,13684
213,HPQ,2020-03-12,0 days 15:59:39.734097,1499016,17.63,17.62,113571,3041,76984,-3716
214,HPQ,2020-03-12,0 days 15:59:40.738086,1495300,17.63,17.62,93435,603,-3716,76984
215,HPQ,2020-03-12,0 days 15:59:50.768898,1467472,17.53,17.52,63381,779,-25236,3264
216,HPR,2020-03-12,0 days 16:00:00.884287,96455,0.2,0.19,20420,400,3318,-3282
217,HRL,2020-03-12,0 days 15:55:18.208783,295891,40.26,40.24,100,300,-10118,3670
218,HRL,2020-03-12,0 days 15:57:03.464573,307619,40.16,40.15,300,320,514,-4458
219,HRL,2020-03-12,0 days 15:57:10.479602,308140,40.16,40.15,200,520,-654,521
220,HRL,2020-03-12,0 days 15:57:37.545805,322078,40.19,40.15,130,723,156350,-2462
221,HSBC,2020-03-12,0 days 15:52:15.784867,47225,28.66,28.64,1300,300,-10456,6886
222,HSBC,2020-03-12,0 days 15:55:01.181804,47241,28.67,28.66,7566,118,-875,11525
223,HSBC,2020-03-12,0 days 15:55:02.183376,43516,28.67,28.66,10266,118,3725,-875
224,HSBC,2020-03-12,0 days 15:55:12.209615,47241,28.67,28.66,10799,500,-3975,625
225,HSBC,2020-03-12,0 days 15:55:13.210638,46616,28.67,28.66,10816,500,625,-3975
226,HSBC,2020-03-12,0 days 15:55:22.233003,47241,28.67,28.66,14735,1700,-875,625
227,HSBC,2020-03-12,0 days 15:55:23.234874,46616,28.67,28.66,15035,1700,625,-875
228,HSBC,2020-03-12,0 days 15:55:27.245327,47241,28.67,28.66,15335,1924,-875,625
229,HSBC,2020-03-12,0 days 15:55:28.247262,43516,28.67,28.66,15367,1924,3725,-875
230,HSBC,2020-03-12,0 days 15:55:32.257263,47241,28.67,28.66,15297,3024,-2475,2225
231,HSBC,2020-03-12,0 days 15:55:33.259565,46616,28.67,28.66,15597,3024,625,-2475
232,HSBC,2020-03-12,0 days 15:55:38.271895,47241,28.67,28.66,15514,2900,-875,625
233,HSBC,2020-03-12,0 days 15:55:39.273970,46616,28.67,28.66,15429,3000,625,-875
234,HSBC,2020-03-12,0 days 15:55:54.309670,47268,28.64,28.63,11411,235,-2448,652
235,HSBC,2020-03-12,0 days 15:55:56.314424,46616,28.64,28.63,11511,1200,652,-848
236,HSBC,2020-03-12,0 days 15:56:16.363214,47268,28.61,28.6,6285,2700,-848,652
237,HSBC,2020-03-12,0 days 15:56:17.364786,46616,28.61,28.6,6185,2700,652,-848
238,HSBC,2020-03-12,0 days 15:56:24.381852,47268,28.61,28.6,6743,703,-848,652
239,HSBC,2020-03-12,0 days 15:56:25.383937,46616,28.61,28.6,6843,703,652,-848
240,HSBC,2020-03-12,0 days 15:56:31.398015,47268,28.61,28.6,6877,1224,-5348,652
241,HSBC,2020-03-12,0 days 15:56:32.400539,46616,28.61,28.6,6877,1224,652,-5348
242,HSBC,2020-03-12,0 days 15:57:01.472280,47268,28.61,28.6,7395,900,-848,652
243,HSBC,2020-03-12,0 days 15:57:02.476161,46616,28.61,28.6,7334,924,652,-848
244,HSBC,2020-03-12,0 days 15:57:05.481811,47268,28.61,28.6,7351,1524,-4848,652
245,HSBC,2020-03-12,0 days 15:57:08.489184,50573,28.61,28.6,7351,2900,2755,-869
246,HSBC,2020-03-12,0 days 15:57:16.509339,57813,28.61,28.6,7606,2500,-2060,940
247,HSBC,2020-03-12,0 days 15:57:17.511991,56873,28.61,28.6,7706,900,940,-2060
248,HSBC,2020-03-12,0 days 15:57:34.554676,57813,28.61,28.6,11512,1102,-2060,940
249,HSBC,2020-03-12,0 days 15:57:35.555146,56873,28.61,28.6,11512,1102,940,-2060
250,HSBC,2020-03-12,0 days 15:57:40.567259,57813,28.61,28.6,11131,1102,-560,940
251,HSBC,2020-03-12,0 days 15:57:41.570012,55273,28.61,28.6,11863,1002,2540,-560
252,HSBC,2020-03-12,0 days 15:57:48.590642,57813,28.61,28.6,11583,1202,-560,940
253,HSBC,2020-03-12,0 days 15:57:49.588330,56873,28.61,28.6,11902,1202,940,-560
254,HSBC,2020-03-12,0 days 15:57:53.598751,57813,28.61,28.6,11702,1302,-560,940
255,HSBC,2020-03-12,0 days 15:57:54.601190,56873,28.61,28.6,12119,1002,940,-560
256,HSBC,2020-03-12,0 days 15:57:58.610528,57813,28.61,28.6,12319,1202,-2060,940
257,HSBC,2020-03-12,0 days 15:57:59.613634,56873,28.61,28.6,12319,1202,940,-2060
258,HSBC,2020-03-12,0 days 15:58:01.618322,57813,28.61,28.6,18619,1207,-1860,940
259,HSBC,2020-03-12,0 days 15:58:02.621041,56873,28.61,28.6,18919,700,940,-1860
260,IFF,2020-03-12,0 days 15:57:09.869732,133132,101.02,101.0,43,100,-3244,18852
261,IFF,2020-03-12,0 days 15:57:10.867906,128953,101.02,101.0,43,500,4179,-3244
262,INVH,2020-03-12,0 days 15:56:02.314860,277277,25.98,25.97,13764,2800,389,-911
263,INVH,2020-03-12,0 days 15:57:01.456877,279265,25.92,25.91,22259,997,-1329,5682
264,INVH,2020-03-12,0 days 15:57:02.459624,278396,25.92,25.91,22059,100,869,-1329
265,INVH,2020-03-12,0 days 15:57:09.476544,280038,25.9,25.89,21310,300,-2746,469
266,INVH,2020-03-12,0 days 15:58:05.613083,310731,25.74,25.73,22284,1149,-1697,3703
267,INVH,2020-03-12,0 days 15:58:13.632513,312428,25.73,25.72,23797,1414,1503,-1697
268,INVH,2020-03-12,0 days 15:58:14.635274,310031,25.73,25.72,24569,1466,-2397,1503
269,JHG,2020-03-12,0 days 15:57:48.957305,123729,14.65,14.63,600,1542,-6271,21053
270,JHG,2020-03-12,0 days 15:57:49.959978,119200,14.65,14.63,600,984,4529,-6271
271,JHG,2020-03-12,0 days 15:59:41.227961,125910,14.65,14.64,560,8781,-3097,3551
272,JHG,2020-03-12,0 days 15:59:48.243995,122407,14.65,14.64,1909,8575,3003,-3097
273,K,2020-03-12,0 days 15:57:37.649736,287370,58.61,58.57,200,58,-1636,275
274,K,2020-03-12,0 days 15:57:38.655499,284406,58.61,58.57,382,58,2964,-1636
275,K,2020-03-12,0 days 15:57:40.659317,287370,58.61,58.57,596,1,-936,964
276,K,2020-03-12,0 days 15:57:41.659143,284806,58.57,58.52,104,500,2564,-936
277,KIM,2020-03-12,0 days 15:56:28.376356,576447,12.91,12.9,28381,1110,-1169,17331
278,KIM,2020-03-12,0 days 15:56:46.420941,577429,12.91,12.9,28891,2204,15118,-22682
279,KIM,2020-03-12,0 days 15:56:47.422068,575147,12.91,12.9,26490,2304,-2282,15118
280,KIM,2020-03-12,0 days 15:57:03.464601,577533,12.91,12.9,21394,1538,249,-9970
281,KIM,2020-03-12,0 days 15:57:04.465213,582882,12.91,12.9,22894,1338,-198,249
282,KIM,2020-03-12,0 days 15:59:48.860539,675837,12.72,12.71,15077,7000,3724,-5352
283,KR,2020-03-12,0 days 15:56:54.344743,729401,29.21,29.2,1500,720,8901,-1361
284,KR,2020-03-12,0 days 15:56:55.346787,727902,29.21,29.2,2243,820,-2135,8901
285,KR,2020-03-12,0 days 15:57:00.360065,730233,29.19,29.18,2706,1000,5999,-445
286,KR,2020-03-12,0 days 15:57:01.363059,729932,29.19,29.18,1921,3600,-301,5999
287,KR,2020-03-12,0 days 15:57:03.367620,730233,29.21,29.2,1300,1100,799,-301
288,KR,2020-03-12,0 days 15:57:04.369933,730032,29.21,29.2,1710,900,-201,799
289,KR,2020-03-12,0 days 15:57:06.374816,730233,29.2,29.19,1500,2343,1187,-1601
290,KR,2020-03-12,0 days 15:57:20.408733,740462,29.25,29.24,800,2700,-118,345
291,KR,2020-03-12,0 days 15:57:21.411183,739780,29.25,29.24,1901,3105,735,-118
292,KR,2020-03-12,0 days 15:57:38.453196,742315,29.25,29.24,3237,1900,-3223,2177
293,KR,2020-03-12,0 days 15:57:39.454483,742138,29.23,29.21,1200,951,5477,-3223
294,KR,2020-03-12,0 days 15:57:45.469503,742315,29.24,29.23,200,600,-4623,677
295,KR,2020-03-12,0 days 15:57:46.471222,742138,29.23,29.22,701,1307,177,-4623
296,KR,2020-03-12,0 days 15:57:54.490852,754415,29.21,29.2,2608,245,-1888,1412
297,KR,2020-03-12,0 days 15:57:58.500649,753303,29.22,29.21,1201,1811,1212,-2288
298,KR,2020-03-12,0 days 15:58:00.506688,754515,29.22,29.21,24,2818,-5788,1212
299,KR,2020-03-12,0 days 15:58:01.509479,753403,29.22,29.21,1606,2218,1112,-5788
300,LOW,2020-03-12,0 days 15:58:20.645808,515078,90.0,89.95,400,100,116071,-4427
301,LOW,2020-03-12,0 days 15:58:24.655198,596249,89.99,89.91,1310,356,-39135,80963
302,LOW,2020-03-12,0 days 15:58:28.665801,632484,89.92,89.89,1341,300,608,-2735
303,LOW,2020-03-12,0 days 15:58:29.668341,629392,89.91,89.89,412,227,-3092,608
304,LOW,2020-03-12,0 days 15:59:55.875056,569337,89.93,89.9,615,550,99512,-27526
305,LOW,2020-03-12,0 days 15:59:56.875617,668749,89.93,89.9,196,3670,-40761,99512
306,LXP,2020-03-12,0 days 15:59:44.754335,382856,8.75,8.74,24489,2504,-7515,36185
307,LXP,2020-03-12,0 days 15:59:45.757164,378371,8.75,8.74,25580,3911,4585,-7515
308,LYB,2020-03-12,0 days 15:58:41.716633,518803,46.01,46.0,201,100,-51828,20463
309,LYB,2020-03-12,0 days 15:58:44.722198,508231,46.04,46.01,100,300,10669,-12841
310,LYB,2020-03-12,0 days 15:58:49.736128,468700,46.04,46.01,395,553,-36331,10669
311,LYB,2020-03-12,0 days 15:58:50.738014,342540,46.03,46.01,100,553,126160,-36331
312,LYB,2020-03-12,0 days 15:58:51.739389,468700,46.07,46.04,1700,505,-42231,126160
313,LYB,2020-03-12,0 days 15:58:52.741788,459531,46.05,46.04,1282,799,9169,-42231
314,LYB,2020-03-12,0 days 15:58:54.746831,468700,46.05,46.02,1188,113,-56731,81560
315,LYB,2020-03-12,0 days 15:58:55.749775,384040,46.05,46.02,1588,100,84660,-56731
316,LYB,2020-03-12,0 days 15:59:46.876049,516850,46.01,46.0,805,100,9422,-73895
317,LYB,2020-03-12,0 days 15:59:59.907798,431755,46.06,46.05,8994,25951,94517,-14847
318,LYV,2020-03-12,0 days 15:58:21.650842,505671,35.84,35.78,500,100,-21738,22634
319,LYV,2020-03-12,0 days 15:58:22.652574,486929,35.8,35.76,500,200,19642,-21738
320,LYV,2020-03-12,0 days 15:59:11.771924,494960,35.78,35.76,284,1826,13415,-14685
321,LYV,2020-03-12,0 days 15:59:15.781592,506302,35.84,35.83,500,600,-29758,26878
322,LYV,2020-03-12,0 days 15:59:16.781870,493060,35.84,35.82,700,500,18023,-29758
323,MCK,2020-03-12,0 days 15:55:41.278563,4226883,126.06,125.95,100,309,15002,-5405
324,MCK,2020-03-12,0 days 15:55:42.280882,4223385,126.06,125.96,100,118,-3398,15002
325,MCK,2020-03-12,0 days 15:55:47.297873,4227383,126.15,126.07,100,300,14502,-5405
326,MCK,2020-03-12,0 days 15:55:48.295526,4223785,126.15,126.07,100,300,-3498,14502
327,MCK,2020-03-12,0 days 15:56:14.357749,4222648,125.89,125.76,295,300,-3335,16465
328,MCK,2020-03-12,0 days 15:56:25.383966,4245490,125.78,125.69,862,100,64158,-5242
329,MO,2020-03-12,0 days 15:55:00.179549,1401824,37.06,37.04,301,2153,-21392,149953
330,NGL,2020-03-12,0 days 15:59:48.859532,90143,3.07,3.06,13579,1175,-2230,170
331,NRZ,2020-03-12,0 days 15:55:16.204999,232262,11.4,11.39,41058,20607,2649,-2051
332,NRZ,2020-03-12,0 days 15:55:17.207607,227311,11.4,11.39,66853,20195,-4951,2649
333,NRZ,2020-03-12,0 days 15:56:16.347974,227966,11.42,11.41,24679,10536,-4296,1404
334,OGE,2020-03-12,0 days 15:51:02.487906,119139,32.14,32.1,385,2149,-6817,15405
335,OGE,2020-03-12,0 days 15:51:05.511677,104018,32.14,32.12,406,200,15121,-6817
336,OGE,2020-03-12,0 days 15:51:19.530572,119139,32.2,32.17,24,903,-6817,15121
337,OGE,2020-03-12,0 days 15:52:08.645295,104018,32.24,32.23,795,100,12631,-9307
338,OGE,2020-03-12,0 days 15:52:16.664742,104018,32.2,32.18,859,200,15121,-6817
339,OGE,2020-03-12,0 days 15:54:00.914209,119139,32.18,32.17,3,206,-6817,15121
340,OGE,2020-03-12,0 days 15:54:02.919266,104018,32.18,32.17,3,359,15121,-6817
341,OGE,2020-03-12,0 days 15:55:00.063762,137879,32.18,32.17,1273,770,-758,15121
342,OGE,2020-03-12,0 days 15:55:01.061025,136437,32.18,32.17,1783,770,1442,-758
343,OGE,2020-03-12,0 days 15:58:47.606185,213513,32.12,32.11,7192,1572,-7596,8720
344,OGE,2020-03-12,0 days 15:58:48.609391,206409,32.12,32.11,7203,1572,6820,-7596
345,OGE,2020-03-12,0 days 15:58:57.629979,213813,32.12,32.11,7918,1802,-11696,6820
346,OGE,2020-03-12,0 days 15:58:58.632348,209209,32.12,32.11,7890,1790,4320,-11696
347,OGE,2020-03-12,0 days 15:59:26.701250,185134,32.12,32.11,8754,1170,-33436,1464
348,OGE,2020-03-12,0 days 15:59:27.705189,183870,32.12,32.11,8820,1128,1464,-33436
349,OMC,2020-03-12,0 days 15:57:35.536733,293253,56.95,56.92,200,800,-6237,25263
350,OMC,2020-03-12,0 days 15:57:49.571109,293153,56.98,56.95,200,200,-41933,25563
351,OMC,2020-03-12,0 days 15:57:55.585002,299510,57.0,56.99,100,100,25947,-9429
352,OMC,2020-03-12,0 days 15:57:56.586759,293257,57.01,57.0,3,100,-6253,25947
353,OMC,2020-03-12,0 days 15:58:00.596893,299510,57.0,56.98,212,400,28147,-9649
354,OMC,2020-03-12,0 days 15:58:01.599647,288457,57.0,56.98,440,519,-11033,28147
355,OMC,2020-03-12,0 days 15:58:06.614816,299490,56.95,56.93,200,100,25344,-42752
356,OMC,2020-03-12,0 days 15:58:07.615376,293034,56.95,56.92,422,300,-6456,25344
357,OMC,2020-03-12,0 days 15:58:20.645606,297834,56.9,56.89,642,103,-6961,20439
358,OMC,2020-03-12,0 days 15:59:08.764779,304621,56.88,56.87,4043,281,3708,-6070
359,OMC,2020-03-12,0 days 15:59:09.766686,292129,56.88,56.87,4948,249,-12492,3708
360,PGR,2020-03-12,0 days 15:58:28.571987,721864,69.75,69.73,1000,100,10090,-31209
361,PGR,2020-03-12,0 days 15:58:29.575058,702654,69.75,69.73,603,100,-19210,10090
362,PHM,2020-03-12,0 days 15:59:05.758022,524985,30.4,30.39,9420,3524,5005,-2895
363,PHM,2020-03-12,0 days 15:59:06.760269,522990,30.4,30.39,5949,3430,-1995,5005
364,PHM,2020-03-12,0 days 15:59:09.766918,532014,30.42,30.41,500,3003,19792,-1995
365,PPG,2020-03-12,0 days 15:56:36.501077,253577,90.38,90.32,300,100,248,-50752
366,PPG,2020-03-12,0 days 15:56:56.554383,253925,90.34,90.26,67,300,-52,287
367,PPG,2020-03-12,0 days 15:56:57.551893,197349,90.35,90.27,17,100,56476,-52
368,PPG,2020-03-12,0 days 15:56:58.554853,253925,90.34,90.27,28,200,-50452,56476
369,PPG,2020-03-12,0 days 15:56:59.557233,253635,90.35,90.28,100,200,190,-50452
370,PPG,2020-03-12,0 days 15:57:02.585964,254625,90.36,90.31,34,207,-13153,390
371,PPG,2020-03-12,0 days 15:57:22.618702,270794,90.36,90.3,624,100,-51373,6454
372,PPG,2020-03-12,0 days 15:57:28.628856,234840,90.36,90.34,479,107,35954,-21773
373,PPG,2020-03-12,0 days 15:57:29.630948,270794,90.33,90.31,3,109,-54173,35954
374,PPG,2020-03-12,0 days 15:57:46.671146,234740,90.34,90.29,35,208,36154,-29773
375,PPG,2020-03-12,0 days 15:57:53.688822,274794,90.36,90.33,1029,105,-62173,7454
376,PPG,2020-03-12,0 days 15:58:08.725440,248114,90.35,90.32,49,100,62280,-20047
377,PPG,2020-03-12,0 days 15:58:09.727500,274794,90.35,90.31,49,100,-63547,62280
378,PPG,2020-03-12,0 days 15:58:16.744855,248114,90.35,90.31,510,198,62380,-3847
379,PPG,2020-03-12,0 days 15:58:17.747657,274794,90.35,90.31,7,98,-63647,62380
380,PPG,2020-03-12,0 days 15:58:20.755234,248114,90.36,90.31,3518,52,62280,-3847
381,PPG,2020-03-12,0 days 15:58:28.775025,248147,90.34,90.31,600,15,62247,-3880
382,QGEN,2020-03-12,0 days 15:55:53.680407,41770,39.82,39.81,300,300,-152,468
383,QGEN,2020-03-12,0 days 15:55:54.682584,41302,39.82,39.81,300,300,468,-152
384,QGEN,2020-03-12,0 days 15:59:30.201016,58677,39.85,39.83,911,156,-2349,468
385,RELX,2020-03-12,0 days 15:55:33.148826,10524,19.54,19.53,3772,1671,-328,972
386,RELX,2020-03-12,0 days 15:55:34.151208,9952,19.54,19.53,3772,1671,572,-328
387,RELX,2020-03-12,0 days 15:55:52.195597,10524,19.54,19.53,2679,740,-373,527
388,RELX,2020-03-12,0 days 15:55:53.197282,9997,19.54,19.53,2679,740,527,-373
389,RELX,2020-03-12,0 days 15:55:56.203559,10524,19.54,19.53,3679,740,-373,527
390,RELX,2020-03-12,0 days 15:55:57.206405,9997,19.54,19.53,4279,707,527,-373
391,RELX,2020-03-12,0 days 15:56:33.292342,10524,19.48,19.47,2090,682,-173,445
392,RELX,2020-03-12,0 days 15:56:34.295694,9997,19.48,19.47,2002,112,527,-173
393,RELX,2020-03-12,0 days 15:56:41.311720,10524,19.48,19.47,1502,135,-373,527
394,RELX,2020-03-12,0 days 15:56:42.314845,9997,19.48,19.47,1502,235,527,-373
395,RELX,2020-03-12,0 days 15:56:56.349757,10524,19.42,19.4,100,500,-3024,1345
396,RELX,2020-03-12,0 days 15:56:57.351457,10348,19.43,19.4,700,800,205,-3024
397,RELX,2020-03-12,0 days 15:56:58.354798,10553,19.42,19.4,200,800,-2200,205
398,RELX,2020-03-12,0 days 15:59:08.668145,12495,19.34,19.31,96,1200,53,-942
399,RELX,2020-03-12,0 days 15:59:24.703876,13618,19.33,19.3,1405,400,-46,623
400,RELX,2020-03-12,0 days 15:59:25.706263,13464,19.33,19.32,800,500,154,-46
401,RELX,2020-03-12,0 days 15:59:28.714310,13118,19.36,19.32,1913,200,-1344,154
402,RELX,2020-03-12,0 days 15:59:58.784503,13618,19.31,19.26,7222,6700,-153,845
403,RTN,2020-03-12,0 days 15:51:22.658028,159812,146.54,146.47,415,100,-22584,7797
404,RTN,2020-03-12,0 days 15:51:27.679628,152115,146.7,146.61,100,200,7697,-22584
405,RTN,2020-03-12,0 days 15:51:30.676282,159812,146.62,146.5,100,17,-22784,7797
406,RTN,2020-03-12,0 days 15:51:45.712795,152215,146.7,146.68,100,100,7597,-22784
407,RTN,2020-03-12,0 days 15:52:26.812214,159812,146.7,146.66,100,200,-22784,7597
408,RTN,2020-03-12,0 days 15:52:37.844237,159812,146.61,146.52,78,100,-22684,7697
409,RTN,2020-03-12,0 days 15:53:12.921216,152015,146.63,146.46,5,200,7797,-22584
410,RTN,2020-03-12,0 days 15:54:47.148084,159812,146.7,146.57,100,100,-22984,7597
411,RTN,2020-03-12,0 days 15:55:16.218958,195557,146.7,146.62,100,105,-39822,12684
412,RTN,2020-03-12,0 days 15:56:24.381823,184514,146.7,146.67,100,100,48985,-3823
413,RTN,2020-03-12,0 days 15:56:56.462627,200240,146.7,146.67,100,100,-49954,1284
414,RTN,2020-03-12,0 days 15:58:01.618291,249616,146.7,146.46,100,100,-1480,49293
415,RTN,2020-03-12,0 days 15:58:02.621010,248296,146.63,146.44,100,1,7520,-1480
416,RTN,2020-03-12,0 days 15:58:03.625184,241940,146.62,146.44,100,1,-6356,7520
417,RTN,2020-03-12,0 days 15:58:05.630376,198760,146.58,146.37,200,3,44880,-6356
418,RTN,2020-03-12,0 days 15:58:10.640141,199640,146.7,146.51,100,100,-67393,1080
419,RTN,2020-03-12,0 days 15:58:40.713964,253173,146.7,146.61,100,300,24,-2476
420,RUBI,2020-03-12,0 days 15:55:34.140414,62875,6.12,6.11,411,100,-8379,42329
421,RY,2020-03-12,0 days 15:50:40.436285,20670,56.99,56.97,1200,370,936,-4676
422,RY,2020-03-12,0 days 15:50:51.463014,20670,57.0,56.98,200,168,936,-4676
423,RY,2020-03-12,0 days 15:51:04.493134,21606,57.0,56.98,100,200,-4676,936
424,RY,2020-03-12,0 days 15:51:08.502661,20670,57.05,57.01,100,1200,936,-4676
425,RY,2020-03-12,0 days 15:51:14.516258,21606,57.04,57.02,1600,500,-4676,936
426,RY,2020-03-12,0 days 15:51:46.595620,20670,57.06,57.03,400,170,936,-4676
427,RY,2020-03-12,0 days 15:52:01.629046,20670,57.06,57.05,1,200,936,-4676
428,RY,2020-03-12,0 days 15:52:19.672517,21606,57.01,56.98,100,1200,-4676,936
429,RY,2020-03-12,0 days 15:53:13.801482,21509,57.18,57.15,153,800,-4773,839
430,RY,2020-03-12,0 days 15:53:14.804574,20670,57.18,57.17,100,500,839,-4773
431,RY,2020-03-12,0 days 15:53:16.808785,21509,57.18,57.15,1467,200,-4773,839
432,RY,2020-03-12,0 days 15:53:36.856198,21509,57.23,57.21,218,600,-5473,839
433,RY,2020-03-12,0 days 15:53:37.858440,20670,57.26,57.24,200,200,739,-5473
434,RY,2020-03-12,0 days 15:53:44.875342,21409,57.25,57.23,7,406,-5673,839
435,RY,2020-03-12,0 days 15:53:45.880399,20670,57.26,57.25,119,213,739,-5673
436,RY,2020-03-12,0 days 15:54:04.923323,21409,57.3,57.29,21,956,-5873,739
437,RY,2020-03-12,0 days 15:54:06.927987,20670,57.35,57.32,323,1700,739,-5873
438,RY,2020-03-12,0 days 15:54:21.964020,21409,57.47,57.43,700,1200,-6173,739
439,RY,2020-03-12,0 days 15:54:22.967994,20670,57.47,57.45,200,100,739,-6173
440,RY,2020-03-12,0 days 15:54:24.971836,21409,57.46,57.43,1800,512,-6173,739
441,RY,2020-03-12,0 days 15:54:39.004779,20670,57.49,57.47,100,1000,739,-6173
442,RY,2020-03-12,0 days 15:54:42.012132,21409,57.44,57.42,100,400,-6173,739
443,RY,2020-03-12,0 days 15:54:46.022917,20670,57.45,57.43,1600,77,739,-6173
444,RY,2020-03-12,0 days 15:55:35.141177,30279,57.27,57.26,121,400,5739,-949
445,RY,2020-03-12,0 days 15:55:36.143729,29628,57.26,57.25,215,112,-651,5739
446,RY,2020-03-12,0 days 15:55:59.198901,29628,57.3,57.28,100,1200,-651,5349
447,RY,2020-03-12,0 days 15:56:10.225208,29628,57.29,57.27,193,300,-651,5349
448,RY,2020-03-12,0 days 15:57:02.352288,29615,57.32,57.3,100,118,-8157,5436
449,RY,2020-03-12,0 days 15:57:25.408142,30053,57.37,57.35,40,102,-601,7699
450,RY,2020-03-12,0 days 15:57:34.429616,30654,57.37,57.36,28,200,8999,-11159
451,RY,2020-03-12,0 days 15:57:35.433951,30053,57.38,57.36,57,338,-601,8999
452,RY,2020-03-12,0 days 15:57:50.469410,30053,57.34,57.32,16,1800,-601,8999
453,RY,2020-03-12,0 days 15:58:14.528098,30053,57.31,57.29,400,212,-601,10199
454,RY,2020-03-12,0 days 15:58:17.533489,30654,57.29,57.27,1400,580,8399,-10473
455,RY,2020-03-12,0 days 15:58:18.542144,30053,57.29,57.27,1300,382,-601,8399
456,RY,2020-03-12,0 days 15:58:49.611395,31353,57.22,57.2,700,152,-701,7199
457,RY,2020-03-12,0 days 15:59:05.658371,32454,57.26,57.25,100,200,8599,-1173
458,RY,2020-03-12,0 days 15:59:06.654411,31853,57.27,57.24,10,100,-10473,8599
459,RY,2020-03-12,0 days 15:59:20.686308,41133,57.24,57.21,1100,100,20,-873
460,RY,2020-03-12,0 days 15:59:21.689271,41053,57.27,57.23,32,200,-1273,20
461,RY,2020-03-12,0 days 15:59:22.691214,41133,57.23,57.21,898,100,20,-1273
462,RY,2020-03-12,0 days 15:59:23.694128,41153,57.23,57.19,2032,100,-828,20
463,RY,2020-03-12,0 days 15:59:54.769069,43853,57.24,57.15,500,900,-2374,10870
464,RY,2020-03-12,0 days 15:59:55.773391,32083,57.26,57.17,4500,800,11770,-2374
465,SAN,2020-03-12,0 days 15:58:40.694512,220344,2.55,2.54,178624,18396,40729,-82771
466,SAN,2020-03-12,0 days 15:58:46.708126,131373,2.55,2.54,191724,17393,-59771,24929
467,SAN,2020-03-12,0 days 15:59:01.748128,201847,2.55,2.54,207477,1252,38926,-70474
468,SBSW,2020-03-12,0 days 15:58:35.578885,48761,4.79,4.78,700,6803,-305,6059
469,SBSW,2020-03-12,0 days 15:58:38.584541,42702,4.8,4.79,1300,2782,6059,-305
470,SBSW,2020-03-12,0 days 15:59:44.751963,47761,5.01,4.98,500,3014,-1727,259
471,SBSW,2020-03-12,0 days 15:59:46.750569,46480,5.01,4.99,686,400,1281,-11019
472,SLF,2020-03-12,0 days 15:55:04.178381,16137,31.62,31.61,231,200,-673,4269
473,SMFG,2020-03-12,0 days 15:56:31.381171,56804,4.92,4.91,16129,13344,-317,3199
474,SMFG,2020-03-12,0 days 15:56:32.383139,53921,4.92,4.91,16804,11002,2883,-317
475,SPCE,2020-03-12,0 days 15:57:20.395209,44620,13.8,13.77,1200,10,-8941,809
476,SPCE,2020-03-12,0 days 15:57:41.445829,43811,13.78,13.77,5000,300,8909,-841
477,SPCE,2020-03-12,0 days 15:57:47.461590,44420,13.8,13.78,400,469,-9141,809
478,SPCE,2020-03-12,0 days 15:57:49.465506,43811,13.81,13.8,500,200,8909,-841
479,SPCE,2020-03-12,0 days 15:59:39.734126,74868,13.81,13.79,3900,1305,-412,1488
480,SPCE,2020-03-12,0 days 15:59:41.737989,74127,13.81,13.79,3900,1164,775,-12259
481,SPCE,2020-03-12,0 days 15:59:56.773270,69780,13.85,13.81,15404,1200,5122,-7225
482,SPCE,2020-03-12,0 days 16:00:00.782017,74902,13.82,13.8,6391,22399,-6725,5122
483,STWD,2020-03-12,0 days 15:59:14.727416,242117,17.23,17.22,7194,2248,4098,-1628
484,STWD,2020-03-12,0 days 15:59:15.728270,238815,17.23,17.22,11139,300,-3302,4098
485,TRV,2020-03-12,0 days 15:52:15.784867,219461,104.25,104.16,200,100,-172648,22628
486,TRV,2020-03-12,0 days 15:52:46.858669,197836,104.25,104.22,200,194,22928,-171345
487,TRV,2020-03-12,0 days 15:52:48.863964,220764,104.25,104.22,200,194,-171345,22928
488,TRV,2020-03-12,0 days 15:53:38.984331,197836,104.1,104.08,27,338,22928,-171345
489,TRV,2020-03-12,0 days 15:53:39.985889,220764,104.16,104.09,12,100,-171345,22928
490,TRV,2020-03-12,0 days 15:54:00.036113,197836,104.25,104.23,200,200,22928,-171345
491,TRV,2020-03-12,0 days 15:54:05.047937,220764,104.25,104.23,200,301,-171345,22928
492,TRV,2020-03-12,0 days 15:54:53.161158,197836,104.23,104.16,100,161,22928,-171345
493,TRV,2020-03-12,0 days 15:54:54.163557,220764,104.15,104.08,100,106,-171345,22928
494,TRV,2020-03-12,0 days 15:55:03.187356,303789,104.09,104.02,97,15,-209893,71572
495,TSN,2020-03-12,0 days 15:55:01.163670,337328,52.71,52.7,200,211,12525,-6678
496,TSN,2020-03-12,0 days 15:55:02.165386,335253,52.71,52.7,1001,211,-2075,12525
497,TSN,2020-03-12,0 days 15:55:24.219718,336881,52.7,52.69,400,501,-1782,1618
498,TSN,2020-03-12,0 days 15:56:24.364725,342726,52.71,52.7,901,500,16496,-2708
499,TSN,2020-03-12,0 days 15:56:25.367458,340822,52.71,52.7,100,500,-1904,16496
500,TSN,2020-03-12,0 days 15:56:38.398175,340774,52.71,52.7,124,713,-1915,15585
501,TSN,2020-03-12,0 days 15:56:59.450066,343439,52.71,52.7,1451,1181,264,-53
502,TSN,2020-03-12,0 days 15:57:00.451493,341703,52.71,52.7,1115,1193,-1736,264
503,TSN,2020-03-12,0 days 15:57:29.522648,343752,52.69,52.68,402,10,16811,-3293
504,TWLO,2020-03-12,0 days 15:57:11.432653,114857,78.25,78.21,84,300,-20904,2787
505,TWLO,2020-03-12,0 days 15:57:12.434679,113661,78.32,78.23,300,300,1096,-20904
506,TWLO,2020-03-12,0 days 15:57:17.446470,114557,78.32,78.25,100,200,-4032,1096
507,TWLO,2020-03-12,0 days 15:57:18.449345,113889,78.32,78.25,100,228,668,-4032
508,TWLO,2020-03-12,0 days 15:57:23.462698,113789,78.35,78.26,200,418,691,-1009
509,TWLO,2020-03-12,0 days 15:57:31.481282,114680,78.34,78.26,297,585,-20809,2682
510,TWLO,2020-03-12,0 days 15:57:32.484441,113989,78.32,78.26,397,585,691,-20809
511,TWLO,2020-03-12,0 days 15:57:36.493042,115280,78.22,78.16,300,200,-77,423
512,TWLO,2020-03-12,0 days 15:57:37.495689,114557,78.19,78.14,268,271,723,-77
513,TWLO,2020-03-12,0 days 15:57:46.517439,115680,78.13,78.06,200,100,-20845,25546
514,TWLO,2020-03-12,0 days 15:57:47.521532,115425,78.13,78.05,228,122,255,-20845
515,TWLO,2020-03-12,0 days 15:57:57.541820,115380,78.22,78.14,100,251,-23245,1546
516,TWLO,2020-03-12,0 days 15:57:58.545017,114525,78.22,78.15,101,200,855,-23245
517,TWLO,2020-03-12,0 days 15:58:03.557700,114947,78.25,78.21,5,310,-23210,24181
518,TWLO,2020-03-12,0 days 15:58:19.595568,114747,78.28,78.25,400,344,-24242,2981
519,TWLO,2020-03-12,0 days 15:58:20.597363,114189,78.28,78.25,400,444,591,-24242
520,TWLO,2020-03-12,0 days 15:58:26.612304,114189,78.29,78.24,209,1168,491,-24209
521,TWLO,2020-03-12,0 days 15:58:32.627081,114089,78.31,78.27,143,1181,458,-742
522,TWLO,2020-03-12,0 days 15:58:49.666377,114780,78.35,78.34,200,300,-24641,2849
523,TWLO,2020-03-12,0 days 15:58:50.668393,114621,78.35,78.34,200,300,59,-24641
524,TWLO,2020-03-12,0 days 15:59:05.707995,114880,78.35,78.34,625,806,-3606,1950
525,TWLO,2020-03-12,0 days 15:59:06.709676,113286,78.35,78.34,625,806,1694,-3606
526,TWLO,2020-03-12,0 days 15:59:41.791524,131949,78.22,78.21,1000,364,655,-5952
527,TWLO,2020-03-12,0 days 15:59:45.800969,107817,78.21,78.19,1600,622,25087,-2084
528,TWLO,2020-03-12,0 days 15:59:49.811468,131403,78.22,78.21,1206,395,1301,-399
529,UBS,2020-03-12,0 days 15:56:31.382941,38727,8.32,8.31,25847,22921,-668,3740
530,UBS,2020-03-12,0 days 15:56:32.385244,36595,8.32,8.31,25654,23040,2132,-668
531,UBS,2020-03-12,0 days 15:58:47.714094,64580,8.31,8.3,36733,7620,-1385,9629
532,UBS,2020-03-12,0 days 15:58:48.725008,60165,8.31,8.3,35929,2598,4415,-1385
533,UBS,2020-03-12,0 days 15:58:58.739914,59780,8.31,8.3,34710,4110,-385,4415
534,UBS,2020-03-12,0 days 15:58:59.743457,55865,8.31,8.3,36653,4109,3915,-385
535,UDR,2020-03-12,0 days 15:56:43.412437,310066,41.62,41.61,100,1000,-867,13550
536,UDR,2020-03-12,0 days 15:57:21.505466,392786,41.55,41.54,700,200,6173,-667
537,UNP,2020-03-12,0 days 15:56:54.440537,589425,132.61,132.5,200,2,-18468,8042
538,UNP,2020-03-12,0 days 15:56:55.443657,584759,132.56,132.48,100,100,4666,-18468
539,UNP,2020-03-12,0 days 15:56:58.451651,592551,132.32,132.25,100,100,-17547,94148
540,UNP,2020-03-12,0 days 15:56:59.453276,587698,132.21,132.11,100,100,7196,-17547
541,UNP,2020-03-12,0 days 15:57:31.534509,596214,132.61,132.59,200,300,-14400,8400
542,UNP,2020-03-12,0 days 15:57:32.531485,590914,132.61,132.59,200,400,5300,-14400
543,UNP,2020-03-12,0 days 15:57:49.574259,596973,132.28,132.2,400,200,-18041,98310
544,UNP,2020-03-12,0 days 15:57:50.576624,592014,132.28,132.21,400,100,5959,-18041
545,UNP,2020-03-12,0 days 15:57:57.593442,597973,132.41,132.33,200,330,-1441,5720
546,UNP,2020-03-12,0 days 15:57:58.593551,592914,132.41,132.33,100,500,5059,-1441
547,UNP,2020-03-12,0 days 15:58:02.603150,596973,132.54,132.43,1,200,-24905,75446
548,UNP,2020-03-12,0 days 15:58:03.607893,592678,132.54,132.43,1,101,4295,-24905
549,UNP,2020-03-12,0 days 15:58:05.613083,597973,132.37,132.22,102,100,-16905,105646
550,UNP,2020-03-12,0 days 15:58:06.616337,499527,132.34,132.25,200,200,99446,-16905
551,UNP,2020-03-12,0 days 15:58:07.617886,598973,132.24,132.13,100,100,-16005,99446
552,UNP,2020-03-12,0 days 15:58:08.621988,593807,132.24,132.13,300,100,5166,-16005
553,USA,2020-03-12,0 days 15:59:00.745893,1450,4.66,4.65,9775,1912,-1866,390
554,VEEV,2020-03-12,0 days 15:56:17.738271,129766,135.28,135.06,500,200,338,-2962
555,VEEV,2020-03-12,0 days 15:56:18.740455,123604,135.28,135.06,582,200,-6162,338
556,VIV,2020-03-12,0 days 15:55:25.224778,32787,10.21,10.2,147,1800,14144,-1818
557,VIV,2020-03-12,0 days 15:55:26.226995,31531,10.21,10.2,100,2302,-1256,14144
558,VIV,2020-03-12,0 days 15:56:50.429403,32597,10.16,10.15,2557,401,1180,-1050
559,VIV,2020-03-12,0 days 15:56:51.432233,31577,10.16,10.15,2257,401,-1020,1180
560,VIV,2020-03-12,0 days 15:56:56.447009,32597,10.14,10.13,600,600,2680,-1020
561,VIV,2020-03-12,0 days 15:56:57.447543,31577,10.14,10.13,1300,600,-1020,2680
562,VIV,2020-03-12,0 days 15:59:10.770726,35703,10.14,10.13,4292,2741,2274,-826
563,VIV,2020-03-12,0 days 15:59:11.773218,34877,10.14,10.13,4092,3237,-826,2274
564,WEC,2020-03-12,0 days 15:59:44.753325,287677,91.56,91.52,158,100,-7207,23234
565,WEC,2020-03-12,0 days 15:59:45.756145,286684,91.6,91.52,300,100,993,-7207
566,WEC,2020-03-12,0 days 15:59:47.765851,285277,91.6,91.52,204,100,-1407,993
567,WEC,2020-03-12,0 days 15:59:48.763785,219344,91.6,91.57,94,221,65933,-1407
568,WEC,2020-03-12,0 days 15:59:49.782102,285277,91.68,91.62,2594,1245,-61073,65933
569,WEC,2020-03-12,0 days 15:59:50.778242,281850,91.72,91.65,800,980,2027,-61073
570,WU,2020-03-12,0 days 15:58:33.695466,955297,20.75,20.74,9243,3611,13920,-16080
571,WU,2020-03-12,0 days 15:58:34.697931,937517,20.75,20.74,9237,3611,-17780,13920
572,YELP,2020-03-12,0 days 15:56:36.396498,185382,21.81,21.8,1938,1,-16770,4960
573,YELP,2020-03-12,0 days 15:56:37.399574,193924,21.8,21.79,558,345,158,-16770
574,ZEN,2020-03-12,0 days 15:55:03.076949,76812,61.11,61.01,347,160,1582,-1053
575,ZEN,2020-03-12,0 days 15:55:04.079100,75548,61.11,61.01,347,160,-1264,1582
