,Symbol,Timestamp,TIME,iPaired,Ask_P,Bid_P,Ask_S,Bid_S,iShares,PreviShares
0,AA,2020-12-07,0 days 15:55:00.229996,174932,23.35,23.34,500,3274,-8142,75190
1,AA,2020-12-07,0 days 15:55:10.230610,174606,23.33,23.32,1500,2600,326,-74
2,AA,2020-12-07,0 days 15:55:27.231852,174606,23.33,23.32,2180,600,398,-2
3,AA,2020-12-07,0 days 15:55:28.232158,175016,23.34,23.33,3123,1800,-3165,398
4,AA,2020-12-07,0 days 15:55:38.232282,177681,23.35,23.34,500,1973,1344,-1265
5,AA,2020-12-07,0 days 15:57:02.234207,181344,23.37,23.36,5786,221,-7137,2163
6,AA,2020-12-07,0 days 15:57:58.235234,182921,23.36,23.35,1717,2201,723,-377
7,AA,2020-12-07,0 days 15:57:59.235226,183644,23.36,23.35,1846,1501,-1077,723
8,AA,2020-12-07,0 days 15:59:10.239510,183476,23.36,23.35,2531,2237,21688,-3819
9,AA,2020-12-07,0 days 15:59:12.239574,207692,23.36,23.35,600,2824,-1384,816
10,AA,2020-12-07,0 days 15:59:13.239302,209476,23.37,23.35,3510,4324,356,-1384
11,AA,2020-12-07,0 days 15:59:32.235500,211293,23.36,23.35,3200,2420,-587,377
12,AA,2020-12-07,0 days 15:59:50.240949,178151,23.37,23.36,3158,4600,33142,-4409
13,ABB,2020-12-07,0 days 15:55:00.238167,15987,26.91,26.9,1200,13669,311,-5327
14,ABB,2020-12-07,0 days 15:57:07.242147,17902,26.92,26.91,13860,8940,-90,1915
15,ABB,2020-12-07,0 days 15:59:04.245954,17992,26.91,26.9,1500,25025,240,-55
16,ABB,2020-12-07,0 days 15:59:46.246685,18274,26.91,26.9,8802,19670,485,-15
17,ABBV,2020-12-07,0 days 15:59:16.260859,1328261,105.83,105.8,100,400,80710,-251957
18,ABBV,2020-12-07,0 days 15:59:31.262912,1427534,105.77,105.75,100,200,-2894,43847
19,ABBV,2020-12-07,0 days 15:59:32.262952,1424282,105.79,105.77,1300,300,3032,-2894
20,ABBV,2020-12-07,0 days 15:59:33.263907,1425464,105.84,105.82,431,300,-8931,3032
21,ABBV,2020-12-07,0 days 15:59:34.263867,1422795,105.84,105.81,200,318,3270,-8931
22,ABBV,2020-12-07,0 days 15:59:38.261796,1423549,105.86,105.83,481,950,968,-15259
23,ABBV,2020-12-07,0 days 15:59:43.263255,1408312,105.85,105.82,194,750,26231,-20720
24,ABEV,2020-12-07,0 days 15:59:36.259878,109481,2.95,2.94,80869,889592,45139,-53061
25,ABEV,2020-12-07,0 days 15:59:37.258957,106820,2.95,2.94,95619,878992,-2661,45139
26,ABT,2020-12-07,0 days 15:55:01.251811,1372881,107.12,107.11,512,707,-1800,46492
27,ABT,2020-12-07,0 days 15:55:24.254780,1374681,107.1,107.08,2004,1246,1650,-788
28,ABT,2020-12-07,0 days 15:55:25.255131,1376331,107.1,107.08,2004,1346,-1552,1650
29,ABT,2020-12-07,0 days 15:55:39.255400,1402607,107.1,107.08,400,100,3440,-24460
30,ABT,2020-12-07,0 days 15:55:40.255653,1400147,107.1,107.08,800,700,-2460,3440
31,ABT,2020-12-07,0 days 15:55:57.255853,1403044,107.08,107.06,1311,601,41,-2297
32,ABT,2020-12-07,0 days 15:56:03.256449,1378415,107.14,107.11,738,510,-1459,22341
33,ABT,2020-12-07,0 days 15:56:13.256176,1380774,107.09,107.08,200,1097,14094,-606
34,ABT,2020-12-07,0 days 15:57:26.258303,1403985,107.11,107.1,1671,1393,-1763,20068
35,ABT,2020-12-07,0 days 15:57:31.258081,1405748,107.12,107.11,487,1100,6245,-2655
36,ABT,2020-12-07,0 days 15:59:05.262480,1401635,107.2,107.19,300,1000,-6506,8076
37,ABT,2020-12-07,0 days 15:59:12.263134,1411750,107.17,107.15,500,501,3865,-7741
38,ACB,2020-12-07,0 days 15:55:00.231005,58556,10.45,10.44,8811,2935,1801,-8823
39,ACB,2020-12-07,0 days 15:57:24.235520,72857,10.46,10.45,13725,3102,-1199,1801
40,ACB,2020-12-07,0 days 15:57:25.235338,69656,10.46,10.45,16425,2902,3201,-1199
41,ACB,2020-12-07,0 days 15:58:02.237149,43069,10.46,10.45,12328,3102,-26587,3501
42,ACB,2020-12-07,0 days 15:58:03.236944,42556,10.46,10.45,13028,2002,513,-26587
43,ACB,2020-12-07,0 days 15:59:06.239597,69507,10.45,10.44,10885,2500,6393,-1673
44,ACB,2020-12-07,0 days 15:59:33.235863,73407,10.45,10.44,3300,6562,2493,-6007
45,ACI,2020-12-07,0 days 15:55:00.252954,59632,14.87,14.86,795,2839,1321,-7674
46,ACI,2020-12-07,0 days 15:59:00.267402,68726,14.85,14.84,3832,887,-2087,3656
47,ACI,2020-12-07,0 days 15:59:01.264011,66613,14.85,14.84,2532,1287,1013,-2087
48,ADM,2020-12-07,0 days 15:59:32.245595,454658,50.09,50.07,503,1211,1458,-6543
49,ADM,2020-12-07,0 days 15:59:50.250429,429951,50.08,50.07,560,314,-26367,8133
50,ADT,2020-12-07,0 days 15:55:00.253977,89422,8.09,8.08,8525,16793,4507,-16768
51,ADT,2020-12-07,0 days 15:57:05.258532,95329,8.1,8.09,5410,6679,-108,2532
52,ADT,2020-12-07,0 days 15:57:47.258649,95437,8.1,8.09,4956,5254,92,-108
53,ADT,2020-12-07,0 days 15:57:50.258774,95529,8.1,8.09,4856,5554,-208,92
54,ADT,2020-12-07,0 days 15:59:06.264777,106328,8.12,8.11,6459,17188,2979,-2229
55,ADT,2020-12-07,0 days 15:59:08.262736,105381,8.12,8.11,7529,17503,-947,2553
56,ADT,2020-12-07,0 days 15:59:45.262809,110442,8.12,8.11,10902,14372,6903,-697
57,AEG,2020-12-07,0 days 15:59:37.234953,60961,3.76,3.75,151630,208259,-26796,1904
58,AEG,2020-12-07,0 days 15:59:38.234677,59057,3.76,3.75,151630,189959,1904,-26796
59,AEO,2020-12-07,0 days 15:55:00.295035,101741,19.47,19.46,1209,4162,645,-30905
60,AEO,2020-12-07,0 days 15:55:17.295582,102386,19.48,19.47,220,7108,-1355,645
61,AEO,2020-12-07,0 days 15:57:10.300431,117927,19.5,19.49,3135,4317,1959,-1341
62,AEO,2020-12-07,0 days 15:57:11.300314,116486,19.5,19.49,3135,4317,-1141,1959
63,AEO,2020-12-07,0 days 15:59:06.305232,122636,19.51,19.5,836,5891,433,-2667
64,AEO,2020-12-07,0 days 15:59:08.304984,120200,19.51,19.5,1336,6601,-1936,433
65,AEO,2020-12-07,0 days 15:59:11.305523,122636,19.51,19.5,1200,5529,8523,-1936
66,AEO,2020-12-07,0 days 15:59:31.302537,119859,19.5,19.49,3971,1400,-492,2008
67,AEO,2020-12-07,0 days 15:59:33.300968,120751,19.5,19.49,800,6800,221,-492
68,AEO,2020-12-07,0 days 15:59:34.300757,120072,19.5,19.49,600,6800,-679,221
69,AEO,2020-12-07,0 days 15:59:36.300373,120751,19.5,19.49,500,8300,421,-679
70,AEO,2020-12-07,0 days 15:59:37.300766,120672,19.5,19.49,1000,7710,-79,421
71,AER,2020-12-07,0 days 15:55:00.222420,51916,41.64,41.61,213,300,840,-1456
72,AER,2020-12-07,0 days 15:56:48.225726,52656,41.78,41.77,231,679,-309,41
73,AER,2020-12-07,0 days 15:56:49.226294,51965,41.78,41.77,131,783,691,-309
74,AER,2020-12-07,0 days 15:57:08.226340,53322,41.77,41.75,131,100,-815,621
75,AER,2020-12-07,0 days 15:57:09.226633,52737,41.76,41.73,338,403,585,-815
76,AER,2020-12-07,0 days 15:57:10.226757,53322,41.76,41.73,538,403,-115,585
77,AER,2020-12-07,0 days 15:57:11.226649,52837,41.76,41.73,638,403,485,-115
78,AER,2020-12-07,0 days 15:57:26.227429,53322,41.75,41.73,200,400,-39846,185
79,AER,2020-12-07,0 days 15:59:03.231732,87353,41.66,41.64,183,400,5643,-2140
80,AER,2020-12-07,0 days 15:59:04.233284,84625,41.68,41.65,100,520,-3034,5643
81,AER,2020-12-07,0 days 15:59:14.233882,88059,41.7,41.65,343,100,318,-1382
82,AER,2020-12-07,0 days 15:59:15.231010,86952,41.7,41.64,343,100,-707,318
83,AER,2020-12-07,0 days 15:59:20.230982,87659,41.7,41.63,283,100,2193,-7
84,AER,2020-12-07,0 days 15:59:21.231078,86652,41.67,41.64,304,100,-1820,2193
85,AER,2020-12-07,0 days 15:59:24.231357,86693,41.72,41.61,1000,400,59,-41
86,AER,2020-12-07,0 days 15:59:56.233362,46693,41.61,41.59,200,200,37089,-3111
87,AER,2020-12-07,0 days 15:59:57.235140,83582,41.69,41.59,300,500,-3111,37089
88,AER,2020-12-07,0 days 16:00:00.232820,46693,41.69,41.57,200,100,37089,-3111
89,AES,2020-12-07,0 days 15:57:11.242519,316252,20.9,20.89,8257,5389,1218,-12482
90,AES,2020-12-07,0 days 15:57:12.243196,308070,20.9,20.89,7557,5389,-8982,1218
91,AES,2020-12-07,0 days 15:59:15.245262,330684,20.89,20.88,3838,6184,783,-2598
92,AES,2020-12-07,0 days 15:59:30.248261,328957,20.88,20.87,5102,6882,-327,3373
93,AG,2020-12-07,0 days 15:59:01.246058,32848,11.39,11.38,31519,1218,-5090,6710
94,AG,2020-12-07,0 days 15:59:02.245237,26038,11.39,11.38,33619,100,3505,-5090
95,AG,2020-12-07,0 days 15:59:36.245535,32680,11.39,11.38,27981,9099,-1637,2063
96,AG,2020-12-07,0 days 15:59:37.245672,32517,11.39,11.38,27981,9099,163,-1637
97,AG,2020-12-07,0 days 15:59:46.246779,32680,11.39,11.38,25181,3605,-1260,163
98,AG,2020-12-07,0 days 15:59:47.246138,32540,11.39,11.38,20381,6305,140,-1260
99,AGI,2020-12-07,0 days 15:55:50.260617,32559,9.29,9.28,1125,51048,-785,4915
100,AHT,2020-12-07,0 days 15:59:01.304026,101915,2.7,2.69,393,2960,-2485,12866
101,AHT,2020-12-07,0 days 15:59:02.305580,96600,2.7,2.69,393,2960,5315,-2485
102,AIG,2020-12-07,0 days 15:59:13.247059,892796,39.83,39.82,1955,1218,-3010,29064
103,AIG,2020-12-07,0 days 15:59:17.244712,967066,39.82,39.81,3252,100,-5450,10650
104,AIG,2020-12-07,0 days 15:59:18.244748,972516,39.82,39.81,3352,155,3599,-5450
105,AIG,2020-12-07,0 days 15:59:21.245096,949715,39.81,39.8,4492,100,-3722,14078
106,AIG,2020-12-07,0 days 15:59:46.247231,952056,39.79,39.78,2192,700,26402,-635
107,AIG,2020-12-07,0 days 15:59:51.247301,962058,39.79,39.78,1435,1350,-316,2402
108,ALK,2020-12-07,0 days 15:55:00.256443,88655,51.13,51.1,200,1210,408,-22315
109,ALK,2020-12-07,0 days 15:55:40.259172,90602,51.08,51.06,100,494,-155,350
110,ALK,2020-12-07,0 days 15:55:41.259825,90357,51.08,51.06,100,400,245,-155
111,ALK,2020-12-07,0 days 15:59:06.265713,104294,51.01,51.0,200,168,-667,15
112,ALK,2020-12-07,0 days 15:59:07.266102,103361,51.01,51.0,100,621,1033,-667
113,ALK,2020-12-07,0 days 15:59:13.265547,110384,50.99,50.97,256,400,-8967,2441
114,ALK,2020-12-07,0 days 15:59:14.265974,109851,50.99,50.97,300,566,533,-8967
115,ALK,2020-12-07,0 days 15:59:24.261408,107268,51.01,50.99,400,100,378,-2022
116,ALK,2020-12-07,0 days 15:59:46.262496,107122,51.03,51.01,100,1444,434,-1576
117,ALK,2020-12-07,0 days 15:59:52.262554,107556,51.04,51.01,100,100,-66,434
118,ALK,2020-12-07,0 days 15:59:53.262063,107322,51.04,51.0,100,200,434,-66
119,ALLY,2020-12-07,0 days 15:55:00.295531,137423,32.0,31.99,679,14899,-5893,33961
120,ALLY,2020-12-07,0 days 15:55:21.295947,145866,32.0,31.99,6027,5272,3594,-8256
121,ALLY,2020-12-07,0 days 15:57:51.300904,151780,31.97,31.96,17097,10269,-6636,164
122,ALLY,2020-12-07,0 days 15:59:08.305082,162707,31.96,31.94,6813,1300,3553,-8461
123,ALLY,2020-12-07,0 days 15:59:13.305911,192960,31.97,31.95,11341,9022,-5834,7853
124,ALLY,2020-12-07,0 days 15:59:50.306481,185260,32.0,31.99,3300,6373,10017,-9083
125,AM,2020-12-07,0 days 15:55:44.233203,70463,7.51,7.5,12924,5897,-1742,2159
126,AM,2020-12-07,0 days 15:55:49.232377,73641,7.51,7.5,13681,4833,12,-3178
127,AM,2020-12-07,0 days 15:56:03.232915,73653,7.51,7.5,13215,5138,-906,12
128,AM,2020-12-07,0 days 15:57:49.235389,75659,7.51,7.5,19244,1506,1149,-1981
129,AM,2020-12-07,0 days 15:59:01.239919,76647,7.51,7.5,7377,3597,-611,1892
130,AMCR,2020-12-07,0 days 15:59:08.239152,1031696,11.37,11.36,2327,44034,9983,-40066
131,AMCR,2020-12-07,0 days 15:59:15.234258,1025571,11.37,11.36,3790,49986,44834,-20064
132,AMCR,2020-12-07,0 days 15:59:33.235623,1029590,11.37,11.36,7339,34827,-1730,1859
133,AMCR,2020-12-07,0 days 15:59:50.241429,977308,11.36,11.35,18093,26087,-57644,9357
134,AMT,2020-12-07,0 days 15:55:49.240293,437053,224.64,224.44,200,200,-10368,26578
135,AMT,2020-12-07,0 days 15:58:32.243902,458798,224.07,224.0,200,100,870,-2530
136,AMT,2020-12-07,0 days 15:58:33.243884,455768,224.05,224.0,100,100,-3030,870
137,AMT,2020-12-07,0 days 15:58:45.245287,458798,224.11,224.04,100,747,1064,-3536
138,AMT,2020-12-07,0 days 15:58:46.243728,455762,224.11,224.06,100,100,-3036,1064
139,AMT,2020-12-07,0 days 15:59:09.246001,459527,224.31,224.25,100,806,128,-2576
140,AMT,2020-12-07,0 days 15:59:11.246025,456996,224.37,224.25,200,797,-2579,1721
141,AMT,2020-12-07,0 days 15:59:37.245760,461640,224.27,224.15,300,200,4812,-533
142,AMT,2020-12-07,0 days 15:59:38.244974,460952,224.27,224.15,400,200,-688,4812
143,AMT,2020-12-07,0 days 15:59:45.247881,461990,224.29,224.15,200,300,617,-833
144,AMT,2020-12-07,0 days 15:59:47.246253,461957,224.29,224.15,300,300,-533,5021
145,AMT,2020-12-07,0 days 15:59:49.246283,462490,224.29,224.15,400,300,153,-333
146,AMT,2020-12-07,0 days 15:59:50.250589,461743,224.29,224.15,430,200,-747,153
147,AMWL,2020-12-07,0 days 15:59:05.248783,62642,28.85,28.81,100,811,-4587,8526
148,AMWL,2020-12-07,0 days 15:59:06.249432,60829,28.85,28.78,200,100,1813,-4587
149,AMX,2020-12-07,0 days 15:56:24.233142,121598,14.55,14.54,13058,6717,107,-3170
150,AMX,2020-12-07,0 days 15:59:35.235645,125253,14.53,14.52,15553,9237,848,-852
151,AMX,2020-12-07,0 days 15:59:48.237111,120366,14.51,14.5,20650,6299,-3187,7313
152,APLE,2020-12-07,0 days 15:59:32.237118,260403,12.75,12.74,6272,8667,5037,-7411
153,APLE,2020-12-07,0 days 15:59:33.237614,249840,12.75,12.74,3172,9567,-10563,5037
154,APLE,2020-12-07,0 days 15:59:45.238931,260403,12.73,12.72,7252,5100,636,-4072
155,APLE,2020-12-07,0 days 15:59:48.237282,258239,12.73,12.72,11257,3048,-2164,636
156,AR,2020-12-07,0 days 15:55:00.237833,335711,4.09,4.08,25092,10479,-4912,12277
157,AR,2020-12-07,0 days 15:55:45.241029,340723,4.09,4.08,6701,37294,8888,-5012
158,AR,2020-12-07,0 days 15:55:46.244032,337711,4.09,4.08,5901,36394,-3012,8888
159,AR,2020-12-07,0 days 15:56:09.240675,340723,4.09,4.08,5414,31338,14325,-3012
160,AR,2020-12-07,0 days 15:56:10.240304,339648,4.09,4.08,5414,34138,-1075,14325
161,AR,2020-12-07,0 days 15:59:31.245378,353700,4.08,4.07,10200,43311,-325,2575
162,ARLO,2020-12-07,0 days 15:55:00.229330,81723,7.2,7.19,3604,282,-1155,35806
163,ARLO,2020-12-07,0 days 15:55:47.232382,82878,7.22,7.21,309,797,835,-265
164,ARLO,2020-12-07,0 days 15:55:48.232414,83734,7.22,7.21,300,797,-436,835
165,ARLO,2020-12-07,0 days 15:57:49.235296,85898,7.22,7.2,1116,1000,1071,-364
166,ARLO,2020-12-07,0 days 15:59:01.239643,85336,7.23,7.21,368,636,-670,1560
167,ARLO,2020-12-07,0 days 15:59:07.239673,85522,7.22,7.21,100,300,1614,-786
168,ARLO,2020-12-07,0 days 15:59:14.239612,86290,7.23,7.21,100,1232,3712,-254
169,ARLO,2020-12-07,0 days 15:59:46.236881,89087,7.22,7.2,562,2300,-816,1597
170,ARMK,2020-12-07,0 days 15:55:00.222217,121573,37.92,37.89,100,287,-33203,11719
171,ARMK,2020-12-07,0 days 15:59:32.231492,175911,37.92,37.88,1950,100,1165,-1016
172,ARMK,2020-12-07,0 days 15:59:42.232326,172511,37.88,37.85,100,400,11279,-2335
173,ARMK,2020-12-07,0 days 15:59:43.232137,171490,37.89,37.86,200,300,-1021,11279
174,ATI,2020-12-07,0 days 15:55:39.296874,94603,17.36,17.35,991,2936,645,-1070
175,ATI,2020-12-07,0 days 15:59:08.304867,83441,17.39,17.38,600,1575,-19644,4956
176,ATI,2020-12-07,0 days 15:59:09.305645,101285,17.39,17.37,2225,1700,4556,-19644
177,ATI,2020-12-07,0 days 15:59:50.306080,118455,17.37,17.36,2718,100,-5436,5464
178,ATUS,2020-12-07,0 days 15:59:50.305570,318404,35.03,35.02,10672,1400,-22526,19874
179,AU,2020-12-07,0 days 15:57:05.242692,74508,22.79,22.78,3376,2275,-940,1497
180,AU,2020-12-07,0 days 15:57:06.242438,73548,22.78,22.77,5150,1355,960,-940
181,AU,2020-12-07,0 days 15:59:20.245461,82793,22.78,22.77,1715,4249,-1641,265
182,AU,2020-12-07,0 days 15:59:21.245062,81834,22.78,22.77,1015,4149,959,-1641
183,AU,2020-12-07,0 days 15:59:46.246838,83993,22.77,22.76,412,5900,-5555,1059
184,AUY,2020-12-07,0 days 15:58:00.229655,76130,5.75,5.74,42655,415710,-87,2771
185,AUY,2020-12-07,0 days 15:58:51.231414,78817,5.75,5.74,66180,478317,12917,-3622
186,AUY,2020-12-07,0 days 15:59:01.232886,91734,5.75,5.74,51172,482045,-1076,12917
187,AUY,2020-12-07,0 days 15:59:37.232141,105196,5.76,5.75,356600,102105,9573,-627
188,AUY,2020-12-07,0 days 15:59:38.231803,104569,5.76,5.75,356500,101705,-127,9573
189,AVTR,2020-12-07,0 days 15:55:00.239471,223203,27.45,27.43,1769,3376,-12801,20883
190,AVTR,2020-12-07,0 days 15:59:50.249218,257186,27.45,27.44,2068,1750,14679,-12706
191,AXP,2020-12-07,0 days 15:55:44.236039,536018,123.75,123.73,600,536,-3617,590
192,AXP,2020-12-07,0 days 15:56:04.237167,539574,123.62,123.6,300,302,1606,-1945
193,AXP,2020-12-07,0 days 15:56:30.236915,537767,123.69,123.66,200,553,2803,-497
194,AXP,2020-12-07,0 days 15:56:33.236598,540570,123.7,123.68,500,200,-497,2723
195,AXP,2020-12-07,0 days 15:57:36.239172,539748,123.74,123.71,100,200,1199,-8326
196,AXP,2020-12-07,0 days 15:57:48.239202,541047,123.75,123.73,100,700,-1301,1207
197,AXP,2020-12-07,0 days 15:57:49.239806,535348,123.75,123.73,100,600,5286,-1301
198,AXP,2020-12-07,0 days 15:58:38.240463,543476,123.89,123.86,400,500,-14211,1269
199,AXP,2020-12-07,0 days 15:58:39.240776,539687,123.89,123.86,400,553,3395,-14211
200,AXP,2020-12-07,0 days 15:58:42.240468,543556,123.89,123.85,285,251,-1631,1669
201,AXP,2020-12-07,0 days 15:58:43.240539,542687,123.89,123.85,485,351,869,-1631
202,AXP,2020-12-07,0 days 15:58:46.240796,543635,123.88,123.84,236,220,-4052,6348
203,AXP,2020-12-07,0 days 15:58:47.240611,542687,123.9,123.85,200,100,869,-4052
204,AXP,2020-12-07,0 days 15:59:09.242777,546508,123.89,123.84,300,100,-4737,10574
205,AXP,2020-12-07,0 days 15:59:10.242535,536276,123.92,123.87,100,300,10073,-4737
206,AXP,2020-12-07,0 days 15:59:16.235812,605852,123.97,123.93,300,116,-5726,6369
207,AXP,2020-12-07,0 days 15:59:20.236931,603679,123.96,123.91,200,100,3773,-6
208,AXP,2020-12-07,0 days 15:59:24.236686,608084,123.88,123.84,200,100,-10053,13468
209,AXP,2020-12-07,0 days 15:59:25.236174,603937,123.91,123.87,200,100,4147,-10053
210,AXP,2020-12-07,0 days 15:59:33.237512,608099,123.91,123.87,400,400,-8059,7342
211,AXP,2020-12-07,0 days 15:59:34.237254,603258,123.87,123.84,200,629,4841,-8059
212,AXP,2020-12-07,0 days 15:59:37.236852,607467,123.95,123.91,461,600,-11731,4841
213,AXP,2020-12-07,0 days 15:59:38.237270,597898,123.94,123.87,100,504,10122,-11731
214,AXP,2020-12-07,0 days 15:59:39.237691,608020,123.91,123.86,400,800,-238,10122
215,AXP,2020-12-07,0 days 15:59:46.237770,609658,123.9,123.87,1000,100,9538,-2038
216,BA,2020-12-07,0 days 15:59:15.302326,978992,237.8,237.69,200,600,119238,-131936
217,BABA,2020-12-07,0 days 15:59:24.260254,1396433,264.06,263.89,100,500,9847,-2897
218,BABA,2020-12-07,0 days 15:59:25.260101,1396317,264.06,263.97,100,113,-116,9847
219,BABA,2020-12-07,0 days 15:59:38.260667,1396433,264.05,264.01,500,505,10503,-2197
220,BABA,2020-12-07,0 days 15:59:55.256851,1396433,264.05,263.96,100,100,7011,-6589
221,BAC,2020-12-07,0 days 15:55:00.230017,5566825,29.03,29.02,37105,55500,25724,-671410
222,BAC,2020-12-07,0 days 15:55:30.231967,5579342,29.05,29.04,40904,67622,6642,-5926
223,BAC,2020-12-07,0 days 15:55:47.232430,5572768,29.07,29.06,54743,71172,11203,-32358
224,BAC,2020-12-07,0 days 15:57:16.234609,5617135,29.07,29.06,92980,37595,-1683,2078
225,BAC,2020-12-07,0 days 15:57:36.235306,5702274,29.05,29.04,70786,15935,-8201,154450
226,BAC,2020-12-07,0 days 15:57:41.235547,5696239,29.04,29.03,108980,13595,-5848,61140
227,BAC,2020-12-07,0 days 15:57:50.235458,5702087,29.03,29.02,96516,7318,47740,-5848
228,BAC,2020-12-07,0 days 15:57:51.235084,5696239,29.03,29.02,94315,19718,-1648,47740
229,BAC,2020-12-07,0 days 15:57:59.235226,5699687,29.03,29.02,36678,67257,3540,-51447
230,BAC,2020-12-07,0 days 15:58:01.237454,5703227,29.04,29.03,69421,77275,-33460,3540
231,BAC,2020-12-07,0 days 15:58:25.237089,5706169,29.05,29.04,55473,80431,43656,-4044
232,BAC,2020-12-07,0 days 15:58:26.236711,5699125,29.05,29.04,40373,81567,-7044,43656
233,BAC,2020-12-07,0 days 15:59:11.238977,5901674,29.07,29.06,16462,68959,148278,-15602
234,BAC,2020-12-07,0 days 15:59:14.239804,6049952,29.08,29.07,67838,42109,-3661,604
235,BAC,2020-12-07,0 days 15:59:15.235445,6053613,29.08,29.07,52289,29247,576152,-3661
236,BAC-O,2020-12-07,0 days 15:57:18.240822,438,26.14,26.02,294,100,-162,38
237,BAM,2020-12-07,0 days 15:55:51.224944,27823,41.87,41.86,1389,1402,349,-751
238,BAM,2020-12-07,0 days 15:55:52.224971,27072,41.87,41.86,1366,1561,-751,349
239,BAM,2020-12-07,0 days 15:57:08.226458,29908,41.88,41.87,538,1514,975,-329
240,BAM,2020-12-07,0 days 15:57:09.226726,28883,41.88,41.87,938,2114,-1025,975
241,BAM,2020-12-07,0 days 15:57:23.227306,31908,41.88,41.87,1589,1620,1775,-325
242,BAM,2020-12-07,0 days 15:57:24.227298,31483,41.88,41.87,1789,1620,-425,1775
243,BAM,2020-12-07,0 days 15:58:57.231384,33813,41.91,41.9,4238,748,67,-530
244,BAM,2020-12-07,0 days 15:58:58.231573,33280,41.91,41.9,3978,748,-533,67
245,BAM,2020-12-07,0 days 15:59:02.233305,33813,41.91,41.9,400,2561,86,-533
246,BAM,2020-12-07,0 days 15:59:06.233276,33899,41.91,41.9,3261,300,-304,86
247,BAM,2020-12-07,0 days 15:59:47.232810,52099,41.84,41.82,3700,3582,-1151,2549
248,BB,2020-12-07,0 days 15:55:00.239671,250742,8.24,8.23,20235,7961,-1203,202480
249,BB,2020-12-07,0 days 15:56:10.243180,251945,8.24,8.23,32735,11059,1206,-602
250,BB,2020-12-07,0 days 15:59:50.249314,147791,8.23,8.22,14013,39982,111112,-9388
251,BBY,2020-12-07,0 days 15:55:00.252796,161605,102.75,102.72,982,702,3110,-4735
252,BBY,2020-12-07,0 days 15:55:25.255131,163047,102.77,102.75,100,803,-390,26
253,BBY,2020-12-07,0 days 15:55:26.255434,163437,102.77,102.73,212,100,1278,-390
254,BBY,2020-12-07,0 days 15:55:31.255064,164824,102.76,102.73,100,274,-3651,1249
255,BBY,2020-12-07,0 days 15:55:38.255655,170537,102.74,102.72,100,100,687,-4698
256,BBY,2020-12-07,0 days 15:55:45.256936,171327,102.73,102.71,318,500,-36,261
257,BBY,2020-12-07,0 days 15:56:03.256449,171363,102.73,102.7,100,413,119,-31
258,BBY,2020-12-07,0 days 15:56:07.256325,171585,102.73,102.7,201,488,-371,119
259,BBY,2020-12-07,0 days 15:57:06.257913,182528,102.63,102.61,601,200,136,-164
260,BBY,2020-12-07,0 days 15:57:08.258193,182364,102.63,102.61,601,202,-164,136
261,BBY,2020-12-07,0 days 15:57:31.258110,183048,102.61,102.59,502,900,116,-68
262,BBY,2020-12-07,0 days 15:59:01.263902,186338,102.73,102.71,203,702,-857,1840
263,BBY,2020-12-07,0 days 15:59:09.263468,203167,102.72,102.71,100,570,2645,-17179
264,BBY,2020-12-07,0 days 15:59:39.261946,224358,102.78,102.76,750,400,-1291,509
265,BDN,2020-12-07,0 days 15:51:50.235451,41176,11.75,11.74,1700,6700,-3886,1704
266,BDN,2020-12-07,0 days 15:59:28.244395,132952,11.75,11.74,10001,2200,1991,-2809
267,BDN,2020-12-07,0 days 15:59:29.245561,129143,11.75,11.74,9601,3500,-3709,1991
268,BDN,2020-12-07,0 days 15:59:46.247231,133115,11.75,11.74,9300,5200,317,-3972
269,BDN,2020-12-07,0 days 15:59:48.246899,130432,11.75,11.74,10700,3400,-2683,317
270,BDX,2020-12-07,0 days 15:55:00.238658,136759,236.61,236.41,200,139,-14568,24377
271,BDX,2020-12-07,0 days 15:58:57.244621,169567,236.54,236.48,200,100,980,-20
272,BDX,2020-12-07,0 days 15:58:58.243909,167347,236.54,236.48,100,229,-2220,980
273,BDX,2020-12-07,0 days 15:59:11.245990,173167,236.63,236.53,122,200,1617,-1063
274,BDX,2020-12-07,0 days 15:59:12.246139,171884,236.63,236.53,122,200,-1526,1617
275,BE,2020-12-07,0 days 15:59:07.266057,67845,27.66,27.6,900,300,1505,-385
276,BE,2020-12-07,0 days 15:59:08.265384,69350,27.65,27.6,500,300,-12031,1505
277,BE,2020-12-07,0 days 15:59:09.265775,69281,27.66,27.6,900,300,69,-12031
278,BE,2020-12-07,0 days 15:59:44.263274,69925,27.63,27.61,100,820,-1110,190
279,BEKE,2020-12-07,0 days 15:55:00.230367,42449,62.29,62.2,268,200,-2201,24817
280,BEKE,2020-12-07,0 days 15:59:50.241193,47169,62.33,61.95,1800,100,767,-5833
281,BEN,2020-12-07,0 days 15:55:00.294649,290609,23.59,23.58,2272,3376,-1164,153332
282,BEN,2020-12-07,0 days 15:56:53.301120,306059,23.6,23.59,1820,4275,509,-848
283,BEN,2020-12-07,0 days 15:56:54.299686,302568,23.6,23.59,1920,4175,-3491,509
284,BEN,2020-12-07,0 days 15:59:11.305394,317808,23.6,23.59,3689,5141,6040,-440
285,BEST,2020-12-07,0 days 15:59:00.252811,39657,2.69,2.68,9444,5413,117,-2283
286,BEST,2020-12-07,0 days 15:59:04.249599,38568,2.69,2.68,8179,7183,-1089,8111
287,BEST,2020-12-07,0 days 15:59:10.249114,39837,2.69,2.68,8752,6483,31,-1269
288,BEST,2020-12-07,0 days 15:59:11.249180,39868,2.69,2.68,7752,7283,-4129,31
289,BHC,2020-12-07,0 days 15:55:45.261846,29286,20.06,20.05,5000,1811,533,-867
290,BHC,2020-12-07,0 days 15:55:46.264392,28519,20.06,20.05,4300,2411,-767,533
291,BHC,2020-12-07,0 days 15:57:05.261969,29286,20.06,20.05,6265,4686,1967,-673
292,BHC,2020-12-07,0 days 15:57:06.261760,24853,20.06,20.05,5365,4086,-4433,1967
293,BHC,2020-12-07,0 days 15:57:57.261231,31086,20.06,20.05,3957,5967,4467,-6133
294,BHC,2020-12-07,0 days 15:57:58.261251,24953,20.06,20.05,3857,5867,-6133,4467
295,BHC,2020-12-07,0 days 15:59:03.264607,33786,20.07,20.05,5000,5573,262,-593
296,BHC,2020-12-07,0 days 15:59:46.262842,33786,20.08,20.07,8079,209,1348,-352
297,BHC,2020-12-07,0 days 15:59:47.262254,33734,20.08,20.07,7520,209,-52,1348
298,BILL,2020-12-07,0 days 15:56:35.262007,38201,130.02,129.88,410,295,-4367,5933
299,BILL,2020-12-07,0 days 15:56:36.261323,37668,130.02,129.88,410,297,533,-4367
300,BILL,2020-12-07,0 days 15:58:49.263510,39517,129.87,129.71,100,102,-340,360
301,BILL,2020-12-07,0 days 15:58:50.263674,38857,129.87,129.71,100,102,660,-340
302,BILL,2020-12-07,0 days 15:59:10.265418,42501,130.1,129.85,500,178,-2686,718
303,BILL,2020-12-07,0 days 15:59:11.265805,42387,129.95,129.86,174,178,114,-2686
304,BILL,2020-12-07,0 days 15:59:18.260937,41991,130.15,129.9,100,200,-396,114
305,BILL,2020-12-07,0 days 15:59:19.261605,41687,130.15,129.9,100,378,304,-396
306,BILL,2020-12-07,0 days 15:59:26.261646,42010,130.01,129.9,100,300,-177,333
307,BILL,2020-12-07,0 days 15:59:27.261271,41687,130.01,129.9,100,300,323,-177
308,BILL,2020-12-07,0 days 15:59:35.262333,42010,130.0,129.9,350,100,-127,173
309,BILL,2020-12-07,0 days 15:59:36.261906,41837,130.0,129.9,281,100,173,-127
310,BILL,2020-12-07,0 days 15:59:39.264857,42010,130.03,129.75,100,300,-927,1277
311,BILL,2020-12-07,0 days 15:59:40.263974,41837,130.03,129.75,100,300,173,-927
312,BILL,2020-12-07,0 days 15:59:43.263179,42010,130.03,129.75,100,300,-527,883
313,BILL,2020-12-07,0 days 15:59:44.263226,41837,130.03,129.75,100,300,173,-527
314,BILL,2020-12-07,0 days 15:59:46.262414,42010,130.03,129.75,100,300,-807,173
315,BILL,2020-12-07,0 days 15:59:47.261964,41917,130.03,129.75,100,300,93,-807
316,BJ,2020-12-07,0 days 15:55:00.229480,78942,38.55,38.52,100,100,1511,-35746
317,BJ,2020-12-07,0 days 15:55:24.231394,80342,38.55,38.53,300,100,-13985,1184
318,BJ,2020-12-07,0 days 15:59:10.239472,96201,38.59,38.5,500,200,417,-2527
319,BJ,2020-12-07,0 days 15:59:33.236170,100548,38.59,38.57,300,200,-2696,585
320,BJ,2020-12-07,0 days 15:59:46.237001,102544,38.57,38.56,300,205,2821,-824
321,BJ,2020-12-07,0 days 15:59:50.240592,76713,38.57,38.55,100,801,-25431,3421
322,BK,2020-12-07,0 days 15:59:16.260677,825513,40.39,40.38,1600,5434,6358,-83480
323,BK,2020-12-07,0 days 15:59:17.261012,835371,40.41,40.4,4078,1324,-486,6358
324,BK,2020-12-07,0 days 15:59:30.265070,787279,40.39,40.38,3300,1000,-39239,10561
325,BK,2020-12-07,0 days 15:59:38.261688,826518,40.37,40.36,300,5466,10632,-20077
326,BK,2020-12-07,0 days 15:59:50.267346,815077,40.36,40.34,5700,4600,-11784,14990
327,BKR,2020-12-07,0 days 15:55:00.232730,525970,21.99,21.98,6515,6316,4244,-49470
328,BKR,2020-12-07,0 days 15:55:01.232659,524314,21.99,21.98,6508,6216,-1656,4244
329,BKR,2020-12-07,0 days 15:55:10.233654,525970,21.99,21.98,9754,2216,6062,-1420
330,BKR,2020-12-07,0 days 15:55:11.233609,525032,21.99,21.98,9354,2216,-938,6062
331,BKR,2020-12-07,0 days 15:56:15.236697,557669,21.98,21.97,7540,2178,1051,-3049
332,BKR,2020-12-07,0 days 15:56:16.236603,557420,21.98,21.97,8950,1178,-1249,1051
333,BMY,2020-12-07,0 days 15:55:00.294649,837668,61.2,61.19,3575,964,25039,-48999
334,BMY,2020-12-07,0 days 15:55:38.297461,881212,61.2,61.19,1494,6061,-517,12906
335,BMY,2020-12-07,0 days 15:55:39.296859,881729,61.2,61.19,1494,5777,83,-517
336,BMY,2020-12-07,0 days 15:56:50.300183,914597,61.22,61.21,1500,6441,-16190,4354
337,BMY,2020-12-07,0 days 15:56:51.299900,909587,61.22,61.21,4163,2161,5010,-16190
338,BMY,2020-12-07,0 days 15:57:38.300725,936950,61.19,61.18,2724,1815,-670,4967
339,BMY,2020-12-07,0 days 15:57:39.300535,932420,61.19,61.18,3787,1151,3767,-670
340,BMY,2020-12-07,0 days 15:57:48.300978,927820,61.18,61.17,5296,1750,7867,-70
341,BMY,2020-12-07,0 days 15:57:57.301073,934099,61.2,61.19,1100,2500,-5521,1330
342,BMY,2020-12-07,0 days 15:57:58.300678,929820,61.19,61.18,663,3929,4279,-5521
343,BMY,2020-12-07,0 days 15:58:24.302671,937874,61.2,61.19,690,4089,-1059,4341
344,BMY,2020-12-07,0 days 15:58:26.302429,933533,61.2,61.19,1853,4101,4341,-3959
345,BMY,2020-12-07,0 days 15:59:06.305071,931120,61.23,61.22,3911,160,1281,-13818
346,BMY,2020-12-07,0 days 15:59:08.304818,947654,61.21,61.2,2180,1645,-7247,1081
347,BMY,2020-12-07,0 days 15:59:12.304973,981102,61.24,61.23,3000,715,712,-9753
348,BMY,2020-12-07,0 days 15:59:26.300404,993731,61.22,61.21,1980,866,3827,-73
349,BMY,2020-12-07,0 days 15:59:39.302815,1006964,61.21,61.2,550,2794,567,-1705
350,BMY^,2020-12-07,0 days 15:55:57.224705,84,2.16,2.15,2644,8001,3516,-84
351,BOX,2020-12-07,0 days 15:55:39.231537,70358,17.19,17.18,6645,5760,-22,1812
352,BOX,2020-12-07,0 days 15:56:05.232905,69275,17.19,17.18,6668,6016,1578,-22
353,BOX,2020-12-07,0 days 15:57:05.234257,72553,17.19,17.18,1010,5768,-962,1678
354,BOX,2020-12-07,0 days 15:57:06.234064,71115,17.19,17.18,1410,5428,1438,-962
355,BOX,2020-12-07,0 days 15:59:03.238428,78787,17.19,17.18,3226,2526,-276,2586
356,BOX,2020-12-07,0 days 15:59:06.238524,77700,17.19,17.18,3626,2326,1087,-276
357,BOX,2020-12-07,0 days 15:59:12.239437,78787,17.19,17.18,2535,3216,-11618,1287
358,BOX,2020-12-07,0 days 15:59:13.239128,78479,17.19,17.18,3134,2716,308,-11618
359,BOX,2020-12-07,0 days 15:59:46.236881,80896,17.19,17.18,1813,3205,-1050,533
360,BOX,2020-12-07,0 days 15:59:47.236874,80846,17.19,17.18,1813,2705,50,-1050
361,BP,2020-12-07,0 days 15:55:00.222420,87840,21.67,21.66,27692,40078,-41774,16888
362,BP,2020-12-07,0 days 15:57:26.227429,128671,21.67,21.66,63571,41300,458,-8212
363,BP,2020-12-07,0 days 15:57:38.228112,129134,21.67,21.66,75820,44249,-437,463
364,BP,2020-12-07,0 days 15:59:01.232915,128702,21.66,21.65,44003,78822,4527,-1273
365,BP,2020-12-07,0 days 15:59:02.233104,133229,21.66,21.65,43403,79322,-11170,4527
366,BP,2020-12-07,0 days 15:59:13.232847,144499,21.66,21.65,53784,77772,1176,-10270
367,BP,2020-12-07,0 days 15:59:50.236855,139099,21.67,21.66,48932,74574,7058,-10642
368,BRFS,2020-12-07,0 days 15:59:16.230761,23044,4.19,4.18,82929,172867,-10176,3302
369,BRK.B,2020-12-07,0 days 15:59:57.246045,471231,229.25,229.15,100,300,-46838,10103
370,BRK.B,2020-12-07,0 days 15:59:59.244238,513769,229.25,229.14,300,400,7503,-46838
371,BSX,2020-12-07,0 days 15:59:33.242954,1229198,34.24,34.23,9000,2407,-6729,7771
372,BSX,2020-12-07,0 days 15:59:34.243393,1221227,34.24,34.23,8600,1720,4571,-6729
373,BUD,2020-12-07,0 days 15:58:16.240617,8362,70.1,70.08,100,350,-169,179
374,BUD,2020-12-07,0 days 15:58:17.240238,8231,70.1,70.08,100,350,131,-169
375,BUD,2020-12-07,0 days 15:59:17.236035,8938,70.1,70.04,400,100,-83,143
376,BWA,2020-12-07,0 days 15:55:40.258845,126144,39.25,39.24,554,1254,-852,104
377,BWA,2020-12-07,0 days 15:55:41.259748,125596,39.25,39.24,554,1254,548,-852
378,BWA,2020-12-07,0 days 15:56:28.261239,127509,39.19,39.18,1371,740,-1626,174
379,BWA,2020-12-07,0 days 15:56:29.261954,126935,39.19,39.18,1371,200,574,-1626
380,BWA,2020-12-07,0 days 15:56:48.261415,127630,39.2,39.19,433,1973,-45,695
381,BWA,2020-12-07,0 days 15:56:49.262050,127075,39.2,39.19,433,1873,555,-45
382,BWA,2020-12-07,0 days 15:57:08.261226,127631,39.2,39.19,233,1240,-904,455
383,BWA,2020-12-07,0 days 15:57:09.262256,127235,39.2,39.19,233,1240,396,-904
384,BWA,2020-12-07,0 days 15:57:17.260317,127536,39.2,39.19,1343,201,-2099,301
385,BWA,2020-12-07,0 days 15:57:18.260522,127135,39.19,39.18,1894,300,401,-2099
386,BWA,2020-12-07,0 days 15:57:52.261406,132996,39.2,39.18,802,1734,-581,819
387,BWA,2020-12-07,0 days 15:57:53.260873,132177,39.2,39.18,802,1835,819,-581
388,BWA,2020-12-07,0 days 15:58:01.263015,133244,39.19,39.18,1662,1567,-213,519
389,BWA,2020-12-07,0 days 15:58:02.262449,132357,39.19,39.18,1651,2227,2087,-213
390,BWA,2020-12-07,0 days 15:58:05.262782,131322,39.23,39.22,700,540,922,-978
391,BWA,2020-12-07,0 days 15:59:04.265791,130015,39.27,39.25,672,1840,305,-595
392,BWA,2020-12-07,0 days 15:59:31.262674,146046,39.25,39.24,502,749,-400,1700
393,BWA,2020-12-07,0 days 15:59:56.257914,149844,39.27,39.22,1643,100,802,-1398
394,C,2020-12-07,0 days 15:56:45.233614,796617,58.17,58.16,5391,778,20135,-7125
395,C,2020-12-07,0 days 15:56:46.233789,794352,58.17,58.16,877,5003,-2265,20135
396,C,2020-12-07,0 days 15:57:18.233972,792337,58.14,58.13,971,5104,-2099,301
397,C,2020-12-07,0 days 15:59:13.239037,894618,58.17,58.16,1871,1875,82549,-10858
398,C,2020-12-07,0 days 15:59:40.237179,955687,58.16,58.15,5198,1400,10774,-1294
399,C,2020-12-07,0 days 15:59:45.237764,967061,58.18,58.16,6300,8618,-25439,780
400,C,2020-12-07,0 days 15:59:51.238173,968483,58.15,58.14,600,6360,-13042,658
401,C,2020-12-07,0 days 15:59:52.237075,959505,58.13,58.12,1800,1605,9678,-13042
402,CAG,2020-12-07,0 days 15:55:00.256215,198029,35.36,35.35,1978,4188,8733,-41255
403,CAG,2020-12-07,0 days 15:59:01.265278,209263,35.42,35.41,3815,991,-11704,4502
404,CAG,2020-12-07,0 days 15:59:07.265946,219357,35.4,35.39,3785,1334,4421,-9530
405,CAG,2020-12-07,0 days 15:59:31.262744,237035,35.42,35.41,600,2420,-1927,7032
406,CAG,2020-12-07,0 days 15:59:50.267183,236354,35.4,35.39,1396,670,-716,6228
407,CAH,2020-12-07,0 days 15:55:00.231607,476701,55.38,55.36,200,219,6191,-24276
408,CAH,2020-12-07,0 days 15:55:57.234768,486433,55.43,55.41,419,200,-1120,3994
409,CAH,2020-12-07,0 days 15:56:39.236437,486070,55.39,55.38,337,300,1404,-1196
410,CAH,2020-12-07,0 days 15:57:36.236112,494513,55.43,55.41,100,100,-5106,3194
411,CAH,2020-12-07,0 days 15:57:54.235987,489799,55.4,55.38,100,196,-1520,3280
412,CAH,2020-12-07,0 days 15:58:36.238178,504783,55.45,55.43,200,100,1915,-16385
413,CAH,2020-12-07,0 days 15:59:07.239900,508485,55.47,55.46,200,100,833,-1084
414,CAH,2020-12-07,0 days 15:59:32.235127,513346,55.45,55.42,100,165,-2107,1606
415,CAH,2020-12-07,0 days 15:59:50.242327,480262,55.42,55.41,815,100,-22211,3403
416,CAT,2020-12-07,0 days 15:55:24.242194,674635,178.98,178.91,100,200,16550,-4215
417,CAT,2020-12-07,0 days 15:56:44.243614,678912,179.12,179.07,200,100,-517,1983
418,CAT,2020-12-07,0 days 15:57:18.244185,679319,178.93,178.88,142,200,25,-94
419,CAT,2020-12-07,0 days 15:57:39.245115,691519,178.96,178.9,200,205,8707,-1936
420,CAT,2020-12-07,0 days 15:57:45.244808,700345,178.91,178.85,200,200,-1474,1407
421,CAT,2020-12-07,0 days 15:59:15.244436,791234,178.8,178.67,328,200,12605,-82369
422,CAT,2020-12-07,0 days 15:59:18.243719,792947,179.02,178.84,100,308,-2052,480
423,CAT,2020-12-07,0 days 15:59:21.244061,793799,178.94,178.78,200,131,1164,-748
424,CAT,2020-12-07,0 days 15:59:26.244237,791234,178.89,178.78,300,114,6402,-91
425,CAT,2020-12-07,0 days 15:59:50.249994,785016,178.84,178.72,600,100,-8800,6250
426,CCEP,2020-12-07,0 days 15:57:08.236790,73697,46.77,46.75,132,403,430,-4152
427,CCEP,2020-12-07,0 days 15:57:09.237245,71327,46.77,46.76,132,200,-2370,430
428,CCEP,2020-12-07,0 days 15:58:01.237247,71155,46.77,46.75,900,1004,2106,-326
429,CCEP,2020-12-07,0 days 15:58:02.237084,69161,46.77,46.75,800,1004,-1994,2106
430,CCEP,2020-12-07,0 days 15:59:46.237642,73823,46.84,46.8,1000,100,4306,-536
431,CCEP,2020-12-07,0 days 15:59:47.237958,73029,46.85,46.81,100,505,-794,4306
432,CCI,2020-12-07,0 days 15:56:11.233282,207547,162.08,162.05,100,110,462,-269
433,CCI,2020-12-07,0 days 15:56:12.233571,207209,162.08,162.05,100,185,-338,462
434,CCI,2020-12-07,0 days 15:56:17.233451,207547,162.11,162.05,100,497,44,-223
435,CCI,2020-12-07,0 days 15:56:18.233355,207191,162.13,162.05,100,497,-5434,44
436,CCI,2020-12-07,0 days 15:57:45.235235,217316,162.2,162.14,177,100,369,-1631
437,CCI,2020-12-07,0 days 15:57:46.236219,216785,162.2,162.14,177,200,-531,369
438,CCI,2020-12-07,0 days 15:57:49.235296,217316,162.2,162.14,277,300,869,-2931
439,CCI,2020-12-07,0 days 15:57:50.235384,216885,162.2,162.14,277,200,-431,869
440,CCI,2020-12-07,0 days 15:58:00.236837,215661,162.2,162.15,502,245,1259,-396
441,CCI,2020-12-07,0 days 15:58:01.237323,214020,162.2,162.15,502,100,-1641,1259
442,CCI,2020-12-07,0 days 15:58:44.237899,215861,162.31,162.26,202,300,553,-496
443,CCI,2020-12-07,0 days 15:58:45.238579,215714,162.31,162.26,203,300,-147,553
444,CCI,2020-12-07,0 days 15:59:01.239643,215861,162.39,162.32,300,200,1080,-945
445,CCI,2020-12-07,0 days 15:59:02.238557,216715,162.44,162.32,400,200,-146,1080
446,CCI,2020-12-07,0 days 15:59:03.238428,216561,162.44,162.36,400,100,81,-146
447,CCI,2020-12-07,0 days 15:59:05.238502,216193,162.44,162.35,400,546,-668,381
448,CCI,2020-12-07,0 days 15:59:06.238524,216161,162.4,162.35,501,446,32,-668
449,CCI,2020-12-07,0 days 15:59:46.236881,245664,162.4,162.34,500,300,-539,167
450,CCI,2020-12-07,0 days 15:59:50.240465,235308,162.4,162.34,100,100,10309,-644
451,CCJ,2020-12-07,0 days 15:57:55.235318,148774,12.13,12.12,10640,8600,-3184,2816
452,CCJ,2020-12-07,0 days 15:59:01.239726,152858,12.15,12.14,10006,15815,1298,-5126
453,CCJ,2020-12-07,0 days 15:59:06.239268,149970,12.15,12.14,10106,15831,-2888,1278
454,CCJ,2020-12-07,0 days 15:59:47.237674,159926,12.16,12.15,7800,12274,6559,-1550
455,CCJ,2020-12-07,0 days 15:59:48.237199,158785,12.16,12.15,6500,14474,-1141,6559
456,CCL,2020-12-07,0 days 15:55:00.253356,447560,23.19,23.18,5285,13975,-41197,149757
457,CCL,2020-12-07,0 days 15:55:01.252000,441057,23.18,23.17,12610,7472,6529,-41197
458,CCL,2020-12-07,0 days 15:55:31.255179,461593,23.19,23.18,9123,14459,24450,-10970
459,CCL,2020-12-07,0 days 15:57:36.257885,490769,23.21,23.19,43413,19616,-5399,9298
460,CCL,2020-12-07,0 days 15:58:01.262419,473308,23.18,23.17,17907,8174,18588,-10724
461,CCL,2020-12-07,0 days 15:59:50.267024,515245,23.18,23.17,7938,21206,74153,-15821
462,CDE,2020-12-07,0 days 15:55:26.239801,103755,8.45,8.44,9363,23368,2609,-5839
463,CDE,2020-12-07,0 days 15:55:27.239889,102364,8.45,8.44,9186,23368,-1391,2609
464,CDE,2020-12-07,0 days 15:55:38.240180,103755,8.45,8.44,8602,16889,990,-1390
465,CDE,2020-12-07,0 days 15:55:39.240444,95745,8.45,8.44,8602,17109,-8010,990
466,CDE,2020-12-07,0 days 15:55:45.241252,103755,8.45,8.44,1445,21101,590,-8010
467,CDE,2020-12-07,0 days 15:55:46.244228,97445,8.45,8.44,1400,21101,-6310,590
468,CDE,2020-12-07,0 days 15:57:05.242716,103755,8.45,8.44,8197,10582,1630,-1010
469,CDE,2020-12-07,0 days 15:57:06.242451,100085,8.45,8.44,8197,11582,-3670,1630
470,CDE,2020-12-07,0 days 15:57:26.241088,120455,8.45,8.44,3805,12377,4663,-1170
471,CDE,2020-12-07,0 days 15:57:27.241179,118118,8.45,8.44,3805,12379,-2337,4663
472,CDE,2020-12-07,0 days 15:59:14.246476,131205,8.45,8.44,8781,9415,3485,-1604
473,CDE,2020-12-07,0 days 15:59:15.245645,129990,8.45,8.44,8558,8915,-1215,3485
474,CDE,2020-12-07,0 days 15:59:38.244958,131205,8.44,8.43,9438,6600,15045,-1215
475,CDE,2020-12-07,0 days 15:59:39.247235,130650,8.44,8.43,7938,6700,-555,15045
476,CF,2020-12-07,0 days 15:55:01.251840,152827,38.18,38.17,217,1877,851,-20249
477,CF,2020-12-07,0 days 15:55:24.254780,153678,38.21,38.2,463,1100,-4763,851
478,CF,2020-12-07,0 days 15:55:25.255131,153427,38.21,38.2,663,1200,251,-4763
479,CF,2020-12-07,0 days 15:55:26.255476,153678,38.21,38.2,563,1400,-166,251
480,CF,2020-12-07,0 days 15:55:38.255691,156281,38.21,38.2,463,1200,7595,-2405
481,CF,2020-12-07,0 days 15:57:08.258229,207521,38.25,38.23,1700,1132,-75,1341
482,CF,2020-12-07,0 days 15:57:20.257288,195396,38.24,38.23,2304,778,12125,-175
483,CF,2020-12-07,0 days 15:59:00.267293,207636,38.27,38.26,487,500,-17852,3545
484,CF,2020-12-07,0 days 15:59:01.263950,206293,38.27,38.26,760,322,1343,-17852
485,CFG,2020-12-07,0 days 15:55:00.253745,353368,35.31,35.3,1294,2144,-9682,135267
486,CFG,2020-12-07,0 days 15:55:26.255575,368612,35.31,35.3,1098,6393,18531,-14469
487,CFG,2020-12-07,0 days 15:55:27.255526,387143,35.31,35.3,1009,6133,-10769,18531
488,CHL,2020-12-07,0 days 15:55:00.238032,30826,29.68,29.67,8046,1501,-2253,17877
489,CHL,2020-12-07,0 days 15:56:14.240697,41679,29.65,29.64,2445,2800,44,-1056
490,CHL,2020-12-07,0 days 15:56:15.240715,40623,29.65,29.64,2745,2700,-1056,44
491,CHL,2020-12-07,0 days 15:58:27.243438,47082,29.65,29.64,6307,5603,372,-1428
492,CHL,2020-12-07,0 days 15:58:28.243390,46054,29.65,29.64,6107,5803,-1028,372
493,CHL,2020-12-07,0 days 15:59:30.248314,48451,29.65,29.64,1951,5003,80,-1020
494,CHWY,2020-12-07,0 days 15:55:05.229703,90218,74.32,74.26,100,547,-5113,3025
495,CHWY,2020-12-07,0 days 15:55:12.230672,91853,74.32,74.26,100,751,6503,-1635
496,CHWY,2020-12-07,0 days 15:56:05.232997,76115,74.43,74.38,100,105,109,-3247
497,CHWY,2020-12-07,0 days 15:56:26.233202,94066,74.45,74.42,356,300,-1449,17751
498,CHWY,2020-12-07,0 days 15:59:07.239840,95951,74.55,74.52,100,400,512,-963
499,CHWY,2020-12-07,0 days 15:59:43.236231,95372,74.65,74.54,100,500,-1029,974
500,CHWY,2020-12-07,0 days 15:59:50.241117,66264,74.66,74.61,300,300,29108,-4092
501,CIG,2020-12-07,0 days 15:59:09.240264,780382,2.67,2.66,311253,311227,-55946,15811
502,CIG,2020-12-07,0 days 15:59:50.241600,635174,2.67,2.66,389822,224250,153463,-41637
503,CIM,2020-12-07,0 days 15:56:15.243363,107779,10.74,10.73,16281,6908,11,-3289
504,CIM,2020-12-07,0 days 15:56:17.243351,105190,10.74,10.73,13081,6467,-2189,3711
505,CIM,2020-12-07,0 days 15:57:05.245255,107807,10.74,10.73,6090,14675,123,-2517
506,CIM,2020-12-07,0 days 15:58:10.246311,108207,10.75,10.74,14809,5991,1418,-1777
507,CIM,2020-12-07,0 days 15:58:11.246490,106125,10.75,10.74,14409,5791,-2082,1418
508,CIM,2020-12-07,0 days 15:59:47.244766,112423,10.76,10.75,13330,4797,4340,-1360
509,CIM,2020-12-07,0 days 15:59:48.245269,111363,10.76,10.75,13430,4797,-1060,4340
510,CL,2020-12-07,0 days 15:59:04.245843,314187,85.37,85.36,300,100,1372,-7171
511,CL,2020-12-07,0 days 15:59:09.245754,316059,85.37,85.36,100,700,-1268,35
512,CL,2020-12-07,0 days 15:59:15.245325,327396,85.4,85.37,200,510,52173,-7096
513,CL,2020-12-07,0 days 15:59:46.246554,336707,85.42,85.39,300,966,11883,-167
514,CLDR,2020-12-07,0 days 15:57:23.241112,235560,11.8,11.79,4732,8269,17572,-7528
515,CLDR,2020-12-07,0 days 15:57:24.240552,230932,11.8,11.79,4174,8216,-4628,17572
516,CLDR,2020-12-07,0 days 15:59:32.245528,242518,11.81,11.8,2663,30351,3477,-2844
517,CLDR,2020-12-07,0 days 15:59:33.245822,237995,11.81,11.8,1763,30351,-4523,3477
518,CLDR,2020-12-07,0 days 15:59:46.246685,247173,11.82,11.81,9233,7000,7864,-4478
519,CLDR,2020-12-07,0 days 15:59:47.246063,244537,11.82,11.81,9151,7800,-2636,7864
520,CLF,2020-12-07,0 days 15:55:29.224084,234635,12.6,12.59,63050,17416,17479,-5665
521,CLF,2020-12-07,0 days 15:55:30.224266,230914,12.6,12.59,63650,17519,-3721,17479
522,CLF,2020-12-07,0 days 15:55:39.224212,234635,12.6,12.59,62857,17816,16141,-3221
523,CLF,2020-12-07,0 days 15:55:40.224311,216276,12.6,12.59,64131,17916,-18359,16141
524,CLF,2020-12-07,0 days 15:56:50.226237,245801,12.61,12.6,12447,22336,69,-2931
525,CLF,2020-12-07,0 days 15:56:51.226436,219370,12.61,12.6,11247,22961,-26431,69
526,CLF,2020-12-07,0 days 15:57:09.226726,287569,12.62,12.61,12120,23900,9941,-59
527,CLF,2020-12-07,0 days 15:57:10.226808,281210,12.62,12.61,11620,25445,-6359,9941
528,CLF,2020-12-07,0 days 15:59:47.232786,329328,12.62,12.61,24861,24707,6560,-4440
529,CLF,2020-12-07,0 days 15:59:48.232322,324688,12.62,12.61,24661,20307,-4640,6560
530,CLNY,2020-12-07,0 days 15:55:45.236634,187100,4.74,4.73,6182,29449,-3509,5791
531,CLNY,2020-12-07,0 days 15:55:46.238986,182109,4.74,4.73,6182,29459,4991,-3509
532,CLNY,2020-12-07,0 days 15:56:09.236100,187800,4.74,4.73,6764,26665,-230,4216
533,CLNY,2020-12-07,0 days 15:56:10.236137,183330,4.74,4.73,6764,26719,4470,-230
534,CLNY,2020-12-07,0 days 15:56:25.236532,188400,4.74,4.73,6664,27919,-15851,5070
535,CLNY,2020-12-07,0 days 15:56:26.236709,185851,4.74,4.73,6664,27919,2549,-15851
536,CLNY,2020-12-07,0 days 15:57:29.238179,189100,4.74,4.73,7448,28667,-551,549
537,CLNY,2020-12-07,0 days 15:57:30.238417,186651,4.74,4.73,7648,27328,2449,-551
538,CLNY,2020-12-07,0 days 15:58:18.240848,188176,4.74,4.73,25034,31039,-4654,1646
539,CLNY,2020-12-07,0 days 15:58:19.240522,175230,4.74,4.73,26234,31482,12946,-4654
540,CLNY,2020-12-07,0 days 15:59:10.242535,188673,4.74,4.73,9895,29294,-14,1843
541,CLR,2020-12-07,0 days 15:55:45.236667,126085,17.93,17.92,400,3918,-1367,1833
542,CLR,2020-12-07,0 days 15:55:46.239025,124452,17.93,17.92,100,4458,1633,-1367
543,CLR,2020-12-07,0 days 15:55:57.235791,126085,17.93,17.92,2684,3205,-3810,1094
544,CLR,2020-12-07,0 days 15:55:58.235576,125395,17.93,17.92,2784,3205,690,-3810
545,CLR,2020-12-07,0 days 15:57:35.238922,127593,17.93,17.92,2915,3881,-3480,520
546,CLR,2020-12-07,0 days 15:59:40.238165,137424,17.89,17.88,1519,1015,-1788,62
547,CLX,2020-12-07,0 days 15:55:00.223580,106124,199.89,199.82,447,1010,674,-4973
548,CLX,2020-12-07,0 days 15:55:01.222274,105798,199.89,199.83,547,100,-326,674
549,CLX,2020-12-07,0 days 15:57:28.227182,107002,199.94,199.9,200,100,2154,-146
550,CLX,2020-12-07,0 days 15:57:29.227359,106451,199.95,199.91,102,100,-551,2154
551,CLX,2020-12-07,0 days 15:57:35.227792,107097,199.95,199.86,102,100,254,-646
552,CLX,2020-12-07,0 days 15:57:36.228132,107851,199.95,199.86,102,100,-246,254
553,CLX,2020-12-07,0 days 15:57:46.228791,108997,199.94,199.86,100,100,254,-346
554,CLX,2020-12-07,0 days 15:57:47.229187,108651,199.94,199.82,100,100,-446,254
555,CLX,2020-12-07,0 days 15:57:49.228505,109097,199.87,199.8,100,100,54,-446
556,CLX,2020-12-07,0 days 15:57:50.228706,108751,199.87,199.78,232,100,-346,54
557,CLX,2020-12-07,0 days 15:57:52.228516,109097,199.87,199.79,232,100,254,-346
558,CLX,2020-12-07,0 days 15:57:53.228396,108751,199.87,199.79,232,100,-346,254
559,CLX,2020-12-07,0 days 15:58:01.230542,109097,199.87,199.79,100,100,554,-346
560,CLX,2020-12-07,0 days 15:58:02.229831,108619,199.87,199.79,200,200,-478,554
561,CLX,2020-12-07,0 days 15:58:24.231454,109534,199.9,199.76,100,110,335,-565
562,CLX,2020-12-07,0 days 15:58:25.230351,108369,199.91,199.82,100,100,-1165,335
563,CLX,2020-12-07,0 days 15:58:53.231467,111834,200.13,200.05,400,100,370,-1327
564,CLX,2020-12-07,0 days 15:58:54.232141,111204,200.13,200.05,400,100,-630,370
565,CLX,2020-12-07,0 days 15:59:07.233022,112598,200.13,200.05,200,300,550,-421
566,CLX,2020-12-07,0 days 15:59:12.232839,113724,200.13,200.05,100,418,-131,485
567,CLX,2020-12-07,0 days 15:59:34.232193,115949,200.28,200.23,100,300,-106,194
568,CLX,2020-12-07,0 days 15:59:47.232771,116055,200.32,200.28,200,200,1200,-106
569,CNC,2020-12-07,0 days 15:59:15.259788,442531,64.55,64.54,100,407,26177,-42668
570,CNC,2020-12-07,0 days 15:59:16.259045,452808,64.59,64.56,400,200,-23,26177
571,CNC,2020-12-07,0 days 15:59:18.258921,453853,64.6,64.58,100,200,8555,-9723
572,CNC,2020-12-07,0 days 15:59:50.266662,438702,64.62,64.59,100,100,-21099,11339
573,CNK,2020-12-07,0 days 15:59:14.266059,199347,13.82,13.81,3380,2906,147,-1088
574,CNK,2020-12-07,0 days 15:59:31.262994,189828,13.81,13.8,3612,11242,-7219,6781
575,CNP,2020-12-07,0 days 15:55:00.229899,474627,23.16,23.15,2649,5230,-11390,175074
576,CNP,2020-12-07,0 days 15:56:50.235709,508410,23.15,23.14,934,7490,1691,-2344
577,CNP,2020-12-07,0 days 15:56:51.235424,507301,23.15,23.14,834,8200,-1109,1691
578,CNP,2020-12-07,0 days 15:57:16.234640,508710,23.16,23.15,3198,7430,4736,-1264
579,CNP,2020-12-07,0 days 15:57:17.235178,508046,23.16,23.15,2398,7490,-364,4736
580,CNP,2020-12-07,0 days 15:57:41.235224,517210,23.17,23.16,2450,6331,303,-7397
581,CNP,2020-12-07,0 days 15:57:42.235542,516113,23.17,23.16,2350,6844,-1097,303
582,CNP,2020-12-07,0 days 15:57:44.235146,517218,23.17,23.16,2750,5231,2095,-1097
583,CNP,2020-12-07,0 days 15:57:45.235091,516113,23.17,23.16,3750,6031,-1105,2095
584,CNP,2020-12-07,0 days 15:57:48.235741,517218,23.17,23.16,2850,6721,1895,-1105
585,CNP,2020-12-07,0 days 15:57:50.235516,516113,23.17,23.16,2950,6721,-1105,1795
586,CNP,2020-12-07,0 days 15:57:53.235319,517218,23.17,23.16,2770,6321,2095,-1105
587,CNP,2020-12-07,0 days 15:57:54.235327,506313,23.17,23.16,3270,5721,-10905,2095
588,CNP,2020-12-07,0 days 15:57:56.235370,513218,23.17,23.16,1423,7095,2895,-1105
589,CNP,2020-12-07,0 days 15:57:57.235729,512513,23.17,23.16,1406,6731,-705,2895
590,CNP,2020-12-07,0 days 15:57:58.235341,513218,23.17,23.16,1406,7531,795,-705
591,CNP,2020-12-07,0 days 15:57:59.235464,512513,23.17,23.16,1526,8517,-705,795
592,CNP,2020-12-07,0 days 15:58:09.237443,513218,23.17,23.16,823,9390,4667,-888
593,CNP,2020-12-07,0 days 15:58:10.236958,509685,23.17,23.16,826,9390,-6633,4667
594,CNP,2020-12-07,0 days 15:58:13.236818,514718,23.17,23.16,700,9216,1167,-5033
595,CNP,2020-12-07,0 days 15:58:15.236845,509685,23.17,23.16,200,9116,-5033,2967
596,CNP,2020-12-07,0 days 15:58:24.237655,514718,23.17,23.16,4551,5515,1967,-5033
597,CNP,2020-12-07,0 days 15:58:26.236381,509685,23.17,23.16,4063,5826,-5033,5767
598,CNP,2020-12-07,0 days 15:58:28.237292,514718,23.17,23.16,4063,5526,3867,-5033
599,CNP,2020-12-07,0 days 15:58:30.237566,509685,23.17,23.16,4501,4615,-5033,4367
600,CNP,2020-12-07,0 days 15:59:12.238765,520275,23.18,23.17,4527,4134,113,-550
601,CNP,2020-12-07,0 days 15:59:47.237232,554783,23.18,23.17,1300,9424,-23020,4000
602,CNQ,2020-12-07,0 days 15:59:10.305205,37983,24.83,24.82,4200,12769,3170,-579
603,CNQ,2020-12-07,0 days 15:59:11.305523,37153,24.83,24.82,5309,12630,-830,3170
604,CNQ,2020-12-07,0 days 15:59:17.300186,37983,24.82,24.81,9570,3486,260,-30
605,CNQ,2020-12-07,0 days 15:59:47.301491,36686,24.81,24.8,8808,12418,1318,-482
606,CNQ,2020-12-07,0 days 15:59:48.302140,36304,24.81,24.8,10808,9599,-382,1318
607,CNX,2020-12-07,0 days 15:55:01.222068,129572,9.27,9.26,5658,2385,-401,199
608,CNX,2020-12-07,0 days 15:55:18.223520,129973,9.27,9.26,3589,7620,1059,-401
609,CNX,2020-12-07,0 days 15:55:28.224216,135332,9.29,9.28,4400,2170,-613,559
610,CNX,2020-12-07,0 days 15:55:39.224101,141738,9.27,9.26,1319,6500,257,-1043
611,CNX,2020-12-07,0 days 15:55:40.224268,140695,9.27,9.26,1619,6434,-1043,257
612,CNX,2020-12-07,0 days 15:55:45.225347,141748,9.27,9.26,1800,6134,1848,-1052
613,CNX,2020-12-07,0 days 15:55:46.228119,140996,9.27,9.26,1700,6134,-752,1848
614,CNX,2020-12-07,0 days 15:56:17.225147,141777,9.28,9.27,4800,4876,3741,-59
615,CNX,2020-12-07,0 days 15:57:51.228611,147199,9.29,9.28,5594,5391,-504,4396
616,CNX,2020-12-07,0 days 15:57:53.228318,142503,9.29,9.28,6053,2784,4696,-2604
617,CNX,2020-12-07,0 days 15:57:59.228530,147199,9.29,9.28,4994,4086,-804,4696
618,CNX,2020-12-07,0 days 15:58:01.230448,142503,9.29,9.28,5809,2686,2425,-5075
619,CNX,2020-12-07,0 days 15:59:22.231760,157761,9.27,9.26,8233,1400,-916,484
620,COF,2020-12-07,0 days 15:55:00.222282,419589,92.99,92.96,349,315,-6422,27808
621,COF,2020-12-07,0 days 15:55:01.222002,417011,92.99,92.97,548,108,2578,-6422
622,COF,2020-12-07,0 days 15:55:31.223982,419939,92.97,92.94,100,710,-95,969
623,COF,2020-12-07,0 days 15:55:36.224437,418575,92.99,92.97,100,610,1364,-9536
624,COF,2020-12-07,0 days 15:57:36.227986,423031,92.97,92.93,415,300,-6099,999
625,COF,2020-12-07,0 days 15:57:37.227533,422830,92.97,92.93,415,300,201,-6099
626,COF,2020-12-07,0 days 15:57:39.228358,423031,92.96,92.93,100,200,-4099,101
627,COF,2020-12-07,0 days 15:57:43.228655,429130,92.96,92.93,100,400,1801,-599
628,COF,2020-12-07,0 days 15:57:44.228093,428531,92.96,92.93,100,400,-599,1801
629,COF,2020-12-07,0 days 15:57:47.229076,429652,92.95,92.93,200,504,1679,-1121
630,COF,2020-12-07,0 days 15:58:00.229613,432352,92.93,92.92,217,553,1379,-421
631,COF,2020-12-07,0 days 15:58:05.229523,432352,92.95,92.93,307,141,4505,-1495
632,COF,2020-12-07,0 days 15:58:06.231629,431257,92.97,92.96,200,240,-1295,4505
633,COF,2020-12-07,0 days 15:58:08.230083,435852,92.97,92.93,301,150,5,-6195
634,COF,2020-12-07,0 days 15:58:21.230045,429957,92.95,92.91,389,550,-795,3305
635,COF,2020-12-07,0 days 15:58:22.230117,422210,92.92,92.9,300,100,7747,-795
636,COF,2020-12-07,0 days 15:58:23.230490,422057,92.91,92.88,300,200,-153,7747
637,COF,2020-12-07,0 days 15:58:24.231315,422210,92.91,92.88,200,450,2447,-153
638,COF,2020-12-07,0 days 15:58:26.230203,422157,92.95,92.9,100,550,-153,4747
639,COF,2020-12-07,0 days 15:58:27.230138,422310,92.92,92.9,100,550,147,-153
640,COF,2020-12-07,0 days 15:58:29.231497,422157,92.91,92.87,100,300,-153,3647
641,COF,2020-12-07,0 days 15:58:46.230901,433152,92.95,92.94,200,474,6148,-1952
642,COF,2020-12-07,0 days 15:58:47.230932,432000,92.99,92.95,300,624,-1152,6148
643,COF,2020-12-07,0 days 15:59:03.231646,442423,92.96,92.94,100,100,1077,-2123
644,COF,2020-12-07,0 days 15:59:05.232203,434033,92.95,92.94,300,100,-3190,3800
645,COF,2020-12-07,0 days 15:59:26.231207,447251,92.97,92.93,200,200,1453,-2447
646,COF,2020-12-07,0 days 15:59:39.231487,440521,92.96,92.94,100,718,4183,-717
647,COF,2020-12-07,0 days 15:59:47.232436,451858,93.0,92.99,300,750,12446,-654
648,COG,2020-12-07,0 days 15:55:00.232823,448513,16.47,16.46,3402,2467,-2674,230880
649,COG,2020-12-07,0 days 15:58:25.240593,468341,16.48,16.47,5005,4536,84,-7016
650,COG,2020-12-07,0 days 15:58:26.240104,468425,16.48,16.47,3705,4336,-2716,84
651,COG,2020-12-07,0 days 15:59:16.235933,442333,16.48,16.47,871,11850,45631,-1187
652,COG,2020-12-07,0 days 15:59:17.235951,484864,16.49,16.48,4669,6337,-13469,45631
653,COG,2020-12-07,0 days 15:59:50.240781,475201,16.5,16.49,2293,3455,36368,-16132
654,COP,2020-12-07,0 days 15:55:00.257366,611919,42.83,42.82,5049,110,-2061,77335
655,COP,2020-12-07,0 days 15:55:10.257033,613280,42.81,42.8,3838,1100,109,-1361
656,COP,2020-12-07,0 days 15:55:25.257953,613389,42.82,42.81,799,3646,-1834,106
657,COP,2020-12-07,0 days 15:57:31.261409,625237,42.83,42.82,2443,1404,1481,-19
658,COP,2020-12-07,0 days 15:57:34.261787,626718,42.83,42.82,4651,925,-9519,1481
659,COP,2020-12-07,0 days 15:59:14.266040,671595,42.82,42.81,1740,2600,33603,-8745
660,COP,2020-12-07,0 days 15:59:15.262027,663056,42.84,42.83,200,2942,-20539,33603
661,COTY,2020-12-07,0 days 15:59:09.249445,262253,7.45,7.44,23751,18435,-66831,8757
662,COTY,2020-12-07,0 days 15:59:10.249079,259784,7.45,7.44,8700,30087,2469,-66831
663,COTY,2020-12-07,0 days 15:59:28.243919,262746,7.46,7.45,6559,37309,-601,2599
664,COTY,2020-12-07,0 days 15:59:33.244521,263347,7.46,7.45,7959,40574,4780,-601
665,CPE,2020-12-07,0 days 15:55:00.237944,50316,13.15,13.14,3166,1802,-440,12215
666,CPE,2020-12-07,0 days 15:55:01.236879,50156,13.15,13.14,3166,1802,160,-440
667,CPE,2020-12-07,0 days 15:59:02.245048,51905,13.13,13.12,4967,1315,-530,1305
668,CPE,2020-12-07,0 days 15:59:03.244872,51735,13.13,13.12,4667,1315,70,-530
669,CPE,2020-12-07,0 days 15:59:48.246605,54135,13.11,13.1,4505,1931,620,-380
670,CPG,2020-12-07,0 days 15:59:36.245558,3999,2.15,2.14,332959,197306,1990,-2510
671,CPG,2020-12-07,0 days 15:59:37.245760,3789,2.15,2.14,332959,197306,-210,1990
672,CPRI,2020-12-07,0 days 15:55:08.219843,139052,39.39,39.36,200,444,1996,-204
673,CPRI,2020-12-07,0 days 15:57:07.223598,140342,39.38,39.36,1154,495,-2277,1323
674,CPRI,2020-12-07,0 days 15:57:08.223217,138719,39.37,39.36,216,395,1623,-2277
675,CPRI,2020-12-07,0 days 15:57:35.224358,142060,39.37,39.36,600,621,-859,1141
676,CPRI,2020-12-07,0 days 15:57:36.224649,140719,39.37,39.36,600,921,1341,-859
677,CPRI,2020-12-07,0 days 15:58:41.227998,151177,39.33,39.32,400,1480,-760,2140
678,CPRI,2020-12-07,0 days 15:58:53.227760,147237,39.33,39.32,600,419,3940,-460
679,CPRI,2020-12-07,0 days 15:59:02.229875,133338,39.34,39.33,300,990,85,-2015
680,CPRI,2020-12-07,0 days 15:59:09.232068,134027,39.35,39.34,200,1082,-1020,94
681,CPRI,2020-12-07,0 days 15:59:10.231994,133847,39.35,39.34,421,878,180,-1020
682,CPRI,2020-12-07,0 days 15:59:11.229322,134027,39.39,39.35,200,200,-20,180
683,CPRI,2020-12-07,0 days 15:59:18.229346,138196,39.37,39.35,200,200,9644,-123
684,CPRI,2020-12-07,0 days 15:59:26.229426,147840,39.38,39.36,700,100,-494,942
685,CPRI,2020-12-07,0 days 15:59:27.230058,145998,39.37,39.36,100,100,1842,-494
686,CPRI,2020-12-07,0 days 15:59:43.230672,147840,39.34,39.33,400,100,-71,220
687,CPRI,2020-12-07,0 days 15:59:47.232212,147720,39.36,39.34,200,684,2830,-180
688,CPRI,2020-12-07,0 days 15:59:49.232445,150550,39.35,39.34,100,484,-621,158
689,CPRI,2020-12-07,0 days 15:59:50.236439,149971,39.35,39.33,300,200,579,-621
690,CRM,2020-12-07,0 days 15:55:00.230301,369119,227.38,227.28,240,201,20134,-70859
691,CRM,2020-12-07,0 days 15:55:01.230280,367053,227.39,227.36,448,100,-2473,20134
692,CRM,2020-12-07,0 days 15:56:23.235296,377581,227.62,227.56,100,300,-7761,1935
693,CRM,2020-12-07,0 days 15:56:34.235818,384865,227.55,227.49,300,200,5855,-3841
694,CRM,2020-12-07,0 days 15:56:35.235697,383720,227.52,227.47,100,100,-1145,5855
695,CRM,2020-12-07,0 days 15:56:38.236156,384765,227.51,227.45,371,100,140,-1065
696,CRM,2020-12-07,0 days 15:56:41.236147,383800,227.52,227.46,200,100,-1065,140
697,CRM,2020-12-07,0 days 15:58:09.237981,411620,227.44,227.37,344,100,1097,-7372
698,CRM,2020-12-07,0 days 15:58:10.237590,407717,227.48,227.37,200,100,-3903,1097
699,CRM,2020-12-07,0 days 15:58:20.238066,411620,227.47,227.36,100,100,1619,-6081
700,CRM,2020-12-07,0 days 15:58:21.236824,407739,227.48,227.41,100,200,-3881,1619
701,CRM,2020-12-07,0 days 15:59:15.234258,413191,227.44,227.39,300,141,80312,-9761
702,CRM,2020-12-07,0 days 15:59:16.234501,451722,227.55,227.49,100,200,-5784,80312
703,CRM,2020-12-07,0 days 15:59:17.235371,448998,227.58,227.49,100,100,3494,-5784
704,CRM,2020-12-07,0 days 15:59:32.234925,464237,227.49,227.42,500,368,-4059,2087
705,CRM,2020-12-07,0 days 15:59:33.235661,461896,227.55,227.49,171,200,1156,-4059
706,CRM,2020-12-07,0 days 15:59:35.234549,463052,227.56,227.52,500,200,-96,1340
707,CRM,2020-12-07,0 days 15:59:37.234892,463048,227.54,227.49,600,559,88,-96
708,CRM,2020-12-07,0 days 15:59:44.237334,461648,227.51,227.47,400,100,21104,-10592
709,CRM,2020-12-07,0 days 15:59:45.238753,467556,227.59,227.49,806,318,-6392,21104
710,CRM,2020-12-07,0 days 15:59:55.237967,458706,227.77,227.58,700,1300,-4413,5708
711,CTVA,2020-12-07,0 days 15:59:15.231115,407750,37.97,37.95,1133,1200,10119,-12695
712,CTVA,2020-12-07,0 days 15:59:31.231810,421473,37.98,37.97,600,104,-3519,6765
713,CTVA,2020-12-07,0 days 15:59:46.233302,425435,37.97,37.96,900,375,10775,-2234
714,CTVA,2020-12-07,0 days 15:59:50.237157,390010,37.97,37.96,700,143,-36125,8475
715,CUK,2020-12-07,0 days 15:57:05.245404,4571,20.19,20.18,500,4854,-728,112
716,CUK,2020-12-07,0 days 15:57:08.244562,6199,20.19,20.18,500,1730,572,-728
717,CUK,2020-12-07,0 days 15:59:05.248796,6496,20.17,20.16,3009,339,776,-224
718,CUK,2020-12-07,0 days 15:59:06.249471,6272,20.17,20.16,5233,339,-557,776
719,CUK,2020-12-07,0 days 15:59:08.249651,7029,20.17,20.16,2985,339,1290,-207
720,CVE,2020-12-07,0 days 15:59:44.244599,127863,5.66,5.65,129264,333316,-3827,13173
721,CVNA,2020-12-07,0 days 15:55:00.233836,31684,259.74,259.53,100,101,1955,-19155
722,CVNA,2020-12-07,0 days 15:57:13.238200,36026,259.44,259.14,212,100,-865,1630
723,CVNA,2020-12-07,0 days 15:57:27.238143,36891,259.44,259.18,200,300,1435,-865
724,CVNA,2020-12-07,0 days 15:59:50.241368,40819,259.0,258.52,474,300,-1504,3196
725,CVS,2020-12-07,0 days 15:59:15.259739,472306,73.65,73.64,602,204,11015,-60485
726,CVS,2020-12-07,0 days 15:59:16.259007,477789,73.68,73.67,200,400,-6640,11015
727,CVS,2020-12-07,0 days 15:59:45.262559,485188,73.71,73.67,740,981,7156,-1470
728,CVS,2020-12-07,0 days 15:59:50.266572,446044,73.72,73.67,900,700,-39513,3587
729,CVS,2020-12-07,0 days 15:59:57.255556,473838,73.63,73.6,500,100,6798,-3459
730,CVX,2020-12-07,0 days 15:59:33.244746,907866,90.88,90.85,356,650,-4364,5200
731,CVX,2020-12-07,0 days 15:59:45.247360,917530,90.89,90.83,1602,600,-11722,5099
732,CVX,2020-12-07,0 days 15:59:48.245562,917111,90.85,90.82,752,300,419,-3515
733,CX,2020-12-07,0 days 15:57:26.299171,363219,5.65,5.64,11013,74544,3100,-5850
734,CX,2020-12-07,0 days 15:57:32.300119,340319,5.65,5.64,12300,75044,-20800,6900
735,CX,2020-12-07,0 days 15:59:46.302032,409597,5.65,5.64,95964,17086,5797,-1239
736,CX,2020-12-07,0 days 15:59:48.301723,395594,5.65,5.64,95864,17286,-14003,5797
737,CXO,2020-12-07,0 days 15:55:00.232823,502011,62.34,62.32,446,902,-927,49650
738,CXO,2020-12-07,0 days 15:56:33.236652,504469,62.35,62.33,308,500,4844,-1139
739,CXO,2020-12-07,0 days 15:57:34.239379,509793,62.34,62.32,920,413,-1347,2588
740,CXO,2020-12-07,0 days 15:59:18.236104,548465,62.36,62.34,300,100,19222,-24878
741,CXO,2020-12-07,0 days 15:59:19.236617,546587,62.37,62.35,500,100,-1778,19222
742,CXO,2020-12-07,0 days 15:59:23.236252,543552,62.36,62.33,198,400,-1643,1557
743,CXO,2020-12-07,0 days 15:59:45.239039,554572,62.35,62.33,100,367,17504,-1000
744,CYH,2020-12-07,0 days 15:55:45.243863,106643,8.62,8.61,1981,4276,-968,3532
745,CYH,2020-12-07,0 days 15:55:46.247334,105111,8.62,8.61,1400,4596,1532,-968
746,CYH,2020-12-07,0 days 15:55:48.242855,106643,8.62,8.61,900,4496,-1625,1532
747,CYH,2020-12-07,0 days 15:55:49.243010,105468,8.62,8.61,900,4496,1175,-1625
748,CYH,2020-12-07,0 days 15:57:05.245387,107514,8.62,8.61,2425,2264,-1956,184
749,CYH,2020-12-07,0 days 15:57:06.245152,106170,8.62,8.61,4243,921,1344,-1956
750,CYH,2020-12-07,0 days 15:58:02.246332,108767,8.62,8.61,4175,1852,-703,1744
751,CYH,2020-12-07,0 days 15:58:03.245956,107270,8.62,8.61,3955,1652,1497,-703
752,CYH,2020-12-07,0 days 15:59:10.249268,110129,8.62,8.61,3237,1782,-3455,1608
753,CYH,2020-12-07,0 days 15:59:11.249304,109984,8.62,8.61,3837,1382,145,-3455
754,CYH,2020-12-07,0 days 15:59:45.247350,111254,8.63,8.62,1499,3700,-1421,479
755,CYH,2020-12-07,0 days 15:59:46.245283,111075,8.63,8.62,1629,3600,642,-1421
756,CZZ,2020-12-07,0 days 15:57:05.245281,27691,18.66,18.65,643,306,891,-1292
757,CZZ,2020-12-07,0 days 15:57:06.245064,26382,18.66,18.65,619,306,-909,891
758,CZZ,2020-12-07,0 days 15:59:02.248755,32200,18.66,18.65,607,1230,299,-501
759,CZZ,2020-12-07,0 days 15:59:03.248309,32499,18.66,18.65,817,730,-950,299
760,CZZ,2020-12-07,0 days 15:59:45.247158,34892,18.66,18.64,458,1000,749,-270
761,D,2020-12-07,0 days 15:55:26.223701,677019,76.29,76.28,400,718,-23112,118941
762,D,2020-12-07,0 days 15:56:01.225154,729663,76.21,76.2,200,903,795,-5240
763,D,2020-12-07,0 days 15:56:02.224755,723658,76.22,76.2,400,988,-6005,795
764,D,2020-12-07,0 days 15:57:18.227091,568568,76.22,76.21,1100,1001,110081,-5287
765,D,2020-12-07,0 days 15:57:27.227189,682249,76.18,76.16,100,200,-30583,110083
766,D,2020-12-07,0 days 15:58:09.229767,734221,76.14,76.13,990,242,9273,-2767
767,D,2020-12-07,0 days 15:59:46.233056,785437,76.18,76.16,725,600,1302,-12421
768,D,2020-12-07,0 days 15:59:47.232436,784639,76.17,76.16,425,300,-664,1302
769,D,2020-12-07,0 days 15:59:49.233226,785303,76.16,76.13,725,600,639,-798
770,D,2020-12-07,0 days 15:59:50.236766,784542,76.16,76.13,1097,700,-1409,639
771,DAL,2020-12-07,0 days 15:55:16.253319,265880,42.26,42.25,3666,2111,968,-532
772,DAL,2020-12-07,0 days 15:55:23.255168,266848,42.28,42.27,4195,717,-1308,344
773,DAL,2020-12-07,0 days 15:55:24.254872,266681,42.28,42.27,2695,2837,2150,-1308
774,DAL,2020-12-07,0 days 15:56:10.256838,269179,42.3,42.29,836,5613,-592,443
775,DAL,2020-12-07,0 days 15:56:11.256386,268871,42.3,42.29,2300,4313,308,-592
776,DAL,2020-12-07,0 days 15:56:30.257092,269179,42.32,42.31,3333,4415,-1192,8
777,DAL,2020-12-07,0 days 15:56:32.256575,269171,42.32,42.31,3389,2800,8,-2192
778,DAL,2020-12-07,0 days 15:56:52.257898,270067,42.32,42.31,1676,4913,-458,70
779,DAL,2020-12-07,0 days 15:56:53.258515,269825,42.32,42.31,2476,3813,242,-458
780,DAL,2020-12-07,0 days 15:57:13.258248,270067,42.33,42.32,609,7654,-8558,1442
781,DAL,2020-12-07,0 days 15:57:41.257715,285960,42.31,42.3,2972,3183,211,-3289
782,DAL,2020-12-07,0 days 15:57:42.258109,284471,42.31,42.3,4167,1482,-1789,211
783,DAL,2020-12-07,0 days 15:58:10.259282,287360,42.33,42.31,3000,6218,578,-2122
784,DAL,2020-12-07,0 days 15:58:11.259984,285538,42.33,42.31,2800,6633,-1822,578
785,DAL,2020-12-07,0 days 15:59:12.263345,289988,42.34,42.33,3600,1000,-1126,574
786,DAL,2020-12-07,0 days 15:59:14.263549,292235,42.34,42.33,1900,3200,12127,-2232
787,DB,2020-12-07,0 days 15:57:20.257522,47999,11.59,11.58,35869,57677,-2634,1666
788,DB,2020-12-07,0 days 15:59:36.260012,55517,11.59,11.58,27124,78909,3808,-4592
789,DB,2020-12-07,0 days 15:59:37.259087,55225,11.59,11.58,27124,78909,-292,3808
790,DD,2020-12-07,0 days 15:59:31.245661,1338967,65.48,65.45,400,300,-950,26848
791,DD,2020-12-07,0 days 15:59:37.245777,1339917,65.5,65.44,100,600,9211,-950
792,DD,2020-12-07,0 days 15:59:38.244974,1339628,65.5,65.44,100,1100,-3703,9211
793,DD,2020-12-07,0 days 15:59:46.247188,1346733,65.5,65.45,300,300,2113,-1405
794,DD,2020-12-07,0 days 15:59:47.246279,1346246,65.48,65.45,200,200,-487,2113
795,DDD,2020-12-07,0 days 15:55:45.240225,110799,10.24,10.23,6079,1841,-2939,861
796,DDD,2020-12-07,0 days 15:55:46.242907,109038,10.24,10.23,3790,2341,1761,-2939
797,DDD,2020-12-07,0 days 15:55:49.239182,110799,10.24,10.23,4970,2241,-2174,1761
798,DDD,2020-12-07,0 days 15:55:50.239315,109373,10.24,10.23,5470,2241,1426,-2174
799,DDD,2020-12-07,0 days 15:57:05.241421,112038,10.23,10.22,6451,986,-268,2372
800,DDD,2020-12-07,0 days 15:57:06.241314,110806,10.23,10.22,6451,986,1232,-268
801,DDD,2020-12-07,0 days 15:59:11.244744,126663,10.21,10.2,939,5156,-3449,2708
802,DDD,2020-12-07,0 days 15:59:12.245301,125012,10.21,10.2,939,5156,1651,-3449
803,DDD,2020-12-07,0 days 15:59:14.244963,126663,10.21,10.2,939,5449,-318,1651
804,DDD,2020-12-07,0 days 15:59:33.244567,126981,10.21,10.2,1158,6891,203,-218
805,DDD,2020-12-07,0 days 15:59:45.246243,127184,10.21,10.2,1594,7129,-3526,103
806,DELL,2020-12-07,0 days 15:56:30.299340,156918,70.24,70.21,400,768,-4683,24217
807,DELL,2020-12-07,0 days 15:56:33.299164,161601,70.24,70.22,100,200,24717,-4683
808,DELL,2020-12-07,0 days 15:59:18.298915,204340,70.42,70.37,100,300,-2796,3542
809,DELL,2020-12-07,0 days 15:59:42.300379,211079,70.26,70.2,300,100,7293,-3339
810,DELL,2020-12-07,0 days 15:59:45.302836,207740,70.32,70.2,100,600,-14657,2986
811,DELL,2020-12-07,0 days 15:59:50.306481,163030,70.24,70.17,100,300,56858,-10567
812,DFS,2020-12-07,0 days 15:55:10.240898,122478,82.41,82.38,324,808,-462,344
813,DFS,2020-12-07,0 days 15:58:01.246589,122828,82.35,82.33,100,450,3919,-2881
814,DFS,2020-12-07,0 days 15:58:10.246409,127000,82.41,82.38,650,218,-217,3783
815,DFS,2020-12-07,0 days 15:59:09.249590,133922,82.37,82.34,352,306,3230,-3695
816,DFS,2020-12-07,0 days 15:59:15.244366,145634,82.41,82.36,1400,100,-2897,12341
817,DFS,2020-12-07,0 days 15:59:32.244550,148947,82.37,82.33,100,100,2661,-2713
818,DFS,2020-12-07,0 days 15:59:42.245042,151608,82.41,82.38,100,300,-434,966
819,DFS,2020-12-07,0 days 15:59:50.249691,145009,82.45,82.41,100,930,6599,-3701
820,DHI,2020-12-07,0 days 15:53:46.229729,186032,73.86,73.84,403,100,10172,-5292
821,DHI,2020-12-07,0 days 15:55:29.235225,237198,73.88,73.86,400,259,-964,300
822,DHI,2020-12-07,0 days 15:55:30.235087,237062,73.88,73.86,400,800,136,-964
823,DHI,2020-12-07,0 days 15:55:31.234779,237198,73.88,73.86,300,800,-619,136
824,DHI,2020-12-07,0 days 15:55:32.234869,237117,73.87,73.86,100,405,81,-619
825,DHI,2020-12-07,0 days 15:55:50.235811,227378,73.9,73.88,100,700,-9014,206
826,DHI,2020-12-07,0 days 15:57:35.238727,254628,73.75,73.73,418,697,-2183,1217
827,DHI,2020-12-07,0 days 15:57:37.238478,254011,73.73,73.7,300,500,619,-81
828,DHI,2020-12-07,0 days 15:57:51.239141,254630,73.72,73.71,855,201,-973,427
829,DHI,2020-12-07,0 days 15:57:53.238409,254403,73.73,73.71,900,709,227,-273
830,DHI,2020-12-07,0 days 15:58:24.240773,258146,73.76,73.74,409,200,390,-310
831,DHI,2020-12-07,0 days 15:59:01.242182,256472,73.76,73.74,500,634,-374,826
832,DHI,2020-12-07,0 days 15:59:09.242465,255092,73.79,73.77,365,172,-255,2345
833,DHI,2020-12-07,0 days 15:59:10.242319,254347,73.79,73.77,258,572,45,-255
834,DHI,2020-12-07,0 days 15:59:11.242759,254392,73.79,73.77,300,722,-155,45
835,DHI,2020-12-07,0 days 15:59:32.236794,256643,73.74,73.72,400,200,-1127,422
836,DHI,2020-12-07,0 days 15:59:49.237641,269177,73.73,73.72,503,100,6704,-11879
837,DHR,2020-12-07,0 days 15:56:03.224798,226749,226.32,226.26,205,100,4528,-2741
838,DHR,2020-12-07,0 days 15:56:04.225940,225977,226.32,226.27,100,100,-772,4528
839,DHR,2020-12-07,0 days 15:59:01.232793,247358,226.54,226.47,100,100,486,-5857
840,DHR,2020-12-07,0 days 15:59:06.232900,245169,226.52,226.43,300,100,-1468,1334
841,DHR,2020-12-07,0 days 15:59:14.233704,272556,226.42,226.31,492,100,2065,-15526
842,DHR,2020-12-07,0 days 15:59:26.231155,268708,226.41,226.31,300,100,2410,-1490
843,DHR,2020-12-07,0 days 15:59:27.231250,267018,226.41,226.31,300,100,-1690,2410
844,DHR,2020-12-07,0 days 15:59:45.234281,268894,226.32,226.25,100,1222,2351,-336
845,DHR,2020-12-07,0 days 15:59:48.231990,268220,226.34,226.29,100,300,-225,3302
846,DHR,2020-12-07,0 days 15:59:49.233171,268445,226.3,226.22,300,100,218,-225
847,DHR,2020-12-07,0 days 15:59:50.236624,267663,226.3,226.22,100,100,-782,218
848,DHT,2020-12-07,0 days 15:57:05.258451,32358,5.37,5.36,8100,15505,-288,2252
849,DHT,2020-12-07,0 days 15:57:29.257982,32746,5.37,5.36,16839,3242,14,-286
850,DHT,2020-12-07,0 days 15:58:06.261327,34326,5.37,5.36,16749,4832,-662,780
851,DIS,2020-12-07,0 days 15:59:45.262786,735172,153.69,153.65,100,852,8239,-142
852,DIS,2020-12-07,0 days 15:59:46.260539,729110,153.79,153.73,100,1050,-47905,8239
853,DIS,2020-12-07,0 days 15:59:49.260989,735240,153.72,153.67,250,100,3970,-37036
854,DKS,2020-12-07,0 days 15:56:33.240921,115302,55.49,55.48,200,200,-4412,2788
855,DKS,2020-12-07,0 days 15:56:34.241542,113214,55.48,55.47,213,315,2088,-4412
856,DKS,2020-12-07,0 days 15:58:18.245960,128037,55.49,55.48,200,385,-3710,3490
857,DKS,2020-12-07,0 days 15:58:19.243244,125067,55.47,55.46,300,100,2970,-3710
858,DKS,2020-12-07,0 days 15:58:35.243881,128037,55.49,55.47,200,635,-4430,2770
859,DKS,2020-12-07,0 days 15:58:36.244265,125067,55.49,55.47,200,643,2970,-4430
860,DKS,2020-12-07,0 days 15:58:42.243774,128037,55.49,55.47,663,400,-3630,3570
861,DKS,2020-12-07,0 days 15:58:43.244189,124867,55.48,55.47,100,300,3170,-3630
862,DKS,2020-12-07,0 days 15:59:06.245260,121115,55.49,55.47,100,504,-208,892
863,DKS,2020-12-07,0 days 15:59:07.245898,115023,55.49,55.47,100,603,1283,-208
864,DNK,2020-12-07,0 days 15:59:10.245323,6320,3.32,3.28,100,500,3306,-220
865,DNK,2020-12-07,0 days 15:59:46.247059,5585,3.34,3.28,1000,300,-135,365
866,DOW,2020-12-07,0 days 15:55:00.222282,627547,53.22,53.19,1008,645,6957,-57131
867,DOW,2020-12-07,0 days 15:55:49.224788,629048,53.23,53.22,400,1510,-264,479
868,DOW,2020-12-07,0 days 15:56:03.224778,629312,53.23,53.22,736,262,267,-264
869,DOW,2020-12-07,0 days 15:56:47.225523,629312,53.23,53.22,401,1100,3204,-27
870,DOW,2020-12-07,0 days 15:57:47.228960,633833,53.26,53.25,984,400,912,-388
871,DOW,2020-12-07,0 days 15:57:51.228559,633833,53.26,53.24,1500,559,1942,-58
872,DOW,2020-12-07,0 days 15:58:02.229632,633675,53.26,53.25,285,1357,-38,4242
873,DOW,2020-12-07,0 days 15:58:06.231598,633436,53.27,53.26,700,1457,239,-161
874,DOW,2020-12-07,0 days 15:58:11.229732,633675,53.27,53.26,470,1200,-2461,239
875,DOW,2020-12-07,0 days 15:58:12.229573,633436,53.27,53.26,470,1200,239,-2461
876,DOW,2020-12-07,0 days 15:58:27.229906,635475,53.27,53.25,855,710,-2561,1839
877,DOW,2020-12-07,0 days 15:58:29.231497,635036,53.25,53.23,602,577,439,-5661
878,DOW,2020-12-07,0 days 15:58:32.230345,636281,53.26,53.24,606,400,-855,1045
879,DOW,2020-12-07,0 days 15:58:33.230623,635736,53.25,53.24,100,800,545,-855
880,DOW,2020-12-07,0 days 15:58:37.230845,634236,53.26,53.25,200,571,245,-1355
881,DOW,2020-12-07,0 days 15:59:01.232839,634481,53.27,53.26,589,694,-3777,223
882,DOW,2020-12-07,0 days 15:59:08.232166,652124,53.24,53.23,923,300,-631,1469
883,DRH,2020-12-07,0 days 15:56:42.241533,251000,8.5,8.49,14869,11358,1175,-8825
884,DRH,2020-12-07,0 days 15:57:06.242344,238015,8.5,8.49,13205,13058,-12985,3815
885,DRH,2020-12-07,0 days 15:58:06.244163,251500,8.51,8.5,11229,9395,6528,-13870
886,DRH,2020-12-07,0 days 15:58:07.242778,238728,8.51,8.5,11247,9395,-12272,6528
887,DRH,2020-12-07,0 days 15:59:14.246229,317670,8.51,8.5,10905,10227,1183,-6612
888,DRH,2020-12-07,0 days 15:59:19.245065,306519,8.51,8.5,5314,13889,-11151,14349
889,DRI,2020-12-07,0 days 15:55:00.229059,60080,112.3,112.23,100,103,1389,-18669
890,DRI,2020-12-07,0 days 15:55:01.229182,58769,112.26,112.23,242,103,-1311,1389
891,DRI,2020-12-07,0 days 15:59:14.239507,67503,112.22,112.18,100,200,2935,-1103
892,DRI,2020-12-07,0 days 15:59:15.235072,66582,112.2,112.15,306,100,-721,2935
893,DRI,2020-12-07,0 days 15:59:44.236352,67495,112.21,112.16,100,200,31,-269
894,DRI,2020-12-07,0 days 15:59:45.237720,67526,112.27,112.21,100,200,-669,31
895,DRI,2020-12-07,0 days 15:59:46.236610,68195,112.26,112.21,200,100,910,-669
896,DRI,2020-12-07,0 days 15:59:47.236702,67505,112.29,112.21,100,100,-690,910
897,DRI,2020-12-07,0 days 15:59:58.238653,67495,112.17,112.08,400,100,10,-490
898,DUK,2020-12-07,0 days 15:59:26.261780,322383,91.89,91.87,200,300,764,-107
899,DUK,2020-12-07,0 days 15:59:45.265512,325304,91.89,91.86,100,1219,2534,-2018
900,DUK,2020-12-07,0 days 15:59:50.268226,312509,91.88,91.86,400,300,-12892,3108
901,DVN,2020-12-07,0 days 15:55:31.224094,487405,16.0,15.99,15976,14494,-2719,143
902,DVN,2020-12-07,0 days 15:55:32.224055,486924,16.0,15.99,12226,17765,481,-2719
903,DVN,2020-12-07,0 days 15:55:40.224299,487405,16.01,16.0,12605,12726,-2793,481
904,DVN,2020-12-07,0 days 15:55:41.224396,487298,16.01,16.0,12605,12926,207,-2793
905,DVN,2020-12-07,0 days 15:55:45.225439,487505,16.01,16.0,14355,23140,-2093,207
906,DVN,2020-12-07,0 days 15:56:09.225819,487614,16.01,16.0,16975,15865,3791,-109
907,DVN,2020-12-07,0 days 15:57:14.227522,526670,16.0,15.99,13900,7885,-4712,3490
908,DVN,2020-12-07,0 days 15:57:15.226805,523882,16.0,15.99,13578,7787,2388,-4712
909,DVN,2020-12-07,0 days 15:57:18.227168,526670,16.0,15.99,19136,5512,-1310,2388
910,DVN,2020-12-07,0 days 15:58:31.230512,519478,15.99,15.98,22528,8964,34,-85
911,DVN,2020-12-07,0 days 15:58:47.231043,493711,15.98,15.97,14703,9228,-7819,1146
912,DVN,2020-12-07,0 days 15:58:56.231114,501930,15.98,15.97,21009,9329,13869,-8196
913,DVN,2020-12-07,0 days 15:58:57.231375,515799,15.98,15.97,16109,7328,-5731,13869
914,DVN,2020-12-07,0 days 15:59:03.231850,523944,15.98,15.97,14659,8463,14832,-8254
915,DVN,2020-12-07,0 days 15:59:04.233322,538776,15.98,15.97,14659,8563,-6732,14832
916,DXC,2020-12-07,0 days 15:55:00.239152,436243,24.2,24.17,1135,2236,-7030,27918
917,DXC,2020-12-07,0 days 15:59:03.245082,446223,24.14,24.13,3677,1158,-620,522
918,DXC,2020-12-07,0 days 15:59:23.245215,490824,24.11,24.1,1563,900,-129,1171
919,DXC,2020-12-07,0 days 15:59:31.245679,496988,24.11,24.1,3954,700,5600,-4004
920,EAF,2020-12-07,0 days 15:59:03.231850,171774,9.71,9.7,4500,200,1185,-1378
921,EAF,2020-12-07,0 days 15:59:08.232436,160386,9.7,9.69,4341,1300,-3688,2612
922,EAF,2020-12-07,0 days 15:59:14.233984,164074,9.7,9.69,6541,400,1723,-3688
923,EAF,2020-12-07,0 days 15:59:15.231136,163597,9.7,9.69,6960,1100,-477,1723
924,EAF,2020-12-07,0 days 15:59:30.234553,149397,9.69,9.68,3180,2641,-2274,11926
925,ED,2020-12-07,0 days 15:55:00.233852,303801,74.81,74.8,600,1006,1614,-38208
926,ED,2020-12-07,0 days 15:55:01.232766,302915,74.85,74.84,100,800,-886,1614
927,ED,2020-12-07,0 days 15:55:24.234733,304085,74.9,74.89,300,600,19861,-2010
928,ED,2020-12-07,0 days 15:56:33.236698,308618,74.92,74.91,629,200,-2130,1698
929,ED,2020-12-07,0 days 15:57:36.239290,311585,74.91,74.9,504,424,5880,-320
930,ED,2020-12-07,0 days 15:57:42.238627,311165,74.91,74.9,791,532,-420,2180
931,ED,2020-12-07,0 days 15:57:44.238570,311585,74.91,74.9,791,532,1280,-420
932,ED,2020-12-07,0 days 15:57:48.239328,310965,74.93,74.91,926,637,-620,880
933,ED,2020-12-07,0 days 15:58:22.239859,312558,74.86,74.85,100,300,2448,-4606
934,ED,2020-12-07,0 days 15:58:26.240131,312306,74.86,74.85,100,213,-252,2948
935,ED,2020-12-07,0 days 15:58:33.240693,312558,74.85,74.83,400,300,859,-8141
936,ED,2020-12-07,0 days 15:58:39.240861,306017,74.87,74.86,818,300,-6541,2513
937,ED,2020-12-07,0 days 15:58:42.240565,312558,74.87,74.86,1000,300,2613,-6441
938,ED,2020-12-07,0 days 15:59:31.237142,325367,74.9,74.87,200,172,-1760,3899
939,ED,2020-12-07,0 days 15:59:50.241368,326276,74.89,74.84,800,400,-951,9049
940,ELAN,2020-12-07,0 days 15:59:11.305316,857102,29.36,29.35,1701,321,-10501,24077
941,EMR,2020-12-07,0 days 15:55:39.240258,713467,79.19,79.18,402,1086,549,-2042
942,EMR,2020-12-07,0 days 15:57:09.242724,715468,79.27,79.26,465,500,29,-658
943,EMR,2020-12-07,0 days 15:57:19.240654,715497,79.29,79.26,1310,1009,-4171,29
944,EMR,2020-12-07,0 days 15:59:15.245128,755316,79.26,79.22,1348,400,33819,-8661
945,EMR,2020-12-07,0 days 15:59:31.245420,765735,79.24,79.21,299,400,-10278,9919
946,EMR,2020-12-07,0 days 15:59:46.246462,776813,79.22,79.2,497,110,5350,-1950
947,EMR,2020-12-07,0 days 15:59:49.246018,776263,79.22,79.2,509,110,-550,8350
948,ENB,2020-12-07,0 days 15:55:01.256137,57169,33.35,33.34,4341,16514,-1397,403
949,ENB,2020-12-07,0 days 15:59:47.262212,75798,33.3,33.29,7494,6100,880,-55
950,ENB,2020-12-07,0 days 15:59:48.262519,74478,33.3,33.29,6894,7500,-1320,880
951,ENLC,2020-12-07,0 days 15:59:01.263902,117460,4.34,4.33,5835,11361,2934,-3966
952,ENLC,2020-12-07,0 days 15:59:02.262616,117094,4.34,4.33,6082,11361,-366,2934
953,ENLC,2020-12-07,0 days 15:59:15.259699,117260,4.34,4.33,8057,10344,4093,-1755
954,EOG,2020-12-07,0 days 15:59:46.262653,582985,51.63,51.61,100,100,12317,-8993
955,EOG,2020-12-07,0 days 15:59:50.267588,512045,51.62,51.57,600,200,-66940,2660
956,EPD,2020-12-07,0 days 15:55:00.229190,114551,20.69,20.68,1706,10708,-11444,37845
957,EPD,2020-12-07,0 days 15:59:50.240376,120907,20.67,20.66,13614,6500,1617,-6983
958,EPR,2020-12-07,0 days 15:55:00.252426,29425,31.65,31.59,200,227,-5537,2066
959,EPR,2020-12-07,0 days 15:55:01.251671,28762,31.65,31.59,300,1030,663,-5537
960,EPR,2020-12-07,0 days 15:57:08.257872,30899,31.66,31.64,100,312,-936,530
961,EPR,2020-12-07,0 days 15:57:09.257947,30335,31.66,31.64,800,212,564,-936
962,EPR,2020-12-07,0 days 15:57:38.258084,31000,31.65,31.64,808,647,-1535,665
963,EPR,2020-12-07,0 days 15:57:39.258069,31235,31.65,31.64,900,600,365,-1535
964,EPR,2020-12-07,0 days 15:59:13.262602,32949,31.67,31.66,629,100,-1230,14
965,EPR,2020-12-07,0 days 15:59:14.263180,32679,31.69,31.65,100,190,270,-1230
966,EPR,2020-12-07,0 days 15:59:16.258839,32949,31.67,31.65,700,690,-1241,270
967,EQNR,2020-12-07,0 days 15:55:45.235101,27565,16.53,16.52,26129,18100,-6286,1714
968,EQR,2020-12-07,0 days 15:59:39.247195,266647,62.83,62.81,300,100,116,-3184
969,EQR,2020-12-07,0 days 15:59:50.250262,241820,62.83,62.8,278,100,-25145,1255
970,EQT,2020-12-07,0 days 15:56:05.256747,373627,13.9,13.89,4973,3890,-7693,8307
971,EQT,2020-12-07,0 days 15:56:06.256426,362920,13.9,13.89,5473,2802,10707,-7693
972,EQT,2020-12-07,0 days 15:57:38.258353,376468,13.94,13.93,6859,2638,-732,4368
973,EQT,2020-12-07,0 days 15:57:41.257715,368100,13.93,13.92,8687,1090,8368,-732
974,EQT,2020-12-07,0 days 15:59:00.267462,371485,13.93,13.92,2027,4352,-9710,3012
975,EQT,2020-12-07,0 days 15:59:01.264130,370295,13.93,13.92,1427,4552,1190,-9710
976,EQT,2020-12-07,0 days 15:59:17.259222,375434,13.9,13.89,3899,4500,-48925,5905
977,EQT,2020-12-07,0 days 15:59:18.259106,372411,13.9,13.89,6599,2400,3023,-48925
978,EQT,2020-12-07,0 days 15:59:19.259097,376234,13.9,13.89,7359,1800,-5320,3023
979,EQT,2020-12-07,0 days 15:59:20.260018,373754,13.89,13.88,6619,4600,2332,-5320
980,EQT,2020-12-07,0 days 15:59:35.259945,374618,13.89,13.88,4839,4746,2268,-932
981,EQT,2020-12-07,0 days 15:59:40.261222,376086,13.9,13.89,7474,2000,-882,1468
982,EQT,2020-12-07,0 days 15:59:45.262759,375697,13.9,13.89,7054,4056,389,-6011
983,EQT,2020-12-07,0 days 15:59:46.260510,376086,13.9,13.89,3800,4356,-20495,389
984,ERF,2020-12-07,0 days 15:59:36.300389,6305,2.94,2.93,108751,57984,2943,-4157
985,ERJ,2020-12-07,0 days 15:55:45.225389,37620,7.32,7.31,8606,17323,485,-1315
986,ERJ,2020-12-07,0 days 15:55:46.228172,35305,7.32,7.31,6131,18753,-2315,485
987,ERJ,2020-12-07,0 days 15:57:05.226650,37620,7.3,7.29,10192,13119,725,-1615
988,ERJ,2020-12-07,0 days 15:57:06.226706,35945,7.3,7.29,10092,12819,-1675,725
989,ERJ,2020-12-07,0 days 15:59:02.233158,39720,7.3,7.29,4733,29041,2277,-3150
990,ERJ,2020-12-07,0 days 15:59:03.231803,38497,7.3,7.29,4833,29041,-1223,2277
991,ERJ,2020-12-07,0 days 15:59:18.230999,44429,7.29,7.28,13007,20228,1368,-6032
992,ERJ,2020-12-07,0 days 15:59:19.230991,43497,7.29,7.28,13076,20528,-932,1368
993,ERJ,2020-12-07,0 days 15:59:46.233232,44429,7.3,7.29,30919,3624,3155,-732
994,ERJ,2020-12-07,0 days 15:59:47.232585,43684,7.3,7.29,29656,5124,-745,3155
995,ESRT,2020-12-07,0 days 15:59:15.261484,287289,9.78,9.77,8252,6769,108142,-16345
996,ESRT,2020-12-07,0 days 15:59:16.260637,283673,9.79,9.78,13415,5600,-4860,108142
997,ESRT,2020-12-07,0 days 15:59:27.261180,294227,9.78,9.77,6073,3726,18385,-8521
998,ESRT,2020-12-07,0 days 15:59:50.267183,267952,9.78,9.77,14691,300,-31087,12613
999,ET,2020-12-07,0 days 15:57:10.234257,212381,6.7,6.69,69625,26380,-3916,3484
1000,ET,2020-12-07,0 days 15:57:11.233300,205697,6.69,6.68,35666,31705,6684,-3916
1001,ET,2020-12-07,0 days 15:58:56.236352,205297,6.7,6.69,12958,147494,6584,-1916
1002,ET,2020-12-07,0 days 15:59:02.238089,211881,6.71,6.7,41275,87167,-4446,6584
1003,ET,2020-12-07,0 days 15:59:03.237740,207627,6.71,6.7,41275,83267,4254,-4446
1004,ET,2020-12-07,0 days 15:59:15.234366,212881,6.71,6.7,34640,41567,-32525,5254
1005,ET,2020-12-07,0 days 15:59:16.233762,198106,6.71,6.7,34140,39367,14775,-32525
1006,ET,2020-12-07,0 days 15:59:46.236514,212881,6.71,6.7,23975,43867,-14995,1675
1007,ETRN,2020-12-07,0 days 15:56:05.235528,190014,8.2,8.19,2421,13366,-1712,321
1008,ETRN,2020-12-07,0 days 15:56:06.235334,180926,8.2,8.19,3500,12047,9088,-1712
1009,ETRN,2020-12-07,0 days 15:59:03.241739,196269,8.19,8.18,3630,7149,-7274,6328
1010,ETRN,2020-12-07,0 days 15:59:04.242494,190943,8.19,8.18,3330,7149,5326,-7274
1011,ETRN,2020-12-07,0 days 15:59:32.236703,196269,8.19,8.17,16558,8509,-9401,22
1012,ETRN,2020-12-07,0 days 15:59:47.237138,195297,8.19,8.18,12615,1610,2072,-12128
1013,EVRI,2020-12-07,0 days 15:56:10.256910,34195,12.42,12.41,3016,2502,964,-134
1014,EVRI,2020-12-07,0 days 15:57:08.258342,33759,12.44,12.43,2460,1835,-536,64
1015,EVRI,2020-12-07,0 days 15:59:46.260649,38164,12.46,12.44,5145,2800,203,-97
1016,EVRI,2020-12-07,0 days 15:59:48.260877,37767,12.46,12.44,5345,2800,-297,203
1017,EW,2020-12-07,0 days 15:59:31.302537,460384,86.15,86.07,288,100,1753,-4347
1018,EW,2020-12-07,0 days 15:59:50.306189,435443,86.15,86.08,786,400,-24941,8359
1019,FCAU,2020-12-07,0 days 15:57:12.261781,23342,16.3,16.29,13021,16156,-342,3158
1020,FCAU,2020-12-07,0 days 15:57:43.260877,22287,16.3,16.29,17971,7537,1055,-342
1021,FCAU,2020-12-07,0 days 15:57:51.261448,23342,16.3,16.29,18071,5737,-304,1055
1022,FCAU,2020-12-07,0 days 15:58:51.264082,23647,16.29,16.28,25102,10301,3302,-353
1023,FCAU,2020-12-07,0 days 15:59:06.265847,28681,16.29,16.28,23505,4807,-466,534
1024,FCAU,2020-12-07,0 days 15:59:07.266263,28047,16.29,16.28,23505,5307,634,-466
1025,FCX,2020-12-07,0 days 15:55:00.238032,732104,24.59,24.58,12424,20436,-51751,46003
1026,FCX,2020-12-07,0 days 15:56:07.240471,799388,24.6,24.59,7168,24263,-4320,1480
1027,FCX,2020-12-07,0 days 15:59:01.245940,765404,24.6,24.59,24147,1009,10725,-15254
1028,FCX,2020-12-07,0 days 15:59:07.245650,786064,24.6,24.59,26855,2860,-80016,18788
1029,FCX,2020-12-07,0 days 15:59:28.244253,941376,24.59,24.58,6128,18746,1346,-4322
1030,FE,2020-12-07,0 days 15:55:00.222387,1376479,29.42,29.41,7645,7976,-118195,503425
1031,FE,2020-12-07,0 days 15:55:04.221828,1494674,29.42,29.41,7160,7764,7749,-11295
1032,FE,2020-12-07,0 days 15:55:05.222316,1485323,29.43,29.42,4910,5402,-9351,7749
1033,FE,2020-12-07,0 days 15:55:38.224856,1496074,29.45,29.44,3422,4858,52812,-9644
1034,FE,2020-12-07,0 days 15:55:39.224059,1492486,29.45,29.44,3425,5914,-3588,52812
1035,FE,2020-12-07,0 days 15:57:35.227702,1513326,29.45,29.44,3564,3594,783,-4417
1036,FE,2020-12-07,0 days 15:59:54.233777,1638298,29.47,29.46,1100,2922,-4177,13523
1037,FEAC,2020-12-07,0 days 15:52:04.241266,10602,17.88,17.8,300,200,456,-254
1038,FEAC,2020-12-07,0 days 15:52:13.240919,11048,17.88,17.83,400,200,-254,456
1039,FEAC,2020-12-07,0 days 15:52:56.241420,10602,17.84,17.8,100,404,456,-254
1040,FEAC,2020-12-07,0 days 15:53:20.241407,10602,17.9,17.77,300,200,456,-254
1041,FEAC,2020-12-07,0 days 15:53:29.241719,11048,17.86,17.77,219,500,-254,456
1042,FEAC,2020-12-07,0 days 15:53:45.241494,10602,17.86,17.8,719,500,456,-254
1043,FEAC,2020-12-07,0 days 15:53:48.241514,11048,17.86,17.8,719,600,-254,456
1044,FEAC,2020-12-07,0 days 15:54:10.242299,10602,17.86,17.8,387,600,456,-254
1045,FEAC,2020-12-07,0 days 15:54:20.242260,11048,17.85,17.81,800,100,-254,456
1046,FEAC,2020-12-07,0 days 15:54:26.242188,10602,17.85,17.81,800,200,456,-254
1047,FEAC,2020-12-07,0 days 15:54:30.242446,11048,17.85,17.81,800,200,-254,456
1048,FEAC,2020-12-07,0 days 15:55:05.240572,13014,17.81,17.74,4265,400,-788,366
1049,FEAC,2020-12-07,0 days 15:55:06.240641,12702,17.8,17.74,500,400,312,-788
1050,FEAC,2020-12-07,0 days 15:55:21.241729,13368,17.82,17.72,100,500,-434,366
1051,FEAC,2020-12-07,0 days 15:55:22.242124,13102,17.82,17.72,100,600,266,-434
1052,FEAC,2020-12-07,0 days 15:55:34.242495,13368,17.82,17.71,100,100,-434,366
1053,FEAC,2020-12-07,0 days 15:55:35.242851,13102,17.82,17.71,100,100,366,-434
1054,FEAC,2020-12-07,0 days 15:56:54.244192,13104,17.88,17.76,200,302,-398,312
1055,FEAC,2020-12-07,0 days 15:56:55.244290,12902,17.88,17.78,200,200,202,-398
1056,FEAC,2020-12-07,0 days 15:59:07.249449,13289,17.9,17.83,300,2102,-466,287
1057,FEAC,2020-12-07,0 days 15:59:08.249590,13155,17.9,17.83,300,2102,34,-466
1058,FEAC,2020-12-07,0 days 15:59:26.244257,13499,17.84,17.75,400,300,-156,198
1059,FEAC,2020-12-07,0 days 15:59:27.244419,13255,17.84,17.75,400,300,244,-156
1060,FEAC,2020-12-07,0 days 15:59:29.244864,13499,17.84,17.75,400,300,-156,598
1061,FEAC,2020-12-07,0 days 15:59:30.247387,13255,17.84,17.75,400,300,244,-156
1062,FEAC,2020-12-07,0 days 15:59:34.245199,13499,17.94,17.75,600,200,-156,198
1063,FEAC,2020-12-07,0 days 15:59:35.244926,13255,17.84,17.75,800,200,244,-156
1064,FEAC,2020-12-07,0 days 15:59:47.244992,13499,17.94,17.75,600,200,-316,598
1065,FEAC,2020-12-07,0 days 15:59:48.245527,13315,17.94,17.75,600,300,184,-316
1066,FHN,2020-12-07,0 days 15:55:19.239481,151143,13.14,13.13,200,20097,2487,-913
1067,FHN,2020-12-07,0 days 15:55:20.239150,146230,13.14,13.13,200,20097,-4913,2487
1068,FHN,2020-12-07,0 days 15:55:27.239799,151148,13.15,13.14,10924,11543,390,-4618
1069,FHN,2020-12-07,0 days 15:56:05.240692,151538,13.15,13.14,11262,12048,-146,25
1070,FHN,2020-12-07,0 days 15:58:02.242571,152403,13.13,13.12,9275,14649,143,-862
1071,FHN,2020-12-07,0 days 15:59:02.245138,164303,13.15,13.14,1850,28693,1283,-4317
1072,FHN,2020-12-07,0 days 15:59:46.246656,175524,13.15,13.14,16605,13569,3227,-2141
1073,FHN,2020-12-07,0 days 15:59:47.246063,174551,13.15,13.14,16405,12269,-973,3227
1074,FI,2020-12-07,0 days 15:59:38.244786,41796,2.75,2.74,12013,6171,1233,-267
1075,FI,2020-12-07,0 days 15:59:39.247040,41029,2.75,2.74,12113,6271,-267,1233
1076,FI,2020-12-07,0 days 15:59:41.245465,41796,2.75,2.74,11160,5271,1833,-267
1077,FI,2020-12-07,0 days 15:59:42.245507,41029,2.75,2.74,11160,5271,-267,1833
1078,FI,2020-12-07,0 days 15:59:46.246511,41796,2.75,2.74,10760,7444,333,-267
1079,FI,2020-12-07,0 days 15:59:48.246556,41129,2.75,2.74,8360,7499,-167,333
1080,FIS,2020-12-07,0 days 15:55:53.260905,547074,150.53,150.51,100,104,-2136,719
1081,FIS,2020-12-07,0 days 15:55:54.263389,545510,150.49,150.47,345,196,1564,-2136
1082,FIS,2020-12-07,0 days 15:56:30.261772,539432,150.48,150.45,100,1003,-8695,2605
1083,FIS,2020-12-07,0 days 15:56:31.261272,538427,150.48,150.46,302,200,1005,-8695
1084,FIS,2020-12-07,0 days 15:57:11.261627,549893,150.45,150.44,400,400,-124,1610
1085,FIS,2020-12-07,0 days 15:57:12.261714,548117,150.44,150.43,100,1129,1776,-124
1086,FIS,2020-12-07,0 days 15:58:33.263668,559718,150.4,150.39,100,100,12099,-3701
1087,FIS,2020-12-07,0 days 15:59:18.260937,602712,150.42,150.33,200,400,-24568,5923
1088,FIS,2020-12-07,0 days 15:59:19.261605,601133,150.42,150.36,100,108,1985,-24568
1089,FIS,2020-12-07,0 days 15:59:31.262786,618168,150.42,150.37,100,450,-1537,7055
1090,FIS,2020-12-07,0 days 15:59:32.262840,615605,150.43,150.37,200,450,2563,-1537
1091,FIS,2020-12-07,0 days 15:59:38.261688,608682,150.48,150.42,100,688,286,-7548
1092,FIS,2020-12-07,0 days 15:59:43.263179,608608,150.49,150.45,200,833,-174,180
1093,FIS,2020-12-07,0 days 15:59:45.265261,609082,150.52,150.47,200,931,91,-894
1094,FL,2020-12-07,0 days 15:58:09.263510,119261,41.36,41.33,1300,100,5458,-9838
1095,FL,2020-12-07,0 days 15:58:12.262502,117619,41.38,41.36,300,200,-1942,58
1096,FL,2020-12-07,0 days 15:59:06.265831,114145,41.39,41.36,400,100,868,-3465
1097,FL,2020-12-07,0 days 15:59:10.265552,111566,41.41,41.39,145,1029,-8222,4121
1098,FL,2020-12-07,0 days 15:59:11.265957,119788,41.42,41.39,200,533,2778,-8222
1099,FL,2020-12-07,0 days 15:59:34.263890,120152,41.39,41.37,400,547,-216,3984
1100,FL,2020-12-07,0 days 15:59:43.263277,121368,41.39,41.37,300,500,793,-416
1101,FL,2020-12-07,0 days 15:59:50.268005,119410,41.43,41.37,222,432,-2665,4335
1102,FNB,2020-12-07,0 days 15:55:24.231380,233402,9.58,9.57,6632,23912,38,-1062
1103,FNB,2020-12-07,0 days 15:55:35.232213,233440,9.58,9.57,4666,24525,-83,38
1104,FNB,2020-12-07,0 days 15:55:38.232219,233523,9.58,9.57,4360,25430,2304,-83
1105,FNB,2020-12-07,0 days 15:55:39.231576,229427,9.58,9.57,5239,24230,-38846,2304
1106,FOUR,2020-12-07,0 days 15:55:51.298921,14060,60.83,60.58,300,100,643,-157
1107,FOUR,2020-12-07,0 days 15:56:05.298850,13660,60.63,60.54,300,158,753,-163
1108,FOUR,2020-12-07,0 days 15:57:14.300114,14413,60.7,60.58,400,213,-147,153
1109,FOUR,2020-12-07,0 days 15:57:28.299521,14260,60.7,60.6,400,300,253,-47
1110,FOUR,2020-12-07,0 days 15:57:46.301030,14513,60.73,60.61,100,100,-447,353
1111,FOUR,2020-12-07,0 days 15:57:59.300911,14960,60.74,60.68,100,100,53,-147
1112,FOUR,2020-12-07,0 days 15:58:00.302005,14813,60.74,60.68,100,100,-147,53
1113,FOUR,2020-12-07,0 days 15:59:07.305334,15530,60.87,60.8,200,100,29,-171
1114,FOUR,2020-12-07,0 days 15:59:13.305807,15359,60.84,60.69,461,100,-171,229
1115,FOUR,2020-12-07,0 days 15:59:46.302440,18074,60.77,60.64,290,100,311,-419
1116,FOUR,2020-12-07,0 days 15:59:47.301395,17885,60.77,60.64,290,100,-189,311
1117,FOUR,2020-12-07,0 days 15:59:59.300642,17585,60.84,60.64,100,100,-489,1411
1118,FRO,2020-12-07,0 days 15:57:05.261539,52613,6.6,6.59,9417,7285,-2224,416
1119,FRO,2020-12-07,0 days 15:59:05.264685,55155,6.62,6.61,9770,9131,3493,-707
1120,FRO,2020-12-07,0 days 15:59:06.265157,54748,6.62,6.61,9970,12631,-1976,3493
1121,FRO,2020-12-07,0 days 15:59:20.261138,62526,6.62,6.61,12400,11697,2044,-650
1122,FRO,2020-12-07,0 days 15:59:21.260622,62070,6.62,6.61,11100,11797,-456,2044
1123,FSLY,2020-12-07,0 days 15:59:15.302084,168962,85.5,85.41,300,1100,42769,-8640
1124,FSLY,2020-12-07,0 days 15:59:50.305724,174947,85.53,85.44,100,200,-12700,7000
1125,FSR,2020-12-07,0 days 15:59:03.238003,51026,17.29,17.28,847,277,-1456,1444
1126,FSR,2020-12-07,0 days 15:59:04.239096,50194,17.29,17.28,816,429,732,-1456
1127,FSR,2020-12-07,0 days 15:59:38.235089,53876,17.28,17.27,300,800,-3040,60
1128,FSR,2020-12-07,0 days 15:59:39.236921,52816,17.29,17.27,400,900,1060,-3040
1129,FTCH,2020-12-07,0 days 15:55:00.229480,63395,56.76,56.73,527,383,2086,-30960
1130,FTCH,2020-12-07,0 days 15:56:13.233381,67230,56.8,56.77,308,100,-2798,1602
1131,FTCH,2020-12-07,0 days 15:58:02.236607,66129,56.8,56.79,100,316,1775,-1582
1132,FTCH,2020-12-07,0 days 15:58:53.237653,67481,56.88,56.82,400,100,-469,3652
1133,FTCH,2020-12-07,0 days 15:59:12.239535,87631,56.9,56.87,100,250,917,-19783
1134,FTCH,2020-12-07,0 days 15:59:18.234326,88285,56.91,56.86,200,322,-446,1554
1135,FTCH,2020-12-07,0 days 15:59:27.237346,88318,56.91,56.87,200,100,-413,887
1136,FTCH,2020-12-07,0 days 15:59:50.240592,77004,56.89,56.82,383,700,-9627,2773
1137,FTI,2020-12-07,0 days 15:59:46.260223,286978,9.8,9.79,37259,9993,-10347,1800
1138,FTV,2020-12-07,0 days 15:55:37.255856,167849,69.51,69.48,100,501,-3070,131
1139,FTV,2020-12-07,0 days 15:55:38.255781,167643,69.52,69.48,433,600,206,-3070
1140,FTV,2020-12-07,0 days 15:57:07.258049,170021,69.49,69.47,833,300,-1043,257
1141,FTV,2020-12-07,0 days 15:57:08.258265,169664,69.49,69.47,833,100,357,-1043
1142,FTV,2020-12-07,0 days 15:57:09.258312,170021,69.49,69.47,833,100,-396,357
1143,FTV,2020-12-07,0 days 15:57:10.258592,169817,69.49,69.47,733,200,204,-396
1144,FTV,2020-12-07,0 days 15:59:09.263649,180226,69.49,69.47,410,198,2503,-5378
1145,FUBO,2020-12-07,0 days 15:55:00.239152,19554,27.65,27.63,833,300,-422,8458
1146,FUBO,2020-12-07,0 days 15:56:16.240737,20076,27.6,27.58,300,100,6778,-522
1147,FUBO,2020-12-07,0 days 15:57:19.240799,26854,27.6,27.59,637,928,-19522,678
1148,FUBO,2020-12-07,0 days 15:59:53.245795,37489,27.67,27.57,100,400,-2754,2004
1149,GE,2020-12-07,0 days 15:57:35.244827,4475339,10.87,10.86,189515,40581,-91170,9830
1150,GE,2020-12-07,0 days 15:58:07.246376,4656011,10.87,10.86,155602,160651,15758,-23642
1151,GE,2020-12-07,0 days 15:58:08.246575,4650690,10.87,10.86,135354,169191,-5344,15758
1152,GE,2020-12-07,0 days 15:58:10.246409,4537634,10.86,10.85,179239,140792,113056,-5344
1153,GE,2020-12-07,0 days 15:58:11.246588,4522990,10.86,10.85,123091,135432,-14644,113056
1154,GE,2020-12-07,0 days 15:59:06.249281,4547693,10.86,10.85,122285,121952,6941,-12868
1155,GFI,2020-12-07,0 days 15:59:17.244696,140954,9.12,9.11,27210,31017,-3884,1604
1156,GFI,2020-12-07,0 days 15:59:18.244726,136438,9.12,9.11,26610,31217,4516,-3884
1157,GFI,2020-12-07,0 days 15:59:46.247105,140954,9.12,9.11,39958,23766,-5484,4516
1158,GFI,2020-12-07,0 days 15:59:47.246253,138338,9.12,9.11,38258,23866,2616,-5484
1159,GGB,2020-12-07,0 days 15:59:36.300408,30367,4.57,4.56,232472,171761,2084,-2616
1160,GGB,2020-12-07,0 days 15:59:37.300803,30151,4.57,4.56,226184,171761,-216,2084
1161,GGB,2020-12-07,0 days 15:59:46.302698,30367,4.57,4.56,230804,176736,284,-216
1162,GGB,2020-12-07,0 days 15:59:47.301542,30251,4.57,4.56,230804,176836,-116,284
1163,GIS,2020-12-07,0 days 15:55:00.230787,581897,59.72,59.71,328,1397,22498,-102015
1164,GIS,2020-12-07,0 days 15:55:39.234304,599621,59.76,59.75,607,515,-404,10629
1165,GIS,2020-12-07,0 days 15:55:41.234233,600025,59.76,59.75,807,412,196,-104
1166,GIS,2020-12-07,0 days 15:55:44.234625,600021,59.76,59.75,300,1314,-204,396
1167,GIS,2020-12-07,0 days 15:55:47.234364,600225,59.77,59.75,1011,1781,796,-204
1168,GIS,2020-12-07,0 days 15:55:58.234498,599921,59.75,59.74,200,591,-304,596
1169,GIS,2020-12-07,0 days 15:56:01.234847,600225,59.75,59.74,640,617,6396,-1504
1170,GIS,2020-12-07,0 days 15:57:26.235712,603463,59.8,59.79,100,300,-474,10675
1171,GIS,2020-12-07,0 days 15:57:27.235520,603937,59.8,59.79,374,451,226,-474
1172,GIS,2020-12-07,0 days 15:57:34.236096,604863,59.81,59.8,301,400,-5399,826
1173,GIS,2020-12-07,0 days 15:58:10.237717,613666,59.79,59.77,307,1614,-12019,3228
1174,GIS,2020-12-07,0 days 15:59:00.243087,606189,59.8,59.79,406,574,8404,-8633
1175,GIS,2020-12-07,0 days 15:59:32.235090,628126,59.8,59.79,529,200,-4626,12548
1176,GIX,2020-12-07,0 days 15:55:00.256861,17125,11.06,11.04,200,424,-596,14492
1177,GIX,2020-12-07,0 days 15:55:01.256122,15821,11.09,11.04,1200,424,1304,-596
1178,GLW,2020-12-07,0 days 15:55:00.222449,219369,37.57,37.56,2613,828,-7174,540
1179,GLW,2020-12-07,0 days 15:55:01.222119,226543,37.57,37.56,3313,1128,1126,-7174
1180,GLW,2020-12-07,0 days 15:55:02.222239,223569,37.57,37.56,3413,1666,-2974,1126
1181,GLW,2020-12-07,0 days 15:57:40.228478,239458,37.57,37.56,2799,3241,2228,-72
1182,GLW,2020-12-07,0 days 15:57:41.228371,236186,37.57,37.56,2499,4141,-3272,2228
1183,GLW,2020-12-07,0 days 15:59:09.232964,237133,37.58,37.57,110,3593,5123,-3065
1184,GLW,2020-12-07,0 days 15:59:51.233776,257409,37.58,37.57,4100,1300,3154,-746
1185,GM,2020-12-07,0 days 15:55:01.236879,417870,44.3,44.29,1247,3597,-5134,27065
1186,GM,2020-12-07,0 days 15:58:09.243373,461800,44.31,44.3,305,3395,2475,-8499
1187,GM,2020-12-07,0 days 15:58:10.242529,455375,44.31,44.3,3249,1672,-6425,2475
1188,GM,2020-12-07,0 days 15:58:53.244373,467822,44.33,44.32,3344,900,28120,-4180
1189,GM,2020-12-07,0 days 15:59:09.245700,540983,44.33,44.32,1000,1782,-10917,52198
1190,GM,2020-12-07,0 days 15:59:46.246511,554943,44.32,44.31,4152,489,-20314,948
1191,GM,2020-12-07,0 days 15:59:47.245947,554057,44.32,44.31,6312,100,886,-20314
1192,GME,2020-12-07,0 days 15:55:45.256900,138970,16.42,16.41,2810,1893,1878,-22
1193,GME,2020-12-07,0 days 15:55:46.259804,136248,16.42,16.41,2910,1793,-2722,1878
1194,GME,2020-12-07,0 days 15:56:05.256563,138970,16.4,16.39,935,2100,3163,-2693
1195,GME,2020-12-07,0 days 15:56:06.256337,136733,16.4,16.39,400,1300,-2237,3163
1196,GME,2020-12-07,0 days 15:56:17.256612,141448,16.38,16.37,935,1600,2572,-1638
1197,GME,2020-12-07,0 days 15:56:18.256273,139420,16.38,16.37,600,1700,-2028,2572
1198,GME,2020-12-07,0 days 15:58:05.259890,145841,16.37,16.36,635,9300,279,-1924
1199,GME,2020-12-07,0 days 15:58:06.261211,143120,16.37,16.36,635,9500,-2721,279
1200,GME,2020-12-07,0 days 16:00:00.277120,146577,16.47,16.3,150,100,9346,-2872
1201,GNW,2020-12-07,0 days 15:55:00.253398,763850,4.69,4.68,7192,50135,13501,-19446
1202,GNW,2020-12-07,0 days 15:59:31.260937,794724,4.72,4.71,17112,15176,-5894,3606
1203,GNW,2020-12-07,0 days 15:59:36.259990,801518,4.72,4.71,17512,14676,4106,-5894
1204,GOLD,2020-12-07,0 days 15:55:57.255992,278134,23.93,23.92,37053,5501,-10842,2171
1205,GOLD,2020-12-07,0 days 15:57:28.257857,282692,23.95,23.94,23553,17964,10403,-2757
1206,GOLD,2020-12-07,0 days 15:58:04.260648,281095,23.95,23.94,32103,12066,-10197,3603
1207,GOLD,2020-12-07,0 days 15:58:06.261412,278193,23.95,23.94,32903,8216,2902,-3497
1208,GOLD,2020-12-07,0 days 15:58:49.261975,294195,23.95,23.94,25434,3001,-1370,10630
1209,GOLD,2020-12-07,0 days 15:59:14.263584,290820,23.95,23.94,12215,45682,6691,-5869
1210,GOLD,2020-12-07,0 days 15:59:19.259097,298151,23.95,23.94,11194,45282,-1660,1743
1211,GOLD,2020-12-07,0 days 15:59:50.267193,267845,23.94,23.93,10809,47671,29666,-8294
1212,GPK,2020-12-07,0 days 15:57:51.236062,119002,16.1,16.09,8830,2922,2489,-5211
1213,GPK,2020-12-07,0 days 15:57:53.235881,113791,16.1,16.09,9152,3173,-5211,2289
1214,GPK,2020-12-07,0 days 15:59:02.239788,119723,16.09,16.08,1937,11980,3183,-417
1215,GPK,2020-12-07,0 days 15:59:03.239064,119306,16.09,16.08,1837,11982,-417,3183
1216,GPK,2020-12-07,0 days 15:59:13.239725,122107,16.09,16.08,2943,10772,2389,-1417
1217,GPK,2020-12-07,0 days 15:59:14.240331,121796,16.09,16.08,3743,10264,-311,2389
1218,GPK,2020-12-07,0 days 15:59:32.235090,123519,16.09,16.08,16492,681,218,-491
1219,GPS,2020-12-07,0 days 15:56:10.236239,139917,21.27,21.26,3376,3910,3773,-1238
1220,GPS,2020-12-07,0 days 15:56:11.236562,139490,21.27,21.26,5377,910,-427,3773
1221,GPS,2020-12-07,0 days 15:56:53.238088,141163,21.26,21.25,2049,6602,127,-73
1222,GPS,2020-12-07,0 days 15:56:54.237644,140590,21.26,21.25,2152,5842,-616,127
1223,GPS,2020-12-07,0 days 15:57:21.238255,141106,21.24,21.23,3031,4296,6890,-510
1224,GPS,2020-12-07,0 days 15:59:06.242837,141206,21.26,21.25,100,7891,4172,-2041
1225,GPS,2020-12-07,0 days 15:59:11.243186,196051,21.28,21.27,3206,2341,-20903,4366
1226,GPS,2020-12-07,0 days 15:59:12.242948,193954,21.28,21.27,3306,1941,2097,-20903
1227,GPS,2020-12-07,0 days 15:59:45.239064,198452,21.29,21.28,5262,5801,-38696,931
1228,GS,2020-12-07,0 days 15:55:18.237629,393755,238.26,238.2,400,300,-14992,4266
1229,GS,2020-12-07,0 days 15:55:19.238612,391747,238.26,238.2,600,800,1966,-14992
1230,GS,2020-12-07,0 days 15:56:45.240427,404545,238.46,238.42,100,1040,-322,436
1231,GS,2020-12-07,0 days 15:56:46.240451,402167,238.46,238.43,100,840,2336,-322
1232,GS,2020-12-07,0 days 15:57:11.241648,404684,238.44,238.37,400,100,-100,1678
1233,GS,2020-12-07,0 days 15:57:12.242733,395884,238.44,238.38,400,100,8758,-100
1234,GS,2020-12-07,0 days 15:57:47.241831,404941,238.29,238.28,300,455,-688,2470
1235,GS,2020-12-07,0 days 15:57:48.241301,404229,238.27,238.17,100,300,712,-688
1236,GS,2020-12-07,0 days 15:57:52.241218,404983,238.33,238.25,700,100,-1746,5885
1237,GS,2020-12-07,0 days 15:57:53.241498,402629,238.28,238.22,743,800,2354,-1746
1238,GS,2020-12-07,0 days 15:58:27.243043,405123,238.43,238.36,100,200,-931,769
