,Symbol,Timestamp,TIME,iPaired,Ask_P,Bid_P,Ask_S,Bid_S,iShares,PreviShares
0,AA,2020-06-22,0 days 15:59:16.907526,1232921,11.86,11.85,29764,3590,-416038,12948
1,ABBV,2020-06-22,0 days 15:55:00.163932,1176466,97.18,97.16,765,803,33191,-67137
2,ABBV,2020-06-22,0 days 15:56:08.327379,1211767,97.16,97.15,100,1711,-6967,14061
3,ABBV,2020-06-22,0 days 15:56:09.329912,1208187,97.15,97.13,300,503,3580,-6967
4,ABBV,2020-06-22,0 days 15:56:13.339640,1211920,97.14,97.13,600,911,-4039,1361
5,ABBV,2020-06-22,0 days 15:56:14.342047,1209559,97.13,97.12,100,1040,2361,-4039
6,ABBV,2020-06-22,0 days 15:57:33.531537,1212574,97.28,97.26,572,500,-8987,813
7,ABBV,2020-06-22,0 days 15:57:34.534287,1211461,97.27,97.26,200,300,1113,-8987
8,ABBV,2020-06-22,0 days 15:57:37.541311,1212574,97.28,97.26,320,1800,-3687,12313
9,ABBV,2020-06-22,0 days 15:57:38.544592,1211461,97.28,97.27,300,300,1113,-3687
10,ABBV,2020-06-22,0 days 15:57:41.551106,1212574,97.28,97.27,200,1141,-11129,771
11,ABBV,2020-06-22,0 days 15:57:42.553430,1210814,97.27,97.26,400,1003,1760,-11129
12,ABBV,2020-06-22,0 days 15:57:53.579982,1212926,97.29,97.27,6319,2817,-7288,11712
13,ABBV,2020-06-22,0 days 15:57:55.584886,1204690,97.26,97.24,300,2326,8236,-3788
14,ABBV,2020-06-22,0 days 15:57:57.589662,1212926,97.26,97.24,1100,1205,-2564,1836
15,ABBV,2020-06-22,0 days 15:57:58.592545,1212590,97.26,97.24,1201,1005,336,-2564
16,ABBV,2020-06-22,0 days 15:58:00.597637,1212926,97.25,97.24,200,1606,-2164,336
17,ABBV,2020-06-22,0 days 15:58:01.601085,1214490,97.2,97.17,410,670,2636,-2164
18,ABBV,2020-06-22,0 days 15:58:03.604794,1217126,97.23,97.21,500,600,-3164,2636
19,ABBV,2020-06-22,0 days 15:58:04.607093,1214590,97.23,97.21,600,600,2536,-3164
20,ABBV,2020-06-22,0 days 15:59:01.745460,1221099,97.19,97.17,619,500,-9573,1131
21,ABBV,2020-06-22,0 days 15:59:02.748356,1219571,97.17,97.15,1087,1072,1528,-9573
22,ABBV,2020-06-22,0 days 15:59:04.754016,1222934,97.16,97.15,500,920,-23686,1661
23,ABBV,2020-06-22,0 days 15:59:13.776750,1238324,97.13,97.1,547,200,725,-11375
24,ABBV,2020-06-22,0 days 15:59:16.781637,1291240,97.16,97.14,200,541,-6953,725
25,ABBV,2020-06-22,0 days 15:59:17.784115,1286993,97.17,97.15,500,502,4247,-6953
26,ABBV,2020-06-22,0 days 15:59:22.796465,1291492,97.21,97.19,600,400,-4670,2596
27,ABBV,2020-06-22,0 days 15:59:23.798622,1287862,97.21,97.2,800,155,3630,-4670
28,ABBV,2020-06-22,0 days 15:59:54.875637,1295079,97.28,97.26,671,4403,-22380,3499
29,ABBV,2020-06-22,0 days 15:59:55.876679,1291662,97.23,97.2,600,317,3499,-22380
30,ABBV,2020-06-22,0 days 15:59:58.883221,1295079,97.29,97.27,2600,200,-23680,2769
31,ABBV,2020-06-22,0 days 15:59:59.887723,1292086,97.27,97.25,100,300,2993,-23680
32,ABEV,2020-06-22,0 days 15:59:36.599643,129936,2.72,2.71,617707,1179308,31942,-37558
33,ABEV,2020-06-22,0 days 15:59:37.601981,128977,2.72,2.71,547976,1136363,-959,31942
34,ABEV,2020-06-22,0 days 15:59:40.609522,129936,2.72,2.71,545910,1075591,1841,-959
35,ABEV,2020-06-22,0 days 15:59:41.611802,128177,2.72,2.71,564741,1055791,-1759,1841
36,ABEV,2020-06-22,0 days 15:59:44.619119,129936,2.72,2.71,555098,1068557,3441,-1759
37,ABEV,2020-06-22,0 days 15:59:45.621195,128477,2.72,2.71,558206,1057657,-1459,3441
38,ABEV,2020-06-22,0 days 15:59:46.623399,154436,2.72,2.71,552406,1044757,1907,-1459
39,ABT,2020-06-22,0 days 15:59:43.617860,567794,90.33,90.31,200,1802,-6098,338
40,ABT,2020-06-22,0 days 15:59:44.619087,566192,90.31,90.3,300,700,1602,-6098
41,ACB,2020-06-22,0 days 15:57:55.535434,13464,13.71,13.7,1796,1800,938,-662
42,ACB,2020-06-22,0 days 15:59:39.778188,16504,13.7,13.68,2798,500,-5260,940
43,ACB,2020-06-22,0 days 15:59:40.780351,15864,13.7,13.68,2798,500,640,-5260
44,ACC,2020-06-22,0 days 15:58:42.722254,102133,36.45,36.43,1062,142,5139,-2205
45,ACC,2020-06-22,0 days 15:58:43.725174,98156,36.45,36.43,300,1329,-3977,5139
46,ACC,2020-06-22,0 days 15:59:07.783325,102235,36.44,36.42,600,100,196,-904
47,ACC,2020-06-22,0 days 15:59:13.798837,101431,36.45,36.43,601,887,-804,196
48,ACC,2020-06-22,0 days 15:59:15.802402,102235,36.45,36.43,829,1054,424,-804
49,ACC,2020-06-22,0 days 15:59:48.881002,102885,36.43,36.41,900,600,274,-226
50,ACC,2020-06-22,0 days 15:59:50.887028,98359,36.43,36.41,1098,675,-4526,274
51,ACEL,2020-06-22,0 days 15:59:07.712297,81482,10.09,10.08,571,2134,4885,-2147
52,ACEL,2020-06-22,0 days 15:59:08.715175,74805,10.11,10.09,100,1622,-7348,4885
53,ACN,2020-06-22,0 days 15:56:13.247591,214463,202.37,202.35,100,882,2699,-1601
54,ACN,2020-06-22,0 days 15:56:14.249711,211462,202.45,202.42,125,865,-3250,2699
55,ACN,2020-06-22,0 days 15:56:36.302333,218279,202.53,202.5,200,330,1383,-3117
56,ACN,2020-06-22,0 days 15:56:37.304729,214762,202.55,202.52,300,589,-3517,1383
57,ACN,2020-06-22,0 days 15:57:43.465130,218579,202.72,202.68,200,225,279,-3921
58,ACN,2020-06-22,0 days 15:57:44.464738,216058,202.73,202.69,100,125,-2521,279
59,ACN,2020-06-22,0 days 15:58:37.594378,218970,202.61,202.57,400,698,1018,-1905
60,ACN,2020-06-22,0 days 15:58:38.603134,215688,202.67,202.61,400,325,-3282,1018
61,ACN,2020-06-22,0 days 15:58:40.602455,218970,202.67,202.63,501,461,1037,-1182
62,ACN,2020-06-22,0 days 15:58:41.604140,216707,202.66,202.62,400,476,-2263,1037
63,ACN,2020-06-22,0 days 15:58:42.607473,218970,202.75,202.68,425,629,20703,-2263
64,ACN,2020-06-22,0 days 15:59:21.700742,246804,202.79,202.74,100,765,-1273,27
65,ACN,2020-06-22,0 days 15:59:25.709561,247247,202.76,202.74,325,290,757,-163
66,ACN,2020-06-22,0 days 15:59:30.723009,248004,202.79,202.72,525,469,-454,179
67,ACN,2020-06-22,0 days 15:59:33.729377,249378,202.86,202.79,100,938,160,-174
68,ACN,2020-06-22,0 days 15:59:45.752882,250064,202.69,202.61,325,311,-99,687
69,ACN,2020-06-22,0 days 15:59:46.755843,250163,202.68,202.61,225,119,901,-99
70,ADC,2020-06-22,0 days 15:51:24.748921,128605,68.01,67.94,100,1147,-3199,8933
71,ADC,2020-06-22,0 days 15:52:22.888349,131136,67.91,67.87,800,109,8933,-2531
72,ADC,2020-06-22,0 days 15:52:27.899562,128605,67.92,67.88,100,100,-2531,8933
73,ADC,2020-06-22,0 days 15:52:28.902114,131136,67.91,67.86,928,100,8933,-2531
74,ADC,2020-06-22,0 days 15:53:49.095441,128605,67.99,67.97,101,200,-2531,8933
75,ADM,2020-06-22,0 days 15:55:01.076258,210715,39.99,39.98,300,3089,605,-695
76,ADM,2020-06-22,0 days 15:56:35.301043,214223,39.99,39.98,100,2536,-60,773
77,ADM,2020-06-22,0 days 15:56:36.303259,213583,39.99,39.98,100,5438,640,-60
78,ADM,2020-06-22,0 days 15:57:06.375926,214272,40.02,40.01,702,6278,-125,908
79,ADM,2020-06-22,0 days 15:57:07.378557,213497,40.02,40.01,702,6182,775,-125
80,ADM,2020-06-22,0 days 15:57:21.411119,214272,40.05,40.04,512,5468,-225,553
81,ADM,2020-06-22,0 days 15:57:22.413183,213597,40.05,40.04,512,5071,420,-225
82,ADM,2020-06-22,0 days 15:57:58.499820,215305,40.03,40.02,1459,812,-968,2832
83,ADM,2020-06-22,0 days 15:57:59.501912,212473,40.03,40.02,1659,812,2832,-968
84,ADM,2020-06-22,0 days 15:58:40.602978,216361,40.03,40.02,100,1668,-5931,999
85,ADM,2020-06-22,0 days 15:58:41.605111,215692,40.03,40.02,2000,301,669,-5931
86,ADM,2020-06-22,0 days 15:59:02.656551,217422,40.02,40.01,1206,1556,-132,811
87,ADM,2020-06-22,0 days 15:59:03.659744,217277,40.02,40.01,1209,1556,145,-132
88,ADM,2020-06-22,0 days 15:59:05.664897,217462,40.02,40.01,2062,200,-17590,185
89,ADM,2020-06-22,0 days 15:59:26.713399,253976,40.01,40.0,1700,626,308,-693
90,ADM,2020-06-22,0 days 15:59:38.737318,253832,40.01,40.0,900,1880,-244,208
91,ADS,2020-06-22,0 days 15:59:15.860608,549092,47.26,47.25,263,550,82776,-220791
92,ADS,2020-06-22,0 days 15:59:21.873558,549452,47.51,47.46,588,1913,217,-1383
93,ADS,2020-06-22,0 days 15:59:25.882981,549069,47.52,47.47,600,995,-383,217
94,ADS,2020-06-22,0 days 15:59:58.964142,551177,47.5,47.39,1200,10528,-3046,23940
95,ADS,2020-06-22,0 days 15:59:59.967704,554223,47.48,47.46,4300,4282,21109,-3046
96,ADT,2020-06-22,0 days 15:55:00.971002,105726,8.0,7.99,5602,8306,-105147,67892
97,ADT,2020-06-22,0 days 15:55:01.969807,99769,8.0,7.99,6102,8617,5957,-105147
98,ADT,2020-06-22,0 days 15:59:06.564835,106628,8.0,7.99,5410,11073,-6109,5051
99,ADT,2020-06-22,0 days 15:59:07.566249,103237,8.0,7.99,4321,11579,3391,-6109
100,ADT,2020-06-22,0 days 15:59:21.563352,107353,8.0,7.99,2578,13816,-424,850
101,ADT,2020-06-22,0 days 15:59:48.629018,105152,8.01,8.0,16726,21307,1501,-1099
102,AEE,2020-06-22,0 days 15:55:00.970048,265588,70.44,70.43,100,228,7464,-7605
103,AEE,2020-06-22,0 days 15:55:38.059575,272231,70.44,70.42,501,700,-2689,809
104,AEE,2020-06-22,0 days 15:55:39.063730,271920,70.44,70.42,501,800,77,-2689
105,AEE,2020-06-22,0 days 15:57:00.258173,272228,70.46,70.44,752,912,-37,136
106,AEE,2020-06-22,0 days 15:57:01.259752,271965,70.46,70.44,1057,744,263,-37
107,AEE,2020-06-22,0 days 15:57:35.341995,273028,70.48,70.47,215,400,-565,235
108,AEE,2020-06-22,0 days 15:57:39.351503,273593,70.49,70.48,514,300,2735,-165
109,AEE,2020-06-22,0 days 15:57:40.353221,273428,70.49,70.47,914,1604,-165,2735
110,AEE,2020-06-22,0 days 15:57:55.388998,273493,70.51,70.49,210,1861,1177,-123
111,AEE,2020-06-22,0 days 15:57:56.390856,274370,70.51,70.5,417,200,-223,1177
112,AEE,2020-06-22,0 days 15:58:01.407132,274593,70.51,70.49,915,1201,177,-4823
113,AEE,2020-06-22,0 days 15:58:02.408209,274370,70.5,70.49,946,1401,-223,177
114,AEE,2020-06-22,0 days 15:59:05.562083,280614,70.54,70.52,463,2692,630,-705
115,AEE,2020-06-22,0 days 15:59:06.564694,280844,70.55,70.53,512,1098,-86,630
116,AEE,2020-06-22,0 days 15:59:08.567579,281139,70.55,70.53,871,1092,118,-295
117,AEE,2020-06-22,0 days 15:59:09.570608,281057,70.55,70.53,471,1692,-82,118
118,AEE,2020-06-22,0 days 15:59:10.573141,281439,70.56,70.54,450,911,166,-82
119,AEE,2020-06-22,0 days 15:59:11.575012,286405,70.56,70.54,665,1411,-439,166
120,AEE,2020-06-22,0 days 15:59:18.555751,292287,70.59,70.56,531,1182,753,-1682
121,AEE,2020-06-22,0 days 15:59:19.558134,292940,70.59,70.58,415,964,-2547,753
122,AEE,2020-06-22,0 days 15:59:50.634917,298087,70.67,70.65,253,200,2901,-605
123,AEE,2020-06-22,0 days 15:59:56.648381,298087,70.69,70.63,2453,400,2901,-1505
124,AEM,2020-06-22,0 days 15:57:39.546152,66522,61.54,61.53,300,412,32,-468
125,AEM,2020-06-22,0 days 15:57:47.565231,64154,61.53,61.52,433,371,-2368,132
126,AEM,2020-06-22,0 days 15:58:42.699466,66605,61.5,61.48,500,1000,34,-366
127,AEM,2020-06-22,0 days 15:58:48.713802,66639,61.51,61.48,500,600,-1266,34
128,AEM,2020-06-22,0 days 15:59:06.758410,68180,61.47,61.45,608,1000,959,-834
129,AEM,2020-06-22,0 days 15:59:07.760792,66939,61.47,61.46,408,300,-1241,959
130,AEM,2020-06-22,0 days 15:59:40.840023,67639,61.42,61.4,849,394,-412,588
131,AEO,2020-06-22,0 days 15:59:05.839856,442815,11.92,11.91,9879,36840,4246,-7637
132,AEO,2020-06-22,0 days 15:59:06.842443,430522,11.93,11.92,10149,17204,-17093,4246
133,AEP,2020-06-22,0 days 15:55:00.971041,324707,80.51,80.49,200,500,45086,-79240
134,AEP,2020-06-22,0 days 15:55:01.969860,309593,80.52,80.51,200,400,-15114,45086
135,AEP,2020-06-22,0 days 15:57:26.320530,345825,80.58,80.57,100,900,6869,-5424
136,AEP,2020-06-22,0 days 15:57:27.321626,314894,80.6,80.58,284,927,-30931,6869
137,AEP,2020-06-22,0 days 15:59:06.564835,347963,80.56,80.55,205,600,3573,-8653
138,AEP,2020-06-22,0 days 15:59:21.563394,352584,80.62,80.6,3695,1274,3147,-1799
139,AEP,2020-06-22,0 days 15:59:30.585519,352841,80.64,80.63,200,1377,-2252,1154
140,AEP,2020-06-22,0 days 15:59:34.594598,352584,80.62,80.6,577,604,2254,-255
141,AEP,2020-06-22,0 days 15:59:35.599062,352338,80.62,80.61,200,391,-246,2254
142,AES,2020-06-22,0 days 15:55:00.076527,664331,14.02,14.01,12311,35036,1711,-93419
143,AES,2020-06-22,0 days 15:55:37.161012,667274,13.99,13.98,36072,7274,-7561,1939
144,AES,2020-06-22,0 days 15:55:49.190029,675890,13.99,13.98,34344,6789,8865,-8535
145,AES,2020-06-22,0 days 15:55:50.192962,667355,13.99,13.98,33544,9943,-8535,8865
146,AES,2020-06-22,0 days 15:57:37.448791,675490,13.98,13.97,27535,12406,346,-4154
147,AES,2020-06-22,0 days 15:57:46.470741,675949,13.98,13.97,21122,28828,-4041,459
148,AES,2020-06-22,0 days 15:57:59.501736,689116,13.98,13.97,31873,19887,733,-7367
149,AES,2020-06-22,0 days 15:58:08.525700,676058,13.97,13.96,27943,22044,-5018,4542
150,AES,2020-06-22,0 days 15:59:16.689341,721604,13.96,13.95,31574,22027,61,-20739
151,AES,2020-06-22,0 days 15:59:34.731904,732482,13.97,13.96,10049,32283,-850,4650
152,AFG,2020-06-22,0 days 15:59:15.550117,113952,63.11,63.1,145,350,32650,-29001
153,AFL,2020-06-22,0 days 15:56:49.379594,371812,36.42,36.41,700,2300,511,-12927
154,AFL,2020-06-22,0 days 15:57:37.494275,379865,36.43,36.42,2916,399,-13559,741
155,AFL,2020-06-22,0 days 15:57:38.499026,379624,36.42,36.41,2500,800,241,-13559
156,AFL,2020-06-22,0 days 15:57:55.535250,380337,36.44,36.43,3618,5417,-2887,52
157,AFL,2020-06-22,0 days 15:58:00.550105,385946,36.42,36.41,2400,800,-678,2413
158,AFL,2020-06-22,0 days 15:58:33.628408,386077,36.42,36.41,1613,2650,-1153,338
159,AFL,2020-06-22,0 days 15:59:15.719807,661852,36.38,36.37,700,3821,8148,-11596
160,AFL,2020-06-22,0 days 15:59:19.728180,670000,36.39,36.38,2318,4324,-11534,8148
161,AFL,2020-06-22,0 days 15:59:20.731075,661034,36.39,36.38,2360,4234,4466,-11534
162,AFL,2020-06-22,0 days 15:59:27.748571,664915,36.41,36.4,954,2366,-1399,3481
163,AFL,2020-06-22,0 days 15:59:31.758449,651777,36.43,36.42,1412,2200,6668,-7471
164,AFL,2020-06-22,0 days 15:59:47.797537,660849,36.46,36.45,5769,2459,-5554,8016
165,AFL,2020-06-22,0 days 15:59:50.806841,649973,36.44,36.43,4777,2471,10876,-8224
166,AG,2020-06-22,0 days 15:57:04.371139,88742,9.13,9.12,25153,33804,-2075,5751
167,AG,2020-06-22,0 days 15:57:05.373823,84117,9.13,9.12,35253,29304,4625,-2075
168,AG,2020-06-22,0 days 15:59:06.666776,88772,9.12,9.11,8870,40895,-3187,6487
169,AG,2020-06-22,0 days 15:59:07.668732,86359,9.12,9.11,10970,39585,2413,-3187
170,AG,2020-06-22,0 days 15:59:09.673779,88772,9.12,9.11,9570,40673,-487,2413
171,AG,2020-06-22,0 days 15:59:41.743882,87159,9.12,9.11,27033,24430,1613,-2887
172,AGI,2020-06-22,0 days 15:58:48.713837,147824,8.46,8.45,4895,69384,1000,-6370
173,AGI,2020-06-22,0 days 15:58:49.716248,141824,8.46,8.45,4195,70484,-6000,1000
174,AGI,2020-06-22,0 days 15:59:05.756057,147824,8.47,8.46,36595,25506,5219,-3967
175,AGI,2020-06-22,0 days 15:59:06.758454,144043,8.47,8.46,36295,22506,-3781,5219
176,AHT,2020-06-22,0 days 15:55:44.373111,18449,0.79,0.77,2000,31608,-7947,15667
177,AIG,2020-06-22,0 days 15:55:54.202646,449301,31.78,31.77,3504,2594,-3205,5422
178,AIG,2020-06-22,0 days 15:55:55.205154,444872,31.78,31.77,4004,1869,4429,-3205
179,AIG,2020-06-22,0 days 15:57:05.373849,445318,31.8,31.79,3170,6544,3983,-59
180,AIG,2020-06-22,0 days 15:57:07.378557,456256,31.8,31.79,3086,7190,-7262,3983
181,AIG,2020-06-22,0 days 15:57:08.381234,452118,31.8,31.79,3086,6582,4138,-7262
182,AIG,2020-06-22,0 days 15:57:44.465716,451389,31.83,31.82,2858,8808,2085,-3224
183,AIG,2020-06-22,0 days 15:57:52.485359,453474,31.84,31.83,3602,12194,-315,685
184,AIG,2020-06-22,0 days 15:57:53.487312,446589,31.84,31.83,3805,11194,6885,-315
185,AIG,2020-06-22,0 days 15:59:06.666947,486975,31.81,31.8,5839,2977,-27227,6250
186,AIG,2020-06-22,0 days 15:59:07.668870,483602,31.81,31.8,5839,200,3373,-27227
187,AIG,2020-06-22,0 days 15:59:12.681890,493689,31.81,31.8,5040,1511,-19021,2882
188,AIG,2020-06-22,0 days 15:59:13.684049,492710,31.8,31.79,3888,701,979,-19021
189,AIG,2020-06-22,0 days 15:59:18.693629,494800,31.8,31.79,3775,1962,-3149,2090
190,AIG,2020-06-22,0 days 15:59:19.695583,493549,31.8,31.79,3612,1575,1251,-3149
191,AIG,2020-06-22,0 days 15:59:27.715091,495000,31.81,31.8,2703,372,-2121,651
192,AIG,2020-06-22,0 days 15:59:28.717487,494221,31.81,31.8,3203,362,779,-2121
193,AIV,2020-06-22,0 days 15:55:00.186994,154276,38.04,38.03,604,300,615,-22421
194,AIV,2020-06-22,0 days 15:55:01.187915,152691,38.05,38.04,400,1282,-1585,615
195,AIV,2020-06-22,0 days 15:55:45.297286,154513,38.01,37.99,1394,550,751,-449
196,AIV,2020-06-22,0 days 15:55:46.297128,153064,38.01,38.0,701,397,-1449,751
197,AIV,2020-06-22,0 days 15:56:26.393769,154513,38.03,38.02,400,1007,966,-1134
198,AIV,2020-06-22,0 days 15:56:27.395702,153079,38.05,38.03,300,960,-1434,966
199,AIV,2020-06-22,0 days 15:57:57.612668,154613,38.06,38.05,800,299,689,-1111
200,AIV,2020-06-22,0 days 15:57:58.614923,153202,38.06,38.05,1344,547,-1311,689
201,AIV,2020-06-22,0 days 15:59:05.779708,154521,38.08,38.07,962,729,75,-966
202,AIV,2020-06-22,0 days 15:59:06.781048,153888,38.08,38.07,543,1239,-633,75
203,AIV,2020-06-22,0 days 15:59:29.835255,154521,38.08,38.07,868,1087,1626,-374
204,AIV,2020-06-22,0 days 15:59:30.837650,152447,38.13,38.1,400,1629,-3242,1626
205,AIV,2020-06-22,0 days 15:59:47.878632,155495,38.1,38.08,920,1065,-194,2206
206,AJG,2020-06-22,0 days 15:59:13.727339,116480,96.61,96.58,399,1135,126,-8274
207,AJG,2020-06-22,0 days 15:59:16.723404,113832,96.74,96.71,400,553,-3748,1852
208,AJG,2020-06-22,0 days 15:59:26.746267,116580,96.69,96.65,300,387,572,-1928
209,AJG,2020-06-22,0 days 15:59:27.748867,116252,96.66,96.65,246,351,-328,572
210,AJG,2020-06-22,0 days 15:59:38.776558,117580,96.74,96.71,203,776,1453,-166
211,AJG,2020-06-22,0 days 15:59:45.793362,119680,96.74,96.72,202,1878,-1341,2089
212,AKR,2020-06-22,0 days 15:56:03.447526,111420,13.17,13.16,1025,2100,-4129,571
213,ALK,2020-06-22,0 days 15:58:11.624750,158040,36.45,36.44,500,800,2197,-5631
214,ALK,2020-06-22,0 days 15:58:12.626729,154737,36.46,36.44,940,1200,-3303,2197
215,ALK,2020-06-22,0 days 15:59:05.755989,160659,36.47,36.46,659,1151,152,-1736
216,ALK,2020-06-22,0 days 15:59:12.773454,161584,36.47,36.46,973,933,-115,905
217,ALK,2020-06-22,0 days 15:59:14.777983,161799,36.47,36.46,473,1233,85,-115
218,ALK,2020-06-22,0 days 15:59:26.806109,161799,36.5,36.48,465,280,1245,-55
219,ALK,2020-06-22,0 days 15:59:32.820750,163044,36.5,36.49,448,279,-55,1245
220,ALK,2020-06-22,0 days 15:59:39.837670,163499,36.5,36.49,628,243,93,-55
221,ALK,2020-06-22,0 days 15:59:50.865567,153702,36.52,36.49,204,1100,-9797,3103
222,ALLY,2020-06-22,0 days 15:57:59.679513,595975,19.44,19.43,6744,8449,-324,276
223,ALLY,2020-06-22,0 days 15:58:08.702213,589653,19.43,19.42,4284,14500,6615,-85
224,ALLY,2020-06-22,0 days 15:59:04.838028,597091,19.41,19.4,7297,13739,-23320,2193
225,ALLY,2020-06-22,0 days 15:59:05.839922,595211,19.41,19.4,8463,10839,2099,-23320
226,ALLY,2020-06-22,0 days 15:59:08.847527,599652,19.41,19.4,3101,15684,-59,4399
227,ALLY,2020-06-22,0 days 15:59:15.861009,603211,19.42,19.41,4000,8307,1695,-59
228,ALLY,2020-06-22,0 days 15:59:16.861469,604906,19.41,19.4,8486,10810,-72342,1695
229,ALLY,2020-06-22,0 days 15:59:46.934735,658264,19.4,19.39,8086,6536,22164,-2036
230,ALLY,2020-06-22,0 days 15:59:47.936684,657982,19.4,19.39,6767,7057,-282,22164
231,AM,2020-06-22,0 days 15:56:23.495649,669160,5.71,5.7,15001,19351,-56590,76710
232,AM,2020-06-22,0 days 15:56:24.497816,662250,5.7,5.69,29590,9502,6910,-56590
233,AM,2020-06-22,0 days 15:57:04.594550,674132,5.71,5.7,9063,33355,-859,6782
234,AM,2020-06-22,0 days 15:57:16.623637,673185,5.72,5.71,4087,28675,947,-4953
235,AM,2020-06-22,0 days 15:57:59.725680,677213,5.71,5.7,17020,23095,1519,-3481
236,AM,2020-06-22,0 days 15:59:22.921448,688932,5.72,5.71,8700,33668,-13591,1703
237,AM,2020-06-22,0 days 15:59:44.974178,711632,5.71,5.7,3726,33801,-907,14593
238,AM,2020-06-22,0 days 15:59:46.978093,712539,5.71,5.7,4573,30336,2201,-907
239,AMC,2020-06-22,0 days 15:55:00.969480,73316,5.33,5.32,34048,8965,-2198,15576
240,AMC,2020-06-22,0 days 15:58:12.431093,75834,5.33,5.32,33997,9918,4466,-2518
241,AMC,2020-06-22,0 days 15:59:14.582952,81896,5.32,5.31,13261,19158,-127,5514
242,AMC,2020-06-22,0 days 15:59:36.599222,82545,5.32,5.31,12532,33081,451,-649
243,AMC,2020-06-22,0 days 15:59:37.601825,82796,5.32,5.31,12448,32765,-149,451
244,AMCR,2020-06-22,0 days 15:57:34.487411,796519,10.28,10.27,75780,32291,3422,-4878
245,AMCR,2020-06-22,0 days 15:57:35.489206,771441,10.28,10.27,88905,32291,-25078,3422
246,AMCR,2020-06-22,0 days 15:59:07.712123,852215,10.28,10.27,91196,40330,5294,-11173
247,AMCR,2020-06-22,0 days 15:59:08.715035,834857,10.28,10.27,89698,39929,-17358,5294
248,AMCR,2020-06-22,0 days 15:59:36.770463,852289,10.28,10.27,53655,24596,9175,-16759
249,AMH,2020-06-22,0 days 15:55:00.083351,101722,27.18,27.17,632,1892,-2812,33029
250,AMH,2020-06-22,0 days 15:55:01.081241,99834,27.18,27.17,825,1892,1888,-2812
251,AMH,2020-06-22,0 days 15:55:55.213994,101722,27.15,27.14,588,3665,-60,257
252,AMH,2020-06-22,0 days 15:56:03.232643,101782,27.15,27.14,1117,3556,428,-60
253,AMH,2020-06-22,0 days 15:58:37.602213,99820,27.17,27.16,1400,2870,-1105,1109
254,AMH,2020-06-22,0 days 15:58:38.610168,98325,27.17,27.16,1472,3300,1495,-1105
255,AMH,2020-06-22,0 days 15:59:05.671985,104340,27.16,27.15,500,4264,-720,735
256,AMH,2020-06-22,0 days 15:59:07.677371,103768,27.16,27.15,300,3744,172,-2128
257,AMH,2020-06-22,0 days 15:59:14.694050,104340,27.16,27.15,899,3916,-546,172
258,AMH,2020-06-22,0 days 15:59:15.690479,103486,27.17,27.16,2817,1046,454,-546
259,AMH,2020-06-22,0 days 15:59:16.693954,104340,27.16,27.15,1096,1902,-2584,454
260,AMP,2020-06-22,0 days 15:56:10.241016,386410,148.11,148.07,704,202,204,-696
261,AMP,2020-06-22,0 days 15:56:11.243031,386014,148.11,148.09,604,148,-396,204
262,AMP,2020-06-22,0 days 15:56:18.260441,386410,148.08,148.06,200,228,2204,-196
263,AMP,2020-06-22,0 days 15:56:19.262955,386214,148.08,148.06,100,312,-196,2204
264,AMP,2020-06-22,0 days 15:57:35.443901,386760,148.16,148.09,541,400,1306,-294
265,AMP,2020-06-22,0 days 15:57:36.446445,386736,148.16,148.09,541,400,-24,1306
266,AMP,2020-06-22,0 days 15:57:39.453350,386760,148.15,148.09,701,200,1076,-124
267,AMP,2020-06-22,0 days 15:59:16.689386,434674,148.5,148.43,200,100,-917,16015
268,AMP,2020-06-22,0 days 15:59:22.703234,436531,148.46,148.39,464,113,1507,-1857
269,AMP,2020-06-22,0 days 15:59:23.705401,435438,148.46,148.39,392,113,-1093,1507
270,AMP,2020-06-22,0 days 15:59:25.710184,436531,148.46,148.39,421,213,141,-1093
271,AMP,2020-06-22,0 days 15:59:28.717394,434419,148.4,148.29,644,200,-860,340
272,AMP,2020-06-22,0 days 15:59:31.725599,435279,148.42,148.35,277,202,240,-860
273,AMP,2020-06-22,0 days 15:59:32.728765,434319,148.45,148.35,349,302,-960,240
274,AMP,2020-06-22,0 days 15:59:42.747016,435279,148.39,148.35,371,200,60,-412
275,AMP,2020-06-22,0 days 15:59:46.755987,434743,148.46,148.37,193,900,-536,664
276,AMP,2020-06-22,0 days 15:59:47.757318,435279,148.46,148.37,193,1129,1918,-536
277,AMRX,2020-06-22,0 days 15:59:09.717347,253543,5.08,5.07,3128,15026,-5820,632
278,AMRX,2020-06-22,0 days 15:59:10.720324,242163,5.08,5.07,2968,14604,11380,-5820
279,AMT,2020-06-22,0 days 15:56:44.322695,262875,264.5,264.46,400,125,4494,-5506
280,AMT,2020-06-22,0 days 15:56:45.324503,250369,264.6,264.51,301,400,-12506,4494
281,AMT,2020-06-22,0 days 15:59:15.686708,277008,264.62,264.54,302,100,22119,-1681
282,AMT,2020-06-22,0 days 15:59:16.689674,276564,264.67,264.6,710,539,-1444,22119
283,AMT,2020-06-22,0 days 15:59:18.693603,278008,264.73,264.69,100,125,117,-944
284,AMT,2020-06-22,0 days 15:59:19.695583,278125,264.74,264.69,853,516,-283,117
285,AMT,2020-06-22,0 days 15:59:25.710372,278090,264.72,264.65,110,515,135,-265
286,AMT,2020-06-22,0 days 15:59:26.713436,278225,264.74,264.65,321,770,-265,135
287,AMT,2020-06-22,0 days 15:59:38.737318,278490,264.67,264.6,1308,100,285,-263
288,AMT,2020-06-22,0 days 15:59:40.742044,277875,264.72,264.6,1675,100,-215,685
289,AMT,2020-06-22,0 days 15:59:44.750853,274590,264.65,264.6,234,100,3495,-15
290,AMX,2020-06-22,0 days 15:56:23.495622,74730,13.46,13.45,7025,16388,304,-2708
291,AMX,2020-06-22,0 days 15:57:38.675545,66834,13.46,13.45,9424,15439,-5199,3001
292,AMX,2020-06-22,0 days 15:59:08.893791,75421,13.45,13.44,7841,25468,295,-2505
293,AMX,2020-06-22,0 days 15:59:41.967532,72427,13.44,13.43,32712,18833,-3256,3896
294,AON,2020-06-22,0 days 15:59:12.857377,173545,188.82,188.75,100,100,97,-18146
295,AON,2020-06-22,0 days 15:59:37.912985,176476,189.06,188.96,216,400,856,-1537
296,AON,2020-06-22,0 days 15:59:39.918267,175380,188.98,188.92,200,300,-1084,1404
297,APH,2020-06-22,0 days 15:55:00.076697,166113,97.37,97.35,143,304,1791,-15002
298,APH,2020-06-22,0 days 15:55:35.156928,168060,97.36,97.32,300,750,-154,347
299,APH,2020-06-22,0 days 15:55:36.159267,167814,97.36,97.32,541,750,246,-154
300,APH,2020-06-22,0 days 15:56:13.247730,168697,97.36,97.34,235,748,-17,183
301,APH,2020-06-22,0 days 15:56:14.250538,168514,97.36,97.34,235,748,183,-17
302,APH,2020-06-22,0 days 15:56:26.280814,168697,97.41,97.39,300,177,-557,83
303,APH,2020-06-22,0 days 15:56:27.281509,168554,97.41,97.39,300,100,143,-557
304,APH,2020-06-22,0 days 15:57:11.388291,168698,97.44,97.43,100,250,-1357,353
305,APH,2020-06-22,0 days 15:57:12.391114,168555,97.47,97.44,350,453,143,-1357
306,APH,2020-06-22,0 days 15:57:46.470816,168698,97.47,97.45,300,557,-1507,93
307,APH,2020-06-22,0 days 15:57:47.472933,168405,97.47,97.45,100,657,293,-1507
308,APH,2020-06-22,0 days 15:57:53.487239,168698,97.47,97.46,100,300,-1507,293
309,APH,2020-06-22,0 days 15:57:54.489858,168405,97.48,97.46,400,100,293,-1507
310,APH,2020-06-22,0 days 15:57:56.495416,168698,97.47,97.46,201,305,-307,193
311,APH,2020-06-22,0 days 15:57:57.497595,168405,97.46,97.44,732,100,293,-307
312,APH,2020-06-22,0 days 15:58:00.506195,168698,97.46,97.43,450,850,-1507,293
313,APH,2020-06-22,0 days 15:58:01.508810,168405,97.46,97.44,550,616,293,-1507
314,APH,2020-06-22,0 days 15:58:04.515276,168698,97.46,97.45,300,750,-1507,2593
315,APH,2020-06-22,0 days 15:58:06.521641,168405,97.46,97.45,200,600,293,-7
316,APH,2020-06-22,0 days 15:58:40.602882,171955,97.48,97.44,385,305,-1160,3250
317,APH,2020-06-22,0 days 15:58:41.605085,171615,97.46,97.44,350,305,340,-1160
318,APH,2020-06-22,0 days 15:59:07.668666,175032,97.46,97.43,573,474,193,-407
319,APH,2020-06-22,0 days 15:59:08.671688,175325,97.46,97.44,173,550,-2538,193
320,APH,2020-06-22,0 days 15:59:11.679402,183963,97.46,97.44,173,500,410,-1990
321,APH,2020-06-22,0 days 15:59:14.686708,184373,97.47,97.45,100,687,-107,110
322,APH,2020-06-22,0 days 15:59:15.686436,186580,97.54,97.52,200,300,24011,-107
323,APH,2020-06-22,0 days 15:59:27.714956,210591,97.53,97.5,150,300,-761,107
324,APH,2020-06-22,0 days 15:59:46.756038,210918,97.55,97.52,258,640,521,-3179
325,APLE,2020-06-22,0 days 15:59:14.800618,240617,10.0,9.99,5614,31779,-3905,1895
326,APLE,2020-06-22,0 days 15:59:45.873653,244522,10.01,10.0,10482,11326,605,-1929
327,APLE,2020-06-22,0 days 15:59:49.883176,243558,10.01,10.0,9776,7348,-964,292
328,AR,2020-06-22,0 days 15:55:45.181819,714211,2.97,2.96,81112,20669,3467,-8733
329,AR,2020-06-22,0 days 15:55:46.183225,706378,2.97,2.96,81112,20669,-7833,3467
330,AR,2020-06-22,0 days 15:56:13.247657,631331,2.96,2.95,47541,44030,-21280,53767
331,AR,2020-06-22,0 days 15:59:06.666604,754709,2.96,2.95,92102,55561,-4140,32974
332,ARE,2020-06-22,0 days 15:55:00.186781,164086,168.53,168.49,114,100,-13630,49400
333,ARE,2020-06-22,0 days 15:55:01.187915,163816,168.53,168.43,230,100,28180,-13630
334,ARE,2020-06-22,0 days 15:55:02.189934,164086,168.54,168.44,100,200,-13530,28180
335,ARE,2020-06-22,0 days 15:55:03.192752,163816,168.54,168.44,100,100,270,-13530
336,ARE,2020-06-22,0 days 15:56:35.414487,165589,168.59,168.55,200,200,-18081,9829
337,ARE,2020-06-22,0 days 15:56:36.417319,165270,168.55,168.5,200,200,319,-18081
338,ARE,2020-06-22,0 days 15:57:11.502471,165589,168.56,168.51,100,202,-15781,12129
339,ARE,2020-06-22,0 days 15:57:12.505163,165270,168.55,168.49,100,701,319,-15781
340,ARE,2020-06-22,0 days 15:57:45.583078,166609,168.53,168.49,409,100,-16720,11190
341,ARE,2020-06-22,0 days 15:57:46.585632,166329,168.53,168.49,220,100,28190,-16720
342,ARE,2020-06-22,0 days 15:57:47.588245,166609,168.57,168.55,100,241,-16720,28190
343,ARE,2020-06-22,0 days 15:57:48.590652,166329,168.55,168.5,200,1215,280,-16720
344,ARE,2020-06-22,0 days 15:57:54.604821,166609,168.57,168.51,200,1797,-620,280
345,ARE,2020-06-22,0 days 15:57:55.607511,166429,168.57,168.51,315,1897,180,-620
346,ARE,2020-06-22,0 days 15:57:57.612668,166609,168.56,168.51,200,911,-720,1780
347,ARE,2020-06-22,0 days 15:57:58.614923,166329,168.56,168.51,200,807,280,-720
348,ARE,2020-06-22,0 days 15:57:59.617145,166809,168.56,168.51,315,909,-120,280
349,ARE,2020-06-22,0 days 15:58:35.705506,168575,168.63,168.61,214,168,1551,-449
350,ARE,2020-06-22,0 days 15:59:02.770855,176617,168.7,168.61,547,103,4157,-1143
351,ARE,2020-06-22,0 days 15:59:03.774225,176143,168.7,168.61,507,259,-474,4157
352,ARE,2020-06-22,0 days 15:59:10.790324,178330,168.52,168.48,300,200,646,-393
353,ARE,2020-06-22,0 days 15:59:25.824562,187515,168.58,168.51,300,200,276,-1124
354,ARE,2020-06-22,0 days 15:59:30.837624,186446,168.59,168.53,200,300,-1069,1631
355,ARE,2020-06-22,0 days 15:59:47.878632,187682,168.63,168.56,476,100,754,-588
356,ARE,2020-06-22,0 days 15:59:48.881249,187036,168.63,168.56,476,100,-646,754
357,ARE,2020-06-22,0 days 15:59:54.896717,186516,168.56,168.42,1890,100,26330,-5280
358,ARI,2020-06-22,0 days 15:59:08.893613,134267,9.76,9.75,4987,4081,1550,-1742
359,ARI,2020-06-22,0 days 15:59:13.906257,130317,9.76,9.75,4807,4487,-3950,5250
360,ARI,2020-06-22,0 days 15:59:44.973979,135984,9.76,9.75,7553,4973,403,-630
361,ARI,2020-06-22,0 days 15:59:49.991964,133567,9.76,9.75,6313,3595,-2417,663
362,ARNC,2020-06-22,0 days 15:59:15.686297,342146,15.77,15.76,1595,2983,-13374,1044
363,ARNC,2020-06-22,0 days 15:59:17.690924,341986,15.76,15.75,956,2886,160,-140
364,ARNC,2020-06-22,0 days 15:59:26.713189,342212,15.76,15.75,1788,2391,-174,226
365,ARNC,2020-06-22,0 days 15:59:27.714788,342086,15.76,15.75,1788,2420,126,-174
366,ARNC,2020-06-22,0 days 15:59:39.739391,342212,15.77,15.75,1955,3204,-17053,47
367,ARNC,2020-06-22,0 days 15:59:40.741732,342065,15.76,15.75,200,2880,147,-17053
368,AROC,2020-06-22,0 days 15:55:14.113250,343012,6.12,6.11,9128,7693,8646,-12254
369,AROC,2020-06-22,0 days 15:55:15.115201,341758,6.12,6.11,7928,7593,-1254,8646
370,AROC,2020-06-22,0 days 15:59:06.674592,344371,6.13,6.12,8504,6258,6877,-1676
371,AROC,2020-06-22,0 days 15:59:07.677371,344201,6.13,6.12,8416,9097,-170,6877
372,AROC,2020-06-22,0 days 15:59:09.681322,344371,6.13,6.12,7116,9199,2544,-170
373,AROC,2020-06-22,0 days 15:59:10.684219,343368,6.13,6.12,7116,8462,-1003,2544
374,ARR,2020-06-22,0 days 15:59:03.702541,129048,9.12,9.11,8649,5222,-1021,3779
375,ARR,2020-06-22,0 days 15:59:04.707203,118769,9.12,9.11,13107,972,10279,-1021
376,ARR,2020-06-22,0 days 15:59:09.717212,144614,9.12,9.11,11018,6356,-11839,18545
377,ARR,2020-06-22,0 days 15:59:10.720194,141053,9.12,9.11,11733,394,3561,-11839
378,AT,2020-06-22,0 days 15:55:06.086138,25643,1.89,1.88,9560,20745,-5514,7986
379,AT,2020-06-22,0 days 15:55:07.088814,24757,1.89,1.88,9055,23416,886,-5514
380,AT,2020-06-22,0 days 15:59:01.654311,26371,1.88,1.87,31667,5195,-9077,6323
381,ATH,2020-06-22,0 days 15:59:15.719769,567018,33.27,33.26,700,711,-7019,9201
382,ATH,2020-06-22,0 days 15:59:16.722840,550318,33.25,33.22,700,301,16700,-7019
383,ATH,2020-06-22,0 days 15:59:32.761580,568224,33.25,33.24,554,700,1005,-12995
384,ATH,2020-06-22,0 days 15:59:40.780053,569229,33.27,33.24,521,1313,-989,351
385,ATH,2020-06-22,0 days 15:59:41.783365,568618,33.27,33.24,521,1313,611,-989
386,ATH,2020-06-22,0 days 15:59:57.822112,571693,33.3,33.27,1000,1520,-1091,9844
387,ATH,2020-06-22,0 days 15:59:59.827110,561849,33.3,33.27,4369,2681,9844,-7591
388,ATH,2020-06-22,0 days 16:00:00.828162,571693,33.29,33.27,15900,7817,-1091,9844
389,ATI,2020-06-22,0 days 15:55:53.396259,88027,10.21,10.2,2086,2500,-1666,34
390,ATI,2020-06-22,0 days 15:55:54.398098,89693,10.21,10.2,2486,2100,1334,-1666
391,ATI,2020-06-22,0 days 15:55:56.402784,89527,10.21,10.2,2901,2000,-166,34
392,ATI,2020-06-22,0 days 15:56:12.444741,90093,10.2,10.19,1878,5601,486,-147
393,ATI,2020-06-22,0 days 15:56:13.444164,89879,10.2,10.19,1578,6551,-214,486
394,ATI,2020-06-22,0 days 15:56:58.553107,90578,10.22,10.21,2205,900,514,-284
395,ATI,2020-06-22,0 days 15:56:59.555451,90392,10.22,10.21,2100,2368,-186,514
396,ATI,2020-06-22,0 days 15:57:37.625482,90578,10.23,10.22,1878,5720,1214,-186
397,ATI,2020-06-22,0 days 15:57:38.628016,89092,10.23,10.22,3280,5320,-1486,1214
398,ATI,2020-06-22,0 days 15:58:56.817212,89083,10.23,10.22,1500,2481,9137,-563
399,ATI,2020-06-22,0 days 15:59:16.861362,97184,10.25,10.23,2300,2980,304,-996
400,ATO,2020-06-22,0 days 15:55:01.118244,48053,100.18,100.14,601,215,104,-696
401,ATO,2020-06-22,0 days 15:56:03.269499,48205,100.14,100.11,539,200,-127,152
402,ATO,2020-06-22,0 days 15:56:04.270564,48132,100.13,100.09,406,313,73,-127
403,ATO,2020-06-22,0 days 15:56:10.285880,48205,100.1,100.08,340,413,-149,351
404,ATO,2020-06-22,0 days 15:56:11.287393,48154,100.1,100.09,446,103,51,-149
405,ATO,2020-06-22,0 days 15:57:46.515261,48226,100.24,100.21,100,300,-379,121
406,ATO,2020-06-22,0 days 15:57:47.518523,48205,100.27,100.22,100,680,21,-379
407,ATO,2020-06-22,0 days 15:58:42.650893,49589,100.17,100.13,300,700,-234,666
408,ATO,2020-06-22,0 days 15:58:43.653016,49423,100.17,100.13,300,500,219,-234
409,ATO,2020-06-22,0 days 15:59:06.710622,49695,100.16,100.14,100,669,-6670,25
410,ATO,2020-06-22,0 days 15:59:07.712330,55765,100.15,100.13,447,100,330,-6670
411,ATO,2020-06-22,0 days 15:59:08.715214,54595,100.15,100.13,296,200,-1170,330
412,ATO,2020-06-22,0 days 15:59:09.717314,55765,100.17,100.13,700,100,78,-1170
413,ATO,2020-06-22,0 days 15:59:12.724729,55843,100.15,100.11,444,200,-143,78
414,ATO,2020-06-22,0 days 15:59:45.793259,59012,100.18,100.15,300,400,60,-40
415,ATO,2020-06-22,0 days 15:59:48.800828,58572,100.2,100.16,610,239,-440,60
416,ATUS,2020-06-22,0 days 15:55:36.353990,1312442,24.28,24.27,2400,14812,-2532,2980
417,ATUS,2020-06-22,0 days 15:55:37.356140,1309974,24.28,24.27,3800,13890,2468,-2532
418,ATUS,2020-06-22,0 days 15:55:47.380986,1312442,24.29,24.28,7208,8384,-11232,2468
419,ATUS,2020-06-22,0 days 15:55:48.383790,1309974,24.29,24.28,7408,8384,2468,-11232
420,ATUS,2020-06-22,0 days 15:57:11.585213,1316442,24.29,24.28,2505,14276,-4810,3444
421,ATUS,2020-06-22,0 days 15:57:12.591507,1314052,24.29,24.28,2505,14076,2390,-4810
422,ATUS,2020-06-22,0 days 15:57:40.632738,1331613,24.3,24.29,14365,12921,548,-8144
423,ATUS,2020-06-22,0 days 15:57:49.654311,1332161,24.3,24.29,12244,14756,-1744,3648
424,ATUS,2020-06-22,0 days 15:57:50.657458,1331613,24.3,24.29,10520,15156,548,-1744
425,ATUS,2020-06-22,0 days 15:57:53.664327,1332161,24.3,24.29,9720,14975,-7344,548
426,ATUS,2020-06-22,0 days 15:57:54.666574,1331613,24.3,24.29,9520,14975,548,-7344
427,ATUS,2020-06-22,0 days 15:57:56.672949,1332161,24.3,24.29,8788,15121,-11544,548
428,ATUS,2020-06-22,0 days 15:57:57.675302,1331613,24.3,24.29,8888,14621,548,-11544
429,ATUS,2020-06-22,0 days 15:59:19.868449,1354848,24.29,24.28,5533,9605,-957,1428
430,ATUS,2020-06-22,0 days 15:59:20.870681,1355805,24.29,24.28,4933,9357,643,-957
431,ATUS,2020-06-22,0 days 15:59:27.888196,1356448,24.29,24.28,5578,10568,-2390,643
432,ATUS,2020-06-22,0 days 15:59:35.908110,1340038,24.29,24.28,5300,2580,610,-13690
433,ATUS,2020-06-22,0 days 15:59:38.915286,1356448,24.29,24.28,3704,7375,-190,16710
434,AU,2020-06-22,0 days 15:55:00.077067,108283,27.63,27.62,500,1703,-367,47309
435,AU,2020-06-22,0 days 15:57:08.381234,110076,27.69,27.68,4900,799,1029,-371
436,AU,2020-06-22,0 days 15:57:41.458185,111105,27.68,27.67,2807,3000,-973,229
437,AU,2020-06-22,0 days 15:57:42.461237,110778,27.68,27.67,2214,6400,481,-973
438,AU,2020-06-22,0 days 15:58:02.510828,115959,27.68,27.67,833,3024,-479,821
439,AU,2020-06-22,0 days 15:58:33.585302,119438,27.71,27.7,1863,5841,1943,-657
440,AU,2020-06-22,0 days 15:58:34.588072,118681,27.71,27.7,1463,7341,-657,1943
441,AU,2020-06-22,0 days 15:59:05.664864,128113,27.7,27.69,2500,2414,7102,-1487
442,AU,2020-06-22,0 days 15:59:06.666808,128215,27.69,27.68,4200,300,-798,7102
443,AU,2020-06-22,0 days 15:59:12.681774,127615,27.66,27.65,1143,2300,-1039,861
444,AU,2020-06-22,0 days 15:59:48.760000,131012,27.63,27.62,4162,2400,139,-902
445,AU,2020-06-22,0 days 15:59:49.761591,130051,27.62,27.61,4747,500,-500,139
446,AUY,2020-06-22,0 days 15:59:40.857355,370625,5.23,5.22,360039,324843,1242,-1508
447,AVB,2020-06-22,0 days 15:57:11.611949,668940,156.13,156.05,142,336,-1913,2787
448,AVB,2020-06-22,0 days 15:57:12.615066,667553,156.17,156.09,200,100,1187,-1913
449,AVB,2020-06-22,0 days 15:57:46.693658,668770,156.26,156.19,300,100,-3183,1417
450,AVB,2020-06-22,0 days 15:57:47.696036,669253,156.26,156.2,200,300,417,-3183
451,AVB,2020-06-22,0 days 15:57:51.706102,669670,156.26,156.2,300,1398,-10283,917
452,AVB,2020-06-22,0 days 15:58:01.730788,669853,156.19,156.14,400,201,54,-746
453,AVB,2020-06-22,0 days 15:58:06.742558,669946,156.26,156.16,103,320,-2122,78
454,AVB,2020-06-22,0 days 15:58:07.746083,669868,156.26,156.16,103,320,78,-2122
455,AVB,2020-06-22,0 days 15:58:10.752595,670913,156.28,156.22,347,231,-7255,1045
456,AVB,2020-06-22,0 days 15:58:31.802852,664568,156.21,156.16,105,200,6345,-2355
457,AVB,2020-06-22,0 days 15:58:35.813059,670375,156.21,156.17,100,100,-1814,645
458,AVB,2020-06-22,0 days 15:58:36.815122,669889,156.21,156.17,100,100,486,-1814
459,AVB,2020-06-22,0 days 15:58:38.820086,669408,156.25,156.16,149,300,-1081,486
460,AVB,2020-06-22,0 days 15:59:20.916066,690968,156.32,156.23,408,400,-14461,239
461,AVB,2020-06-22,0 days 15:59:38.959169,692396,156.27,156.21,672,399,-7873,7427
462,AVB,2020-06-22,0 days 15:59:48.983261,678784,156.17,156.12,615,208,16050,-366
463,AVB,2020-06-22,0 days 15:59:58.003777,694634,156.28,156.19,208,800,-4150,4550
464,AVB,2020-06-22,0 days 16:00:01.146382,690284,156.22,156.18,713,8448,4550,-4150
465,AVTR,2020-06-22,0 days 15:58:44.619495,161762,17.36,17.35,2100,1400,7126,-2593
466,AVTR,2020-06-22,0 days 15:58:45.620683,155288,17.36,17.35,2000,1900,-6474,7126
467,AVTR,2020-06-22,0 days 15:59:07.677020,164903,17.36,17.35,6740,3464,2098,-197
468,AVTR,2020-06-22,0 days 15:59:18.696100,161744,17.35,17.34,3400,3585,-2559,8041
469,AVTR,2020-06-22,0 days 15:59:37.733019,160025,17.32,17.31,1600,2600,9931,-1008
470,AVTR,2020-06-22,0 days 15:59:48.760024,163542,17.34,17.33,2895,3228,-2183,1087
471,AVYA,2020-06-22,0 days 15:55:21.130683,451215,13.07,13.06,2074,1192,12444,-28556
472,AVYA,2020-06-22,0 days 15:55:22.133332,448359,13.07,13.06,1774,992,-2856,12444
473,AVYA,2020-06-22,0 days 15:55:37.168977,451215,13.07,13.06,2192,1351,12627,-1556
474,AVYA,2020-06-22,0 days 15:55:38.171373,449942,13.07,13.06,2192,1351,-1273,12627
475,AVYA,2020-06-22,0 days 15:57:06.383037,451819,13.09,13.08,1201,1252,5559,-1726
476,AVYA,2020-06-22,0 days 15:57:07.385996,450778,13.09,13.08,1101,1452,-1041,5559
477,AVYA,2020-06-22,0 days 15:57:11.395473,451819,13.09,13.08,1001,1652,538,-1041
478,AVYA,2020-06-22,0 days 15:57:12.398365,450957,13.09,13.08,754,2646,-862,538
479,AVYA,2020-06-22,0 days 15:58:48.629527,451840,13.11,13.09,1397,4502,1580,-926
480,AVYA,2020-06-22,0 days 15:58:49.631453,451220,13.11,13.09,1397,4506,-620,1580
481,AVYA,2020-06-22,0 days 15:58:58.653432,451840,13.1,13.09,1046,884,350,-497
482,AVYA,2020-06-22,0 days 15:58:59.656653,451290,13.1,13.09,946,1505,-550,350
483,AVYA,2020-06-22,0 days 15:59:07.677472,496840,13.11,13.1,1685,1226,4085,-879
484,AVYA,2020-06-22,0 days 15:59:27.719215,498337,13.15,13.14,5600,2588,-180,435
485,AVYA,2020-06-22,0 days 15:59:32.723173,498517,13.14,13.13,1185,601,970,-180
486,AVYA,2020-06-22,0 days 15:59:48.760278,496350,13.15,13.14,5359,3179,2090,-943
487,AXL,2020-06-22,0 days 15:58:53.748021,146040,7.47,7.46,8864,3208,243,-256
488,AXL,2020-06-22,0 days 15:58:54.750235,143584,7.47,7.46,7901,3108,-2456,243
489,AXL,2020-06-22,0 days 15:59:14.796173,147635,7.46,7.45,18417,8168,3125,-1845
490,AXP,2020-06-22,0 days 15:59:41.863213,419664,99.48,99.47,424,1314,-477,2823
491,AZUL,2020-06-22,0 days 15:55:00.970014,36258,11.68,11.67,600,501,19874,-28252
492,AZUL,2020-06-22,0 days 15:55:01.969606,34132,11.69,11.68,2300,1575,-2126,19874
493,AZUL,2020-06-22,0 days 15:56:54.242451,38485,11.65,11.63,1300,1528,157,-1843
494,AZUL,2020-06-22,0 days 15:57:15.293776,38842,11.65,11.64,1418,700,-1107,1429
495,AZUL,2020-06-22,0 days 15:59:05.562083,39642,11.63,11.62,5869,32584,-2193,500
496,BA,2020-06-22,0 days 15:57:05.569782,463947,188.24,188.21,100,100,8907,-28803
497,BA,2020-06-22,0 days 15:57:06.572931,460054,188.26,188.21,210,600,-3893,8907
498,BA,2020-06-22,0 days 15:57:21.587253,464247,188.37,188.33,315,401,3359,-11298
499,BA,2020-06-22,0 days 15:57:22.589451,460406,188.37,188.34,215,300,-3841,3359
500,BA,2020-06-22,0 days 15:57:26.599343,464247,188.36,188.33,200,300,3059,-4483
501,BA,2020-06-22,0 days 15:57:27.601169,452864,188.4,188.37,2603,300,-11383,3059
502,BA,2020-06-22,0 days 15:57:43.641085,467530,188.32,188.28,200,200,-6417,1583
503,BA,2020-06-22,0 days 15:59:01.829606,482928,188.24,188.18,315,215,5275,-725
504,BABA,2020-06-22,0 days 15:55:00.163226,1035722,221.24,221.21,761,900,-157068,46922
505,BABA,2020-06-22,0 days 15:57:51.574108,1152989,221.25,221.23,200,171,2446,-5854
506,BABA,2020-06-22,0 days 15:57:54.581407,1150780,221.29,221.25,1519,527,-2209,5991
507,BABA,2020-06-22,0 days 15:57:56.586720,1152989,221.29,221.27,1822,200,4391,-2209
508,BABA,2020-06-22,0 days 15:57:57.588705,1151716,221.29,221.27,1942,317,-1273,4391
509,BABA,2020-06-22,0 days 15:58:02.601090,1152989,221.28,221.26,915,1513,6591,-873
510,BABA,2020-06-22,0 days 15:58:03.604197,1150916,221.29,221.28,1133,365,-2073,6591
511,BABA,2020-06-22,0 days 15:58:05.609040,1152989,221.29,221.27,458,1004,1391,-2073
512,BABA,2020-06-22,0 days 15:58:07.614138,1150925,221.33,221.31,259,400,-2064,5591
513,BABA,2020-06-22,0 days 15:58:24.654585,1143480,221.31,221.3,464,200,-9599,6301
514,BABA,2020-06-22,0 days 15:58:33.677031,1153079,221.29,221.27,301,460,7701,-699
515,BABA,2020-06-22,0 days 15:58:34.680106,1152016,221.28,221.25,288,538,-1063,7701
516,BABA,2020-06-22,0 days 15:59:05.755694,1155093,221.3,221.29,300,100,17782,-1338
517,BABA,2020-06-22,0 days 15:59:11.770008,1147648,221.36,221.34,415,500,-7445,1010
518,BABA,2020-06-22,0 days 15:59:12.773186,1155093,221.33,221.31,811,200,7846,-7445
519,BABA,2020-06-22,0 days 15:59:35.827212,1155093,221.34,221.31,660,100,8586,-594
520,BABA,2020-06-22,0 days 15:59:36.829069,1150624,221.37,221.36,200,100,-4469,8586
521,BABA,2020-06-22,0 days 15:59:42.843753,1155094,221.31,221.29,565,200,8821,-340
522,BABA,2020-06-22,0 days 15:59:45.852210,1152668,221.43,221.41,666,431,-6415,6720
523,BAM,2020-06-22,0 days 15:56:03.336790,46189,34.35,34.34,619,3106,1967,-168
524,BAM,2020-06-22,0 days 15:56:04.338940,43756,34.36,34.35,1541,631,-2433,1967
525,BAX,2020-06-22,0 days 15:55:00.969783,194188,83.89,83.86,200,618,-1759,13908
526,BAX,2020-06-22,0 days 15:55:01.969473,191747,83.89,83.87,805,400,2441,-1759
527,BAX,2020-06-22,0 days 15:56:15.149953,195686,83.87,83.86,300,920,-3549,1351
528,BAX,2020-06-22,0 days 15:56:16.151187,193735,83.88,83.86,1101,817,2239,-3549
529,BAX,2020-06-22,0 days 15:57:03.265189,186442,83.96,83.95,709,800,-8094,750
530,BAX,2020-06-22,0 days 15:57:04.266690,184835,83.95,83.94,600,602,1607,-8094
531,BAX,2020-06-22,0 days 15:57:39.351467,195965,83.96,83.94,301,1397,-135,1965
532,BAX,2020-06-22,0 days 15:57:41.356172,196100,83.96,83.95,801,1400,465,-135
533,BAX,2020-06-22,0 days 15:59:03.555705,203105,83.95,83.94,318,705,-3350,250
534,BAX,2020-06-22,0 days 15:59:07.566067,207305,83.94,83.93,1003,1409,-13937,6712
535,BAX,2020-06-22,0 days 15:59:30.585346,230288,83.99,83.97,300,1738,-10949,1051
536,BAX,2020-06-22,0 days 15:59:45.621169,232236,83.98,83.96,500,2714,-2101,3026
537,BB,2020-06-22,0 days 15:59:19.699936,48905,5.13,5.12,183468,76751,-1037,1402
538,BB,2020-06-22,0 days 15:59:21.705402,49942,5.13,5.12,181203,79751,5263,-1037
539,BB,2020-06-22,0 days 15:59:36.732094,55505,5.13,5.12,212782,45294,-3537,5263
540,BB,2020-06-22,0 days 15:59:37.733109,54942,5.13,5.12,203004,41459,263,-3537
541,BBD,2020-06-22,0 days 15:55:00.115750,303490,4.08,4.07,322955,369619,209538,-101196
542,BBD,2020-06-22,0 days 15:55:01.118279,229728,4.08,4.07,334664,408480,-73762,209538
543,BBD,2020-06-22,0 days 15:59:44.791272,344807,4.07,4.06,731268,612753,13884,-559
544,BBY,2020-06-22,0 days 15:55:00.969706,384044,84.79,84.77,604,895,24617,-24330
545,BBY,2020-06-22,0 days 15:55:36.055271,402961,84.7,84.67,307,915,-9934,1004
546,BBY,2020-06-22,0 days 15:55:37.058044,402595,84.7,84.67,507,815,366,-9934
547,BBY,2020-06-22,0 days 15:56:07.129501,414285,84.74,84.72,200,500,-2900,1480
548,BBY,2020-06-22,0 days 15:56:08.132671,413185,84.73,84.72,100,605,1100,-2900
549,BBY,2020-06-22,0 days 15:57:11.284052,416761,84.84,84.83,408,100,-1446,1725
550,BBY,2020-06-22,0 days 15:57:12.287850,415307,84.85,84.84,500,300,1454,-1446
551,BBY,2020-06-22,0 days 15:57:51.379601,418877,84.89,84.88,600,230,-3414,1686
552,BBY,2020-06-22,0 days 15:57:52.381884,417771,84.89,84.87,600,1205,1106,-3414
553,BBY,2020-06-22,0 days 15:57:53.383639,418877,84.89,84.87,600,2285,-7894,1106
554,BBY,2020-06-22,0 days 15:57:58.395732,418877,84.87,84.84,1004,300,-3384,316
555,BBY,2020-06-22,0 days 15:58:00.404540,418561,84.87,84.84,707,300,316,-84
556,BBY,2020-06-22,0 days 15:58:08.421478,418946,84.85,84.83,200,480,-440,860
557,BBY,2020-06-22,0 days 15:58:10.426748,418086,84.85,84.83,541,580,860,-2040
558,BBY,2020-06-22,0 days 15:58:14.436726,419022,84.85,84.83,850,580,-3664,936
559,BBY,2020-06-22,0 days 15:58:15.438629,418186,84.84,84.83,952,467,836,-3664
560,BBY,2020-06-22,0 days 15:58:39.496758,419570,84.83,84.81,248,500,-216,1184
561,BBY,2020-06-22,0 days 15:58:40.499458,418386,84.83,84.81,450,300,1184,-216
562,BBY,2020-06-22,0 days 15:58:41.501777,419570,84.82,84.81,100,676,-4120,1184
563,BBY,2020-06-22,0 days 15:58:42.505392,418900,84.8,84.79,200,100,670,-4120
564,BBY,2020-06-22,0 days 15:59:04.558149,420960,84.82,84.8,939,400,-405,829
565,BBY,2020-06-22,0 days 15:59:05.561992,420665,84.8,84.79,500,268,295,-405
566,BBY,2020-06-22,0 days 15:59:15.550000,426754,84.78,84.77,551,972,-5246,636
567,BBY,2020-06-22,0 days 15:59:16.552524,426000,84.78,84.77,151,802,754,-5246
568,BBY,2020-06-22,0 days 15:59:21.563104,426754,84.82,84.79,409,722,-2111,754
569,BBY,2020-06-22,0 days 15:59:37.601945,429593,84.8,84.76,408,1182,-1072,328
570,BBY,2020-06-22,0 days 15:59:38.604681,429665,84.79,84.76,200,982,476,-1072
571,BDX,2020-06-22,0 days 15:59:07.668809,294821,235.34,235.28,601,100,-18485,2873
572,BDX,2020-06-22,0 days 15:59:08.671859,289693,235.14,235.02,445,300,5976,-18485
573,BDX,2020-06-22,0 days 15:59:12.681815,296255,235.02,234.96,803,300,-5746,1615
574,BDX,2020-06-22,0 days 15:59:13.683974,294788,234.96,234.91,1240,200,4067,-5746
575,BDX,2020-06-22,0 days 15:59:15.686598,299740,235.13,234.97,100,100,-4261,5295
576,BDX,2020-06-22,0 days 15:59:16.689674,298601,235.03,234.95,100,400,1700,-4261
577,BDX,2020-06-22,0 days 15:59:32.728905,300258,235.19,235.1,100,400,-82,702
578,BDX,2020-06-22,0 days 15:59:38.737300,300340,235.16,235.06,446,947,466,-82
579,BDX,2020-06-22,0 days 15:59:49.761672,301230,235.15,235.01,1008,745,-1066,1554
580,BDX,2020-06-22,0 days 15:59:50.766769,295702,235.14,235.09,376,138,5528,-1066
581,BE,2020-06-22,0 days 15:59:48.860268,342429,9.08,9.07,3712,1457,-195,2294
582,BE,2020-06-22,0 days 15:59:49.861995,342131,9.08,9.07,3895,557,298,-195
583,BEN,2020-06-22,0 days 15:55:00.267916,242837,21.74,21.73,3079,3333,5135,-63530
584,BEN,2020-06-22,0 days 15:55:22.319968,247972,21.71,21.7,1600,2771,-3765,5235
585,BEN,2020-06-22,0 days 15:55:23.322289,247437,21.71,21.7,2300,2741,535,-3765
586,BEN,2020-06-22,0 days 15:55:39.361884,247972,21.72,21.71,3494,2802,-2032,535
587,BEN,2020-06-22,0 days 15:55:40.363677,248004,21.72,21.71,3594,2134,268,-2032
588,BEN,2020-06-22,0 days 15:57:02.562474,247513,21.73,21.72,3930,4712,-5805,733
589,BEN,2020-06-22,0 days 15:57:03.565512,245918,21.72,21.71,2400,1900,1795,-5805
590,BEN,2020-06-22,0 days 15:57:04.567894,247713,21.72,21.71,1424,2716,-688,1795
591,BEN,2020-06-22,0 days 15:57:15.572790,248401,21.72,21.71,100,4502,2312,-688
592,BEN,2020-06-22,0 days 15:57:16.575224,247713,21.73,21.72,2729,3020,-688,2312
593,BEN,2020-06-22,0 days 15:57:26.599283,252601,21.72,21.71,1505,3024,1316,-423
594,BEN,2020-06-22,0 days 15:57:34.618278,254117,21.71,21.7,1497,5758,-2284,716
595,BEN,2020-06-22,0 days 15:57:35.620946,253801,21.71,21.7,2097,5222,316,-2284
596,BEN,2020-06-22,0 days 15:57:57.675394,251701,21.72,21.71,2429,2565,2416,-784
597,BEN,2020-06-22,0 days 15:58:14.717537,254756,21.73,21.72,1371,12954,3510,-490
598,BEN,2020-06-22,0 days 15:58:15.718375,254266,21.73,21.72,3547,6081,-490,3510
599,BEN,2020-06-22,0 days 15:58:19.727926,251756,21.72,21.71,4124,1002,2710,-490
600,BEN,2020-06-22,0 days 15:58:36.769017,251427,21.72,21.71,2582,3213,-29,310
601,BEN,2020-06-22,0 days 15:58:48.798145,254606,21.7,21.69,3099,6997,312,-331
602,BEN,2020-06-22,0 days 15:59:07.844698,269122,21.7,21.69,8798,1260,-190,1030
603,BEN,2020-06-22,0 days 15:59:09.850059,269312,21.69,21.68,2950,7995,358,-190
604,BEN,2020-06-22,0 days 15:59:10.852061,271070,21.7,21.69,1837,5581,-242,358
605,BEN,2020-06-22,0 days 15:59:12.857217,271312,21.7,21.69,4185,4929,3062,-242
606,BEN,2020-06-22,0 days 15:59:13.859845,271274,21.7,21.69,5737,1240,-38,3062
607,BEN,2020-06-22,0 days 15:59:21.873605,277494,21.7,21.69,4279,8445,716,-220
608,BEN,2020-06-22,0 days 15:59:50.945851,268477,21.7,21.69,8488,6114,-9417,1183
609,BEST,2020-06-22,0 days 15:58:41.612854,42744,4.71,4.7,11688,34116,10543,-14357
610,BEST,2020-06-22,0 days 15:58:42.615322,41387,4.71,4.7,10013,33916,-1357,10543
611,BEST,2020-06-22,0 days 15:59:02.664882,42744,4.71,4.7,10646,34175,1843,-1357
612,BEST,2020-06-22,0 days 15:59:13.691714,42849,4.71,4.7,12892,37771,4838,-962
613,BEST,2020-06-22,0 days 15:59:14.694095,37787,4.71,4.7,12992,38071,-5062,4838
614,BF.B,2020-06-22,0 days 15:57:24.532526,213027,65.78,65.74,649,100,-1087,2493
615,BF.B,2020-06-22,0 days 15:57:25.534340,210214,65.78,65.74,649,100,2813,-1087
616,BF.B,2020-06-22,0 days 15:59:04.776792,214540,65.7,65.66,691,310,-3216,3202
617,BF.B,2020-06-22,0 days 15:59:05.778878,212956,65.7,65.68,495,246,784,-3216
618,BF.B,2020-06-22,0 days 15:59:15.797992,225963,65.71,65.69,304,300,-2833,2612
619,BF.B,2020-06-22,0 days 15:59:16.799600,223796,65.71,65.69,304,400,1367,-2833
620,BF.B,2020-06-22,0 days 15:59:31.837404,223473,65.77,65.73,1953,200,1690,-710
621,BF.B,2020-06-22,0 days 15:59:37.850402,225963,65.72,65.69,203,413,-2138,10459
622,BF.B,2020-06-22,0 days 15:59:38.853520,224701,65.72,65.68,205,700,1810,-2138
623,BF.B,2020-06-22,0 days 15:59:46.871747,224877,65.73,65.7,614,300,834,-1077
624,BG,2020-06-22,0 days 15:55:55.205124,123064,40.31,40.29,900,400,1970,-1246
625,BG,2020-06-22,0 days 15:55:56.207239,122134,40.31,40.29,900,400,-930,1970
626,BG,2020-06-22,0 days 15:57:00.361681,123064,40.39,40.38,309,1301,167,-72
627,BG,2020-06-22,0 days 15:57:01.363676,122231,40.4,40.39,200,655,-833,167
628,BG,2020-06-22,0 days 15:58:42.607921,126381,40.44,40.42,1000,293,450,-1236
629,BG,2020-06-22,0 days 15:58:58.646223,125700,40.47,40.46,100,400,-681,319
630,BG,2020-06-22,0 days 15:59:06.666776,129141,40.43,40.41,893,557,-740,860
631,BG,2020-06-22,0 days 15:59:08.671758,129881,40.41,40.39,301,600,1015,-440
632,BG,2020-06-22,0 days 15:59:09.673747,129296,40.42,40.4,600,200,-585,1015
633,BHC,2020-06-22,0 days 15:55:00.164548,59551,19.62,19.61,769,2948,6833,-23688
634,BHC,2020-06-22,0 days 15:56:13.339640,66228,19.62,19.61,800,3000,-1039,361
635,BHC,2020-06-22,0 days 15:56:14.342047,66067,19.62,19.61,1500,2600,161,-1039
636,BHC,2020-06-22,0 days 15:56:37.397161,66228,19.62,19.61,2700,3970,-339,261
637,BHC,2020-06-22,0 days 15:56:38.400630,66067,19.62,19.61,2600,4070,161,-339
638,BHC,2020-06-22,0 days 15:56:49.426724,66228,19.62,19.61,3055,3050,-139,161
639,BHC,2020-06-22,0 days 15:56:50.429658,63667,19.62,19.61,3155,2950,2561,-139
640,BHC,2020-06-22,0 days 15:57:48.568030,66028,19.66,19.65,2438,2411,-239,261
641,BHC,2020-06-22,0 days 15:57:49.570635,65767,19.66,19.65,2138,2994,261,-239
642,BHC,2020-06-22,0 days 15:57:56.587337,66028,19.66,19.65,2738,3006,-339,261
643,BHC,2020-06-22,0 days 15:57:57.589696,65767,19.66,19.65,2510,3006,261,-339
644,BHC,2020-06-22,0 days 15:58:04.607120,66728,19.65,19.64,944,4306,-239,1061
645,BHC,2020-06-22,0 days 15:58:15.634156,66728,19.65,19.64,1044,4018,-339,361
646,BHC,2020-06-22,0 days 15:58:16.636419,66367,19.65,19.64,1644,4118,361,-339
647,BHC,2020-06-22,0 days 15:59:39.837752,66838,19.65,19.64,2000,2900,13782,-12210
648,BHP,2020-06-22,0 days 15:58:47.795953,23487,49.11,49.1,2726,3677,88,-344
649,BHVN,2020-06-22,0 days 15:55:45.274696,31035,73.88,73.81,802,693,-977,523
650,BHVN,2020-06-22,0 days 15:55:46.275171,30412,73.88,73.81,802,693,623,-977
651,BHVN,2020-06-22,0 days 15:59:14.777862,32456,73.51,73.48,1613,512,-95,179
652,BHVN,2020-06-22,0 days 15:59:19.788723,32116,73.51,73.5,1430,314,340,-95
653,BHVN,2020-06-22,0 days 15:59:38.835989,32779,73.61,73.52,409,1210,-2037,163
654,BHVN,2020-06-22,0 days 15:59:39.837632,32616,73.59,73.52,409,1119,163,-2037
655,BILL,2020-06-22,0 days 15:55:17.205048,41788,84.64,84.59,671,100,462,-438
656,BILL,2020-06-22,0 days 15:55:18.207082,41450,84.64,84.59,671,600,-338,462
657,BILL,2020-06-22,0 days 15:55:33.243663,41788,84.58,84.51,274,1033,682,-338
658,BILL,2020-06-22,0 days 15:55:34.246123,41570,84.55,84.51,100,1133,-218,682
659,BILL,2020-06-22,0 days 15:56:10.332511,41905,84.37,84.28,300,102,111,-235
660,BILL,2020-06-22,0 days 15:56:11.334725,41716,84.37,84.28,300,102,-189,111
661,BILL,2020-06-22,0 days 15:58:01.601015,41910,84.37,84.31,432,200,6,-94
662,BILL,2020-06-22,0 days 15:58:02.601974,41716,84.36,84.28,300,302,-194,6
663,BILL,2020-06-22,0 days 15:58:38.689959,41910,84.36,84.28,497,800,931,-269
664,BILL,2020-06-22,0 days 15:58:39.692048,41741,84.36,84.29,443,336,-169,931
665,BILL,2020-06-22,0 days 15:59:13.776572,45758,84.4,84.31,464,1293,321,-1179
666,BILL,2020-06-22,0 days 15:59:14.777928,45379,84.4,84.31,464,1293,-379,321
667,BILL,2020-06-22,0 days 15:59:16.781508,46845,84.4,84.33,264,1166,434,-1466
668,BILL,2020-06-22,0 days 15:59:17.784033,46379,84.41,84.37,300,1015,-466,434
669,BILL,2020-06-22,0 days 15:59:47.857222,46558,84.39,84.33,139,100,-287,1113
670,BIO,2020-06-22,0 days 15:55:05.175597,31998,455.32,454.6,100,200,267,-159
671,BIO,2020-06-22,0 days 15:55:06.178362,31865,455.32,454.61,100,102,-133,267
672,BIO,2020-06-22,0 days 15:57:54.582310,33268,455.72,455.43,487,328,123,-77
673,BIO,2020-06-22,0 days 15:57:55.584913,33091,455.72,455.43,487,328,-177,123
674,BIO,2020-06-22,0 days 15:58:04.607120,33268,455.71,455.14,329,100,23,-177
675,BIO,2020-06-22,0 days 15:58:05.609667,33091,455.71,455.14,416,100,-177,23
676,BIO,2020-06-22,0 days 15:58:07.614770,33268,455.72,455.14,500,100,23,-177
677,BIO,2020-06-22,0 days 15:58:08.617145,33091,456.0,455.58,159,100,-560,23
678,BIO,2020-06-22,0 days 15:58:39.692147,33651,456.38,455.31,162,100,84,-264
679,BIO,2020-06-22,0 days 15:58:56.733352,33268,456.38,455.31,229,310,72,-111
680,BIO,2020-06-22,0 days 15:59:20.790947,34772,456.11,455.7,100,828,187,-96
681,BIO,2020-06-22,0 days 15:59:37.832570,34711,456.38,455.99,100,200,-461,139
682,BIO,2020-06-22,0 days 15:59:38.836158,34572,456.39,456.0,100,110,139,-461
683,BJ,2020-06-22,0 days 15:50:02.583937,99054,37.15,37.14,200,1275,-1311,113
684,BJ,2020-06-22,0 days 15:55:00.294645,104783,37.21,37.19,317,700,7238,-1311
685,BJ,2020-06-22,0 days 15:55:06.310958,111821,37.19,37.18,200,1757,-5062,7038
686,BJ,2020-06-22,0 days 15:55:08.313956,111167,37.2,37.18,810,1505,654,-46
687,BJ,2020-06-22,0 days 15:55:36.382509,111821,37.17,37.16,602,949,-318,431
688,BJ,2020-06-22,0 days 15:55:37.385105,111239,37.17,37.16,602,1249,582,-318
689,BJ,2020-06-22,0 days 15:58:07.746415,114700,37.17,37.16,341,1404,-634,566
690,BJ,2020-06-22,0 days 15:58:08.749831,114178,37.17,37.16,487,1754,522,-634
691,BJ,2020-06-22,0 days 15:58:09.750815,114700,37.17,37.16,387,1954,-1386,522
692,BJ,2020-06-22,0 days 15:58:10.752759,113486,37.17,37.16,487,3190,1214,-1386
693,BJ,2020-06-22,0 days 15:58:12.758506,114700,37.17,37.16,201,4810,-686,514
694,BJ,2020-06-22,0 days 15:58:13.761285,114186,37.17,37.16,900,4236,514,-686
695,BJ,2020-06-22,0 days 15:59:05.886001,130426,37.16,37.15,823,647,-142,636
696,BJ,2020-06-22,0 days 15:59:13.906413,131526,37.12,37.11,153,1084,-286,1720
697,BJ,2020-06-22,0 days 15:59:35.952275,133112,37.14,37.13,1137,1703,1475,-1525
698,BJ,2020-06-22,0 days 15:59:49.992149,130487,37.14,37.13,3432,971,-2625,3275
699,BK,2020-06-22,0 days 15:59:08.763563,584092,38.56,38.55,2274,3300,1408,-545
700,BK,2020-06-22,0 days 15:59:48.860234,609475,38.58,38.57,4191,1648,1526,-2126
701,BK,2020-06-22,0 days 15:59:49.861956,606501,38.58,38.57,3991,1336,-2944,1526
702,BKD,2020-06-22,0 days 15:55:00.970465,162180,2.76,2.75,10277,22034,29025,-35440
703,BKD,2020-06-22,0 days 15:55:01.969682,159905,2.77,2.76,5891,26963,-2275,29025
704,BKD,2020-06-22,0 days 15:56:02.117624,173827,2.77,2.76,17848,21068,8401,-4564
705,BKD,2020-06-22,0 days 15:56:03.120023,170428,2.77,2.76,17748,21068,-3399,8401
706,BKD,2020-06-22,0 days 15:59:05.562181,190058,2.77,2.76,22364,41110,7620,-6930
707,BKD,2020-06-22,0 days 15:59:06.564772,188955,2.77,2.76,22164,40892,-1103,7620
708,BKR,2020-06-22,0 days 15:57:33.554223,2440936,15.41,15.4,7401,11814,-2851,24270
709,BKR,2020-06-22,0 days 15:57:34.556500,2426387,15.41,15.4,8145,11306,14549,-2851
710,BKR,2020-06-22,0 days 15:59:27.829245,2666681,15.32,15.31,4285,5282,-1764,55504
711,BKR,2020-06-22,0 days 15:59:30.837466,2606645,15.32,15.31,3400,5144,9936,-83664
712,BKR,2020-06-22,0 days 15:59:44.870499,2614473,15.35,15.34,13119,2100,356,-21377
713,BLL,2020-06-22,0 days 15:55:00.971002,225146,71.05,71.03,100,1728,2470,-1175
714,BLL,2020-06-22,0 days 15:55:36.055369,227616,71.03,71.02,1099,805,-367,233
715,BLL,2020-06-22,0 days 15:56:17.155444,227816,71.01,71.0,2339,1224,-349,5
716,BLL,2020-06-22,0 days 15:57:11.284147,228398,71.07,71.05,1446,1906,1755,-272
717,BLL,2020-06-22,0 days 15:57:12.287917,227753,71.07,71.05,1146,2106,-645,1755
718,BLL,2020-06-22,0 days 15:57:27.321626,228398,71.1,71.09,344,500,355,-645
719,BLL,2020-06-22,0 days 15:57:28.324499,228253,71.11,71.1,930,100,-145,355
720,BLL,2020-06-22,0 days 15:57:43.363423,228398,71.09,71.08,283,2812,163,-363
721,BLL,2020-06-22,0 days 15:57:44.362821,228061,71.1,71.09,300,807,-337,163
722,BLL,2020-06-22,0 days 15:57:53.383736,231102,71.1,71.09,356,1000,965,-2235
723,BLL,2020-06-22,0 days 15:57:54.385709,230567,71.11,71.1,985,100,-535,965
724,BLL,2020-06-22,0 days 15:58:02.408238,228467,71.1,71.08,1147,2140,-3035,1965
725,BLL,2020-06-22,0 days 15:58:12.431323,231907,71.06,71.02,1345,792,316,-284
726,BLL,2020-06-22,0 days 15:58:34.484551,231007,71.05,71.03,806,600,679,-221
727,BLL,2020-06-22,0 days 15:58:35.487491,230586,71.05,71.04,600,200,-421,679
728,BLL,2020-06-22,0 days 15:58:41.501934,231007,71.05,71.04,106,449,2005,-373
729,BLL,2020-06-22,0 days 15:58:42.505528,230812,71.05,71.02,600,101,-195,2005
730,BLL,2020-06-22,0 days 15:58:58.542402,230513,71.03,71.01,403,200,326,-101
731,BLL,2020-06-22,0 days 15:58:59.544750,230339,71.03,71.01,524,200,-174,326
732,BLL,2020-06-22,0 days 15:59:05.562230,233593,71.05,71.04,317,537,3954,-477
733,BLL,2020-06-22,0 days 15:59:06.564835,233747,71.06,71.04,815,835,-134,3954
734,BLL,2020-06-22,0 days 15:59:09.570705,234277,71.06,71.05,716,100,18,-13
735,BLL,2020-06-22,0 days 15:59:14.583315,235484,71.07,71.05,101,624,14340,-138
736,BLL,2020-06-22,0 days 15:59:19.558249,250024,71.12,71.11,127,500,95,-1500
737,BLL,2020-06-22,0 days 15:59:20.560838,250119,71.12,71.11,329,542,-205,95
738,BLL,2020-06-22,0 days 15:59:37.602072,247424,71.08,71.06,300,196,2795,-3905
739,BLL,2020-06-22,0 days 15:59:38.604860,250219,71.09,71.07,300,300,-505,2795
740,BMY,2020-06-22,0 days 15:55:01.269707,3382325,57.49,57.48,3281,2150,6118,-8182
741,BMY,2020-06-22,0 days 15:55:37.356386,3388631,57.51,57.5,9808,2007,-992,1308
742,BMY,2020-06-22,0 days 15:55:38.360412,3383023,57.51,57.5,7827,3007,5608,-992
743,BMY,2020-06-22,0 days 15:56:52.538988,3435720,57.62,57.61,4572,1474,8155,-11645
744,BMY,2020-06-22,0 days 15:57:11.585280,3443909,57.62,57.61,3378,5744,-4150,9441
745,BMY,2020-06-22,0 days 15:57:12.591622,3435983,57.64,57.63,600,3819,7508,-4150
746,BMY,2020-06-22,0 days 15:57:33.615442,3443909,57.63,57.62,2334,3000,-15899,2168
747,BMY,2020-06-22,0 days 15:57:41.635158,3443909,57.6,57.59,1500,1200,-5713,3818
748,BMY,2020-06-22,0 days 15:57:42.637919,3435822,57.6,57.59,3283,1613,11587,-5713
749,BMY,2020-06-22,0 days 15:57:46.648007,3450309,57.63,57.62,2100,2013,-82,15376
750,BMY,2020-06-22,0 days 15:57:58.676863,3522541,57.61,57.6,4729,2268,6568,-7832
751,BMY,2020-06-22,0 days 15:57:59.679448,3514809,57.61,57.6,5329,2929,-9832,6568
752,BMY,2020-06-22,0 days 15:58:09.704433,3527054,57.6,57.59,901,2622,13536,-53195
753,BMY,2020-06-22,0 days 15:58:10.706361,3507290,57.61,57.6,4700,300,-19595,13536
754,BMY,2020-06-22,0 days 15:58:19.727926,3498363,57.59,57.58,4807,500,23654,-8322
755,BMY,2020-06-22,0 days 15:58:20.730369,3493117,57.59,57.58,5507,800,-5246,23654
756,BMY,2020-06-22,0 days 15:59:03.834656,3550408,57.63,57.62,4612,1610,-8117,15955
757,BMY,2020-06-22,0 days 15:59:28.890877,3597013,57.61,57.6,8073,294,-10602,10329
758,BMY,2020-06-22,0 days 15:59:37.912894,3609615,57.6,57.59,2200,1619,16541,-9398
759,BMY,2020-06-22,0 days 15:59:38.915381,3604004,57.6,57.59,2145,1942,-5611,16541
760,BMY,2020-06-22,0 days 15:59:41.922292,3577739,57.59,57.58,3302,2041,27200,-4776
761,BMY,2020-06-22,0 days 15:59:42.925062,3573707,57.59,57.58,3602,1793,-4032,27200
762,BMY,2020-06-22,0 days 15:59:45.931975,3578139,57.59,57.58,2813,2810,1523,-161
763,BMY,2020-06-22,0 days 15:59:49.944009,3576962,57.58,57.57,8872,216,-1177,1023
764,BOX,2020-06-22,0 days 15:55:00.294466,274045,22.02,22.01,3661,1549,-521,58134
765,BOX,2020-06-22,0 days 15:55:01.296305,268466,22.0,21.99,353,550,5579,-521
766,BOX,2020-06-22,0 days 15:56:39.534246,263299,22.07,22.06,952,1150,-10622,2918
767,BOX,2020-06-22,0 days 15:56:40.536414,259721,22.07,22.06,1152,1750,3578,-10622
768,BOX,2020-06-22,0 days 15:57:56.718458,263965,22.06,22.05,600,1450,4073,-8027
769,BOX,2020-06-22,0 days 15:59:45.976435,293416,22.05,22.04,2056,6799,682,-228
770,BOX,2020-06-22,0 days 15:59:54.996675,285374,22.06,22.05,2962,8817,-11802,3000
771,BP,2020-06-22,0 days 15:58:49.738868,49214,23.87,23.86,19160,38588,-6182,979
772,BRK.B,2020-06-22,0 days 15:59:21.705171,949041,180.29,180.28,400,251,14420,-95433
773,BRK.B,2020-06-22,0 days 15:59:22.707617,846953,180.41,180.38,400,800,-114791,14420
774,BRK.B,2020-06-22,0 days 15:59:41.742858,950442,180.32,180.28,400,100,15412,-95451
775,BRK.B,2020-06-22,0 days 15:59:42.744980,849101,180.32,180.29,1211,100,-101541,15412
776,BRK.B,2020-06-22,0 days 15:59:44.750004,950442,180.32,180.29,735,100,27226,-85227
777,BRK.B,2020-06-22,0 days 15:59:45.751989,847315,180.37,180.33,992,100,-111877,27226
778,BRMK,2020-06-22,0 days 15:59:07.844571,43217,10.12,10.11,5150,4360,3893,-642
779,BRO,2020-06-22,0 days 15:55:00.969706,204058,41.43,41.42,300,913,37837,-43215
780,BRO,2020-06-22,0 days 15:55:02.973938,203395,41.43,41.42,1500,1428,-663,11037
781,BRO,2020-06-22,0 days 15:55:26.031229,204376,41.41,41.4,2626,1100,531,-1369
782,BRO,2020-06-22,0 days 15:55:27.033901,203607,41.41,41.4,2826,1300,-769,531
783,BRO,2020-06-22,0 days 15:57:48.372246,222757,41.43,41.42,1800,1300,38,-3634
784,BRO,2020-06-22,0 days 15:57:53.383639,218195,41.43,41.42,3123,1100,-4562,38
785,BRO,2020-06-22,0 days 15:59:09.570481,223268,41.42,41.41,1828,1040,-868,1932
786,BRO,2020-06-22,0 days 15:59:34.594473,228724,41.43,41.42,1300,1565,-813,759
787,BRO,2020-06-22,0 days 15:59:46.623366,230089,41.41,41.4,1110,600,-269,2731
788,BRO,2020-06-22,0 days 15:59:47.625601,230358,41.41,41.4,822,1552,2780,-269
789,BRO,2020-06-22,0 days 15:59:48.628529,230099,41.43,41.41,1700,2458,-259,2780
790,BRX,2020-06-22,0 days 15:55:01.269803,261159,12.85,12.84,9371,5595,685,-25215
791,BRX,2020-06-22,0 days 15:56:03.420367,265867,12.83,12.82,14016,5312,-583,292
792,BRX,2020-06-22,0 days 15:56:14.446790,266990,12.83,12.82,15243,7150,13877,-1123
793,BRX,2020-06-22,0 days 15:57:43.641114,281068,12.85,12.84,7446,22642,-1757,1443
794,BRX,2020-06-22,0 days 15:57:44.642599,279825,12.85,12.84,7131,21742,1243,-1757
795,BRX,2020-06-22,0 days 15:57:56.673077,281768,12.85,12.84,6329,24954,-1730,1670
796,BRX,2020-06-22,0 days 15:57:57.675501,280498,12.85,12.84,5126,11672,1270,-1730
797,BRX,2020-06-22,0 days 15:57:59.679513,281768,12.85,12.84,4726,11966,-30,1270
798,BRX,2020-06-22,0 days 15:58:02.687568,280498,12.85,12.84,6197,12076,1270,-4330
799,BRX,2020-06-22,0 days 15:58:32.760176,283149,12.86,12.85,7361,8632,-1337,1363
800,BRX,2020-06-22,0 days 15:58:33.762090,281786,12.86,12.85,8826,7324,1363,-1337
801,BRX,2020-06-22,0 days 15:59:13.859987,301896,12.86,12.85,6761,13330,-22701,453
802,BSBR,2020-06-22,0 days 15:59:36.954656,21641,5.82,5.81,78551,32576,-6323,477
803,BSBR,2020-06-22,0 days 15:59:37.956804,21164,5.82,5.81,79069,19320,477,-6323
804,BSIG,2020-06-22,0 days 15:55:00.968971,98449,10.23,10.22,3050,2610,27347,-33569
805,BSIG,2020-06-22,0 days 15:55:01.968824,96896,10.23,10.22,1864,2510,-1553,27347
806,BSIG,2020-06-22,0 days 15:59:01.551442,99688,10.23,10.22,3035,4463,164,-2236
807,BSIG,2020-06-22,0 days 15:59:09.569905,104688,10.22,10.21,1670,500,836,-414
808,BSIG,2020-06-22,0 days 15:59:10.572503,104424,10.23,10.22,2710,1400,-264,836
809,BSX,2020-06-22,0 days 15:58:40.608557,1137618,35.97,35.96,10312,8521,-939,9225
810,BSX,2020-06-22,0 days 15:58:41.611112,1121337,35.95,35.94,8395,1100,16281,-939
811,BSX,2020-06-22,0 days 15:59:03.665012,1143600,35.92,35.91,7398,2140,-18064,24734
812,BSX,2020-06-22,0 days 15:59:08.677754,1146674,35.89,35.88,4911,8183,12663,-116401
813,BSX,2020-06-22,0 days 15:59:30.717495,1393418,35.96,35.95,4825,2800,-9891,49715
814,BSX,2020-06-22,0 days 15:59:31.719630,1346703,35.95,35.94,4800,2516,46715,-9891
815,BSX,2020-06-22,0 days 15:59:38.733936,1371538,35.95,35.94,5219,4870,18728,-9891
816,BSX,2020-06-22,0 days 15:59:43.745911,1390266,35.97,35.96,18715,5802,-22650,7156
817,BSX,2020-06-22,0 days 15:59:48.758158,1384773,35.97,35.96,7144,9027,5493,-31498
818,BSX,2020-06-22,0 days 15:59:49.759551,1390266,35.97,35.96,6184,9438,-5693,5493
819,BSX,2020-06-22,0 days 15:59:50.763387,1297014,35.97,35.96,13491,1713,93252,-5693
820,BUD,2020-06-22,0 days 15:57:26.537877,15339,50.91,50.9,2848,321,113,-78
821,BUD,2020-06-22,0 days 15:59:03.774225,16160,50.92,50.9,519,500,-113,528
822,BUD,2020-06-22,0 days 15:59:04.776845,16273,50.91,50.9,591,300,487,-113
823,BUD,2020-06-22,0 days 15:59:32.841813,22199,50.94,50.91,403,374,292,-108
824,BUD,2020-06-22,0 days 15:59:50.887619,21391,50.91,50.89,3850,3884,-984,1616
825,BVN,2020-06-22,0 days 15:55:00.970780,116453,9.19,9.18,4330,2900,-3413,13428
826,BVN,2020-06-22,0 days 15:58:02.408238,122766,9.18,9.17,3283,8400,168,-432
827,BVN,2020-06-22,0 days 15:58:03.409702,122334,9.18,9.17,3283,9700,-432,168
828,BVN,2020-06-22,0 days 15:58:08.421575,122966,9.18,9.17,4002,8400,168,-632
829,BVN,2020-06-22,0 days 15:58:09.425732,122534,9.18,9.17,3402,10100,-432,168
830,BVN,2020-06-22,0 days 15:58:31.478074,123666,9.18,9.17,2410,7600,68,-432
831,BVN,2020-06-22,0 days 15:58:50.524441,124366,9.2,9.19,35207,2717,16597,-332
832,BWA,2020-06-22,0 days 15:59:05.755888,246323,34.33,34.32,2528,704,124,-5518
833,BWA,2020-06-22,0 days 15:59:07.760650,246951,34.33,34.32,3539,400,-136,124
834,BX,2020-06-22,0 days 15:55:45.190541,242399,56.65,56.64,2091,900,1666,-334
835,BX,2020-06-22,0 days 15:55:46.191091,241265,56.65,56.64,1900,1200,-1134,1666
836,BX,2020-06-22,0 days 15:57:29.438217,246734,56.75,56.74,1800,605,23,-2
837,BX,2020-06-22,0 days 15:57:33.448063,246757,56.75,56.74,1824,400,-777,23
838,BX,2020-06-22,0 days 15:57:49.486609,249355,56.74,56.73,330,2249,2,-2098
839,BX,2020-06-22,0 days 15:57:50.488782,249357,56.74,56.73,212,3045,-11,2
840,BX,2020-06-22,0 days 15:59:02.665111,254380,56.72,56.71,1037,1407,721,-2379
841,BX,2020-06-22,0 days 15:59:03.667125,252201,56.72,56.71,4560,1900,-2179,721
842,BX,2020-06-22,0 days 15:59:04.669004,254380,56.72,56.71,4537,1658,521,-2179
843,BXMT,2020-06-22,0 days 15:55:00.077148,86144,24.79,24.78,688,620,326,-22780
844,BXMT,2020-06-22,0 days 15:55:01.076212,85070,24.79,24.78,388,1397,-1074,326
845,BXMT,2020-06-22,0 days 15:57:12.391181,86264,24.78,24.77,912,2257,1301,-1094
846,BXMT,2020-06-22,0 days 15:57:13.391978,85465,24.78,24.77,892,2257,-799,1301
847,BXMT,2020-06-22,0 days 15:57:40.455925,85660,24.77,24.76,2195,300,-604,1596
848,BXMT,2020-06-22,0 days 15:58:01.508877,85681,24.76,24.75,1899,601,-583,317
849,BXMT,2020-06-22,0 days 15:59:08.671826,88001,24.77,24.76,600,841,83,-1016
850,BXP,2020-06-22,0 days 15:59:24.925089,403624,93.73,93.52,400,700,-28703,19791
851,BXP,2020-06-22,0 days 15:59:25.928023,380163,93.57,93.47,300,400,46261,-28703
852,BXP,2020-06-22,0 days 15:59:30.941010,407124,93.59,93.56,1200,100,-10572,5047
853,BXP,2020-06-22,0 days 15:59:31.942877,403796,93.55,93.5,694,800,4021,-10572
854,BXP,2020-06-22,0 days 15:59:52.990942,409269,93.61,93.55,602,1706,-19,14681
855,BYD,2020-06-22,0 days 15:55:00.970971,52613,21.28,21.27,362,2631,22133,-14120
856,BYD,2020-06-22,0 days 15:55:01.969776,51946,21.28,21.27,668,1601,-667,22133
857,BYD,2020-06-22,0 days 15:57:58.395826,54691,21.23,21.22,338,1142,678,-905
858,BYD,2020-06-22,0 days 15:57:59.398346,53969,21.24,21.23,304,1000,-722,678
859,BYD,2020-06-22,0 days 15:58:44.508983,54691,21.25,21.24,510,800,4021,-681
860,BYD,2020-06-22,0 days 15:58:45.511061,54412,21.26,21.25,1092,764,-279,4021
861,BYD,2020-06-22,0 days 15:59:03.555841,54691,21.25,21.24,293,1316,85,-215
862,BYD,2020-06-22,0 days 15:59:04.558316,54476,21.26,21.25,810,913,-215,85
863,BYD,2020-06-22,0 days 15:59:06.564835,54691,21.26,21.25,1010,520,2810,-215
864,BYD,2020-06-22,0 days 15:59:55.646160,58091,21.28,21.25,1445,800,-476,341
865,CADE,2020-06-22,0 days 15:59:48.880901,327054,9.35,9.34,7399,18284,334,-2364
866,CADE,2020-06-22,0 days 15:59:49.883176,324888,9.35,9.34,7344,8206,-2166,334
867,CAG,2020-06-22,0 days 15:59:15.780339,880935,34.4,34.39,600,8170,27179,-7591
868,CAG,2020-06-22,0 days 15:59:16.781468,879014,34.44,34.43,1705,1400,-14421,27179
869,CAG,2020-06-22,0 days 15:59:44.849368,896260,34.44,34.43,2680,8561,-625,3075
870,CAH,2020-06-22,0 days 15:58:57.686755,309056,53.79,53.78,325,916,116,-22
871,CAH,2020-06-22,0 days 15:58:58.690040,309172,53.83,53.81,500,500,-505,116
872,CAH,2020-06-22,0 days 15:59:02.700139,309427,53.81,53.79,1340,353,133,-213
873,CAH,2020-06-22,0 days 15:59:03.702906,310456,53.8,53.79,245,358,-71,133
874,CAH,2020-06-22,0 days 15:59:04.707451,310527,53.8,53.79,345,376,836,-71
875,CAH,2020-06-22,0 days 15:59:05.707786,308965,53.8,53.79,345,376,-1614,836
876,CAH,2020-06-22,0 days 15:59:06.710776,310579,53.8,53.79,210,718,6501,-1614
877,CAH,2020-06-22,0 days 15:59:07.712525,309578,53.83,53.81,561,682,-1101,6501
878,CAH,2020-06-22,0 days 15:59:09.717411,310579,53.81,53.8,400,500,2749,-451
879,CAH,2020-06-22,0 days 15:59:10.720378,309828,53.81,53.8,468,532,-751,2749
880,CAH,2020-06-22,0 days 15:59:15.720682,310579,53.81,53.8,168,700,14827,-4
881,CAH,2020-06-22,0 days 15:59:17.723973,315504,53.83,53.82,586,109,-75,25
882,CAH,2020-06-22,0 days 15:59:18.726569,315247,53.83,53.82,300,200,257,-75
883,CAH,2020-06-22,0 days 15:59:26.746293,317947,53.83,53.82,386,100,390,-2910
884,CAH,2020-06-22,0 days 15:59:45.793391,318885,53.83,53.82,403,100,-3738,338
885,CAH,2020-06-22,0 days 15:59:46.795200,318623,53.83,53.82,283,100,763,-3738
886,CAL,2020-06-22,0 days 15:55:41.215754,63183,8.1,8.09,4113,401,-7503,10197
887,CAL,2020-06-22,0 days 15:55:42.218135,62286,8.08,8.07,1195,1604,897,-7503
888,CAL,2020-06-22,0 days 15:56:26.326297,63183,8.08,8.07,3082,1042,-5003,897
889,CAL,2020-06-22,0 days 15:56:27.327252,62786,8.08,8.07,3924,696,397,-5003
890,CAL,2020-06-22,0 days 15:58:44.655984,63683,8.09,8.08,4726,2219,-803,497
891,CAL,2020-06-22,0 days 15:58:45.657662,63386,8.09,8.08,4262,2319,297,-803
892,CAL,2020-06-22,0 days 15:59:07.712297,68070,8.09,8.08,5373,2668,-614,358
893,CAL,2020-06-22,0 days 15:59:08.715175,67684,8.09,8.08,5373,2825,386,-614
894,CAL,2020-06-22,0 days 15:59:09.717281,68070,8.09,8.08,5573,2788,-369,386
895,CAL,2020-06-22,0 days 15:59:10.720226,67739,8.09,8.08,5173,2024,331,-369
896,CAL,2020-06-22,0 days 15:59:12.724678,68070,8.09,8.08,5390,1649,-107,331
897,CAL,2020-06-22,0 days 15:59:13.727085,67477,8.09,8.08,5954,257,593,-107
898,CAL,2020-06-22,0 days 15:59:14.729355,68070,8.09,8.08,6054,100,-7,593
899,CAL,2020-06-22,0 days 15:59:45.793259,68770,8.08,8.07,2045,1712,-169,31
900,CARR,2020-06-22,0 days 15:59:04.668974,543703,22.75,22.74,401,1500,-126,5697
901,CARR,2020-06-22,0 days 15:59:06.674828,543829,22.75,22.74,2372,2037,2756,-126
902,CARR,2020-06-22,0 days 15:59:15.690710,548883,22.75,22.74,1962,5180,33010,-2472
903,CAT,2020-06-22,0 days 15:55:01.081382,246979,125.74,125.73,300,200,1529,-2171
904,CAT,2020-06-22,0 days 15:55:36.166393,250708,125.77,125.73,600,500,-359,141
905,CAT,2020-06-22,0 days 15:55:37.169010,249167,125.77,125.73,1348,300,1541,-359
906,CAT,2020-06-22,0 days 15:57:11.395507,259722,125.85,125.84,400,600,3791,-1203
907,CAT,2020-06-22,0 days 15:57:12.398426,259013,125.92,125.89,400,200,-709,3791
908,CAT,2020-06-22,0 days 15:57:33.447995,260048,125.88,125.84,775,600,4371,-1035
909,CAT,2020-06-22,0 days 15:57:34.450539,259319,125.88,125.84,775,600,-729,4371
910,CAT,2020-06-22,0 days 15:57:36.455525,260148,125.87,125.84,507,300,590,-729
911,CAT,2020-06-22,0 days 15:57:37.457504,259538,125.87,125.84,707,200,-610,590
912,CAT,2020-06-22,0 days 15:57:50.488782,260148,125.86,125.85,200,200,2190,-510
913,CAT,2020-06-22,0 days 15:57:51.491220,259638,125.87,125.86,202,384,-585,2190
914,CAT,2020-06-22,0 days 15:57:53.495618,260223,125.87,125.85,616,300,1215,-585
915,CAT,2020-06-22,0 days 15:57:54.497924,259738,125.87,125.85,516,400,-485,1215
916,CAT,2020-06-22,0 days 15:57:59.510797,260223,125.87,125.84,1041,501,515,-485
917,CAT,2020-06-22,0 days 15:58:01.517881,259738,125.86,125.84,1262,305,-485,315
918,CAT,2020-06-22,0 days 15:58:04.524078,260223,125.85,125.83,421,367,3052,-485
919,CAT,2020-06-22,0 days 15:58:05.526693,259675,125.86,125.84,1001,447,-701,3052
920,CAT,2020-06-22,0 days 15:58:39.607784,260776,125.83,125.81,484,1400,455,-18793
921,CAT,2020-06-22,0 days 15:58:54.643385,261086,125.85,125.84,200,284,120,-2380
922,CAT,2020-06-22,0 days 15:59:02.665056,261172,125.85,125.81,400,400,-178,435
923,CAT,2020-06-22,0 days 15:59:04.668974,263775,125.85,125.81,1665,200,1027,-2081
924,CAT,2020-06-22,0 days 15:59:06.674758,264702,125.84,125.81,300,300,-21373,4587
925,CAT,2020-06-22,0 days 15:59:07.677553,286086,125.83,125.81,565,300,1216,-21373
926,CAT,2020-06-22,0 days 15:59:08.679789,285950,125.82,125.79,200,200,-136,1216
927,CAT,2020-06-22,0 days 15:59:13.691848,274646,125.81,125.78,200,320,-11638,33831
928,CAT,2020-06-22,0 days 15:59:14.694255,264682,125.8,125.77,777,200,23451,-11638
929,CAT,2020-06-22,0 days 15:59:22.708014,287164,125.83,125.81,300,671,279,-518
930,CAT,2020-06-22,0 days 15:59:39.738189,287164,125.88,125.85,900,300,427,-1021
931,CAT,2020-06-22,0 days 15:59:42.745256,287164,125.88,125.86,301,312,427,-473
932,CAT,2020-06-22,0 days 15:59:50.766073,285091,125.89,125.82,190,362,-2173,527
933,CAT,2020-06-22,0 days 15:59:56.780340,264682,125.79,125.73,806,400,28796,-2173
934,CB,2020-06-22,0 days 15:55:29.337407,173585,127.46,127.43,200,300,199,-101
935,CB,2020-06-22,0 days 15:55:57.408431,173750,127.45,127.43,340,100,186,-114
936,CB,2020-06-22,0 days 15:55:58.407766,173636,127.46,127.43,300,200,-114,186
937,CB,2020-06-22,0 days 15:57:26.599283,174234,127.61,127.59,200,219,240,-134
938,CB,2020-06-22,0 days 15:57:27.601078,174074,127.64,127.6,227,802,-160,240
939,CB,2020-06-22,0 days 15:57:36.623398,174234,127.62,127.6,400,100,236,-367
940,CB,2020-06-22,0 days 15:57:37.625451,174111,127.62,127.6,300,100,-123,236
941,CB,2020-06-22,0 days 15:58:12.711199,181858,127.61,127.59,734,400,12,-1647
942,CB,2020-06-22,0 days 15:58:18.725356,180311,127.6,127.58,600,708,-947,853
943,CB,2020-06-22,0 days 15:58:42.783960,181303,127.61,127.58,547,610,984,-1657
944,CB,2020-06-22,0 days 15:58:43.786245,180687,127.6,127.58,200,610,-616,984
945,CB,2020-06-22,0 days 15:59:44.929234,215686,127.47,127.44,272,1088,-1850,2350
946,CBL,2020-06-22,0 days 15:58:31.803391,83892,0.39,0.38,265663,200,-30413,45801
947,CBL,2020-06-22,0 days 15:59:07.891351,58723,0.39,0.38,116966,44900,33266,-51045
948,CBL,2020-06-22,0 days 15:59:09.896389,91989,0.39,0.38,115134,59913,-42948,33266
949,CBL,2020-06-22,0 days 15:59:20.916663,58723,0.39,0.38,134920,45991,33266,-42948
950,CBL,2020-06-22,0 days 15:59:23.923843,91989,0.39,0.38,123120,53863,-42948,33266
951,CBL,2020-06-22,0 days 15:59:26.931883,58723,0.39,0.38,125766,45168,33266,-42948
952,CBL,2020-06-22,0 days 15:59:27.933968,91989,0.39,0.38,78974,45589,-42948,33266
953,CBL,2020-06-22,0 days 15:59:28.935555,58723,0.39,0.38,135163,46069,33266,-42948
954,CBL,2020-06-22,0 days 15:59:31.943044,58723,0.39,0.38,134843,1421,33266,-42948
955,CBL,2020-06-22,0 days 15:59:33.947291,91989,0.39,0.38,105933,4421,-42948,33266
956,CBL,2020-06-22,0 days 15:59:35.952353,58723,0.39,0.38,110183,5700,33266,-42948
957,CBL,2020-06-22,0 days 15:59:36.954624,91989,0.39,0.38,116833,5700,-42948,33266
958,CBL,2020-06-22,0 days 15:59:39.962088,58723,0.39,0.38,4430,5321,33266,-42948
959,CBL,2020-06-22,0 days 15:59:46.978043,91989,0.39,0.38,49096,6321,-42948,33266
960,CBL,2020-06-22,0 days 15:59:47.980400,58723,0.39,0.38,6133,6451,33266,-42948
961,CBRE,2020-06-22,0 days 15:59:12.773672,215692,46.11,46.1,280,387,1002,-2723
962,CBRE,2020-06-22,0 days 15:59:56.879196,219545,46.22,46.18,4485,3501,-1447,853
963,CC,2020-06-22,0 days 15:56:26.476201,96231,15.8,15.79,2257,6933,3194,-3606
964,CC,2020-06-22,0 days 15:56:27.480791,92225,15.81,15.8,3345,2837,-4006,3194
965,CCEP,2020-06-22,0 days 15:57:40.500132,199418,38.88,38.85,500,400,25916,-95264
966,CCEP,2020-06-22,0 days 15:58:59.691490,80455,38.9,38.89,395,478,-116089,7391
967,CCI,2020-06-22,0 days 15:59:04.883790,298017,166.29,166.28,358,100,-14383,7809
968,CCI,2020-06-22,0 days 15:59:05.885908,295243,166.29,166.24,230,400,2992,-14383
969,CCI,2020-06-22,0 days 15:59:08.893647,298412,166.29,166.24,300,425,-711,2589
970,CCI,2020-06-22,0 days 15:59:14.909412,299405,166.25,166.21,1102,502,3055,-145
971,CCI,2020-06-22,0 days 15:59:17.909158,296749,166.28,166.23,225,277,5711,-2789
972,CCI,2020-06-22,0 days 15:59:18.911327,299260,166.3,166.25,423,225,-57,5711
973,CCI,2020-06-22,0 days 15:59:19.913820,299317,166.28,166.23,125,210,3143,-57
974,CCI,2020-06-22,0 days 15:59:21.919161,299260,166.3,166.22,420,330,-57,3143
975,CCI,2020-06-22,0 days 15:59:22.921227,299617,166.3,166.22,323,430,2843,-57
976,CCI,2020-06-22,0 days 15:59:38.959289,299621,166.27,166.21,525,590,2839,-361
977,CCJ,2020-06-22,0 days 15:57:26.469170,41947,10.11,10.1,17387,14359,-1192,101
978,CCJ,2020-06-22,0 days 15:58:48.664232,41439,10.09,10.08,28863,9798,3262,-3595
979,CCJ,2020-06-22,0 days 15:59:03.702343,44702,10.1,10.09,1700,27206,-275,263
980,CCL,2020-06-22,0 days 15:59:48.628729,3258476,17.25,17.24,12238,21414,-15938,57312
981,CCL,2020-06-22,0 days 15:59:49.631311,3078777,17.19,17.18,15237,1303,180190,-15938
982,CCL,2020-06-22,0 days 15:59:56.648420,3258315,17.26,17.25,77915,18083,-5077,8784
983,CCL,2020-06-22,0 days 15:59:59.653604,3251792,17.25,17.24,900,62400,6684,-5077
984,CCL,2020-06-22,0 days 16:00:00.656931,3258315,17.27,17.26,4468,23221,-203005,6684
985,CDAY,2020-06-22,0 days 15:55:46.079215,201140,78.77,78.74,100,200,-11123,15577
986,CDAY,2020-06-22,0 days 15:55:47.081783,199763,78.74,78.71,100,300,1377,-11123
987,CDAY,2020-06-22,0 days 15:57:16.295090,203643,78.8,78.75,278,401,-1192,7748
988,CDAY,2020-06-22,0 days 15:57:17.297908,202935,78.8,78.75,379,500,708,-1192
989,CDAY,2020-06-22,0 days 15:57:49.374030,204962,78.78,78.73,500,1460,-1135,965
990,CDAY,2020-06-22,0 days 15:57:50.378109,204097,78.78,78.73,500,1360,865,-1135
991,CDAY,2020-06-22,0 days 15:57:52.381959,204962,78.78,78.73,693,1457,-735,865
992,CDAY,2020-06-22,0 days 15:57:54.385682,204297,78.78,78.73,873,1503,665,-535
993,CDAY,2020-06-22,0 days 15:57:55.388998,204962,78.78,78.73,873,1482,-1335,665
994,CDAY,2020-06-22,0 days 15:57:56.390856,202097,78.78,78.73,873,1482,3446,-1335
995,CDAY,2020-06-22,0 days 15:59:06.564726,208591,78.68,78.65,682,557,606,-2002
996,CDAY,2020-06-22,0 days 15:59:11.575012,208197,78.7,78.68,100,200,-394,606
997,CDAY,2020-06-22,0 days 15:59:12.578198,207391,78.72,78.67,784,391,806,-394
998,CDAY,2020-06-22,0 days 15:59:45.621257,208603,78.79,78.75,200,500,-3648,352
999,CDE,2020-06-22,0 days 15:59:15.686598,322064,4.85,4.84,66024,28367,4793,-1179
1000,CDE,2020-06-22,0 days 15:59:16.689674,312757,4.85,4.84,68085,30010,-9307,4793
1001,CDR,2020-06-22,0 days 15:59:05.755957,24751,1.06,1.05,18410,8137,285,-1786
1002,CDR,2020-06-22,0 days 15:59:12.773422,25036,1.06,1.05,18310,8137,-69,285
1003,CDR,2020-06-22,0 days 15:59:13.776612,25705,1.06,1.05,18310,8137,252,-69
1004,CF,2020-06-22,0 days 15:59:14.583087,235152,30.13,30.12,796,4108,1311,-1285
1005,CF,2020-06-22,0 days 15:59:30.585346,234369,30.15,30.14,400,500,-783,69
1006,CF,2020-06-22,0 days 15:59:34.594508,234621,30.15,30.14,399,600,-531,169
1007,CFG,2020-06-22,0 days 15:59:16.552903,683624,25.46,25.45,12645,3966,6189,-55067
1008,CFG,2020-06-22,0 days 15:59:45.621330,702380,25.47,25.46,5542,8832,-2104,2192
1009,CHCT,2020-06-22,0 days 15:55:00.969654,28480,44.08,44.02,400,100,-12601,17989
1010,CHCT,2020-06-22,0 days 15:55:39.063629,31281,43.99,43.96,357,200,868,-101
1011,CHCT,2020-06-22,0 days 15:56:30.185105,31749,44.04,43.97,300,744,-146,254
1012,CHCT,2020-06-22,0 days 15:56:31.187831,31395,44.04,43.97,300,744,354,-146
1013,CHCT,2020-06-22,0 days 15:59:04.558065,32339,44.07,44.03,806,370,-751,49
1014,CHCT,2020-06-22,0 days 15:59:08.567425,34807,44.03,43.97,1812,100,294,-168
1015,CHCT,2020-06-22,0 days 15:59:19.557999,35136,44.07,44.03,402,869,-542,116
1016,CHCT,2020-06-22,0 days 15:59:20.560598,34978,44.07,44.03,502,795,158,-542
1017,CHCT,2020-06-22,0 days 15:59:36.599569,35136,44.1,44.05,455,200,-155,524
1018,CHCT,2020-06-22,0 days 15:59:38.604634,34798,44.08,44.03,580,331,338,-762
1019,CHCT,2020-06-22,0 days 15:59:41.611685,35136,44.1,44.04,372,253,-337,1875
1020,CHCT,2020-06-22,0 days 15:59:44.619007,34752,44.12,44.06,1300,319,384,-1116
1021,CHD,2020-06-22,0 days 15:55:00.268125,271740,77.57,77.55,200,500,24211,-2710
1022,CHD,2020-06-22,0 days 15:57:26.599312,294723,77.65,77.64,202,303,-1173,2627
1023,CHD,2020-06-22,0 days 15:57:27.601169,294096,77.65,77.64,100,303,627,-1173
1024,CHD,2020-06-22,0 days 15:57:35.620946,294723,77.64,77.61,1102,300,-1473,527
1025,CHD,2020-06-22,0 days 15:57:36.623462,293996,77.62,77.6,802,100,727,-1473
1026,CHD,2020-06-22,0 days 15:57:38.628043,294782,77.62,77.59,782,300,-414,727
1027,CHD,2020-06-22,0 days 15:57:39.630294,294496,77.62,77.59,883,300,227,-414
1028,CHD,2020-06-22,0 days 15:58:02.687568,294723,77.62,77.6,1100,200,-175,1625
1029,CHD,2020-06-22,0 days 15:58:43.786280,296218,77.62,77.6,900,707,498,-943
1030,CHD,2020-06-22,0 days 15:58:44.788794,296175,77.62,77.6,800,707,-43,498
1031,CHD,2020-06-22,0 days 15:59:06.842443,302190,77.61,77.59,1410,204,117,-440
1032,CHD,2020-06-22,0 days 15:59:08.847498,302366,77.6,77.59,175,213,-547,176
1033,CHD,2020-06-22,0 days 15:59:09.850145,302913,77.6,77.59,388,711,1,-547
1034,CHD,2020-06-22,0 days 15:59:12.857288,302914,77.61,77.59,1092,602,-799,1
1035,CHD,2020-06-22,0 days 15:59:45.931975,308624,77.63,77.61,604,675,646,-450
1036,CHD,2020-06-22,0 days 15:59:48.940580,308329,77.62,77.61,402,296,-295,646
1037,CHGG,2020-06-22,0 days 15:56:09.282883,84156,69.9,69.89,516,200,201,-1299
1038,CHGG,2020-06-22,0 days 15:56:10.285916,83357,69.91,69.9,210,700,-699,201
1039,CHGG,2020-06-22,0 days 15:57:36.491884,83542,69.69,69.67,402,294,824,-703
1040,CHGG,2020-06-22,0 days 15:57:37.494443,82966,69.7,69.68,692,600,-576,824
1041,CHGG,2020-06-22,0 days 15:57:39.498182,83542,69.7,69.68,800,851,1424,-576
1042,CHGG,2020-06-22,0 days 15:57:40.500198,83166,69.7,69.69,1921,478,-376,1424
1043,CHGG,2020-06-22,0 days 15:57:45.512491,83542,69.69,69.67,968,100,924,-376
1044,CHGG,2020-06-22,0 days 15:57:46.515297,83166,69.69,69.67,600,400,-376,924
1045,CHGG,2020-06-22,0 days 15:57:48.519582,83542,69.7,69.69,500,238,524,-376
1046,CHGG,2020-06-22,0 days 15:57:49.522768,83166,69.7,69.69,400,400,-376,524
1047,CHGG,2020-06-22,0 days 15:58:05.561856,85069,69.76,69.75,3266,875,397,-503
1048,CHGG,2020-06-22,0 days 15:58:06.565444,84666,69.76,69.75,3166,975,-403,397
1049,CHGG,2020-06-22,0 days 15:58:51.672916,86568,69.81,69.8,322,483,2032,-483
1050,CHGG,2020-06-22,0 days 15:58:52.675064,86300,69.85,69.82,3152,893,-268,2032
1051,CHGG,2020-06-22,0 days 15:58:54.679362,86568,69.84,69.81,400,300,162,-154
1052,CHGG,2020-06-22,0 days 15:58:55.681473,86230,69.85,69.82,3552,793,-1338,162
1053,CHGG,2020-06-22,0 days 15:59:00.696532,86568,69.83,69.81,400,280,562,-438
1054,CHGG,2020-06-22,0 days 15:59:01.698637,86330,69.83,69.81,800,312,-238,562
1055,CHGG,2020-06-22,0 days 15:59:03.702755,83882,69.82,69.8,1093,200,726,-125
1056,CHGG,2020-06-22,0 days 15:59:04.707372,84008,69.86,69.83,501,593,-1385,726
1057,CHGG,2020-06-22,0 days 15:59:07.712382,85393,69.86,69.83,501,493,102,-185
1058,CHGG,2020-06-22,0 days 15:59:08.715247,84995,69.86,69.83,501,522,-398,102
1059,CHGG,2020-06-22,0 days 15:59:09.717347,85393,69.87,69.84,470,593,81,-398
1060,CHGG,2020-06-22,0 days 15:59:12.724873,86574,69.89,69.87,792,1956,-137,81
1061,CHGG,2020-06-22,0 days 15:59:14.729539,89166,69.89,69.87,623,1226,1208,-1892
1062,CHGG,2020-06-22,0 days 15:59:15.720190,88674,69.9,69.87,449,1157,-815,1208
1063,CHGG,2020-06-22,0 days 15:59:25.743769,94320,69.86,69.84,400,100,2039,-746
1064,CHGG,2020-06-22,0 days 15:59:26.746209,93859,69.86,69.82,200,300,-561,2039
1065,CHGG,2020-06-22,0 days 15:59:47.797746,94420,69.88,69.85,700,416,2153,-661
1066,CHGG,2020-06-22,0 days 15:59:48.800924,94390,69.89,69.86,100,493,-130,2153
1067,CHGG,2020-06-22,0 days 15:59:58.824316,93420,69.9,69.81,2874,2566,353,-1147
1068,CHWY,2020-06-22,0 days 15:59:38.959404,245116,50.9,50.89,100,131,-10,189
1069,CHX,2020-06-22,0 days 15:57:47.481737,607920,10.18,10.17,2291,3800,2941,-1559
1070,CHX,2020-06-22,0 days 15:57:48.483898,605461,10.18,10.17,1907,4000,-2459,2941
1071,CHX,2020-06-22,0 days 15:58:08.533781,607772,10.17,10.16,12388,700,-2674,1526
1072,CHX,2020-06-22,0 days 15:58:41.612890,614161,10.16,10.15,2641,2933,586,-2993
1073,CHX,2020-06-22,0 days 15:58:42.615398,611547,10.16,10.15,2641,2833,-2614,586
1074,CHX,2020-06-22,0 days 15:58:49.631492,614161,10.16,10.15,2399,2919,27486,-2614
1075,CHX,2020-06-22,0 days 15:58:50.634563,610426,10.17,10.16,1604,957,-3735,27486
1076,CI,2020-06-22,0 days 15:58:00.516476,213163,190.38,190.34,250,1402,368,-5232
1077,CI,2020-06-22,0 days 15:58:01.517881,210831,190.36,190.34,150,475,-2332,368
1078,CI,2020-06-22,0 days 15:58:04.524113,213163,190.29,190.23,700,435,20,-80
1079,CI,2020-06-22,0 days 15:58:06.529314,210966,190.28,190.23,421,200,-2197,103
1080,CI,2020-06-22,0 days 15:58:42.615398,213075,190.18,190.14,300,100,1643,-2757
1081,CI,2020-06-22,0 days 15:58:43.616840,211418,190.18,190.14,443,200,-1657,1643
1082,CI,2020-06-22,0 days 15:59:06.674828,214725,190.2,190.15,450,224,7261,-1855
1083,CI,2020-06-22,0 days 15:59:07.677617,213686,190.21,190.17,492,322,-1039,7261
1084,CI,2020-06-22,0 days 15:59:14.694326,217024,190.29,190.23,100,361,389,-1290
1085,CI,2020-06-22,0 days 15:59:21.705634,217270,190.37,190.28,460,350,3248,-206
1086,CI,2020-06-22,0 days 15:59:37.733325,214567,190.4,190.34,151,1210,-2965,835
1087,CI,2020-06-22,0 days 15:59:48.760517,225684,190.41,190.34,1030,210,-650,250
1088,CI,2020-06-22,0 days 15:59:49.761755,217632,190.39,190.3,998,400,13752,-650
1089,CIG,2020-06-22,0 days 15:59:08.715073,71170,2.23,2.22,205300,174085,-37152,47848
1090,CIG,2020-06-22,0 days 15:59:09.717180,67422,2.23,2.22,205100,180811,3748,-37152
1091,CIG,2020-06-22,0 days 15:59:12.724542,74434,2.23,2.22,205300,182311,-2647,15485
1092,CIG,2020-06-22,0 days 15:59:13.726909,69681,2.23,2.22,205100,173485,4753,-2647
1093,CIG,2020-06-22,0 days 15:59:46.794983,74434,2.23,2.22,183500,195622,-36,4753
1094,CIG,2020-06-22,0 days 15:59:48.800656,71370,2.23,2.22,184000,184092,3064,-36
1095,CIM,2020-06-22,0 days 15:59:44.750156,304777,9.89,9.88,15678,51326,3466,-1120
1096,CIM,2020-06-22,0 days 15:59:48.760146,300743,9.89,9.88,20137,32875,-4034,3466
1097,CIO,2020-06-22,0 days 15:58:30.586624,29905,10.05,10.04,1751,2818,-944,92
1098,CIO,2020-06-22,0 days 15:58:39.607812,29905,10.05,10.04,1436,1577,-280,620
1099,CIO,2020-06-22,0 days 15:58:40.610687,29785,10.05,10.04,2015,800,120,-280
1100,CIO,2020-06-22,0 days 15:59:07.677585,31502,10.05,10.04,1540,2045,-483,217
1101,CIO,2020-06-22,0 days 15:59:08.679836,31285,10.05,10.04,1868,2078,637,-483
1102,CIO,2020-06-22,0 days 15:59:12.688578,31922,10.05,10.04,1802,1161,-357,237
1103,CIO,2020-06-22,0 days 15:59:13.691882,31779,10.05,10.04,2430,1161,143,-357
1104,CIO,2020-06-22,0 days 15:59:16.694167,31922,10.05,10.04,1514,1876,-1082,143
1105,CIO,2020-06-22,0 days 15:59:17.694823,31804,10.05,10.04,1838,1676,118,-1082
1106,CIT,2020-06-22,0 days 15:55:01.076068,81142,22.89,22.88,1008,302,178,-522
1107,CIT,2020-06-22,0 days 15:56:10.241126,82656,22.85,22.84,500,100,-124,225
1108,CIT,2020-06-22,0 days 15:58:02.510740,89091,22.88,22.87,200,1462,-126,874
1109,CIT,2020-06-22,0 days 15:58:03.512722,88432,22.88,22.87,300,1514,559,-126
1110,CIT,2020-06-22,0 days 15:58:36.592365,88967,22.89,22.88,962,1869,-890,78
1111,CIT,2020-06-22,0 days 15:58:37.594819,88357,22.89,22.88,1465,1569,371,-890
1112,CIT,2020-06-22,0 days 15:59:58.785336,97603,22.94,22.92,200,700,-1575,623
1113,CL,2020-06-22,0 days 15:55:38.163950,395716,73.01,73.0,1148,1300,568,-332
1114,CL,2020-06-22,0 days 15:55:39.166188,395484,73.03,73.02,1069,990,-232,568
1115,CL,2020-06-22,0 days 15:55:54.202532,395791,73.01,73.0,3294,1365,742,-232
1116,CL,2020-06-22,0 days 15:56:03.224086,395902,73.02,73.01,4915,260,131,-658
1117,CL,2020-06-22,0 days 15:56:35.300943,396540,73.04,73.03,215,2529,7793,-307
1118,CL,2020-06-22,0 days 15:56:36.303185,396333,73.05,73.04,301,1309,-207,7793
1119,CL,2020-06-22,0 days 15:56:38.308767,396640,73.04,73.03,308,2954,115,-107
1120,CL,2020-06-22,0 days 15:56:40.313398,395872,73.05,73.04,556,1682,-668,332
1121,CL,2020-06-22,0 days 15:57:37.448843,396640,73.08,73.07,1300,200,14026,-1407
1122,CL,2020-06-22,0 days 15:57:39.453310,396466,73.08,73.07,1300,200,-174,3326
1123,CL,2020-06-22,0 days 15:57:51.482818,400440,73.09,73.08,3452,718,4309,-491
1124,CL,2020-06-22,0 days 15:57:53.487130,409449,73.09,73.08,2916,1517,-2291,809
1125,CL,2020-06-22,0 days 15:57:54.489858,408240,73.09,73.08,2316,1317,1209,-2291
1126,CL,2020-06-22,0 days 15:58:02.510680,410949,73.08,73.07,1662,1801,-991,1409
1127,CL,2020-06-22,0 days 15:58:03.512722,409540,73.08,73.07,1662,1500,1409,-991
1128,CL,2020-06-22,0 days 15:58:07.522676,410949,73.09,73.08,1515,1496,-1691,5609
1129,CL,2020-06-22,0 days 15:58:08.525665,409540,73.09,73.08,1015,2132,1409,-1691
1130,CL,2020-06-22,0 days 15:58:11.532280,410949,73.09,73.08,1642,700,-1325,1409
1131,CL,2020-06-22,0 days 15:58:12.534688,409574,73.09,73.08,1542,700,2937,-1325
1132,CL,2020-06-22,0 days 15:59:04.661112,419667,73.08,73.07,900,1067,-3338,4039
1133,CL,2020-06-22,0 days 15:59:05.664637,418205,73.06,73.05,300,600,1462,-3338
1134,CL,2020-06-22,0 days 15:59:06.666641,420467,73.07,73.05,2300,701,-13659,1462
1135,CL,2020-06-22,0 days 15:59:15.686436,443048,73.06,73.04,1300,1600,28185,-8455
1136,CL,2020-06-22,0 days 15:59:16.689386,466533,73.07,73.06,500,1102,-2515,28185
1137,CL,2020-06-22,0 days 15:59:17.691014,464648,73.07,73.06,700,997,1085,-2515
1138,CL,2020-06-22,0 days 15:59:30.723201,457509,73.11,73.1,916,700,-6392,2208
1139,CL,2020-06-22,0 days 15:59:31.725599,456701,73.12,73.1,1615,1365,808,-6392
1140,CL,2020-06-22,0 days 15:59:45.753067,458506,73.11,73.1,1415,551,1318,-6494
1141,CL,2020-06-22,0 days 15:59:59.787849,466666,73.1,73.08,5400,2620,4147,-693
1142,CLB,2020-06-22,0 days 15:55:00.116493,339781,20.58,20.57,453,1570,-371,7043
1143,CLB,2020-06-22,0 days 15:55:01.118346,339452,20.58,20.57,754,1670,329,-371
1144,CLB,2020-06-22,0 days 15:56:12.290321,342237,20.53,20.52,2749,1899,-787,125
1145,CLB,2020-06-22,0 days 15:56:13.292911,341824,20.53,20.52,2749,2299,413,-787
1146,CLB,2020-06-22,0 days 15:56:30.333581,341837,20.54,20.53,803,500,-81,319
1147,CLB,2020-06-22,0 days 15:56:31.336795,341618,20.53,20.52,300,2502,219,-81
1148,CLB,2020-06-22,0 days 15:56:58.400970,342337,20.53,20.52,1922,3000,-281,319
1149,CLB,2020-06-22,0 days 15:56:59.403419,342018,20.53,20.52,1761,3204,319,-281
1150,CLB,2020-06-22,0 days 15:57:45.512518,342647,20.57,20.56,2272,2948,-1771,429
1151,CLB,2020-06-22,0 days 15:57:46.515331,342318,20.59,20.57,302,800,229,-1771
1152,CLB,2020-06-22,0 days 15:58:00.550670,342107,20.59,20.58,1126,1880,-415,385
1153,CLB,2020-06-22,0 days 15:58:01.552953,341822,20.59,20.58,826,1900,285,-415
1154,CLB,2020-06-22,0 days 15:58:06.565469,342107,20.58,20.57,3025,1141,-1415,285
1155,CLB,2020-06-22,0 days 15:58:07.566947,341822,20.58,20.57,3425,1921,285,-1415
1156,CLB,2020-06-22,0 days 15:58:15.585244,342107,20.58,20.57,2338,1102,-115,385
1157,CLB,2020-06-22,0 days 15:58:16.587790,341822,20.58,20.57,2938,1002,285,-115
1158,CLB,2020-06-22,0 days 15:59:04.707451,345389,20.57,20.56,2393,2827,-948,2152
1159,CLB,2020-06-22,0 days 15:59:05.707817,344837,20.57,20.56,2255,2827,1156,-948
1160,CLB,2020-06-22,0 days 15:59:21.735024,345993,20.58,20.56,2949,500,-20633,56
1161,CLDR,2020-06-22,0 days 15:59:06.666708,491857,12.64,12.63,19953,6479,-45020,17915
1162,CLDR,2020-06-22,0 days 15:59:07.668666,491467,12.62,12.61,4135,15400,390,-45020
1163,CLDR,2020-06-22,0 days 15:59:13.683782,501857,12.62,12.61,14269,16240,-15461,4990
1164,CLDR,2020-06-22,0 days 15:59:36.736803,504204,12.64,12.63,14609,19084,-665,235
1165,CLDR,2020-06-22,0 days 15:59:41.743814,502629,12.64,12.63,11073,18412,1575,-4825
1166,CLDR,2020-06-22,0 days 15:59:44.750735,504204,12.65,12.64,13068,27805,-7314,1575
1167,CLDR,2020-06-22,0 days 15:59:45.753100,501418,12.65,12.64,14568,27293,2786,-7314
1168,CLDR,2020-06-22,0 days 15:59:48.759905,508930,12.65,12.64,13638,14663,-885,6529
1169,CLDR,2020-06-22,0 days 15:59:49.761532,506115,12.65,12.64,12418,17396,2815,-885
1170,CLDT,2020-06-22,0 days 15:59:04.837997,37397,6.25,6.24,1994,1554,-104,301
1171,CLF,2020-06-22,0 days 15:59:12.795981,338177,5.7,5.69,65457,109200,-1577,2816
1172,CLF,2020-06-22,0 days 15:59:13.798432,354854,5.7,5.69,66757,102500,7247,-1577
1173,CLI,2020-06-22,0 days 15:55:00.267808,61084,16.07,16.06,1200,806,1446,-11114
1174,CLI,2020-06-22,0 days 15:55:01.269676,60830,16.07,16.06,1200,1207,-254,1446
1175,CLI,2020-06-22,0 days 15:58:07.698874,62284,16.02,16.01,105,2115,116,-184
1176,CLI,2020-06-22,0 days 15:58:08.702084,62000,16.03,16.02,300,1616,-284,116
1177,CLI,2020-06-22,0 days 15:58:11.710128,62284,16.03,16.02,698,1043,367,-284
1178,CLI,2020-06-22,0 days 15:58:12.711245,62051,16.03,16.02,698,1043,-233,367
1179,CLI,2020-06-22,0 days 15:58:32.760047,62356,16.03,16.02,4115,803,806,-305
1180,CLI,2020-06-22,0 days 15:58:33.762026,62162,16.03,16.02,1094,1003,-194,806
1181,CLI,2020-06-22,0 days 15:58:49.800599,62226,16.05,16.04,100,1431,991,-64
1182,CLI,2020-06-22,0 days 15:58:50.803068,64328,16.05,16.04,200,1773,-498,991
1183,CLI,2020-06-22,0 days 15:58:52.807798,63026,16.06,16.04,1600,842,191,-909
1184,CLI,2020-06-22,0 days 15:59:05.839718,64549,16.06,16.04,2100,1653,-149,761
1185,CLI,2020-06-22,0 days 15:59:06.842332,64398,16.06,16.04,2405,2274,151,-149
1186,CLNC,2020-06-22,0 days 15:57:26.422837,53295,6.65,6.64,1100,1831,931,-559
1187,CLNC,2020-06-22,0 days 15:57:27.426045,53226,6.65,6.64,1100,1399,-69,931
1188,CLNC,2020-06-22,0 days 15:58:58.646261,53295,6.65,6.63,2184,1028,381,-469
1189,CLNC,2020-06-22,0 days 15:58:59.648346,52976,6.64,6.63,1384,1235,-319,381
1190,CLNC,2020-06-22,0 days 15:59:01.654575,53295,6.64,6.63,2180,507,90,-319
1191,CLNC,2020-06-22,0 days 15:59:02.656551,53085,6.64,6.63,1784,1003,-210,90
1192,CLNC,2020-06-22,0 days 15:59:03.659713,53295,6.64,6.63,2184,1203,290,-210
1193,CLNC,2020-06-22,0 days 15:59:04.661253,53085,6.64,6.63,2284,1203,-210,290
1194,CLNC,2020-06-22,0 days 15:59:06.666842,53295,6.64,6.63,1900,1487,1567,-210
1195,CLNC,2020-06-22,0 days 15:59:13.683944,56562,6.64,6.63,2679,771,-333,467
1196,CLNC,2020-06-22,0 days 15:59:43.748696,59062,6.65,6.64,1196,1784,-346,654
1197,CLNY,2020-06-22,0 days 15:58:57.758076,1171234,2.63,2.62,36144,51779,-18288,2212
1198,CLR,2020-06-22,0 days 15:50:04.474213,145671,17.04,17.02,675,690,2923,-29720
1199,CLR,2020-06-22,0 days 15:55:00.185770,203696,17.03,17.02,1300,1001,-3088,2923
1200,CLR,2020-06-22,0 days 15:55:21.236895,205696,17.02,17.0,1300,1900,-1088,24912
1201,CLX,2020-06-22,0 days 15:59:08.785548,114171,217.05,217.01,300,500,424,-111
1202,CLX,2020-06-22,0 days 15:59:11.793019,112595,217.05,217.01,686,100,-1576,424
1203,CLX,2020-06-22,0 days 15:59:18.804541,117186,217.05,217.0,100,205,363,-391
1204,CLX,2020-06-22,0 days 15:59:19.807251,117549,217.12,217.05,200,200,-537,363
1205,CLX,2020-06-22,0 days 15:59:40.857512,119958,217.17,217.09,311,649,-1200,1000
1206,CMA,2020-06-22,0 days 15:59:05.755888,445974,39.58,39.57,634,500,965,-9922
1207,CMA,2020-06-22,0 days 15:59:06.758238,444940,39.61,39.59,136,600,-1034,965
1208,CMA,2020-06-22,0 days 15:59:08.763496,449874,39.63,39.62,500,300,197,-1957
1209,CMA,2020-06-22,0 days 15:59:13.776450,453716,39.7,39.69,244,200,-6417,2842
1210,CMA,2020-06-22,0 days 15:59:14.777828,460133,39.71,39.69,557,1050,4112,-6417
1211,CMA,2020-06-22,0 days 15:59:20.790710,452834,39.71,39.69,370,316,-4799,4201
1212,CMA,2020-06-22,0 days 15:59:45.852727,463958,39.67,39.65,400,480,-6696,1011
1213,CMC,2020-06-22,0 days 15:55:38.275257,130113,20.52,20.51,6629,1702,10,-70
1214,CMC,2020-06-22,0 days 15:55:53.312274,130123,20.51,20.5,6019,1701,-1490,10
1215,CMC,2020-06-22,0 days 15:56:10.353496,131964,20.51,20.5,5482,4005,29,-241
1216,CMC,2020-06-22,0 days 15:56:11.355769,130393,20.51,20.5,5582,3905,-1571,29
1217,CMC,2020-06-22,0 days 15:58:44.725314,136301,20.53,20.52,3907,4726,452,-1114
1218,CMC,2020-06-22,0 days 15:59:04.776646,142562,20.53,20.52,3923,5969,-2497,5488
1219,CMC,2020-06-22,0 days 15:59:05.778657,141459,20.53,20.52,3591,5796,1103,-2497
1220,CMC,2020-06-22,0 days 15:59:07.783129,146721,20.53,20.52,4414,4074,-1638,4896
1221,CMC,2020-06-22,0 days 15:59:08.785267,145359,20.53,20.52,5026,4274,1362,-1638
1222,CMC,2020-06-22,0 days 15:59:32.837041,152535,20.58,20.57,3136,1854,1489,-4811
1223,CMC,2020-06-22,0 days 15:59:41.859548,153246,20.59,20.58,4115,2749,978,-2022
1224,CMC,2020-06-22,0 days 15:59:46.871571,153411,20.59,20.58,1733,9495,1298,-3487
1225,CMCM,2020-06-22,0 days 15:59:22.707661,7000,2.16,2.15,5114,3123,-278,162
1226,CMCM,2020-06-22,0 days 15:59:23.710071,6278,2.16,2.15,6276,3123,722,-278
1227,CMI,2020-06-22,0 days 15:59:13.906413,216208,172.03,171.98,540,647,1304,-396
1228,CMI,2020-06-22,0 days 15:59:14.909475,215812,172.09,171.99,1008,500,-396,1304
1229,CMI,2020-06-22,0 days 15:59:27.933891,216235,172.04,171.99,100,100,1677,-623
1230,CMI,2020-06-22,0 days 15:59:28.935470,215812,172.06,171.98,200,800,-423,1677
1231,CMI,2020-06-22,0 days 15:59:41.967420,218535,172.12,172.08,100,400,1600,-2300
1232,CMI,2020-06-22,0 days 15:59:42.969040,218335,172.12,172.08,100,400,-200,1600
1233,CMI,2020-06-22,0 days 15:59:48.983600,219035,172.12,172.06,765,410,3082,-594
1234,CMI,2020-06-22,0 days 15:59:49.992149,214617,172.07,172.04,300,400,-4418,3082
1235,CMI,2020-06-22,0 days 15:59:54.996748,216735,172.02,171.98,1300,955,101,-3099
1236,CMI,2020-06-22,0 days 15:59:55.999464,215936,172.05,171.99,378,434,-3099,101
1237,CMS,2020-06-22,0 days 15:59:15.686484,188709,58.77,58.76,885,802,12462,-918
1238,CMS,2020-06-22,0 days 15:59:16.689487,187956,58.8,58.79,300,300,-1853,12462
1239,CMS,2020-06-22,0 days 15:59:19.695466,189809,58.8,58.79,500,1000,723,-353
1240,CMS,2020-06-22,0 days 15:59:24.708661,190200,58.82,58.8,1900,548,-136,424
