,Symbol,Timestamp,TIME,iPaired,Ask_P,Bid_P,Ask_S,Bid_S,iShares,PreviShares
0,AA,2020-07-23,0 days 15:56:18.459278,273537,12.7,12.69,13250,6510,1145,-8855
1,AA,2020-07-23,0 days 15:56:19.460883,263182,12.7,12.69,11650,6810,-9955,1145
2,AA,2020-07-23,0 days 15:57:04.568914,273537,12.7,12.69,5044,12941,821,-8735
3,AA,2020-07-23,0 days 15:57:05.571368,266747,12.7,12.69,2233,13051,-6390,821
4,AA,2020-07-23,0 days 15:57:13.590423,273537,12.71,12.7,4116,10980,375,-9279
5,AA,2020-07-23,0 days 15:58:03.712149,275123,12.71,12.7,3495,9208,-10214,5086
6,AA,2020-07-23,0 days 15:59:24.908782,319847,12.73,12.72,12690,7316,7567,-6556
7,AA,2020-07-23,0 days 15:59:25.911072,314314,12.73,12.72,11500,6616,-5533,7567
8,AA,2020-07-23,0 days 15:59:34.933858,319847,12.73,12.72,15849,8316,12697,-555
9,AA,2020-07-23,0 days 15:59:45.960017,317343,12.73,12.72,5014,13498,-2504,3796
10,AA,2020-07-23,0 days 15:59:47.965439,319847,12.73,12.72,12251,6623,5108,-1876
11,AA,2020-07-23,0 days 15:59:48.968213,317755,12.73,12.72,11888,6623,-2092,5108
12,ABB,2020-07-23,0 days 15:59:01.710665,29166,25.88,25.87,400,43796,-4450,6050
13,ABB,2020-07-23,0 days 15:59:02.713387,28516,25.88,25.87,400,42546,650,-4450
14,ABB,2020-07-23,0 days 15:59:05.721926,29184,25.88,25.87,200,39980,-232,668
15,ABB,2020-07-23,0 days 15:59:09.731350,25865,25.88,25.87,200,37780,3319,-2081
16,ABB,2020-07-23,0 days 15:59:35.793724,29184,25.89,25.88,9045,31727,-181,1719
17,ABBV,2020-07-23,0 days 15:56:29.293059,504113,97.81,97.79,1300,947,1084,-2564
18,ABBV,2020-07-23,0 days 15:56:30.295242,503444,97.8,97.79,400,1147,-669,1084
19,ABBV,2020-07-23,0 days 15:56:31.298008,502852,97.78,97.77,200,300,1930,-669
20,ABBV,2020-07-23,0 days 15:56:32.300284,502629,97.77,97.75,600,300,-467,1930
21,ABBV,2020-07-23,0 days 15:56:43.326438,502182,97.79,97.78,400,300,-914,1486
22,ABBV,2020-07-23,0 days 15:57:33.448348,500921,97.82,97.81,313,500,3017,-459
23,ABBV,2020-07-23,0 days 15:57:34.451129,499626,97.82,97.81,300,400,-1295,3017
24,ABBV,2020-07-23,0 days 15:57:39.462240,500921,97.82,97.8,600,1196,517,-174
25,ABBV,2020-07-23,0 days 15:58:02.515139,504346,97.84,97.83,300,300,1794,-706
26,ABBV,2020-07-23,0 days 15:58:03.515661,503549,97.84,97.82,500,700,-797,1794
27,ABBV,2020-07-23,0 days 15:58:24.566462,503708,97.83,97.81,500,400,-854,4893
28,ABBV,2020-07-23,0 days 15:58:25.569190,504562,97.8,97.79,200,200,4893,-854
29,ABBV,2020-07-23,0 days 15:58:36.595436,496148,97.82,97.81,300,100,6551,-654
30,ABBV,2020-07-23,0 days 15:58:41.606975,503199,97.84,97.83,407,300,-168,513
31,ABBV,2020-07-23,0 days 15:59:11.680730,512915,97.95,97.94,300,300,4378,-1401
32,ABBV,2020-07-23,0 days 15:59:28.717855,525204,97.96,97.94,400,400,420,-1470
33,ABBV,2020-07-23,0 days 15:59:36.738038,523526,98.03,98.01,200,200,-1778,1053
34,ABBV,2020-07-23,0 days 15:59:39.744984,523104,98.03,98.01,100,300,422,-8778
35,ABEV,2020-07-23,0 days 15:55:00.077728,46017,2.8,2.79,187687,296495,30976,-4313
36,ABEV,2020-07-23,0 days 15:58:05.525714,78128,2.8,2.79,243826,372470,-40822,27726
37,ABEV,2020-07-23,0 days 15:59:36.738895,136241,2.8,2.79,315086,489351,46112,-54188
38,ABEV,2020-07-23,0 days 15:59:37.739197,133453,2.8,2.79,314886,489351,-2788,46112
39,ABT,2020-07-23,0 days 15:59:14.691348,493881,100.69,100.67,300,300,35860,-6469
40,ABT,2020-07-23,0 days 15:59:15.685991,489173,100.73,100.69,400,400,-7184,35860
41,ABT,2020-07-23,0 days 15:59:19.696226,503110,100.75,100.74,100,200,6437,-6057
42,ABT,2020-07-23,0 days 15:59:23.705826,506565,100.78,100.76,300,900,-4164,1055
43,ABT,2020-07-23,0 days 15:59:33.729362,515305,100.78,100.76,418,900,2160,-9021
44,ABT,2020-07-23,0 days 15:59:34.731119,514465,100.81,100.79,601,500,-3041,2160
45,ABT,2020-07-23,0 days 15:59:38.741069,517582,100.85,100.83,500,300,173,-941
46,ABT,2020-07-23,0 days 15:59:46.763600,517552,100.86,100.84,279,1400,-4530,1270
47,AEO,2020-07-23,0 days 15:59:14.846464,131565,10.14,10.13,14020,10845,6603,-4458
48,AEO,2020-07-23,0 days 15:59:15.847291,127668,10.14,10.13,14817,8945,-3897,6603
49,AEO,2020-07-23,0 days 15:59:39.890194,142129,10.13,10.12,22700,10379,31860,-3361
50,AEO,2020-07-23,0 days 15:59:42.897399,139866,10.12,10.11,14122,19141,-2263,9137
51,AEO,2020-07-23,0 days 15:59:49.913125,142003,10.12,10.11,15658,17449,-126,74
52,AEO,2020-07-23,0 days 15:59:50.916133,142129,10.12,10.11,10838,14694,2339,-126
53,AEP,2020-07-23,0 days 15:55:07.093034,158061,88.31,88.3,240,200,1788,-32012
54,AEP,2020-07-23,0 days 15:55:17.119069,157049,88.4,88.38,300,100,-1015,285
55,AEP,2020-07-23,0 days 15:55:46.189126,160043,88.46,88.45,500,454,164,-175
56,AEP,2020-07-23,0 days 15:56:02.228070,160043,88.51,88.5,300,503,5307,-636
57,AEP,2020-07-23,0 days 15:58:33.594643,175309,88.65,88.63,600,100,212,-5388
58,AEP,2020-07-23,0 days 15:58:41.610872,175118,88.67,88.63,600,200,163,-6540
59,AEP,2020-07-23,0 days 15:58:47.626190,175281,88.68,88.67,201,200,-437,163
60,AEP,2020-07-23,0 days 15:58:54.643159,178018,88.69,88.68,200,200,2982,-1518
61,AEP,2020-07-23,0 days 15:59:36.739082,188106,88.76,88.75,300,100,-577,923
62,AEP,2020-07-23,0 days 15:59:41.749362,188312,88.72,88.71,300,412,3119,-6
63,AES,2020-07-23,0 days 15:59:01.710604,432106,15.7,15.69,16855,17200,8737,-15963
64,AES,2020-07-23,0 days 15:59:02.713330,385343,15.7,15.69,7600,18619,-37215,8737
65,AES,2020-07-23,0 days 15:59:19.755106,454031,15.69,15.68,20433,8900,978,-13122
66,AES,2020-07-23,0 days 15:59:46.820890,449193,15.68,15.67,26324,7596,-107,8370
67,AFL,2020-07-23,0 days 15:55:43.244432,457458,37.01,37.0,1835,2700,-1280,1646
68,AFL,2020-07-23,0 days 15:55:44.247494,453738,37.01,37.0,4706,756,3720,-1280
69,AFL,2020-07-23,0 days 15:58:52.702147,466973,37.05,37.04,3982,500,3239,-2161
70,AFL,2020-07-23,0 days 15:59:08.742272,479103,37.01,37.0,3088,1000,-1548,1815
71,AFL,2020-07-23,0 days 15:59:09.744538,479180,37.01,37.0,529,5012,4423,-1548
72,AFL,2020-07-23,0 days 15:59:10.746026,483603,37.02,37.01,700,3800,-328,4423
73,AG,2020-07-23,0 days 15:51:17.590822,52110,13.44,13.43,800,16393,-1671,1329
74,AG,2020-07-23,0 days 15:55:00.126307,52335,13.36,13.35,8793,6701,-3418,1529
75,AGI,2020-07-23,0 days 15:55:00.077244,51532,10.73,10.72,5092,20959,-13397,2719
76,AGI,2020-07-23,0 days 15:58:36.595436,95478,10.7,10.69,20150,22106,17757,-28490
77,AGI,2020-07-23,0 days 15:58:37.597652,90635,10.7,10.69,800,29346,-2090,17757
78,AGI,2020-07-23,0 days 15:59:07.670939,91006,10.71,10.7,28194,9340,-4247,674
79,AGI,2020-07-23,0 days 15:59:46.764062,91619,10.7,10.69,21810,6500,-3721,8219
80,AIG,2020-07-23,0 days 15:59:14.742508,426654,31.9,31.89,2785,2559,4410,-8299
81,AIG,2020-07-23,0 days 15:59:15.746687,420164,31.9,31.89,900,4143,-6490,4410
82,ALLY,2020-07-23,0 days 15:55:52.358272,262416,21.42,21.41,4947,4258,-21023,1229
83,ALLY,2020-07-23,0 days 15:55:53.357306,259139,21.42,21.41,4647,4123,3277,-21023
84,ALLY,2020-07-23,0 days 15:56:43.477560,264848,21.4,21.39,1900,2900,-10796,4237
85,ALLY,2020-07-23,0 days 15:56:44.479694,262844,21.4,21.39,3000,3700,2004,-10796
86,ALLY,2020-07-23,0 days 15:57:16.558135,265948,21.41,21.4,1468,6172,-396,3104
87,ALLY,2020-07-23,0 days 15:57:18.562851,262444,21.42,21.41,4164,4110,1504,-4196
88,ALLY,2020-07-23,0 days 15:57:39.613483,263948,21.43,21.42,1600,4661,-396,1104
89,ALLY,2020-07-23,0 days 15:59:20.843635,318933,21.4,21.39,5200,1700,182,-2686
90,ALLY,2020-07-23,0 days 15:59:24.853576,315415,21.41,21.4,4100,3200,-3518,182
91,ALLY,2020-07-23,0 days 15:59:44.901578,327293,21.43,21.42,3412,6092,1347,-903
92,ALLY,2020-07-23,0 days 15:59:48.910590,327293,21.43,21.42,812,5997,1939,-18
93,ALLY,2020-07-23,0 days 15:59:49.913218,325432,21.43,21.42,412,5597,-561,1939
94,AM,2020-07-23,0 days 15:55:00.270264,123395,5.99,5.98,5414,17918,-3283,7347
95,AM,2020-07-23,0 days 15:59:34.933868,128678,6.0,5.99,14743,22770,5520,-2598
96,AM,2020-07-23,0 days 15:59:35.936619,127198,6.0,5.99,14443,22770,-1480,5520
97,AMC,2020-07-23,0 days 15:55:00.077462,31552,4.04,4.03,5369,10273,-2956,13988
98,AMC,2020-07-23,0 days 15:58:38.603423,28375,4.06,4.05,5505,11446,2961,-6683
99,AMC,2020-07-23,0 days 15:59:40.746069,51070,4.06,4.05,18533,8593,-10680,1621
100,AMC,2020-07-23,0 days 15:59:41.749012,47150,4.06,4.05,18933,9693,3920,-10680
101,AMCR,2020-07-23,0 days 15:57:12.460327,978007,10.73,10.72,24998,23192,-12606,1094
102,AMCR,2020-07-23,0 days 15:57:13.463173,974713,10.73,10.72,25198,22292,3294,-12606
103,AMCR,2020-07-23,0 days 15:57:39.526199,978216,10.74,10.73,23134,24906,-4104,996
104,AMCR,2020-07-23,0 days 15:57:40.529116,974620,10.74,10.73,23134,24806,3596,-4104
105,AMCR,2020-07-23,0 days 15:58:07.594428,978216,10.74,10.73,34117,13149,-1317,3383
106,AMCR,2020-07-23,0 days 15:58:08.594663,975133,10.74,10.73,34117,13049,3083,-1317
107,AMCR,2020-07-23,0 days 15:58:10.600254,978216,10.74,10.73,30833,14049,-5817,3083
108,AMCR,2020-07-23,0 days 15:58:11.601650,975133,10.74,10.73,32133,14107,3083,-5817
109,AMCR,2020-07-23,0 days 15:58:13.607205,978216,10.74,10.73,33733,14007,-1317,3083
110,AMCR,2020-07-23,0 days 15:58:14.609087,975133,10.74,10.73,31533,14007,3083,-1317
111,AMCR,2020-07-23,0 days 15:58:41.674418,978617,10.74,10.73,31754,11001,-8160,3084
112,AMCR,2020-07-23,0 days 15:58:42.677462,977777,10.74,10.73,31754,11001,840,-8160
113,AMCR,2020-07-23,0 days 15:58:51.704114,978617,10.74,10.73,28249,11711,-368,840
114,AMCR,2020-07-23,0 days 15:58:52.702201,960385,10.74,10.73,28249,11711,18232,-368
115,AMCR,2020-07-23,0 days 15:59:10.746046,1012627,10.75,10.74,16859,28087,-7367,2675
116,AMCR,2020-07-23,0 days 15:59:11.749041,1010194,10.75,10.74,15262,25487,2609,-7367
117,AMX,2020-07-23,0 days 15:57:13.590432,100390,13.52,13.51,22727,23555,250,-250
118,AMX,2020-07-23,0 days 15:57:38.651729,92340,13.52,13.51,23388,28655,-5795,2505
119,AMX,2020-07-23,0 days 15:59:42.953505,124980,13.52,13.51,34993,5903,1325,-916
120,AMX,2020-07-23,0 days 15:59:45.960043,124275,13.52,13.51,26773,14286,-705,6742
121,AMX,2020-07-23,0 days 15:59:46.962763,124980,13.52,13.51,27073,14186,4214,-705
122,AMX,2020-07-23,0 days 15:59:47.965453,124747,13.52,13.51,27173,14286,-233,4214
123,ANF,2020-07-23,0 days 15:55:00.227432,79210,10.25,10.24,3670,4502,-3650,4569
124,ANF,2020-07-23,0 days 15:55:01.229698,76760,10.25,10.24,3870,4756,2450,-3650
125,ANF,2020-07-23,0 days 15:55:51.352805,80585,10.26,10.25,2200,4844,2340,-1095
126,ANF,2020-07-23,0 days 15:56:16.413350,83094,10.26,10.25,6100,3780,-2764,2436
127,ANF,2020-07-23,0 days 15:56:17.414859,80658,10.26,10.25,6300,3880,2436,-2764
128,ANF,2020-07-23,0 days 15:57:06.533147,83094,10.24,10.23,1472,5183,-314,1336
129,ANF,2020-07-23,0 days 15:58:09.688062,83365,10.23,10.22,5676,3327,603,-1238
130,APLE,2020-07-23,0 days 15:55:00.200880,64712,9.01,9.0,5700,12902,1905,-3660
131,AQN,2020-07-23,0 days 15:59:36.745030,12138,13.42,13.41,15963,5798,-1156,1544
132,AQN,2020-07-23,0 days 15:59:37.748578,11994,13.42,13.41,16063,6398,144,-1156
133,AR,2020-07-23,0 days 15:55:00.126068,138623,2.86,2.85,64992,28050,-25,69997
134,AR,2020-07-23,0 days 15:57:19.462331,132864,2.88,2.87,15664,70999,5761,-1539
135,AR,2020-07-23,0 days 15:59:07.726161,143596,2.89,2.88,69384,53664,-1676,1624
136,AR,2020-07-23,0 days 15:59:11.735790,145272,2.89,2.88,58137,50337,1034,-1676
137,AR,2020-07-23,0 days 15:59:12.737592,146306,2.89,2.88,57162,56337,-4877,1034
138,AR,2020-07-23,0 days 15:59:13.741016,134083,2.89,2.88,57162,56337,12223,-4877
139,AR,2020-07-23,0 days 15:59:19.755036,149106,2.89,2.88,46999,61142,-39383,6823
140,ATI,2020-07-23,0 days 15:55:00.227551,51974,9.46,9.45,2232,1959,-4446,13061
141,ATI,2020-07-23,0 days 15:55:25.288736,56520,9.47,9.46,2165,3400,2054,-246
142,ATI,2020-07-23,0 days 15:55:26.291184,54574,9.47,9.46,2565,2760,-1846,2054
143,ATI,2020-07-23,0 days 15:55:41.327647,56520,9.47,9.46,3652,2201,1172,-1846
144,ATI,2020-07-23,0 days 15:57:05.530638,57976,9.46,9.45,1323,3863,-267,1253
145,AU,2020-07-23,0 days 15:55:57.264997,145158,32.49,32.48,779,1776,-136,224
146,AU,2020-07-23,0 days 15:56:02.276274,144662,32.51,32.5,500,3707,396,-136
147,AU,2020-07-23,0 days 15:57:09.438148,145058,32.5,32.49,3134,1988,-24194,2360
148,AU,2020-07-23,0 days 15:57:56.551667,147126,32.45,32.44,1538,1207,1777,-927
149,AU,2020-07-23,0 days 15:58:05.574293,150103,32.45,32.44,2100,1000,-262,277
150,AU,2020-07-23,0 days 15:58:06.576178,149865,32.44,32.43,900,1943,138,-262
151,AU,2020-07-23,0 days 15:58:16.600720,150803,32.44,32.43,925,2807,-262,238
152,AU,2020-07-23,0 days 15:58:17.603447,150465,32.44,32.43,1169,2117,238,-262
153,AU,2020-07-23,0 days 15:58:37.652011,150803,32.44,32.43,722,3819,-362,238
154,AUY,2020-07-23,0 days 15:57:02.474843,312639,5.78,5.77,177087,40351,-60453,9458
155,AUY,2020-07-23,0 days 15:57:03.477117,303385,5.78,5.77,177087,40351,5154,-60453
156,AUY,2020-07-23,0 days 15:59:08.782048,333045,5.78,5.77,65655,259735,4421,-1911
157,AVB,2020-07-23,0 days 15:55:00.268905,57249,147.92,147.84,220,100,-1041,8562
158,AVB,2020-07-23,0 days 15:55:01.272042,55990,147.9,147.84,300,300,1259,-1041
159,AVB,2020-07-23,0 days 15:59:03.858133,63984,148.2,148.12,100,200,-14131,215
160,AVB,2020-07-23,0 days 15:59:04.860542,63923,148.15,148.1,300,100,974,-14131
161,AVB,2020-07-23,0 days 15:59:07.867481,65397,148.11,148.08,100,200,-426,1074
162,AVB,2020-07-23,0 days 15:59:32.927619,70647,148.07,147.97,200,300,183,-71
163,AVB,2020-07-23,0 days 15:59:48.967867,70647,148.15,148.09,400,300,283,-352
164,AVTR,2020-07-23,0 days 15:56:06.247635,121823,18.9,18.89,2400,3490,4651,-2223
165,AVTR,2020-07-23,0 days 15:56:07.249142,118374,18.9,18.89,2400,3674,-3449,4651
166,AVTR,2020-07-23,0 days 15:58:44.629496,169154,18.9,18.89,2900,600,312,-7628
167,AVTR,2020-07-23,0 days 15:58:54.653792,162266,18.9,18.89,1500,800,-6888,812
168,AVTR,2020-07-23,0 days 15:59:19.703173,169369,18.9,18.88,1368,2700,27264,-4300
169,AVTR,2020-07-23,0 days 15:59:20.705829,137933,18.9,18.89,700,1800,-37504,27264
170,AVTR,2020-07-23,0 days 15:59:24.714434,175437,18.89,18.88,966,1400,1470,-3404
171,AVTR,2020-07-23,0 days 15:59:25.717232,162933,18.9,18.89,1200,1300,-12504,1470
172,AVTR,2020-07-23,0 days 15:59:36.744805,183932,18.89,18.88,3506,400,4683,-4817
173,AVTR,2020-07-23,0 days 15:59:37.748304,181615,18.89,18.88,1806,622,-2317,4683
174,AVTR,2020-07-23,0 days 15:59:48.772505,183932,18.88,18.87,3872,919,1,-706
175,AVTR,2020-07-23,0 days 15:59:49.775360,181733,18.88,18.87,3100,819,-2199,1
176,AXP,2020-07-23,0 days 15:55:00.200813,464475,96.66,96.63,309,203,-39169,64681
177,AXP,2020-07-23,0 days 15:59:22.835156,522649,96.79,96.75,100,100,1830,-3070
178,AXP,2020-07-23,0 days 15:59:23.837293,519779,96.75,96.74,106,100,-2870,1830
179,AXP,2020-07-23,0 days 15:59:34.864427,528637,96.75,96.71,614,400,1042,-3858
180,AXP,2020-07-23,0 days 15:59:48.898483,524979,96.75,96.7,600,500,-5254,2046
181,AZN,2020-07-23,0 days 15:56:06.430081,44586,55.19,55.18,200,2159,2032,-470
182,AZN,2020-07-23,0 days 15:56:07.432216,44418,55.19,55.18,704,2091,-168,2032
183,AZN,2020-07-23,0 days 15:56:42.517235,43186,55.16,55.15,5133,132,1165,-235
184,AZN,2020-07-23,0 days 15:56:49.533428,47651,55.15,55.14,2300,2494,-535,165
185,AZN,2020-07-23,0 days 15:57:39.653973,48488,55.13,55.12,3511,1000,413,-387
186,AZN,2020-07-23,0 days 15:57:40.656809,48201,55.13,55.12,2911,1400,-287,413
187,AZN,2020-07-23,0 days 15:57:41.658757,48488,55.13,55.12,2611,1300,113,-287
188,AZN,2020-07-23,0 days 15:57:42.661066,45899,55.15,55.14,2400,700,-2589,113
189,AZN,2020-07-23,0 days 15:57:52.685101,48162,55.16,55.15,3700,400,-326,2274
190,AZN,2020-07-23,0 days 15:58:09.726617,48488,55.13,55.12,916,1508,149,-251
191,AZN,2020-07-23,0 days 15:58:10.729326,48437,55.13,55.12,2206,1908,-51,149
192,AZN,2020-07-23,0 days 15:58:12.734723,48488,55.13,55.12,4106,608,749,-251
193,AZN,2020-07-23,0 days 15:58:14.738718,47237,55.13,55.12,4406,1125,-1251,149
194,AZN,2020-07-23,0 days 15:58:18.748282,48488,55.13,55.11,4802,1000,141,-1259
195,AZN,2020-07-23,0 days 15:58:20.753751,47237,55.13,55.12,6202,165,-1251,149
196,AZN,2020-07-23,0 days 15:58:51.829369,48488,55.13,55.12,1678,3833,2188,-551
197,AZN,2020-07-23,0 days 15:59:03.858266,49310,55.15,55.14,2902,1600,-133,449
198,AZN,2020-07-23,0 days 15:59:06.865818,58380,55.14,55.13,300,3065,9,-9370
199,AZN,2020-07-23,0 days 15:59:10.875601,58028,55.14,55.13,4998,660,-352,9
200,BA,2020-07-23,0 days 15:59:05.825120,262725,176.44,176.4,200,300,3410,-11530
201,BA,2020-07-23,0 days 15:59:50.916281,269968,176.64,176.55,100,774,-9721,14105
202,BABA,2020-07-23,0 days 15:57:48.483356,258768,252.33,252.31,200,100,-2581,3253
203,BABA,2020-07-23,0 days 15:57:49.485057,255715,252.32,252.23,500,300,3053,-2581
204,BABA,2020-07-23,0 days 15:59:02.658938,260008,252.14,252.06,200,600,-28693,4135
205,BABA,2020-07-23,0 days 15:59:03.661123,260105,252.08,252.06,200,200,3,-28693
206,BABA,2020-07-23,0 days 15:59:04.663531,260108,252.07,252.04,326,200,-9536,3
207,BABA,2020-07-23,0 days 15:59:31.724148,285612,252.17,252.1,803,200,7333,-12427
208,BABA,2020-07-23,0 days 15:59:40.747150,284144,252.18,252.1,130,300,-1568,1466
209,BABA,2020-07-23,0 days 15:59:43.755544,282861,252.12,252.06,200,162,3823,-628
210,BABA,2020-07-23,0 days 15:59:44.756641,282184,252.1,252.04,330,100,-1243,3823
211,BABA,2020-07-23,0 days 15:59:45.759224,278092,252.09,252.02,100,200,4812,-1243
212,BABA,2020-07-23,0 days 15:59:46.763583,277904,252.18,252.11,430,200,-7602,4812
213,BABA,2020-07-23,0 days 15:59:50.771801,281054,252.15,252.07,200,280,-2907,2827
214,BABA,2020-07-23,0 days 15:59:54.781360,277343,252.03,251.91,100,100,3711,-2373
215,BAC,2020-07-23,0 days 15:59:13.882677,4730547,24.51,24.5,12700,66829,203069,-65061
216,BAC,2020-07-23,0 days 15:59:48.968243,5207115,24.54,24.53,32051,80195,-16063,213737
217,BAC,2020-07-23,0 days 15:59:49.974415,5083610,24.54,24.53,23792,64695,123620,-16063
218,BB,2020-07-23,0 days 15:59:36.744914,39631,4.75,4.74,153354,49087,-173,227
219,BB,2020-07-23,0 days 15:59:37.748427,39404,4.75,4.74,153354,48987,1727,-173
220,BBD,2020-07-23,0 days 15:55:00.140953,310292,4.28,4.27,286225,199556,36508,-33294
221,BBD,2020-07-23,0 days 15:58:05.587512,361004,4.3,4.29,232652,278107,-69795,3305
222,BBD,2020-07-23,0 days 15:59:08.742492,456884,4.3,4.29,161846,318600,62000,-80853
223,BBVA,2020-07-23,0 days 15:58:51.646838,16306,3.59,3.58,100500,356775,1167,-1745
224,BBVA,2020-07-23,0 days 15:59:02.673713,17473,3.59,3.58,96312,276336,-1610,1167
225,BBVA,2020-07-23,0 days 15:59:06.684310,19083,3.59,3.58,98412,276336,30,-1610
226,BBY,2020-07-23,0 days 15:55:31.153700,178779,96.18,96.16,100,100,4386,-8914
227,BBY,2020-07-23,0 days 15:55:32.155207,173065,96.18,96.16,372,200,-6114,4386
228,BBY,2020-07-23,0 days 15:57:42.469758,187536,96.06,96.04,300,400,651,-749
229,BBY,2020-07-23,0 days 15:57:43.471283,182887,96.06,96.04,400,400,-4649,651
230,BBY,2020-07-23,0 days 15:57:58.507146,187377,96.03,96.01,300,200,10,-90
231,BBY,2020-07-23,0 days 15:58:00.512378,183387,96.03,96.01,718,420,-3935,410
232,BBY,2020-07-23,0 days 15:59:31.724340,220266,96.13,96.1,261,440,3163,-3701
233,BBY,2020-07-23,0 days 15:59:32.727216,209429,96.13,96.11,200,401,-10837,3163
234,BDN,2020-07-23,0 days 15:55:00.127409,184786,11.01,11.0,500,4318,-299,35455
235,BDN,2020-07-23,0 days 15:55:01.129173,182085,11.01,11.0,200,4318,2701,-299
236,BDN,2020-07-23,0 days 15:56:28.338914,194480,11.02,11.01,1811,900,-173,1027
237,BDN,2020-07-23,0 days 15:57:14.450054,194653,11.02,11.01,793,2144,27,-173
238,BDN,2020-07-23,0 days 15:57:16.455184,194480,11.03,11.02,1300,2157,-273,27
239,BDN,2020-07-23,0 days 15:57:17.459924,191353,11.03,11.02,200,1857,3127,-273
240,BE,2020-07-23,0 days 15:58:48.624352,84039,17.61,17.6,588,1801,3235,-5287
241,BE,2020-07-23,0 days 15:58:49.627460,80974,17.62,17.6,1501,2001,-3065,3235
242,BE,2020-07-23,0 days 15:59:08.673217,85539,17.61,17.59,3197,1400,309,-4165
243,BE,2020-07-23,0 days 15:59:47.764013,84509,17.61,17.59,1066,800,-1380,2320
244,BEN,2020-07-23,0 days 15:55:00.227418,244974,20.82,20.81,4353,7775,-4440,81180
245,BEN,2020-07-23,0 days 15:57:37.607929,280907,20.8,20.79,5959,1500,3646,-254
246,BEN,2020-07-23,0 days 15:57:38.610388,276953,20.8,20.79,6059,1500,-3954,3646
247,BEN,2020-07-23,0 days 15:57:42.620627,277402,20.8,20.79,5949,3220,-3505,295
248,BEN,2020-07-23,0 days 15:59:02.816899,280793,20.79,20.78,8774,2954,745,-2739
249,BEN,2020-07-23,0 days 15:59:14.846431,282745,20.79,20.78,7613,4359,-773,862
250,BEN,2020-07-23,0 days 15:59:27.860961,285395,20.78,20.77,6884,2902,5893,-806
251,BEN,2020-07-23,0 days 15:59:41.894260,287350,20.82,20.81,4200,3800,787,-26809
252,BEN,2020-07-23,0 days 15:59:42.897298,288457,20.82,20.81,4000,3800,-1241,787
253,BEN,2020-07-23,0 days 15:59:45.904365,290255,20.82,20.81,6300,4000,3253,-9517
254,BEN,2020-07-23,0 days 15:59:46.906286,288908,20.82,20.81,6600,4900,-2259,3253
255,BHC,2020-07-23,0 days 15:56:13.254763,41667,17.07,17.06,4927,7564,-2008,421
256,BHC,2020-07-23,0 days 15:56:14.257177,40875,17.07,17.06,4827,7754,792,-2008
257,BHC,2020-07-23,0 days 15:56:47.336391,41713,17.06,17.05,7676,4200,-1562,867
258,BHC,2020-07-23,0 days 15:56:48.338587,41075,17.06,17.05,7676,4700,638,-1562
259,BHC,2020-07-23,0 days 15:57:33.448348,41713,17.06,17.05,8087,5806,-1562,867
260,BHC,2020-07-23,0 days 15:57:34.451143,41075,17.06,17.05,8787,4303,638,-1562
261,BHC,2020-07-23,0 days 15:58:07.525965,41713,17.05,17.04,7036,4506,-1578,922
262,BHC,2020-07-23,0 days 15:58:53.636255,41713,17.04,17.03,5746,6373,-1468,722
263,BHP,2020-07-23,0 days 15:56:06.388397,41876,52.71,52.7,4557,900,-24,268
264,BHP,2020-07-23,0 days 15:56:29.445189,40083,52.7,52.69,6330,695,1813,-4
265,BHP,2020-07-23,0 days 15:58:53.795092,42506,52.71,52.7,4058,1353,-59,917
266,BHP,2020-07-23,0 days 15:59:01.814718,40665,52.73,52.72,4850,1046,899,-1001
267,BK,2020-07-23,0 days 15:58:48.624352,344695,36.52,36.51,800,3100,1698,-4367
268,BK,2020-07-23,0 days 15:59:00.656119,343963,36.53,36.52,817,4088,-2332,590
269,BK,2020-07-23,0 days 15:59:01.656364,340995,36.53,36.52,1624,2516,2174,-2332
270,BK,2020-07-23,0 days 15:59:06.669221,347095,36.53,36.52,2524,4116,-638,2962
271,BK,2020-07-23,0 days 15:59:07.670802,346533,36.53,36.52,2754,3616,562,-638
272,BK,2020-07-23,0 days 15:59:12.683127,347095,36.53,36.52,2906,4523,-735,562
273,BK,2020-07-23,0 days 15:59:13.685445,346630,36.53,36.52,3206,3416,465,-735
274,BK,2020-07-23,0 days 15:59:18.694606,355196,36.53,36.52,2000,3816,-4245,1566
275,BK,2020-07-23,0 days 15:59:20.698808,359441,36.53,36.52,1513,4816,2490,-45
276,BK,2020-07-23,0 days 15:59:22.703791,359231,36.53,36.52,884,4416,-210,290
277,BK,2020-07-23,0 days 15:59:23.705439,359441,36.53,36.52,3784,2702,90,-210
278,BK,2020-07-23,0 days 15:59:27.715748,359531,36.53,36.52,5864,593,-310,90
279,BK,2020-07-23,0 days 15:59:28.717800,359441,36.52,36.51,4481,2302,490,-310
280,BK,2020-07-23,0 days 15:59:35.735386,359531,36.54,36.53,859,5626,-1166,90
281,BK,2020-07-23,0 days 15:59:36.737901,360697,36.55,36.54,1400,6366,134,-1166
282,BK,2020-07-23,0 days 15:59:45.759687,361125,36.55,36.54,2000,2101,-5070,1028
283,BK,2020-07-23,0 days 15:59:46.763930,366195,36.54,36.53,800,2758,1557,-5070
284,BK,2020-07-23,0 days 15:59:50.772028,364286,36.55,36.54,380,3752,-1909,291
285,BKR,2020-07-23,0 days 15:55:00.200880,267689,16.71,16.7,6700,10233,80916,-49636
286,BKR,2020-07-23,0 days 15:55:46.311094,304961,16.76,16.75,2800,2309,-1246,354
287,BKR,2020-07-23,0 days 15:55:58.341691,305550,16.73,16.72,3363,1000,411,-2889
288,BKR,2020-07-23,0 days 15:55:59.343836,304361,16.74,16.73,600,6178,-1189,411
289,BKR,2020-07-23,0 days 15:56:02.350632,291228,16.76,16.75,3216,2790,2933,-1989
290,BKR,2020-07-23,0 days 15:56:51.469190,296439,16.79,16.78,4110,4144,-41,759
291,BKR,2020-07-23,0 days 15:57:13.521139,307439,16.76,16.75,5822,4820,-1274,1659
292,BKR,2020-07-23,0 days 15:58:34.721604,345600,16.68,16.67,5540,1100,2381,-1419
293,BKR,2020-07-23,0 days 15:58:35.721668,341781,16.68,16.67,10178,1900,-419,2381
294,BKR,2020-07-23,0 days 15:58:41.736038,345600,16.68,16.67,6240,3090,5136,-419
295,BKR,2020-07-23,0 days 15:58:42.738016,332636,16.68,16.67,7240,2090,-9564,5136
296,BKR,2020-07-23,0 days 15:58:54.767074,417700,16.71,16.69,3500,7500,45536,-71864
297,BKR,2020-07-23,0 days 15:58:55.769227,407536,16.71,16.7,2297,2904,-10164,45536
298,BKR,2020-07-23,0 days 15:59:04.792996,399048,16.72,16.71,3010,3499,2646,-939
299,BKR,2020-07-23,0 days 15:59:05.795525,393294,16.72,16.71,2915,3600,-5754,2646
300,BKR,2020-07-23,0 days 15:59:27.847538,407210,16.7,16.69,2200,3000,9431,-1411
301,BKR,2020-07-23,0 days 15:59:46.893742,434390,16.72,16.71,1381,2845,-236,6678
302,BMY,2020-07-23,0 days 15:56:29.445163,710865,59.69,59.68,912,2903,32993,-8047
303,BMY,2020-07-23,0 days 15:56:30.448646,709048,59.7,59.69,2700,778,-1817,32993
304,BMY,2020-07-23,0 days 15:57:13.549974,711273,59.69,59.68,3134,2897,826,-896
305,BMY,2020-07-23,0 days 15:57:14.552401,708999,59.69,59.68,546,4243,-2274,826
306,BMY,2020-07-23,0 days 15:57:49.637818,731673,59.69,59.67,1913,4851,2678,-6222
307,BMY,2020-07-23,0 days 15:57:50.639807,727413,59.69,59.68,2913,400,-3660,2678
308,BMY,2020-07-23,0 days 15:58:28.734541,724105,59.65,59.64,3700,809,92,-2308
309,BMY,2020-07-23,0 days 15:58:29.736619,721197,59.65,59.64,3600,952,-2908,92
310,BMY,2020-07-23,0 days 15:58:33.746640,724105,59.66,59.65,3200,1409,4564,-3608
311,BMY,2020-07-23,0 days 15:58:34.749923,716097,59.66,59.65,3800,1009,-8008,4564
312,BMY,2020-07-23,0 days 15:58:41.765136,724635,59.64,59.63,3200,914,159,-2338
313,BMY,2020-07-23,0 days 15:58:45.775753,720294,59.65,59.64,2510,1624,-4341,559
314,BMY,2020-07-23,0 days 15:59:00.813204,717635,59.66,59.65,1020,4327,15852,-1120
315,BMY,2020-07-23,0 days 15:59:24.853515,891745,59.84,59.83,600,2957,5394,-5816
316,BMY,2020-07-23,0 days 15:59:41.894260,895910,59.87,59.86,723,2400,8319,-15946
317,BMY,2020-07-23,0 days 15:59:42.897298,904772,59.88,59.87,1100,1547,-11451,8319
318,BMY,2020-07-23,0 days 15:59:44.901448,902948,59.87,59.86,800,1100,2714,-1351
319,BMY,2020-07-23,0 days 15:59:46.906286,905662,59.85,59.84,200,2923,-7236,12041
320,BMY,2020-07-23,0 days 15:59:50.915708,901887,59.86,59.84,1100,3794,4287,-3313
321,BP,2020-07-23,0 days 15:56:29.396238,57658,23.2,23.19,16731,41847,338,-691
322,BP,2020-07-23,0 days 15:59:19.808187,60978,23.23,23.22,32010,8339,-3901,1559
323,BRK.B,2020-07-23,0 days 15:58:39.617836,477227,193.12,193.08,100,400,5508,-67402
324,BRK.B,2020-07-23,0 days 15:58:40.620208,477835,193.17,193.14,6255,776,-539,5508
325,BRK.B,2020-07-23,0 days 15:58:45.630463,478374,193.17,193.15,6767,300,961,-539
326,BRK.B,2020-07-23,0 days 15:58:52.649588,478435,193.16,193.14,360,181,-122,61
327,BRK.B,2020-07-23,0 days 15:59:04.678785,481864,193.21,193.2,100,200,14742,-2005
328,BRK.B,2020-07-23,0 days 15:59:06.684081,422606,193.24,193.21,300,500,-59258,15942
329,BSX,2020-07-23,0 days 15:55:01.090854,335178,38.34,38.33,6906,1600,-1641,3159
330,BSX,2020-07-23,0 days 15:57:51.500373,359871,38.41,38.4,6724,2057,1536,-4864
331,BSX,2020-07-23,0 days 15:57:55.508680,353245,38.41,38.4,3381,2400,-2102,786
332,BSX,2020-07-23,0 days 15:57:59.518802,356259,38.4,38.38,5781,3103,586,-4702
333,BSX,2020-07-23,0 days 15:58:00.521088,353545,38.4,38.38,6781,2103,-1802,586
334,BSX,2020-07-23,0 days 15:58:28.589346,355487,38.38,38.37,3330,2372,3258,-1942
335,BSX,2020-07-23,0 days 15:58:41.621007,355500,38.39,38.38,3161,1900,2749,-842
336,BSX,2020-07-23,0 days 15:58:42.623205,354249,38.39,38.38,1461,4500,-1238,2749
337,BSX,2020-07-23,0 days 15:59:04.677245,354640,38.41,38.4,4284,1900,-1014,1386
338,BSX,2020-07-23,0 days 15:59:06.682483,362654,38.41,38.4,5994,1400,49441,-8014
339,BSX,2020-07-23,0 days 15:59:07.684266,407787,38.42,38.41,2800,4139,-367,49441
340,BSX,2020-07-23,0 days 15:59:08.686914,417154,38.42,38.41,4100,2280,12156,-367
341,BSX,2020-07-23,0 days 15:59:13.699627,430090,38.42,38.41,1600,6198,-12792,1051
342,BSX,2020-07-23,0 days 15:59:14.701483,427082,38.42,38.41,7826,1005,8888,-12792
343,BSX,2020-07-23,0 days 15:59:19.701676,433247,38.43,38.42,615,6605,2990,-3310
344,BSX,2020-07-23,0 days 15:59:31.731451,437712,38.42,38.41,3282,8058,-13590,1412
345,BSX,2020-07-23,0 days 15:59:32.733761,422014,38.42,38.41,1280,6400,19098,-13590
346,BSX,2020-07-23,0 days 15:59:33.735696,441112,38.42,38.41,680,7025,-3328,19098
347,BSX,2020-07-23,0 days 15:59:36.743264,440405,38.44,38.43,1200,6100,707,-5493
348,BSX,2020-07-23,0 days 15:59:37.746766,441112,38.44,38.43,8210,900,-31230,707
349,BTI,2020-07-23,0 days 15:55:31.256121,29607,34.82,34.81,6742,3503,-1431,1169
350,BTI,2020-07-23,0 days 15:55:32.258247,28538,34.82,34.81,3376,6943,1069,-1431
351,BTI,2020-07-23,0 days 15:55:42.282995,29657,34.82,34.81,7022,1903,-213,1119
352,BTI,2020-07-23,0 days 15:55:43.284764,28670,34.82,34.81,6522,2803,987,-213
353,BTI,2020-07-23,0 days 15:57:56.606206,28867,34.85,34.84,3866,2818,790,-10
354,BX,2020-07-23,0 days 15:56:02.238538,136289,56.72,56.69,206,500,419,-1030
355,BX,2020-07-23,0 days 15:56:03.240905,133108,56.73,56.69,565,479,-3181,419
356,BX,2020-07-23,0 days 15:58:37.612787,137122,56.73,56.69,400,100,2530,-70
357,BX,2020-07-23,0 days 15:58:38.615988,134752,56.73,56.69,400,100,-2370,2530
358,BX,2020-07-23,0 days 15:58:53.651424,137122,56.74,56.73,200,304,1272,-1370
359,BX,2020-07-23,0 days 15:58:54.654063,135094,56.75,56.73,400,304,-2028,1272
360,BYD,2020-07-23,0 days 15:58:38.603870,119280,21.87,21.86,205,600,446,-3141
361,BYD,2020-07-23,0 days 15:58:39.606320,117826,21.87,21.86,205,700,-1454,446
362,BYD,2020-07-23,0 days 15:59:03.666109,121295,21.87,21.86,400,700,788,-899
363,BYD,2020-07-23,0 days 15:59:50.770244,127759,21.89,21.87,400,400,-17239,811
364,C,2020-07-23,0 days 15:55:00.269028,777743,52.01,52.0,2711,1500,135481,-47816
365,C,2020-07-23,0 days 15:59:27.915873,961358,52.02,52.01,1081,3200,-267,20818
366,C,2020-07-23,0 days 15:59:32.927804,950888,52.05,52.04,4003,200,3557,-7043
367,C,2020-07-23,0 days 15:59:39.944880,954446,52.07,52.06,1552,1100,-2216,1400
368,C,2020-07-23,0 days 15:59:40.948388,925689,52.05,52.04,4989,300,28757,-2216
369,C,2020-07-23,0 days 15:59:41.950158,954446,52.09,52.08,1337,800,-28822,28757
370,C,2020-07-23,0 days 15:59:50.972775,945187,52.09,52.08,3243,1220,9259,-4841
371,CADE,2020-07-23,0 days 15:55:57.338558,188884,8.35,8.34,1075,6255,-46701,64326
372,CADE,2020-07-23,0 days 15:55:58.341714,182685,8.34,8.33,5530,4975,6199,-46701
373,CAG,2020-07-23,0 days 15:59:04.663637,194227,36.84,36.83,3400,1054,-2015,1544
374,CAG,2020-07-23,0 days 15:59:06.669192,193033,36.82,36.81,1631,2200,1194,-25962
375,CAG,2020-07-23,0 days 15:59:08.673161,194227,36.82,36.81,1231,2400,-663,1194
376,CAG,2020-07-23,0 days 15:59:11.680635,194890,36.82,36.81,2931,1200,2041,-663
377,CAG,2020-07-23,0 days 15:59:26.712999,196931,36.83,36.82,400,4418,-4383,4617
378,CALX,2020-07-23,0 days 15:59:05.863093,74282,20.61,20.6,1281,898,-6992,2493
379,CALX,2020-07-23,0 days 15:59:06.865760,71015,20.6,20.59,1081,200,3682,-6992
380,CALX,2020-07-23,0 days 15:59:30.925014,72197,20.64,20.63,225,100,-2477,223
381,CALX,2020-07-23,0 days 15:59:31.926145,70974,20.64,20.62,799,125,1123,-2477
382,CARR,2020-07-23,0 days 15:57:41.477454,684241,27.34,27.33,907,1807,6828,-23272
383,CARR,2020-07-23,0 days 15:57:42.479207,679869,27.34,27.33,592,2018,-4372,6828
384,CARR,2020-07-23,0 days 15:57:57.515920,679877,27.35,27.34,2021,784,-4364,7336
385,CAT,2020-07-23,0 days 15:55:00.089068,154254,136.4,136.36,210,200,4108,-2708
386,CAT,2020-07-23,0 days 15:55:01.092376,154162,136.37,136.32,400,200,-92,4108
387,CAT,2020-07-23,0 days 15:55:27.154969,154254,136.36,136.32,200,299,713,-192
388,CAT,2020-07-23,0 days 15:55:29.159209,155167,136.35,136.32,100,300,-187,13
389,CAT,2020-07-23,0 days 15:55:43.192785,155760,136.39,136.36,300,300,97,-93
390,CAT,2020-07-23,0 days 15:55:44.195149,155657,136.37,136.34,100,204,-325,97
391,CAT,2020-07-23,0 days 15:56:28.300601,157928,136.41,136.37,200,400,110,-190
392,CAT,2020-07-23,0 days 15:56:29.303481,157738,136.4,136.37,400,200,-190,110
393,CAT,2020-07-23,0 days 15:56:32.310360,157928,136.35,136.3,400,200,515,-190
394,CAT,2020-07-23,0 days 15:56:33.312568,157943,136.35,136.3,300,400,-175,515
395,CAT,2020-07-23,0 days 15:56:51.356144,158060,136.42,136.39,406,400,-558,147
396,CAT,2020-07-23,0 days 15:57:14.411742,158118,136.38,136.35,300,349,119,-58
397,CAT,2020-07-23,0 days 15:57:45.487612,161118,136.5,136.48,200,310,319,-281
398,CAT,2020-07-23,0 days 15:57:48.493968,160727,136.51,136.48,200,100,-291,109
399,CAT,2020-07-23,0 days 15:57:56.513489,158818,136.43,136.39,400,412,1909,-691
400,CAT,2020-07-23,0 days 15:57:57.515907,158427,136.43,136.39,300,714,-391,1909
401,CAT,2020-07-23,0 days 15:58:01.526645,158818,136.44,136.39,200,614,1309,-91
402,CAT,2020-07-23,0 days 15:58:05.535702,158427,136.4,136.35,500,300,-591,609
403,CAT,2020-07-23,0 days 15:58:06.537662,158318,136.4,136.35,500,300,109,-591
404,CAT,2020-07-23,0 days 15:58:15.559988,159132,136.37,136.35,693,100,-586,109
405,CAT,2020-07-23,0 days 15:58:17.564856,158318,136.37,136.35,100,502,814,-591
406,CAT,2020-07-23,0 days 15:58:34.605879,161162,136.4,136.35,300,600,-306,1239
407,CAT,2020-07-23,0 days 15:58:35.607991,160968,136.4,136.35,500,500,194,-306
408,CAT,2020-07-23,0 days 15:58:36.610939,159603,136.4,136.35,500,412,-1365,194
409,CAT,2020-07-23,0 days 15:58:37.612773,159568,136.4,136.36,500,200,35,-1365
410,CAT,2020-07-23,0 days 15:58:43.627418,159755,136.46,136.43,325,400,-1213,192
411,CAT,2020-07-23,0 days 15:58:54.654046,163493,136.49,136.45,498,100,162,-238
412,CAT,2020-07-23,0 days 15:59:03.676882,163675,136.51,136.47,600,200,-72,2128
413,CAT,2020-07-23,0 days 15:59:04.679068,163447,136.49,136.44,200,600,228,-72
414,CAT,2020-07-23,0 days 15:59:12.698807,165424,136.56,136.5,200,309,-30,1844
415,CAT,2020-07-23,0 days 15:59:15.693826,164348,136.56,136.5,300,109,1083,-617
416,CAT,2020-07-23,0 days 15:59:20.706194,175931,136.61,136.57,200,200,-10436,9122
417,CAT,2020-07-23,0 days 15:59:21.708223,173367,136.59,136.54,308,200,2564,-10436
418,CAT,2020-07-23,0 days 15:59:32.735540,176261,136.62,136.59,100,231,-1098,1302
419,CAT,2020-07-23,0 days 15:59:33.737439,176259,136.63,136.6,212,300,2,-1098
420,CAT,2020-07-23,0 days 15:59:34.739956,176261,136.66,136.62,100,431,-1798,2
421,CAT,2020-07-23,0 days 15:59:40.755256,174959,136.61,136.58,200,200,1328,-372
422,CAT,2020-07-23,0 days 15:59:56.791952,172459,136.65,136.52,300,100,4386,-114
423,CBL,2020-07-23,0 days 15:55:01.272295,30360,0.18,0.17,400,150408,-5306,11662
424,CCJ,2020-07-23,0 days 15:59:03.729392,69381,12.0,11.99,15154,3013,-646,1565
425,CCJ,2020-07-23,0 days 15:59:07.739521,61927,12.0,11.99,18306,3035,7454,-2046
426,CCL,2020-07-23,0 days 15:58:01.516084,438604,14.83,14.82,18833,8336,-18478,822
427,CCL,2020-07-23,0 days 15:59:33.729480,606561,14.82,14.81,18200,16091,22200,-3639
428,CCL,2020-07-23,0 days 15:59:34.731252,587261,14.82,14.81,2300,26763,-19300,22200
429,CCL,2020-07-23,0 days 15:59:48.766586,610061,14.82,14.81,14467,11791,6399,-12564
430,CDE,2020-07-23,0 days 15:57:02.421724,193356,7.46,7.45,14600,23247,-2833,4867
431,CDE,2020-07-23,0 days 15:57:03.423006,192288,7.46,7.45,9600,23857,1068,-2833
432,CDE,2020-07-23,0 days 15:59:07.726452,173188,7.47,7.46,8870,28651,22735,-13665
433,CFG,2020-07-23,0 days 15:57:06.383242,266165,26.07,26.06,2033,3474,2249,-2061
434,CFG,2020-07-23,0 days 15:57:07.384000,259814,26.07,26.06,1233,3674,-6351,2249
435,CFG,2020-07-23,0 days 15:58:36.599449,259964,26.07,26.06,4328,3211,2894,-3507
436,CFG,2020-07-23,0 days 15:58:37.601109,256258,26.07,26.06,1700,4811,-3706,2894
437,CIG,2020-07-23,0 days 15:55:17.181215,302998,2.35,2.34,33700,268536,-721,4874
438,CIG,2020-07-23,0 days 15:55:33.220901,286019,2.35,2.34,48200,266612,16979,-19721
439,CIG,2020-07-23,0 days 15:58:05.587398,310521,2.35,2.34,52900,302512,-3555,6774
440,CIG,2020-07-23,0 days 15:58:06.590537,296876,2.35,2.34,52900,302512,7745,-3555
441,CIG,2020-07-23,0 days 15:59:08.742369,310521,2.35,2.34,51487,299697,-31482,4046
442,CIG,2020-07-23,0 days 15:59:09.744607,303803,2.35,2.34,51487,299697,818,-31482
443,CIG,2020-07-23,0 days 15:59:48.813541,322753,2.36,2.35,186347,257906,6312,-6088
444,CIM,2020-07-23,0 days 15:59:06.684242,184685,9.17,9.16,23429,14729,4180,-822
445,CIM,2020-07-23,0 days 15:59:07.685866,183165,9.17,9.16,23438,14729,-1520,4180
446,CIM,2020-07-23,0 days 15:59:45.766354,184764,9.17,9.16,17820,16374,4142,-858
447,CIM,2020-07-23,0 days 15:59:46.771073,184106,9.17,9.16,14949,17174,-2185,4142
448,CIT,2020-07-23,0 days 15:55:00.126208,66398,19.53,19.51,802,398,-719,22352
449,CIT,2020-07-23,0 days 15:55:01.128966,64917,19.52,19.51,1891,498,1481,-719
450,CIT,2020-07-23,0 days 15:58:47.676460,68799,19.55,19.54,500,1251,939,-761
451,CIT,2020-07-23,0 days 15:58:52.688620,68913,19.56,19.55,1533,200,225,-75
452,CIT,2020-07-23,0 days 15:59:06.724772,73454,19.56,19.55,729,400,-2587,3841
453,CIT,2020-07-23,0 days 15:59:08.728200,72241,19.56,19.55,977,300,613,-587
454,CL,2020-07-23,0 days 15:55:00.126125,363339,74.25,74.24,2610,900,-9054,10833
455,CL,2020-07-23,0 days 15:58:36.649499,366507,74.28,74.27,400,400,9071,-1400
456,CL,2020-07-23,0 days 15:58:37.651936,355978,74.29,74.27,100,1990,-10529,9071
457,CL,2020-07-23,0 days 15:59:05.721867,388348,74.3,74.29,300,765,1872,-4664
458,CL,2020-07-23,0 days 15:59:08.728150,390220,74.3,74.29,2802,196,-431,1569
459,CL,2020-07-23,0 days 15:59:12.737728,384464,74.31,74.3,500,600,-7064,17829
460,CL,2020-07-23,0 days 15:59:31.783672,401472,74.31,74.3,200,300,10388,-4220
461,CL,2020-07-23,0 days 15:59:32.785798,382360,74.33,74.31,900,1000,-19112,10388
462,CL,2020-07-23,0 days 15:59:47.822069,399345,74.32,74.31,632,200,-3579,7973
463,CLDR,2020-07-23,0 days 15:57:46.528360,303855,11.56,11.55,7588,5000,-4945,1055
464,CLDR,2020-07-23,0 days 15:59:15.746569,323473,11.57,11.56,2305,7764,4465,-1967
465,CLDR,2020-07-23,0 days 15:59:39.802544,336251,11.57,11.56,10200,7580,287,-3113
466,CLF,2020-07-23,0 days 15:55:32.258276,235294,5.74,5.73,23759,63045,2776,-3524
467,CLF,2020-07-23,0 days 15:55:33.260705,204370,5.74,5.73,23759,63045,-30824,2776
468,CLGX,2020-07-23,0 days 15:59:15.818868,267305,68.33,68.25,100,100,-27623,129683
469,CLGX,2020-07-23,0 days 15:59:16.820975,254888,68.25,68.19,100,200,12417,-27623
470,CLGX,2020-07-23,0 days 15:59:17.823294,267305,68.23,68.17,156,100,-9183,12417
471,CLGX,2020-07-23,0 days 15:59:18.832108,266363,68.23,68.17,100,100,942,-9183
472,CLGX,2020-07-23,0 days 15:59:20.830369,267305,68.28,68.17,100,100,-14723,942
473,CLGX,2020-07-23,0 days 15:59:22.835170,267428,68.28,68.17,500,100,377,-123
474,CLGX,2020-07-23,0 days 15:59:26.844683,267805,68.31,68.24,100,100,-423,377
475,CLGX,2020-07-23,0 days 15:59:28.849532,267528,68.26,68.19,100,500,277,-423
476,CLGX,2020-07-23,0 days 15:59:30.855297,267805,68.31,68.24,100,120,-14023,277
477,CLNY,2020-07-23,0 days 15:57:17.532224,216079,1.86,1.85,43546,53400,1998,-4202
478,CLNY,2020-07-23,0 days 15:57:18.533979,178677,1.86,1.85,43546,53400,-37402,1998
479,CLNY,2020-07-23,0 days 15:57:51.614338,216079,1.86,1.85,38594,52400,26898,-37402
480,CLNY,2020-07-23,0 days 15:57:52.616566,212477,1.86,1.85,38594,52300,-3602,26898
481,CLR,2020-07-23,0 days 15:55:00.200813,58904,17.26,17.25,3106,927,613,-6522
482,CLR,2020-07-23,0 days 15:57:55.622800,66600,17.33,17.32,800,548,-672,928
483,CLR,2020-07-23,0 days 15:57:56.627111,65672,17.32,17.31,1632,200,928,-672
484,CLR,2020-07-23,0 days 15:59:04.792933,66249,17.32,17.31,1627,200,543,-271
485,CLR,2020-07-23,0 days 15:59:19.828606,69573,17.32,17.31,1800,444,-75,541
486,CLR,2020-07-23,0 days 15:59:37.871769,69346,17.33,17.32,2761,100,27,-573
487,CMS,2020-07-23,0 days 15:57:01.417917,132135,64.03,64.01,403,1124,237,-163
488,CMS,2020-07-23,0 days 15:57:02.421678,130272,64.03,64.02,303,200,-1863,237
489,CMS,2020-07-23,0 days 15:57:06.429953,132135,64.03,64.01,403,1971,15,-1763
490,CMS,2020-07-23,0 days 15:58:33.642590,145835,64.07,64.06,100,500,654,-3746
491,CMS,2020-07-23,0 days 15:58:34.644475,143589,64.09,64.07,241,700,-2246,654
492,CMS,2020-07-23,0 days 15:58:36.649557,141840,64.09,64.06,544,600,2049,-2246
493,CMS,2020-07-23,0 days 15:58:37.652011,139989,64.09,64.07,241,318,-1851,2049
494,CMS,2020-07-23,0 days 15:58:54.693259,143976,64.09,64.07,800,800,11944,-456
495,CMS,2020-07-23,0 days 15:58:55.695926,140920,64.1,64.09,400,400,-3056,11944
496,CMS,2020-07-23,0 days 15:59:04.718223,148213,64.09,64.08,300,300,3227,-2976
497,CMS,2020-07-23,0 days 15:59:08.728302,148213,64.11,64.09,600,206,26,-673
498,CMS,2020-07-23,0 days 15:59:09.731410,147939,64.11,64.09,500,324,-274,26
499,CMS,2020-07-23,0 days 15:59:19.755247,153003,64.11,64.09,298,700,3202,-3898
500,CMS,2020-07-23,0 days 15:59:20.757322,152605,64.11,64.09,198,818,-398,3202
501,CMS,2020-07-23,0 days 15:59:21.759494,153003,64.1,64.09,156,400,16,-398
502,CMS,2020-07-23,0 days 15:59:31.783771,149819,64.09,64.08,346,200,-84,3116
503,CMS,2020-07-23,0 days 15:59:41.808213,157019,64.09,64.07,300,200,-522,2478
504,CNC,2020-07-23,0 days 15:58:36.599351,306384,67.73,67.71,600,800,3200,-3973
505,CNC,2020-07-23,0 days 15:58:37.601018,298584,67.73,67.71,500,800,-7800,3200
506,CNC,2020-07-23,0 days 15:59:04.667243,316829,67.75,67.74,1000,403,438,-3175
507,CNC,2020-07-23,0 days 15:59:09.681907,317267,67.75,67.74,404,200,-1962,238
508,CNC,2020-07-23,0 days 15:59:11.684937,319229,67.75,67.73,654,601,7264,-1287
509,CNC,2020-07-23,0 days 15:59:12.687371,313884,67.75,67.73,554,601,-5345,7264
510,CNC,2020-07-23,0 days 15:59:18.694244,319554,67.72,67.71,200,700,30624,-427
511,CNC,2020-07-23,0 days 15:59:27.715512,317493,67.7,67.68,300,300,2226,-763
512,CNC,2020-07-23,0 days 15:59:32.727241,332586,67.7,67.68,507,400,8033,-17267
513,CNC,2020-07-23,0 days 15:59:33.729426,328419,67.7,67.68,324,441,-4167,8033
514,CNC,2020-07-23,0 days 15:59:44.755569,324953,67.67,67.65,100,200,-2166,13334
515,CNK,2020-07-23,0 days 15:57:11.394282,111419,12.57,12.56,2354,1536,2517,-1208
516,CNK,2020-07-23,0 days 15:57:12.397156,106336,12.57,12.56,2454,1536,-5083,2517
517,CNK,2020-07-23,0 days 15:58:46.620168,112419,12.58,12.57,1293,4400,2417,-3824
518,CNK,2020-07-23,0 days 15:58:47.622348,107536,12.58,12.57,1293,4300,-4883,2417
519,CNK,2020-07-23,0 days 15:59:06.669441,112419,12.58,12.57,4600,2252,689,-2144
520,CNK,2020-07-23,0 days 15:59:08.673350,109208,12.58,12.57,5585,2949,-3211,2089
521,CNP,2020-07-23,0 days 15:56:09.307526,996848,20.23,20.22,13755,1989,-2384,7119
522,CNP,2020-07-23,0 days 15:56:10.310952,989371,20.22,20.21,5303,10152,7477,-2384
523,CNP,2020-07-23,0 days 15:56:16.324689,996848,20.22,20.21,6405,8752,-2026,7477
524,CNP,2020-07-23,0 days 15:56:17.326370,990274,20.22,20.21,6505,8652,6574,-2026
525,CNP,2020-07-23,0 days 15:57:34.513922,996770,20.24,20.23,16390,901,-14775,25
526,CNP,2020-07-23,0 days 15:57:35.516395,981542,20.24,20.23,15190,3701,15228,-14775
527,CNP,2020-07-23,0 days 15:58:02.581658,991869,20.23,20.22,15603,700,-4868,4627
528,CNP,2020-07-23,0 days 15:58:03.582606,988337,20.23,20.22,15203,5500,3532,-4868
529,CNP,2020-07-23,0 days 15:58:05.586999,991869,20.23,20.22,15203,3800,-568,3532
530,CNP,2020-07-23,0 days 15:58:06.589988,988346,20.23,20.22,15303,3000,3523,-568
531,CNP,2020-07-23,0 days 15:58:08.594177,991869,20.23,20.22,15603,2864,-4377,3523
532,CNP,2020-07-23,0 days 15:58:09.596735,988246,20.23,20.22,15304,3864,3623,-4377
533,CNP,2020-07-23,0 days 15:58:12.603884,991869,20.23,20.22,12704,9064,-4377,3623
534,CNP,2020-07-23,0 days 15:58:13.606681,988246,20.23,20.22,13204,5600,3623,-4377
535,CNP,2020-07-23,0 days 15:58:16.613613,991869,20.23,20.22,13504,6360,-4377,3623
536,CNP,2020-07-23,0 days 15:58:17.617251,988246,20.23,20.22,14404,3096,3623,-4377
537,CNP,2020-07-23,0 days 15:58:31.650310,989446,20.24,20.23,14149,7803,2345,-1955
538,CNP,2020-07-23,0 days 15:59:09.744225,991300,20.24,20.23,14800,5796,13543,-8019
539,CNP,2020-07-23,0 days 15:59:12.750948,1012126,20.24,20.23,15321,7320,-3716,7758
540,CNP,2020-07-23,0 days 15:59:13.754245,1010542,20.24,20.23,15921,5920,5078,-3716
541,CNP,2020-07-23,0 days 15:59:14.745456,1015626,20.24,20.23,17021,7120,-1116,5078
542,CNP,2020-07-23,0 days 15:59:18.755916,1013887,20.24,20.23,15522,9420,1739,-1116
543,CNP,2020-07-23,0 days 15:59:32.775576,1018045,20.24,20.23,4725,17120,-5428,4058
544,CNP,2020-07-23,0 days 15:59:33.777564,1010673,20.24,20.23,2267,19599,7372,-5428
545,CNP,2020-07-23,0 days 15:59:40.795958,1018045,20.24,20.23,864,18875,-978,16472
546,CNQ,2020-07-23,0 days 15:57:48.635097,82917,18.14,18.13,5076,13300,90,-410
547,CNQ,2020-07-23,0 days 15:57:50.639862,79207,18.14,18.13,4576,14000,-3710,590
548,CNX,2020-07-23,0 days 15:55:37.270246,120527,9.46,9.45,3824,3871,20581,-2319
549,CNX,2020-07-23,0 days 15:56:58.467109,137089,9.48,9.47,1300,5152,-1276,124
550,CNX,2020-07-23,0 days 15:56:59.467736,135965,9.48,9.47,1500,4847,1124,-1276
551,CNX,2020-07-23,0 days 15:58:28.683518,139855,9.48,9.47,1300,4935,-474,2426
552,CNX,2020-07-23,0 days 15:58:29.686316,137729,9.48,9.47,700,5440,2126,-474
553,CNX,2020-07-23,0 days 15:58:53.745025,142682,9.48,9.47,5127,904,-6708,829
554,CNX,2020-07-23,0 days 15:58:54.747089,133190,9.48,9.47,5937,314,8917,-6708
555,CNX,2020-07-23,0 days 15:59:38.854648,146141,9.49,9.48,1378,9313,694,-906
556,COF,2020-07-23,0 days 15:55:00.179303,168687,65.4,65.38,200,500,-1253,29296
557,COF,2020-07-23,0 days 15:57:41.569902,172678,65.4,65.38,580,500,204,-296
558,COF,2020-07-23,0 days 15:57:42.572187,172282,65.4,65.39,982,200,-396,204
559,COF,2020-07-23,0 days 15:57:56.606044,172482,65.44,65.42,443,500,-296,504
560,COF,2020-07-23,0 days 15:58:01.617796,172778,65.43,65.42,233,300,1104,-296
561,COF,2020-07-23,0 days 15:58:02.620225,172382,65.43,65.42,300,600,-396,1104
562,COF,2020-07-23,0 days 15:58:07.632716,172899,65.42,65.4,200,900,1883,-517
563,COF,2020-07-23,0 days 15:58:08.635614,172482,65.41,65.4,296,900,-417,1883
564,COF,2020-07-23,0 days 15:58:18.659578,172899,65.4,65.39,300,800,283,-317
565,COF,2020-07-23,0 days 15:58:21.666096,172582,65.39,65.38,500,300,-317,83
566,COF,2020-07-23,0 days 15:58:28.683446,172899,65.39,65.37,400,700,1383,-317
567,COF,2020-07-23,0 days 15:58:29.686265,172782,65.39,65.37,400,800,-117,1383
568,COF,2020-07-23,0 days 15:58:48.732257,171082,65.43,65.41,202,900,-433,467
569,COF,2020-07-23,0 days 15:58:54.746992,171682,65.39,65.38,359,600,-4177,623
570,COF,2020-07-23,0 days 15:59:18.810662,184577,65.4,65.39,220,480,318,-5384
571,COF,2020-07-23,0 days 15:59:19.808117,183795,65.41,65.39,300,444,-782,318
572,COG,2020-07-23,0 days 15:57:58.630286,315014,19.15,19.14,5000,3806,-11201,1099
573,COG,2020-07-23,0 days 15:58:42.738051,342175,19.16,19.15,2942,4036,65565,-100935
574,COG,2020-07-23,0 days 15:58:43.741150,327194,19.17,19.16,2302,4004,-14981,65565
575,COG,2020-07-23,0 days 15:59:15.818930,347182,19.17,19.16,838,6382,103426,-13028
576,COG,2020-07-23,0 days 15:59:16.821009,346084,19.18,19.17,388,6833,-2458,103426
577,COG,2020-07-23,0 days 15:59:19.828665,369559,19.2,19.19,4400,1887,1415,-1575
578,COG,2020-07-23,0 days 15:59:31.857106,376943,19.19,19.18,762,6535,-605,8784
579,COG,2020-07-23,0 days 15:59:42.884579,377648,19.19,19.18,738,5000,5610,-527
580,COG,2020-07-23,0 days 15:59:46.893798,390869,19.2,19.19,3786,2267,-1836,6196
581,COG,2020-07-23,0 days 15:59:47.897087,392705,19.2,19.19,4000,800,5101,-1836
582,COP,2020-07-23,0 days 15:59:06.669408,486428,40.49,40.48,798,1400,12157,-13668
583,COP,2020-07-23,0 days 15:59:07.671004,480485,40.49,40.48,398,800,-5943,12157
584,COP,2020-07-23,0 days 15:59:33.729922,518384,40.5,40.49,205,1570,2114,-6299
585,COP,2020-07-23,0 days 15:59:37.740746,517440,40.51,40.49,500,2966,-944,2114
586,COTY,2020-07-23,0 days 15:59:19.703412,299897,4.16,4.15,14710,120367,44308,-24192
587,COTY,2020-07-23,0 days 15:59:48.772618,338206,4.17,4.16,70921,105746,5999,-401
588,CPRI,2020-07-23,0 days 15:55:03.184714,206866,15.62,15.61,500,2288,-639,7483
589,CPRI,2020-07-23,0 days 15:55:27.246848,192372,15.62,15.61,220,1500,14494,-639
590,CPRI,2020-07-23,0 days 15:55:44.285155,207151,15.61,15.6,2500,430,-188,1370
591,CPRI,2020-07-23,0 days 15:56:08.343077,205972,15.62,15.61,400,1102,1179,-201
592,CPRI,2020-07-23,0 days 15:58:05.625784,219959,15.68,15.67,1900,300,-3593,8407
593,CPRI,2020-07-23,0 days 15:58:06.628504,212452,15.68,15.67,2000,100,5507,-3593
594,CPRI,2020-07-23,0 days 15:58:08.633364,221020,15.66,15.65,1885,1151,-22732,5568
595,CPRI,2020-07-23,0 days 15:58:09.635433,214052,15.67,15.66,1484,400,6063,-22732
596,CPRI,2020-07-23,0 days 15:58:37.703403,208052,15.7,15.68,1072,2667,3775,-625
597,CPRI,2020-07-23,0 days 15:58:44.720377,205352,15.7,15.69,800,3253,3075,-4425
598,CPRI,2020-07-23,0 days 15:58:51.737828,213727,15.69,15.68,800,900,-947,1675
599,CPRI,2020-07-23,0 days 15:58:52.740166,204574,15.67,15.65,2000,1000,12153,-947
600,CPRI,2020-07-23,0 days 15:59:10.785699,217587,15.69,15.68,100,1200,-1079,821
601,CPRI,2020-07-23,0 days 15:59:11.788496,215066,15.69,15.68,400,1200,421,-1079
602,CPRI,2020-07-23,0 days 15:59:28.826960,224206,15.68,15.67,800,1088,-203,697
603,CPRI,2020-07-23,0 days 15:59:39.855072,224509,15.69,15.68,800,1600,7078,-7773
604,CRM,2020-07-23,0 days 15:59:13.754664,369610,188.49,188.44,134,100,2104,-26661
605,CRM,2020-07-23,0 days 15:59:16.751522,367363,188.51,188.44,200,400,-2247,4753
606,CRM,2020-07-23,0 days 15:59:19.759524,370618,188.52,188.46,214,400,29977,-2361
607,CRM,2020-07-23,0 days 15:59:20.761433,362484,188.58,188.5,300,301,-8134,29977
608,CRM,2020-07-23,0 days 15:59:21.763214,370618,188.57,188.5,100,200,169,-8134
609,CRM,2020-07-23,0 days 15:59:22.751931,370787,188.57,188.53,100,200,-4631,169
610,CRM,2020-07-23,0 days 15:59:26.761099,372118,188.52,188.51,200,177,10074,-6931
611,CRM,2020-07-23,0 days 15:59:31.773784,386917,188.52,188.49,100,100,-373,1099
612,CRM,2020-07-23,0 days 15:59:42.799944,392090,188.61,188.5,365,100,619,-946
613,CRM,2020-07-23,0 days 15:59:50.817897,385125,188.68,188.56,587,300,-6978,922
614,CRM,2020-07-23,0 days 15:59:55.830262,387290,188.61,188.46,100,200,664,-5302
615,CRM,2020-07-23,0 days 15:59:59.839037,391848,188.61,188.49,300,200,-242,8154
616,CS,2020-07-23,0 days 15:55:43.192785,91311,10.57,10.56,16397,111389,-1862,170
617,CS,2020-07-23,0 days 15:55:44.195149,85773,10.57,10.56,13397,106089,5438,-1862
618,CS,2020-07-23,0 days 15:59:01.671965,91550,10.6,10.59,44327,148977,-27477,36923
619,CS,2020-07-23,0 days 15:59:02.673842,88727,10.6,10.59,42327,148977,8823,-27477
620,CS,2020-07-23,0 days 15:59:09.691428,95456,10.6,10.59,42227,147277,2094,-10906
621,CSTM,2020-07-23,0 days 15:57:55.622925,30593,8.91,8.9,858,200,82,-818
622,CSTM,2020-07-23,0 days 15:58:07.653460,37475,8.9,8.88,1200,3074,-618,1182
623,CSTM,2020-07-23,0 days 15:58:27.701931,38093,8.89,8.88,2080,3038,1778,-418
624,CSTM,2020-07-23,0 days 15:58:28.704336,37671,8.89,8.88,2080,2938,-422,1778
625,CSTM,2020-07-23,0 days 15:59:05.795698,39352,8.89,8.88,1887,3557,1698,-72
626,CSTM,2020-07-23,0 days 15:59:06.798645,39350,8.89,8.88,1777,3557,-2,1698
627,CTL,2020-07-23,0 days 15:57:39.461820,414523,9.98,9.97,15218,42411,9958,-42
628,CTL,2020-07-23,0 days 15:57:40.464462,411881,9.98,9.97,15818,45909,-2642,9958
629,CTL,2020-07-23,0 days 15:58:59.654795,414923,9.99,9.98,28116,56718,153,-2692
630,CTL,2020-07-23,0 days 15:59:11.685056,418745,9.99,9.98,31307,52382,-2023,1337
631,CTL,2020-07-23,0 days 15:59:17.690836,420768,9.99,9.98,33352,49051,189,-2011
632,CTL,2020-07-23,0 days 15:59:21.700721,408529,9.99,9.98,9501,69467,-12239,15361
633,CTL,2020-07-23,0 days 15:59:26.713065,420768,9.99,9.98,21312,67770,18761,-12239
634,CTL,2020-07-23,0 days 15:59:27.715656,412129,9.99,9.98,21712,64470,-8639,18761
635,CVE,2020-07-23,0 days 15:59:01.671965,55363,4.98,4.97,55460,57411,1198,-26479
636,CVE,2020-07-23,0 days 15:59:20.706194,53488,4.98,4.97,27927,63311,15889,-20011
637,CVE,2020-07-23,0 days 15:59:21.708223,52077,4.98,4.97,27996,62911,-1411,15889
638,CVS,2020-07-23,0 days 15:55:29.147947,438841,63.77,63.76,800,900,54692,-10174
639,CVS,2020-07-23,0 days 15:55:30.150470,433055,63.79,63.78,1264,200,-5786,54692
640,CVS,2020-07-23,0 days 15:55:45.187268,440360,63.77,63.76,343,400,377,-7043
641,CVS,2020-07-23,0 days 15:55:46.189004,435137,63.77,63.76,518,875,-6162,377
642,CVS,2020-07-23,0 days 15:56:09.244091,444674,63.81,63.8,500,1075,757,-6888
643,CVS,2020-07-23,0 days 15:56:10.247333,439053,63.81,63.8,1275,376,-5621,757
644,CVS,2020-07-23,0 days 15:57:54.497778,444050,63.79,63.77,1200,375,-8779,121
645,CVS,2020-07-23,0 days 15:58:17.555096,446630,63.73,63.71,776,300,293,-1407
646,CVS,2020-07-23,0 days 15:58:18.556506,442823,63.73,63.72,1085,100,-3807,293
647,CVS,2020-07-23,0 days 15:59:07.674564,450925,63.8,63.79,375,400,-2299,9901
648,CVS,2020-07-23,0 days 15:59:18.694209,453224,63.8,63.79,1075,200,1911,-1062
649,CVS,2020-07-23,0 days 15:59:20.698425,455465,63.83,63.82,386,200,-859,14841
650,CVS,2020-07-23,0 days 15:59:27.715478,456302,63.82,63.81,761,590,-3622,793
651,CVS,2020-07-23,0 days 15:59:28.717243,460924,63.81,63.8,500,500,4268,-3622
652,CVS,2020-07-23,0 days 15:59:32.727216,498603,63.81,63.8,643,275,29689,-38611
653,CVS,2020-07-23,0 days 15:59:33.729393,492892,63.82,63.8,475,2172,-5711,29689
654,CVX,2020-07-23,0 days 15:56:04.243635,671867,90.67,90.64,200,200,48907,-100082
655,CVX,2020-07-23,0 days 15:56:05.245362,666374,90.71,90.67,100,500,-5493,48907
656,CVX,2020-07-23,0 days 15:59:06.684437,710894,90.99,90.98,400,600,24518,-14694
657,CVX,2020-07-23,0 days 15:59:44.764276,775615,91.1,91.09,300,800,5430,-9354
658,CVX,2020-07-23,0 days 15:59:53.785752,739711,91.06,91.04,456,441,40395,-7446
659,CX,2020-07-23,0 days 15:57:41.617852,156211,2.83,2.82,20194,129701,4412,-5588
660,CX,2020-07-23,0 days 15:57:42.620078,145423,2.83,2.82,20194,129701,-10788,4412
661,CYH,2020-07-23,0 days 15:57:07.394913,94336,3.94,3.93,18400,10544,-177,927
662,CYH,2020-07-23,0 days 15:57:08.397457,92569,3.94,3.93,19820,10544,1767,-177
663,CYH,2020-07-23,0 days 15:59:46.771189,106255,3.93,3.92,15112,12928,-1700,32
664,CYH,2020-07-23,0 days 15:59:48.772821,104355,3.93,3.92,14512,13271,1900,-1700
665,D,2020-07-23,0 days 15:55:06.194394,301403,80.26,80.25,300,200,436,-7164
666,D,2020-07-23,0 days 15:55:09.201707,299239,80.31,80.3,300,200,-2164,436
667,D,2020-07-23,0 days 15:55:46.291770,302229,80.37,80.35,600,273,1653,-1903
668,D,2020-07-23,0 days 15:56:03.332986,303391,80.48,80.45,300,541,-735,165
669,D,2020-07-23,0 days 15:56:06.340705,304126,80.46,80.45,200,100,2203,-735
670,D,2020-07-23,0 days 15:56:25.385587,310818,80.44,80.42,100,398,-87,313
671,D,2020-07-23,0 days 15:56:26.388504,310505,80.43,80.4,200,100,313,-87
672,D,2020-07-23,0 days 15:56:51.448990,227418,80.53,80.51,200,168,-82776,235
673,D,2020-07-23,0 days 15:56:55.458160,309183,80.51,80.47,920,200,2035,-82776
674,D,2020-07-23,0 days 15:59:08.782048,251977,80.6,80.57,200,600,-214478,9528
675,D,2020-07-23,0 days 15:59:09.784113,369298,80.59,80.57,466,500,98874,-214478
676,D,2020-07-23,0 days 15:59:12.791000,468172,80.58,80.54,200,1600,-1242,24758
677,D,2020-07-23,0 days 15:59:13.793502,486945,80.58,80.54,200,1500,1040,-1242
678,D,2020-07-23,0 days 15:59:19.808163,333587,80.63,80.6,800,800,-170330,11644
679,D,2020-07-23,0 days 15:59:21.811958,389423,80.6,80.57,300,200,179839,-55358
680,D,2020-07-23,0 days 15:59:22.814637,333587,80.61,80.57,100,800,-165458,179839
681,D,2020-07-23,0 days 15:59:40.858977,403318,80.57,80.55,600,100,175286,-156146
682,D,2020-07-23,0 days 15:59:47.876016,347051,80.63,80.6,700,750,-170519,78108
683,D,2020-07-23,0 days 15:59:52.887475,347051,80.61,80.58,848,300,-80880,155417
684,D,2020-07-23,0 days 15:59:55.895602,427309,80.61,80.56,1300,124,155417,-80880
685,D,2020-07-23,0 days 15:59:56.895156,347051,80.61,80.54,1400,1300,-80880,155417
686,DAL,2020-07-23,0 days 15:57:07.384000,553936,26.76,26.75,10726,1010,-37402,5288
687,DAL,2020-07-23,0 days 15:57:08.387149,546138,26.75,26.74,8501,4307,7798,-37402
688,DAL,2020-07-23,0 days 15:59:01.659792,633949,26.73,26.72,6610,5510,-6970,7771
689,DAL,2020-07-23,0 days 15:59:31.724459,607801,26.75,26.74,493,10493,12703,-8783
690,DAL,2020-07-23,0 days 15:59:32.727315,620504,26.76,26.75,4800,6500,-10590,12703
691,DAL,2020-07-23,0 days 15:59:50.769962,565574,26.79,26.78,5101,3885,38548,-28152
692,DB,2020-07-23,0 days 15:58:51.635445,72623,9.62,9.61,68779,96153,9630,-3891
693,DELL,2020-07-23,0 days 15:55:00.228451,371096,61.32,61.27,100,422,-2199,21833
694,DELL,2020-07-23,0 days 15:55:01.229822,369895,61.32,61.27,100,522,1201,-2199
695,DELL,2020-07-23,0 days 15:55:57.376025,370410,61.4,61.35,219,300,766,-334
696,DELL,2020-07-23,0 days 15:57:37.608033,378009,61.39,61.38,180,200,-2315,2585
697,DELL,2020-07-23,0 days 15:57:38.610469,376524,61.4,61.37,1206,400,1485,-2315
698,DELL,2020-07-23,0 days 15:58:10.690272,385609,61.43,61.4,200,300,-3541,1559
699,DELL,2020-07-23,0 days 15:58:11.692317,383750,61.43,61.4,200,300,1459,-3541
700,DELL,2020-07-23,0 days 15:58:50.787138,382949,61.47,61.44,300,100,-1221,679
701,DELL,2020-07-23,0 days 15:58:51.790667,381930,61.47,61.44,300,300,1019,-1221
702,DELL,2020-07-23,0 days 15:59:44.901600,403406,61.55,61.54,300,527,-182,1119
703,DELL,2020-07-23,0 days 15:59:47.908878,404249,61.56,61.48,200,300,5073,-705
704,DFS,2020-07-23,0 days 15:58:01.526630,269098,51.6,51.58,700,500,21816,-3084
705,DFS,2020-07-23,0 days 15:58:02.529739,263714,51.61,51.6,312,400,-5384,21816
706,DFS,2020-07-23,0 days 15:58:32.601277,272922,51.55,51.54,439,500,-1497,4603
707,DFS,2020-07-23,0 days 15:58:41.622539,274419,51.55,51.54,279,898,312,-2597
708,DFS,2020-07-23,0 days 15:58:42.624700,271631,51.55,51.54,279,998,-7288,312
709,DFS,2020-07-23,0 days 15:59:00.671995,278988,51.57,51.56,1500,434,2018,-3987
710,DFS,2020-07-23,0 days 15:59:01.671851,276738,51.57,51.56,1200,834,-2250,2018
711,DFS,2020-07-23,0 days 15:59:05.681923,278988,51.56,51.55,1600,100,2052,-2123
712,DFS,2020-07-23,0 days 15:59:06.684337,276440,51.56,51.55,811,301,-2548,2052
713,DFS,2020-07-23,0 days 15:59:19.703535,265030,51.57,51.56,200,500,-20673,11337
714,DFS,2020-07-23,0 days 15:59:20.706131,285703,51.57,51.56,300,153,3261,-20673
715,DFS,2020-07-23,0 days 15:59:21.708180,284172,51.57,51.56,400,153,-1531,3261
716,DFS,2020-07-23,0 days 15:59:28.725182,286403,51.6,51.57,802,400,710,-5590
717,DFS,2020-07-23,0 days 15:59:29.727331,284613,51.6,51.57,570,500,-1790,710
718,DFS,2020-07-23,0 days 15:59:40.755182,286403,51.61,51.6,300,100,14,-2586
719,DFS,2020-07-23,0 days 15:59:41.757376,285817,51.61,51.59,500,100,-586,14
720,DFS,2020-07-23,0 days 15:59:59.799485,287417,51.64,51.58,700,200,23540,-855
721,DFS,2020-07-23,0 days 16:00:00.801361,281896,51.66,51.34,3300,100,-5521,23540
722,DHI,2020-07-23,0 days 15:55:00.200628,164078,63.58,63.56,500,300,-12910,43439
723,DHI,2020-07-23,0 days 15:56:06.359493,179125,63.59,63.58,700,200,3065,-450
724,DHI,2020-07-23,0 days 15:56:07.361471,178390,63.61,63.6,1114,388,-735,3065
725,DHI,2020-07-23,0 days 15:57:17.532040,180284,63.68,63.67,200,477,2382,-418
726,DHI,2020-07-23,0 days 15:57:19.536884,180140,63.67,63.66,300,159,-144,982
727,DHI,2020-07-23,0 days 15:57:21.541603,180284,63.66,63.65,193,302,135,-244
728,DHI,2020-07-23,0 days 15:57:55.622555,187384,63.71,63.7,1935,300,2,-698
729,DHI,2020-07-23,0 days 15:58:34.721269,185581,63.79,63.77,1411,600,-10260,6340
730,DHI,2020-07-23,0 days 15:58:35.720920,192041,63.78,63.77,483,800,1640,-10260
731,DHI,2020-07-23,0 days 15:58:36.723467,191381,63.78,63.77,332,800,-660,1640
732,DHI,2020-07-23,0 days 15:58:38.728367,192041,63.78,63.77,283,900,440,-660
733,DHI,2020-07-23,0 days 15:58:39.730165,190581,63.78,63.77,594,891,-1460,440
734,DHI,2020-07-23,0 days 15:58:41.735762,192041,63.78,63.77,683,1191,1780,-560
735,DHI,2020-07-23,0 days 15:58:42.737111,189821,63.78,63.77,783,1191,-2220,1780
736,DHI,2020-07-23,0 days 15:58:47.750466,189441,63.76,63.73,700,200,3085,-620
737,DHI,2020-07-23,0 days 15:59:05.795210,195935,63.84,63.83,401,9760,222,-244
738,DHI,2020-07-23,0 days 15:59:06.798141,196471,63.85,63.83,700,10254,-8675,222
739,DHI,2020-07-23,0 days 15:59:26.844330,210508,63.86,63.85,200,21940,-928,1572
740,DHI,2020-07-23,0 days 15:59:44.888260,225836,63.9,63.89,1000,200,965,-1588
741,DHR,2020-07-23,0 days 15:59:15.797701,255005,199.45,199.32,100,300,563,-3314
742,DHR,2020-07-23,0 days 15:59:18.810645,255568,199.49,199.42,200,100,-1337,563
743,DHT,2020-07-23,0 days 15:55:00.077728,69826,5.54,5.53,14770,20219,9245,-23379
744,DIS,2020-07-23,0 days 15:59:36.739021,769911,118.16,118.14,200,500,-3136,5754
745,DIS,2020-07-23,0 days 15:59:37.739352,762247,118.14,118.12,538,500,7754,-3136
746,DIS,2020-07-23,0 days 15:59:38.741214,769911,118.16,118.13,620,1350,-1586,7754
747,DKS,2020-07-23,0 days 15:56:13.302589,59886,44.19,44.18,630,200,226,-52
748,DKS,2020-07-23,0 days 15:56:14.305075,59712,44.19,44.18,522,300,-174,226
749,DKS,2020-07-23,0 days 15:56:30.343357,59886,44.19,44.17,732,735,422,-160
750,DKS,2020-07-23,0 days 15:56:31.345862,59808,44.18,44.17,400,733,-78,422
751,DKS,2020-07-23,0 days 15:56:38.362231,59886,44.18,44.17,300,400,22,-78
752,DKS,2020-07-23,0 days 15:56:39.364804,59808,44.19,44.17,200,500,-78,22
753,DKS,2020-07-23,0 days 15:57:17.459877,61086,44.22,44.2,300,500,410,-10
754,DKS,2020-07-23,0 days 15:57:39.510626,61296,44.24,44.23,119,600,-130,470
755,DKS,2020-07-23,0 days 15:57:46.528429,63326,44.24,44.23,100,482,270,-230
756,DKS,2020-07-23,0 days 15:57:47.530759,63096,44.24,44.23,100,482,-230,270
757,DKS,2020-07-23,0 days 15:58:02.567495,63957,44.21,44.2,100,400,39,-361
758,DKS,2020-07-23,0 days 15:58:33.642624,63857,44.21,44.2,600,400,139,-261
759,DKS,2020-07-23,0 days 15:59:01.710827,66472,44.21,44.2,229,305,866,-293
760,DKS,2020-07-23,0 days 15:59:50.830643,73429,44.22,44.16,100,200,-608,1992
761,DLPH,2020-07-23,0 days 15:58:03.643194,22521,16.13,16.12,1400,6329,-417,13683
762,DNR,2020-07-23,0 days 15:55:00.088617,150941,0.24,0.23,108950,405478,-21230,37157
763,DOW,2020-07-23,0 days 15:55:30.253520,797741,42.75,42.73,1235,1200,-60351,2944
764,DOW,2020-07-23,0 days 15:58:36.703121,891970,42.8,42.79,2269,600,1631,-2450
765,DOW,2020-07-23,0 days 15:58:37.705246,876801,42.8,42.79,2269,700,-15169,1631
766,DOW,2020-07-23,0 days 15:59:29.831978,905418,42.82,42.8,500,500,-4892,13708
767,DOW,2020-07-23,0 days 15:59:40.858919,934516,42.85,42.84,300,600,29845,-30842
768,DOW,2020-07-23,0 days 15:59:47.875966,909460,42.88,42.87,500,900,-25186,46209
769,DRE,2020-07-23,0 days 15:55:01.202744,313505,37.22,37.21,1210,2189,802,-5098
770,DRE,2020-07-23,0 days 15:55:20.250410,314407,37.24,37.22,2300,2059,-46376,800
771,DRE,2020-07-23,0 days 15:55:21.251400,350183,37.24,37.23,1200,2640,6124,-46376
772,DRE,2020-07-23,0 days 15:55:22.253611,347007,37.24,37.23,500,2800,-3176,6124
773,DRE,2020-07-23,0 days 15:57:40.587479,351742,37.27,37.26,2625,793,703,-1097
774,DRE,2020-07-23,0 days 15:57:41.589752,349745,37.27,37.26,549,2823,-1997,703
775,DRE,2020-07-23,0 days 15:58:33.717393,351742,37.28,37.27,1814,3988,678,-2422
776,DRE,2020-07-23,0 days 15:58:34.721604,349620,37.28,37.27,2114,2888,-2122,678
777,DRE,2020-07-23,0 days 15:58:41.736069,351742,37.29,37.28,3200,165,1877,-2122
778,DRE,2020-07-23,0 days 15:58:42.738051,350019,37.29,37.28,3500,165,-1723,1877
779,DRE,2020-07-23,0 days 15:58:54.767101,358142,37.29,37.27,4513,3600,2661,-7839
780,DRE,2020-07-23,0 days 15:58:55.769252,355803,37.29,37.28,1600,1627,-2339,2661
781,DRE,2020-07-23,0 days 15:59:01.785043,360828,37.29,37.28,2300,1001,21868,-25332
782,DRE,2020-07-23,0 days 15:59:02.787394,361082,37.3,37.29,3900,684,-1968,21868
783,DRE,2020-07-23,0 days 15:59:05.795561,365150,37.29,37.27,5400,3114,1184,-1068
784,DRE,2020-07-23,0 days 15:59:06.798533,363804,37.29,37.28,2273,1700,-1346,1184
785,DRE,2020-07-23,0 days 15:59:27.847570,374587,37.26,37.25,2900,1500,10152,-2235
786,DRE,2020-07-23,0 days 15:59:28.849532,372639,37.26,37.25,100,3200,-1241,10152
787,DRE,2020-07-23,0 days 15:59:38.874343,376494,37.29,37.28,3383,600,88,-1860
788,DRE,2020-07-23,0 days 15:59:46.893798,375989,37.29,37.28,1418,2597,-2972,7295
789,DRE,2020-07-23,0 days 15:59:48.898573,380047,37.29,37.28,1300,1597,5006,-172
790,DRH,2020-07-23,0 days 15:59:07.726223,378757,5.03,5.02,22985,579,1755,-45
791,DRH,2020-07-23,0 days 15:59:16.746695,361456,5.03,5.02,14145,15143,-18554,180765
792,DRH,2020-07-23,0 days 15:59:18.752871,397410,5.03,5.02,14245,13843,10746,-18154
793,DRH,2020-07-23,0 days 15:59:19.755106,394556,5.03,5.02,13663,15043,-2054,10746
794,DUK,2020-07-23,0 days 15:56:09.244622,269612,83.81,83.79,400,200,80,-128
795,DUK,2020-07-23,0 days 15:56:23.278615,262988,83.81,83.79,500,400,-6582,108
796,DUK,2020-07-23,0 days 15:59:15.686513,282002,83.97,83.95,300,428,1568,-4255
797,DUK,2020-07-23,0 days 15:59:16.688905,278670,83.99,83.96,200,500,-3332,1568
798,DUK,2020-07-23,0 days 15:59:18.694789,281862,83.98,83.96,100,110,26810,-2849
799,DUK,2020-07-23,0 days 15:59:19.696315,280362,84.02,83.98,400,100,-2400,26810
800,DUK,2020-07-23,0 days 15:59:32.727916,281265,83.98,83.96,470,628,-1897,11003
801,DUK,2020-07-23,0 days 15:59:39.745045,284062,83.99,83.97,1000,100,46,-154
802,DUK,2020-07-23,0 days 15:59:45.759820,284108,83.97,83.96,200,271,-2489,46
803,DVN,2020-07-23,0 days 15:55:00.180168,273524,10.84,10.83,13847,11089,-8207,16828
804,DVN,2020-07-23,0 days 15:55:56.315973,281938,10.86,10.85,9119,10944,2617,-1583
805,DVN,2020-07-23,0 days 15:56:06.340829,284555,10.88,10.87,12800,3385,-3875,2617
806,DVN,2020-07-23,0 days 15:56:31.401211,282558,10.87,10.86,13819,10338,1997,-4495
807,DVN,2020-07-23,0 days 15:56:51.449124,284555,10.89,10.88,5440,16724,-4495,1997
808,DVN,2020-07-23,0 days 15:56:58.467215,282558,10.88,10.87,11084,11500,1997,-4495
809,DVN,2020-07-23,0 days 15:57:08.489793,284555,10.89,10.88,15824,8977,-4495,1997
810,DVN,2020-07-23,0 days 15:57:35.555135,289050,10.89,10.88,21180,2304,838,-1962
811,DVN,2020-07-23,0 days 15:57:36.557535,287388,10.89,10.88,22980,1969,-1662,838
812,DVN,2020-07-23,0 days 15:57:37.560744,289050,10.89,10.88,24170,898,2538,-1662
813,DVN,2020-07-23,0 days 15:57:39.565610,287888,10.89,10.88,26170,1003,-1162,138
814,DVN,2020-07-23,0 days 15:57:41.570008,289050,10.88,10.87,18962,9500,238,-1162
815,DVN,2020-07-23,0 days 15:59:31.837062,315921,10.88,10.87,16621,10921,-4618,82
816,EAT,2020-07-23,0 days 15:55:52.358205,65104,25.6,25.59,200,300,319,-348
817,EAT,2020-07-23,0 days 15:55:53.357254,64823,25.6,25.59,200,320,-181,319
818,EAT,2020-07-23,0 days 15:57:57.657341,66773,25.59,25.58,122,200,305,-295
819,EAT,2020-07-23,0 days 15:59:32.872741,77257,25.61,25.6,110,207,155,-645
820,EAT,2020-07-23,0 days 15:59:47.908768,80657,25.61,25.6,100,300,62,-138
821,EAT,2020-07-23,0 days 15:59:48.910419,80719,25.61,25.6,200,300,-138,62
822,ELAN,2020-07-23,0 days 15:55:00.227289,191524,23.46,23.45,2331,2872,-374,85890
823,ELAN,2020-07-23,0 days 15:55:45.337396,194213,23.49,23.48,2218,41231,799,-508
824,ELAN,2020-07-23,0 days 15:55:46.339657,193812,23.49,23.48,2833,41131,-401,799
825,ELAN,2020-07-23,0 days 15:57:17.560816,202661,23.49,23.48,10816,1475,5545,-1155
826,ELAN,2020-07-23,0 days 15:57:18.562724,202106,23.49,23.48,13416,1276,-555,5545
827,ELAN,2020-07-23,0 days 15:57:24.576510,197532,23.46,23.45,3500,1736,-3729,371
828,ELAN,2020-07-23,0 days 15:57:35.603395,201261,23.4,23.38,11065,2223,743,-2057
829,ELAN,2020-07-23,0 days 15:57:36.605847,200804,23.39,23.38,3528,2218,-457,743
830,ELAN,2020-07-23,0 days 15:57:37.607890,201261,23.4,23.39,4386,1707,2043,-457
831,ELAN,2020-07-23,0 days 15:57:38.610321,200304,23.4,23.39,4886,1685,-957,2043
832,ELAN,2020-07-23,0 days 15:57:40.616444,201261,23.41,23.4,700,2885,343,-957
833,ELAN,2020-07-23,0 days 15:57:44.625799,200704,23.43,23.42,1300,1300,-557,1643
834,ELAN,2020-07-23,0 days 15:58:34.749856,212207,23.46,23.45,340,1300,7697,-9803
835,ELAN,2020-07-23,0 days 15:58:35.750796,207704,23.46,23.45,300,2100,-4503,7697
836,ELAN,2020-07-23,0 days 15:58:36.753651,212207,23.46,23.45,300,2000,2097,-4503
837,ELAN,2020-07-23,0 days 15:58:37.755376,210704,23.46,23.45,300,2000,-1503,2097
838,ELAN,2020-07-23,0 days 15:58:43.770437,212207,23.46,23.45,2956,300,1009,-1468
839,ELAN,2020-07-23,0 days 15:58:44.772775,209016,23.46,23.45,3656,400,-3191,1009
840,ELAN,2020-07-23,0 days 15:58:59.809137,211516,23.43,23.41,5291,2285,-691,709
841,ELAN,2020-07-23,0 days 15:59:19.857986,231294,23.42,23.41,100,1900,1065,-2455
842,ELAN,2020-07-23,0 days 15:59:44.901382,236459,23.41,23.4,4622,893,-3176,441
843,ELAN,2020-07-23,0 days 15:59:45.904300,236135,23.41,23.4,4447,1100,689,-3176
844,ELY,2020-07-23,0 days 15:57:20.479793,83353,18.28,18.27,2221,900,146,-654
845,ELY,2020-07-23,0 days 15:57:21.483101,82699,18.28,18.27,1755,1000,-1754,146
846,ELY,2020-07-23,0 days 15:58:02.581695,84353,18.27,18.25,2280,1506,46,-254
847,ELY,2020-07-23,0 days 15:58:03.582788,83599,18.26,18.25,1638,1006,-754,46
848,ELY,2020-07-23,0 days 15:59:02.726737,86353,18.3,18.28,825,1432,258,-249
849,ELY,2020-07-23,0 days 15:59:03.729448,86111,18.3,18.28,825,1332,-242,258
850,ELY,2020-07-23,0 days 15:59:06.740702,89553,18.3,18.28,825,1532,2358,-3442
851,ELY,2020-07-23,0 days 15:59:07.739659,89111,18.29,18.28,250,1432,-442,2358
852,ELY,2020-07-23,0 days 15:59:08.742222,89553,18.3,18.29,825,596,3932,-442
853,ELY,2020-07-23,0 days 15:59:09.744407,89185,18.3,18.29,525,696,-368,3932
854,ELY,2020-07-23,0 days 15:59:15.749439,89753,18.31,18.29,600,900,32,-68
855,ELY,2020-07-23,0 days 15:59:16.751120,89485,18.31,18.29,1100,900,-893,32
856,ELY,2020-07-23,0 days 15:59:17.753253,90578,18.3,18.29,100,500,307,-893
857,ELY,2020-07-23,0 days 15:59:30.771857,90185,18.31,18.3,500,120,-393,7
858,ELY,2020-07-23,0 days 15:59:35.783087,90678,18.31,18.3,364,1325,7,-193
859,ELY,2020-07-23,0 days 15:59:36.785559,90485,18.31,18.3,364,1325,-93,7
860,ELY,2020-07-23,0 days 15:59:38.790488,91366,18.31,18.3,964,120,519,-881
861,ELY,2020-07-23,0 days 15:59:39.792777,90885,18.31,18.29,1302,1000,-281,519
862,EMR,2020-07-23,0 days 15:58:53.690648,194569,63.98,63.97,200,500,118,-790
863,EMR,2020-07-23,0 days 15:58:59.705942,194487,64.0,63.99,500,198,-82,118
864,EMR,2020-07-23,0 days 15:59:02.713300,194603,64.0,63.99,301,287,263,-82
865,EMR,2020-07-23,0 days 15:59:26.771350,194571,64.06,64.04,982,300,-3342,4558
866,EMR,2020-07-23,0 days 15:59:31.783604,204720,64.05,64.04,300,475,147,-59
867,EMR,2020-07-23,0 days 15:59:42.810112,204867,64.07,64.05,400,500,-166,718
868,EMR,2020-07-23,0 days 15:59:44.814513,204428,64.07,64.06,500,100,439,-166
869,EMR,2020-07-23,0 days 15:59:45.817332,204867,64.07,64.06,400,100,-8899,439
870,ENB,2020-07-23,0 days 15:55:45.187656,61244,31.25,31.24,7185,7201,517,-1267
871,ENB,2020-07-23,0 days 15:55:46.189594,58061,31.25,31.24,7004,8201,-3786,517
872,ENB,2020-07-23,0 days 15:59:03.661608,63956,31.29,31.28,5899,4929,932,-581
873,ENB,2020-07-23,0 days 15:59:07.670978,61789,31.29,31.28,6799,2913,-1686,1533
874,ENB,2020-07-23,0 days 15:59:27.715859,66376,31.28,31.27,5816,6400,9951,-1506
875,ENB,2020-07-23,0 days 15:59:28.717876,61627,31.28,31.27,6116,1400,-4268,9951
876,EOG,2020-07-23,0 days 15:59:14.688479,757749,48.91,48.9,269,500,116497,-115980
877,EOG,2020-07-23,0 days 15:59:15.686473,751542,48.91,48.89,200,300,-6207,116497
878,EOG,2020-07-23,0 days 15:59:22.703826,763293,48.9,48.88,200,200,1066,-334
879,EOG,2020-07-23,0 days 15:59:32.727853,759216,48.92,48.89,300,1063,-4677,7523
880,EOG,2020-07-23,0 days 15:59:44.757252,763893,48.9,48.89,100,574,199,-1134
881,EOG,2020-07-23,0 days 15:59:45.759794,764392,48.9,48.89,200,375,-519,199
882,EPD,2020-07-23,0 days 15:59:04.860921,102323,18.23,18.22,5320,4534,492,-302
883,EPD,2020-07-23,0 days 15:59:21.901371,101515,18.24,18.23,4119,2500,-808,1292
884,EPD,2020-07-23,0 days 15:59:26.913161,102323,18.23,18.22,3875,4413,292,-808
885,EPD,2020-07-23,0 days 15:59:28.918018,99557,18.23,18.22,1992,6923,-2766,14834
886,EQH,2020-07-23,0 days 15:55:32.155207,190751,20.59,20.58,3660,1962,-5941,4559
887,EQH,2020-07-23,0 days 15:55:33.157729,187192,20.59,20.58,3660,1679,3559,-5941
888,EQH,2020-07-23,0 days 15:55:37.168023,190751,20.59,20.58,2900,2379,-241,3559
889,EQH,2020-07-23,0 days 15:55:38.170020,187192,20.59,20.58,3200,2579,3559,-241
890,EQH,2020-07-23,0 days 15:57:27.432872,191495,20.59,20.58,5831,1491,-16761,839
891,EQH,2020-07-23,0 days 15:57:28.436422,189056,20.58,20.57,4300,2909,2439,-16761
892,EQH,2020-07-23,0 days 15:59:22.703663,212669,20.6,20.59,3000,1512,991,-924
893,EQH,2020-07-23,0 days 15:59:23.705858,211960,20.6,20.59,1300,6011,-809,991
894,EQH,2020-07-23,0 days 15:59:27.715478,212769,20.6,20.59,3035,3390,1062,-809
895,EQH,2020-07-23,0 days 15:59:28.717243,212131,20.6,20.59,3135,3390,-638,1062
896,EQH,2020-07-23,0 days 15:59:33.729393,214669,20.6,20.59,900,6314,627,-638
897,EQH,2020-07-23,0 days 15:59:45.758444,212769,20.6,20.59,3225,2422,231,-1544
898,EQH,2020-07-23,0 days 15:59:48.766409,212687,20.61,20.59,300,5190,-82,1490
899,EQNR,2020-07-23,0 days 15:59:47.812457,21068,15.25,15.24,11843,24163,1621,-33
900,EQR,2020-07-23,0 days 15:55:00.126462,152850,54.73,54.72,600,1391,-3365,333
901,EQR,2020-07-23,0 days 15:55:01.129054,151015,54.73,54.72,700,1391,1835,-3365
902,EQR,2020-07-23,0 days 15:59:05.721988,166945,54.81,54.79,100,799,-1723,677
903,EQR,2020-07-23,0 days 15:59:06.724894,161268,54.82,54.81,500,400,6311,-1723
904,EQR,2020-07-23,0 days 15:59:08.728302,167579,54.82,54.81,700,100,-2314,1911
905,EQR,2020-07-23,0 days 15:59:09.731410,162013,54.82,54.8,400,776,5666,-2314
906,EQR,2020-07-23,0 days 15:59:27.773823,168042,54.81,54.79,800,100,1708,-162
907,EQR,2020-07-23,0 days 15:59:45.817489,170512,54.85,54.83,300,590,-356,222
908,EQR,2020-07-23,0 days 15:59:50.830260,170906,54.85,54.83,400,400,410,-1052
909,EQT,2020-07-23,0 days 15:56:06.237402,196077,14.18,14.17,1697,1959,-2508,1706
910,EQT,2020-07-23,0 days 15:56:07.239924,191585,14.18,14.17,1972,1766,4492,-2508
911,EQT,2020-07-23,0 days 15:58:09.535238,203464,14.21,14.2,1700,3706,-1332,1468
912,EQT,2020-07-23,0 days 15:58:10.538195,199296,14.21,14.2,1875,3306,4168,-1332
913,EQT,2020-07-23,0 days 15:58:52.637936,209964,14.21,14.2,2273,3982,-143,57
914,EQT,2020-07-23,0 days 15:59:02.663022,210307,14.21,14.2,2106,3784,3165,-343
915,EQT,2020-07-23,0 days 15:59:19.696401,239620,14.23,14.22,700,3381,-386,2313
916,EQT,2020-07-23,0 days 15:59:30.723928,239406,14.23,14.22,3338,2373,214,-386
917,ESI,2020-07-23,0 days 15:55:29.299422,90071,11.05,11.04,49479,8058,-9288,14912
918,ESI,2020-07-23,0 days 15:55:30.300857,87859,11.05,11.04,49479,7808,2212,-9288
919,ESI,2020-07-23,0 days 15:56:30.448740,89523,11.05,11.04,49168,7719,-2736,764
920,ESI,2020-07-23,0 days 15:56:31.450740,87459,11.05,11.04,50672,7219,2064,-2736
921,ET,2020-07-23,0 days 15:59:48.967833,312026,6.62,6.61,4015,77034,-425,18475
922,ET,2020-07-23,0 days 15:59:49.973693,303351,6.62,6.61,9125,68134,8675,-425
923,ETR,2020-07-23,0 days 15:58:41.661555,98210,104.08,104.04,200,723,197,-813
924,ETR,2020-07-23,0 days 15:58:42.663775,95707,104.08,104.04,300,723,-2503,197
925,ETR,2020-07-23,0 days 15:59:29.778354,107341,104.18,104.13,100,200,229,-1071
926,ETR,2020-07-23,0 days 15:59:41.808269,107341,104.14,104.11,200,100,4512,-1217
927,ETR,2020-07-23,0 days 15:59:42.810263,106353,104.13,104.09,1000,200,-988,4512
928,ETR,2020-07-23,0 days 15:59:48.825477,104653,104.1,104.07,300,300,-81,884
929,ETRN,2020-07-23,0 days 15:56:09.366099,86223,9.47,9.46,9400,22833,-966,3784
930,ETRN,2020-07-23,0 days 15:57:39.584463,89323,9.49,9.48,200,12824,-1966,251
931,ETRN,2020-07-23,0 days 15:57:56.626783,86539,9.49,9.48,8251,4840,4284,-466
932,ETRN,2020-07-23,0 days 15:58:01.638063,90823,9.49,9.48,8300,5625,-439,4284
933,ETRN,2020-07-23,0 days 15:58:43.740089,99618,9.48,9.47,12626,5409,-3348,6774
934,ETRN,2020-07-23,0 days 15:58:48.751782,97466,9.48,9.47,10026,7720,674,-626
935,EVRI,2020-07-23,0 days 15:59:14.691502,86676,5.97,5.96,571,5532,2574,-4845
936,EVRI,2020-07-23,0 days 15:59:15.686107,84150,5.97,5.96,1629,5532,-2226,2574
937,EVRI,2020-07-23,0 days 15:59:40.746400,87676,5.97,5.96,1726,4895,1061,-1139
938,EVRI,2020-07-23,0 days 15:59:48.766880,86479,5.97,5.96,2497,2171,-597,1061
939,EW,2020-07-23,0 days 15:55:00.227746,362744,77.6,77.54,300,1037,831,-15929
940,EW,2020-07-23,0 days 15:56:11.400711,365359,77.6,77.57,200,300,-10771,729
941,EW,2020-07-23,0 days 15:56:24.432093,366903,77.59,77.56,1005,301,66,-36
942,EW,2020-07-23,0 days 15:56:25.433942,366769,77.59,77.56,1009,301,-134,66
943,EW,2020-07-23,0 days 15:56:30.448710,365590,77.55,77.5,500,208,2479,-1621
944,EW,2020-07-23,0 days 15:56:31.450709,365569,77.55,77.5,700,108,-368,2479
945,EW,2020-07-23,0 days 15:56:46.484400,367717,77.49,77.43,100,567,652,-379
946,EW,2020-07-23,0 days 15:56:47.486862,367469,77.49,77.43,400,567,-248,652
947,EW,2020-07-23,0 days 15:56:58.514406,368748,77.53,77.5,510,400,121,-479
948,EW,2020-07-23,0 days 15:56:59.515606,368469,77.53,77.5,613,400,-279,121
949,EW,2020-07-23,0 days 15:57:13.550010,367768,77.47,77.43,700,400,1001,-30
950,EW,2020-07-23,0 days 15:57:14.552449,367569,77.47,77.43,1500,600,-199,1001
951,EW,2020-07-23,0 days 15:57:19.565129,368799,77.5,77.45,400,300,170,-730
952,EW,2020-07-23,0 days 15:57:27.583886,368869,77.59,77.51,300,200,-530,70
953,EW,2020-07-23,0 days 15:57:37.607994,369399,77.55,77.51,800,395,5202,-298
954,EW,2020-07-23,0 days 15:57:38.610422,369101,77.53,77.49,200,500,-1198,5202
955,EW,2020-07-23,0 days 15:57:39.613469,370299,77.53,77.49,500,500,1202,-1198
956,EW,2020-07-23,0 days 15:57:40.616563,370001,77.51,77.49,600,400,-298,1202
957,EW,2020-07-23,0 days 15:57:57.657341,381168,77.48,77.43,600,900,1867,-2433
958,EW,2020-07-23,0 days 15:57:58.659388,380066,77.48,77.43,400,800,-1102,1867
959,EW,2020-07-23,0 days 15:58:00.667920,378326,77.45,77.39,219,1200,2340,-371
960,EW,2020-07-23,0 days 15:58:01.668808,377266,77.45,77.4,200,1100,-1029,2340
961,EW,2020-07-23,0 days 15:58:15.702011,378465,77.46,77.42,500,200,1413,-1287
962,EW,2020-07-23,0 days 15:58:16.704811,377478,77.46,77.42,613,400,-987,1413
963,EW,2020-07-23,0 days 15:58:28.734646,379934,77.42,77.37,926,300,544,-925
964,EW,2020-07-23,0 days 15:58:29.736688,377478,77.4,77.34,400,200,-2425,544
965,EW,2020-07-23,0 days 15:58:30.739023,377245,77.39,77.34,200,400,1533,-2425
966,EW,2020-07-23,0 days 15:58:32.743846,376778,77.39,77.34,997,512,-467,433
967,EW,2020-07-23,0 days 15:58:38.758939,379014,77.35,77.3,400,300,5764,-667
968,EW,2020-07-23,0 days 15:58:44.772866,374912,77.36,77.3,300,300,-6191,440
969,EW,2020-07-23,0 days 15:58:53.795128,376676,77.42,77.33,100,400,3458,-533
970,EW,2020-07-23,0 days 15:58:54.796988,376534,77.47,77.34,100,100,-142,3458
971,EW,2020-07-23,0 days 15:59:09.834685,379646,77.4,77.37,100,200,2161,-301
972,EW,2020-07-23,0 days 15:59:10.836430,379507,77.47,77.37,100,100,-139,2161
973,EW,2020-07-23,0 days 15:59:16.849946,420980,77.43,77.34,1139,493,335,-3096
974,EW,2020-07-23,0 days 15:59:17.852623,421315,77.43,77.34,1210,593,-48,335
975,EW,2020-07-23,0 days 15:59:45.904424,440254,77.48,77.3,300,500,6767,-3095
976,EW,2020-07-23,0 days 15:59:46.906376,437721,77.47,77.31,100,1300,-4732,6767
977,F,2020-07-23,0 days 15:55:00.201393,947459,6.99,6.98,68786,319075,-151809,6927
978,FCAU,2020-07-23,0 days 15:55:00.077806,37168,10.54,10.53,8990,34521,149,-19091
979,FCAU,2020-07-23,0 days 15:55:45.187675,37317,10.54,10.53,3663,56176,-60,14
980,FCAU,2020-07-23,0 days 15:55:46.189594,37377,10.54,10.53,2363,55176,5,-60
981,FCAU,2020-07-23,0 days 15:59:48.766329,41552,10.55,10.54,29750,40605,-179,2821
982,FCX,2020-07-23,0 days 15:56:40.369485,548073,13.31,13.3,7004,24612,-13356,18639
983,FCX,2020-07-23,0 days 15:56:41.369523,546229,13.31,13.3,7104,23186,1839,-13356
984,FCX,2020-07-23,0 days 15:57:38.508128,548068,13.33,13.32,17613,17401,-3163,2137
985,FCX,2020-07-23,0 days 15:57:39.510517,539931,13.33,13.32,17613,17401,8137,-3163
986,FCX,2020-07-23,0 days 15:58:08.581554,548073,13.3,13.29,26266,14754,-3755,18545
987,FCX,2020-07-23,0 days 15:58:13.594714,552828,13.29,13.28,27887,10090,2559,-8341
988,FCX,2020-07-23,0 days 15:58:17.603388,552828,13.3,13.29,24307,30680,2559,-441
989,FCX,2020-07-23,0 days 15:58:29.632687,538428,13.31,13.3,18108,25584,16959,-1641
990,FCX,2020-07-23,0 days 15:59:00.709558,548042,13.31,13.3,18300,12790,-2770,4575
991,FCX,2020-07-23,0 days 15:59:13.741085,576975,13.32,13.31,16763,14349,-14399,18383
992,FCX,2020-07-23,0 days 15:59:15.746525,573019,13.32,13.31,15063,13059,3956,-1844
993,FCX,2020-07-23,0 days 15:59:20.757224,594214,13.33,13.32,15065,20331,-11397,9103
994,FCX,2020-07-23,0 days 15:59:21.759430,593611,13.33,13.32,17465,14231,603,-11397
995,FE,2020-07-23,0 days 15:55:00.179381,400179,27.16,27.15,7931,2958,-44894,68161
996,FE,2020-07-23,0 days 15:59:04.771673,527530,27.29,27.28,800,600,-71819,9745
997,FHN,2020-07-23,0 days 15:59:49.827433,810465,9.74,9.73,18542,46391,13162,-7938
998,FIS,2020-07-23,0 days 15:57:19.413862,199362,145.02,144.97,200,400,-22909,2091
999,FIS,2020-07-23,0 days 15:57:20.416498,198171,145.02,144.97,200,500,1191,-22909
1000,FIS,2020-07-23,0 days 15:57:46.479087,224362,145.0,144.97,100,419,-2206,594
1001,FIS,2020-07-23,0 days 15:57:47.481774,223368,144.99,144.97,200,400,994,-2206
1002,FIS,2020-07-23,0 days 15:57:49.486206,199362,145.02,144.98,162,300,-24306,994
1003,FIS,2020-07-23,0 days 15:58:12.537906,224367,144.9,144.88,115,200,-431,2669
1004,FIS,2020-07-23,0 days 15:58:13.540557,221598,144.89,144.87,200,310,2769,-431
1005,FIS,2020-07-23,0 days 15:58:57.646706,222898,144.9,144.88,312,100,2393,-907
1006,FIS,2020-07-23,0 days 15:59:41.750395,225147,144.97,144.93,200,200,3585,-815
1007,FIS,2020-07-23,0 days 15:59:44.757188,229132,145.02,144.98,200,200,-3015,1585
1008,FIS,2020-07-23,0 days 15:59:45.759660,228347,145.0,144.96,200,200,785,-3015
1009,FIS,2020-07-23,0 days 15:59:46.763930,204132,145.04,144.99,600,1002,-24136,785
1010,FIS,2020-07-23,0 days 15:59:47.763942,212868,144.97,144.94,400,600,16364,-24136
1011,FIS,2020-07-23,0 days 15:59:48.766097,204132,145.02,144.96,350,750,-24236,16364
1012,FIS,2020-07-23,0 days 15:59:54.781529,209768,145.0,144.91,181,200,19464,-7236
1013,FIT,2020-07-23,0 days 15:59:46.893869,384786,6.86,6.85,21037,78471,5218,-6586
1014,FL,2020-07-23,0 days 15:59:06.669371,140504,31.01,31.0,333,1000,4023,-23092
1015,FL,2020-07-23,0 days 15:59:07.670978,136527,31.02,31.0,100,1611,-3977,4023
1016,FNB,2020-07-23,0 days 15:57:16.598880,177214,7.73,7.72,20820,21458,221,-3079
1017,FNB,2020-07-23,0 days 15:57:35.644179,169435,7.75,7.74,13269,21619,-3608,4192
1018,FNB,2020-07-23,0 days 15:58:04.714409,170635,7.74,7.73,38854,21201,-6233,3067
1019,FNB,2020-07-23,0 days 15:59:37.940196,183533,7.74,7.73,34267,38320,1319,-1944
1020,FNB,2020-07-23,0 days 15:59:48.968083,178452,7.74,7.73,34569,29128,-5339,1061
1021,FSLY,2020-07-23,0 days 15:59:15.847159,228732,80.03,79.91,1000,100,-40680,62773
1022,FSLY,2020-07-23,0 days 15:59:16.849850,226112,79.95,79.84,565,1300,2620,-40680
1023,FSLY,2020-07-23,0 days 15:59:19.857986,230728,80.0,79.86,175,100,-623,3145
1024,FSLY,2020-07-23,0 days 15:59:20.843518,228920,80.0,79.87,175,300,2013,-623
1025,FSLY,2020-07-23,0 days 15:59:21.845715,230933,80.0,79.87,175,1800,-21187,2013
1026,FSLY,2020-07-23,0 days 15:59:22.848457,230620,80.07,79.9,100,175,313,-21187
1027,FSLY,2020-07-23,0 days 15:59:32.872610,230933,80.07,79.96,100,275,-542,1213
1028,FTCH,2020-07-23,0 days 15:55:00.269214,38054,21.42,21.41,688,106,1650,-8987
1029,FTCH,2020-07-23,0 days 15:55:43.375106,39404,21.43,21.41,2941,115,-627,160
1030,FTCH,2020-07-23,0 days 15:55:44.376963,39231,21.43,21.41,2942,115,173,-627
1031,FTCH,2020-07-23,0 days 15:56:28.482672,39404,21.44,21.43,1411,100,-1027,173
1032,FTCH,2020-07-23,0 days 15:57:52.685136,40445,21.41,21.39,200,2042,756,-151
1033,FTCH,2020-07-23,0 days 15:57:53.688306,40001,21.41,21.39,300,2111,-444,756
1034,FTCH,2020-07-23,0 days 15:58:48.821572,44645,21.41,21.4,303,1753,465,-244
1035,FTCH,2020-07-23,0 days 15:59:03.858318,43104,21.42,21.41,1700,300,-141,436
1036,FTCH,2020-07-23,0 days 15:59:04.860999,43145,21.41,21.4,400,305,367,-141
1037,FTCH,2020-07-23,0 days 15:59:51.974406,43581,21.44,21.42,100,831,-486,514
1038,FTCH,2020-07-23,0 days 15:59:54.982313,43267,21.44,21.41,300,100,514,-486
1039,FTCH,2020-07-23,0 days 15:59:57.990582,43381,21.47,21.44,500,200,-686,514
1040,FTI,2020-07-23,0 days 15:59:05.670025,223230,7.93,7.92,24711,24154,-30315,6411
1041,FVAC,2020-07-23,0 days 15:58:50.633041,3040,14.35,14.3,300,2568,330,-970
1042,GE,2020-07-23,0 days 15:59:15.693768,6700243,7.05,7.04,201059,203686,-777650,609314
1043,GFI,2020-07-23,0 days 15:56:39.364804,193142,11.86,11.85,28939,29963,-10646,5554
1044,GFI,2020-07-23,0 days 15:56:40.369635,186288,11.86,11.85,28945,27563,6854,-10646
1045,GFI,2020-07-23,0 days 15:57:02.421724,193142,11.86,11.85,12670,40062,-65672,6854
1046,GFI,2020-07-23,0 days 15:58:53.690826,198599,11.83,11.82,44308,28758,5195,-10038
1047,GIS,2020-07-23,0 days 15:55:00.140640,268721,64.97,64.96,663,2851,-7165,45652
1048,GIS,2020-07-23,0 days 15:55:01.143001,264986,64.97,64.96,1113,1501,3735,-7165
1049,GIS,2020-07-23,0 days 15:57:35.516873,269324,65.01,65.0,589,638,-62,238
1050,GIS,2020-07-23,0 days 15:57:37.521766,263186,65.01,65.0,300,938,6138,-62
1051,GIS,2020-07-23,0 days 15:57:52.558204,269324,65.01,65.0,689,922,-3324,3406
1052,GIS,2020-07-23,0 days 15:57:53.558704,267725,65.01,64.99,1589,250,1599,-3324
1053,GIS,2020-07-23,0 days 15:58:08.594753,271420,64.99,64.98,2116,125,-27,273
1054,GIS,2020-07-23,0 days 15:58:43.680102,269873,65.0,64.99,300,1150,1597,-2003
1055,GIS,2020-07-23,0 days 15:59:00.723134,277728,65.02,65.01,150,1549,-634,6366
1056,GIS,2020-07-23,0 days 15:59:03.729613,276763,65.02,65.01,550,1449,1594,-1972
1057,GIS,2020-07-23,0 days 15:59:08.742460,284032,64.98,64.97,1217,100,-18638,2369
1058,GIS,2020-07-23,0 days 15:59:13.754786,299639,64.98,64.97,950,350,1055,-380
1059,GIS,2020-07-23,0 days 15:59:14.746148,296994,64.98,64.97,950,750,-2645,1055
1060,GIS,2020-07-23,0 days 15:59:20.761556,307037,64.99,64.98,460,1050,4827,-9077
1061,GIS,2020-07-23,0 days 15:59:39.793147,316414,65.02,65.01,550,200,3380,-1020
1062,GLW,2020-07-23,0 days 15:59:18.810752,385179,29.77,29.75,5000,10025,5108,-1163
1063,GLW,2020-07-23,0 days 15:59:54.893347,376841,29.79,29.78,6558,5366,30141,-5883
1064,GM,2020-07-23,0 days 15:59:22.761445,901471,26.8,26.79,11600,12662,3764,-2805
1065,GM,2020-07-23,0 days 15:59:50.830010,696693,26.78,26.77,6412,16391,-211514,9486
1066,GME,2020-07-23,0 days 15:59:08.677434,81910,4.12,4.11,11159,14639,-1545,2764
1067,GME,2020-07-23,0 days 15:59:09.681827,80855,4.12,4.11,10958,14889,1055,-1545
1068,GME,2020-07-23,0 days 15:59:38.741069,84310,4.12,4.11,17897,25775,-1445,3455
1069,GME,2020-07-23,0 days 15:59:39.744019,83555,4.12,4.11,16191,20775,755,-1445
1070,GNW,2020-07-23,0 days 15:55:00.078301,86593,2.21,2.2,33830,18361,-13963,20330
1071,GOLD,2020-07-23,0 days 15:57:02.371642,307867,27.97,27.96,14566,11721,-100436,7678
1072,GOLD,2020-07-23,0 days 15:58:58.652311,329476,27.95,27.94,4980,24100,-2728,2772
1073,GOLD,2020-07-23,0 days 15:59:02.663043,318511,27.98,27.97,6006,15700,9869,-11692
1074,GOLD,2020-07-23,0 days 15:59:22.703735,322600,28.0,27.99,10955,12689,3818,-14282
1075,GOLD,2020-07-23,0 days 15:59:44.755656,325718,28.01,28.0,15243,13024,-3169,311
1076,GPK,2020-07-23,0 days 15:55:00.141104,91616,14.32,14.31,7401,17140,-5919,3792
1077,GPK,2020-07-23,0 days 15:57:04.441823,108496,14.32,14.31,18200,11482,1014,-359
1078,GPK,2020-07-23,0 days 15:57:05.443720,107210,14.32,14.31,18500,11582,-1286,1014
1079,GPK,2020-07-23,0 days 15:57:46.543496,114496,14.32,14.31,10609,13918,314,-1686
1080,GPK,2020-07-23,0 days 15:57:47.546208,112810,14.32,14.31,10909,13818,-1686,314
1081,GPK,2020-07-23,0 days 15:57:48.547376,114496,14.32,14.31,10509,13818,914,-1686
1082,GPK,2020-07-23,0 days 15:57:49.550006,112810,14.32,14.31,10709,13318,-1686,914
1083,GPK,2020-07-23,0 days 15:57:54.560068,114496,14.32,14.31,12062,13721,414,-1686
1084,GPK,2020-07-23,0 days 15:57:55.562058,112810,14.32,14.31,11962,13721,-1686,414
1085,GPK,2020-07-23,0 days 15:58:13.607336,114496,14.32,14.31,14762,13159,1008,-792
1086,GPK,2020-07-23,0 days 15:58:14.609246,112904,14.32,14.31,14362,13159,-1592,1008
1087,GPK,2020-07-23,0 days 15:58:31.650842,114496,14.32,14.31,15142,10094,2595,-1505
1088,GPK,2020-07-23,0 days 15:58:32.654217,102291,14.32,14.31,15242,10894,-12205,2595
1089,GPK,2020-07-23,0 days 15:59:29.768046,123689,14.32,14.31,8784,16930,-1466,4534
1090,GPS,2020-07-23,0 days 15:55:00.201339,239542,13.05,13.04,1023,18354,7647,-43210
1091,GPS,2020-07-23,0 days 15:55:01.202803,230989,13.05,13.04,831,19254,-753,7647
1092,GPS,2020-07-23,0 days 15:55:54.330969,239937,13.07,13.06,1277,22149,45217,-3683
1093,GPS,2020-07-23,0 days 15:55:55.332996,236254,13.07,13.06,1725,20968,-2583,45217
1094,GPS,2020-07-23,0 days 15:56:13.376487,239937,13.08,13.07,12671,16135,9146,-2683
1095,GPS,2020-07-23,0 days 15:56:14.378949,237383,13.08,13.07,12771,16235,-1554,9146
1096,GPS,2020-07-23,0 days 15:57:13.521195,232583,13.05,13.04,27068,6933,-967,3233
1097,GPS,2020-07-23,0 days 15:58:09.658545,257750,13.04,13.03,24810,17597,3318,-5367
1098,GPS,2020-07-23,0 days 15:58:10.660826,253968,13.04,13.03,22010,20056,-1382,3318
1099,GPS,2020-07-23,0 days 15:58:34.721634,251652,13.04,13.03,21923,18697,4828,-5915
1100,GPS,2020-07-23,0 days 15:58:35.721698,229380,13.04,13.03,22018,17597,-21372,4828
1101,GPS,2020-07-23,0 days 15:59:04.793053,256440,13.04,13.03,15823,16973,43295,-8344
1102,GPS,2020-07-23,0 days 15:59:44.888693,299208,13.04,13.03,10975,18755,-2432,1668
1103,GPS,2020-07-23,0 days 15:59:45.891931,298640,13.04,13.03,12463,18956,4607,-2432
1104,GS,2020-07-23,0 days 15:55:00.126004,206996,202.73,202.68,100,123,-6173,16053
1105,GS,2020-07-23,0 days 15:56:39.363586,214589,202.93,202.85,300,300,610,-223
1106,GS,2020-07-23,0 days 15:56:40.368281,210099,202.88,202.82,100,100,-4490,610
1107,GS,2020-07-23,0 days 15:57:41.514922,215182,202.97,202.93,100,600,109,-1291
1108,GS,2020-07-23,0 days 15:57:42.517022,213840,202.97,202.91,321,200,-1342,109
1109,GS,2020-07-23,0 days 15:59:07.726006,216725,203.02,202.99,200,300,5801,-3557
1110,GS,2020-07-23,0 days 15:59:08.726829,216012,203.02,202.99,200,300,-713,5801
1111,GS,2020-07-23,0 days 15:59:13.740351,216725,203.04,203.0,600,988,758,-1525
1112,GS,2020-07-23,0 days 15:59:18.752745,215259,203.11,203.01,149,200,-1466,512
1113,GS,2020-07-23,0 days 15:59:21.759330,216725,203.04,203.0,221,100,327,-1416
1114,GS,2020-07-23,0 days 15:59:26.770411,212352,203.02,203.0,100,200,-4373,427
1115,GS,2020-07-23,0 days 15:59:44.813727,216766,203.14,203.02,200,320,-102,144
1116,GS,2020-07-23,0 days 15:59:45.817282,216868,203.05,203.01,300,124,194,-102
1117,GS,2020-07-23,0 days 15:59:46.820776,216766,203.15,203.01,200,124,-102,194
1118,GS,2020-07-23,0 days 15:59:47.821971,216868,203.06,203.03,100,100,246,-102
1119,GS,2020-07-23,0 days 15:59:50.829910,214858,203.06,203.01,440,102,-2010,240
1120,GSK,2020-07-23,0 days 15:56:39.317425,54075,40.35,40.34,5298,2602,1798,-722
1121,GSK,2020-07-23,0 days 15:56:40.318949,52573,40.35,40.34,5598,1602,-1502,1798
1122,GSK,2020-07-23,0 days 15:57:24.425796,52883,40.32,40.31,2115,1702,2374,-726
1123,GSK,2020-07-23,0 days 15:58:06.527640,54375,40.31,40.3,5800,1448,418,-1095
1124,GSX,2020-07-23,0 days 15:55:00.076695,32352,81.94,81.75,667,215,1080,-204
1125,GSX,2020-07-23,0 days 15:55:17.118792,33432,82.0,81.94,200,100,-2620,180
1126,GSX,2020-07-23,0 days 15:59:36.737766,43236,82.52,82.25,300,398,91,-109
1127,GSX,2020-07-23,0 days 15:59:40.747400,43027,82.35,82.25,399,398,-209,91
1128,GSX,2020-07-23,0 days 15:59:48.765989,43527,82.32,81.96,100,400,-709,291
1129,GSX,2020-07-23,0 days 15:59:50.771863,42136,82.33,81.96,100,400,991,-909
1130,GSX,2020-07-23,0 days 15:59:54.781433,43027,82.38,81.96,200,400,-1909,891
1131,HAL,2020-07-23,0 days 15:58:39.670471,979777,14.74,14.73,8686,44606,127363,-23437
1132,HAL,2020-07-23,0 days 15:58:40.672734,968640,14.75,14.74,12744,39480,-11137,127363
1133,HAL,2020-07-23,0 days 15:59:07.739761,1008337,14.75,14.74,10700,45190,10544,-18918
1134,HAL,2020-07-23,0 days 15:59:08.742301,1000629,14.75,14.74,10000,45568,-5808,10544
1135,HAL,2020-07-23,0 days 15:59:21.763200,1049037,14.75,14.74,29464,16496,38868,-41334
1136,HAL,2020-07-23,0 days 15:59:49.814799,1065320,14.77,14.76,4325,36481,-4448,12852
1137,HBI,2020-07-23,0 days 15:55:31.201861,242280,14.1,14.09,8625,10662,4300,-2400
1138,HBI,2020-07-23,0 days 15:55:32.203588,239580,14.1,14.09,8625,9662,-2700,4300
1139,HBI,2020-07-23,0 days 15:57:22.469503,247819,14.1,14.09,6854,9257,837,-1057
1140,HBI,2020-07-23,0 days 15:57:23.471616,245056,14.1,14.09,6054,10122,-2763,837
1141,HBI,2020-07-23,0 days 15:58:36.649618,262204,14.1,14.09,11496,6900,1416,-9940
1142,HBI,2020-07-23,0 days 15:58:37.652065,257420,14.1,14.09,12096,9428,-3584,1416
1143,HBI,2020-07-23,0 days 15:59:05.722073,268064,14.11,14.1,10730,8670,6580,-5920
1144,HBI,2020-07-23,0 days 15:59:08.728413,267244,14.11,14.1,14528,6256,-41319,680
1145,HBI,2020-07-23,0 days 15:59:09.731497,307563,14.1,14.09,10822,9828,30323,-41319
1146,HBI,2020-07-23,0 days 15:59:10.732956,301886,14.1,14.09,10522,10603,-5677,30323
1147,HBI,2020-07-23,0 days 15:59:27.773883,308628,14.1,14.09,14538,4792,2397,-1618
1148,HBI,2020-07-23,0 days 15:59:28.776471,304625,14.1,14.09,14438,5092,-2803,2397
1149,HBI,2020-07-23,0 days 15:59:36.795961,308628,14.1,14.09,15394,13658,594,-1125
1150,HBI,2020-07-23,0 days 15:59:41.808318,306022,14.1,14.09,12094,12358,-2648,41894
1151,HBI,2020-07-23,0 days 15:59:42.810279,308712,14.1,14.09,12794,12158,842,-2648
1152,HBI,2020-07-23,0 days 15:59:46.821101,306486,14.1,14.09,14954,12192,-2374,4374
1153,HBI,2020-07-23,0 days 15:59:49.827551,308155,14.1,14.09,8483,12892,-705,1095
1154,HCA,2020-07-23,0 days 15:55:01.229822,221799,127.1,127.06,372,1166,1167,-2659
1155,HCA,2020-07-23,0 days 15:55:53.357316,226461,127.24,127.17,200,300,-147,216
1156,HCA,2020-07-23,0 days 15:55:54.359495,225108,127.24,127.17,400,300,1353,-147
1157,HCA,2020-07-23,0 days 15:57:34.602288,228094,127.38,127.32,100,400,-10680,1020
1158,HCA,2020-07-23,0 days 15:57:35.603591,227954,127.36,127.3,400,100,140,-10680
1159,HCA,2020-07-23,0 days 15:57:38.610469,229094,127.35,127.3,400,101,-160,740
1160,HCA,2020-07-23,0 days 15:59:02.817072,270711,127.24,127.2,416,520,1469,-7621
1161,HCA,2020-07-23,0 days 15:59:03.819725,267943,127.19,127.17,100,100,-2029,1469
1162,HCA,2020-07-23,0 days 15:59:12.841960,271176,127.2,127.16,200,400,1260,-3959
1163,HCA,2020-07-23,0 days 15:59:13.843974,269639,127.2,127.18,100,300,-2037,1260
1164,HCA,2020-07-23,0 days 15:59:27.861054,276111,127.16,127.12,100,220,223,-369
1165,HCA,2020-07-23,0 days 15:59:35.880406,274898,127.11,127.04,200,575,-1039,427
1166,HCA,2020-07-23,0 days 15:59:45.904493,275937,127.06,126.97,100,300,181,-1039
1167,HCA,2020-07-23,0 days 15:59:49.913218,274569,127.17,127.05,600,200,-27966,1681
1168,HCA,2020-07-23,0 days 15:59:50.916597,275937,127.1,126.95,300,100,13432,-27966
1169,HD,2020-07-23,0 days 15:55:30.150494,241863,263.57,263.47,350,100,-4135,1765
1170,HD,2020-07-23,0 days 15:55:34.160514,282236,263.62,263.55,100,200,13192,-635
1171,HD,2020-07-23,0 days 15:57:39.461747,297299,263.84,263.81,200,200,-60,656
1172,HD,2020-07-23,0 days 15:57:40.464387,294159,263.83,263.73,125,125,3856,-60
1173,HD,2020-07-23,0 days 15:58:10.538113,299325,263.76,263.72,100,335,-18,4982
1174,HD,2020-07-23,0 days 15:58:13.545468,296405,263.68,263.62,287,100,2949,-18
1175,HD,2020-07-23,0 days 15:58:36.599351,297575,263.64,263.53,330,325,-1999,664
1176,HD,2020-07-23,0 days 15:58:37.601018,294474,263.62,263.53,256,325,3101,-1999
1177,HD,2020-07-23,0 days 15:59:00.660731,298754,263.8,263.72,120,100,-2094,2976
1178,HD,2020-07-23,0 days 15:59:01.659676,295993,263.78,263.73,100,274,2761,-2094
1179,HD,2020-07-23,0 days 15:59:02.662896,298754,263.84,263.8,100,274,-7136,2761
1180,HD,2020-07-23,0 days 15:59:03.665950,297155,263.83,263.72,100,225,1841,-7136
1181,HD,2020-07-23,0 days 15:59:14.691418,303930,263.99,263.84,100,100,2172,-4870
1182,HD,2020-07-23,0 days 15:59:19.696287,306150,263.91,263.85,125,125,-12195,3256
1183,HD,2020-07-23,0 days 15:59:20.698450,304757,263.97,263.85,300,125,1393,-12195
1184,HD,2020-07-23,0 days 15:59:21.700646,306150,263.97,263.85,300,100,-2008,1393
1185,HD,2020-07-23,0 days 15:59:23.705858,305858,263.96,263.89,225,125,292,-108
1186,HD,2020-07-23,0 days 15:59:41.749212,306953,263.91,263.81,325,175,1284,-544
1187,HD,2020-07-23,0 days 15:59:43.754949,308237,263.94,263.87,125,900,-878,875
1188,HEXO,2020-07-23,0 days 15:57:25.476566,148,0.71,0.7,51710,121131,1715,-148
1189,HL,2020-07-23,0 days 15:55:00.088321,226096,5.16,5.15,18924,51854,-5367,64288
1190,HL,2020-07-23,0 days 15:55:01.092266,225563,5.16,5.15,24324,52454,533,-5367
1191,HL,2020-07-23,0 days 15:55:32.166150,226096,5.16,5.15,38478,56133,-567,4133
1192,HL,2020-07-23,0 days 15:55:33.168706,222363,5.16,5.15,42668,51727,3733,-567
1193,HL,2020-07-23,0 days 15:58:45.631886,227596,5.14,5.13,52627,64638,-26711,38289
1194,HL,2020-07-23,0 days 15:58:46.635367,222007,5.14,5.13,52927,64638,5589,-26711
1195,HL,2020-07-23,0 days 15:59:05.681860,233856,5.15,5.14,65968,53915,-1851,3544
1196,HL,2020-07-23,0 days 15:59:06.684242,231107,5.15,5.14,65968,53915,2749,-1851
1197,HL,2020-07-23,0 days 15:59:08.688696,233856,5.15,5.14,65568,51115,-11083,2749
1198,HL,2020-07-23,0 days 15:59:09.691308,232039,5.15,5.14,65568,51715,1817,-11083
1199,HL,2020-07-23,0 days 15:59:14.703147,245988,5.15,5.14,60868,47487,-1951,7549
1200,HL,2020-07-23,0 days 15:59:15.693743,243339,5.15,5.14,60868,47483,2649,-1951
1201,HL,2020-07-23,0 days 15:59:44.764146,246888,5.15,5.14,77968,16396,-881,919
1202,HLT,2020-07-23,0 days 15:58:36.723814,159769,78.75,78.7,700,301,-797,2478
1203,HLT,2020-07-23,0 days 15:58:37.725646,155166,78.75,78.71,961,200,4603,-797
1204,HLT,2020-07-23,0 days 15:59:05.795624,163722,78.77,78.74,700,300,-317,2449
1205,HLT,2020-07-23,0 days 15:59:10.806884,161739,78.8,78.78,100,340,1550,-750
1206,HLT,2020-07-23,0 days 15:59:34.864515,162587,78.85,78.81,100,200,-1058,942
1207,HLT,2020-07-23,0 days 15:59:35.866860,161945,78.86,78.81,300,300,642,-1058
1208,HLT,2020-07-23,0 days 15:59:55.915565,163087,78.9,78.85,300,400,-146,554
1209,HLT,2020-07-23,0 days 15:59:56.917670,162733,78.89,78.82,400,500,354,-146
1210,HLX,2020-07-23,0 days 15:58:48.627986,122528,4.86,4.85,1600,1600,-684,2315
1211,HLX,2020-07-23,0 days 15:58:49.630105,120812,4.86,4.85,2200,1600,1716,-684
1212,HLX,2020-07-23,0 days 15:59:08.677379,122270,4.86,4.85,1875,700,804,-1596
1213,HLX,2020-07-23,0 days 15:59:38.741030,123727,4.84,4.83,800,3598,-3343,1857
1214,HLX,2020-07-23,0 days 15:59:39.743963,122970,4.84,4.83,800,3598,757,-3343
1215,HMY,2020-07-23,0 days 15:55:57.375231,81955,6.48,6.47,53001,32271,-38,1170
1216,HMY,2020-07-23,0 days 15:56:02.378383,81203,6.48,6.47,35764,33721,752,-38
1217,HMY,2020-07-23,0 days 15:57:02.523109,81955,6.47,6.46,41909,51194,-41618,752
1218,HMY,2020-07-23,0 days 15:57:03.525641,79473,6.47,6.46,41709,50894,2482,-41618
1219,HMY,2020-07-23,0 days 15:57:08.537871,81955,6.47,6.46,35909,56094,-1569,2482
1220,HOG,2020-07-23,0 days 15:55:01.229759,76644,29.0,28.99,1217,1709,1023,-577
1221,HOG,2020-07-23,0 days 15:55:44.335237,77717,29.02,29.01,2571,1100,-962,838
1222,HOG,2020-07-23,0 days 15:55:45.337494,76679,29.0,28.99,812,900,1038,-962
1223,HOG,2020-07-23,0 days 15:57:18.562816,78436,29.04,29.03,501,1300,-261,639
1224,HOG,2020-07-23,0 days 15:57:19.565129,77497,29.04,29.03,422,1612,939,-261
1225,HOG,2020-07-23,0 days 15:57:37.607994,78436,29.04,29.03,1428,947,-61,639
1226,HOG,2020-07-23,0 days 15:57:38.610422,77597,29.03,29.02,210,2409,839,-61
1227,HOG,2020-07-23,0 days 15:57:40.616537,78436,29.04,29.03,402,1890,-861,839
1228,HOG,2020-07-23,0 days 15:57:41.618041,78097,29.04,29.03,402,1890,339,-861
1229,HOG,2020-07-23,0 days 15:57:43.623077,78436,29.04,29.03,301,1890,-761,239
1230,HOG,2020-07-23,0 days 15:57:44.625859,77897,29.04,29.03,301,1890,539,-761
1231,HOG,2020-07-23,0 days 15:58:14.700276,78039,29.02,29.01,1012,1000,397,-103
1232,HOG,2020-07-23,0 days 15:58:24.726410,83086,29.02,29.01,702,2221,-3204,5247
1233,HOG,2020-07-23,0 days 15:58:25.726769,82790,29.03,29.02,1002,421,296,-3204
1234,HOG,2020-07-23,0 days 15:58:28.734646,83086,29.03,29.02,412,1721,-704,96
1235,HOG,2020-07-23,0 days 15:58:29.736658,81090,29.03,29.02,412,1721,1996,-704
1236,HOG,2020-07-23,0 days 15:58:32.743823,83086,29.03,29.02,1012,621,-104,196
