,Symbol,Timestamp,TIME,iPaired,Ask_P,Bid_P,Ask_S,Bid_S,iShares,PreviShares
0,AA,2020-07-27,0 days 15:57:13.590035,188984,13.24,13.23,21277,10507,8205,-15533
1,AA,2020-07-27,0 days 15:57:37.647392,197189,13.24,13.23,12890,18017,-108,1692
2,AA,2020-07-27,0 days 15:57:39.652143,195797,13.24,13.23,19431,10198,1392,-308
3,AA,2020-07-27,0 days 15:57:40.655310,197189,13.24,13.23,17231,11246,-408,1392
4,AA,2020-07-27,0 days 15:57:42.659960,196297,13.24,13.23,8431,18335,892,-2408
5,AA,2020-07-27,0 days 15:57:44.664014,197189,13.24,13.23,4441,21200,-8,892
6,AA,2020-07-27,0 days 15:57:45.666376,189897,13.24,13.23,4441,19400,7292,-8
7,AA,2020-07-27,0 days 15:58:46.814814,194510,13.25,13.24,19391,29709,-6916,4413
8,AA,2020-07-27,0 days 15:59:03.858233,202005,13.25,13.24,6600,35365,11713,-6062
9,AA,2020-07-27,0 days 15:59:35.935014,213718,13.26,13.25,31121,7224,-9849,570
10,ABBV,2020-07-27,0 days 15:56:16.340250,591059,97.31,97.3,1213,450,-1258,2742
11,ABBV,2020-07-27,0 days 15:56:17.342963,587217,97.31,97.3,1113,750,3855,-1258
12,ABBV,2020-07-27,0 days 15:58:44.700817,623286,97.35,97.34,208,907,6531,-4069
13,ABBV,2020-07-27,0 days 15:59:20.786924,680365,97.14,97.13,1010,300,-102087,6474
14,ABBV,2020-07-27,0 days 15:59:38.828920,793794,97.21,97.2,1407,739,156,-5372
15,ABBV,2020-07-27,0 days 15:59:46.847090,793155,97.18,97.17,100,1096,-1254,374
16,ABEV,2020-07-27,0 days 15:59:36.746785,157650,3.0,2.99,1345051,403010,-40450,49050
17,ABEV,2020-07-27,0 days 15:59:37.748653,154500,3.0,2.99,1341351,363131,3150,-40450
18,ABT,2020-07-27,0 days 15:55:41.181597,410976,100.08,100.07,100,300,7633,-3324
19,ABT,2020-07-27,0 days 15:55:42.183506,394209,100.09,100.07,1200,300,-17887,7633
20,ABT,2020-07-27,0 days 15:58:46.624660,411147,99.95,99.94,300,100,-1821,247
21,ABT,2020-07-27,0 days 15:58:47.626900,412968,99.95,99.94,449,200,3579,-1821
22,ABT,2020-07-27,0 days 15:59:06.673646,415124,99.99,99.97,400,661,-16000,1112
23,ABT,2020-07-27,0 days 15:59:08.678997,427175,99.94,99.92,1000,200,4249,-851
24,ABT,2020-07-27,0 days 15:59:09.681909,426824,99.93,99.92,2227,127,-451,4249
25,ABT,2020-07-27,0 days 15:59:10.683653,427275,99.93,99.92,2237,1123,310,-451
26,ABT,2020-07-27,0 days 15:59:19.704946,430209,99.93,99.92,975,652,-336,663
27,ABT,2020-07-27,0 days 15:59:22.712156,431282,99.9,99.89,1341,400,627,-1073
28,ABT,2020-07-27,0 days 15:59:24.716611,430209,99.93,99.92,534,200,-1073,627
29,ABT,2020-07-27,0 days 15:59:50.773970,434849,100.03,100.01,810,1729,-11937,1603
30,ACB,2020-07-27,0 days 15:57:16.444114,35692,10.64,10.63,1301,100,-545,1040
31,ACB,2020-07-27,0 days 15:57:17.446280,33837,10.64,10.63,1301,100,1855,-545
32,ACI,2020-07-27,0 days 15:55:06.094634,52115,15.26,15.25,1791,300,-7318,2307
33,ACI,2020-07-27,0 days 15:55:25.142699,54133,15.21,15.2,700,3133,182,-18
34,ACI,2020-07-27,0 days 15:55:55.214820,56850,15.18,15.17,2808,800,265,-1235
35,ACI,2020-07-27,0 days 15:56:00.227316,57115,15.18,15.17,1976,688,-1602,265
36,ACI,2020-07-27,0 days 15:56:02.231594,56900,15.18,15.17,1376,788,215,-1602
37,ACI,2020-07-27,0 days 15:56:05.238812,57115,15.18,15.17,1376,988,-2773,215
38,ACI,2020-07-27,0 days 15:56:17.267952,62076,15.2,15.19,2279,3700,3739,-5061
39,ACI,2020-07-27,0 days 15:56:18.270321,61615,15.2,15.19,2179,3500,-461,3739
40,ACI,2020-07-27,0 days 15:58:47.626947,71592,15.22,15.2,2300,1000,3628,-1671
41,ACI,2020-07-27,0 days 15:59:05.671244,72620,15.22,15.21,500,3889,-824,376
42,ACI,2020-07-27,0 days 15:59:47.773219,76434,15.28,15.25,1589,502,14,-142
43,ACI,2020-07-27,0 days 15:59:52.778533,74744,15.25,15.22,2020,2600,1035,-655
44,ADM,2020-07-27,0 days 15:57:39.508024,290168,42.12,42.11,430,4671,-818,482
45,ADM,2020-07-27,0 days 15:57:40.510253,284086,42.12,42.11,1713,3139,6082,-818
46,ADM,2020-07-27,0 days 15:59:15.742740,309439,42.14,42.13,4643,492,-2958,7400
47,ADM,2020-07-27,0 days 15:59:16.745357,305897,42.13,42.12,3016,1719,3542,-2958
48,ADM,2020-07-27,0 days 15:59:44.814915,307877,42.13,42.12,4594,1722,1662,-2836
49,ADM,2020-07-27,0 days 15:59:47.820329,309539,42.14,42.13,4495,1411,-1748,57
50,ADM,2020-07-27,0 days 15:59:50.828214,296508,42.14,42.13,959,4865,12931,-525
51,AEO,2020-07-27,0 days 15:55:35.277694,140458,9.55,9.54,15832,6678,18825,-6375
52,AEO,2020-07-27,0 days 15:55:36.279588,137583,9.54,9.53,2200,16501,-2621,18825
53,AEP,2020-07-27,0 days 15:55:00.081751,160701,82.81,82.8,1926,1803,194815,-26107
54,AES,2020-07-27,0 days 15:55:43.227489,263625,15.25,15.24,10334,22718,-5836,48
55,AES,2020-07-27,0 days 15:55:58.263477,269536,15.25,15.24,7304,22613,936,-3064
56,AES,2020-07-27,0 days 15:55:59.266097,266472,15.25,15.24,3000,28222,-3335,936
57,AES,2020-07-27,0 days 15:57:13.444556,287669,15.23,15.22,14882,19732,2663,-672
58,AES,2020-07-27,0 days 15:57:14.446413,283632,15.23,15.22,12590,20498,-4037,2663
59,AES,2020-07-27,0 days 15:57:17.454426,287669,15.23,15.22,16644,19532,263,-4037
60,AES,2020-07-27,0 days 15:57:18.456632,283632,15.23,15.22,12392,19732,-4037,263
61,AES,2020-07-27,0 days 15:58:56.695182,294169,15.25,15.24,35350,12383,19648,-4217
62,AES,2020-07-27,0 days 15:58:57.697697,291217,15.25,15.24,34447,12450,-2952,19648
63,AES,2020-07-27,0 days 15:59:00.706588,294169,15.25,15.24,29257,13072,29,-2952
64,AFL,2020-07-27,0 days 15:55:01.116923,542376,36.38,36.37,300,1983,103,-5697
65,AFL,2020-07-27,0 days 15:57:40.500922,552917,36.39,36.38,2510,600,-1506,394
66,AFL,2020-07-27,0 days 15:57:53.532415,552517,36.4,36.39,1138,4621,-4206,3594
67,AFL,2020-07-27,0 days 15:57:54.535143,551823,36.4,36.39,2339,5585,694,-4206
68,AFL,2020-07-27,0 days 15:58:00.551242,552517,36.4,36.39,1950,7227,-106,694
69,AFL,2020-07-27,0 days 15:58:01.552726,548223,36.4,36.39,2156,7827,4294,-106
70,AFL,2020-07-27,0 days 15:58:05.562607,552517,36.39,36.38,2257,5302,-1006,694
71,AFL,2020-07-27,0 days 15:58:06.564588,551823,36.39,36.38,2463,5302,694,-1006
72,AFL,2020-07-27,0 days 15:58:09.572904,552517,36.39,36.38,1230,8824,-606,3794
73,AFL,2020-07-27,0 days 15:58:10.574118,551823,36.39,36.38,3382,2702,694,-606
74,AFL,2020-07-27,0 days 15:58:13.582310,552517,36.39,36.38,4540,1402,-4206,694
75,AFL,2020-07-27,0 days 15:58:14.584339,551823,36.39,36.38,5140,302,694,-4206
76,AFL,2020-07-27,0 days 15:58:18.593892,552517,36.39,36.38,4742,4290,-2706,694
77,AFL,2020-07-27,0 days 15:58:19.596104,551823,36.39,36.38,5042,4495,694,-2706
78,AFL,2020-07-27,0 days 15:58:36.638046,549775,36.39,36.38,4651,3450,-2047,695
79,AFL,2020-07-27,0 days 15:58:37.640472,549422,36.39,36.38,4782,2350,353,-2047
80,AFL,2020-07-27,0 days 15:59:19.741993,592792,36.4,36.39,3188,4366,-10150,1344
81,AFL,2020-07-27,0 days 15:59:20.744471,579142,36.4,36.39,5107,1630,13650,-10150
82,AFL,2020-07-27,0 days 15:59:43.800370,622584,36.44,36.43,1048,5836,2747,-3053
83,AGI,2020-07-27,0 days 15:56:18.345552,88475,11.46,11.45,32410,22211,1515,-1020
84,AGI,2020-07-27,0 days 15:56:19.347662,87090,11.46,11.45,32924,22211,-1385,1515
85,AGI,2020-07-27,0 days 15:59:19.783676,91962,11.44,11.43,32408,25833,-1245,70
86,AGI,2020-07-27,0 days 15:59:45.845399,93207,11.44,11.43,47134,4285,571,-545
87,AGI,2020-07-27,0 days 15:59:46.847090,92978,11.44,11.43,45524,6921,-229,571
88,AIG,2020-07-27,0 days 15:57:13.444631,1336897,30.83,30.82,3708,4724,1666,-1932
89,AIG,2020-07-27,0 days 15:57:14.446998,1331663,30.83,30.82,3308,6424,-5234,1666
90,AIG,2020-07-27,0 days 15:57:40.510283,1337067,30.8,30.79,7281,3081,9070,-4030
91,AIG,2020-07-27,0 days 15:57:41.518160,1320837,30.82,30.81,1507,7143,-16230,9070
92,AIG,2020-07-27,0 days 15:57:49.531503,1342245,30.83,30.82,5300,951,5992,-508
93,AIG,2020-07-27,0 days 15:57:50.534204,1336337,30.83,30.82,4900,1051,-808,5992
94,AIG,2020-07-27,0 days 15:58:05.572123,1343345,30.82,30.81,4159,3401,6452,-5248
95,AIG,2020-07-27,0 days 15:58:06.573654,1336497,30.82,30.81,3059,5501,-648,6452
96,AIG,2020-07-27,0 days 15:59:03.713764,1371481,30.85,30.84,7114,3689,575,-2025
97,AIG,2020-07-27,0 days 15:59:10.731370,1349706,30.84,30.83,6376,3495,-1992,21196
98,AIG,2020-07-27,0 days 15:59:15.742759,1351698,30.84,30.83,8370,2986,65817,-1992
99,AIG,2020-07-27,0 days 15:59:35.792065,1452223,30.88,30.87,8262,3930,498,-202
100,AIG,2020-07-27,0 days 15:59:44.814963,1451693,30.89,30.88,3789,3046,-3363,139
101,AIG,2020-07-27,0 days 15:59:46.818457,1456538,30.89,30.88,5094,3284,855,-1145
102,AIG,2020-07-27,0 days 15:59:47.820353,1457393,30.89,30.88,4494,3182,-352,855
103,AIG,2020-07-27,0 days 15:59:49.824331,1459215,30.89,30.88,4694,1682,678,-722
104,AIG,2020-07-27,0 days 15:59:50.828660,1451793,30.88,30.87,260,6738,-6507,678
105,ALK,2020-07-27,0 days 15:58:22.646464,65746,34.19,34.18,724,1035,-533,767
106,ALK,2020-07-27,0 days 15:58:25.653300,65546,34.19,34.18,424,1788,-133,1267
107,ALK,2020-07-27,0 days 15:58:56.730005,67362,34.19,34.18,292,730,185,-216
108,ALK,2020-07-27,0 days 15:58:57.731968,66947,34.19,34.18,392,830,-415,185
109,ALK,2020-07-27,0 days 15:59:00.740540,67362,34.19,34.18,392,1330,885,-115
110,ALK,2020-07-27,0 days 15:59:50.857642,74096,34.2,34.18,1917,100,-941,3559
111,ALK,2020-07-27,0 days 15:59:57.875394,75037,34.17,34.12,2780,1400,859,-141
112,ALK,2020-07-27,0 days 15:59:58.876369,74896,34.17,34.12,7561,1499,-141,859
113,AM,2020-07-27,0 days 15:58:16.742373,204640,5.79,5.78,37217,3433,921,-9139
114,AM,2020-07-27,0 days 15:58:17.746091,199861,5.79,5.78,61205,3583,-4779,921
115,AM,2020-07-27,0 days 15:59:04.859824,206000,5.8,5.79,31675,13018,119444,-16555
116,AM,2020-07-27,0 days 15:59:05.862904,202144,5.8,5.79,29564,10718,-3856,119444
117,AM,2020-07-27,0 days 15:59:30.922486,199395,5.79,5.78,24766,17912,-5245,4555
118,AMCR,2020-07-27,0 days 15:57:42.506617,1141314,10.8,10.79,69953,35602,17682,-22886
119,AMCR,2020-07-27,0 days 15:57:50.525159,1141314,10.8,10.79,17131,56766,282,-2418
120,AMCR,2020-07-27,0 days 15:57:51.528226,1138896,10.8,10.79,34753,61356,-2418,282
121,AMCR,2020-07-27,0 days 15:58:00.551257,1139896,10.8,10.79,44318,57776,-2718,2082
122,AMCR,2020-07-27,0 days 15:58:01.553053,1142614,10.8,10.79,42818,67676,2482,-2718
123,AMCR,2020-07-27,0 days 15:58:02.556119,1139996,10.8,10.79,44918,64576,-2618,2482
124,AMCR,2020-07-27,0 days 15:58:04.559967,1142614,10.8,10.79,49505,64037,10182,-2618
125,AMCR,2020-07-27,0 days 15:58:05.562903,1138996,10.8,10.79,50205,64537,-3618,10182
126,AMCR,2020-07-27,0 days 15:59:00.698212,1165061,10.82,10.81,58489,54918,8348,-5163
127,AMCR,2020-07-27,0 days 15:59:01.698776,1162009,10.82,10.81,58692,54918,-3052,8348
128,AMCR,2020-07-27,0 days 15:59:05.708879,1165060,10.82,10.81,58404,53588,6034,-20747
129,AMX,2020-07-27,0 days 15:55:00.267959,18636,13.26,13.25,34743,17193,1261,-2
130,AMX,2020-07-27,0 days 15:56:23.468593,19897,13.27,13.26,27500,28635,-513,1187
131,AMX,2020-07-27,0 days 15:57:05.570699,20410,13.27,13.26,31110,19925,2697,-513
132,AMX,2020-07-27,0 days 15:59:27.915196,41687,13.27,13.26,32116,49256,-1643,1242
133,AMX,2020-07-27,0 days 15:59:28.917020,40430,13.27,13.26,30216,48251,1257,-1643
134,AMX,2020-07-27,0 days 15:59:42.951410,41687,13.27,13.26,19448,63537,-161,1257
135,ANF,2020-07-27,0 days 15:55:47.305874,125333,9.67,9.66,26312,28276,-612,4088
136,ANF,2020-07-27,0 days 15:55:48.309296,119545,9.67,9.66,25636,27876,5788,-612
137,APLE,2020-07-27,0 days 15:57:40.602167,266647,8.63,8.62,10995,14603,4346,-5254
138,APLE,2020-07-27,0 days 15:57:55.638470,271793,8.63,8.62,8305,17791,-3754,4246
139,APLE,2020-07-27,0 days 15:57:56.640620,268247,8.63,8.62,8766,17891,3546,-3754
140,APLE,2020-07-27,0 days 15:59:27.861326,275277,8.64,8.63,13519,12165,-5628,3024
141,APLE,2020-07-27,0 days 15:59:28.863184,272905,8.64,8.63,13419,12165,2372,-5628
142,APLE,2020-07-27,0 days 15:59:35.880839,275277,8.64,8.63,12885,14707,-1058,2372
143,APLE,2020-07-27,0 days 15:59:44.903077,273135,8.64,8.63,9109,17377,1342,-1058
144,AR,2020-07-27,0 days 15:56:46.379043,196270,2.81,2.8,54248,68471,59280,-83419
145,AR,2020-07-27,0 days 15:56:47.381694,188350,2.81,2.8,53048,76096,-7920,59280
146,ATUS,2020-07-27,0 days 15:55:00.191154,194142,24.57,24.56,5541,4208,-74769,60545
147,ATUS,2020-07-27,0 days 15:57:37.570889,271450,24.53,24.52,13629,6450,135,-2265
148,ATUS,2020-07-27,0 days 15:57:40.577974,267285,24.53,24.52,13329,7050,-4300,900
149,ATUS,2020-07-27,0 days 15:58:57.766045,266276,24.54,24.53,8375,1548,-1508,6292
150,AU,2020-07-27,0 days 15:56:16.307062,69002,38.0,37.99,2072,2633,694,-282
151,AU,2020-07-27,0 days 15:58:47.673500,72145,37.97,37.96,7173,948,-2694,1266
152,AU,2020-07-27,0 days 15:59:07.725859,79412,37.94,37.93,3804,664,-130,570
153,AVTR,2020-07-27,0 days 15:57:39.467383,418124,19.55,19.54,1319,2118,-240,1460
154,AVTR,2020-07-27,0 days 15:57:40.469546,418364,19.54,19.53,1471,4818,160,-240
155,AVTR,2020-07-27,0 days 15:58:17.558858,418364,19.55,19.54,6300,10610,460,-540
156,AVTR,2020-07-27,0 days 15:58:33.599320,418364,19.56,19.55,2683,10896,5560,-540
157,AVTR,2020-07-27,0 days 15:58:53.646858,427324,19.58,19.57,2598,8872,-530,4060
158,AVTR,2020-07-27,0 days 15:59:02.669386,424489,19.58,19.57,4225,9786,3805,-530
159,AVTR,2020-07-27,0 days 15:59:06.679717,427754,19.58,19.57,4125,10204,1072,-860
160,AVTR,2020-07-27,0 days 15:59:07.682962,427626,19.58,19.57,4425,9407,-128,1072
161,AXP,2020-07-27,0 days 15:59:02.802575,338079,95.82,95.8,905,1538,-13220,7477
162,AXP,2020-07-27,0 days 15:59:03.805683,333969,95.8,95.79,346,400,4110,-13220
163,AXP,2020-07-27,0 days 15:59:15.832286,338218,95.78,95.77,381,571,-37494,6094
164,AXP,2020-07-27,0 days 15:59:16.834783,336936,95.76,95.74,1081,500,1482,-37494
165,AXP,2020-07-27,0 days 15:59:25.856538,339550,95.78,95.76,1250,208,1425,-2375
166,AXP,2020-07-27,0 days 15:59:43.900381,340769,95.76,95.75,299,508,206,-2194
167,AXP,2020-07-27,0 days 15:59:44.903053,340975,95.78,95.77,200,100,-631,206
168,AXP,2020-07-27,0 days 15:59:50.907920,332437,95.84,95.82,325,800,8861,-39
169,AZN,2020-07-27,0 days 15:55:48.384376,47262,56.58,56.57,1700,1818,242,-1558
170,AZN,2020-07-27,0 days 15:55:49.386218,46204,56.58,56.57,2175,2718,-1058,242
171,AZN,2020-07-27,0 days 15:56:44.519074,48969,56.61,56.6,1135,5260,530,-770
172,AZN,2020-07-27,0 days 15:56:45.522075,47699,56.61,56.6,956,5778,-1270,530
173,AZN,2020-07-27,0 days 15:59:02.854889,51579,56.62,56.61,2807,4058,78,-1729
174,AZN,2020-07-27,0 days 15:59:04.859690,51357,56.62,56.61,3708,3021,-222,78
175,AZN,2020-07-27,0 days 15:59:07.867276,50957,56.61,56.6,2700,3875,-648,678
176,BA,2020-07-27,0 days 15:57:22.534651,282996,170.27,170.25,1500,300,698,-2
177,BA,2020-07-27,0 days 15:57:23.537289,277894,170.24,170.22,100,400,-5102,698
178,BA,2020-07-27,0 days 15:57:40.578140,291410,170.18,170.15,1379,200,5838,-6662
179,BA,2020-07-27,0 days 15:57:41.583618,286748,170.25,170.22,516,1400,-4662,5838
180,BA,2020-07-27,0 days 15:58:45.736892,292329,170.13,170.1,200,510,542,-758
181,BA,2020-07-27,0 days 15:58:46.739431,288171,170.15,170.13,1400,300,-5458,542
182,BA,2020-07-27,0 days 15:58:51.751182,287115,170.04,170.01,200,400,34,-2880
183,BA,2020-07-27,0 days 15:58:52.753769,286410,170.07,170.04,300,100,-705,34
184,BA,2020-07-27,0 days 15:59:00.774888,287150,170.05,170.03,749,755,22360,-440
185,BABA,2020-07-27,0 days 15:59:15.773504,3286114,251.62,251.61,558,300,-94626,468011
186,BAC,2020-07-27,0 days 15:55:43.372200,2981093,24.09,24.08,112600,82199,-8697,19400
187,BAC,2020-07-27,0 days 15:55:44.374768,2964190,24.09,24.08,121239,51197,16903,-8697
188,BAX,2020-07-27,0 days 15:55:00.080547,183928,89.25,89.22,600,493,2006,-26989
189,BAX,2020-07-27,0 days 15:57:44.473011,200241,89.25,89.24,700,1100,2230,-2670
190,BAX,2020-07-27,0 days 15:58:36.600122,199966,89.19,89.18,500,1600,-6875,2030
191,BAX,2020-07-27,0 days 15:58:37.602757,198041,89.19,89.18,500,1200,1925,-6875
192,BAX,2020-07-27,0 days 15:58:57.651321,207190,89.2,89.19,800,200,-3552,3034
193,BAX,2020-07-27,0 days 15:58:58.654254,204742,89.2,89.18,300,850,2448,-3552
194,BAX,2020-07-27,0 days 15:59:02.664242,207190,89.2,89.19,400,771,-1849,1941
195,BAX,2020-07-27,0 days 15:59:03.666319,205746,89.2,89.19,293,1277,2644,-1849
196,BAX,2020-07-27,0 days 15:59:16.697401,216386,89.21,89.2,300,638,-893,123
197,BAX,2020-07-27,0 days 15:59:17.700781,214279,89.21,89.2,600,365,307,-893
198,BAX,2020-07-27,0 days 15:59:27.723871,214586,89.21,89.2,100,403,-159,307
199,BAX,2020-07-27,0 days 15:59:35.744718,209045,89.25,89.23,2400,200,1641,-1059
200,BAX,2020-07-27,0 days 15:59:47.773194,209996,89.28,89.27,801,100,-35,15
201,BAX,2020-07-27,0 days 15:59:48.770345,209181,89.28,89.27,601,100,815,-35
202,BB,2020-07-27,0 days 15:59:36.739534,33061,4.7,4.69,74616,201931,-7604,9696
203,BBY,2020-07-27,0 days 15:55:26.144906,253698,97.87,97.84,434,1316,19,-81
204,BBY,2020-07-27,0 days 15:55:27.147224,253217,97.9,97.86,400,600,-481,19
205,BBY,2020-07-27,0 days 15:55:43.186276,253717,97.92,97.9,100,550,653,-368
206,BBY,2020-07-27,0 days 15:55:44.188260,253370,97.89,97.87,100,600,-347,653
207,BBY,2020-07-27,0 days 15:55:47.195203,253750,97.89,97.87,700,100,63,-117
208,BBY,2020-07-27,0 days 15:55:48.198410,253413,97.89,97.87,610,200,-337,63
209,BBY,2020-07-27,0 days 15:56:19.272256,254135,97.84,97.82,513,416,1479,-621
210,BBY,2020-07-27,0 days 15:56:20.275225,253714,97.84,97.82,313,600,-421,1479
211,BBY,2020-07-27,0 days 15:56:37.315316,254135,97.85,97.83,600,600,4879,-3040
212,BBY,2020-07-27,0 days 15:56:45.334596,264822,97.87,97.85,234,500,-913,2687
213,BBY,2020-07-27,0 days 15:56:58.366265,265816,97.87,97.85,668,508,136,-34
214,BBY,2020-07-27,0 days 15:56:59.368623,265052,97.89,97.87,328,553,-764,136
215,BBY,2020-07-27,0 days 15:57:37.456729,271402,97.87,97.85,200,200,470,-2530
216,BBY,2020-07-27,0 days 15:57:39.461547,269972,97.87,97.86,400,543,-2340,160
217,BBY,2020-07-27,0 days 15:57:51.490542,276512,97.92,97.89,640,303,460,-2240
218,BBY,2020-07-27,0 days 15:57:52.492681,274572,97.92,97.89,683,203,-1940,460
219,BBY,2020-07-27,0 days 15:57:55.499860,277312,97.92,97.89,633,203,860,-2740
220,BBY,2020-07-27,0 days 15:57:56.502024,275272,97.92,97.89,867,303,-2040,860
221,BBY,2020-07-27,0 days 15:58:44.619495,276252,97.91,97.89,410,301,-1537,463
222,BBY,2020-07-27,0 days 15:59:13.690067,279341,97.92,97.89,634,290,-1062,638
223,BBY,2020-07-27,0 days 15:59:18.702101,285254,97.9,97.87,500,500,11652,-2613
224,BDN,2020-07-27,0 days 15:55:00.123630,468322,10.79,10.78,7440,12694,695,-11050
225,BDN,2020-07-27,0 days 15:55:01.125267,466017,10.79,10.78,6766,12696,-2305,695
226,BDN,2020-07-27,0 days 15:58:02.565455,474135,10.78,10.77,32639,5299,583,-2517
227,BDN,2020-07-27,0 days 15:58:03.567100,471618,10.78,10.77,31759,4402,-2517,583
228,BDN,2020-07-27,0 days 15:58:14.593354,474135,10.77,10.76,22091,7707,683,-1717
229,BDN,2020-07-27,0 days 15:58:15.596018,471618,10.77,10.76,18591,9207,-2517,683
230,BDN,2020-07-27,0 days 15:59:16.745380,478091,10.77,10.76,11189,7090,-2305,5395
231,BDN,2020-07-27,0 days 15:59:23.765283,479881,10.76,10.75,11316,8109,1010,-3290
232,BDN,2020-07-27,0 days 15:59:24.764179,477691,10.77,10.76,9500,13009,-2190,1010
233,BE,2020-07-27,0 days 15:56:32.379098,42421,16.31,16.3,10040,3369,-13748,17552
234,BEN,2020-07-27,0 days 15:55:00.191338,181587,21.07,21.06,4358,11347,-5251,8872
235,BEN,2020-07-27,0 days 15:57:18.524684,204353,21.0,20.99,8277,2450,90,-2110
236,BEN,2020-07-27,0 days 15:57:19.527130,201943,21.0,20.99,7477,2600,-2410,90
237,BEN,2020-07-27,0 days 15:59:46.877909,220656,21.03,21.02,2422,5215,284,-6933
238,BHC,2020-07-27,0 days 15:57:43.550930,81111,18.0,17.99,4502,6300,545,-155
239,BHC,2020-07-27,0 days 15:57:44.552936,76756,18.0,17.99,4557,6370,-4355,545
240,BHC,2020-07-27,0 days 15:58:39.688028,74889,18.04,18.03,12993,7459,967,-2877
241,BHC,2020-07-27,0 days 15:58:40.690815,72156,18.04,18.03,12893,7459,-2733,967
242,BHC,2020-07-27,0 days 15:58:56.730109,68421,18.05,18.04,23655,6262,-6468,432
243,BHC,2020-07-27,0 days 15:59:13.772148,72785,18.04,18.03,9175,2084,-2173,827
244,BHC,2020-07-27,0 days 15:59:22.790698,78258,18.02,18.01,4146,1300,1227,-5473
245,BHC,2020-07-27,0 days 15:59:23.792884,75085,18.03,18.02,2007,7136,-3173,1227
246,BHC,2020-07-27,0 days 15:59:45.845476,78258,18.0,17.99,8760,3182,3027,-873
247,BHC,2020-07-27,0 days 15:59:46.847172,76985,18.0,17.99,6845,6482,-2329,3027
248,BK,2020-07-27,0 days 15:55:00.155845,325048,35.72,35.71,5643,4294,3075,-89846
249,BK,2020-07-27,0 days 15:57:38.538718,342453,35.72,35.71,1327,8904,-699,1331
250,BK,2020-07-27,0 days 15:57:39.541417,338552,35.72,35.71,2927,8238,3901,-699
251,BK,2020-07-27,0 days 15:57:42.548506,339152,35.74,35.73,1300,7270,1449,-2299
252,BK,2020-07-27,0 days 15:58:02.599262,334171,35.72,35.71,9500,513,8282,-118
253,BK,2020-07-27,0 days 15:58:25.653272,344353,35.71,35.7,8506,6709,-118,4582
254,BK,2020-07-27,0 days 15:58:26.655688,340271,35.71,35.7,10229,2303,4082,-118
255,BK,2020-07-27,0 days 15:58:36.680908,338771,35.72,35.71,2596,11822,3682,-418
256,BK,2020-07-27,0 days 15:58:44.700713,339672,35.73,35.72,6557,4071,2781,-5619
257,BK,2020-07-27,0 days 15:59:00.740502,338364,35.73,35.72,8518,3015,-1559,1930
258,BK,2020-07-27,0 days 15:59:01.742281,332620,35.73,35.72,9395,1714,6013,-1559
259,BK,2020-07-27,0 days 15:59:37.826732,347228,35.72,35.71,6909,4327,669,-3331
260,BK,2020-07-27,0 days 15:59:48.852023,347928,35.75,35.74,4923,10548,508,-192
261,BKR,2020-07-27,0 days 15:55:00.219247,297933,16.27,16.26,4764,19454,-39859,499
262,BKR,2020-07-27,0 days 15:55:01.221126,292292,16.27,16.26,4977,18464,5641,-39859
263,BKR,2020-07-27,0 days 15:55:44.326354,299121,16.28,16.27,8514,10056,-1221,1549
264,BKR,2020-07-27,0 days 15:55:45.328594,294142,16.28,16.27,10041,8656,4979,-1221
265,BKR,2020-07-27,0 days 15:57:36.592272,329369,16.3,16.29,9013,12001,-405,5995
266,BKR,2020-07-27,0 days 15:57:37.594558,322574,16.3,16.29,10513,11601,6795,-405
267,BKR,2020-07-27,0 days 15:57:41.607254,329369,16.31,16.3,7400,10076,-5981,2619
268,BKR,2020-07-27,0 days 15:57:42.607674,323850,16.31,16.3,4643,12749,5519,-5981
269,BKR,2020-07-27,0 days 15:58:17.692582,329369,16.31,16.3,8291,17896,-4681,6719
270,BKR,2020-07-27,0 days 15:58:18.695389,324250,16.31,16.3,8588,18232,5119,-4681
271,BKR,2020-07-27,0 days 15:58:31.726722,329369,16.31,16.3,7292,21737,-181,5119
272,BKR,2020-07-27,0 days 15:58:32.729378,324550,16.31,16.3,5391,22208,4819,-181
273,BKR,2020-07-27,0 days 15:59:46.907669,343075,16.35,16.34,8799,18971,1723,-9239
274,BKR,2020-07-27,0 days 15:59:47.910095,344798,16.35,16.34,8799,19150,-512,1723
275,BMY,2020-07-27,0 days 15:59:15.802587,1857077,57.98,57.97,6960,4741,390925,-8574
276,BMY,2020-07-27,0 days 15:59:29.837006,2080301,58.03,58.02,2130,7005,-5633,68665
277,BMY,2020-07-27,0 days 15:59:30.839883,2147912,57.99,57.98,2800,1577,489,-5633
278,BMY,2020-07-27,0 days 15:59:37.856019,2076310,58.03,58.02,3210,2104,3991,-51909
279,BMY,2020-07-27,0 days 15:59:38.857968,2080257,58.03,58.02,1510,6570,-1021,3991
280,BMY,2020-07-27,0 days 15:59:40.864287,2081878,58.01,58.0,5900,318,66479,-1021
281,BMY,2020-07-27,0 days 15:59:41.865620,2079668,58.02,58.01,1800,6022,-61710,66479
282,BMY,2020-07-27,0 days 15:59:42.867682,2075739,58.02,58.01,3800,716,6498,-61710
283,BMY,2020-07-27,0 days 15:59:45.875494,2089839,58.04,58.03,3078,4595,-12108,9771
284,BMY,2020-07-27,0 days 15:59:46.877909,2086547,58.04,58.03,4878,3395,1743,-12108
285,BP,2020-07-27,0 days 15:59:50.874832,56968,23.13,23.12,32952,45711,2738,-1152
286,BRK.B,2020-07-27,0 days 15:59:08.684522,459760,192.18,192.15,860,340,52469,-46182
287,BRK.B,2020-07-27,0 days 15:59:09.688058,410629,192.2,192.16,100,200,-49885,52469
288,BRK.B,2020-07-27,0 days 15:59:17.694267,461014,192.18,192.13,700,540,52464,-47574
289,BRK.B,2020-07-27,0 days 15:59:24.710226,412140,192.22,192.18,600,693,-57098,42940
290,BRK.B,2020-07-27,0 days 15:59:25.712531,469238,192.2,192.16,600,200,47840,-57098
291,BRK.B,2020-07-27,0 days 15:59:35.736965,411640,192.19,192.16,692,400,-71416,28722
292,BRK.B,2020-07-27,0 days 15:59:38.743125,483056,192.19,192.15,989,200,71422,-28616
293,BRK.B,2020-07-27,0 days 15:59:44.758212,411965,192.2,192.16,300,576,-71091,32333
294,BRK.B,2020-07-27,0 days 15:59:49.770778,483056,192.15,192.11,945,400,69839,-34753
295,BSX,2020-07-27,0 days 15:58:56.652889,880237,38.31,38.3,13461,7107,-7847,20315
296,BSX,2020-07-27,0 days 15:58:57.655347,889722,38.31,38.3,8177,9082,678,-7847
297,BSX,2020-07-27,0 days 15:59:31.725090,925792,38.31,38.3,10643,7324,5163,-31275
298,BX,2020-07-27,0 days 15:56:07.246066,284059,55.19,55.18,1300,1201,-16344,22356
299,BX,2020-07-27,0 days 15:56:08.247757,282003,55.18,55.17,1200,297,2056,-16344
300,BX,2020-07-27,0 days 15:58:38.610285,280307,55.17,55.16,2391,1616,-4407,2145
301,BX,2020-07-27,0 days 15:58:39.613677,278551,55.17,55.16,2692,1622,356,-4407
302,BX,2020-07-27,0 days 15:58:48.634555,277953,55.2,55.19,903,201,5655,-146
303,BYD,2020-07-27,0 days 15:57:10.392129,61010,21.63,21.62,300,1900,2100,-819
304,BYD,2020-07-27,0 days 15:57:11.394579,59810,21.64,21.63,2447,700,-1100,2100
305,BYD,2020-07-27,0 days 15:57:47.480612,64640,21.63,21.61,1700,1500,766,-2053
306,BYD,2020-07-27,0 days 15:57:48.483144,63506,21.63,21.61,1100,2299,-834,766
307,BYD,2020-07-27,0 days 15:57:59.509414,65240,21.63,21.62,2004,2601,565,-1735
308,BYD,2020-07-27,0 days 15:58:00.513568,64205,21.63,21.62,904,3004,-935,565
309,BYD,2020-07-27,0 days 15:58:45.622263,65440,21.65,21.64,450,2307,5506,-1235
310,BYD,2020-07-27,0 days 15:58:46.624766,64746,21.66,21.65,817,2002,-494,5506
311,BYD,2020-07-27,0 days 15:59:05.671444,65540,21.65,21.64,2700,451,685,-215
312,BYD,2020-07-27,0 days 15:59:06.673843,65325,21.65,21.64,2411,677,-3,685
313,BYD,2020-07-27,0 days 15:59:08.679143,65528,21.64,21.63,1898,570,1075,-3
314,BYD,2020-07-27,0 days 15:59:15.694806,65103,21.63,21.62,1628,2127,-225,2075
315,C,2020-07-27,0 days 15:58:52.829154,423712,51.29,51.28,5829,5576,25646,-33201
316,C,2020-07-27,0 days 15:58:53.832507,420058,51.29,51.28,8545,3176,-3654,25646
317,C,2020-07-27,0 days 15:59:15.886149,428777,51.27,51.26,7089,11260,-14627,973
318,C,2020-07-27,0 days 15:59:32.927163,455216,51.28,51.27,6420,15761,-433,1067
319,C,2020-07-27,0 days 15:59:35.934789,456549,51.28,51.27,3382,15620,2167,-1333
320,C,2020-07-27,0 days 15:59:50.971138,441187,51.31,51.3,12584,1039,-15562,2197
321,CAG,2020-07-27,0 days 15:59:15.774105,323881,36.94,36.93,1926,7359,-39695,14413
322,CARR,2020-07-27,0 days 15:55:32.163092,426007,26.26,26.25,1841,5961,22257,-1543
323,CARR,2020-07-27,0 days 15:55:33.164312,424164,26.26,26.25,2741,5801,-1843,22257
324,CARR,2020-07-27,0 days 15:55:46.194581,426007,26.26,26.25,2669,5601,2306,-251
325,CARR,2020-07-27,0 days 15:55:47.196986,424713,26.26,26.25,2669,5501,-1294,2306
326,CARR,2020-07-27,0 days 15:56:30.301102,425088,26.26,26.25,3442,5599,2991,-2009
327,CARR,2020-07-27,0 days 15:56:34.310266,425579,26.26,26.25,6069,400,-4509,491
328,CARR,2020-07-27,0 days 15:57:13.404518,431141,26.27,26.25,2000,18900,-1372,128
329,CARR,2020-07-27,0 days 15:58:00.519625,427513,26.27,26.26,10030,5856,3628,-4572
330,CARR,2020-07-27,0 days 15:58:01.521454,427241,26.27,26.26,8495,8500,-272,3628
331,CARR,2020-07-27,0 days 15:58:16.557724,427441,26.27,26.26,9895,9977,-72,4928
332,CARR,2020-07-27,0 days 15:58:47.632738,431316,26.26,26.25,600,9223,-1197,203
333,CARR,2020-07-27,0 days 15:58:50.639953,432613,26.27,26.26,4804,965,3088,-1197
334,CARR,2020-07-27,0 days 15:59:19.698610,437300,26.27,26.26,2559,5498,-1247,1238
335,CAT,2020-07-27,0 days 15:57:41.482194,171506,139.84,139.81,664,515,-917,2152
336,CAT,2020-07-27,0 days 15:57:42.475294,168923,139.84,139.83,198,446,2583,-917
337,CAT,2020-07-27,0 days 15:57:51.496798,171506,139.89,139.86,200,652,-115,85
338,CAT,2020-07-27,0 days 15:57:52.498608,169221,139.89,139.85,500,301,2285,-115
339,CAT,2020-07-27,0 days 15:59:14.699527,172932,139.93,139.91,721,200,-268,332
340,CAT,2020-07-27,0 days 15:59:29.722759,198211,139.76,139.73,636,300,1397,-11320
341,CAT,2020-07-27,0 days 15:59:47.765340,204355,139.94,139.91,1080,409,-248,5
342,CDE,2020-07-27,0 days 15:55:00.123162,141808,8.21,8.2,9678,34586,10824,-49185
343,CDE,2020-07-27,0 days 15:55:01.125256,139632,8.21,8.2,15484,41138,-1776,10824
344,CDE,2020-07-27,0 days 15:55:43.227618,143508,8.23,8.22,28360,33804,11893,-1307
345,CDE,2020-07-27,0 days 15:55:44.230319,138801,8.23,8.22,28660,37204,-3307,11893
346,CDE,2020-07-27,0 days 15:55:51.247601,143540,8.23,8.22,20337,45654,2357,-2659
347,CDE,2020-07-27,0 days 15:57:16.452367,141878,8.26,8.25,25812,32817,-1162,3038
348,CDE,2020-07-27,0 days 15:59:19.752675,148859,8.24,8.23,32069,36082,14893,-442
349,CFG,2020-07-27,0 days 15:55:41.181709,188088,24.88,24.87,7788,5129,-1954,46
350,CFG,2020-07-27,0 days 15:55:42.183629,187642,24.88,24.87,7451,5934,446,-1954
351,CFG,2020-07-27,0 days 15:55:44.188358,188088,24.88,24.87,6918,4734,-340,446
352,CFG,2020-07-27,0 days 15:55:45.190805,187728,24.88,24.87,7151,5598,360,-340
353,CFG,2020-07-27,0 days 15:55:48.198485,188088,24.88,24.87,8090,5892,-3140,360
354,CFG,2020-07-27,0 days 15:55:49.200495,187728,24.88,24.87,7890,6892,360,-3140
355,CFG,2020-07-27,0 days 15:56:10.250858,188339,24.86,24.85,8877,2450,-1114,555
356,CFG,2020-07-27,0 days 15:56:32.303546,193816,24.86,24.85,8941,2153,426,-2174
357,CFG,2020-07-27,0 days 15:56:59.368671,196929,24.86,24.85,8218,7101,-2130,970
358,CFG,2020-07-27,0 days 15:57:00.371160,195959,24.86,24.85,10751,5701,970,-2130
359,CFG,2020-07-27,0 days 15:57:13.399344,197248,24.85,24.84,6301,4226,-411,489
360,CFG,2020-07-27,0 days 15:57:14.401655,196359,24.85,24.84,8255,4503,889,-411
361,CFG,2020-07-27,0 days 15:57:16.407558,197248,24.85,24.84,6550,5786,-3480,889
362,CFG,2020-07-27,0 days 15:57:17.409121,192459,24.85,24.84,10329,4588,4789,-3480
363,CFG,2020-07-27,0 days 15:57:38.460385,197648,24.85,24.84,7325,4489,-89,86
364,CFG,2020-07-27,0 days 15:57:39.461713,196737,24.85,24.84,8725,4689,911,-89
365,CFG,2020-07-27,0 days 15:57:52.492780,197648,24.86,24.85,4830,3430,-4954,4
366,CFG,2020-07-27,0 days 15:57:53.494832,195102,24.86,24.85,6230,3430,2546,-4954
367,CFG,2020-07-27,0 days 15:58:11.539527,197648,24.87,24.86,6450,4072,-3454,2546
368,CFG,2020-07-27,0 days 15:58:12.542303,195102,24.87,24.86,8701,2372,2546,-3454
369,CFG,2020-07-27,0 days 15:58:17.553962,197648,24.87,24.86,5980,3087,-3354,2546
370,CFG,2020-07-27,0 days 15:58:18.557874,195102,24.87,24.86,7431,2687,2546,-3354
371,CFG,2020-07-27,0 days 15:58:36.600182,194700,24.88,24.87,7100,1401,-404,2544
372,CFG,2020-07-27,0 days 15:59:03.666493,235519,24.86,24.85,6155,5621,192,-3108
373,CFG,2020-07-27,0 days 15:59:06.673843,233011,24.87,24.86,4842,7551,-2208,1592
374,CFG,2020-07-27,0 days 15:59:28.726455,235224,24.86,24.85,3400,7924,-1885,2115
375,CFG,2020-07-27,0 days 15:59:34.741564,237109,24.86,24.85,6171,8807,9678,-1885
376,CFG,2020-07-27,0 days 15:59:35.744885,235987,24.86,24.85,5893,9317,-1122,9678
377,CFG,2020-07-27,0 days 15:59:49.771958,237396,24.88,24.87,6675,2331,-613,487
378,CHWY,2020-07-27,0 days 15:59:04.859813,49576,46.79,46.78,268,223,-1852,348
379,CHWY,2020-07-27,0 days 15:59:06.865675,48754,46.79,46.77,468,499,822,-4052
380,CHX,2020-07-27,0 days 15:55:00.082988,101846,9.67,9.66,2982,2767,2646,-9186
381,CHX,2020-07-27,0 days 15:59:06.679954,107657,9.73,9.72,5761,2414,-1995,1505
382,CHX,2020-07-27,0 days 15:59:07.683223,107652,9.73,9.72,5400,2469,5,-1995
383,CHX,2020-07-27,0 days 15:59:30.724913,107043,9.74,9.73,11120,2037,1146,-1754
384,CI,2020-07-27,0 days 15:56:30.301102,145555,175.68,175.65,667,110,733,-2503
385,CI,2020-07-27,0 days 15:56:31.303787,142488,175.67,175.62,450,502,-3067,733
386,CI,2020-07-27,0 days 15:58:53.647043,147529,175.58,175.55,500,226,560,-440
387,CI,2020-07-27,0 days 15:58:54.649092,144740,175.58,175.55,200,100,-2789,560
388,CI,2020-07-27,0 days 15:59:05.677330,182843,175.58,175.57,100,160,5550,-1034
389,CI,2020-07-27,0 days 15:59:06.680014,179493,175.66,175.59,750,550,-3350,5550
390,CI,2020-07-27,0 days 15:59:24.710396,184499,175.42,175.4,350,400,120,-180
391,CI,2020-07-27,0 days 15:59:29.722774,181501,175.49,175.41,202,204,-2998,45
392,CI,2020-07-27,0 days 15:59:31.726669,184499,175.48,175.42,564,850,3131,-2798
393,CI,2020-07-27,0 days 15:59:32.729700,182130,175.48,175.42,364,1150,-2369,3131
394,CIEN,2020-07-27,0 days 15:57:24.562820,151023,58.99,58.98,747,1474,357,-141
395,CIEN,2020-07-27,0 days 15:57:25.564898,146380,58.99,58.98,747,1574,-4643,357
396,CIEN,2020-07-27,0 days 15:59:05.810636,155142,58.97,58.96,603,802,1190,-1122
397,CIEN,2020-07-27,0 days 15:59:16.834893,152015,58.95,58.94,987,724,-3027,2173
398,CIG,2020-07-27,0 days 15:57:02.409617,107398,2.44,2.43,317000,243778,-23909,43788
399,CIM,2020-07-27,0 days 15:58:20.567783,100527,8.92,8.91,29927,38442,-307,1793
400,CIM,2020-07-27,0 days 15:58:21.569689,98534,8.92,8.91,29927,37942,1993,-307
401,CIM,2020-07-27,0 days 15:58:45.627981,98683,8.93,8.92,26740,19808,-12,1832
402,CIM,2020-07-27,0 days 15:58:49.636764,88105,8.93,8.92,30348,24404,10578,-6222
403,CIM,2020-07-27,0 days 15:59:40.748922,103229,8.92,8.91,14998,27914,-783,173
404,CIM,2020-07-27,0 days 15:59:43.755529,100912,8.93,8.92,26686,17994,473,-1327
405,CIM,2020-07-27,0 days 15:59:44.758428,101385,8.93,8.92,24178,16652,-3264,473
406,CIM,2020-07-27,0 days 15:59:45.760587,101149,8.93,8.92,26110,13385,236,-3264
407,CIM,2020-07-27,0 days 15:59:46.763176,101385,8.93,8.92,25023,13235,-3956,236
408,CL,2020-07-27,0 days 15:55:00.122440,182034,74.71,74.7,1755,924,-12134,10783
409,CL,2020-07-27,0 days 15:55:06.136886,193768,74.7,74.69,1380,900,8677,-12023
410,CL,2020-07-27,0 days 15:55:07.139437,192645,74.7,74.69,1382,1502,-1123,8677
411,CL,2020-07-27,0 days 15:56:24.326200,194417,74.7,74.69,2236,4295,3853,-847
412,CL,2020-07-27,0 days 15:56:25.328415,193870,74.7,74.69,2036,4395,-547,3853
413,CL,2020-07-27,0 days 15:57:34.495087,227488,74.69,74.68,500,3847,673,-1227
414,CL,2020-07-27,0 days 15:57:35.497942,226161,74.69,74.68,512,4647,-1027,673
415,CL,2020-07-27,0 days 15:58:00.560085,227488,74.7,74.69,2454,1087,1185,-2415
416,CL,2020-07-27,0 days 15:58:01.561784,225673,74.7,74.69,3402,1409,-1815,1185
417,CL,2020-07-27,0 days 15:58:29.630806,227488,74.7,74.69,1491,2646,223,-1577
418,CL,2020-07-27,0 days 15:58:30.632961,225711,74.7,74.69,1491,3130,-1777,223
419,CL,2020-07-27,0 days 15:58:36.646838,219270,74.7,74.69,217,3375,6441,-1777
420,CL,2020-07-27,0 days 15:58:37.649355,218311,74.7,74.69,217,4275,-959,6441
421,CL,2020-07-27,0 days 15:58:47.673392,225480,74.71,74.7,831,1748,1531,-1864
422,CL,2020-07-27,0 days 15:58:48.675939,223911,74.71,74.7,531,2742,-1569,1531
423,CL,2020-07-27,0 days 15:59:08.726764,228261,74.7,74.69,2000,2100,-2642,1266
424,CL,2020-07-27,0 days 15:59:14.740395,230903,74.68,74.67,1717,1802,358,-242
425,CL,2020-07-27,0 days 15:59:18.749576,230561,74.64,74.63,1710,2700,-83,3658
426,CL,2020-07-27,0 days 15:59:35.791858,239058,74.62,74.61,1020,2634,-544,355
427,CL,2020-07-27,0 days 15:59:42.808095,239602,74.62,74.61,1742,2757,12,-409
428,CL,2020-07-27,0 days 15:59:46.818216,239522,74.63,74.62,400,1795,-80,1220
429,CLDR,2020-07-27,0 days 15:55:00.122545,109939,11.47,11.46,12557,8800,1910,-19273
430,CLDR,2020-07-27,0 days 15:55:01.125145,107549,11.47,11.46,11507,11324,-2390,1910
431,CLDR,2020-07-27,0 days 15:55:41.222867,110239,11.47,11.46,13307,13484,40,-955
432,CLDR,2020-07-27,0 days 15:55:50.244363,108254,11.47,11.46,15437,12220,-1985,40
433,CLDR,2020-07-27,0 days 15:58:22.612920,111447,11.47,11.46,26173,19100,12993,-1707
434,CLDR,2020-07-27,0 days 15:58:23.615493,103140,11.47,11.46,38750,20411,-8307,12993
435,CLDR,2020-07-27,0 days 15:58:46.671395,127816,11.47,11.46,25089,20660,224,-576
436,CLDR,2020-07-27,0 days 15:58:48.675972,107340,11.47,11.46,24726,21760,-4107,14293
437,CLDR,2020-07-27,0 days 15:59:05.718689,117154,11.47,11.46,16044,26201,739,-636
438,CLDR,2020-07-27,0 days 15:59:06.721300,116593,11.48,11.47,9292,19865,-561,739
439,CLDR,2020-07-27,0 days 15:59:16.745252,117154,11.48,11.47,11392,18089,1367,-302
440,CLDR,2020-07-27,0 days 15:59:17.748974,113021,11.48,11.47,12944,15981,-4133,1367
441,CLF,2020-07-27,0 days 15:55:00.176081,126610,5.88,5.87,23331,84368,-21360,33898
442,CLF,2020-07-27,0 days 15:58:55.744369,161515,5.9,5.89,97529,32822,16963,-6006
443,CLF,2020-07-27,0 days 15:58:57.749307,145546,5.9,5.89,96029,30322,-14069,16963
444,CLR,2020-07-27,0 days 15:55:44.326338,102226,17.34,17.33,527,3121,1392,-1726
445,CLR,2020-07-27,0 days 15:55:45.328572,100622,17.34,17.33,529,3147,-1604,1392
446,CLR,2020-07-27,0 days 15:58:46.762872,112444,17.39,17.38,13400,1979,132,-1879
447,CLR,2020-07-27,0 days 15:58:47.765486,108376,17.39,17.38,13600,2379,-1768,132
448,CLR,2020-07-27,0 days 15:58:59.795146,112544,17.39,17.38,11738,4143,5549,-958
449,CLR,2020-07-27,0 days 15:59:00.799126,107793,17.39,17.38,11813,5022,-4864,5549
450,CLR,2020-07-27,0 days 15:59:03.805683,112757,17.39,17.38,11828,4497,13896,-751
451,CNC,2020-07-27,0 days 15:55:00.080578,190987,67.27,67.26,1006,200,-3448,30625
452,CNC,2020-07-27,0 days 15:55:01.083483,186635,67.27,67.26,1206,300,4352,-3448
453,CNC,2020-07-27,0 days 15:58:36.600142,190691,67.26,67.25,1030,1086,-1073,2637
454,CNC,2020-07-27,0 days 15:58:37.602757,189264,67.26,67.25,600,1274,1427,-1073
455,CNC,2020-07-27,0 days 15:59:32.736723,203874,67.13,67.11,447,200,-4304,5388
456,CNC,2020-07-27,0 days 15:59:33.738904,195078,67.13,67.11,674,198,8796,-4304
457,CNC,2020-07-27,0 days 15:59:34.741472,201174,67.14,67.11,539,798,-204,8796
458,CNC,2020-07-27,0 days 15:59:47.773219,196478,67.22,67.16,802,1019,1496,-3404
459,CNC,2020-07-27,0 days 15:59:57.790544,196578,67.25,67.17,200,2455,1396,-2004
460,CNC,2020-07-27,0 days 15:59:58.792370,196874,67.26,67.18,979,5700,-2004,1396
461,CNK,2020-07-27,0 days 15:58:45.703294,99836,12.07,12.06,2751,8960,-3892,1501
462,CNK,2020-07-27,0 days 15:58:46.705108,99028,12.07,12.06,2651,8960,808,-3892
463,CNK,2020-07-27,0 days 15:58:53.722787,99836,12.07,12.06,3531,7931,-192,1928
464,CNK,2020-07-27,0 days 15:58:54.724451,99028,12.07,12.06,3175,8438,808,-192
465,CNK,2020-07-27,0 days 15:59:49.854554,108244,12.09,12.08,5244,3131,505,-3295
466,CNP,2020-07-27,0 days 15:57:53.532253,963057,19.08,19.07,13960,19500,1669,-3416
467,CNP,2020-07-27,0 days 15:58:10.573823,956657,19.08,19.07,24937,17539,-3100,2100
468,CNP,2020-07-27,0 days 15:59:36.782570,973615,19.08,19.07,25488,5912,1434,-7366
469,CNP,2020-07-27,0 days 15:59:43.800046,968349,19.08,19.07,19932,28838,-1568,4332
470,CNP,2020-07-27,0 days 15:59:44.802442,968391,19.08,19.07,21925,30335,1850,-1568
471,CNP,2020-07-27,0 days 15:59:46.807188,966339,19.08,19.07,17294,31856,-2405,4748
472,CNP,2020-07-27,0 days 15:59:49.814168,967793,19.08,19.07,20714,30236,-951,649
473,CNQ,2020-07-27,0 days 15:55:42.293866,38600,18.76,18.75,12232,9521,-849,151
474,CNQ,2020-07-27,0 days 15:57:04.492406,42849,18.81,18.8,5523,15690,3464,-6027
475,CNQ,2020-07-27,0 days 15:57:13.514167,42849,18.82,18.81,12178,6601,3464,-6027
476,CNQ,2020-07-27,0 days 15:59:46.878034,59444,18.78,18.77,12239,9094,-1849,3529
477,CNQ,2020-07-27,0 days 15:59:48.883267,61293,18.78,18.77,14039,8394,214,-649
478,CNX,2020-07-27,0 days 15:55:30.248125,126821,8.78,8.77,25029,16047,6619,-2081
479,COF,2020-07-27,0 days 15:59:02.761897,364727,65.69,65.67,500,600,4772,-3751
480,COF,2020-07-27,0 days 15:59:04.767470,369499,65.69,65.68,401,247,-1844,3311
481,COF,2020-07-27,0 days 15:59:06.773633,351596,65.7,65.69,300,200,18753,-12838
482,COF,2020-07-27,0 days 15:59:12.786834,372679,65.73,65.72,800,300,-7492,4258
483,COF,2020-07-27,0 days 15:59:15.791681,371271,65.73,65.72,200,492,1408,-2392
484,COF,2020-07-27,0 days 15:59:17.796841,372679,65.74,65.72,700,800,-3392,10108
485,COF,2020-07-27,0 days 15:59:20.801019,364904,65.75,65.74,7032,100,7775,-6725
486,COF,2020-07-27,0 days 15:59:27.817287,372779,65.75,65.74,6284,186,-1932,975
487,COF,2020-07-27,0 days 15:59:28.819542,372111,65.75,65.74,6484,282,668,-1932
488,COF,2020-07-27,0 days 15:59:44.859808,372879,65.75,65.74,1481,931,-677,542
489,COF,2020-07-27,0 days 15:59:45.862542,372820,65.75,65.74,1410,680,59,-677
490,COG,2020-07-27,0 days 15:55:01.221160,438375,17.92,17.91,3823,11209,943,-26057
491,COG,2020-07-27,0 days 15:56:10.389793,441290,17.93,17.92,8197,3109,-3016,516
492,COG,2020-07-27,0 days 15:57:33.584621,437368,17.89,17.88,5786,8400,3463,-469
493,COG,2020-07-27,0 days 15:57:34.587481,436587,17.89,17.88,3005,10564,-781,3463
494,COG,2020-07-27,0 days 15:57:35.590086,437368,17.89,17.88,9681,7864,1419,-781
495,COG,2020-07-27,0 days 15:57:37.594578,443187,17.89,17.88,10259,7864,-581,1419
496,COG,2020-07-27,0 days 15:57:38.597459,446568,17.89,17.88,10805,8764,1019,-581
497,COG,2020-07-27,0 days 15:58:57.789767,513646,17.89,17.88,1300,27444,-754,3251
498,COG,2020-07-27,0 days 15:58:58.793538,507400,17.9,17.89,7200,2705,1846,-754
499,COG,2020-07-27,0 days 15:59:10.822924,493050,17.92,17.91,5163,7954,2538,-2986
500,COG,2020-07-27,0 days 15:59:18.839798,503450,17.93,17.92,7026,8578,3805,-4995
501,COG,2020-07-27,0 days 15:59:47.910148,502995,17.97,17.96,16867,8593,1163,-11541
502,COG,2020-07-27,0 days 15:59:48.901850,504158,17.97,17.96,12041,12630,-557,1163
503,COP,2020-07-27,0 days 15:59:42.839059,559615,39.73,39.72,1693,8527,7259,-6241
504,COTY,2020-07-27,0 days 15:55:00.082526,210607,4.01,4.0,76650,61900,-1781,100796
505,COTY,2020-07-27,0 days 15:55:01.085882,202188,4.01,4.0,83089,69200,8419,-1781
506,COTY,2020-07-27,0 days 15:59:13.696493,230093,4.01,4.0,63334,131973,-11473,6127
507,COTY,2020-07-27,0 days 15:59:44.758396,234744,4.01,4.0,94610,148905,-7510,3742
508,COTY,2020-07-27,0 days 15:59:45.760531,232654,4.01,4.0,97788,131505,2090,-7510
509,COTY,2020-07-27,0 days 15:59:47.765216,234744,4.01,4.0,74843,143157,-14429,20971
510,COTY,2020-07-27,0 days 15:59:48.767616,231673,4.01,4.0,74443,143380,3071,-14429
511,CPE,2020-07-27,0 days 15:55:00.122440,44015,1.32,1.31,130865,88129,-3249,26083
512,CPE,2020-07-27,0 days 15:57:07.430842,47494,1.32,1.31,161365,79772,1460,-2456
513,CPE,2020-07-27,0 days 15:59:03.713485,60935,1.33,1.32,179202,43124,-8142,4146
514,CPRI,2020-07-27,0 days 15:59:18.794156,142427,14.75,14.74,2200,5513,1979,-569
515,CRM,2020-07-27,0 days 15:59:31.771118,317753,190.94,190.9,1369,300,134,-10359
516,CTL,2020-07-27,0 days 15:55:11.108175,577620,9.7,9.69,72033,54778,575,-619
517,CTL,2020-07-27,0 days 15:58:08.532516,631885,9.72,9.71,76592,79966,-7033,7667
518,CTL,2020-07-27,0 days 15:58:33.594671,638918,9.72,9.71,70966,82668,367,-7033
519,CTL,2020-07-27,0 days 15:58:43.617092,654607,9.72,9.71,68662,81970,-1368,367
520,CTL,2020-07-27,0 days 15:59:41.758361,680215,9.72,9.71,51092,113715,-3567,6233
521,CVE,2020-07-27,0 days 15:59:36.739698,45995,5.07,5.06,129852,254640,-10503,13713
522,CVE,2020-07-27,0 days 15:59:47.765340,45282,5.07,5.06,125346,237536,713,-10487
523,CVS,2020-07-27,0 days 15:55:00.080493,294083,62.53,62.52,1400,3510,202,-30998
524,CVS,2020-07-27,0 days 15:57:34.448831,311723,62.6,62.59,3800,3972,-1392,1544
525,CVS,2020-07-27,0 days 15:57:35.451966,310015,62.6,62.59,3800,3346,1544,-1392
526,CVS,2020-07-27,0 days 15:57:36.453996,311723,62.58,62.57,3200,826,-92,1544
527,CVS,2020-07-27,0 days 15:57:37.456729,307415,62.56,62.55,900,2239,4471,-92
528,CVS,2020-07-27,0 days 15:57:47.480480,311723,62.59,62.58,200,6526,-732,1568
529,CVS,2020-07-27,0 days 15:57:48.483038,310255,62.59,62.58,1721,4197,1473,-732
530,CVS,2020-07-27,0 days 15:57:52.492681,311728,62.59,62.58,982,14343,-927,1273
531,CVS,2020-07-27,0 days 15:57:53.494738,310255,62.6,62.59,2600,3145,1473,-927
532,CVS,2020-07-27,0 days 15:57:55.499886,311728,62.6,62.59,1475,5543,-227,1473
533,CVS,2020-07-27,0 days 15:57:56.502024,310255,62.6,62.59,1475,5279,1473,-227
534,CVS,2020-07-27,0 days 15:57:58.507165,311728,62.6,62.59,4075,4819,-2327,1473
535,CVS,2020-07-27,0 days 15:57:59.509315,310255,62.6,62.59,6575,3392,1473,-2327
536,CVS,2020-07-27,0 days 15:58:11.539428,311891,62.57,62.56,1400,4931,-1364,1336
537,CVS,2020-07-27,0 days 15:58:12.542200,311155,62.57,62.56,2013,3055,573,-1364
538,CVS,2020-07-27,0 days 15:58:22.566107,311728,62.58,62.57,1079,6560,-1327,1373
539,CVS,2020-07-27,0 days 15:58:23.568898,310355,62.58,62.57,1379,5371,1373,-1327
540,CVS,2020-07-27,0 days 15:58:28.580610,311728,62.58,62.57,2637,5456,-27,1373
541,CVS,2020-07-27,0 days 15:58:29.583066,310355,62.58,62.57,1680,5946,1373,-27
542,CVS,2020-07-27,0 days 15:58:30.585950,311728,62.58,62.57,1475,6672,-1427,1373
543,CVS,2020-07-27,0 days 15:58:31.588035,310355,62.58,62.57,1675,5690,1373,-1427
544,CVS,2020-07-27,0 days 15:58:36.600122,309169,62.59,62.58,2951,5319,-1186,2173
545,CVS,2020-07-27,0 days 15:58:37.602719,308055,62.59,62.58,2851,5264,1114,-1186
546,CVS,2020-07-27,0 days 15:59:19.704946,329417,62.58,62.57,636,2817,-3785,25
547,CVX,2020-07-27,0 days 15:59:40.749057,1017738,91.01,91.0,4197,400,-6745,3647
548,CVX,2020-07-27,0 days 15:59:41.751219,1009683,91.01,91.0,3662,200,8055,-6745
549,CVX,2020-07-27,0 days 15:59:46.763358,1004488,91.04,91.03,129,523,13966,-4891
550,CX,2020-07-27,0 days 15:57:13.514075,54553,3.14,3.13,118601,106428,4813,-20238
551,CX,2020-07-27,0 days 15:59:47.881840,93869,3.17,3.16,109398,193593,254,-3046
552,D,2020-07-27,0 days 15:55:00.174829,135495,80.18,80.16,100,534,22821,-21997
553,D,2020-07-27,0 days 15:55:42.277301,146745,80.26,80.25,411,600,-5678,1177
554,D,2020-07-27,0 days 15:56:08.339924,147834,80.24,80.23,1406,200,-7,2105
555,D,2020-07-27,0 days 15:56:16.359122,147841,80.2,80.17,1203,300,201,-7
556,D,2020-07-27,0 days 15:56:32.397709,148042,80.22,80.21,300,1706,-118,201
557,D,2020-07-27,0 days 15:56:44.426527,148560,80.26,80.25,1214,500,482,-218
558,D,2020-07-27,0 days 15:56:49.438474,149067,80.28,80.27,110,700,-53,147
559,D,2020-07-27,0 days 15:56:52.445747,148920,80.26,80.25,400,100,147,-53
560,D,2020-07-27,0 days 15:57:17.505841,149694,80.18,80.16,900,1138,-212,488
561,D,2020-07-27,0 days 15:57:18.508600,149606,80.19,80.18,301,600,88,-212
562,D,2020-07-27,0 days 15:57:23.520436,149694,80.23,80.2,910,472,-12,188
563,D,2020-07-27,0 days 15:57:24.522847,149606,80.22,80.2,350,504,88,-12
564,D,2020-07-27,0 days 15:57:36.551988,149694,80.23,80.21,1056,655,-1512,88
565,D,2020-07-27,0 days 15:57:37.554102,152906,80.23,80.21,555,755,88,-1512
566,D,2020-07-27,0 days 15:57:38.557030,152494,80.23,80.22,254,500,-1512,88
567,D,2020-07-27,0 days 15:58:03.618656,159426,80.22,80.2,800,300,368,-1632
568,D,2020-07-27,0 days 15:58:04.620840,158394,80.22,80.2,500,549,-1132,368
569,D,2020-07-27,0 days 15:58:33.691408,157526,80.2,80.19,500,1365,1068,-1032
570,D,2020-07-27,0 days 15:58:34.693197,156694,80.22,80.21,100,300,-2932,1068
571,D,2020-07-27,0 days 15:58:38.702773,156226,80.19,80.17,872,1100,419,-448
572,D,2020-07-27,0 days 15:58:39.705331,153045,80.21,80.19,400,1600,-3181,419
573,D,2020-07-27,0 days 15:58:44.717863,158426,80.21,80.19,800,200,5878,-3381
574,D,2020-07-27,0 days 15:58:45.719921,151737,80.21,80.2,200,700,-6689,5878
575,D,2020-07-27,0 days 15:58:49.729425,158426,80.21,80.19,400,805,3314,-922
576,D,2020-07-27,0 days 15:58:50.732425,157740,80.22,80.21,194,400,-686,3314
577,D,2020-07-27,0 days 15:58:52.737311,158426,80.22,80.2,695,402,494,-402
578,D,2020-07-27,0 days 15:59:01.759442,166287,80.23,80.22,998,370,26,-509
579,D,2020-07-27,0 days 15:59:16.794039,170426,80.22,80.21,367,458,-1384,716
580,D,2020-07-27,0 days 15:59:17.796887,171510,80.2,80.19,234,200,1043,-1384
581,D,2020-07-27,0 days 15:59:28.819559,172553,80.21,80.2,489,430,-1807,293
582,D,2020-07-27,0 days 15:59:29.823078,172460,80.21,80.19,683,615,93,-1807
583,D,2020-07-27,0 days 15:59:43.857046,172193,80.21,80.19,494,969,2044,-1756
584,D,2020-07-27,0 days 15:59:44.859860,174237,80.22,80.2,723,1023,-1956,2044
585,DAL,2020-07-27,0 days 15:57:18.410146,382055,25.5,25.49,23660,14389,1272,-5028
586,DAL,2020-07-27,0 days 15:57:19.413104,377027,25.5,25.49,19656,15999,-5028,1272
587,DAL,2020-07-27,0 days 15:57:28.433884,382055,25.51,25.5,6367,21592,4072,-5028
588,DAL,2020-07-27,0 days 15:57:29.436829,377927,25.52,25.51,8328,20730,-4128,4072
589,DAL,2020-07-27,0 days 15:58:08.532505,382075,25.52,25.51,21746,28381,1901,-3899
590,DAL,2020-07-27,0 days 15:58:09.535266,378876,25.52,25.51,26007,29484,-3199,1901
591,DAL,2020-07-27,0 days 15:58:12.542291,382075,25.52,25.51,27166,28858,201,-3199
592,DAL,2020-07-27,0 days 15:58:13.544773,378876,25.52,25.51,25306,25116,-3199,201
593,DAL,2020-07-27,0 days 15:58:20.562260,380675,25.51,25.5,18469,14738,1,-2999
594,DAL,2020-07-27,0 days 15:59:19.705087,386832,25.51,25.5,22083,12627,20,-4498
595,DAL,2020-07-27,0 days 15:59:22.712274,386086,25.51,25.5,20962,12756,-746,164
596,DAL,2020-07-27,0 days 15:59:33.738987,386832,25.51,25.5,22377,16629,7064,-436
597,DAL,2020-07-27,0 days 15:59:34.741550,393904,25.51,25.5,21434,16787,-5929,7064
598,DD,2020-07-27,0 days 15:55:59.266210,330732,55.29,55.28,400,1202,-1405,2765
599,DD,2020-07-27,0 days 15:56:00.269122,327911,55.29,55.28,1000,400,2821,-1405
600,DD,2020-07-27,0 days 15:59:06.721487,389710,55.37,55.36,623,1234,-983,1633
601,DD,2020-07-27,0 days 15:59:11.733359,385953,55.34,55.33,1171,1684,3757,-2142
602,DD,2020-07-27,0 days 15:59:15.742759,389710,55.35,55.34,1198,100,-5412,3357
603,DD,2020-07-27,0 days 15:59:16.745380,386222,55.34,55.33,200,1328,3488,-5412
604,DD,2020-07-27,0 days 15:59:26.769510,390453,55.35,55.33,800,477,-4573,10808
605,DD,2020-07-27,0 days 15:59:27.771960,388327,55.35,55.33,1251,1000,1726,-4573
606,DD,2020-07-27,0 days 15:59:45.816466,390153,55.36,55.34,624,926,-1992,1095
607,DD,2020-07-27,0 days 15:59:49.824331,390141,55.36,55.35,671,200,12,-668
608,DHI,2020-07-27,0 days 15:55:25.280531,259815,66.44,66.42,300,2961,4437,-963
609,DHI,2020-07-27,0 days 15:55:26.282834,256052,66.45,66.43,315,592,-3763,4437
610,DHI,2020-07-27,0 days 15:56:44.470766,264136,66.62,66.6,420,1550,2709,-1292
611,DHI,2020-07-27,0 days 15:56:45.472904,261360,66.62,66.6,420,1650,-2776,2709
612,DHI,2020-07-27,0 days 15:58:04.660916,281362,66.57,66.55,500,450,2309,-957
613,DHI,2020-07-27,0 days 15:58:05.663460,277671,66.57,66.55,100,1050,-1191,2309
614,DHI,2020-07-27,0 days 15:58:48.767717,279096,66.56,66.54,957,1400,6027,-3992
615,DHI,2020-07-27,0 days 15:58:49.769997,265823,66.58,66.54,200,1100,-13273,6027
616,DHI,2020-07-27,0 days 15:59:26.858676,278471,66.57,66.56,600,369,-1731,869
617,DHI,2020-07-27,0 days 15:59:27.860966,280202,66.57,66.56,702,270,747,-1731
618,DHI,2020-07-27,0 days 15:59:28.860892,278649,66.57,66.56,502,570,-1553,747
619,DHI,2020-07-27,0 days 15:59:47.909717,282702,66.59,66.57,871,1365,644,-1033
620,DHI,2020-07-27,0 days 15:59:48.901576,282046,66.59,66.57,682,1965,-656,644
621,DHR,2020-07-27,0 days 15:55:00.174776,135011,199.74,199.72,1061,200,17027,-20752
622,DHR,2020-07-27,0 days 15:55:27.240687,153787,199.65,199.63,400,200,-1273,1976
623,DHR,2020-07-27,0 days 15:55:28.243286,152302,199.64,199.62,300,300,1487,-1273
624,DHR,2020-07-27,0 days 15:55:41.274506,153789,199.62,199.59,700,200,-4903,581
625,DHR,2020-07-27,0 days 15:55:42.277276,152892,199.62,199.59,610,100,897,-4903
626,DHR,2020-07-27,0 days 15:55:47.289064,153809,199.6,199.58,725,400,-4301,897
627,DHR,2020-07-27,0 days 15:55:48.291631,153410,199.58,199.55,300,200,399,-4301
628,DHR,2020-07-27,0 days 15:55:59.318051,153926,199.56,199.54,300,296,-180,416
629,DHR,2020-07-27,0 days 15:56:02.325334,148622,199.6,199.55,518,300,5304,-180
630,DHR,2020-07-27,0 days 15:56:35.403450,153930,199.56,199.53,1404,300,-31,2769
631,DHR,2020-07-27,0 days 15:56:36.407114,153423,199.55,199.52,502,200,907,-31
632,DHR,2020-07-27,0 days 15:57:13.496088,154800,199.25,199.21,2068,106,-384,1282
633,DHR,2020-07-27,0 days 15:57:23.520185,154321,199.1,198.99,300,500,1679,-279
634,DHR,2020-07-27,0 days 15:57:31.539390,155400,199.05,199.0,500,200,-221,579
635,DHR,2020-07-27,0 days 15:57:32.542076,155221,199.02,198.99,400,300,579,-221
636,DHR,2020-07-27,0 days 15:57:34.546719,154026,199.02,198.98,1375,406,-295,179
637,DHR,2020-07-27,0 days 15:57:38.556934,154100,198.99,198.97,900,600,-221,105
638,DHR,2020-07-27,0 days 15:57:59.608061,154679,199.2,199.17,257,300,2268,-1553
639,DHR,2020-07-27,0 days 15:58:38.702487,155526,199.03,199.02,400,306,-3116,505
640,DHR,2020-07-27,0 days 15:58:39.705019,153832,199.03,199.02,206,275,3294,-3116
641,DHR,2020-07-27,0 days 15:58:53.739668,160340,199.0,198.99,400,616,-1109,3791
642,DHR,2020-07-27,0 days 15:58:54.741554,159769,199.0,198.99,591,509,571,-1109
643,DHR,2020-07-27,0 days 15:59:08.777118,161904,199.0,198.99,1117,2500,-59,1841
644,DHR,2020-07-27,0 days 15:59:09.780095,161137,198.98,198.95,400,600,767,-59
645,DHR,2020-07-27,0 days 15:59:11.784267,169678,198.98,198.96,100,200,-2964,7036
646,DHR,2020-07-27,0 days 15:59:12.786753,168442,198.98,198.96,194,105,776,-2964
647,DHT,2020-07-27,0 days 15:56:30.299115,70488,5.65,5.64,20843,24983,2255,-645
648,DHT,2020-07-27,0 days 15:59:45.768731,76050,5.65,5.64,29958,15391,-1960,540
649,DHT,2020-07-27,0 days 15:59:46.771305,75977,5.65,5.64,27450,30095,427,-1960
650,DIS,2020-07-27,0 days 15:56:51.349323,515094,116.19,116.17,100,2219,-686,638
651,DIS,2020-07-27,0 days 15:56:52.351765,512980,116.2,116.19,1367,1186,2114,-686
652,DIS,2020-07-27,0 days 15:57:41.476034,521793,116.23,116.21,1100,600,-4955,3096
653,DIS,2020-07-27,0 days 15:57:42.469690,519348,116.24,116.23,600,500,2445,-4955
654,DIS,2020-07-27,0 days 15:57:48.483134,517293,116.23,116.22,400,1591,-2555,2345
655,DIS,2020-07-27,0 days 15:57:49.485012,515548,116.23,116.22,400,1291,1745,-2555
656,DIS,2020-07-27,0 days 15:57:59.509400,517693,116.22,116.21,908,631,-1264,1836
657,DIS,2020-07-27,0 days 15:58:00.513547,515757,116.22,116.21,1608,731,1936,-1264
658,DIS,2020-07-27,0 days 15:58:07.529803,520657,116.23,116.21,877,600,2436,-264
659,DIS,2020-07-27,0 days 15:58:12.542291,523093,116.23,116.22,800,516,-2264,4236
660,DIS,2020-07-27,0 days 15:58:16.552040,518457,116.23,116.22,1233,594,4636,-2264
661,DIS,2020-07-27,0 days 15:58:36.600182,516199,116.26,116.24,600,1980,-5878,1016
662,DIS,2020-07-27,0 days 15:58:37.602830,514577,116.27,116.25,1954,877,1534,-5878
663,DIS,2020-07-27,0 days 15:58:58.654365,521803,116.26,116.25,1929,1587,-1741,1324
664,DIS,2020-07-27,0 days 15:58:59.656160,520511,116.26,116.25,2589,893,1204,-1741
665,DIS,2020-07-27,0 days 15:59:03.666467,520944,116.27,116.25,802,2631,-1183,2623
666,DIS,2020-07-27,0 days 15:59:04.669554,519877,116.27,116.26,500,500,1004,-1183
667,DIS,2020-07-27,0 days 15:59:08.679126,521104,116.26,116.25,400,1528,-8929,592
668,DIS,2020-07-27,0 days 15:59:19.705087,528333,116.24,116.23,675,400,41894,-5727
669,DOW,2020-07-27,0 days 15:57:13.496510,649937,43.91,43.9,300,480,-1050,1910
670,DOW,2020-07-27,0 days 15:57:14.498428,647705,43.91,43.9,500,426,2232,-1050
671,DOW,2020-07-27,0 days 15:57:36.551925,654812,43.95,43.94,870,3073,-3717,2783
672,DOW,2020-07-27,0 days 15:57:37.554057,652738,43.95,43.94,1585,2872,2074,-3717
673,DOW,2020-07-27,0 days 15:57:39.559265,654996,43.96,43.95,1000,1102,-1418,1173
674,DOW,2020-07-27,0 days 15:57:40.561530,653223,43.96,43.95,800,2832,1773,-1418
675,DOW,2020-07-27,0 days 15:58:07.627855,653214,43.94,43.93,2926,2901,1782,-318
676,DOW,2020-07-27,0 days 15:58:15.647546,654984,43.96,43.95,1900,687,-1530,573
677,DOW,2020-07-27,0 days 15:58:16.650248,654423,43.96,43.95,2600,1287,561,-1530
678,DOW,2020-07-27,0 days 15:58:32.689146,653523,43.97,43.96,723,1601,1473,-3927
679,DOW,2020-07-27,0 days 15:58:38.702723,650623,44.0,43.99,3014,1750,881,-2319
680,DOW,2020-07-27,0 days 15:58:48.727408,651223,44.01,44.0,2858,2129,361,-5639
681,DOW,2020-07-27,0 days 15:59:03.765206,651641,44.01,44.0,3258,1991,60,-16
682,DOW,2020-07-27,0 days 15:59:04.767470,651701,44.01,44.0,2811,2402,-412,60
683,DOW,2020-07-27,0 days 15:59:31.827786,666930,43.93,43.92,1492,800,14275,-2009
684,DOW,2020-07-27,0 days 15:59:33.832755,681205,43.97,43.95,729,2500,-2958,975
685,DOW,2020-07-27,0 days 15:59:34.835198,680463,43.97,43.95,1517,558,742,-2958
686,DRE,2020-07-27,0 days 15:59:03.805775,364925,37.77,37.76,3604,5347,552,-2048
687,DRE,2020-07-27,0 days 15:59:04.808221,358976,37.77,37.76,4004,6383,-6533,552
688,DRE,2020-07-27,0 days 15:59:27.861326,367309,37.77,37.76,5000,2283,9675,-499
689,DRE,2020-07-27,0 days 15:59:28.863207,365084,37.78,37.77,2700,3283,-2225,9675
690,DRE,2020-07-27,0 days 15:59:46.907695,367728,37.76,37.75,3895,4177,-2296,764
691,DRH,2020-07-27,0 days 15:58:51.683553,134917,4.72,4.71,23968,10826,147,-2109
692,DRH,2020-07-27,0 days 15:59:01.707894,135064,4.72,4.71,24459,11133,-1711,131
693,DRH,2020-07-27,0 days 15:59:04.716555,138981,4.73,4.72,23047,24548,1983,-3417
694,DRH,2020-07-27,0 days 15:59:37.796159,138696,4.72,4.71,32252,19306,2054,-132
695,DRH,2020-07-27,0 days 15:59:48.822105,137050,4.72,4.71,22390,18783,-2070,1230
696,DUK,2020-07-27,0 days 15:58:36.680970,271259,81.31,81.29,763,600,-1277,3087
697,DUK,2020-07-27,0 days 15:58:37.683540,266236,81.3,81.29,300,600,3713,-1277
698,DUK,2020-07-27,0 days 15:58:49.712359,275088,81.3,81.29,600,395,-8442,7399
699,DUK,2020-07-27,0 days 15:58:50.715133,271330,81.3,81.29,200,400,2448,-8442
700,DUK,2020-07-27,0 days 15:58:52.719813,275088,81.3,81.29,345,329,-5899,2238
701,DUK,2020-07-27,0 days 15:58:53.722787,272187,81.3,81.29,200,329,1591,-5899
702,DUK,2020-07-27,0 days 15:59:00.740761,275582,81.31,81.29,309,300,-29,5381
703,DUK,2020-07-27,0 days 15:59:16.775968,276911,81.35,81.33,1000,1896,-2331,1271
704,DUK,2020-07-27,0 days 15:59:17.778623,275542,81.32,81.31,600,446,1379,-2331
705,DUK,2020-07-27,0 days 15:59:32.815286,282437,81.31,81.28,1947,1010,-4625,407
706,DUK,2020-07-27,0 days 15:59:35.821951,285762,81.28,81.27,400,200,195,-995
707,DUK,2020-07-27,0 days 15:59:53.863771,283737,81.29,81.27,200,500,-2325,285
708,DUK,2020-07-27,0 days 15:59:58.876576,282417,81.32,81.31,312,200,-3645,285
709,DVN,2020-07-27,0 days 15:55:00.175731,376227,10.4,10.39,14370,23456,-16418,48837
710,DVN,2020-07-27,0 days 15:55:01.177507,367245,10.4,10.39,10370,29056,8982,-16418
711,DXC,2020-07-27,0 days 15:55:43.227618,407259,17.14,17.13,3814,4036,-62,16115
712,DXC,2020-07-27,0 days 15:56:00.269146,407410,17.14,17.13,3475,4632,3084,-127
713,DXC,2020-07-27,0 days 15:59:05.718919,455640,17.15,17.14,2722,4661,383,-22117
714,DXC,2020-07-27,0 days 15:59:06.721487,439723,17.15,17.14,3015,5361,-977,383
715,EAF,2020-07-27,0 days 15:56:44.426607,66701,6.53,6.52,10253,10759,2176,-1324
716,EAF,2020-07-27,0 days 15:56:45.428867,65677,6.53,6.52,9806,10759,-1024,2176
717,EAF,2020-07-27,0 days 15:57:38.557140,67902,6.53,6.52,10059,9239,675,-625
718,EAF,2020-07-27,0 days 15:57:39.559427,66777,6.53,6.52,10059,9239,-1125,675
719,EAF,2020-07-27,0 days 15:57:45.574208,68202,6.53,6.52,8958,8858,675,-1425
720,EAF,2020-07-27,0 days 15:57:46.576177,67077,6.53,6.52,8958,8858,-1125,675
721,EAF,2020-07-27,0 days 15:57:59.608174,69902,6.53,6.52,17264,9220,475,-1325
722,EAF,2020-07-27,0 days 15:58:00.610531,68577,6.53,6.52,17264,9320,-1325,475
723,EAF,2020-07-27,0 days 15:58:45.720026,69962,6.53,6.52,7183,9689,613,-1285
724,EAF,2020-07-27,0 days 15:58:46.722906,68875,6.53,6.52,8166,9689,-1087,613
725,ECOM,2020-07-27,0 days 15:59:04.716671,40171,21.15,21.14,390,1185,-1168,932
726,ECOM,2020-07-27,0 days 15:59:05.718749,40168,21.15,21.14,290,1185,3,-1168
727,ECOM,2020-07-27,0 days 15:59:07.725828,40171,21.16,21.14,767,720,-1197,3
728,ECOM,2020-07-27,0 days 15:59:08.726873,39968,21.15,21.14,267,420,203,-1197
729,ECOM,2020-07-27,0 days 15:59:13.739045,41490,21.13,21.11,1288,200,-478,1422
730,ECOM,2020-07-27,0 days 15:59:14.740484,41268,21.11,21.09,853,200,222,-478
731,EGO,2020-07-27,0 days 15:59:45.958933,58934,12.33,12.32,5944,27255,-417,83
732,EGO,2020-07-27,0 days 15:59:46.961138,58851,12.33,12.32,7949,25283,83,-417
733,ELAN,2020-07-27,0 days 15:55:11.217910,196922,21.46,21.45,5182,3570,-6558,8242
734,ELAN,2020-07-27,0 days 15:55:12.220468,192080,21.47,21.46,4396,600,4642,-6558
735,ELAN,2020-07-27,0 days 15:56:44.444513,209357,21.38,21.37,3050,200,-421103,2997
736,EOG,2020-07-27,0 days 15:55:00.156160,325185,48.46,48.45,200,100,45704,-7043
737,EOG,2020-07-27,0 days 15:58:46.705061,382960,48.48,48.47,862,200,-1051,1982
738,EOG,2020-07-27,0 days 15:58:47.707897,375711,48.48,48.47,763,400,7249,-1051
739,EOG,2020-07-27,0 days 15:59:06.755435,373134,48.51,48.5,200,1200,3999,-5653
740,EOG,2020-07-27,0 days 15:59:14.774583,377207,48.5,48.49,690,300,-436,688
741,EOG,2020-07-27,0 days 15:59:20.786924,372894,48.5,48.49,1881,815,4352,-1748
742,EPD,2020-07-27,0 days 15:55:06.281396,40528,18.06,18.05,12342,4752,-539,2304
743,EPD,2020-07-27,0 days 15:55:07.283593,38467,18.06,18.05,10264,10077,2061,-539
744,EPD,2020-07-27,0 days 15:57:07.575256,40528,18.1,18.09,970,26540,-4449,2051
745,EPD,2020-07-27,0 days 15:57:08.577483,39177,18.1,18.09,755,24795,1651,-4449
746,EPD,2020-07-27,0 days 15:58:09.725486,40528,18.13,18.12,8310,16904,-4749,1651
747,EPD,2020-07-27,0 days 15:58:10.727643,39277,18.12,18.11,8500,2800,1251,-4749
748,EPD,2020-07-27,0 days 15:59:06.865469,40722,18.1,18.09,9073,4800,-515,645
749,EPD,2020-07-27,0 days 15:59:07.867218,39837,18.1,18.09,9973,4800,885,-515
750,EQNR,2020-07-27,0 days 15:58:54.681457,31153,15.49,15.48,6695,66319,-125,81
751,EQR,2020-07-27,0 days 15:55:01.125202,177596,53.3,53.29,600,259,-1364,136
752,EQR,2020-07-27,0 days 15:55:23.179796,179982,53.27,53.26,912,443,7502,-298
753,EQR,2020-07-27,0 days 15:55:24.181514,179384,53.27,53.26,822,438,-605,7502
754,EQR,2020-07-27,0 days 15:56:50.389018,181018,53.32,53.31,100,828,946,-224
755,EQR,2020-07-27,0 days 15:56:51.391972,180564,53.31,53.3,200,1840,-454,946
756,EQR,2020-07-27,0 days 15:57:34.495142,181212,53.36,53.35,889,484,1660,-140
757,EQR,2020-07-27,0 days 15:57:35.498033,180972,53.36,53.35,1729,484,-240,1660
758,EQR,2020-07-27,0 days 15:57:36.500238,181212,53.36,53.35,2789,887,660,-240
759,EQR,2020-07-27,0 days 15:57:37.502717,181072,53.36,53.34,1000,312,-140,660
760,EQR,2020-07-27,0 days 15:57:38.506217,181212,53.35,53.34,670,100,460,-140
761,EQR,2020-07-27,0 days 15:58:19.605767,184772,53.37,53.36,800,510,-373,427
762,EQR,2020-07-27,0 days 15:58:51.683677,180751,53.37,53.35,1300,300,721,-59
763,EQR,2020-07-27,0 days 15:58:57.697813,200621,53.35,53.34,500,889,-206,421
764,EQR,2020-07-27,0 days 15:58:58.700305,200827,53.36,53.35,800,100,4894,-206
765,EQR,2020-07-27,0 days 15:58:59.703197,199721,53.36,53.35,695,621,-1106,4894
766,EQR,2020-07-27,0 days 15:59:03.713614,202329,53.35,53.34,799,2297,1892,-1545
767,EQR,2020-07-27,0 days 15:59:04.716671,199721,53.35,53.34,792,2395,-3463,1892
768,EQR,2020-07-27,0 days 15:59:14.740484,203620,53.36,53.35,554,843,995,-404
769,EQR,2020-07-27,0 days 15:59:15.742712,203415,53.37,53.36,400,904,-205,995
770,EQR,2020-07-27,0 days 15:59:27.771913,203620,53.35,53.34,685,366,306,-205
771,EQR,2020-07-27,0 days 15:59:28.774642,203426,53.35,53.34,785,200,-194,306
772,EQR,2020-07-27,0 days 15:59:32.784646,203620,53.35,53.33,780,1100,3968,-194
773,EQT,2020-07-27,0 days 15:56:00.227367,204035,13.43,13.42,5138,2470,9570,-6784
774,EQT,2020-07-27,0 days 15:56:01.230159,199405,13.44,13.43,689,2597,-4630,9570
775,EQT,2020-07-27,0 days 15:56:47.339863,204163,13.41,13.4,2363,3265,3129,-6771
776,EQT,2020-07-27,0 days 15:56:48.342397,203580,13.42,13.41,1519,3215,-583,3129
777,EQT,2020-07-27,0 days 15:57:24.424799,204172,13.39,13.38,4513,3766,300,-83
778,EQT,2020-07-27,0 days 15:57:25.426722,202389,13.39,13.38,3353,4134,-1683,300
779,EQT,2020-07-27,0 days 15:58:44.619609,204172,13.41,13.4,580,3987,1686,-2812
780,EQT,2020-07-27,0 days 15:58:45.622242,200823,13.42,13.41,1600,3773,-3349,1686
781,EQT,2020-07-27,0 days 15:58:56.648755,204172,13.4,13.39,2481,2432,2379,-2162
782,EQT,2020-07-27,0 days 15:59:00.659841,204172,13.4,13.39,2038,4534,3770,-1921
783,EQT,2020-07-27,0 days 15:59:16.697473,211892,13.44,13.43,1599,2692,-508,573
784,EQT,2020-07-27,0 days 15:59:20.707480,212400,13.42,13.41,1174,612,327,-508
785,ESI,2020-07-27,0 days 15:55:00.191991,113822,11.0,10.99,30034,9462,-4312,318
786,ESI,2020-07-27,0 days 15:57:39.575871,118269,11.0,10.99,54176,13568,1612,-1488
787,ESI,2020-07-27,0 days 15:57:40.578155,115381,11.0,10.99,53876,13468,-2888,1612
788,ESRT,2020-07-27,0 days 15:59:00.740445,127523,6.37,6.36,16124,17797,-1910,902
789,ESRT,2020-07-27,0 days 15:59:02.745016,111834,6.37,6.36,17787,17097,15689,-4211
790,ET,2020-07-27,0 days 15:59:01.851681,111502,6.4,6.39,91421,107732,-1082,10105
791,ETRN,2020-07-27,0 days 15:56:00.363321,130238,9.25,9.24,21416,8966,18786,-266
792,ETRN,2020-07-27,0 days 15:56:01.367260,126724,9.25,9.24,19647,14585,-3514,18786
793,ETRN,2020-07-27,0 days 15:56:46.473668,133459,9.26,9.25,6807,22023,1465,-6735
794,ETRN,2020-07-27,0 days 15:56:47.475838,131024,9.26,9.25,6157,22023,-2435,1465
795,ETRN,2020-07-27,0 days 15:59:05.810038,151576,9.31,9.3,39060,4472,495,-3505
796,ETRN,2020-07-27,0 days 15:59:27.858914,149171,9.3,9.29,5357,9984,-2877,5423
797,EVRI,2020-07-27,0 days 15:57:09.390903,51992,5.67,5.66,5009,8323,-1161,460
798,EVRI,2020-07-27,0 days 15:58:51.636973,51992,5.68,5.67,3296,9441,-983,78
799,EW,2020-07-27,0 days 15:55:00.191694,349837,78.88,78.86,100,203,959,-23802
800,EW,2020-07-27,0 days 15:56:44.444642,367016,78.83,78.82,1238,1303,-1404,156
801,EW,2020-07-27,0 days 15:57:37.571027,373820,78.69,78.68,2424,800,586,-2088
802,EW,2020-07-27,0 days 15:57:38.573118,372879,78.69,78.68,2440,900,-915,586
803,EW,2020-07-27,0 days 15:57:47.595280,374120,78.73,78.71,1228,1149,1563,-1237
804,EW,2020-07-27,0 days 15:57:48.598154,371410,78.73,78.71,200,749,-2710,1563
805,EW,2020-07-27,0 days 15:58:06.642155,365751,78.67,78.64,1083,1400,-443,2557
806,EW,2020-07-27,0 days 15:58:12.656637,366294,78.68,78.66,1603,417,1857,-1043
807,EW,2020-07-27,0 days 15:58:13.659960,365951,78.67,78.65,300,2153,-343,1857
808,EW,2020-07-27,0 days 15:58:22.680992,366294,78.67,78.65,907,2105,657,-1043
809,EW,2020-07-27,0 days 15:58:23.684014,365251,78.67,78.65,907,2301,-1043,657
810,EW,2020-07-27,0 days 15:58:29.698112,366294,78.66,78.65,2200,1898,1157,-1043
811,EW,2020-07-27,0 days 15:58:30.700772,365251,78.66,78.65,2762,1697,-1043,1157
812,EW,2020-07-27,0 days 15:58:43.732437,366294,78.67,78.66,920,1204,862,-1043
813,EW,2020-07-27,0 days 15:58:44.734452,363856,78.67,78.66,572,735,-2438,862
814,EW,2020-07-27,0 days 15:59:02.779020,365107,78.67,78.66,100,691,616,-576
815,EW,2020-07-27,0 days 15:59:03.782195,364770,78.67,78.66,336,200,-337,616
816,EW,2020-07-27,0 days 15:59:06.792092,365361,78.67,78.66,619,831,659,-384
817,EW,2020-07-27,0 days 15:59:07.791833,364920,78.67,78.66,721,631,-441,659
818,EW,2020-07-27,0 days 15:59:12.803467,365361,78.67,78.65,400,1747,186,-141
819,EW,2020-07-27,0 days 15:59:19.812259,369948,78.68,78.65,775,1554,240,-196
820,EW,2020-07-27,0 days 15:59:20.815050,371088,78.68,78.65,775,1554,-360,240
821,EW,2020-07-27,0 days 15:59:46.877971,391711,78.72,78.7,539,475,428,-8061
822,EW,2020-07-27,0 days 15:59:48.883206,390134,78.72,78.69,639,881,-1177,1323
823,EW,2020-07-27,0 days 15:59:57.905355,385885,78.72,78.65,2766,2434,3049,-3577
824,EW,2020-07-27,0 days 15:59:59.910788,388334,78.71,78.69,11000,8911,-2951,3049
825,F,2020-07-27,0 days 15:55:00.219644,1651504,6.93,6.92,153691,608291,-7721,468765
826,F,2020-07-27,0 days 15:55:01.221207,1625525,6.93,6.92,107385,672958,21379,-7721
827,F,2020-07-27,0 days 15:59:31.871312,1761233,6.94,6.93,574072,785005,12141,-87159
828,F,2020-07-27,0 days 15:59:45.905358,1766240,6.94,6.93,559961,782458,7134,-15166
829,FCX,2020-07-27,0 days 15:55:00.122465,495330,13.56,13.55,36577,64314,85265,-21378
830,FCX,2020-07-27,0 days 15:55:09.145198,496195,13.56,13.55,58612,47836,-475,743
831,FCX,2020-07-27,0 days 15:55:11.150650,496670,13.56,13.55,59202,48663,1281,-475
832,FCX,2020-07-27,0 days 15:58:50.680668,576864,13.59,13.58,104459,29578,-10828,18462
833,FCX,2020-07-27,0 days 15:59:14.740413,642084,13.58,13.57,79849,20797,5440,-3945
834,FCX,2020-07-27,0 days 15:59:15.742655,637124,13.58,13.57,80306,20622,-4960,5440
835,FCX,2020-07-27,0 days 15:59:27.771850,656099,13.57,13.56,84359,68383,7324,-10571
836,FCX,2020-07-27,0 days 15:59:28.774547,652023,13.57,13.56,66724,72267,-4076,7324
837,FE,2020-07-27,0 days 15:55:32.253281,436958,29.3,29.29,572,4800,774,-1712
838,FE,2020-07-27,0 days 15:55:33.255672,434532,29.3,29.29,1300,4200,-1026,774
839,FE,2020-07-27,0 days 15:55:55.308592,437286,29.31,29.3,700,9606,422,-3674
840,FE,2020-07-27,0 days 15:55:56.311313,435208,29.31,29.3,700,9383,-2078,422
841,FE,2020-07-27,0 days 15:57:12.494391,440785,29.33,29.32,2863,5628,-2289,611
842,FE,2020-07-27,0 days 15:57:58.605448,480072,29.34,29.33,500,5400,2761,-13039
843,FE,2020-07-27,0 days 15:57:59.608115,477593,29.34,29.33,4600,5500,-2479,2761
844,FE,2020-07-27,0 days 15:59:27.817316,543729,29.28,29.27,2000,8644,3283,-686
845,FE,2020-07-27,0 days 15:59:28.819586,538012,29.28,29.27,2000,9844,-5717,3283
846,FE,2020-07-27,0 days 15:59:31.827867,547054,29.28,29.27,2402,8831,26739,-5717
847,FE,2020-07-27,0 days 15:59:32.830467,540369,29.29,29.28,2127,517,-3360,26739
848,FE,2020-07-27,0 days 15:59:44.859860,547054,29.29,29.28,900,5373,1057,-213
849,FE,2020-07-27,0 days 15:59:50.874805,531974,29.3,29.29,400,6614,-15080,338
850,FET,2020-07-27,0 days 15:57:09.467537,483,0.48,0.47,7699,58690,-559,1
851,FHN,2020-07-27,0 days 15:55:00.122521,290794,9.52,9.51,13122,28586,30347,-30681
852,FHN,2020-07-27,0 days 15:56:54.398738,314642,9.51,9.5,45955,33962,13213,-18487
853,FHN,2020-07-27,0 days 15:56:55.401231,312755,9.51,9.5,48555,33662,-1887,13213
854,FHN,2020-07-27,0 days 15:57:37.502661,314642,9.51,9.5,49865,38697,1015,-1885
855,FHN,2020-07-27,0 days 15:57:38.506188,311789,9.51,9.5,45965,38640,-2853,1015
856,FHN,2020-07-27,0 days 15:57:39.507918,314642,9.51,9.5,47965,38540,1447,-2853
857,FHN,2020-07-27,0 days 15:57:40.510174,312189,9.51,9.5,45615,38540,-2644,1447
858,FHN,2020-07-27,0 days 15:58:32.637392,314833,9.52,9.51,29080,63190,2425,-2875
859,FHN,2020-07-27,0 days 15:58:33.640750,311958,9.52,9.51,28979,63929,-2875,2425
860,FHN,2020-07-27,0 days 15:58:44.666397,314833,9.52,9.51,29671,57424,12906,-2875
861,FHN,2020-07-27,0 days 15:58:45.669085,299239,9.52,9.51,29771,58185,-15594,12906
862,FHN,2020-07-27,0 days 15:59:00.706652,314874,9.53,9.52,23277,55110,10198,-4650
863,FHN,2020-07-27,0 days 15:59:01.707917,312272,9.53,9.52,24977,54059,-2602,10198
864,FHN,2020-07-27,0 days 15:59:11.733259,320472,9.52,9.51,56361,47515,30379,-4837
865,FHN,2020-07-27,0 days 15:59:12.736398,317451,9.52,9.51,48596,52033,-3021,30379
866,FHN,2020-07-27,0 days 15:59:16.745252,320472,9.52,9.51,36561,52148,2116,-2649
867,FHN,2020-07-27,0 days 15:59:25.766976,322588,9.52,9.51,36496,49160,-7984,2116
868,FHN,2020-07-27,0 days 15:59:26.769385,320472,9.52,9.51,36396,48915,2116,-7984
869,FHN,2020-07-27,0 days 15:59:46.818243,325472,9.53,9.52,45136,79704,427,-1019
870,FHN,2020-07-27,0 days 15:59:48.822128,323899,9.53,9.52,50679,78452,-1573,427
871,FIS,2020-07-27,0 days 15:55:00.155820,370751,143.51,143.49,521,300,-12012,149538
872,FIS,2020-07-27,0 days 15:58:43.698133,386583,143.61,143.58,1000,200,4372,-4804
873,FIS,2020-07-27,0 days 15:58:44.700690,382555,143.61,143.59,699,653,-4028,4372
874,FIS,2020-07-27,0 days 15:58:57.731936,386583,143.59,143.57,707,300,2114,-4081
875,FIS,2020-07-27,0 days 15:58:58.734816,376394,143.59,143.57,606,200,-10189,2114
876,FIS,2020-07-27,0 days 15:59:08.760161,390961,143.54,143.52,1100,600,3571,-2129
877,FIS,2020-07-27,0 days 15:59:14.774528,392050,143.53,143.51,890,653,-1726,184
878,FIS,2020-07-27,0 days 15:59:22.790636,393776,143.49,143.46,1006,2901,758,-1642
879,FIS,2020-07-27,0 days 15:59:29.807441,391434,143.48,143.46,887,4000,-2342,1358
880,FIS,2020-07-27,0 days 15:59:32.815184,393776,143.47,143.46,1419,491,122,-2142
881,FIT,2020-07-27,0 days 15:59:14.832239,1337782,6.8,6.79,96137,26100,268389,-16287
882,FIT,2020-07-27,0 days 15:59:23.851950,1364682,6.8,6.79,110820,41170,18401,-4099
883,FIT,2020-07-27,0 days 15:59:24.854479,1360583,6.8,6.79,106061,38349,-4099,18401
884,FIT,2020-07-27,0 days 15:59:44.903168,1392545,6.8,6.79,110651,49592,14136,-2162
885,FIT,2020-07-27,0 days 15:59:45.905334,1389181,6.8,6.79,176896,51868,-4782,14136
886,FL,2020-07-27,0 days 15:55:00.156605,47980,29.88,29.87,1926,826,-12052,3466
887,FL,2020-07-27,0 days 15:56:24.359511,59702,29.84,29.83,941,1518,242,-1158
888,FL,2020-07-27,0 days 15:56:25.361930,58883,29.84,29.83,1026,1718,-819,242
889,FL,2020-07-27,0 days 15:56:29.371640,59702,29.85,29.84,2116,1339,347,-819
890,FL,2020-07-27,0 days 15:56:30.374179,58849,29.86,29.85,899,1100,-853,347
891,FL,2020-07-27,0 days 15:57:52.572558,58980,29.87,29.86,1120,507,-744,256
892,FL,2020-07-27,0 days 15:57:57.584211,59895,29.87,29.85,2689,7910,185,-915
893,FL,2020-07-27,0 days 15:57:58.586757,59180,29.88,29.87,3285,213,-715,185
894,FL,2020-07-27,0 days 15:58:12.622880,59895,29.87,29.86,325,1400,1185,-715
895,FL,2020-07-27,0 days 15:58:13.625506,59780,29.88,29.87,3785,200,-115,1185
896,FL,2020-07-27,0 days 15:58:37.683540,52479,29.89,29.88,200,1669,6601,-1015
897,FL,2020-07-27,0 days 15:58:38.685667,50680,29.9,29.89,1100,636,-1799,6601
898,FL,2020-07-27,0 days 15:59:37.826862,62239,29.9,29.89,832,594,45,-35
899,FLR,2020-07-27,0 days 15:56:00.413293,60124,11.6,11.59,6952,5548,3225,-740
900,FLR,2020-07-27,0 days 15:56:01.415355,59349,11.6,11.59,6752,5846,-775,3225
901,FLR,2020-07-27,0 days 15:56:19.459051,60126,11.6,11.59,9284,5189,475,-425
902,FLR,2020-07-27,0 days 15:56:20.461201,59401,11.6,11.59,9384,5189,-725,475
903,FLR,2020-07-27,0 days 15:57:05.570665,60729,11.6,11.59,12839,8153,1302,-1328
904,FLR,2020-07-27,0 days 15:57:06.573270,60231,11.6,11.59,11439,9420,-498,1302
905,FLR,2020-07-27,0 days 15:57:37.647327,60829,11.6,11.59,19629,9770,402,-598
906,FLR,2020-07-27,0 days 15:57:38.650812,60231,11.6,11.59,18100,11370,-598,402
907,FLR,2020-07-27,0 days 15:57:48.673644,60829,11.6,11.59,9584,12421,2,-598
908,FLR,2020-07-27,0 days 15:57:49.675799,56031,11.6,11.59,19107,12520,-4798,2
909,FLR,2020-07-27,0 days 15:59:00.849389,64029,11.6,11.59,6796,7111,272,-498
910,FLR,2020-07-27,0 days 15:59:40.946728,64856,11.6,11.59,11565,11303,117,-183
911,FSLY,2020-07-27,0 days 15:55:04.201016,52860,80.1,80.02,340,300,-588,1296
912,FSLY,2020-07-27,0 days 15:55:05.203893,50948,80.06,80.01,275,275,1912,-588
913,FSLY,2020-07-27,0 days 15:56:31.412700,51926,80.1,80.03,200,644,-179,220
914,FSLY,2020-07-27,0 days 15:56:32.414870,50205,80.1,80.05,300,434,1721,-179
915,FSLY,2020-07-27,0 days 15:58:43.732352,51710,80.11,80.04,200,375,-1807,1091
916,FSLY,2020-07-27,0 days 15:58:44.734366,47617,80.11,80.05,200,375,4093,-1807
917,FSLY,2020-07-27,0 days 15:58:50.749378,52037,80.11,80.07,400,575,-5709,1620
918,FSLY,2020-07-27,0 days 15:58:51.751065,51446,80.11,80.07,400,675,591,-5709
919,FSLY,2020-07-27,0 days 15:58:52.753690,52037,80.11,80.07,400,1119,-1700,591
920,FSLY,2020-07-27,0 days 15:58:53.756495,50837,80.11,80.07,400,1219,1200,-1700
921,FSLY,2020-07-27,0 days 15:59:38.857918,53461,80.09,80.07,178,671,-941,959
922,FSLY,2020-07-27,0 days 15:59:48.883043,53302,80.11,80.1,2818,817,159,-941
923,FSM,2020-07-27,0 days 15:56:16.307085,74057,7.25,7.24,66259,55248,219,-974
924,FSM,2020-07-27,0 days 15:59:01.708193,74381,7.24,7.23,22015,126568,-356,124
925,FTCH,2020-07-27,0 days 15:55:41.368115,50253,22.41,22.4,1126,1514,52,-195
926,FTCH,2020-07-27,0 days 15:55:42.369638,49805,22.41,22.4,1417,1730,-448,52
927,FTCH,2020-07-27,0 days 15:56:08.432503,50253,22.41,22.4,788,3316,452,-448
928,FTCH,2020-07-27,0 days 15:56:09.434655,49805,22.41,22.4,788,3116,-448,452
929,FTCH,2020-07-27,0 days 15:57:05.570688,50253,22.41,22.4,1075,1710,241,-441
930,FTCH,2020-07-27,0 days 15:58:51.827248,55094,22.42,22.41,5018,958,-361,41
931,FTCH,2020-07-27,0 days 15:59:29.920001,58774,22.4,22.39,1605,712,54,-1546
932,FTCH,2020-07-27,0 days 15:59:34.932563,58828,22.42,22.41,1800,700,-146,54
933,FTI,2020-07-27,0 days 15:55:00.080469,186622,7.8,7.79,26617,22124,-22986,7636
934,FTI,2020-07-27,0 days 15:55:01.083446,180808,7.8,7.79,29148,22061,5814,-22986
935,FTI,2020-07-27,0 days 15:58:43.616991,203403,7.79,7.78,23235,24120,-6971,5530
936,FTI,2020-07-27,0 days 15:58:44.619495,196574,7.79,7.78,24535,24920,6829,-6971
937,FTI,2020-07-27,0 days 15:59:20.707393,203403,7.79,7.78,8973,45790,-1376,2571
938,FTI,2020-07-27,0 days 15:59:25.718833,199179,7.8,7.79,17365,42796,3924,-3376
939,FTI,2020-07-27,0 days 15:59:44.765574,200979,7.81,7.8,33052,41057,2124,-7776
940,GE,2020-07-27,0 days 15:55:47.196956,3048760,6.71,6.7,447249,557037,-214591,36009
941,GE,2020-07-27,0 days 15:56:49.346244,3066422,6.71,6.7,434708,488862,6458,-2942
942,GE,2020-07-27,0 days 15:57:43.477428,3204621,6.71,6.7,364395,543534,-64301,125999
943,GE,2020-07-27,0 days 15:57:44.479252,3067922,6.71,6.7,370077,539000,136699,-64301
944,GE,2020-07-27,0 days 15:57:53.501395,3226621,6.71,6.7,384991,539049,-17001,22399
945,GE,2020-07-27,0 days 15:57:54.503528,3204222,6.71,6.7,384791,523154,22399,-17001
946,GE,2020-07-27,0 days 15:58:00.519569,3231921,6.71,6.7,390891,548080,-4901,27699
947,GE,2020-07-27,0 days 15:58:01.521406,3209022,6.71,6.7,408491,564029,22899,-4901
948,GE,2020-07-27,0 days 15:58:52.644182,3234521,6.71,6.7,249656,658427,-64931,78171
949,GIS,2020-07-27,0 days 15:59:22.749325,283135,64.02,64.01,1224,1707,-9462,19349
950,GIS,2020-07-27,0 days 15:59:23.753716,265697,64.01,64.0,1571,1350,19538,-9462
951,GIS,2020-07-27,0 days 15:59:30.768692,278942,64.03,64.02,1740,2934,3604,-407
952,GIS,2020-07-27,0 days 15:59:31.771220,283135,64.03,64.01,2332,1380,-5370,3604
953,GIS,2020-07-27,0 days 15:59:32.773761,272205,64.03,64.02,1650,1000,10341,-5370
954,GIS,2020-07-27,0 days 15:59:46.807972,282646,64.04,64.03,1283,830,-2270,1103
955,GIS,2020-07-27,0 days 15:59:47.809721,279816,64.04,64.03,1577,1413,2830,-2270
956,GLW,2020-07-27,0 days 15:55:10.199973,330499,30.61,30.6,7670,8344,224,-9451
957,GLW,2020-07-27,0 days 15:55:21.226578,322323,30.61,30.6,10344,6847,-8176,1424
958,GLW,2020-07-27,0 days 15:56:58.460538,333826,30.58,30.57,17811,9232,58,-509
959,GLW,2020-07-27,0 days 15:57:07.482494,334015,30.58,30.57,21812,3644,-1011,189
960,GLW,2020-07-27,0 days 15:59:32.830467,379471,30.61,30.6,7022,24262,1529,-2166
961,GLW,2020-07-27,0 days 15:59:36.839617,379200,30.62,30.61,1100,26100,-271,1529
962,GLW,2020-07-27,0 days 15:59:48.869145,383311,30.63,30.62,9043,14240,1839,-1321
963,GLW,2020-07-27,0 days 15:59:50.874855,335950,30.63,30.62,2648,19393,-46121,1795
964,GM,2020-07-27,0 days 15:55:00.122405,510290,25.68,25.67,16839,17327,-1548,67878
965,GM,2020-07-27,0 days 15:55:50.244305,516025,25.67,25.66,1865,25810,832,-1627
966,GM,2020-07-27,0 days 15:58:43.663887,525260,25.71,25.7,40118,24271,-4002,1833
967,GM,2020-07-27,0 days 15:59:02.710900,532199,25.71,25.7,45165,11410,1903,-2238
968,GM,2020-07-27,0 days 15:59:46.818216,577312,25.71,25.7,8242,27249,-3489,2647
969,GM,2020-07-27,0 days 15:59:49.824092,591576,25.72,25.71,19393,7225,1036,-2964
970,GM,2020-07-27,0 days 15:59:50.827828,590612,25.72,25.71,18181,9515,-964,1036
971,GME,2020-07-27,0 days 15:59:03.666259,54061,4.03,4.02,26273,24958,1859,-787
972,GME,2020-07-27,0 days 15:59:04.669325,52820,4.03,4.02,27141,25558,-1241,1859
973,GME,2020-07-27,0 days 15:59:05.671105,54061,4.03,4.02,26741,24058,2021,-1241
974,GME,2020-07-27,0 days 15:59:06.673621,53082,4.03,4.02,26741,25558,-979,2021
975,GME,2020-07-27,0 days 15:59:36.746722,54123,4.03,4.02,25651,34921,438,-1041
976,GME,2020-07-27,0 days 15:59:48.770250,53461,4.03,4.02,27884,34281,-662,438
977,GME,2020-07-27,0 days 15:59:53.780943,51523,4.02,4.01,27860,28704,738,-3062
978,GOLD,2020-07-27,0 days 15:56:16.265326,421327,29.99,29.98,24091,27843,1817,-9718
979,GOLD,2020-07-27,0 days 15:56:17.267976,415344,29.99,29.98,17900,32943,-5983,1817
980,GOLD,2020-07-27,0 days 15:57:34.448918,417821,29.96,29.95,13409,28456,3532,-66
981,GOLD,2020-07-27,0 days 15:57:35.452048,412755,29.96,29.95,17109,27456,-4566,3532
982,GOLD,2020-07-27,0 days 15:57:36.454099,417821,29.96,29.95,24609,19156,1032,-4566
983,GOLD,2020-07-27,0 days 15:57:37.456843,413255,29.96,29.95,24809,18656,-4066,1032
984,GOLD,2020-07-27,0 days 15:58:42.614831,412966,29.95,29.94,12410,33294,-4355,6745
985,GOLD,2020-07-27,0 days 15:59:01.661690,414301,29.94,29.93,13620,35549,808,-3266
986,GOLD,2020-07-27,0 days 15:59:08.679126,411409,29.92,29.91,23132,27833,-179,4521
987,GOLD,2020-07-27,0 days 15:59:15.694783,411588,29.92,29.91,14363,31657,4762,-179
988,GOLD,2020-07-27,0 days 15:59:16.697493,417750,29.92,29.91,15280,38557,-14395,4762
989,GPK,2020-07-27,0 days 15:55:25.176320,147862,14.6,14.59,16343,10206,-823,1777
990,GPK,2020-07-27,0 days 15:55:26.178740,146385,14.6,14.59,15443,10606,1477,-823
991,GPK,2020-07-27,0 days 15:56:45.369018,147862,14.6,14.59,9461,23342,-1162,1038
992,GPK,2020-07-27,0 days 15:56:46.371591,147024,14.6,14.59,9561,24042,838,-1162
993,GPK,2020-07-27,0 days 15:57:54.535246,147862,14.6,14.59,10038,30187,-3968,2332
994,GPK,2020-07-27,0 days 15:57:55.537202,145530,14.6,14.59,9563,28487,2380,-3968
995,GPK,2020-07-27,0 days 15:58:12.579528,147910,14.6,14.59,9721,32121,-3620,2380
996,GPK,2020-07-27,0 days 15:58:13.582468,145430,14.6,14.59,11921,23113,2480,-3620
997,GPK,2020-07-27,0 days 15:59:03.704231,149031,14.6,14.59,28899,3847,-8464,395
998,GPS,2020-07-27,0 days 15:55:00.219548,734750,12.86,12.85,13537,12497,-16016,76951
999,GPS,2020-07-27,0 days 15:55:06.234056,750766,12.86,12.85,17454,10444,7802,-1083
1000,GPS,2020-07-27,0 days 15:55:07.236460,750068,12.86,12.85,16754,11744,-298,7802
1001,GPS,2020-07-27,0 days 15:55:47.333613,752537,12.86,12.85,13710,12105,119836,-3464
1002,GPS,2020-07-27,0 days 15:57:59.648292,870079,12.9,12.89,37274,18704,-10637,9611
1003,GPS,2020-07-27,0 days 15:58:53.780330,936051,12.88,12.87,9483,24870,-1120,12580
1004,GPS,2020-07-27,0 days 15:58:54.782668,930671,12.88,12.87,9583,25770,5380,-1120
1005,GPS,2020-07-27,0 days 15:58:58.793538,872679,12.88,12.87,7615,27540,-5492,5380
1006,GPS,2020-07-27,0 days 15:59:02.802693,878171,12.88,12.87,24826,17395,104,-392
1007,GPS,2020-07-27,0 days 15:59:06.815437,873675,12.88,12.87,25794,17742,-4495,105
1008,GPS,2020-07-27,0 days 15:59:31.871312,907872,12.88,12.87,39871,2760,10546,-32954
1009,GPS,2020-07-27,0 days 15:59:36.883332,891118,12.87,12.86,23555,22659,-254,15046
1010,GPS,2020-07-27,0 days 15:59:46.907749,909986,12.88,12.87,15752,18730,1674,-13588
1011,GPS,2020-07-27,0 days 15:59:47.910177,909260,12.88,12.87,7892,27710,-726,1674
1012,GS,2020-07-27,0 days 15:55:07.138809,283169,203.02,202.98,300,200,32475,-17575
1013,GS,2020-07-27,0 days 15:55:08.141248,281745,203.02,202.98,300,300,-1424,32475
1014,GS,2020-07-27,0 days 15:55:50.243179,284185,203.03,203.0,200,201,1160,-640
1015,GS,2020-07-27,0 days 15:55:51.247055,282845,203.03,203.0,200,322,-1340,1160
1016,GS,2020-07-27,0 days 15:56:28.334363,284338,203.0,202.98,1000,300,33609,-16441
1017,GS,2020-07-27,0 days 15:56:29.337646,283047,203.0,202.99,1000,100,-1291,33609
1018,GS,2020-07-27,0 days 15:57:52.538608,291746,203.04,203.0,320,300,-1911,20889
1019,GS,2020-07-27,0 days 15:58:22.612336,293857,203.0,202.96,400,100,589,-1911
1020,GS,2020-07-27,0 days 15:58:23.614894,289346,202.99,202.95,200,200,-4211,589
1021,GS,2020-07-27,0 days 15:59:08.726598,292272,202.95,202.91,362,304,-1215,30985
1022,GSK,2020-07-27,0 days 15:56:24.284403,46820,40.85,40.84,5644,11208,-12012,16588
1023,GSK,2020-07-27,0 days 15:56:25.287045,45432,40.85,40.84,9404,8793,1388,-12012
1024,GSK,2020-07-27,0 days 15:59:49.771975,45863,40.87,40.86,2925,14291,957,-43
1025,GSX,2020-07-27,0 days 15:57:13.477620,32396,87.0,86.93,633,800,1071,-29
1026,GSX,2020-07-27,0 days 15:57:14.480085,31267,87.0,86.93,500,1001,-1129,1071
1027,GSX,2020-07-27,0 days 15:57:42.548421,32396,87.02,86.88,700,1000,166,-234
1028,GSX,2020-07-27,0 days 15:57:43.550742,31362,87.02,86.92,788,700,-1034,166
1029,GSX,2020-07-27,0 days 15:58:10.618636,32396,86.98,86.92,700,700,66,-1133
1030,GSX,2020-07-27,0 days 15:58:11.620491,31362,86.98,86.92,600,800,-1034,66
1031,GSX,2020-07-27,0 days 15:58:47.707638,33595,87.04,86.92,401,1200,558,-1067
1032,GSX,2020-07-27,0 days 15:58:48.709983,32653,87.02,86.94,660,1300,-942,558
1033,GSX,2020-07-27,0 days 15:58:56.729669,33595,87.03,86.95,719,800,1621,-942
1034,GSX,2020-07-27,0 days 15:58:57.731650,30716,87.08,86.97,400,1300,-2879,1621
1035,GSX,2020-07-27,0 days 15:59:00.740375,33595,87.03,87.0,459,900,1296,-779
1036,GSX,2020-07-27,0 days 15:59:01.742158,33091,87.08,87.0,762,1000,-504,1296
1037,GSX,2020-07-27,0 days 15:59:12.769453,33695,87.06,86.92,736,500,259,-41
1038,GSX,2020-07-27,0 days 15:59:13.771964,32754,87.06,86.93,736,500,-941,259
1039,GSX,2020-07-27,0 days 15:59:15.773849,32496,87.04,86.91,874,1000,858,-341
1040,GSX,2020-07-27,0 days 15:59:17.778159,31745,87.04,86.92,996,800,-1950,249
1041,GSX,2020-07-27,0 days 15:59:41.836396,33695,87.07,87.01,322,1500,150,-250
1042,HAL,2020-07-27,0 days 15:55:11.141774,433992,14.86,14.85,22395,27789,835,-126
1043,HAL,2020-07-27,0 days 15:58:43.655167,480651,14.89,14.88,28826,26362,5831,-15032
1044,HAL,2020-07-27,0 days 15:58:49.668914,456077,14.89,14.88,28649,25536,-24574,4931
1045,HAL,2020-07-27,0 days 15:59:18.739569,551657,14.89,14.88,20414,37183,-5369,17131
1046,HAL,2020-07-27,0 days 15:59:19.742054,549424,14.89,14.88,25110,35875,2233,-5369
1047,HAL,2020-07-27,0 days 15:59:20.744584,551657,14.89,14.88,20859,36875,-7674,2233
1048,HAL,2020-07-27,0 days 15:59:21.746667,535831,14.89,14.88,19855,37460,15826,-7674
1049,HAL,2020-07-27,0 days 15:59:22.749208,551657,14.9,14.89,22692,38300,-2174,15826
1050,HAL,2020-07-27,0 days 15:59:23.753602,547631,14.9,14.89,19518,44037,4326,-2174
1051,HAL,2020-07-27,0 days 15:59:30.768581,549573,14.91,14.9,9897,55107,2384,-18916
1052,HBI,2020-07-27,0 days 15:55:43.227618,180660,14.15,14.14,20577,29361,1527,-730
1053,HBI,2020-07-27,0 days 15:55:44.230319,179187,14.15,14.14,21827,29940,-1473,1527
1054,HBI,2020-07-27,0 days 15:56:00.269122,180680,14.15,14.14,18947,34867,6787,-893
1055,HBI,2020-07-27,0 days 15:56:01.271232,176867,14.15,14.14,14852,34597,-3813,6787
1056,HBI,2020-07-27,0 days 15:58:02.565455,187832,14.16,14.15,28299,28953,-1328,1172
1057,HBI,2020-07-27,0 days 15:59:05.718878,199164,14.17,14.16,10996,32780,571,-1729
1058,HBI,2020-07-27,0 days 15:59:09.730284,195437,14.17,14.16,20528,29499,-4519,1973
1059,HBI,2020-07-27,0 days 15:59:19.752675,200456,14.17,14.16,22318,23352,1038,-615
1060,HBI,2020-07-27,0 days 15:59:25.767035,200456,14.17,14.16,18916,25390,4138,-7962
1061,HD,2020-07-27,0 days 15:59:09.681934,285874,267.47,267.42,763,400,3369,-898
1062,HD,2020-07-27,0 days 15:59:10.683707,284243,267.44,267.42,345,303,-1631,3369
1063,HD,2020-07-27,0 days 15:59:18.702127,287110,267.42,267.36,1085,900,4627,-2540
1064,HD,2020-07-27,0 days 15:59:19.704998,281299,267.33,267.28,617,125,-45295,4627
1065,HDB,2020-07-27,0 days 15:55:00.081696,61939,48.67,48.65,564,200,-9832,15153
1066,HDB,2020-07-27,0 days 15:55:36.169196,71671,48.66,48.65,1405,1500,5968,-9207
1067,HDB,2020-07-27,0 days 15:55:37.171517,70739,48.66,48.65,1405,1700,-307,5968
1068,HDB,2020-07-27,0 days 15:57:38.460399,76449,48.6,48.59,1286,5463,-1437,7709
1069,HDB,2020-07-27,0 days 15:59:25.718984,78767,48.57,48.56,301,2595,-669,6931
1070,HDB,2020-07-27,0 days 15:59:27.723953,79436,48.57,48.56,1101,2030,521,-669
1071,HDB,2020-07-27,0 days 15:59:28.726455,78557,48.56,48.55,300,12342,-879,521
1072,HDB,2020-07-27,0 days 15:59:49.771975,78866,48.56,48.55,419,16262,-570,130
1073,HL,2020-07-27,0 days 15:55:00.082611,182815,5.52,5.51,74919,35288,-3642,14889
1074,HL,2020-07-27,0 days 15:58:47.632625,203798,5.52,5.51,44960,115247,-2659,12019
1075,HL,2020-07-27,0 days 15:59:05.677098,208723,5.52,5.51,53260,115291,4809,-3190
1076,HL,2020-07-27,0 days 15:59:14.699442,213532,5.52,5.51,60601,103745,-3355,3045
1077,HLX,2020-07-27,0 days 15:59:22.712138,111272,4.44,4.43,29789,14261,-498,2667
1078,HLX,2020-07-27,0 days 15:59:36.746666,103870,4.44,4.43,29145,21486,7402,-2798
1079,HMY,2020-07-27,0 days 15:57:02.486791,323920,7.09,7.08,77782,128034,-1198,21700
1080,HMY,2020-07-27,0 days 15:57:03.489354,308518,7.09,7.08,77982,126534,15402,-1198
1081,HMY,2020-07-27,0 days 15:58:56.763265,323920,7.09,7.08,146061,110004,-11579,5768
1082,HMY,2020-07-27,0 days 15:58:57.765986,288199,7.09,7.08,145982,110004,35721,-11579
1083,HMY,2020-07-27,0 days 15:59:46.877739,357613,7.09,7.08,132599,97460,-10847,6794
1084,HMY,2020-07-27,0 days 15:59:47.881840,351860,7.09,7.08,133999,97896,5753,-10847
1085,HOG,2020-07-27,0 days 15:58:37.717250,156255,29.33,29.32,2243,702,2277,-1164
1086,HOG,2020-07-27,0 days 15:58:49.746770,156455,29.35,29.34,548,3402,5385,-449
1087,HOG,2020-07-27,0 days 15:59:50.888497,170606,29.33,29.32,100,2550,-3289,1568
1088,HOG,2020-07-27,0 days 15:59:51.891294,172895,29.3,29.29,1239,809,711,-3289
1089,HOME,2020-07-27,0 days 15:59:03.747771,55666,8.62,8.61,2772,9002,-1560,611
1090,HOME,2020-07-27,0 days 15:59:04.750645,54648,8.62,8.61,5859,6537,1018,-1560
1091,HON,2020-07-27,0 days 15:55:06.170956,225564,150.62,150.59,100,610,-813,3862
1092,HON,2020-07-27,0 days 15:55:07.172929,219877,150.59,150.55,103,300,5687,-813
1093,HON,2020-07-27,0 days 15:59:28.804399,282721,150.71,150.69,377,100,1368,-2432
1094,HON,2020-07-27,0 days 15:59:30.809746,280989,150.72,150.71,600,500,-1732,1868
1095,HON,2020-07-27,0 days 15:59:37.826732,284475,150.7,150.66,517,400,114,-2586
1096,HPE,2020-07-27,0 days 15:55:00.219134,527549,9.77,9.76,22623,34272,-637,34884
1097,HPE,2020-07-27,0 days 15:55:30.292379,522795,9.76,9.75,58288,35170,-5391,709
1098,HPE,2020-07-27,0 days 15:55:43.324638,528223,9.76,9.75,66285,21493,1572,-5391
1099,HPE,2020-07-27,0 days 15:55:44.326306,523495,9.76,9.75,66385,21593,-4728,1572
1100,HPE,2020-07-27,0 days 15:56:49.482993,528616,9.75,9.74,64724,24025,345,-3748
1101,HPE,2020-07-27,0 days 15:56:50.485803,524468,9.75,9.74,66340,25849,-4148,345
1102,HPE,2020-07-27,0 days 15:57:36.592220,528616,9.75,9.74,71231,30528,1505,-3695
1103,HPE,2020-07-27,0 days 15:57:38.597371,511621,9.75,9.74,69130,32887,-17135,2005
1104,HPQ,2020-07-27,0 days 15:55:00.080688,711742,17.84,17.83,33628,24833,11883,-29999
1105,HPQ,2020-07-27,0 days 15:55:01.083545,695525,17.84,17.83,37226,28459,-16217,11883
1106,HPQ,2020-07-27,0 days 15:59:04.669472,580161,17.82,17.81,31439,47712,-4097,2833
1107,HPQ,2020-07-27,0 days 15:59:10.683743,584866,17.82,17.81,62443,11890,17015,-2264
1108,HPQ,2020-07-27,0 days 15:59:11.685860,584063,17.82,17.81,71713,10524,-803,17015
1109,HPQ,2020-07-27,0 days 15:59:34.741505,585420,17.82,17.81,51775,27979,1010,-552
1110,HPQ,2020-07-27,0 days 15:59:49.771850,591130,17.83,17.82,37383,37978,-162730,3970
1111,HRB,2020-07-27,0 days 15:57:36.460011,188663,14.84,14.83,10791,17626,-3090,2310
1112,HRB,2020-07-27,0 days 15:59:07.683195,204518,14.85,14.84,9570,20899,599,-4001
1113,HRB,2020-07-27,0 days 15:59:27.717731,207761,14.84,14.83,16595,10114,-3757,6743
1114,HRB,2020-07-27,0 days 15:59:28.720246,206218,14.84,14.83,18730,9216,1543,-3757
1115,HSBC,2020-07-27,0 days 15:55:00.174884,28324,22.67,22.66,31024,52018,-585,1577
1116,HSBC,2020-07-27,0 days 15:56:10.344574,29804,22.67,22.66,54314,31784,1015,-382
1117,HSBC,2020-07-27,0 days 15:58:51.735509,31732,22.67,22.66,22459,65810,5308,-565
1118,HST,2020-07-27,0 days 15:59:46.818431,577566,10.31,10.3,39377,29944,-2915,5375
1119,HST,2020-07-27,0 days 15:59:48.822359,563381,10.31,10.3,30656,28932,14185,-2915
1120,HTZ,2020-07-27,0 days 15:56:27.430797,50967,1.55,1.54,65866,89322,26255,-36045
1121,HTZ,2020-07-27,0 days 15:56:28.432541,49122,1.55,1.54,67812,88822,-1845,26255
1122,HTZ,2020-07-27,0 days 15:59:03.805889,51467,1.55,1.54,76675,96088,3977,-2619
1123,HTZ,2020-07-27,0 days 15:59:04.808306,51244,1.55,1.54,77677,95788,-223,3977
1124,HUN,2020-07-27,0 days 15:58:56.654231,118495,19.8,19.79,6907,1004,-7685,2819
1125,HUN,2020-07-27,0 days 15:58:57.656774,111580,19.77,19.76,2500,2600,7415,-7685
1126,HUN,2020-07-27,0 days 15:59:16.690969,126018,19.78,19.77,2843,7169,-231,1956
1127,HUN,2020-07-27,0 days 15:59:22.705804,126249,19.78,19.77,7137,2865,6569,-231
1128,HUYA,2020-07-27,0 days 15:56:29.407176,28211,22.35,22.34,2242,3076,-1543,157
1129,HUYA,2020-07-27,0 days 15:56:30.409617,27952,22.35,22.34,3037,2359,259,-1543
1130,HUYA,2020-07-27,0 days 15:57:54.611109,29707,22.35,22.34,2288,8753,-126,574
1131,HUYA,2020-07-27,0 days 15:57:55.613770,29333,22.35,22.34,2284,8754,374,-126
1132,HUYA,2020-07-27,0 days 15:58:02.632068,29907,22.35,22.34,3008,7529,-324,176
1133,HUYA,2020-07-27,0 days 15:58:03.633816,29433,22.35,22.34,3608,2457,474,-324
1134,HUYA,2020-07-27,0 days 15:58:13.659004,29907,22.35,22.34,4460,2655,-226,474
1135,HUYA,2020-07-27,0 days 15:58:14.661025,29433,22.35,22.34,4760,2555,668,-226
1136,HUYA,2020-07-27,0 days 15:58:19.672617,30101,22.35,22.34,3255,6400,-230,670
1137,HUYA,2020-07-27,0 days 15:58:20.675601,29631,22.35,22.34,3455,6400,470,-230
1138,HUYA,2020-07-27,0 days 15:58:33.707072,30101,22.35,22.34,3449,3198,-30,470
1139,HUYA,2020-07-27,0 days 15:58:34.709132,29631,22.35,22.34,4149,3107,470,-30
1140,HUYA,2020-07-27,0 days 15:58:47.740802,30901,22.35,22.34,2200,2766,-574,468
1141,HUYA,2020-07-27,0 days 15:58:52.752913,29938,22.35,22.34,2603,2583,163,-37
1142,IBM,2020-07-27,0 days 15:55:00.218970,479665,126.25,126.22,200,200,16507,-97699
1143,IBM,2020-07-27,0 days 15:56:45.471082,499572,126.16,126.14,932,200,-4071,966
1144,IBM,2020-07-27,0 days 15:56:46.473699,489943,126.16,126.13,1322,490,9629,-4071
1145,IBM,2020-07-27,0 days 15:56:54.492600,499572,126.19,126.17,340,301,-151,4749
1146,IBM,2020-07-27,0 days 15:56:58.502857,499723,126.17,126.15,560,500,512,-151
1147,IBM,2020-07-27,0 days 15:58:17.690311,503704,126.17,126.14,402,598,-2317,4983
1148,IBM,2020-07-27,0 days 15:58:18.695001,499001,126.17,126.14,300,500,1303,-2317
1149,IBM,2020-07-27,0 days 15:58:29.719657,500304,126.15,126.13,300,699,-5637,7439
1150,IBM,2020-07-27,0 days 15:58:30.724269,493841,126.13,126.12,300,300,6463,-5637
1151,IBM,2020-07-27,0 days 15:58:42.751039,495721,126.15,126.14,300,500,4583,-917
1152,IBM,2020-07-27,0 days 15:59:00.798826,505785,126.18,126.16,411,200,-1261,5572
1153,IBM,2020-07-27,0 days 15:59:03.805392,503146,126.19,126.17,310,544,3049,-777
1154,IBM,2020-07-27,0 days 15:59:11.824454,525396,126.16,126.14,401,474,-2505,6280
1155,IBM,2020-07-27,0 days 15:59:13.829027,515981,126.19,126.14,600,100,4673,-1661
1156,IBM,2020-07-27,0 days 15:59:24.854105,526655,126.11,126.1,400,200,-5440,1974
1157,IBM,2020-07-27,0 days 15:59:31.868760,533955,126.12,126.1,500,209,-16592,1644
1158,IBM,2020-07-27,0 days 15:59:32.872188,533387,126.12,126.1,1650,542,1266,-16592
1159,IBM,2020-07-27,0 days 15:59:39.889779,531138,126.14,126.11,480,216,2784,-3772
1160,IBM,2020-07-27,0 days 15:59:42.896940,534172,126.14,126.13,129,100,-4408,5634
1161,IBM,2020-07-27,0 days 15:59:43.899385,533780,126.15,126.13,600,290,392,-4408
1162,IBM,2020-07-27,0 days 15:59:45.904905,534172,126.17,126.14,100,410,-4618,6129
1163,IBM,2020-07-27,0 days 15:59:50.907751,530212,126.19,126.17,973,1261,55,-2116
1164,IBN,2020-07-27,0 days 15:56:24.286517,290724,9.84,9.83,83467,36768,-875,825
1165,IBN,2020-07-27,0 days 15:57:51.496718,274442,9.84,9.83,118372,29120,16282,-318
1166,IBN,2020-07-27,0 days 15:59:00.666006,293344,9.84,9.83,132184,25522,-5029,14102
1167,IBN,2020-07-27,0 days 15:59:01.667594,282573,9.84,9.83,132384,23334,10771,-5029
1168,IBN,2020-07-27,0 days 15:59:40.748887,296972,9.83,9.82,128284,72655,-1021,1779
1169,IBN,2020-07-27,0 days 15:59:46.763141,257076,9.83,9.82,117874,68126,42033,-9017
1170,IBN,2020-07-27,0 days 15:59:47.765242,299109,9.83,9.82,115574,67726,-41745,42033
1171,IBN,2020-07-27,0 days 15:59:48.767643,295918,9.83,9.82,113252,67816,3191,-41745
1172,ICE,2020-07-27,0 days 15:55:00.115364,209774,94.86,94.83,943,496,-34630,38353
1173,ICE,2020-07-27,0 days 15:57:41.508293,272363,94.68,94.67,100,400,-2196,3104
1174,ICE,2020-07-27,0 days 15:58:49.669047,299559,94.63,94.6,800,734,4178,-4468
1175,ICE,2020-07-27,0 days 15:58:50.671896,297237,94.63,94.6,800,834,-2322,4178
1176,ICE,2020-07-27,0 days 15:58:51.673959,299559,94.63,94.6,800,500,1878,-2322
1177,ICE,2020-07-27,0 days 15:58:52.676593,297659,94.63,94.6,900,1597,-1900,1878
1178,ICE,2020-07-27,0 days 15:59:05.709143,324852,94.58,94.56,1000,100,32007,-25393
1179,ICE,2020-07-27,0 days 15:59:06.711591,320264,94.58,94.57,200,400,-10738,32007
1180,ICE,2020-07-27,0 days 15:59:27.760668,334274,94.55,94.54,800,4056,1007,-7610
1181,ICE,2020-07-27,0 days 15:59:32.773790,331151,94.55,94.54,605,6906,-3123,1307
1182,ICE,2020-07-27,0 days 15:59:47.809770,340968,94.55,94.54,100,20612,706,-837
1183,IGT,2020-07-27,0 days 15:57:09.468703,252324,10.15,10.14,7365,11306,1831,-3037
1184,IGT,2020-07-27,0 days 15:57:10.470429,240955,10.15,10.14,6158,12706,-11369,1831
1185,INFY,2020-07-27,0 days 15:57:38.460218,170021,12.66,12.65,58334,125990,4297,-3203
1186,INFY,2020-07-27,0 days 15:57:40.464181,174318,12.66,12.65,54975,128690,-203,2297
1187,INFY,2020-07-27,0 days 15:57:41.475889,170421,12.66,12.65,45023,129866,3897,-203
1188,INFY,2020-07-27,0 days 15:58:52.638677,178443,12.68,12.67,96000,236485,-4342,11035
1189,ING,2020-07-27,0 days 15:59:59.910673,37363,7.37,7.36,150584,51733,12555,-12245
1190,INVH,2020-07-27,0 days 15:55:00.122521,111258,28.01,28.0,3200,1259,8788,-6591
1191,INVH,2020-07-27,0 days 15:57:11.440084,116912,28.01,28.0,1427,4499,294,-506
1192,INVH,2020-07-27,0 days 15:57:37.502661,117206,28.01,28.0,3065,4801,-129,371
1193,INVH,2020-07-27,0 days 15:57:39.507918,115635,28.01,28.0,1979,4737,1571,-129
1194,INVH,2020-07-27,0 days 15:57:48.529756,117206,28.02,28.01,1900,5719,-316,384
1195,INVH,2020-07-27,0 days 15:57:49.531429,116522,28.02,28.01,2200,5819,684,-316
1196,INVH,2020-07-27,0 days 15:57:59.555909,117206,28.03,28.02,2481,4008,-3842,1584
1197,INVH,2020-07-27,0 days 15:59:03.713559,124190,28.04,28.03,2925,8671,274,-592
1198,INVH,2020-07-27,0 days 15:59:04.716606,125515,28.04,28.03,1725,10271,-275,274
1199,INVH,2020-07-27,0 days 15:59:28.774583,135124,28.03,28.02,4903,5310,-2984,4947
1200,INVH,2020-07-27,0 days 15:59:29.776848,134508,28.03,28.02,7003,3968,616,-2984
1201,IPG,2020-07-27,0 days 15:55:41.292228,208541,18.56,18.55,10235,8999,6576,-107
1202,IPG,2020-07-27,0 days 15:57:42.584238,222136,18.55,18.54,10386,26519,-674,226
1203,IPG,2020-07-27,0 days 15:59:05.786789,229356,18.56,18.55,16609,15083,114,-586
1204,IPG,2020-07-27,0 days 15:59:06.792112,229023,18.56,18.55,15527,12102,-333,114
1205,IPG,2020-07-27,0 days 15:59:09.796961,224456,18.55,18.54,7351,11770,7106,-3126
1206,IPG,2020-07-27,0 days 15:59:18.809492,254410,18.56,18.55,11813,16045,-1484,22439
1207,IPG,2020-07-27,0 days 15:59:44.873248,258994,18.57,18.56,15821,14197,4303,-17
1208,IPG,2020-07-27,0 days 15:59:45.875617,258013,18.57,18.56,12513,18195,-981,4303
1209,IR,2020-07-27,0 days 15:59:32.736747,264132,31.82,31.81,1302,4518,-6187,1470
1210,IR,2020-07-27,0 days 15:59:33.738959,253419,31.82,31.81,2212,3860,10713,-6187
1211,IVR,2020-07-27,0 days 15:55:00.191097,84089,3.24,3.23,28653,53237,355,-190
1212,IVR,2020-07-27,0 days 15:55:01.193442,80444,3.24,3.23,28369,50333,-3645,355
1213,IVZ,2020-07-27,0 days 15:57:36.459158,428675,10.69,10.68,45846,42866,1471,-1829
1214,IVZ,2020-07-27,0 days 15:57:37.462513,415146,10.69,10.68,46464,44759,-13529,1471
1215,IVZ,2020-07-27,0 days 15:58:36.605119,390231,10.71,10.7,19731,25283,13141,-26024
1216,IVZ,2020-07-27,0 days 15:58:37.608050,383272,10.71,10.7,8800,38373,-6959,13141
1217,IVZ,2020-07-27,0 days 15:59:14.698893,434583,10.71,10.7,21995,38725,36957,-10924
1218,IVZ,2020-07-27,0 days 15:59:15.687828,427140,10.72,10.71,13500,34098,-6643,36957
1219,IVZ,2020-07-27,0 days 15:59:35.736953,450521,10.72,10.71,25567,32037,15415,-2261
1220,IVZ,2020-07-27,0 days 15:59:36.739352,427136,10.72,10.71,21341,33637,-23385,15415
1221,IVZ,2020-07-27,0 days 15:59:47.765001,451572,10.74,10.73,25226,13818,1175,-3449
1222,IVZ,2020-07-27,0 days 15:59:48.767413,447347,10.74,10.73,24326,13446,-4225,1175
1223,JCI,2020-07-27,0 days 15:57:43.549676,290481,37.07,37.06,5806,6683,2181,-1719
1224,JCI,2020-07-27,0 days 15:58:50.713803,292354,37.07,37.06,13133,6319,308,-2592
1225,JCI,2020-07-27,0 days 15:59:18.779338,304279,37.06,37.05,7186,3276,-2931,7269
1226,JCI,2020-07-27,0 days 15:59:46.846483,302070,37.07,37.06,633,8890,909,-2191
1227,JILL,2020-07-27,0 days 15:56:27.333421,0,0.67,0.66,2600,700,-1,121
1228,JILL,2020-07-27,0 days 15:57:11.440052,1,0.68,0.67,17970,1300,501,-1
1229,JMIA,2020-07-27,0 days 15:59:00.706840,61044,9.79,9.78,2675,6167,-5126,829
1230,JMIA,2020-07-27,0 days 15:59:01.708103,59070,9.79,9.78,2775,6167,1974,-5126
