,Symbol,Timestamp,TIME,iPaired,Ask_P,Bid_P,Ask_S,Bid_S,iShares,PreviShares
0,AA,2020-11-13,0 days 15:57:04.246070,139986,16.55,16.54,5023,6900,701,-199
1,AA,2020-11-13,0 days 15:57:05.245579,137587,16.55,16.54,3172,10061,-2399,701
2,AA,2020-11-13,0 days 15:59:15.247978,163963,16.58,16.57,4913,5415,992,-1
3,AA,2020-11-13,0 days 15:59:17.246678,161508,16.58,16.57,7613,2893,-2455,2045
4,AA,2020-11-13,0 days 15:59:41.246973,167386,16.58,16.57,9946,4232,24413,-2287
5,AA,2020-11-13,0 days 15:59:42.247009,165599,16.58,16.57,10846,2022,-1787,24413
6,AA,2020-11-13,0 days 15:59:46.248100,167386,16.58,16.57,5949,8512,9088,-1787
7,AA,2020-11-13,0 days 15:59:47.247894,166174,16.58,16.57,6449,8512,-1212,9088
8,ABBV,2020-11-13,0 days 15:55:11.101306,898014,98.99,98.97,100,574,-2448,5492
9,ABBV,2020-11-13,0 days 15:55:26.102136,904061,98.99,98.98,704,839,3070,-2630
10,ABBV,2020-11-13,0 days 15:55:27.102048,903216,98.99,98.98,1329,833,-845,3070
11,ABBV,2020-11-13,0 days 15:55:33.102458,912138,98.98,98.97,2006,200,-14942,582
12,ABBV,2020-11-13,0 days 15:57:36.104716,960647,99.01,99.0,200,842,4798,-2660
13,ABBV,2020-11-13,0 days 15:57:37.104851,957845,99.04,99.03,700,103,-19295,4798
14,ABBV,2020-11-13,0 days 15:57:43.104680,979711,99.03,99.02,354,340,3434,-18795
15,ABBV,2020-11-13,0 days 15:57:44.105110,968545,99.04,99.03,1002,145,-11095,3434
16,ABBV,2020-11-13,0 days 15:57:46.105389,979711,99.04,99.03,600,400,934,-4195
17,ABBV,2020-11-13,0 days 15:57:47.104949,969445,99.04,99.03,300,1724,-10266,934
18,ABBV,2020-11-13,0 days 15:57:54.105434,980850,99.08,99.06,600,425,995,-3263
19,ABBV,2020-11-13,0 days 15:57:55.105372,976345,99.09,99.07,800,801,-4746,995
20,ABBV,2020-11-13,0 days 15:58:19.107050,987267,99.04,99.02,326,700,1658,-3842
21,ABBV,2020-11-13,0 days 15:58:20.106916,976225,99.04,99.02,326,700,-10971,1658
22,ABBV,2020-11-13,0 days 15:59:05.108984,990878,99.09,99.07,355,400,5243,-2455
23,ABBV,2020-11-13,0 days 15:59:06.110352,987841,99.09,99.07,900,1000,-3652,5243
24,ABBV,2020-11-13,0 days 15:59:07.109307,991509,99.08,99.06,600,300,354,-3652
25,ABBV,2020-11-13,0 days 15:59:10.109450,991883,99.09,99.07,1000,202,-1006,374
26,ABBV,2020-11-13,0 days 15:59:24.108685,1006989,99.1,99.08,600,300,329,-881
27,ABBV,2020-11-13,0 days 15:59:29.109294,1005318,99.08,99.06,400,200,-1671,570
28,ABBV,2020-11-13,0 days 15:59:31.109437,1008199,99.1,99.09,1000,100,459,-1671
29,ABBV,2020-11-13,0 days 15:59:37.109290,1006858,99.08,99.07,200,300,-131,69
30,ABBV,2020-11-13,0 days 15:59:41.110294,1007119,99.07,99.06,900,200,39,-431
31,ABBV,2020-11-13,0 days 15:59:42.110197,1006958,99.07,99.05,500,1243,-90,39
32,ABBV,2020-11-13,0 days 15:59:47.110512,1007289,99.07,99.05,500,550,13210,-531
33,ABBV,2020-11-13,0 days 15:59:55.110379,1019199,99.11,99.08,782,400,-20832,849
34,ABEV,2020-11-13,0 days 15:59:00.278826,29380,2.8,2.79,481574,696883,-4823,1999
35,ABEV,2020-11-13,0 days 15:59:02.285395,33603,2.8,2.79,403615,782405,8331,-4823
36,ABEV,2020-11-13,0 days 15:59:36.265188,54413,2.8,2.79,377499,910111,-15245,18055
37,ABEV,2020-11-13,0 days 15:59:37.265188,53458,2.8,2.79,378599,909611,955,-15245
38,ABR,2020-11-13,0 days 15:55:49.162256,44076,12.67,12.66,998,902,331,-489
39,ABR,2020-11-13,0 days 15:58:30.167907,46141,12.69,12.68,465,2645,-1735,1765
40,ABR,2020-11-13,0 days 15:58:31.167709,44076,12.69,12.68,465,2145,1765,-1735
41,ABR,2020-11-13,0 days 15:59:01.169540,45841,12.7,12.69,1470,1035,-364,170
42,ABR,2020-11-13,0 days 15:59:16.169746,49781,12.69,12.68,2283,208,279,-520
43,ABR,2020-11-13,0 days 15:59:17.169038,47360,12.68,12.67,2283,850,-2421,279
44,ABR,2020-11-13,0 days 15:59:20.169238,49781,12.68,12.67,1083,850,1779,-2421
45,ABR,2020-11-13,0 days 15:59:21.168926,49560,12.68,12.67,683,1050,-221,1779
46,ABT,2020-11-13,0 days 15:58:00.269790,590925,112.73,112.72,100,240,-39,9961
47,ABT,2020-11-13,0 days 15:58:01.276380,567164,112.69,112.66,800,300,23761,-39
48,ABT,2020-11-13,0 days 15:59:00.278704,588934,112.81,112.79,100,400,-5618,12244
49,ABT,2020-11-13,0 days 15:59:01.273018,575179,112.78,112.76,400,600,13935,-5618
50,ABT,2020-11-13,0 days 15:59:06.274834,592591,112.77,112.75,200,333,-7759,2740
51,ABT,2020-11-13,0 days 15:59:14.273163,593697,112.73,112.72,381,275,64,-447
52,ABT,2020-11-13,0 days 15:59:16.265589,596541,112.65,112.58,400,200,-20917,64
53,ABT,2020-11-13,0 days 15:59:45.269528,622979,112.65,112.62,800,200,953,-16409
54,ABT,2020-11-13,0 days 15:59:46.267930,622527,112.65,112.62,600,300,-2257,953
55,ABT,2020-11-13,0 days 15:59:47.266485,621584,112.63,112.6,700,200,3447,-2257
56,ABT,2020-11-13,0 days 15:59:51.269142,618631,112.68,112.59,300,600,-2307,5519
57,ABT,2020-11-13,0 days 15:59:58.266969,613438,112.61,112.57,400,200,5193,-1307
58,ADM,2020-11-13,0 days 15:55:00.250443,210595,49.8,49.78,1400,100,-642,35746
59,ADM,2020-11-13,0 days 15:55:01.250015,208240,49.79,49.78,700,400,1885,-642
60,ADM,2020-11-13,0 days 15:56:05.253270,211947,49.79,49.78,742,926,-1283,2129
61,ADM,2020-11-13,0 days 15:56:06.253334,210130,49.79,49.78,742,826,1817,-1283
62,ADM,2020-11-13,0 days 15:56:27.253781,211947,49.81,49.8,910,400,-4683,1744
63,ADM,2020-11-13,0 days 15:56:28.253064,210533,49.81,49.8,1210,244,944,-4683
64,ADM,2020-11-13,0 days 15:57:24.254380,211716,49.84,49.83,410,200,-146,554
65,ADM,2020-11-13,0 days 15:57:25.255006,211162,49.83,49.81,1034,1214,554,-146
66,ADM,2020-11-13,0 days 15:57:51.255495,211716,49.88,49.87,703,100,-2251,461
67,ADM,2020-11-13,0 days 15:57:53.255999,211667,49.88,49.87,103,1317,49,-351
68,ADM,2020-11-13,0 days 15:57:54.255899,211716,49.89,49.87,400,1336,-151,49
69,ADM,2020-11-13,0 days 15:57:55.256086,211667,49.89,49.88,300,100,49,-151
70,ADM,2020-11-13,0 days 15:57:56.256183,211716,49.89,49.87,1046,1438,-239,49
71,ADM,2020-11-13,0 days 15:57:57.256629,210055,49.89,49.87,946,1438,1661,-239
72,ADM,2020-11-13,0 days 15:57:58.256216,211716,49.89,49.88,600,100,-735,1661
73,ADM,2020-11-13,0 days 15:58:03.257239,207694,49.87,49.86,725,601,-2685,837
74,ADM,2020-11-13,0 days 15:59:04.260795,220803,49.89,49.88,1080,151,4672,-9254
75,ADM,2020-11-13,0 days 15:59:05.260764,220397,49.89,49.88,400,204,-6228,4672
76,ADM,2020-11-13,0 days 15:59:14.261351,226647,49.87,49.86,402,1319,1369,-445
77,ADT,2020-11-13,0 days 15:59:01.273310,83831,7.55,7.54,7621,4384,9636,-4252
78,ADT,2020-11-13,0 days 15:59:02.285671,81267,7.55,7.54,6965,4115,-2564,9636
79,ADT,2020-11-13,0 days 15:59:46.268498,87508,7.55,7.54,7530,1723,1495,-3405
80,AEG,2020-11-13,0 days 15:57:07.249564,4909,3.4,3.39,213917,33009,965,-235
81,AEG,2020-11-13,0 days 15:59:36.253135,7411,3.4,3.39,150156,123728,-2028,2472
82,AEG,2020-11-13,0 days 15:59:37.252800,7239,3.4,3.39,150156,123428,172,-2028
83,AEO,2020-11-13,0 days 15:55:19.283585,99912,15.09,15.08,1586,5400,7591,-3300
84,AEO,2020-11-13,0 days 15:55:20.283536,97503,15.09,15.08,1386,6666,-2409,7591
85,AEO,2020-11-13,0 days 15:55:29.283936,99912,15.09,15.08,4805,1709,1167,-2409
86,AEO,2020-11-13,0 days 15:55:30.284338,97879,15.09,15.08,4704,1709,-2033,1167
87,AEO,2020-11-13,0 days 15:56:42.285738,104532,15.08,15.07,6398,2275,1010,-1410
88,AEO,2020-11-13,0 days 15:56:43.286285,103342,15.08,15.07,5808,2575,-1190,1010
89,AEO,2020-11-13,0 days 15:57:08.286868,104532,15.09,15.08,1706,8209,209,-391
90,AEO,2020-11-13,0 days 15:57:09.286770,103747,15.1,15.09,1900,5316,-785,209
91,AEO,2020-11-13,0 days 15:57:49.288482,111132,15.11,15.1,4372,5868,507,-1393
92,AEO,2020-11-13,0 days 15:57:50.287915,109939,15.11,15.1,4372,5668,-1193,507
93,AEO,2020-11-13,0 days 15:58:00.289654,111132,15.11,15.1,4337,8276,107,-1193
94,AEO,2020-11-13,0 days 15:58:01.289926,109939,15.11,15.1,5641,6976,-1193,107
95,AEO,2020-11-13,0 days 15:58:02.289644,109267,15.11,15.1,5637,6376,672,-1193
96,AEO,2020-11-13,0 days 15:58:03.289170,108239,15.11,15.1,5637,6376,-1028,672
97,AEO,2020-11-13,0 days 15:58:46.291066,104368,15.09,15.08,2839,3803,3871,-1029
98,AEO,2020-11-13,0 days 15:58:47.291422,100039,15.09,15.08,2751,5003,-2629,3871
99,AEO,2020-11-13,0 days 15:59:06.294441,117417,15.1,15.09,4019,6803,5543,-931
100,AEO,2020-11-13,0 days 15:59:10.292512,112179,15.1,15.09,6966,4378,-338,4862
101,AEO,2020-11-13,0 days 15:59:36.293824,119134,15.11,15.1,5454,8094,-319,981
102,AEO,2020-11-13,0 days 15:59:46.293914,122753,15.12,15.11,6889,2000,334,-419
103,AER,2020-11-13,0 days 15:55:19.206737,81148,36.37,36.32,879,700,-1754,1846
104,AER,2020-11-13,0 days 15:59:14.214418,99370,36.29,36.27,100,100,592,-808
105,AER,2020-11-13,0 days 15:59:18.214141,97508,36.29,36.27,200,100,-1862,592
106,AER,2020-11-13,0 days 15:59:46.216467,106074,36.34,36.24,625,100,4236,-1571
107,AER,2020-11-13,0 days 15:59:47.216008,104610,36.34,36.26,600,100,-1464,4236
108,AER,2020-11-13,0 days 15:59:49.215760,100812,36.31,36.27,100,600,3898,-1264
109,AER,2020-11-13,0 days 15:59:50.219659,97810,36.31,36.24,100,100,-1560,3898
110,AES,2020-11-13,0 days 15:55:00.249712,259896,20.92,20.91,3559,3665,-3539,36656
111,AES,2020-11-13,0 days 15:59:05.260455,294350,20.91,20.9,2133,7880,19260,-23816
112,AES,2020-11-13,0 days 15:59:06.263245,290010,20.91,20.9,2633,6780,-4340,19260
113,AES,2020-11-13,0 days 15:59:07.260392,286150,20.9,20.89,8000,4586,9460,-4340
114,AES,2020-11-13,0 days 15:59:08.260494,282810,20.9,20.89,4000,6472,-3340,9460
115,AES,2020-11-13,0 days 15:59:24.260522,303165,20.89,20.88,4143,7833,823,-2255
116,AES,2020-11-13,0 days 15:59:29.260766,299305,20.89,20.88,5289,5753,-3860,2140
117,AFL,2020-11-13,0 days 15:55:40.247562,297569,41.48,41.46,4663,1332,-54,1097
118,AFL,2020-11-13,0 days 15:55:41.247225,296123,41.48,41.47,3400,2009,1446,-54
119,AFL,2020-11-13,0 days 15:56:30.248159,300685,41.48,41.47,4873,232,-4631,664
120,AFL,2020-11-13,0 days 15:56:48.248825,303030,41.46,41.45,4609,100,64,-36
121,AFL,2020-11-13,0 days 15:57:03.251245,315994,41.46,41.45,1795,2296,-7836,64
122,AFL,2020-11-13,0 days 15:57:04.249094,314730,41.46,41.45,1958,2096,1264,-7836
123,AFL,2020-11-13,0 days 15:57:43.249168,327594,41.52,41.51,2298,773,-1429,3171
124,AFL,2020-11-13,0 days 15:57:44.249167,325423,41.52,41.51,2298,974,2171,-1429
125,AFL,2020-11-13,0 days 15:57:59.250160,328416,41.52,41.51,700,2725,-1507,2193
126,AFL,2020-11-13,0 days 15:59:08.253652,331847,41.56,41.55,5635,820,-942,3763
127,AFL,2020-11-13,0 days 15:59:09.253493,332789,41.54,41.53,3976,2600,4358,-942
128,AFL,2020-11-13,0 days 15:59:17.253061,359449,41.52,41.51,4000,550,1056,-1014
129,AFL,2020-11-13,0 days 15:59:27.251977,349131,41.53,41.52,3800,214,-10323,6777
130,AG,2020-11-13,0 days 15:56:42.253824,32847,11.02,11.01,35132,6086,-1746,674
131,AG,2020-11-13,0 days 15:56:43.253837,31393,11.02,11.01,35132,8686,1454,-1746
132,AG,2020-11-13,0 days 15:59:36.261568,46514,11.0,10.99,4790,20943,-616,2184
133,AGI,2020-11-13,0 days 15:55:00.102335,26882,9.01,9.0,20082,9630,8642,-1214
134,AGI,2020-11-13,0 days 15:59:36.109595,42731,9.01,9.0,5700,34544,-7529,8871
135,AGI,2020-11-13,0 days 15:59:37.109290,42260,9.01,9.0,5600,34404,471,-7529
136,AGI,2020-11-13,0 days 15:59:40.110098,42731,9.01,9.0,5600,34404,-1229,471
137,AGI,2020-11-13,0 days 15:59:41.110281,42260,9.01,9.0,7900,18404,471,-1229
138,AGI,2020-11-13,0 days 15:59:46.110355,42731,9.01,9.0,7485,35075,-229,471
139,AGI,2020-11-13,0 days 15:59:48.110436,42260,9.01,9.0,11585,35498,471,-229
140,AIG,2020-11-13,0 days 15:56:21.252699,334159,37.27,37.26,2737,3306,1370,-230
141,AIG,2020-11-13,0 days 15:57:07.253932,348657,37.26,37.25,534,4804,-1103,1020
142,AIG,2020-11-13,0 days 15:57:08.253997,348437,37.26,37.25,534,4024,220,-1103
143,AIG,2020-11-13,0 days 15:57:38.255526,348806,37.27,37.26,1140,3556,-1892,508
144,AIG,2020-11-13,0 days 15:57:39.255360,347698,37.27,37.26,2283,2856,1108,-1892
145,AIG,2020-11-13,0 days 15:57:41.255971,348806,37.27,37.26,879,3556,-92,1108
146,AIG,2020-11-13,0 days 15:57:42.255431,348598,37.27,37.26,1740,3386,208,-92
147,AIG,2020-11-13,0 days 15:57:57.256641,348806,37.27,37.26,1601,4111,-1292,2408
148,AIG,2020-11-13,0 days 15:57:59.256291,348198,37.27,37.26,1847,3811,608,-292
149,AIG,2020-11-13,0 days 15:58:01.259189,348806,37.27,37.26,3511,3218,-490,608
150,AIG,2020-11-13,0 days 15:58:02.257510,347696,37.27,37.26,1611,4741,1110,-490
151,AIG,2020-11-13,0 days 15:58:04.258037,348806,37.29,37.28,3400,1804,-3411,1110
152,AIG,2020-11-13,0 days 15:58:05.257109,348559,37.29,37.28,3100,2809,247,-3411
153,AIG,2020-11-13,0 days 15:58:17.258141,349251,37.29,37.28,4057,2675,-808,909
154,AIG,2020-11-13,0 days 15:58:18.258340,347942,37.29,37.28,3868,2275,1309,-808
155,AIG,2020-11-13,0 days 15:58:20.259087,349251,37.29,37.28,4268,1877,-1708,1309
156,AIG,2020-11-13,0 days 15:58:21.258621,348359,37.29,37.28,3868,2077,892,-1708
157,AIG,2020-11-13,0 days 15:58:22.258428,349251,37.29,37.28,2967,3377,-1208,892
158,AIG,2020-11-13,0 days 15:58:23.260865,348359,37.29,37.28,3868,1350,892,-1208
159,AIG,2020-11-13,0 days 15:58:24.258631,349251,37.29,37.28,3768,1550,-2108,892
160,AIG,2020-11-13,0 days 15:58:25.258229,348359,37.29,37.28,3511,2750,892,-2108
161,AIG,2020-11-13,0 days 15:58:26.258634,349251,37.29,37.28,3368,2450,-2208,892
162,AIG,2020-11-13,0 days 15:58:27.258604,348359,37.29,37.28,3268,1450,892,-2208
163,AIG,2020-11-13,0 days 15:59:03.259905,353156,37.32,37.31,300,4571,-8993,1622
164,AIG,2020-11-13,0 days 15:59:04.260844,355549,37.32,37.31,3650,2200,160,-8993
165,AIG,2020-11-13,0 days 15:59:47.262359,507794,37.32,37.31,4300,500,204637,-25672
166,AIG,2020-11-13,0 days 15:59:48.261968,400331,37.34,37.33,200,10435,-118872,204637
167,AIG,2020-11-13,0 days 15:59:49.261762,507851,37.32,37.31,4300,5890,204480,-118872
168,ALK,2020-11-13,0 days 15:57:18.103742,112752,44.66,44.65,350,300,193,-2007
169,ALK,2020-11-13,0 days 15:57:19.103648,109345,44.66,44.65,324,300,-3420,193
170,ALK,2020-11-13,0 days 15:57:38.104236,112914,44.67,44.65,100,434,1331,-969
171,ALK,2020-11-13,0 days 15:57:39.104537,109945,44.67,44.65,100,334,-2969,1331
172,ALK,2020-11-13,0 days 15:59:05.108884,112703,44.73,44.71,616,193,2799,-1830
173,ALK,2020-11-13,0 days 15:59:06.110195,110902,44.73,44.71,510,365,-1801,2799
174,ALK,2020-11-13,0 days 15:59:23.108387,113107,44.73,44.71,600,100,118,-11
175,ALK,2020-11-13,0 days 15:59:46.110259,113707,44.74,44.71,700,300,806,-782
176,ALK,2020-11-13,0 days 15:59:48.110284,112913,44.72,44.69,710,400,-794,806
177,ALLY,2020-11-13,0 days 15:55:00.282789,112770,29.96,29.95,3042,1744,-6226,7503
178,ALLY,2020-11-13,0 days 15:55:01.282000,112296,29.96,29.95,4542,1767,474,-6226
179,ALLY,2020-11-13,0 days 15:56:57.286382,121821,29.95,29.94,3111,601,-269,1231
180,ALLY,2020-11-13,0 days 15:56:58.286410,120690,29.95,29.94,3711,200,1131,-269
181,ALLY,2020-11-13,0 days 15:57:07.286642,121821,29.94,29.93,836,5117,-64969,1131
182,ALLY,2020-11-13,0 days 15:59:06.294518,211093,29.97,29.96,5094,720,4064,-1339
183,ALLY,2020-11-13,0 days 15:59:07.293154,206457,29.97,29.96,4913,912,-4673,4064
184,ALLY,2020-11-13,0 days 15:59:17.293078,211930,29.93,29.92,5483,1000,1371,-3973
185,ALLY,2020-11-13,0 days 15:59:26.293403,207731,29.94,29.93,3787,400,-4199,2301
186,ALLY,2020-11-13,0 days 15:59:32.293552,211930,29.94,29.93,1246,4210,301,-3487
187,ALLY,2020-11-13,0 days 15:59:45.295406,212130,29.95,29.94,1421,5100,4471,-1399
188,ALLY,2020-11-13,0 days 15:59:46.294103,209701,29.95,29.94,2029,4113,-2429,4471
189,AM,2020-11-13,0 days 15:58:15.244169,61789,6.38,6.37,11812,4068,1990,-510
190,AMC,2020-11-13,0 days 15:59:36.264925,75015,2.97,2.96,87062,43847,-12304,14596
191,AMC,2020-11-13,0 days 15:59:37.264937,74219,2.97,2.96,90462,43297,796,-12304
192,AMCR,2020-11-13,0 days 15:59:03.253603,495285,11.81,11.8,27792,7900,4846,-32254
193,AMCR,2020-11-13,0 days 15:59:07.254724,500160,11.81,11.8,31765,2800,-19123,4875
194,AMCR,2020-11-13,0 days 15:59:08.253687,496983,11.81,11.79,47202,21303,3446,-19123
195,AMCR,2020-11-13,0 days 15:59:46.255201,549691,11.79,11.78,9300,32196,-13632,839
196,AMH,2020-11-13,0 days 15:59:04.252884,234960,30.28,30.27,2012,2301,-2637,7285
197,AMH,2020-11-13,0 days 15:59:05.253378,230597,30.28,30.27,2499,702,4363,-2637
198,AMH,2020-11-13,0 days 15:59:44.248746,240764,30.27,30.25,700,4200,-159,369
199,AMH,2020-11-13,0 days 15:59:47.249343,238043,30.27,30.26,1200,900,2721,-12379
200,AMWL,2020-11-13,0 days 15:55:00.243983,37235,23.92,23.85,300,1095,-9959,16293
201,APD,2020-11-13,0 days 15:57:21.254997,99629,263.84,263.75,100,200,-422,1248
202,APD,2020-11-13,0 days 15:57:22.254750,98151,263.84,263.76,100,100,1478,-422
203,APD,2020-11-13,0 days 15:58:02.257446,104609,264.09,263.94,200,100,-608,1436
204,APD,2020-11-13,0 days 15:58:03.257239,101458,264.09,263.94,200,100,3151,-608
205,APD,2020-11-13,0 days 15:58:53.258644,104609,264.07,263.99,121,200,-85,1215
206,APD,2020-11-13,0 days 15:58:54.259148,102894,264.07,263.99,218,200,1715,-85
207,APD,2020-11-13,0 days 15:59:02.260622,104982,264.16,263.92,100,100,-1710,1758
208,APD,2020-11-13,0 days 15:59:03.259871,104262,264.16,264.04,100,100,720,-1710
209,APD,2020-11-13,0 days 15:59:30.264451,105322,264.08,263.97,263,113,-166,134
210,APD,2020-11-13,0 days 15:59:32.261686,105193,264.08,263.97,150,213,129,-166
211,APD,2020-11-13,0 days 15:59:34.261733,105322,264.08,263.97,250,100,-171,129
212,APD,2020-11-13,0 days 15:59:35.261000,105193,264.08,263.97,150,100,129,-171
213,APD,2020-11-13,0 days 15:59:36.261596,105322,264.08,263.97,150,100,-171,129
214,APD,2020-11-13,0 days 15:59:37.260931,105193,264.19,263.97,200,301,129,-171
215,APD,2020-11-13,0 days 15:59:47.262293,104756,263.95,263.77,400,100,566,-3434
216,APLE,2020-11-13,0 days 15:55:00.159853,83376,12.39,12.38,1947,3810,-380,50641
217,APLE,2020-11-13,0 days 15:55:01.161233,79156,12.39,12.38,2058,3755,4220,-380
218,APLE,2020-11-13,0 days 15:56:55.163902,83386,12.4,12.39,3434,4355,-397,103
219,APLE,2020-11-13,0 days 15:56:56.164428,79583,12.4,12.39,7067,1095,3703,-397
220,APLE,2020-11-13,0 days 15:59:40.170666,94390,12.36,12.35,1665,4143,-567,2333
221,APLE,2020-11-13,0 days 15:59:46.170589,92937,12.36,12.35,200,5099,1253,-4047
222,APTV,2020-11-13,0 days 15:58:24.246104,148177,110.04,110.02,100,100,-642,658
223,APTV,2020-11-13,0 days 15:58:25.247687,145019,110.01,109.96,1040,403,3158,-642
224,APTV,2020-11-13,0 days 15:58:58.245275,148169,110.04,110.01,400,266,-1990,510
225,APTV,2020-11-13,0 days 15:58:59.246028,147559,110.04,110.01,300,499,610,-1990
226,APTV,2020-11-13,0 days 15:59:05.247639,151746,110.06,110.05,299,316,-78,4332
227,APTV,2020-11-13,0 days 15:59:38.246288,163685,109.88,109.8,150,100,1560,-1040
228,APTV,2020-11-13,0 days 15:59:40.247334,165245,109.88,109.8,150,100,-80,160
229,AR,2020-11-13,0 days 15:55:26.250374,326915,3.98,3.97,12890,21114,-1591,21549
230,AR,2020-11-13,0 days 15:56:44.253400,328506,3.97,3.96,38620,15200,10684,-416
231,AR,2020-11-13,0 days 15:57:48.256122,328506,3.98,3.97,27131,9178,9384,-416
232,AR,2020-11-13,0 days 15:59:50.266010,278795,3.99,3.98,44838,10682,61546,-31354
233,ARMK,2020-11-13,0 days 15:59:27.214690,241546,34.24,34.21,688,100,628,-1937
234,ARMK,2020-11-13,0 days 15:59:31.215605,239645,34.24,34.22,100,963,-1901,628
235,ARMK,2020-11-13,0 days 15:59:38.214633,241046,34.2,34.19,200,130,919,-1281
236,ARMK,2020-11-13,0 days 15:59:45.216300,242266,34.22,34.21,300,143,-3267,359
237,ARMK,2020-11-13,0 days 15:59:46.216317,245533,34.21,34.19,390,329,5284,-3267
238,ARMK,2020-11-13,0 days 15:59:47.215805,244617,34.21,34.19,690,229,-916,5284
239,AROC,2020-11-13,0 days 15:55:47.245841,52725,6.95,6.94,2428,4628,6869,-366
240,AROC,2020-11-13,0 days 15:59:05.253495,62834,6.98,6.97,1551,5261,-1255,425
241,AROC,2020-11-13,0 days 15:59:36.248442,64186,6.98,6.97,4958,2245,770,-1130
242,AROC,2020-11-13,0 days 15:59:37.248052,64056,6.98,6.97,4858,2245,-130,770
243,ATUS,2020-11-13,0 days 15:58:02.289496,176937,30.6,30.59,34592,4626,-1776,7679
244,ATUS,2020-11-13,0 days 15:58:03.289024,166213,30.6,30.59,35377,5120,10724,-1776
245,ATUS,2020-11-13,0 days 15:59:06.294057,163715,30.58,30.57,10479,11833,-13166,763
246,ATUS,2020-11-13,0 days 15:59:07.292881,157081,30.58,30.57,7329,11533,6634,-13166
247,ATUS,2020-11-13,0 days 15:59:40.293627,180091,30.6,30.59,6198,7154,-395,1030
248,ATUS,2020-11-13,0 days 15:59:46.293571,176522,30.62,30.61,3100,2483,3569,-7831
249,AU,2020-11-13,0 days 15:59:03.259871,45202,24.14,24.13,3712,1778,1538,-162
250,AU,2020-11-13,0 days 15:59:04.260725,44940,24.14,24.13,3612,691,-262,1538
251,AU,2020-11-13,0 days 15:59:46.263585,45892,24.13,24.12,3400,629,3259,-1293
252,AU,2020-11-13,0 days 15:59:47.262293,45851,24.13,24.12,600,3029,-41,3259
253,AUY,2020-11-13,0 days 15:55:00.204458,114928,5.52,5.51,407483,69580,-104444,16189
254,AUY,2020-11-13,0 days 15:59:36.215359,221037,5.51,5.5,484273,239049,63611,-74689
255,AUY,2020-11-13,0 days 15:59:37.214907,217248,5.51,5.5,484268,238049,-3789,63611
256,AUY,2020-11-13,0 days 15:59:47.215875,219368,5.5,5.49,626955,182302,-1969,7431
257,AVTR,2020-11-13,0 days 15:55:00.242874,108474,26.79,26.78,4397,3489,-18456,21606
258,AVTR,2020-11-13,0 days 15:57:59.248636,139639,26.8,26.79,3187,546,288,-2312
259,AVTR,2020-11-13,0 days 15:58:00.249812,137927,26.8,26.79,2887,578,-1512,288
260,AVTR,2020-11-13,0 days 15:58:42.250955,144018,26.78,26.77,2230,300,-991,1009
261,AVTR,2020-11-13,0 days 15:59:14.253158,167499,26.76,26.75,1400,1519,-20,517
262,AXP,2020-11-13,0 days 15:55:25.161452,482885,114.84,114.82,218,301,5272,-1000
263,AXP,2020-11-13,0 days 15:55:26.161220,477857,114.85,114.83,1104,100,-4952,5272
264,AXP,2020-11-13,0 days 15:55:29.162010,477253,114.75,114.72,425,500,766,-4812
265,AXP,2020-11-13,0 days 15:55:30.161490,472997,114.76,114.73,101,500,-6459,766
266,AXP,2020-11-13,0 days 15:56:55.163902,482057,114.73,114.72,270,248,-4089,1557
267,AXP,2020-11-13,0 days 15:57:30.164800,490145,114.82,114.8,500,200,-3633,1991
268,AXP,2020-11-13,0 days 15:59:05.169052,500296,115.11,115.08,300,500,629,-291
269,AXP,2020-11-13,0 days 15:59:07.169344,497229,115.11,115.07,900,400,-3035,1313
270,AXP,2020-11-13,0 days 15:59:21.168865,501361,115.09,115.05,139,617,-3057,10545
271,AXP,2020-11-13,0 days 15:59:38.169778,518305,115.05,115.02,150,700,2759,-2841
272,AXP,2020-11-13,0 days 15:59:39.169643,516464,115.04,115.02,100,700,-1767,2759
273,AXP,2020-11-13,0 days 15:59:46.170557,518231,115.04,115.01,472,300,6412,-1239
274,AXP,2020-11-13,0 days 15:59:47.170753,518098,115.03,115.01,572,300,-133,6412
275,AXP,2020-11-13,0 days 15:59:49.171204,518071,114.98,114.95,132,200,2482,-78
276,AXP,2020-11-13,0 days 15:59:50.173190,516953,115.01,114.97,600,100,-1017,2482
277,AZUL,2020-11-13,0 days 15:58:11.270042,11827,16.04,16.03,1400,1600,801,-1199
278,AZUL,2020-11-13,0 days 15:58:12.270284,10328,16.04,16.03,2129,700,-1199,801
279,AZUL,2020-11-13,0 days 15:58:48.271067,11827,16.03,16.02,2572,200,566,-1199
280,BA,2020-11-13,0 days 15:55:27.284064,435360,186.64,186.56,100,100,75379,-11221
281,BA,2020-11-13,0 days 15:55:28.283944,459839,186.63,186.59,200,200,-26512,75379
282,BA,2020-11-13,0 days 15:55:29.283947,457451,186.59,186.57,560,653,2388,-26512
283,BABA,2020-11-13,0 days 15:55:00.101598,571060,260.18,260.17,300,300,-102173,108452
284,BABA,2020-11-13,0 days 15:57:34.104422,640854,260.3,260.28,598,500,7348,-3352
285,BABA,2020-11-13,0 days 15:57:35.104601,637202,260.3,260.29,100,900,-3652,7348
286,BABA,2020-11-13,0 days 15:57:40.104290,640854,260.25,260.23,100,450,5744,-556
287,BABA,2020-11-13,0 days 15:58:28.107433,667509,260.62,260.6,325,400,-6946,9391
288,BABA,2020-11-13,0 days 15:58:29.106504,664755,260.59,260.56,100,200,13491,-6946
289,BABA,2020-11-13,0 days 15:58:39.106974,655276,260.65,260.63,300,700,1569,-8032
290,BABA,2020-11-13,0 days 15:58:57.107304,656745,260.66,260.61,100,100,-16406,3194
291,BABA,2020-11-13,0 days 15:58:58.107153,655904,260.68,260.66,252,100,841,-16406
292,BABA,2020-11-13,0 days 15:59:04.108688,673807,260.76,260.72,100,200,-60,3059
293,BABA,2020-11-13,0 days 15:59:05.108452,675067,260.69,260.67,500,200,140,-60
294,BABA,2020-11-13,0 days 15:59:09.108789,693226,260.64,260.58,300,200,-1809,1668
295,BABA,2020-11-13,0 days 15:59:12.108745,709582,260.62,260.58,100,200,-2353,8184
296,BABA,2020-11-13,0 days 15:59:13.108423,707035,260.62,260.57,200,100,6684,-2353
297,BAC,2020-11-13,0 days 15:55:00.242114,3433208,27.02,27.01,50961,48927,-131215,483497
298,BAC,2020-11-13,0 days 15:57:32.243808,3596242,27.0,26.99,47142,69199,4286,-20614
299,BAC,2020-11-13,0 days 15:57:33.242722,3559028,27.02,27.01,62600,52700,-42472,4286
300,BAC,2020-11-13,0 days 15:57:37.242813,3610451,27.02,27.01,58100,78605,32677,-6872
301,BAC,2020-11-13,0 days 15:57:38.242178,3590228,27.02,27.01,36700,86405,-20223,32677
302,BAC,2020-11-13,0 days 15:58:02.243886,3614312,27.04,27.03,42872,47211,2608,-17284
303,BAC,2020-11-13,0 days 15:58:03.243849,3592636,27.04,27.03,25828,86011,-21676,2608
304,BAC,2020-11-13,0 days 15:58:57.245474,3614373,27.03,27.02,85899,57502,-12423,90829
305,BAC,2020-11-13,0 days 15:59:11.246849,3707715,27.04,27.03,26798,69356,-24266,44628
306,BAC,2020-11-13,0 days 15:59:38.246321,3966530,27.01,27.0,74246,52660,-7997,80503
307,BAC,2020-11-13,0 days 15:59:50.250749,4120187,27.01,27.0,103989,38248,2457,-108894
308,BAM,2020-11-13,0 days 15:58:00.211177,52450,37.18,37.17,500,3506,-4151,890
309,BAM,2020-11-13,0 days 15:58:16.211961,56701,37.18,37.17,3842,650,1349,-451
310,BAM,2020-11-13,0 days 15:58:17.212338,56250,37.18,37.17,4342,650,-451,1349
311,BAM,2020-11-13,0 days 15:59:08.214622,56098,37.2,37.19,1800,597,500,-199
312,BAM,2020-11-13,0 days 15:59:17.214584,59334,37.2,37.19,1775,398,-2596,3171
313,BAM,2020-11-13,0 days 15:59:18.214237,59130,37.2,37.19,1775,398,204,-2596
314,BAM,2020-11-13,0 days 15:59:47.216138,59022,37.2,37.19,1400,400,7,-293
315,BAX,2020-11-13,0 days 15:55:00.269359,196130,82.53,82.52,517,500,-14213,81269
316,BAX,2020-11-13,0 days 15:55:09.269389,210243,82.52,82.51,600,400,10487,-14213
317,BAX,2020-11-13,0 days 15:55:10.264011,208930,82.52,82.5,600,101,-1313,10487
318,BAX,2020-11-13,0 days 15:55:50.268841,216177,82.49,82.48,200,150,188,-1958
319,BAX,2020-11-13,0 days 15:56:15.269703,213016,82.46,82.43,100,603,-3161,188
320,BAX,2020-11-13,0 days 15:56:24.268714,216177,82.5,82.47,1000,330,39,-61
321,BAX,2020-11-13,0 days 15:56:29.271348,214316,82.5,82.47,1602,238,-1861,39
322,BAX,2020-11-13,0 days 15:57:32.270128,217775,82.46,82.44,401,101,1240,-860
323,BAX,2020-11-13,0 days 15:57:33.267622,217115,82.47,82.45,200,402,-660,1240
324,BAX,2020-11-13,0 days 15:57:52.268300,218475,82.47,82.44,1205,301,340,-560
325,BAX,2020-11-13,0 days 15:57:53.268618,217915,82.47,82.44,878,702,-560,340
326,BAX,2020-11-13,0 days 15:58:03.270628,218475,82.47,82.45,1580,200,659,-2541
327,BAX,2020-11-13,0 days 15:58:04.269189,217834,82.47,82.45,1580,200,-641,659
328,BAX,2020-11-13,0 days 15:58:14.269771,222156,82.47,82.45,1016,109,982,-918
329,BAX,2020-11-13,0 days 15:58:15.269181,221238,82.47,82.44,1418,500,-918,982
330,BAX,2020-11-13,0 days 15:58:17.269403,222156,82.46,82.44,229,400,282,-918
331,BAX,2020-11-13,0 days 15:58:20.270085,221238,82.46,82.44,229,529,-918,382
332,BAX,2020-11-13,0 days 15:59:13.276892,245503,82.47,82.44,100,200,-2031,1669
333,BAX,2020-11-13,0 days 15:59:17.264798,261042,82.45,82.42,100,200,698,-14098
334,BAX,2020-11-13,0 days 15:59:31.267716,258572,82.45,82.42,323,300,-2533,753
335,BAX,2020-11-13,0 days 15:59:33.265057,261105,82.45,82.42,200,500,867,-6133
336,BAX,2020-11-13,0 days 15:59:46.268014,259820,82.44,82.42,500,700,-6211,3415
337,BB,2020-11-13,0 days 15:59:16.249712,532463,5.12,5.11,58916,105739,121421,-147609
338,BB,2020-11-13,0 days 15:59:17.247891,520384,5.12,5.11,32258,94229,-10179,121421
339,BB,2020-11-13,0 days 15:59:27.247281,544663,5.12,5.11,36375,113025,44921,-22379
340,BBD,2020-11-13,0 days 15:59:05.253709,703710,4.44,4.43,671000,1017470,-21641,59941
341,BBD,2020-11-13,0 days 15:59:06.256120,440451,4.44,4.43,671000,1011473,263259,-21641
342,BBD,2020-11-13,0 days 15:59:25.252269,704618,4.44,4.43,885846,355233,-3503,844
343,BBVA,2020-11-13,0 days 15:58:48.251761,18110,3.75,3.74,493513,121200,-1062,2133
344,BBY,2020-11-13,0 days 15:58:07.269520,124966,114.53,114.47,200,603,-690,1760
345,BBY,2020-11-13,0 days 15:58:08.270006,123456,114.51,114.47,415,503,1510,-690
346,BBY,2020-11-13,0 days 15:58:15.269181,124966,114.52,114.48,100,478,-790,1510
347,BBY,2020-11-13,0 days 15:58:16.270566,123456,114.52,114.48,100,578,1510,-790
348,BBY,2020-11-13,0 days 15:58:48.271013,120305,114.59,114.55,200,700,-4260,1321
349,BBY,2020-11-13,0 days 15:59:05.273361,114714,114.62,114.59,100,180,-1824,535
350,BBY,2020-11-13,0 days 15:59:06.274885,114475,114.56,114.52,100,314,5022,-1824
351,BBY,2020-11-13,0 days 15:59:07.273241,119760,114.54,114.48,700,200,-16349,5022
352,BBY,2020-11-13,0 days 15:59:31.267716,138188,114.44,114.4,184,100,299,-697
353,BBY,2020-11-13,0 days 15:59:32.265517,137787,114.44,114.41,154,100,-401,299
354,BBY,2020-11-13,0 days 15:59:50.270797,141884,114.47,114.37,100,100,7046,-732
355,BCS,2020-11-13,0 days 15:59:36.169574,44886,7.07,7.06,68674,103425,-22274,26226
356,BCS,2020-11-13,0 days 15:59:37.169287,43560,7.07,7.06,68674,102075,1326,-22274
357,BDN,2020-11-13,0 days 15:55:00.251015,95613,10.76,10.75,5282,4604,-1001,40909
358,BDN,2020-11-13,0 days 15:56:18.254346,97300,10.76,10.75,6592,7244,565,-1135
359,BDN,2020-11-13,0 days 15:56:19.252773,96365,10.76,10.75,6542,7244,-935,565
360,BDN,2020-11-13,0 days 15:56:42.253859,97300,10.76,10.75,9665,2125,1485,-935
361,BDN,2020-11-13,0 days 15:56:43.253857,96585,10.76,10.75,9455,2825,-715,1485
362,BDN,2020-11-13,0 days 15:57:44.256490,99800,10.76,10.75,6737,5836,4785,-4415
363,BDN,2020-11-13,0 days 15:58:00.257981,106800,10.77,10.76,4300,9401,185,-6015
364,BDN,2020-11-13,0 days 15:58:01.259189,105585,10.77,10.76,4300,9401,-815,185
365,BDN,2020-11-13,0 days 15:58:04.258037,106400,10.77,10.76,4100,9448,385,-815
366,BDN,2020-11-13,0 days 15:58:05.257109,105285,10.77,10.76,4100,9448,-1115,385
367,BDN,2020-11-13,0 days 15:58:16.257859,106400,10.77,10.76,3834,9911,1250,-1150
368,BDN,2020-11-13,0 days 15:58:17.258141,105250,10.77,10.76,3534,12312,-1475,1250
369,BDN,2020-11-13,0 days 15:59:28.260632,104295,10.76,10.75,11077,1324,52,-288
370,BE,2020-11-13,0 days 15:55:00.102004,52285,18.02,18.01,200,1052,519,-3952
371,BE,2020-11-13,0 days 15:55:19.101520,52804,18.02,18.01,479,1008,-281,519
372,BE,2020-11-13,0 days 15:57:11.105366,61849,18.04,18.03,605,307,804,-596
373,BE,2020-11-13,0 days 15:59:06.110150,61249,18.02,18.01,812,363,2216,-312
374,BE,2020-11-13,0 days 15:59:08.109368,63365,18.02,18.01,915,230,-1584,2216
375,BE,2020-11-13,0 days 15:59:09.109604,63249,18.02,18.01,915,230,116,-1584
376,BE,2020-11-13,0 days 15:59:14.109544,63928,18.02,18.01,812,2644,-121,279
377,BE,2020-11-13,0 days 15:59:48.110250,70849,18.06,18.04,900,387,-6,294
378,BE,2020-11-13,0 days 15:59:53.109778,70849,18.08,18.07,400,100,-1006,894
379,BEKE,2020-11-13,0 days 15:55:01.242281,68497,72.28,72.07,100,347,-592,8
380,BEKE,2020-11-13,0 days 15:57:11.246121,70693,72.08,71.88,300,1000,104,-2796
381,BEKE,2020-11-13,0 days 15:58:20.245372,71598,72.4,72.08,100,161,190,-210
382,BEKE,2020-11-13,0 days 15:58:32.247091,71788,72.35,72.08,202,161,-1052,190
383,BEKE,2020-11-13,0 days 15:58:33.246230,71640,72.35,72.08,102,161,148,-1052
384,BEKE,2020-11-13,0 days 15:58:47.246896,71588,72.57,72.24,100,172,-52,148
385,BEKE,2020-11-13,0 days 15:58:48.246648,71540,72.57,72.24,100,172,48,-52
386,BEKE,2020-11-13,0 days 15:58:56.245536,68688,72.57,72.24,100,172,-2552,48
387,BEKE,2020-11-13,0 days 15:58:58.245292,71240,72.54,72.24,200,172,1079,-252
388,BEKE,2020-11-13,0 days 15:59:11.246872,72402,72.57,72.36,100,261,1371,-129
389,BEKE,2020-11-13,0 days 15:59:20.246399,74973,72.57,72.48,100,170,-29,271
390,BEKE,2020-11-13,0 days 15:59:49.247433,73092,72.75,72.48,1100,276,2842,-58
391,BEKE,2020-11-13,0 days 15:59:50.250892,72534,72.75,72.48,1100,276,-558,2842
392,BEKE,2020-11-13,0 days 15:59:57.247531,73092,72.84,72.34,1100,1100,2342,-758
393,BEN,2020-11-13,0 days 15:59:02.292325,220959,20.51,20.5,5306,4440,-6738,7206
394,BEN,2020-11-13,0 days 15:59:03.292405,214797,20.51,20.5,7272,3566,7194,-6738
395,BEN,2020-11-13,0 days 15:59:16.293922,223450,20.51,20.5,9056,1735,-13154,7227
396,BEN,2020-11-13,0 days 15:59:17.292952,218604,20.51,20.5,10719,826,4846,-13154
397,BEN,2020-11-13,0 days 15:59:19.292748,223450,20.51,20.5,10726,335,-7731,4830
398,BEN,2020-11-13,0 days 15:59:20.292582,219481,20.51,20.5,12850,700,3969,-7731
399,BEN,2020-11-13,0 days 15:59:44.294174,223850,20.51,20.5,6970,5128,-1650,1139
400,BEN,2020-11-13,0 days 15:59:47.294808,221634,20.51,20.5,8958,3977,2216,-6884
401,BEST,2020-11-13,0 days 15:59:00.257842,28891,3.23,3.22,6454,23496,-1174,1537
402,BEST,2020-11-13,0 days 15:59:01.253703,23965,3.23,3.22,6454,22096,2626,-1174
403,BEST,2020-11-13,0 days 15:59:46.249168,31227,3.23,3.22,14362,6101,-559,141
404,BEST,2020-11-13,0 days 15:59:47.249434,31186,3.23,3.22,14362,5201,41,-559
405,BHC,2020-11-13,0 days 15:58:19.107062,33458,19.61,19.6,5720,5024,258,-1142
406,BHC,2020-11-13,0 days 15:58:20.106916,32116,19.61,19.6,5720,5024,-1342,258
407,BHC,2020-11-13,0 days 15:59:00.111125,33458,19.61,19.6,4971,7341,558,-771
408,BHC,2020-11-13,0 days 15:59:01.109209,32616,19.61,19.6,4671,7929,-842,558
409,BHC,2020-11-13,0 days 15:59:16.109214,34225,19.61,19.6,4775,4400,5735,-815
410,BHC,2020-11-13,0 days 15:59:17.108740,33860,19.61,19.6,671,7659,-365,5735
411,BK,2020-11-13,0 days 15:55:18.101244,277321,38.77,38.76,5482,2185,-867,12133
412,BK,2020-11-13,0 days 15:55:21.102243,275540,38.76,38.75,5113,3830,1781,-867
413,BK,2020-11-13,0 days 15:55:39.102682,278242,38.72,38.71,6260,613,-6740,2460
414,BK,2020-11-13,0 days 15:55:45.103229,283407,38.71,38.7,1958,3679,1735,-4965
415,BK,2020-11-13,0 days 15:55:46.103048,283142,38.71,38.7,2389,1679,-265,1735
416,BK,2020-11-13,0 days 15:58:10.106946,295559,38.78,38.77,3007,1730,-3198,4072
417,BK,2020-11-13,0 days 15:58:15.106754,298757,38.78,38.77,2506,1830,2502,-398
418,BK,2020-11-13,0 days 15:58:16.107045,298359,38.78,38.77,2631,2240,-398,2502
419,BK,2020-11-13,0 days 15:59:04.108928,298601,38.78,38.77,5000,4574,1569,-331
420,BK,2020-11-13,0 days 15:59:08.109315,329348,38.77,38.76,6460,600,-1750,5150
421,BK,2020-11-13,0 days 15:59:50.112281,374883,38.73,38.72,1300,3456,1879,-6421
422,BKD,2020-11-13,0 days 15:55:46.267754,84040,4.06,4.05,4110,15998,-296,4004
423,BKD,2020-11-13,0 days 15:55:48.268526,84136,4.06,4.05,4560,17438,4,-196
424,BKD,2020-11-13,0 days 15:56:27.273174,84140,4.06,4.05,17186,6730,-112,4
425,BKD,2020-11-13,0 days 15:56:35.268907,84052,4.06,4.05,19036,5406,88,-112
426,BKD,2020-11-13,0 days 15:57:11.269865,84140,4.06,4.05,15935,4364,-216,84
427,BKD,2020-11-13,0 days 15:57:48.268355,87256,4.06,4.05,10507,9924,1384,-3116
428,BKD,2020-11-13,0 days 15:59:16.265876,104596,4.05,4.04,20336,8500,-5874,3490
429,BKD,2020-11-13,0 days 15:59:20.264871,110470,4.05,4.04,20636,7600,1795,-1374
430,BKD,2020-11-13,0 days 15:59:21.264977,109265,4.05,4.04,18711,6800,-1205,1795
431,BKR,2020-11-13,0 days 15:57:37.164910,551309,17.87,17.86,3541,7562,-716,2984
432,BKR,2020-11-13,0 days 15:57:39.164951,539625,17.87,17.86,5477,8259,11684,-716
433,BKR,2020-11-13,0 days 15:57:43.164995,551309,17.87,17.86,5041,8160,-2016,3284
434,BKR,2020-11-13,0 days 15:57:44.165031,540925,17.87,17.86,5227,8360,10384,-2016
435,BKR,2020-11-13,0 days 15:58:24.167790,551864,17.87,17.86,8186,2977,-8517,4883
436,BKR,2020-11-13,0 days 15:58:25.168009,544281,17.87,17.86,8386,2777,7583,-8517
437,BKR,2020-11-13,0 days 15:59:07.169394,554511,17.85,17.84,11672,596,-16115,8630
438,BKR,2020-11-13,0 days 15:59:08.169410,552026,17.85,17.84,13993,160,2485,-16115
439,BKR,2020-11-13,0 days 15:59:11.169409,560318,17.86,17.85,3865,7359,-708,9138
440,BKR,2020-11-13,0 days 15:59:47.170786,587210,17.87,17.86,15962,426,2587,-43013
441,BKR,2020-11-13,0 days 16:00:00.198579,589797,17.89,17.85,1600,100,-3348,752
442,BMY,2020-11-13,0 days 15:55:00.281920,952161,63.65,63.64,3062,1100,-7432,179622
443,BMY,2020-11-13,0 days 15:55:24.284007,952179,63.67,63.66,300,3280,-2599,60
444,BMY,2020-11-13,0 days 15:57:32.288142,1034823,63.68,63.67,2150,2299,4203,-5997
445,BMY,2020-11-13,0 days 15:57:33.287456,1029126,63.68,63.67,1950,2699,-5697,4203
446,BMY,2020-11-13,0 days 15:57:56.288478,1037029,63.71,63.7,1500,2106,376,-4706
447,BMY,2020-11-13,0 days 15:57:57.288908,1032205,63.73,63.72,3078,940,-4824,376
448,BMY,2020-11-13,0 days 15:58:00.289586,1038717,63.74,63.73,3686,1441,6188,-6712
449,BMY,2020-11-13,0 days 15:58:03.289121,1032150,63.73,63.72,791,2387,-3154,11621
450,BMY,2020-11-13,0 days 15:58:56.291203,1061347,63.72,63.71,3980,102,10755,-8233
451,BMY,2020-11-13,0 days 15:58:57.291203,1054502,63.72,63.71,800,3399,-6845,10755
452,BMY,2020-11-13,0 days 15:59:02.292325,1073330,63.72,63.71,1007,2098,2008,-12103
453,BMY^,2020-11-13,0 days 15:55:29.206958,113,1.3,1.29,300,800,3887,-106
454,BP,2020-11-13,0 days 15:59:02.213757,80652,18.8,18.79,71785,64601,222,-378
455,BP,2020-11-13,0 days 15:59:36.215400,99596,18.81,18.8,40653,108830,18886,-22214
456,BP,2020-11-13,0 days 15:59:37.214938,98482,18.81,18.8,44958,104530,-1114,18886
457,BRFS,2020-11-13,0 days 15:55:00.204417,10389,3.68,3.67,49424,117428,296,-3606
458,BRFS,2020-11-13,0 days 15:59:03.214198,13045,3.7,3.69,77101,247850,-220,294
459,BRFS,2020-11-13,0 days 15:59:04.213876,13265,3.7,3.69,83502,229388,180,-220
460,BRK.B,2020-11-13,0 days 15:59:16.249583,894441,227.67,227.63,200,100,-203045,55742
461,BRX,2020-11-13,0 days 15:55:23.283939,135645,15.18,15.17,2200,9257,-1317,3866
462,BRX,2020-11-13,0 days 15:55:24.284065,132262,15.18,15.17,1900,9533,2883,-1317
463,BRX,2020-11-13,0 days 15:59:27.292977,164568,15.23,15.22,4200,4066,-3225,1420
464,BRX,2020-11-13,0 days 15:59:28.292955,161693,15.23,15.22,5000,3572,2875,-3225
465,BRX,2020-11-13,0 days 15:59:33.294016,164568,15.23,15.22,4706,4963,-698,2302
466,BRX,2020-11-13,0 days 15:59:45.295391,164666,15.24,15.23,1896,6988,1266,-1665
467,BSX,2020-11-13,0 days 15:55:11.243054,548631,37.99,37.98,4450,2483,-14019,874
468,BSX,2020-11-13,0 days 15:56:27.245803,657561,37.97,37.96,4025,3510,142,-1650
469,BSX,2020-11-13,0 days 15:56:34.245784,657937,37.99,37.98,1452,3174,-1124,376
470,BSX,2020-11-13,0 days 15:58:08.250292,661884,38.0,37.99,3000,701,98695,-26305
471,BSX,2020-11-13,0 days 15:58:09.251184,646079,38.0,37.99,2300,1501,-15805,98695
472,BSX,2020-11-13,0 days 15:59:04.251310,790526,38.01,38.0,4425,855,50894,-16962
473,BSX,2020-11-13,0 days 15:59:05.251865,775545,38.02,38.01,3478,1800,-14981,50894
474,BSX,2020-11-13,0 days 15:59:26.247061,686234,38.0,37.99,5460,1792,-7090,110179
475,BSX,2020-11-13,0 days 15:59:38.246726,705798,38.0,37.99,9950,1534,107455,-17545
476,BSX,2020-11-13,0 days 15:59:40.247666,703656,38.0,37.99,500,6234,-2992,9658
477,BSX,2020-11-13,0 days 15:59:50.251149,715923,37.99,37.98,1300,5508,-14981,96272
478,BTI,2020-11-13,0 days 15:58:01.211985,30392,36.97,36.96,4144,2515,-13,87
479,BTI,2020-11-13,0 days 15:58:04.211625,28305,36.97,36.96,4983,1407,2087,-113
480,BTI,2020-11-13,0 days 15:59:19.214401,30636,37.0,36.99,4760,1204,-201,335
481,BTI,2020-11-13,0 days 15:59:26.214684,29537,37.0,36.99,3140,3197,1105,-601
482,BTI,2020-11-13,0 days 15:59:46.216660,30642,37.01,36.99,3400,9325,-230,1105
483,BTI,2020-11-13,0 days 15:59:48.216650,29972,37.01,36.99,3700,8825,670,-230
484,BVN,2020-11-13,0 days 15:55:00.270188,104414,11.42,11.4,2415,10907,-1979,33892
485,BVN,2020-11-13,0 days 15:56:21.268554,94003,11.4,11.39,1685,1100,-339,11061
486,BVN,2020-11-13,0 days 15:57:38.269052,94342,11.39,11.38,1000,6000,1161,-1239
487,BVN,2020-11-13,0 days 15:57:43.267251,97703,11.39,11.38,1582,6100,-1439,261
488,BVN,2020-11-13,0 days 15:58:00.269996,99103,11.39,11.38,1400,6900,-1539,461
489,BVN,2020-11-13,0 days 15:58:17.269456,99103,11.39,11.38,1285,6900,-1739,461
490,BVN,2020-11-13,0 days 15:58:18.270062,98642,11.39,11.38,1285,7000,461,-1739
491,BVN,2020-11-13,0 days 15:58:23.280697,103803,11.39,11.38,1285,7000,-539,461
492,BVN,2020-11-13,0 days 15:58:29.274334,104342,11.39,11.38,2785,3060,2161,-539
493,BVN,2020-11-13,0 days 15:58:30.269890,103803,11.39,11.38,2785,2860,-539,2161
494,BVN,2020-11-13,0 days 15:59:43.271545,149732,11.38,11.37,4449,14933,2025,-1881
495,BVN,2020-11-13,0 days 15:59:44.266783,148057,11.38,11.37,2400,14154,-1675,2025
496,BVN,2020-11-13,0 days 15:59:45.269863,150422,11.38,11.37,3300,14356,2541,-1675
497,BVN,2020-11-13,0 days 15:59:46.268354,149963,11.38,11.37,3000,14356,-6459,2541
498,BWA,2020-11-13,0 days 15:57:24.103648,218291,37.71,37.68,300,1760,-1415,3385
499,BWA,2020-11-13,0 days 15:57:25.103583,214806,37.7,37.68,600,1660,3385,-1415
500,BWA,2020-11-13,0 days 15:59:00.110792,228410,37.73,37.72,1303,1250,-17,7
501,BWA,2020-11-13,0 days 15:59:01.108815,228427,37.73,37.72,1503,660,3,-17
502,BWA,2020-11-13,0 days 15:59:19.107930,218977,37.7,37.69,1081,400,-12580,616
503,BWA,2020-11-13,0 days 15:59:20.108907,216957,37.7,37.69,1481,100,2050,-12580
504,BX,2020-11-13,0 days 15:55:00.244138,163681,56.09,56.07,1498,2502,-2184,29980
505,BX,2020-11-13,0 days 15:55:01.244466,161965,56.08,56.07,520,2066,1716,-2184
506,BX,2020-11-13,0 days 15:56:45.247094,163582,56.06,56.05,669,1700,-3080,1735
507,BX,2020-11-13,0 days 15:56:46.247131,161562,56.06,56.05,1543,1300,2020,-3080
508,BX,2020-11-13,0 days 15:59:01.253940,168277,56.12,56.11,895,613,1226,-935
509,BX,2020-11-13,0 days 15:59:04.253321,169703,56.13,56.12,505,915,-1027,2396
510,BX,2020-11-13,0 days 15:59:05.253653,168930,56.13,56.12,405,707,773,-1027
511,BX,2020-11-13,0 days 15:59:31.249064,210159,56.13,56.12,122,200,3561,-2062
512,BX,2020-11-13,0 days 15:59:46.249640,211259,56.15,56.14,1187,947,6874,-1999
513,C,2020-11-13,0 days 15:55:00.241266,1433258,48.69,48.68,826,6712,-6275,29577
514,C,2020-11-13,0 days 15:55:29.243366,1442326,48.66,48.65,3480,2959,19,-2755
515,C,2020-11-13,0 days 15:55:56.244187,1437986,48.62,48.61,2601,4700,-7872,23328
516,C,2020-11-13,0 days 15:57:09.245988,1474272,48.65,48.64,757,12015,1208,-6956
517,C,2020-11-13,0 days 15:57:10.246196,1467380,48.66,48.65,4704,3205,-6686,1208
518,C,2020-11-13,0 days 15:57:32.243703,1475780,48.7,48.69,2336,5705,-17239,10061
519,C,2020-11-13,0 days 15:59:06.249043,1605118,48.74,48.73,5066,1334,99,-260
520,C,2020-11-13,0 days 15:59:07.247341,1605117,48.74,48.73,2900,2268,-34502,99
521,C,2020-11-13,0 days 15:59:16.248038,1683244,48.69,48.68,3162,1600,7066,-29421
522,C,2020-11-13,0 days 15:59:17.246525,1676610,48.69,48.68,3200,900,-6634,7066
523,CAT,2020-11-13,0 days 15:55:01.244450,245776,171.42,171.34,206,200,-3929,829
524,CAT,2020-11-13,0 days 15:55:32.246031,249685,171.33,171.28,100,100,1190,-1127
525,CAT,2020-11-13,0 days 15:55:33.246432,247354,171.37,171.28,101,100,-2497,1190
526,CAT,2020-11-13,0 days 15:59:05.253611,269436,171.69,171.6,800,200,5530,-3499
527,CAT,2020-11-13,0 days 15:59:06.256080,267182,171.72,171.6,120,100,-85,5530
528,CAT,2020-11-13,0 days 15:59:09.253072,268257,171.66,171.6,200,200,630,-916
529,CAT,2020-11-13,0 days 15:59:18.247843,269124,171.73,171.64,200,100,-1682,924
530,CAT,2020-11-13,0 days 15:59:20.247927,268237,171.69,171.56,100,200,11802,-182
531,CAT,2020-11-13,0 days 15:59:32.248540,285636,171.7,171.64,100,865,-1325,1217
532,CAT,2020-11-13,0 days 15:59:33.248079,284561,171.7,171.64,100,500,1075,-1325
533,CAT,2020-11-13,0 days 15:59:44.248815,285043,171.77,171.72,200,100,693,-707
534,CAT,2020-11-13,0 days 15:59:45.249754,285636,171.81,171.75,200,200,-2030,693
535,CAT,2020-11-13,0 days 15:59:46.249456,285003,171.81,171.75,100,100,1754,-2030
536,CAT,2020-11-13,0 days 15:59:51.251038,288913,171.87,171.75,200,649,-3673,2120
537,CAT,2020-11-13,0 days 16:00:00.249913,287893,171.81,171.52,100,100,1120,-3673
538,CCC,2020-11-13,0 days 15:55:42.245893,169140,27.84,27.81,231,672,233,-839
539,CCC,2020-11-13,0 days 15:55:43.245753,168897,27.84,27.82,1023,100,-243,233
540,CCC,2020-11-13,0 days 15:56:42.246806,169590,27.8,27.79,1092,402,1351,-393
541,CCC,2020-11-13,0 days 15:56:43.246872,169141,27.8,27.79,1092,402,-449,1351
542,CCC,2020-11-13,0 days 15:56:46.247047,168082,27.8,27.79,1543,402,1059,-449
543,CCC,2020-11-13,0 days 15:56:58.246915,169441,27.83,27.8,400,420,-551,127
544,CCC,2020-11-13,0 days 15:58:02.249936,170292,27.81,27.79,1575,300,249,-951
545,CCC,2020-11-13,0 days 15:58:03.250535,170041,27.81,27.79,1575,300,-251,249
546,CCC,2020-11-13,0 days 15:59:08.253743,169891,27.81,27.79,514,990,650,-528
547,CCC,2020-11-13,0 days 15:59:09.252955,170241,27.81,27.79,514,990,-101,650
548,CCC,2020-11-13,0 days 15:59:47.249399,175513,27.8,27.79,300,575,-505,1895
549,CCJ,2020-11-13,0 days 15:56:42.247903,25184,9.64,9.63,18258,13109,-1241,1179
550,CCJ,2020-11-13,0 days 15:59:20.252531,27512,9.64,9.63,5007,25112,389,-754
551,CCJ,2020-11-13,0 days 15:59:36.252698,28221,9.64,9.63,17444,5526,-291,709
552,CCJ,2020-11-13,0 days 15:59:37.252419,28112,9.64,9.63,17444,5518,109,-291
553,CCL,2020-11-13,0 days 15:55:00.269851,787111,16.03,16.02,22409,28484,-1077585,227840
554,CCX,2020-11-13,0 days 15:59:36.253051,376,10.03,10.02,216,275,-224,376
555,CCX,2020-11-13,0 days 15:59:37.252722,300,10.03,10.02,216,200,76,-224
556,CDE,2020-11-13,0 days 15:59:09.260496,130507,8.15,8.14,5258,9869,6506,-965
557,CDE,2020-11-13,0 days 15:59:10.260513,128713,8.15,8.14,4658,10569,-1794,6506
558,CDE,2020-11-13,0 days 15:59:40.262705,132507,8.16,8.15,16286,8004,12206,-1594
559,CDE,2020-11-13,0 days 15:59:41.261800,131213,8.16,8.15,17165,8404,-1367,12206
560,CDE,2020-11-13,0 days 15:59:46.263694,132653,8.16,8.15,16098,10276,6770,-1440
561,CDE,2020-11-13,0 days 15:59:47.262333,131823,8.16,8.15,15998,10976,-830,6770
562,CF,2020-11-13,0 days 15:57:39.268572,179412,30.9,30.89,1300,1546,2525,-2708
563,CF,2020-11-13,0 days 15:57:44.267879,181937,30.9,30.89,1005,2061,-808,25
564,CF,2020-11-13,0 days 15:57:45.268224,179012,30.9,30.89,1005,2061,2925,-808
565,CF,2020-11-13,0 days 15:58:04.269189,176221,30.88,30.87,1100,700,2805,-1095
566,CF,2020-11-13,0 days 15:59:05.273361,154536,30.88,30.87,584,630,-22392,2522
567,CF,2020-11-13,0 days 15:59:07.273284,154765,30.87,30.85,1100,500,371,-429
568,CF,2020-11-13,0 days 15:59:09.275324,155136,30.87,30.86,1612,302,-8677,310
569,CF,2020-11-13,0 days 15:59:13.276892,174531,30.87,30.86,800,1090,940,-6475
570,CF,2020-11-13,0 days 15:59:46.267964,180652,30.9,30.88,1200,700,-965,115
571,CFG,2020-11-13,0 days 15:57:02.269893,332859,31.73,31.72,2982,5264,8146,-854
572,CFG,2020-11-13,0 days 15:57:03.269877,326605,31.75,31.74,1241,6170,-6254,8146
573,CFG,2020-11-13,0 days 15:59:20.264871,384244,31.77,31.76,4401,725,18784,-6815
574,CFG,2020-11-13,0 days 15:59:21.265018,376928,31.77,31.76,2184,2549,-7316,18784
575,CFG,2020-11-13,0 days 15:59:46.268430,385873,31.76,31.75,5308,700,4825,-1136
576,CFG,2020-11-13,0 days 15:59:47.266720,385035,31.76,31.75,6040,544,-544,4825
577,CGC,2020-11-13,0 days 15:56:05.244700,125132,24.39,24.38,1114,314,-430,7066
578,CGC,2020-11-13,0 days 15:56:43.244952,119082,24.4,24.38,1306,1694,6290,-2610
579,CHD,2020-11-13,0 days 15:55:39.284612,90684,87.53,87.51,200,115,-2750,933
580,CHD,2020-11-13,0 days 15:55:40.284205,89334,87.53,87.51,100,215,1350,-2750
581,CHD,2020-11-13,0 days 15:57:28.287415,94765,87.54,87.51,643,700,-37,261
582,CHD,2020-11-13,0 days 15:57:29.287464,92202,87.54,87.51,643,600,2563,-37
583,CHD,2020-11-13,0 days 15:58:02.289644,93105,87.55,87.52,754,200,-850,810
584,CHD,2020-11-13,0 days 15:58:03.289158,91655,87.55,87.51,923,100,1450,-850
585,CHD,2020-11-13,0 days 15:58:16.290138,93317,87.55,87.53,566,400,-1338,862
586,CHD,2020-11-13,0 days 15:58:17.290351,92655,87.55,87.52,867,200,662,-1338
587,CHD,2020-11-13,0 days 15:59:02.292448,93735,87.59,87.55,200,100,-397,632
588,CHD,2020-11-13,0 days 15:59:03.292499,93532,87.59,87.55,300,100,207,-397
589,CHD,2020-11-13,0 days 15:59:05.292893,93817,87.58,87.56,100,100,-8511,251
590,CHD,2020-11-13,0 days 15:59:09.293278,94038,87.53,87.45,200,100,162,-1163
591,CHD,2020-11-13,0 days 15:59:46.293857,99632,87.43,87.4,100,400,-1181,389
592,CHD,2020-11-13,0 days 15:59:47.294849,99613,87.43,87.4,100,500,19,-1181
593,CHGG,2020-11-13,0 days 15:56:46.248531,60912,70.47,70.43,500,700,631,-28
594,CHGG,2020-11-13,0 days 15:56:47.248657,59543,70.52,70.49,100,398,-1369,631
595,CHGG,2020-11-13,0 days 15:59:07.255045,62912,70.37,70.35,853,190,5208,-1959
596,CHGG,2020-11-13,0 days 15:59:14.254907,64155,70.4,70.39,271,100,-1284,1143
597,CHGG,2020-11-13,0 days 15:59:23.252736,65439,70.4,70.38,171,164,175,-184
598,CHGG,2020-11-13,0 days 15:59:24.252299,65314,70.4,70.38,171,164,-125,175
599,CHGG,2020-11-13,0 days 15:59:32.253700,65439,70.4,70.39,166,300,37,-125
600,CHL,2020-11-13,0 days 15:55:00.249806,29338,31.76,31.75,5374,2381,-538,568
601,CHL,2020-11-13,0 days 15:58:16.257772,30347,31.72,31.71,4600,1000,212,-188
602,CHL,2020-11-13,0 days 15:58:17.258032,29959,31.72,31.71,4800,1200,-388,212
603,CHL,2020-11-13,0 days 15:58:18.258246,30347,31.72,31.71,4700,1200,212,-388
604,CHL,2020-11-13,0 days 15:58:19.257983,29959,31.72,31.71,4600,1200,-388,212
605,CHL,2020-11-13,0 days 15:59:05.260505,30456,31.71,31.7,4621,405,600,-251
606,CHL,2020-11-13,0 days 15:59:06.263299,30256,31.71,31.7,4821,405,-476,600
607,CHL,2020-11-13,0 days 15:59:09.260337,31448,31.71,31.7,4321,405,902,-292
608,CHL,2020-11-13,0 days 15:59:10.260391,31250,31.71,31.7,4121,405,-198,902
609,CHL,2020-11-13,0 days 15:59:24.260575,31448,31.7,31.69,2753,2400,998,-103
610,CHL,2020-11-13,0 days 15:59:25.260257,30246,31.71,31.7,1400,1338,-1202,998
611,CHL,2020-11-13,0 days 15:59:36.261458,31448,31.71,31.7,1200,3504,98,-302
612,CHL,2020-11-13,0 days 15:59:37.260807,31346,31.71,31.7,1200,3532,-102,98
613,CHL,2020-11-13,0 days 15:59:47.262103,31448,31.71,31.7,2863,704,98,-102
614,CHL,2020-11-13,0 days 15:59:48.261665,31346,31.71,31.7,3063,504,-102,98
615,CHWY,2020-11-13,0 days 15:55:53.244331,21907,62.94,62.89,733,422,-118,1182
616,CHWY,2020-11-13,0 days 15:55:54.244330,21225,62.94,62.89,633,501,682,-118
617,CHWY,2020-11-13,0 days 15:56:07.244721,22064,62.87,62.84,200,302,-1,839
618,CHWY,2020-11-13,0 days 15:56:08.244513,21465,62.86,62.84,200,302,599,-1
619,CHWY,2020-11-13,0 days 15:56:46.245407,22910,62.97,62.9,106,500,-199,587
620,CHWY,2020-11-13,0 days 15:56:47.245516,22309,62.97,62.9,506,301,601,-199
621,CHWY,2020-11-13,0 days 15:57:10.246336,22910,62.99,62.87,400,210,-99,601
622,CHWY,2020-11-13,0 days 15:57:11.246121,22909,62.95,62.87,100,410,1,-99
623,CHWY,2020-11-13,0 days 15:58:02.243901,19200,62.93,62.9,200,101,-292,501
624,CHWY,2020-11-13,0 days 15:58:03.243862,19092,62.91,62.88,100,100,108,-292
625,CHWY,2020-11-13,0 days 15:58:13.244528,19200,62.94,62.9,100,100,-92,8
626,CHWY,2020-11-13,0 days 15:58:14.244398,19192,62.94,62.9,100,100,8,-92
627,CHWY,2020-11-13,0 days 15:58:19.244509,19200,63.0,62.92,1900,409,-492,108
628,CHWY,2020-11-13,0 days 15:58:29.246229,18892,63.0,62.94,1900,200,308,-192
629,CHWY,2020-11-13,0 days 15:58:42.246572,19275,62.98,62.93,100,340,-117,83
630,CHWY,2020-11-13,0 days 15:59:05.247836,19324,63.0,62.94,1900,102,-186,160
631,CHWY,2020-11-13,0 days 15:59:06.249373,19510,63.0,62.95,1900,100,3131,-186
632,CHWY,2020-11-13,0 days 15:59:12.246768,22641,63.0,62.94,1900,362,-257,231
633,CHWY,2020-11-13,0 days 15:59:13.247034,22398,63.0,62.94,1900,360,243,-257
634,CHWY,2020-11-13,0 days 15:59:33.246597,22899,62.98,62.93,100,200,-199,301
635,CHWY,2020-11-13,0 days 15:59:34.247356,22698,62.98,62.93,100,200,201,-199
636,CIG,2020-11-13,0 days 15:55:11.245378,761127,2.12,2.11,58804,116000,-1779,8221
637,CIG,2020-11-13,0 days 15:55:12.245958,743806,2.12,2.11,58804,116000,17321,-1779
638,CIG,2020-11-13,0 days 15:55:59.247304,761127,2.12,2.11,33804,130784,-8879,121
639,CIG,2020-11-13,0 days 15:56:00.248366,746206,2.12,2.11,33804,129584,14921,-8879
640,CIG,2020-11-13,0 days 15:56:08.247772,761127,2.12,2.11,33704,137584,-10079,4921
641,CIG,2020-11-13,0 days 15:56:09.248076,748506,2.12,2.11,33704,137584,12621,-10079
642,CIG,2020-11-13,0 days 15:56:41.249820,761127,2.12,2.11,33200,117384,-7379,12621
643,CIG,2020-11-13,0 days 15:56:42.248444,750406,2.12,2.11,33100,118484,10721,-7379
644,CIG,2020-11-13,0 days 15:57:04.249187,761127,2.12,2.11,42500,113684,-9279,10721
645,CIG,2020-11-13,0 days 15:57:05.249353,752206,2.12,2.11,42500,113684,8921,-9279
646,CIG,2020-11-13,0 days 15:57:34.249602,761127,2.12,2.11,42200,111300,-1079,1921
647,CIG,2020-11-13,0 days 15:57:35.249831,753206,2.12,2.11,42200,111300,7921,-1079
648,CIG,2020-11-13,0 days 15:57:56.249981,761127,2.12,2.11,41400,111331,-879,7921
649,CIG,2020-11-13,0 days 15:57:57.250368,755806,2.12,2.11,41400,111331,5321,-879
650,CIG,2020-11-13,0 days 15:58:04.251433,761127,2.12,2.11,41400,111531,-59379,77621
651,CIG,2020-11-13,0 days 15:59:04.253922,764114,2.13,2.12,93914,133528,-52703,6045
652,CIG,2020-11-13,0 days 15:59:05.253468,757317,2.13,2.12,93914,133028,6797,-52703
653,CIM,2020-11-13,0 days 15:56:47.247004,59108,9.98,9.97,9289,19550,766,-251
654,CIM,2020-11-13,0 days 15:57:05.247669,57974,9.99,9.98,18711,21541,-1134,766
655,CIM,2020-11-13,0 days 15:57:48.249007,59370,9.98,9.97,11155,17565,2404,-1396
656,CIM,2020-11-13,0 days 15:58:47.251603,60574,9.99,9.98,10506,18895,-65,20
657,CIM,2020-11-13,0 days 15:59:00.257752,55652,9.99,9.98,8857,21330,4922,-227
658,CIM,2020-11-13,0 days 15:59:20.247786,63589,9.99,9.98,185,27221,-19,4927
659,CIM,2020-11-13,0 days 15:59:36.248405,66477,10.0,9.99,17849,15924,2012,-2688
660,CIM,2020-11-13,0 days 15:59:37.248013,66289,10.0,9.99,17707,16744,-188,2012
661,CL,2020-11-13,0 days 15:59:04.260488,579106,85.37,85.36,790,100,-43583,2790
662,CL,2020-11-13,0 days 15:59:05.260505,579822,85.36,85.35,800,200,2384,-43583
663,CL,2020-11-13,0 days 15:59:28.260477,603814,85.37,85.35,200,765,1056,-1744
664,CL,2020-11-13,0 days 15:59:43.261315,604942,85.38,85.36,300,950,-785,654
665,CL,2020-11-13,0 days 15:59:47.262103,603769,85.37,85.36,140,1202,1205,-4695
666,CLDR,2020-11-13,0 days 15:56:42.253788,142876,10.71,10.7,12214,4096,663,-1757
667,CLDR,2020-11-13,0 days 15:56:43.253799,139239,10.71,10.7,12151,3996,-3637,663
668,CLDR,2020-11-13,0 days 15:59:46.263420,152755,10.71,10.7,15357,12851,7238,-1535
669,CLDR,2020-11-13,0 days 15:59:47.262185,152293,10.71,10.7,19845,1625,-362,7238
670,CLF,2020-11-13,0 days 15:58:05.211450,151049,8.51,8.5,19810,23472,-5037,11521
671,CLF,2020-11-13,0 days 15:58:06.211255,148153,8.51,8.5,21011,20859,2896,-5037
672,CLF,2020-11-13,0 days 15:59:08.214609,147727,8.52,8.51,30940,5848,2694,-19806
673,CLF,2020-11-13,0 days 15:59:15.215592,151276,8.51,8.5,14651,33705,-9287,8249
674,CLNY,2020-11-13,0 days 15:59:02.169112,321790,3.99,3.98,3681,35760,104,-7990
675,CLNY,2020-11-13,0 days 15:59:06.169907,316194,3.99,3.98,5370,35560,-4296,104
676,CLNY,2020-11-13,0 days 15:59:16.169674,321790,3.99,3.98,6370,34461,9587,-4296
677,CLNY,2020-11-13,0 days 15:59:18.169160,317247,3.99,3.98,8908,36251,-3243,31957
678,CLNY,2020-11-13,0 days 15:59:46.170513,339083,4.0,3.99,28852,13029,8226,-3474
679,CLR,2020-11-13,0 days 15:59:03.169396,126327,13.98,13.97,3432,400,-888,1506
680,CLR,2020-11-13,0 days 15:59:05.169052,121515,13.98,13.97,3316,700,4812,-888
681,CLR,2020-11-13,0 days 15:59:23.168514,122748,13.97,13.96,1448,1506,-6355,2205
682,CLR,2020-11-13,0 days 15:59:24.168787,121103,13.97,13.96,2619,606,1645,-6355
683,CLR,2020-11-13,0 days 15:59:47.170753,124591,13.96,13.95,590,3605,-1769,291
684,CLR,2020-11-13,0 days 15:59:48.170194,123560,13.96,13.95,1090,2705,1031,-1769
685,CLR,2020-11-13,0 days 15:59:52.170265,124591,13.98,13.96,765,1200,-8863,2931
686,CLR,2020-11-13,0 days 15:59:55.170630,121660,13.96,13.95,900,200,2931,-7663
687,CMA,2020-11-13,0 days 15:55:28.102649,116174,50.42,50.41,1586,1390,-1517,625
688,CMA,2020-11-13,0 days 15:55:29.102537,115693,50.42,50.41,2386,480,481,-1517
689,CMA,2020-11-13,0 days 15:59:14.109460,135879,50.5,50.49,100,500,-1775,497
690,CMA,2020-11-13,0 days 15:59:15.109086,135243,50.51,50.49,629,563,636,-1775
691,CMA,2020-11-13,0 days 15:59:19.107950,135879,50.5,50.48,318,400,-100,525
692,CMA,2020-11-13,0 days 15:59:20.108925,135679,50.49,50.48,400,300,200,-100
693,CMA,2020-11-13,0 days 15:59:47.110156,136163,50.5,50.48,400,100,-1192,376
694,CMA,2020-11-13,0 days 15:59:48.110115,136143,50.49,50.47,200,1048,20,-1192
695,CNC,2020-11-13,0 days 15:55:34.267744,278411,69.07,69.05,597,485,-34696,15304
696,CNC,2020-11-13,0 days 15:55:35.267235,254307,69.04,69.02,697,400,24104,-34696
697,CNC,2020-11-13,0 days 15:58:20.270085,295457,69.19,69.18,180,100,-40199,8801
698,CNC,2020-11-13,0 days 15:58:40.270574,331356,69.11,69.09,300,100,8488,-29264
699,CNC,2020-11-13,0 days 15:58:41.270616,328544,69.11,69.1,300,100,-2364,8488
700,CNC,2020-11-13,0 days 15:59:06.274922,332581,69.18,69.13,200,350,7532,-1430
701,CNC,2020-11-13,0 days 15:59:16.265671,351776,69.14,69.09,200,100,-26160,32441
702,CNC,2020-11-13,0 days 15:59:17.264843,350636,69.12,69.09,200,100,15960,-26160
703,CNC,2020-11-13,0 days 15:59:18.264735,352455,69.12,69.09,200,100,-11981,15960
704,CNC,2020-11-13,0 days 15:59:19.264407,351236,69.12,69.09,200,100,1219,-11981
705,CNC,2020-11-13,0 days 15:59:37.265188,383532,69.09,69.05,300,400,-1167,3433
706,CNC,2020-11-13,0 days 15:59:46.268014,372906,69.09,69.06,100,200,11277,-1066
707,CNC,2020-11-13,0 days 15:59:47.266575,384283,69.08,69.06,100,100,-1996,11277
708,CNC,2020-11-13,0 days 15:59:48.266015,381779,69.05,69.03,100,100,2714,-1996
709,CNHI,2020-11-13,0 days 15:59:20.264562,108246,10.1,10.09,12119,34868,1040,-2038
710,CNHI,2020-11-13,0 days 15:59:46.267802,101524,10.1,10.09,28403,33928,-8350,1967
711,CNK,2020-11-13,0 days 15:55:43.102502,77667,13.57,13.56,8700,354,27,-5703
712,CNK,2020-11-13,0 days 15:55:48.103069,79918,13.57,13.56,9688,854,-16249,1151
713,CNK,2020-11-13,0 days 15:59:11.109629,102629,13.64,13.63,5662,1216,173170,-23244
714,CNP,2020-11-13,0 days 15:55:43.247029,214961,24.21,24.2,2221,8734,2887,-2507
715,CNP,2020-11-13,0 days 15:55:44.247230,211748,24.21,24.2,1118,8801,-1413,2887
716,CNP,2020-11-13,0 days 15:59:06.255202,253303,24.25,24.24,1800,6444,4880,-4622
717,CNP,2020-11-13,0 days 15:59:46.254791,290688,24.26,24.25,9496,4273,66487,-80004
718,CNP,2020-11-13,0 days 15:59:48.252975,290310,24.26,24.25,13832,500,-3877,756
719,CNQ,2020-11-13,0 days 15:58:47.291440,106571,20.06,20.05,14199,2111,-933,2967
720,CNQ,2020-11-13,0 days 15:58:48.292423,100504,20.06,20.05,14999,3111,6123,-933
721,CNQ,2020-11-13,0 days 15:59:28.292955,108202,20.06,20.05,6162,9813,-6280,3820
722,CNQ,2020-11-13,0 days 15:59:29.292851,104382,20.06,20.05,1762,13993,3820,-6280
723,CNQ,2020-11-13,0 days 15:59:46.293944,108202,20.08,20.07,15740,8084,-12781,1970
724,CNQ,2020-11-13,0 days 15:59:47.294863,96727,20.06,20.05,2732,15240,11475,-12781
725,CNX,2020-11-13,0 days 15:59:05.214363,186557,9.93,9.92,5206,6858,-8835,757
726,CNX,2020-11-13,0 days 15:59:07.214649,190892,9.93,9.92,7306,5074,1861,-4407
727,CNX,2020-11-13,0 days 15:59:17.214457,197573,9.92,9.91,4300,9591,-272,7981
728,CNX,2020-11-13,0 days 15:59:18.214141,196339,9.92,9.91,2900,10691,464,-272
729,COF,2020-11-13,0 days 15:59:05.214297,241872,86.82,86.78,100,600,-9668,12525
730,COF,2020-11-13,0 days 15:59:06.215387,239240,86.81,86.77,200,300,917,-9668
731,COF,2020-11-13,0 days 15:59:16.215303,241750,86.73,86.69,628,200,-30559,2728
732,COF,2020-11-13,0 days 15:59:17.214370,240709,86.7,86.67,100,100,1041,-30559
733,COF,2020-11-13,0 days 15:59:24.214057,241756,86.73,86.71,100,200,-764,1044
734,COF,2020-11-13,0 days 15:59:28.214506,240756,86.76,86.72,100,200,-729,3801
735,COF,2020-11-13,0 days 15:59:29.214533,242185,86.76,86.73,100,100,571,-729
736,COF,2020-11-13,0 days 15:59:31.215662,242756,86.76,86.73,100,100,-11681,571
737,COG,2020-11-13,0 days 15:55:00.160023,285804,17.58,17.57,4799,3094,-7916,55468
738,COG,2020-11-13,0 days 15:59:30.171702,345358,17.58,17.57,5547,4269,-8400,14500
739,COLD,2020-11-13,0 days 15:59:16.248261,129639,36.86,36.85,300,763,18351,-16526
740,COLD,2020-11-13,0 days 15:59:36.247135,130541,36.87,36.85,400,497,1961,-2739
741,COLD,2020-11-13,0 days 15:59:37.246652,126702,36.9,36.87,100,624,-8339,1961
742,COLD,2020-11-13,0 days 15:59:39.247490,132241,36.88,36.85,100,293,1561,-1239
743,COLD,2020-11-13,0 days 15:59:48.247660,132403,36.89,36.86,100,300,-938,1862
744,COP,2020-11-13,0 days 15:57:43.104694,572313,35.43,35.42,7906,4103,-2329,4071
745,COP,2020-11-13,0 days 15:57:44.105123,561542,35.43,35.42,5187,6603,10771,-2329
746,COP,2020-11-13,0 days 15:57:48.104664,572413,35.43,35.42,3760,7361,-4529,6871
747,COP,2020-11-13,0 days 15:57:49.104795,563042,35.43,35.42,4660,8066,9371,-4529
748,COP,2020-11-13,0 days 15:58:31.107573,572413,35.44,35.43,5547,13504,-190,3653
749,COP,2020-11-13,0 days 15:58:33.107190,571703,35.44,35.43,5399,14004,710,-190
750,COP,2020-11-13,0 days 15:58:52.107659,572413,35.44,35.43,3128,17824,-1290,10
751,COP,2020-11-13,0 days 15:58:53.107954,564003,35.44,35.43,3528,17524,8410,-1290
752,COP,2020-11-13,0 days 15:59:05.109041,573188,35.44,35.43,2886,6335,-38779,7144
753,COP,2020-11-13,0 days 15:59:06.110455,569127,35.44,35.43,2701,6252,4061,-38779
754,COP,2020-11-13,0 days 15:59:14.109684,576344,35.44,35.43,2700,6252,-584,2588
755,COP,2020-11-13,0 days 15:59:16.109171,575271,35.44,35.43,8752,512,2425,-29927
756,COP,2020-11-13,0 days 15:59:31.109472,577744,35.42,35.41,8087,2120,-25173,706
757,COP,2020-11-13,0 days 15:59:41.110315,593202,35.4,35.39,3581,3500,18706,-1350
758,COTY,2020-11-13,0 days 15:57:02.248082,216082,4.79,4.78,42700,63750,-11051,5949
759,COTY,2020-11-13,0 days 15:57:03.248804,210333,4.79,4.78,44100,61050,5749,-11051
760,COTY,2020-11-13,0 days 15:59:00.257719,215573,4.79,4.78,61137,52692,-310,2440
761,COTY,2020-11-13,0 days 15:59:05.253316,212046,4.79,4.78,80652,33792,3527,-6773
762,COTY,2020-11-13,0 days 15:59:06.255682,215609,4.79,4.78,77547,24652,-26682,3527
763,COTY,2020-11-13,0 days 15:59:07.253579,196791,4.79,4.78,79647,24652,18818,-26682
764,COTY,2020-11-13,0 days 15:59:26.248503,198251,4.79,4.78,82129,30546,17999,-15101
765,COTY,2020-11-13,0 days 15:59:36.248367,219450,4.79,4.78,89531,44663,-17801,21199
766,COTY,2020-11-13,0 days 15:59:37.248013,218251,4.79,4.78,91531,43964,1199,-17801
767,CPRI,2020-11-13,0 days 15:55:59.206741,140717,29.4,29.39,1292,1121,1557,-227
768,CPRI,2020-11-13,0 days 15:56:00.207115,140474,29.42,29.41,780,1287,-243,1557
769,CPRI,2020-11-13,0 days 15:57:16.208174,141817,29.4,29.39,600,2060,657,-1627
770,CPRI,2020-11-13,0 days 15:57:17.208497,141474,29.41,29.4,1521,215,-127,657
771,CPRI,2020-11-13,0 days 15:57:56.209578,152517,29.43,29.42,1062,4904,337,-1463
772,CPRI,2020-11-13,0 days 15:57:57.210442,151054,29.43,29.42,1462,4504,-1463,337
773,CPRI,2020-11-13,0 days 15:58:54.212227,160530,29.4,29.39,1000,500,5392,-1524
774,CPRI,2020-11-13,0 days 15:58:55.212181,156922,29.4,29.39,700,800,-3608,5392
775,CPRI,2020-11-13,0 days 15:59:14.213322,168303,29.4,29.39,800,1170,727,-453
776,CPRI,2020-11-13,0 days 15:59:17.213186,166230,29.4,29.39,910,1370,-1857,3943
777,CPRI,2020-11-13,0 days 15:59:44.214504,169483,29.4,29.39,106,1577,-1142,2158
778,CPRI,2020-11-13,0 days 15:59:46.215234,170625,29.39,29.38,511,500,6941,-942
779,CPRI,2020-11-13,0 days 15:59:50.219292,169715,29.4,29.39,100,1594,-610,890
780,CPRI,2020-11-13,0 days 15:59:52.214238,168025,29.38,29.36,100,600,1690,-610
781,CRK,2020-11-13,0 days 15:56:42.245135,47250,4.95,4.94,12211,5333,747,-1673
782,CRK,2020-11-13,0 days 15:56:43.245054,45197,4.95,4.94,12411,5687,-2053,747
783,CRK,2020-11-13,0 days 15:57:13.246265,45826,4.93,4.92,10894,1789,-1106,7494
784,CRK,2020-11-13,0 days 15:57:48.243131,46932,4.93,4.92,11068,4137,94,-1106
785,CRK,2020-11-13,0 days 15:57:49.242415,45926,4.93,4.92,9384,6837,-1006,94
786,CRK,2020-11-13,0 days 15:59:05.247836,62763,4.94,4.92,6124,9199,418,-1682
787,CRK,2020-11-13,0 days 15:59:21.246082,61743,4.93,4.92,4761,7749,-1520,2480
788,CRK,2020-11-13,0 days 15:59:56.250059,63263,4.92,4.91,8240,7407,1561,-3291
789,CRM,2020-11-13,0 days 15:55:00.244511,455267,249.54,249.45,626,201,-2037,63307
790,CRM,2020-11-13,0 days 15:55:43.247641,458274,249.48,249.4,600,300,184,-2616
791,CRM,2020-11-13,0 days 15:55:44.247696,454854,249.48,249.4,500,202,-4120,184
792,CRM,2020-11-13,0 days 15:57:03.251538,469280,249.1,249.04,370,303,215,-202
793,CRM,2020-11-13,0 days 15:57:04.249137,465478,249.15,249.08,700,300,-4017,215
794,CRM,2020-11-13,0 days 15:57:59.250419,472237,249.36,249.31,325,207,175,-1325
795,CRM,2020-11-13,0 days 15:58:00.252044,470912,249.36,249.3,483,203,-1500,175
796,CRM,2020-11-13,0 days 15:58:04.251416,472412,249.37,249.29,200,300,3000,-4300
797,CRM,2020-11-13,0 days 15:58:05.250921,471112,249.36,249.29,202,200,-4300,3000
798,CRM,2020-11-13,0 days 15:58:14.250513,479119,249.41,249.34,100,100,482,-1918
799,CRM,2020-11-13,0 days 15:58:15.251234,471961,249.48,249.36,400,300,-8445,482
800,CRM,2020-11-13,0 days 15:58:41.252248,476353,249.39,249.3,643,400,-1748,7752
801,CRM,2020-11-13,0 days 15:59:04.253871,479698,249.62,249.48,100,260,8553,-4063
802,CRM,2020-11-13,0 days 15:59:05.253442,477649,249.62,249.49,100,100,-2466,8553
803,CRM,2020-11-13,0 days 15:59:07.254750,479373,249.53,249.4,100,300,4069,-467
804,CRM,2020-11-13,0 days 15:59:08.253708,476442,249.53,249.4,100,400,-2931,4069
805,CRM,2020-11-13,0 days 15:59:09.253596,479380,249.53,249.41,100,200,897,-2931
806,CRM,2020-11-13,0 days 15:59:10.253534,476377,249.56,249.45,300,700,-3003,897
807,CRM,2020-11-13,0 days 15:59:14.254641,479477,249.56,249.48,511,369,1470,-303
808,CRM,2020-11-13,0 days 15:59:20.252851,480391,249.58,249.48,108,300,15676,-978
809,CRM,2020-11-13,0 days 15:59:23.252528,485718,249.64,249.51,100,100,-1196,6445
810,CRM,2020-11-13,0 days 15:59:24.252084,484926,249.62,249.46,401,100,10633,-1196
811,CRM,2020-11-13,0 days 15:59:29.252593,487399,249.65,249.57,400,322,3013,-6616
812,CRM,2020-11-13,0 days 15:59:39.253267,500312,249.5,249.42,283,400,-2670,4930
813,CRM,2020-11-13,0 days 15:59:44.254601,491460,249.7,249.57,300,299,152,-8648
814,CRM,2020-11-13,0 days 15:59:45.255924,489671,249.69,249.59,100,300,-3910,152
815,CRM,2020-11-13,0 days 15:59:46.255246,488993,249.63,249.49,400,545,3019,-3910
816,CTVA,2020-11-13,0 days 15:55:19.206779,236410,36.05,36.04,2468,1005,-2061,25339
817,CTVA,2020-11-13,0 days 15:55:24.206847,236671,36.04,36.03,1950,721,256,-561
818,CTVA,2020-11-13,0 days 15:55:37.207211,237824,36.03,36.02,2147,368,-10550,1035
819,CTVA,2020-11-13,0 days 15:55:56.207756,261232,36.03,36.02,2967,307,2562,-938
820,CTVA,2020-11-13,0 days 15:55:57.207476,259194,36.04,36.03,654,905,-2038,2562
821,CTVA,2020-11-13,0 days 15:57:28.209040,264036,36.04,36.03,250,302,489,-2009
822,CTVA,2020-11-13,0 days 15:57:29.209577,261825,36.04,36.03,350,402,-2211,489
823,CTVA,2020-11-13,0 days 15:57:39.209891,268436,36.04,36.03,300,841,1389,-2511
824,CTVA,2020-11-13,0 days 15:57:40.209652,265925,36.04,36.03,300,941,-2511,1389
825,CTVA,2020-11-13,0 days 15:58:17.212319,279920,36.07,36.06,532,864,505,-4095
826,CTVA,2020-11-13,0 days 15:58:18.212181,276325,36.07,36.06,732,896,-4100,505
827,CTVA,2020-11-13,0 days 15:59:01.214188,275015,36.08,36.06,400,1602,1663,-4124
828,CTVA,2020-11-13,0 days 15:59:02.213887,272741,36.09,36.08,106,710,-2375,1663
829,CTVA,2020-11-13,0 days 15:59:08.214571,272192,36.08,36.07,639,292,-2089,3004
830,CUK,2020-11-13,0 days 15:56:42.246894,22317,14.41,14.4,700,8176,-1984,436
831,CUK,2020-11-13,0 days 15:56:43.247028,21101,14.41,14.4,2902,8274,1216,-1984
832,CUK,2020-11-13,0 days 15:58:47.251736,26294,14.42,14.41,799,2734,-2326,1599
833,CUK,2020-11-13,0 days 15:58:48.251834,25520,14.42,14.41,799,2834,774,-2326
834,CUK,2020-11-13,0 days 15:59:20.247975,26659,14.38,14.37,600,2600,-443,166
835,CUK,2020-11-13,0 days 15:59:45.249806,26859,14.37,14.35,3100,5509,-1243,57
836,CVE,2020-11-13,0 days 15:59:15.249161,1151116,4.29,4.28,353479,167199,34813,-725887
837,CVE,2020-11-13,0 days 15:59:16.250138,1133729,4.29,4.28,352090,166299,-17387,34813
838,CVE,2020-11-13,0 days 15:59:25.247701,1151116,4.29,4.28,344990,167838,106571,-86929
839,CVE,2020-11-13,0 days 15:59:26.248739,1147087,4.29,4.28,343490,179338,-4029,106571
840,CVE,2020-11-13,0 days 15:59:45.249754,1151116,4.29,4.28,306811,147721,112314,-718
841,CVE,2020-11-13,0 days 15:59:46.249456,1159530,4.29,4.28,300440,178537,-29859,112314
842,CVNA,2020-11-13,0 days 15:55:01.161407,106904,212.21,211.95,232,453,-1035,9165
843,CVNA,2020-11-13,0 days 15:58:10.167639,119290,212.13,211.84,110,200,1349,-2419
844,CVNA,2020-11-13,0 days 15:58:11.167175,117339,212.13,211.84,110,100,-1951,1349
845,CVNA,2020-11-13,0 days 15:59:26.169114,116543,211.48,211.1,400,400,61,-1393
846,CVNA,2020-11-13,0 days 15:59:29.168776,114904,211.48,211.23,473,344,-1139,561
847,CVNA,2020-11-13,0 days 15:59:31.170028,116159,211.48,211.23,523,300,366,-1255
848,CVNA,2020-11-13,0 days 15:59:45.170717,116525,211.44,211.23,205,244,-2714,216
849,CVS,2020-11-13,0 days 15:55:44.268355,552220,70.97,70.96,1704,200,-11707,7015
850,CVS,2020-11-13,0 days 15:55:45.268297,547927,70.95,70.94,200,1003,4293,-11707
851,CVS,2020-11-13,0 days 15:57:01.269672,559175,70.96,70.95,1183,1300,-18757,2943
852,CVS,2020-11-13,0 days 15:57:02.269814,557232,70.95,70.93,4043,100,1943,-18757
853,CVS,2020-11-13,0 days 15:57:32.270101,561075,71.01,71.0,340,2005,-8054,1446
854,CVS,2020-11-13,0 days 15:57:33.267581,560029,71.01,71.0,944,1796,1046,-8054
855,CVS,2020-11-13,0 days 15:57:37.267926,561075,71.03,71.01,701,702,-5354,6746
856,CVS,2020-11-13,0 days 15:57:51.267249,566829,71.02,71.0,926,1200,4452,-448
857,CVS,2020-11-13,0 days 15:57:52.268280,566381,71.02,71.01,101,500,-248,4452
858,CVS,2020-11-13,0 days 15:57:53.268579,648529,71.04,71.03,1125,400,13932,-248
859,CVS,2020-11-13,0 days 15:58:35.270376,658362,71.05,71.04,840,600,7075,-3425
860,CVS,2020-11-13,0 days 15:58:37.270933,655668,71.06,71.05,111,1296,-2694,7075
861,CVS,2020-11-13,0 days 15:58:38.270754,649549,71.07,71.05,400,1197,6119,-2694
862,CVS,2020-11-13,0 days 15:59:02.285334,666735,71.1,71.09,690,400,-212,2487
863,CVS,2020-11-13,0 days 15:59:04.272435,668153,71.1,71.09,1490,100,1633,-840
864,CVS,2020-11-13,0 days 15:59:06.274885,664029,71.1,71.08,1490,801,-4324,5433
865,CVS,2020-11-13,0 days 15:59:07.273284,659353,71.1,71.09,1390,300,4676,-4324
866,CVS,2020-11-13,0 days 15:59:15.265510,672052,71.09,71.08,1099,200,-94760,12499
867,CVS,2020-11-13,0 days 15:59:16.265635,695959,71.04,71.02,600,800,388,-94760
868,CVS,2020-11-13,0 days 15:59:19.264375,696353,71.05,71.04,200,1200,-28537,373
869,CVS,2020-11-13,0 days 15:59:20.264727,713390,71.04,71.03,1000,400,7963,-28537
870,CVS,2020-11-13,0 days 15:59:21.264837,710653,71.04,71.03,1200,600,-2737,7963
871,CVS,2020-11-13,0 days 15:59:23.266004,713390,71.04,71.03,1700,500,4612,-1137
872,CVS,2020-11-13,0 days 15:59:24.266552,711202,71.04,71.03,600,991,-2188,4612
873,CVS,2020-11-13,0 days 15:59:45.269572,727584,71.05,71.04,1466,360,-9340,1671
874,CVS,2020-11-13,0 days 15:59:50.270797,721881,71.03,71.01,665,200,-3343,8857
875,CVX,2020-11-13,0 days 15:59:15.249187,1816834,83.03,83.02,810,400,-315092,665965
876,CX,2020-11-13,0 days 15:55:00.281545,149208,4.45,4.44,93911,26700,-10728,25338
877,CX,2020-11-13,0 days 15:57:11.287561,161218,4.45,4.44,118033,67835,6911,-1189
878,CX,2020-11-13,0 days 15:57:12.286554,152129,4.45,4.44,110515,68035,-9089,6911
879,CXO,2020-11-13,0 days 15:59:20.169238,348019,51.31,51.3,1400,1633,-8469,141323
880,CXO,2020-11-13,0 days 15:59:21.168972,341688,51.26,51.25,100,1300,6331,-8469
881,CXO,2020-11-13,0 days 15:59:22.168530,348019,51.27,51.26,725,1400,-869,6331
882,CXO,2020-11-13,0 days 15:59:24.168823,329606,51.22,51.21,1925,1220,18413,-21748
883,CXO,2020-11-13,0 days 15:59:48.170299,353816,51.27,51.24,900,100,424,-11376
884,CYH,2020-11-13,0 days 15:56:42.246868,77218,8.21,8.2,1508,2560,-553,1467
885,CYH,2020-11-13,0 days 15:56:43.247028,76571,8.21,8.2,3408,1360,647,-553
886,CYH,2020-11-13,0 days 15:57:31.248581,78790,8.21,8.2,893,1374,480,-2320
887,CYH,2020-11-13,0 days 15:58:07.250835,91170,8.22,8.21,2907,3386,-2607,302
888,CYH,2020-11-13,0 days 15:59:06.256014,95670,8.22,8.21,1495,3057,300,-1100
889,CYH,2020-11-13,0 days 15:59:10.253241,95450,8.22,8.21,1867,3229,-520,7280
890,D,2020-11-13,0 days 15:55:00.204417,298166,84.98,84.97,100,270,-7091,69284
891,D,2020-11-13,0 days 15:57:37.209500,336410,85.07,85.06,101,100,757,-2103
892,D,2020-11-13,0 days 15:57:38.209766,330967,85.12,85.09,1000,100,-5500,757
893,D,2020-11-13,0 days 15:57:51.210289,336467,85.11,85.08,301,1273,307,-193
894,D,2020-11-13,0 days 15:57:55.210577,333474,85.13,85.11,200,418,-2993,2407
895,D,2020-11-13,0 days 15:59:06.215406,332994,85.14,85.11,390,100,898,-4635
896,D,2020-11-13,0 days 15:59:14.214366,333904,85.14,85.12,400,735,-3053,620
897,D,2020-11-13,0 days 15:59:16.215343,353133,85.08,85.07,400,100,471,-19229
898,D,2020-11-13,0 days 15:59:17.214404,353304,85.11,85.08,400,100,-623,471
899,D,2020-11-13,0 days 15:59:33.215367,355661,85.03,85.01,588,300,1170,-630
900,D,2020-11-13,0 days 15:59:41.215225,356011,85.01,85.0,500,100,6340,-980
901,D,2020-11-13,0 days 15:59:42.215374,352851,85.02,85.0,300,598,-3160,6340
902,DAL,2020-11-13,0 days 15:57:04.268516,336940,36.54,36.53,3748,3451,5606,-7394
903,DAL,2020-11-13,0 days 15:57:05.268308,326546,36.54,36.53,4048,1951,-10394,5606
904,DAL,2020-11-13,0 days 15:59:26.269473,406259,36.51,36.5,5837,3616,217,-6995
905,DAL,2020-11-13,0 days 15:59:31.267823,398385,36.51,36.5,1944,3416,-7874,217
906,DAL,2020-11-13,0 days 15:59:45.269808,406259,36.5,36.49,1600,6456,6285,-1055
907,DAL,2020-11-13,0 days 15:59:46.268261,403444,36.5,36.49,1200,4042,-557,6285
908,DB,2020-11-13,0 days 15:59:36.265291,61707,10.74,10.73,73583,90190,15412,-18388
909,DB,2020-11-13,0 days 15:59:37.265271,60619,10.74,10.73,74140,92190,-1088,15412
910,DB,2020-11-13,0 days 15:59:46.268498,61707,10.74,10.73,72990,90429,1036,-1088
911,DB,2020-11-13,0 days 15:59:47.266740,60743,10.74,10.73,40940,79025,-964,1036
912,DD,2020-11-13,0 days 15:57:34.255864,248790,61.68,61.67,827,560,1569,-831
913,DD,2020-11-13,0 days 15:57:35.255620,242059,61.68,61.67,1001,1022,-6731,1569
914,DD,2020-11-13,0 days 15:57:43.255369,245359,61.74,61.72,100,701,-3431,1007
915,DD,2020-11-13,0 days 15:59:04.260844,253907,61.78,61.76,200,294,8915,-2935
916,DD,2020-11-13,0 days 15:59:05.260782,251022,61.78,61.76,300,400,-3211,8915
917,DDD,2020-11-13,0 days 15:59:04.259295,98027,7.2,7.19,20186,5993,-1516,3714
918,DDD,2020-11-13,0 days 15:59:05.259045,95343,7.2,7.19,20686,5993,2684,-1516
919,DDD,2020-11-13,0 days 15:59:32.260175,100527,7.2,7.19,36953,11903,-1883,2354
920,DDD,2020-11-13,0 days 15:59:33.260061,98210,7.2,7.19,41253,10403,2317,-1883
921,DFS,2020-11-13,0 days 15:56:04.245977,196710,76.53,76.52,400,519,-680,1413
922,DFS,2020-11-13,0 days 15:56:05.246250,191190,76.53,76.5,845,307,6450,-680
923,DFS,2020-11-13,0 days 15:58:18.251270,204425,76.64,76.6,100,400,-1168,3732
924,DFS,2020-11-13,0 days 15:58:19.251060,200493,76.63,76.6,100,473,3932,-1168
925,DFS,2020-11-13,0 days 15:58:24.251418,204425,76.68,76.63,500,494,-3568,3932
926,DFS,2020-11-13,0 days 15:58:25.251460,200493,76.65,76.63,302,262,3932,-3568
927,DFS,2020-11-13,0 days 15:59:09.253006,200874,76.66,76.63,200,200,-10595,2448
928,DFS,2020-11-13,0 days 15:59:10.253186,198659,76.65,76.63,100,600,2215,-10595
929,DFS,2020-11-13,0 days 15:59:16.249905,200911,76.67,76.63,112,400,-216,284
930,DFS,2020-11-13,0 days 15:59:27.247382,199484,76.63,76.6,349,700,2227,-1564
931,DFS,2020-11-13,0 days 15:59:37.248102,201711,76.62,76.59,760,506,-1439,527
932,DFS,2020-11-13,0 days 15:59:38.248167,198250,76.62,76.59,758,238,3461,-1439
933,DHI,2020-11-13,0 days 15:57:25.163375,313683,73.36,73.35,704,200,-1978,3222
934,DHI,2020-11-13,0 days 15:57:26.163417,310261,73.36,73.35,801,200,3122,-1978
935,DHI,2020-11-13,0 days 15:57:40.163981,313683,73.36,73.33,1781,300,-577,2223
936,DHI,2020-11-13,0 days 15:57:42.165855,312060,73.36,73.35,445,622,1323,-1577
937,DHI,2020-11-13,0 days 15:58:14.167006,308560,73.43,73.42,100,100,-3943,757
938,DHI,2020-11-13,0 days 15:58:15.166457,307803,73.43,73.41,100,300,757,-3943
939,DHI,2020-11-13,0 days 15:58:20.165947,308960,73.43,73.41,551,300,-1968,1032
940,DHI,2020-11-13,0 days 15:58:25.166849,308603,73.42,73.41,401,241,857,-1043
941,DHI,2020-11-13,0 days 15:59:06.169646,311658,73.38,73.36,100,200,-81,853
942,DHI,2020-11-13,0 days 15:59:15.170480,314149,73.36,73.34,100,105,-1744,727
943,DHI,2020-11-13,0 days 15:59:23.168268,314149,73.33,73.31,201,200,-31,241
944,DHI,2020-11-13,0 days 15:59:32.170435,314199,73.31,73.3,470,300,-1003,19
945,DHI,2020-11-13,0 days 15:59:40.170278,314049,73.29,73.27,100,700,-225,625
946,DHI,2020-11-13,0 days 15:59:41.169069,313974,73.28,73.27,101,600,75,-225
947,DHI,2020-11-13,0 days 15:59:50.173031,316353,73.28,73.24,200,137,3370,-3609
948,DHI,2020-11-13,0 days 15:59:52.169998,315749,73.29,73.24,100,300,-604,3370
949,DHI,2020-11-13,0 days 15:59:54.170923,316353,73.29,73.21,100,406,3370,-604
950,DHI,2020-11-13,0 days 15:59:57.172367,316249,73.31,73.21,400,300,-1609,3370
951,DHR,2020-11-13,0 days 15:58:46.211975,325611,234.92,234.82,100,100,-649,1051
952,DHR,2020-11-13,0 days 15:59:00.222970,325663,235.02,234.92,100,100,-631,1274
953,DHR,2020-11-13,0 days 15:59:03.214125,328994,235.04,234.89,100,659,4584,-540
954,DHR,2020-11-13,0 days 15:59:15.215334,335913,234.96,234.9,100,175,-3341,9344
955,DHR,2020-11-13,0 days 15:59:44.215714,343560,234.89,234.76,100,459,186,-6378
956,DHR,2020-11-13,0 days 15:59:46.216273,343946,234.95,234.8,100,500,-1470,86
957,DHT,2020-11-13,0 days 15:55:43.270029,65212,5.3,5.29,6316,12612,633,-1184
958,DHT,2020-11-13,0 days 15:55:44.268390,62445,5.3,5.29,6332,13112,-2767,633
959,DIS,2020-11-13,0 days 15:55:00.270097,667205,138.25,138.23,1532,1164,-67078,21602
960,DIS,2020-11-13,0 days 15:55:48.268526,744118,138.24,138.23,1214,280,4418,-36905
961,DIS,2020-11-13,0 days 15:55:49.271579,738636,138.28,138.27,1114,580,-6633,4418
962,DIS,2020-11-13,0 days 15:57:32.270190,766045,138.5,138.48,1750,411,1197,-6644
963,DIS,2020-11-13,0 days 15:57:33.267659,760365,138.56,138.54,1301,307,-11480,1197
964,DIS,2020-11-13,0 days 15:57:42.268024,773424,138.58,138.56,1400,1228,2352,-897
965,DIS,2020-11-13,0 days 15:57:43.267251,768176,138.6,138.59,200,877,-5317,2352
966,DIS,2020-11-13,0 days 15:58:40.270626,780886,138.63,138.61,400,200,1953,-6983
967,DIS,2020-11-13,0 days 15:58:41.270650,774739,138.64,138.61,204,400,-6147,1953
968,DIS,2020-11-13,0 days 15:59:04.272664,781334,138.68,138.66,889,374,7628,-7489
969,DIS,2020-11-13,0 days 15:59:08.274999,783587,138.64,138.62,200,300,-2795,5569
970,DIS,2020-11-13,0 days 15:59:09.275495,786731,138.65,138.6,100,200,979,-2795
971,DIS,2020-11-13,0 days 15:59:11.273224,787710,138.63,138.61,399,100,-388,979
972,DIS,2020-11-13,0 days 15:59:13.276967,788261,138.6,138.56,527,100,567,-551
973,DIS,2020-11-13,0 days 15:59:21.264977,786266,138.62,138.58,400,269,-2080,6420
974,DIS,2020-11-13,0 days 15:59:33.265130,788084,138.54,138.51,250,135,780,-1799
975,DIS,2020-11-13,0 days 15:59:34.265227,787064,138.56,138.53,150,100,-1020,780
976,DIS,2020-11-13,0 days 15:59:39.266215,781425,138.48,138.45,100,350,6886,-1020
977,DIS,2020-11-13,0 days 15:59:40.266116,779864,138.56,138.51,600,100,-8220,6886
978,DIS,2020-11-13,0 days 15:59:44.266768,784297,138.55,138.5,100,910,-5160,3754
979,DIS,2020-11-13,0 days 15:59:47.266720,795218,138.54,138.5,701,400,915,-721
980,DKS,2020-11-13,0 days 15:56:02.253226,87046,50.97,50.96,1742,1059,-1058,9242
981,DKS,2020-11-13,0 days 15:56:03.253088,83204,50.96,50.95,1003,800,3842,-1058
982,DKS,2020-11-13,0 days 15:59:04.260823,106071,50.98,50.96,673,308,-20041,7613
983,DKS,2020-11-13,0 days 15:59:05.260764,103543,50.96,50.93,805,400,2528,-20041
984,DKS,2020-11-13,0 days 15:59:40.262705,107594,50.92,50.91,623,100,-330,320
985,DKS,2020-11-13,0 days 15:59:41.261800,107924,50.9,50.88,300,300,370,-330
986,DKS,2020-11-13,0 days 15:59:44.262430,107594,50.92,50.89,223,515,-330,370
987,DKS,2020-11-13,0 days 15:59:46.263694,107448,50.91,50.89,100,325,146,-4554
988,DOC,2020-11-13,0 days 15:59:15.247937,602880,18.68,18.67,593,8887,8793,-10290
989,DOC,2020-11-13,0 days 15:59:16.248213,593773,18.69,18.68,3500,2002,-8697,8793
990,DOC,2020-11-13,0 days 15:59:20.246347,603076,18.7,18.69,3499,3900,71151,-8893
991,DOC,2020-11-13,0 days 15:59:21.246034,597927,18.71,18.7,2527,3541,-5149,71151
992,DOC,2020-11-13,0 days 15:59:28.246397,604751,18.69,18.68,1627,5860,7712,-2872
993,DOC,2020-11-13,0 days 15:59:29.246224,600763,18.69,18.68,700,7672,-3988,7712
994,DOC,2020-11-13,0 days 15:59:45.247984,624880,18.71,18.7,1895,4553,13967,-4030
995,DOC,2020-11-13,0 days 15:59:46.247979,622747,18.71,18.7,2695,5777,-4827,13967
996,DOC,2020-11-13,0 days 15:59:47.247848,627874,18.71,18.7,4790,1275,1469,-4827
997,DOC,2020-11-13,0 days 15:59:48.247660,625943,18.71,18.7,3490,3277,-4507,1469
998,DOW,2020-11-13,0 days 15:57:32.209929,314587,51.89,51.88,300,430,2074,-1026
999,DOW,2020-11-13,0 days 15:57:33.209521,310461,51.91,51.89,801,1100,-4126,2074
1000,DOW,2020-11-13,0 days 15:57:35.209705,314587,51.89,51.88,1800,712,1574,-2026
1001,DOW,2020-11-13,0 days 15:57:36.209333,312861,51.89,51.88,1700,1000,-1726,1574
1002,DOW,2020-11-13,0 days 15:57:41.209944,314587,51.89,51.88,1702,1688,74,-926
1003,DOW,2020-11-13,0 days 15:57:43.210045,311461,51.9,51.89,300,1600,-3126,1774
1004,DOW,2020-11-13,0 days 15:58:22.211632,316019,51.92,51.91,1606,737,892,-4208
1005,DOW,2020-11-13,0 days 15:58:23.213222,312811,51.91,51.9,554,911,-3208,892
1006,DOW,2020-11-13,0 days 15:58:26.212490,316019,51.91,51.9,592,905,492,-1508
1007,DOW,2020-11-13,0 days 15:58:27.212767,314111,51.91,51.9,592,905,-1908,492
1008,DOW,2020-11-13,0 days 15:59:09.214358,324871,51.96,51.95,500,300,24866,-6063
1009,DOW,2020-11-13,0 days 15:59:10.214065,322337,51.99,51.96,100,300,-2534,24866
1010,DOW,2020-11-13,0 days 15:59:19.214207,335788,51.97,51.94,100,502,245,-1799
1011,DOW,2020-11-13,0 days 15:59:21.213954,334686,51.97,51.94,200,500,-1102,13198
1012,DOW,2020-11-13,0 days 15:59:23.214352,335788,51.96,51.94,300,501,698,-1002
1013,DOW,2020-11-13,0 days 15:59:24.214057,334786,51.95,51.94,486,201,-1002,698
1014,DOW,2020-11-13,0 days 15:59:31.215636,335788,51.94,51.92,100,500,12937,-842
1015,DRH,2020-11-13,0 days 15:55:43.252043,389200,6.66,6.65,10609,5873,-1808,892
1016,DRH,2020-11-13,0 days 15:57:49.255909,452208,6.67,6.66,3864,18951,15600,-1400
1017,DRH,2020-11-13,0 days 15:59:16.262010,471622,6.68,6.67,8160,20432,-247,9603
1018,DRH,2020-11-13,0 days 15:59:19.259756,472469,6.68,6.67,8779,18632,500,-217
1019,DT,2020-11-13,0 days 15:55:00.102431,94951,35.12,35.1,105,200,15130,-15738
1020,DT,2020-11-13,0 days 15:55:39.102761,96381,35.13,35.08,100,108,-2884,622
1021,DT,2020-11-13,0 days 15:58:59.109760,128723,35.16,35.07,500,100,1706,-624
1022,DT,2020-11-13,0 days 15:59:00.111061,126529,35.16,35.05,1900,1600,-2194,1706
1023,DT,2020-11-13,0 days 15:59:10.109450,128749,35.14,35.1,100,319,66996,-433
1024,DUK,2020-11-13,0 days 15:59:16.109214,394664,95.02,94.99,100,400,-66118,22589
1025,DVN,2020-11-13,0 days 15:59:05.214581,611199,11.76,11.75,10818,24381,-11220,33609
1026,DVN,2020-11-13,0 days 15:59:06.215761,598087,11.76,11.75,18369,15981,13112,-11220
1027,DXC,2020-11-13,0 days 15:59:48.262005,177980,20.51,20.5,884,1493,103,-97
1028,DXC,2020-11-13,0 days 15:59:51.264945,178083,20.51,20.5,400,2338,-2697,103
1029,EAT,2020-11-13,0 days 15:55:29.283936,31264,47.37,47.34,1354,301,-1368,528
1030,EAT,2020-11-13,0 days 15:55:30.284338,30832,47.37,47.34,1354,414,432,-1368
1031,EAT,2020-11-13,0 days 15:55:43.283911,31488,47.25,47.13,336,300,-3994,232
1032,EAT,2020-11-13,0 days 15:56:50.286640,38582,47.31,47.29,159,323,66,-172
1033,EAT,2020-11-13,0 days 15:56:51.286236,38148,47.31,47.29,159,287,-434,66
1034,EAT,2020-11-13,0 days 15:57:29.287492,38782,47.36,47.3,100,201,138,-662
1035,EAT,2020-11-13,0 days 15:57:30.287477,38378,47.34,47.3,100,201,-404,138
1036,EAT,2020-11-13,0 days 15:58:32.290964,41267,47.33,47.3,100,100,542,-458
1037,EAT,2020-11-13,0 days 15:58:33.290617,40709,47.34,47.29,100,356,-558,542
1038,EAT,2020-11-13,0 days 15:59:15.295217,41767,47.33,47.3,100,3200,2245,-176
1039,EAT,2020-11-13,0 days 15:59:16.293951,41212,47.35,47.3,100,3900,-55,2245
1040,EAT,2020-11-13,0 days 15:59:19.292780,41267,47.39,47.3,100,3900,700,-55
1041,EAT,2020-11-13,0 days 15:59:20.292705,40867,47.34,47.3,100,3900,-400,700
1042,ED,2020-11-13,0 days 15:55:44.161995,164496,81.51,81.5,107,198,-2363,2141
1043,ED,2020-11-13,0 days 15:55:45.162401,162838,81.51,81.49,600,239,1658,-2363
1044,ED,2020-11-13,0 days 15:59:17.169162,173863,81.62,81.58,207,100,-409,3100
1045,ED,2020-11-13,0 days 15:59:19.168858,172656,81.62,81.58,100,400,1207,-409
1046,ED,2020-11-13,0 days 15:59:58.171754,173851,81.66,81.62,208,100,151,-1249
1047,EFX,2020-11-13,0 days 15:55:00.241556,51204,164.92,164.88,776,1769,-15553,678
1048,EFX,2020-11-13,0 days 15:58:37.247292,61400,165.15,165.05,200,179,-74186,42229
1049,EFX,2020-11-13,0 days 15:58:40.246455,78686,165.13,165.05,100,100,17714,-15786
1050,EFX,2020-11-13,0 days 15:59:43.246837,79430,165.12,164.98,600,300,-58521,65777
1051,EFX,2020-11-13,0 days 15:59:57.247498,113677,165.1,164.87,351,100,88220,-41125
1052,EFX,2020-11-13,0 days 16:00:00.247046,82252,165.19,164.83,100,840,-41425,88220
1053,ELAN,2020-11-13,0 days 15:59:39.293758,205751,30.11,30.1,700,300,-703,3527
1054,ELAN,2020-11-13,0 days 15:59:50.297106,187452,30.14,30.11,400,114,18299,-1456
1055,ELAN,2020-11-13,0 days 16:00:00.287883,205688,30.52,30.04,100,800,-2727,767
1056,EMR,2020-11-13,0 days 15:55:00.249676,198966,75.83,75.82,313,134,-23151,26646
1057,EMR,2020-11-13,0 days 15:56:13.253525,241474,75.76,75.75,500,643,10078,-1822
1058,EMR,2020-11-13,0 days 15:56:14.252906,240052,75.78,75.77,401,300,-1422,10078
1059,EMR,2020-11-13,0 days 15:58:07.257436,253093,75.85,75.81,1600,200,911,-3089
1060,EMR,2020-11-13,0 days 15:58:08.258148,250304,75.84,75.82,200,241,-2789,911
1061,EMR,2020-11-13,0 days 15:59:20.260471,260566,75.83,75.79,445,200,4676,-484
1062,EMR,2020-11-13,0 days 15:59:21.260201,258842,75.84,75.82,100,300,-1824,4676
1063,EMR,2020-11-13,0 days 15:59:46.263216,264821,75.85,75.83,100,200,4205,-354
1064,EMR,2020-11-13,0 days 15:59:54.261225,260721,75.84,75.81,300,200,1979,-2321
1065,ENB,2020-11-13,0 days 15:59:23.108420,674407,28.5,28.49,11090,9100,20217,-2183
1066,ENB,2020-11-13,0 days 15:59:24.108709,638875,28.51,28.5,11350,15183,-37032,20217
1067,ENB,2020-11-13,0 days 15:59:40.110118,677497,28.49,28.48,1500,19702,1468,-707
1068,ENB,2020-11-13,0 days 15:59:43.110129,678965,28.49,28.48,4800,8852,-3036,1468
1069,ENB,2020-11-13,0 days 15:59:48.110474,687430,28.47,28.46,9890,2600,-3627,2300
1070,ENLC,2020-11-13,0 days 15:59:36.265104,60380,3.05,3.04,13134,14809,-3808,4592
1071,ENLC,2020-11-13,0 days 15:59:37.265082,60088,3.05,3.04,13512,13309,292,-3808
1072,EOG,2020-11-13,0 days 15:59:16.109091,645903,42.84,42.83,1160,1058,-173649,95821
1073,EOG,2020-11-13,0 days 15:59:25.108816,684465,42.73,42.72,1400,800,7046,-1315
1074,EOG,2020-11-13,0 days 15:59:26.109170,680611,42.73,42.72,500,835,-3854,7046
1075,EOG,2020-11-13,0 days 15:59:37.109290,697122,42.72,42.71,400,1105,996,-1404
1076,EPC,2020-11-13,0 days 15:56:42.246764,35648,35.34,35.31,100,200,-603,912
1077,EPC,2020-11-13,0 days 15:56:43.246807,34651,35.33,35.31,100,100,997,-603
1078,EPC,2020-11-13,0 days 15:59:05.253378,37119,35.34,35.31,222,251,-646,789
1079,EPC,2020-11-13,0 days 15:59:06.255770,36765,35.34,35.31,222,251,901,-646
1080,EPC,2020-11-13,0 days 15:59:15.248971,37787,35.34,35.32,110,107,-329,128
1081,EPC,2020-11-13,0 days 15:59:16.249740,37616,35.33,35.29,327,100,171,-329
1082,EPC,2020-11-13,0 days 15:59:28.247626,37792,35.39,35.3,300,200,-624,276
1083,EPC,2020-11-13,0 days 15:59:30.251206,36916,35.39,35.3,590,200,105,-624
1084,EPC,2020-11-13,0 days 15:59:36.248442,37061,35.39,35.28,390,300,60,-40
1085,EPC,2020-11-13,0 days 15:59:46.249130,37921,35.48,35.28,300,300,-304,60
1086,EPD,2020-11-13,0 days 15:55:53.244280,152852,18.48,18.47,10560,6446,-942,3558
1087,EPD,2020-11-13,0 days 15:55:54.244012,147394,18.48,18.47,10560,6446,5458,-942
1088,EPD,2020-11-13,0 days 15:59:02.246034,152852,18.5,18.49,2006,8597,-770,2032
1089,EPD,2020-11-13,0 days 15:59:06.249079,154025,18.51,18.5,7143,11997,-1890,577
1090,EPD,2020-11-13,0 days 15:59:07.247389,150415,18.51,18.5,11943,3697,3610,-1890
1091,EPD,2020-11-13,0 days 15:59:45.247810,151859,18.53,18.52,4803,12500,2166,-2434
1092,EPD,2020-11-13,0 days 15:59:46.247686,154025,18.53,18.52,2503,13600,-1560,2166
1093,EPD,2020-11-13,0 days 15:59:48.247463,151985,18.53,18.52,11503,4100,2040,-1560
1094,EQH,2020-11-13,0 days 15:55:04.263324,137771,24.64,24.63,903,252,-9249,30669
1095,EQH,2020-11-13,0 days 15:55:05.262876,135320,24.63,24.62,500,866,2451,-9249
1096,EQH,2020-11-13,0 days 15:55:35.267235,138080,24.63,24.61,1473,1690,-1722,2078
1097,EQH,2020-11-13,0 days 15:55:36.274326,136302,24.61,24.6,1642,727,1778,-1722
1098,EQH,2020-11-13,0 days 15:55:43.269995,138937,24.62,24.61,577,100,-5445,1224
1099,EQH,2020-11-13,0 days 15:57:08.269676,145382,24.62,24.61,300,600,1467,-233
1100,EQH,2020-11-13,0 days 15:57:09.269088,145149,24.62,24.61,1700,100,-233,1467
1101,EQH,2020-11-13,0 days 15:57:11.269722,145382,24.62,24.61,1300,100,167,-233
1102,EQH,2020-11-13,0 days 15:57:34.269573,145649,24.63,24.62,1506,803,-733,267
1103,EQH,2020-11-13,0 days 15:57:51.267207,149782,24.65,24.64,1600,192,467,-433
1104,EQH,2020-11-13,0 days 15:57:52.268300,149349,24.65,24.64,1291,292,-433,467
1105,EQH,2020-11-13,0 days 15:59:02.285334,149021,24.64,24.63,1652,200,30398,-2750
1106,EQH,2020-11-13,0 days 15:59:03.272754,148502,24.65,24.63,1976,870,-519,30398
1107,EQH,2020-11-13,0 days 15:59:31.267716,177273,24.62,24.61,2738,500,-1206,1394
1108,EQNR,2020-11-13,0 days 15:57:57.250465,33350,14.56,14.55,37544,9750,-17923,12477
1109,EQNR,2020-11-13,0 days 15:57:58.250247,20873,14.56,14.55,37744,9500,12477,-17923
1110,EQNR,2020-11-13,0 days 15:59:01.253762,35102,14.55,14.54,12489,38666,-10971,14129
1111,EQNR,2020-11-13,0 days 15:59:02.253713,33973,14.55,14.54,16977,38569,1129,-10971
1112,EQNR,2020-11-13,0 days 15:59:05.253656,35102,14.55,14.54,19282,38805,-1256,329
1113,EQNR,2020-11-13,0 days 15:59:06.256047,34158,14.55,14.54,20301,39524,944,-1256
1114,EQNR,2020-11-13,0 days 15:59:46.255566,35102,14.55,14.54,17237,41936,-623,638
1115,EQNR,2020-11-13,0 days 15:59:47.254853,34525,14.55,14.54,14537,41036,577,-623
1116,EQR,2020-11-13,0 days 15:55:01.249960,211998,60.26,60.25,422,485,-1643,3257
1117,EQR,2020-11-13,0 days 15:57:34.255824,221001,60.35,60.33,500,1123,1434,-1666
1118,EQR,2020-11-13,0 days 15:57:35.255604,219635,60.35,60.34,300,300,-1366,1434
1119,EQR,2020-11-13,0 days 15:58:06.257614,228597,60.39,60.37,800,300,901,-2228
1120,EQR,2020-11-13,0 days 15:58:07.257583,222998,60.39,60.37,500,501,-5599,901
1121,EQR,2020-11-13,0 days 15:59:10.260513,234585,60.34,60.33,2146,812,-1924,5291
1122,EQR,2020-11-13,0 days 15:59:13.260846,236609,60.31,60.3,832,200,549,-1935
1123,EQR,2020-11-13,0 days 15:59:14.261310,234977,60.31,60.29,898,462,-1715,549
1124,EQR,2020-11-13,0 days 15:59:18.260285,236534,60.28,60.24,528,600,890,-210
1125,EQR,2020-11-13,0 days 15:59:19.259854,235024,60.28,60.25,412,700,-1510,890
1126,EQR,2020-11-13,0 days 15:59:25.260399,236534,60.27,60.26,300,315,998,-1182
1127,EQR,2020-11-13,0 days 15:59:26.260904,235232,60.27,60.25,300,300,-1302,998
1128,EQR,2020-11-13,0 days 15:59:46.263550,236711,60.23,60.2,300,1000,-6905,377
1129,EQR,2020-11-13,0 days 15:59:57.263183,242416,60.18,60.14,1000,400,1095,-305
1130,EQT,2020-11-13,0 days 15:55:17.265231,220930,15.21,15.2,5109,2417,-181,7969
1131,EQT,2020-11-13,0 days 15:55:23.266288,214481,15.2,15.19,3648,4264,6449,-281
1132,EQT,2020-11-13,0 days 15:55:29.267369,240930,15.2,15.19,3700,2644,-5851,8249
1133,EQT,2020-11-13,0 days 15:55:30.269710,233981,15.2,15.19,4250,2144,6949,-5851
1134,EQT,2020-11-13,0 days 15:55:39.275928,243130,15.19,15.18,2900,4116,-294,1806
1135,EQT,2020-11-13,0 days 15:58:45.270069,249709,15.23,15.22,5666,1329,3130,-3970
1136,ERJ,2020-11-13,0 days 15:55:00.204644,14121,5.48,5.47,9093,6350,-896,11977
1137,ERJ,2020-11-13,0 days 15:55:01.206349,5817,5.48,5.47,9993,6950,8304,-896
1138,ERJ,2020-11-13,0 days 15:59:17.214509,14560,5.47,5.46,19158,7300,-17236,1239
1139,ESRT,2020-11-13,0 days 15:55:00.101812,84580,7.68,7.67,7008,6300,4910,-12943
1140,ESRT,2020-11-13,0 days 15:58:00.106436,95145,7.72,7.71,8900,8000,3171,-829
1141,ESRT,2020-11-13,0 days 15:59:31.109255,103443,7.72,7.71,10131,5877,-241,1859
1142,ESRT,2020-11-13,0 days 15:59:36.109480,103062,7.71,7.7,21214,6532,381,-241
1143,ET,2020-11-13,0 days 15:59:46.247292,274896,5.36,5.35,28065,71227,-263,6177
1144,ET,2020-11-13,0 days 15:59:48.246673,269059,5.36,5.35,46152,32200,5837,-263
1145,ETRN,2020-11-13,0 days 15:55:39.161294,253387,7.03,7.02,13973,6654,-295,9805
1146,ETRN,2020-11-13,0 days 15:55:42.160867,253682,7.03,7.02,14463,6454,1005,-295
1147,ETRN,2020-11-13,0 days 15:56:42.162367,255436,7.03,7.02,8491,6777,-1127,1293
1148,ETRN,2020-11-13,0 days 15:57:11.163453,256563,7.03,7.02,9344,6239,7182,-218
1149,EVRG,2020-11-13,0 days 15:58:01.259189,117518,57.22,57.19,100,202,16748,-1834
1150,EVRG,2020-11-13,0 days 15:58:03.257260,115566,57.22,57.2,141,101,-1152,1348
1151,EVRG,2020-11-13,0 days 15:58:05.257109,116118,57.21,57.16,155,1106,48,-552
1152,EVRG,2020-11-13,0 days 15:58:07.257650,115566,57.22,57.17,324,220,-1152,148
1153,EVRG,2020-11-13,0 days 15:58:14.257655,113318,57.18,57.15,100,100,148,-352
1154,EVRG,2020-11-13,0 days 15:58:50.259818,115117,57.19,57.15,200,142,1349,-1051
1155,EVRG,2020-11-13,0 days 15:58:51.258651,115115,57.2,57.16,300,100,-2402,1349
1156,EVRG,2020-11-13,0 days 15:59:01.261276,118688,57.21,57.19,100,192,32,-1930
1157,EVRG,2020-11-13,0 days 15:59:17.260625,118967,57.15,57.11,432,463,-410,790
1158,EVRG,2020-11-13,0 days 15:59:20.260751,118777,57.15,57.1,229,100,190,-10
1159,EVRG,2020-11-13,0 days 15:59:45.264485,119172,57.16,57.11,304,400,-352,748
1160,EVRG,2020-11-13,0 days 15:59:46.263749,119324,57.16,57.11,304,400,1868,-352
1161,EW,2020-11-13,0 days 15:55:00.282236,219134,81.83,81.81,400,716,-1606,62140
1162,EW,2020-11-13,0 days 15:55:22.283841,223051,81.83,81.82,100,1340,39,-3081
1163,EW,2020-11-13,0 days 15:55:23.283924,223090,81.83,81.82,100,1740,-11,39
1164,EW,2020-11-13,0 days 15:56:08.284779,225894,81.83,81.81,1240,200,23,-1173
1165,EW,2020-11-13,0 days 15:56:15.285178,222522,81.81,81.8,320,211,-3372,23
1166,EW,2020-11-13,0 days 15:58:48.292399,280663,81.9,81.88,305,100,7047,-5453
1167,EW,2020-11-13,0 days 15:58:49.290967,270910,81.95,81.89,332,370,-9753,7047
1168,EW,2020-11-13,0 days 15:59:23.292348,292570,81.87,81.83,100,100,16943,-3157
1169,EW,2020-11-13,0 days 15:59:37.293827,286436,81.86,81.83,374,100,3660,-2848
1170,EW,2020-11-13,0 days 15:59:38.293808,284996,81.86,81.82,374,100,-1140,3660
1171,EW,2020-11-13,0 days 15:59:47.294849,296070,81.86,81.82,616,272,4234,-14366
1172,EW,2020-11-13,0 days 15:59:48.293784,295004,81.86,81.81,616,400,-1550,4234
1173,EXPR,2020-11-13,0 days 15:53:31.099112,11197,0.77,0.76,1626,15373,-7862,370
1174,EXPR,2020-11-13,0 days 15:54:05.099721,10827,0.77,0.76,10314,15473,370,-7862
1175,EXPR,2020-11-13,0 days 15:56:27.103904,10985,0.76,0.75,732,63933,878,-8907
1176,EXPR,2020-11-13,0 days 15:57:45.105595,12200,0.76,0.75,634,63733,-8570,878
1177,EXPR,2020-11-13,0 days 15:59:27.108555,12065,0.76,0.75,300,63833,1156,-8893
1178,F,2020-11-13,0 days 15:59:16.169902,1298305,8.55,8.54,258199,438487,-11104,8071
1179,F,2020-11-13,0 days 15:59:46.170800,1332112,8.55,8.54,318131,210680,-81002,4468
1180,FBP,2020-11-13,0 days 15:55:43.283853,199946,8.0,7.99,3800,5830,2469,-7097
1181,FBP,2020-11-13,0 days 15:55:44.284051,193515,8.0,7.99,3615,5730,-6431,2469
1182,FCX,2020-11-13,0 days 15:59:15.262608,505809,20.16,20.15,29180,1831,-9474,11380
1183,FE,2020-11-13,0 days 15:55:13.205970,201552,29.51,29.5,800,4072,-497,43803
1184,FE,2020-11-13,0 days 15:55:58.208271,224180,29.49,29.48,3954,900,2624,-576
1185,FE,2020-11-13,0 days 15:55:59.207734,223504,29.49,29.48,3823,522,-676,2624
1186,FE,2020-11-13,0 days 15:57:33.209568,231330,29.51,29.5,2815,5724,2168,-532
1187,FE,2020-11-13,0 days 15:57:34.210116,230498,29.51,29.5,3044,5624,-832,2168
1188,FE,2020-11-13,0 days 15:57:35.209773,231330,29.51,29.5,3044,5824,1368,-832
1189,FE,2020-11-13,0 days 15:57:36.209417,230798,29.51,29.5,3144,5724,-532,1368
1190,FE,2020-11-13,0 days 15:57:38.209787,231330,29.51,29.5,3763,4909,2068,-1732
1191,FE,2020-11-13,0 days 15:59:17.214404,284021,29.53,29.52,3186,300,-29607,28271
1192,FE,2020-11-13,0 days 15:59:18.214096,282327,29.52,29.51,1401,800,1694,-29607
1193,FE,2020-11-13,0 days 15:59:19.214262,284021,29.52,29.51,1129,900,-1106,1694
1194,FE,2020-11-13,0 days 15:59:20.214286,282827,29.52,29.51,1329,800,1194,-1106
1195,FE,2020-11-13,0 days 15:59:40.215992,287626,29.51,29.5,700,3100,-101,2099
1196,FE,2020-11-13,0 days 15:59:46.216411,289122,29.52,29.51,1429,3129,-924,1099
1197,FHN,2020-11-13,0 days 15:59:02.260507,380610,11.79,11.78,13899,18853,-4172,12228
1198,FHN,2020-11-13,0 days 15:59:03.259766,372382,11.79,11.78,7450,20753,8228,-4172
1199,FHN,2020-11-13,0 days 15:59:07.260476,380340,11.8,11.79,22345,12401,-25269,1407
1200,FHN,2020-11-13,0 days 15:59:08.260528,377109,11.8,11.79,22846,11651,1431,-25269
1201,FHN,2020-11-13,0 days 15:59:24.260609,378980,11.8,11.79,21652,13487,-1455,1415
1202,FHN,2020-11-13,0 days 15:59:28.260518,380439,11.8,11.79,23247,11135,5233,-1459
1203,FHN,2020-11-13,0 days 15:59:46.263366,387772,11.8,11.79,18123,13301,-8139,4215
1204,FIS,2020-11-13,0 days 15:55:00.101942,253141,144.94,144.88,100,300,-13379,32987
1205,FIS,2020-11-13,0 days 15:59:24.108548,305659,144.86,144.81,100,100,3836,-3164
1206,FIS,2020-11-13,0 days 15:59:25.108684,300595,144.97,144.82,200,232,-12364,3836
1207,FIS,2020-11-13,0 days 15:59:31.109293,313096,144.91,144.82,765,1066,807,-5301
1208,FIS,2020-11-13,0 days 15:59:48.110195,261486,144.85,144.77,400,1100,-47131,1669
1209,FIS,2020-11-13,0 days 15:59:49.110085,308617,144.83,144.77,895,200,10069,-47131
1210,FIS,2020-11-13,0 days 15:59:50.112222,292186,144.82,144.75,450,100,-16431,10069
1211,FIT,2020-11-13,0 days 15:59:13.169553,126987,7.16,7.15,89441,38081,11378,-15622
1212,FIT,2020-11-13,0 days 15:59:14.169819,125365,7.16,7.15,88716,38581,-1622,11378
1213,FIT,2020-11-13,0 days 15:59:36.169760,126987,7.16,7.15,90858,21362,8786,-10514
1214,FIT,2020-11-13,0 days 15:59:37.169411,126373,7.16,7.15,90858,20762,-614,8786
1215,FNB,2020-11-13,0 days 15:55:25.245450,180700,8.55,8.54,18224,14400,-4794,3732
1216,FNB,2020-11-13,0 days 15:55:26.245456,176494,8.55,8.54,19189,13700,2165,-4794
1217,FNB,2020-11-13,0 days 15:59:06.249210,185567,8.57,8.56,3531,30143,-1037,1363
1218,FNB,2020-11-13,0 days 15:59:32.247085,183140,8.57,8.56,6960,22071,2609,-968
1219,FNB,2020-11-13,0 days 15:59:40.247385,185849,8.57,8.56,5742,32371,-791,2709
1220,FNB,2020-11-13,0 days 15:59:47.247783,184512,8.57,8.56,12318,33214,1337,-6763
1221,FRC,2020-11-13,0 days 15:58:03.106988,115177,133.94,133.89,100,101,-178,3837
1222,FRC,2020-11-13,0 days 15:58:04.106093,113671,133.91,133.84,200,300,1506,-178
1223,FRC,2020-11-13,0 days 15:59:14.109413,119888,133.9,133.83,100,200,-402,798
1224,FRC,2020-11-13,0 days 15:59:16.108833,117943,133.81,133.71,465,100,2792,-1555
1225,FRC,2020-11-13,0 days 15:59:20.108873,120784,133.8,133.72,365,400,-6463,841
1226,FRC,2020-11-13,0 days 15:59:21.108709,119647,133.78,133.72,561,400,1137,-6463
1227,FRC,2020-11-13,0 days 15:59:47.110097,128240,133.92,133.84,300,100,-2405,3484
1228,FRC,2020-11-13,0 days 15:59:48.110068,128082,133.88,133.79,121,800,158,-2405
1229,FSLY,2020-11-13,0 days 15:55:43.283770,380818,78.12,78.1,393,216,-539,39001
1230,FSLY,2020-11-13,0 days 15:55:44.283927,375157,78.12,78.1,393,216,5661,-539
1231,FSLY,2020-11-13,0 days 15:57:05.286555,406071,77.85,77.8,621,100,-27544,8756
1232,FSLY,2020-11-13,0 days 15:57:06.286591,401315,77.85,77.78,721,100,4756,-27544
1233,FSLY,2020-11-13,0 days 15:57:48.288072,408722,77.68,77.63,807,100,-15030,7070
1234,FSLY,2020-11-13,0 days 15:57:50.287843,382552,77.66,77.63,200,100,26170,-4130
1235,FSLY,2020-11-13,0 days 15:59:01.293012,378784,77.64,77.6,100,100,-30215,4485
1236,FSLY,2020-11-13,0 days 15:59:02.292245,376199,77.68,77.6,150,100,2685,-30215
1237,FSLY,2020-11-13,0 days 15:59:27.292805,407395,77.75,77.7,1200,700,-23182,620
1238,FSLY,2020-11-13,0 days 15:59:28.292789,384714,77.69,77.68,100,400,24720,-23182
