,Symbol,Timestamp,TIME,iPaired,Ask_P,Bid_P,Ask_S,Bid_S,iShares,PreviShares
0,AA,2020-10-08,0 days 15:55:43.238102,111061,12.72,12.71,9969,7836,2519,-296
1,AA,2020-10-08,0 days 15:55:44.237588,106880,12.72,12.71,9961,7836,-4181,2519
2,AA,2020-10-08,0 days 15:57:13.240268,112579,12.72,12.71,17631,4634,1042,-2809
3,AA,2020-10-08,0 days 15:58:50.242495,111621,12.73,12.72,10616,2839,-463,1678
4,AA,2020-10-08,0 days 15:58:52.241492,109984,12.72,12.71,11464,1983,1637,-463
5,ABBV,2020-10-08,0 days 15:57:02.267412,498465,87.26,87.25,1370,3959,16713,-5287
6,ABBV,2020-10-08,0 days 15:57:03.266867,491591,87.26,87.25,300,4779,-6874,16713
7,ABBV,2020-10-08,0 days 15:57:12.267047,498465,87.26,87.25,200,4221,8951,-6349
8,ABBV,2020-10-08,0 days 15:57:35.265715,499975,87.28,87.27,679,1110,1626,-1764
9,ABBV,2020-10-08,0 days 15:57:49.265902,499665,87.26,87.25,141,2069,1136,-5364
10,ABBV,2020-10-08,0 days 15:57:50.266162,498101,87.26,87.25,241,3069,-1564,1136
11,ABBV,2020-10-08,0 days 15:57:55.266506,499665,87.26,87.25,656,1176,2736,-2264
12,ABBV,2020-10-08,0 days 15:57:56.266154,498001,87.27,87.25,950,1783,-1664,2736
13,ABBV,2020-10-08,0 days 15:58:04.267585,499408,87.26,87.25,937,1132,1504,-1896
14,ABBV,2020-10-08,0 days 15:58:05.268102,498250,87.26,87.25,1037,1132,-1158,1504
15,ABBV,2020-10-08,0 days 15:58:08.268687,499761,87.26,87.25,1334,742,1532,-186
16,ABBV,2020-10-08,0 days 15:58:11.268512,498993,87.26,87.25,1178,942,-768,2332
17,ABBV,2020-10-08,0 days 15:58:12.268622,499761,87.26,87.25,1480,742,432,-768
18,ABBV,2020-10-08,0 days 15:58:14.268713,499193,87.26,87.25,834,946,-568,432
19,ABBV,2020-10-08,0 days 15:58:16.268530,499761,87.26,87.25,1134,846,3632,-568
20,ABBV,2020-10-08,0 days 15:58:17.268756,499193,87.26,87.25,1034,1148,-568,3632
21,ABBV,2020-10-08,0 days 15:58:19.268617,499761,87.26,87.25,1136,846,932,-568
22,ABBV,2020-10-08,0 days 15:58:20.268518,499693,87.26,87.25,999,1046,-68,932
23,ABBV,2020-10-08,0 days 15:58:22.268458,499506,87.25,87.24,904,900,957,-68
24,ABBV,2020-10-08,0 days 15:58:24.268611,498963,87.25,87.24,404,1284,-543,1757
25,ABBV,2020-10-08,0 days 15:58:29.268856,499867,87.28,87.26,318,984,2526,-1374
26,ABBV,2020-10-08,0 days 15:59:26.269823,526001,87.31,87.3,400,109,629,-1139
27,ABBV,2020-10-08,0 days 15:59:27.270036,524830,87.31,87.3,400,109,-1001,629
28,ABBV,2020-10-08,0 days 15:59:31.270584,527356,87.34,87.32,412,1280,1667,-1271
29,ABBV,2020-10-08,0 days 15:59:32.270194,518123,87.34,87.33,300,400,-9487,1667
30,ABEV,2020-10-08,0 days 15:59:36.220793,107813,2.47,2.46,517033,850074,14446,-16954
31,ABEV,2020-10-08,0 days 15:59:37.220952,106959,2.47,2.46,503783,849974,-854,14446
32,ABT,2020-10-08,0 days 15:57:33.215486,428640,108.54,108.52,574,500,-1012,1288
33,ABT,2020-10-08,0 days 15:57:34.215228,421652,108.54,108.53,108,300,6988,-1012
34,ABT,2020-10-08,0 days 15:58:54.219529,435613,108.44,108.43,309,400,-493,156
35,ABT,2020-10-08,0 days 15:59:00.223707,436222,108.45,108.44,300,610,746,-474
36,ABT,2020-10-08,0 days 15:59:02.221064,434590,108.47,108.44,520,200,-8916,746
37,ABT,2020-10-08,0 days 15:59:03.220227,431201,108.49,108.46,100,400,3389,-8916
38,ABT,2020-10-08,0 days 15:59:06.220848,430214,108.49,108.47,300,300,-987,418
39,ABT,2020-10-08,0 days 15:59:07.220292,431812,108.49,108.47,300,400,1199,-987
40,ABT,2020-10-08,0 days 15:59:29.220498,439764,108.54,108.53,458,200,2964,-2536
41,ABT,2020-10-08,0 days 15:59:31.221246,442728,108.56,108.55,613,100,-780,2964
42,ABT,2020-10-08,0 days 15:59:39.221074,423608,108.55,108.54,200,100,19120,-880
43,ACB,2020-10-08,0 days 15:59:00.241920,114851,5.07,5.06,14196,3000,-4441,3736
44,ACB,2020-10-08,0 days 15:59:01.238711,110792,5.07,5.06,14196,3000,3359,-4441
45,ACN,2020-10-08,0 days 15:56:02.667772,222820,225.67,225.61,100,151,-881,5619
46,ACN,2020-10-08,0 days 15:56:03.667094,221201,225.67,225.61,100,100,1619,-881
47,ACN,2020-10-08,0 days 15:56:25.667036,223196,225.61,225.56,432,120,-1448,2364
48,ACN,2020-10-08,0 days 15:56:26.667325,222032,225.6,225.56,114,120,1164,-1448
49,ACN,2020-10-08,0 days 15:57:10.669320,223377,225.5,225.43,305,100,-603,1397
50,ACN,2020-10-08,0 days 15:57:11.669060,222180,225.5,225.43,451,100,1197,-603
51,ACN,2020-10-08,0 days 15:57:30.668819,223382,225.46,225.41,516,100,-99,701
52,ACN,2020-10-08,0 days 15:57:31.669146,222281,225.46,225.41,616,200,1101,-99
53,ACN,2020-10-08,0 days 15:57:53.669817,226782,225.46,225.37,613,100,-41,559
54,ACN,2020-10-08,0 days 15:57:54.670693,225523,225.46,225.4,679,102,1259,-41
55,ACN,2020-10-08,0 days 15:58:05.673111,226270,225.41,225.33,205,240,2130,-688
56,ACN,2020-10-08,0 days 15:59:07.676843,234667,225.54,225.47,104,201,-2669,1036
57,ACN,2020-10-08,0 days 15:59:08.674800,253083,225.54,225.48,207,200,375,-2669
58,ACN,2020-10-08,0 days 15:59:29.674929,255099,225.56,225.43,100,100,-1252,2853
59,ACN,2020-10-08,0 days 15:59:30.675505,254151,225.54,225.44,447,750,997,-1252
60,ACN,2020-10-08,0 days 15:59:35.675381,254773,225.53,225.44,661,530,375,-790
61,ACN,2020-10-08,0 days 15:59:45.677587,255548,225.62,225.56,500,471,-6431,19
62,ACN,2020-10-08,0 days 15:59:46.676856,255079,225.63,225.51,469,100,969,-6431
63,ACN,2020-10-08,0 days 15:59:55.678459,256007,225.68,225.56,200,100,-206,477
64,ADM,2020-10-08,0 days 15:59:15.675345,440472,48.81,48.8,302,2908,14622,-16426
65,ADM,2020-10-08,0 days 15:59:17.675023,442104,48.86,48.85,2468,1431,-6968,60632
66,ADM,2020-10-08,0 days 15:59:25.676800,448694,48.83,48.82,2453,300,12738,-3208
67,ADM,2020-10-08,0 days 15:59:26.675314,446132,48.83,48.82,2442,1000,-62,12738
68,ADM,2020-10-08,0 days 15:59:46.677225,452879,48.82,48.81,101,3573,-1314,14388
69,ADM,2020-10-08,0 days 15:59:47.676647,453479,48.82,48.81,301,3573,7764,-1314
70,ADM,2020-10-08,0 days 15:59:49.677415,452740,48.82,48.81,801,3370,-739,461
71,ADT,2020-10-08,0 days 15:55:25.218089,236253,8.45,8.44,15179,7072,-4916,1365
72,ADT,2020-10-08,0 days 15:55:26.217971,235369,8.45,8.44,14579,7080,884,-4916
73,ADT,2020-10-08,0 days 15:57:35.215665,238058,8.44,8.43,12375,6950,-2859,5741
74,ADT,2020-10-08,0 days 15:58:08.218033,242708,8.43,8.42,14929,3956,10444,-4793
75,ADT,2020-10-08,0 days 15:59:11.220527,268896,8.42,8.41,11572,3875,1268,-6032
76,ADT,2020-10-08,0 days 15:59:46.222510,283118,8.42,8.41,14329,10529,-5719,1981
77,ADT,2020-10-08,0 days 15:59:47.221649,282037,8.42,8.41,14929,10229,1081,-5719
78,AEO,2020-10-08,0 days 15:55:00.223488,90539,15.48,15.47,6726,8401,-4522,6105
79,AEO,2020-10-08,0 days 15:55:07.223263,95246,15.49,15.48,5835,3233,3293,-4707
80,AEO,2020-10-08,0 days 15:55:08.224059,94739,15.49,15.48,5900,3033,-507,3293
81,AES,2020-10-08,0 days 15:55:00.664890,308575,19.42,19.41,2501,7363,-5401,119884
82,AES,2020-10-08,0 days 15:55:04.664399,313976,19.42,19.41,1950,15405,2381,-4719
83,AES,2020-10-08,0 days 15:55:05.664576,309157,19.42,19.41,2950,15355,-4819,2381
84,AES,2020-10-08,0 days 15:55:10.665949,313976,19.41,19.4,16498,2408,281,-4819
85,AES,2020-10-08,0 days 15:55:37.666735,314261,19.41,19.4,14668,7726,-4120,169
86,AES,2020-10-08,0 days 15:56:02.668497,319743,19.41,19.4,8668,10918,363,-2176
87,AES,2020-10-08,0 days 15:56:05.667249,315556,19.41,19.4,8668,10323,-4187,3513
88,AES,2020-10-08,0 days 15:56:11.667795,319843,19.41,19.4,12138,9214,2313,-4087
89,AES,2020-10-08,0 days 15:56:12.667925,315856,19.41,19.4,12138,8982,-3987,2313
90,AES,2020-10-08,0 days 15:59:06.675020,312998,19.43,19.42,3700,9160,-3350,38784
91,AES,2020-10-08,0 days 15:59:08.674906,317348,19.44,19.43,4258,14600,40839,-3350
92,AES,2020-10-08,0 days 15:59:20.674964,342098,19.44,19.43,4896,10424,-1254,396
93,AES,2020-10-08,0 days 15:59:32.676462,351413,19.43,19.42,4137,12143,4178,-794
94,AES,2020-10-08,0 days 15:59:46.676959,366943,19.42,19.41,13500,4589,4433,-15121
95,AES,2020-10-08,0 days 15:59:47.676452,364476,19.48,19.47,3600,10300,-26551,4433
96,AFL,2020-10-08,0 days 15:57:40.234628,288505,38.21,38.2,3372,2319,976,-1024
97,AFL,2020-10-08,0 days 15:57:42.233871,271581,38.21,38.2,3417,2229,-16924,976
98,AFL,2020-10-08,0 days 15:57:47.234107,288805,38.21,38.2,1871,1622,1435,-6560
99,AFL,2020-10-08,0 days 15:57:48.234557,281640,38.22,38.21,2585,1751,-7165,1435
100,AFL,2020-10-08,0 days 15:59:24.238542,362182,38.24,38.23,2672,1901,5888,-5438
101,AFL,2020-10-08,0 days 15:59:25.238493,358970,38.24,38.23,2348,2270,-3212,5888
102,AFL,2020-10-08,0 days 15:59:46.240294,373736,38.24,38.23,1976,2667,11397,-4336
103,AFL,2020-10-08,0 days 15:59:47.239554,372033,38.24,38.23,1055,2367,-1703,11397
104,AFL,2020-10-08,0 days 15:59:48.240048,373736,38.24,38.23,855,4167,3402,-1703
105,AFL,2020-10-08,0 days 15:59:49.239885,374538,38.24,38.23,655,3967,-1748,3402
106,AG,2020-10-08,0 days 15:55:00.665116,40786,9.84,9.83,3687,35065,-34135,24924
107,AG,2020-10-08,0 days 15:55:01.664502,39421,9.84,9.83,9787,35855,1365,-34135
108,AG,2020-10-08,0 days 15:56:02.668614,43076,9.83,9.82,25186,19776,-3645,2472
109,AG,2020-10-08,0 days 15:56:03.667879,41221,9.83,9.82,25286,19876,1855,-3645
110,AG,2020-10-08,0 days 15:58:49.673355,50368,9.82,9.81,8400,25111,-1108,2537
111,AG,2020-10-08,0 days 15:58:50.673798,47976,9.82,9.81,8600,26011,2092,-1108
112,AG,2020-10-08,0 days 15:59:01.674610,50368,9.82,9.81,33364,12855,-10472,15128
113,AG,2020-10-08,0 days 15:59:02.674655,48640,9.82,9.81,33364,11664,1428,-10472
114,AG,2020-10-08,0 days 15:59:08.675105,50368,9.82,9.81,33464,15035,-1538,1428
115,AG,2020-10-08,0 days 15:59:09.675371,48906,9.82,9.81,32764,15535,1162,-1538
116,AG,2020-10-08,0 days 15:59:39.676314,51768,9.82,9.81,42986,13590,-8538,1062
117,AG,2020-10-08,0 days 15:59:40.676905,50706,9.82,9.81,26479,12783,1062,-8538
118,AG,2020-10-08,0 days 15:59:45.677862,51768,9.82,9.81,38379,14658,-3738,1062
119,AG,2020-10-08,0 days 15:59:46.677150,50906,9.82,9.81,35879,15158,862,-3738
120,AGI,2020-10-08,0 days 15:55:47.264476,26324,8.79,8.78,26526,11050,895,-2635
121,AGI,2020-10-08,0 days 15:59:36.270995,30616,8.8,8.79,49950,7255,-1578,1922
122,AGI,2020-10-08,0 days 15:59:37.270806,30494,8.8,8.79,49950,7255,122,-1578
123,AGI,2020-10-08,0 days 15:59:39.270820,30616,8.8,8.79,51650,4781,-6278,122
124,AGI,2020-10-08,0 days 15:59:40.271524,30494,8.8,8.79,52150,3781,122,-6278
125,AGO,2020-10-08,0 days 15:56:12.231156,69226,28.44,28.43,213,400,-265,975
126,AGO,2020-10-08,0 days 15:56:30.231321,62291,28.43,28.42,736,816,6977,-723
127,AGO,2020-10-08,0 days 15:59:08.238724,84264,28.48,28.47,100,300,-138,2715
128,AGO,2020-10-08,0 days 15:59:09.238663,84602,28.49,28.47,700,500,1513,-138
129,AGO,2020-10-08,0 days 15:59:46.240380,87032,28.48,28.45,300,1300,-4834,494
130,AGO,2020-10-08,0 days 15:59:47.239642,85766,28.48,28.45,300,1300,1266,-4834
131,AIG,2020-10-08,0 days 15:59:05.674543,383868,30.24,30.23,1441,3845,1027,-6390
132,AIG,2020-10-08,0 days 15:59:09.675428,381024,30.27,30.26,900,2853,-2913,39872
133,AIG,2020-10-08,0 days 15:59:15.675386,390723,30.26,30.25,760,3489,12423,-6899
134,AIG,2020-10-08,0 days 15:59:16.678230,389346,30.26,30.25,960,3089,-1377,12423
135,AIV,2020-10-08,0 days 15:59:22.220225,252055,36.68,36.66,300,310,-3062,243
136,AIV,2020-10-08,0 days 15:59:23.220090,247817,36.68,36.66,300,310,4238,-3062
137,ALK,2020-10-08,0 days 15:55:27.263385,77630,38.63,38.61,322,600,-343,664
138,ALK,2020-10-08,0 days 15:55:28.263542,76573,38.63,38.62,322,200,1057,-343
139,ALK,2020-10-08,0 days 15:55:48.264842,79168,38.62,38.61,299,709,-223,900
140,ALK,2020-10-08,0 days 15:55:49.264631,78291,38.62,38.61,205,709,1037,-223
141,ALK,2020-10-08,0 days 15:56:13.265281,81679,38.64,38.63,416,204,-149,151
142,ALK,2020-10-08,0 days 15:56:14.265214,80628,38.64,38.63,212,200,1051,-149
143,ALK,2020-10-08,0 days 15:56:46.266258,82425,38.64,38.63,102,560,-178,876
144,ALK,2020-10-08,0 days 15:56:47.266873,81403,38.64,38.63,102,560,1022,-178
145,ALK,2020-10-08,0 days 15:57:57.266421,83730,38.61,38.6,100,600,-21,1033
146,ALK,2020-10-08,0 days 15:57:59.266171,81551,38.61,38.6,100,700,2179,-21
147,ALK,2020-10-08,0 days 15:58:13.268245,84286,38.63,38.61,765,700,498,-402
148,ALK,2020-10-08,0 days 15:59:07.270459,87522,38.63,38.61,331,500,-2806,923
149,ALLY,2020-10-08,0 days 15:55:00.223912,247664,27.92,27.91,6138,5787,-2038,50854
150,ALLY,2020-10-08,0 days 15:55:01.224347,246802,27.92,27.91,7419,7387,862,-2038
151,ALLY,2020-10-08,0 days 15:57:21.228916,252846,27.9,27.89,4769,4537,-614,1586
152,ALLY,2020-10-08,0 days 15:57:22.228921,251660,27.9,27.89,5444,4339,1186,-614
153,ALLY,2020-10-08,0 days 15:57:35.229821,252846,27.9,27.89,5184,3374,-1314,1186
154,ALLY,2020-10-08,0 days 15:57:36.229896,252060,27.9,27.89,6083,3074,786,-1314
155,ALLY,2020-10-08,0 days 15:57:38.230263,252846,27.9,27.89,6238,2191,-1414,86
156,ALLY,2020-10-08,0 days 15:58:49.234001,257861,27.86,27.85,5672,2857,1090,-2456
157,ALLY,2020-10-08,0 days 15:59:09.235577,261367,27.88,27.87,8705,8682,-816,373
158,ALLY,2020-10-08,0 days 15:59:10.235307,259286,27.88,27.87,4720,9907,2081,-816
159,ALLY,2020-10-08,0 days 15:59:46.227342,292452,27.89,27.88,531,12659,-1270,17623
160,AM,2020-10-08,0 days 15:56:09.238585,163858,5.98,5.97,7553,11690,368,-141
161,AM,2020-10-08,0 days 15:57:09.240301,164226,5.97,5.96,10754,6100,-1732,368
162,AMC,2020-10-08,0 days 15:55:00.215505,45092,4.16,4.15,17446,7800,-10728,13697
163,AMC,2020-10-08,0 days 15:58:01.216901,34421,4.16,4.15,12834,9640,12187,-10413
164,AMC,2020-10-08,0 days 15:59:40.221372,52353,4.15,4.14,33711,4216,-5361,939
165,AMCR,2020-10-08,0 days 15:55:36.230484,1530914,11.31,11.3,21702,13204,7392,-9708
166,AMCR,2020-10-08,0 days 15:59:33.239020,1788629,11.34,11.33,36782,11105,-42872,72338
167,AMT,2020-10-08,0 days 15:56:48.669077,548258,243.42,243.31,100,100,380,-9720
168,AMT,2020-10-08,0 days 15:56:49.669352,545538,243.39,243.31,100,100,-4450,380
169,AMT,2020-10-08,0 days 15:57:38.669777,548594,243.42,243.38,100,382,-1894,11906
170,AMT,2020-10-08,0 days 15:58:03.673595,551600,243.45,243.37,200,310,23,-1830
171,AMT,2020-10-08,0 days 15:58:04.673200,551623,243.45,243.37,200,410,-43,23
172,AMT,2020-10-08,0 days 15:58:11.672946,551822,243.52,243.46,401,100,1043,-657
173,AMT,2020-10-08,0 days 15:58:12.673019,551065,243.51,243.42,100,100,-757,1043
174,AMT,2020-10-08,0 days 15:58:17.673285,551822,243.42,243.37,100,100,343,-1457
175,AMT,2020-10-08,0 days 15:58:18.673223,550365,243.42,243.37,100,200,-1457,343
176,AMT,2020-10-08,0 days 15:58:22.673392,551822,243.41,243.34,100,100,10143,-1457
177,AMT,2020-10-08,0 days 15:58:23.672468,548865,243.41,243.34,200,100,-2957,10143
178,AMT,2020-10-08,0 days 15:58:25.673307,551822,243.38,243.31,401,100,3243,-557
179,AMT,2020-10-08,0 days 15:58:27.673363,548365,243.41,243.37,100,400,-3457,843
180,AMT,2020-10-08,0 days 15:58:33.673409,551822,243.41,243.35,432,200,643,-557
181,AMT,2020-10-08,0 days 15:58:34.673900,551265,243.41,243.35,330,415,-557,643
182,AMT,2020-10-08,0 days 15:58:38.673363,551822,243.37,243.31,268,100,3243,-557
183,AMT,2020-10-08,0 days 15:58:40.673181,551765,243.41,243.31,163,100,-57,943
184,AMT,2020-10-08,0 days 15:58:49.673402,551822,243.46,243.32,100,200,10154,-1446
185,AMT,2020-10-08,0 days 15:58:50.673841,551376,243.45,243.32,100,200,-446,10154
186,AMT,2020-10-08,0 days 15:58:53.674393,551822,243.41,243.32,100,200,23,-446
187,AMT,2020-10-08,0 days 15:59:07.677194,536767,243.52,243.4,100,100,-15055,345
188,AMT,2020-10-08,0 days 15:59:08.675274,553313,243.44,243.31,100,100,10480,-15055
189,AMT,2020-10-08,0 days 15:59:09.675428,552993,243.47,243.4,100,300,-320,10480
190,AMT,2020-10-08,0 days 15:59:25.676816,557495,243.69,243.46,100,100,10285,-2046
191,AMT,2020-10-08,0 days 15:59:26.675314,556880,243.69,243.48,100,100,-615,10285
192,AMT,2020-10-08,0 days 15:59:30.676601,557495,243.68,243.49,100,100,1683,-615
193,AMT,2020-10-08,0 days 15:59:31.676210,557078,243.59,243.49,201,100,-417,1683
194,AMT,2020-10-08,0 days 15:59:37.676562,557495,243.59,243.45,550,100,5483,-817
195,AMT,2020-10-08,0 days 15:59:38.675960,557178,243.6,243.42,400,500,-317,5483
196,AMT,2020-10-08,0 days 15:59:43.676318,557495,243.56,243.49,550,132,103,-197
197,AMT,2020-10-08,0 days 15:59:50.678540,552808,243.58,243.45,300,100,-5607,805
198,AMT,2020-10-08,0 days 15:59:54.677844,558415,243.65,243.42,200,500,693,-5607
199,AMT,2020-10-08,0 days 15:59:56.676207,543808,243.8,243.49,200,300,-15049,793
200,AMWL,2020-10-08,0 days 15:55:00.639124,14569,36.33,36.27,300,100,-219,9590
201,AMWL,2020-10-08,0 days 15:57:10.643016,16052,36.0,35.97,540,600,203,-477
202,AMWL,2020-10-08,0 days 15:57:11.643268,15755,36.0,35.95,540,133,-297,203
203,AMWL,2020-10-08,0 days 15:57:27.643230,16052,36.14,35.98,800,200,192,-208
204,AMWL,2020-10-08,0 days 15:57:28.643125,16044,36.15,35.98,100,200,-8,192
205,AMWL,2020-10-08,0 days 15:58:07.645422,16052,36.06,35.97,1200,100,168,-32
206,AMWL,2020-10-08,0 days 15:58:08.645944,15920,36.06,35.95,1200,555,-132,168
207,AMWL,2020-10-08,0 days 15:58:35.647069,16052,35.99,35.83,600,100,68,-132
208,AMWL,2020-10-08,0 days 15:58:36.646710,15920,36.0,35.83,100,100,-132,68
209,ANF,2020-10-08,0 days 15:56:11.226611,50025,16.85,16.84,2133,3542,1120,-780
210,ANF,2020-10-08,0 days 15:56:12.226283,49545,16.85,16.84,2087,3642,-480,1120
211,ANF,2020-10-08,0 days 15:56:23.226665,52450,16.85,16.84,2092,3913,695,-705
212,ANF,2020-10-08,0 days 15:56:24.226807,51745,16.85,16.84,3198,3533,-705,695
213,ANF,2020-10-08,0 days 15:57:09.229558,52450,16.85,16.84,3624,3838,3109,-691
214,ANF,2020-10-08,0 days 15:57:38.230232,53546,16.85,16.84,3579,4010,-404,496
215,ANF,2020-10-08,0 days 15:57:44.230390,51625,16.85,16.84,3696,3516,1521,-404
216,ANF,2020-10-08,0 days 15:57:47.230434,53146,16.85,16.84,3840,4091,-804,1521
217,ANF,2020-10-08,0 days 15:58:02.230955,54250,16.85,16.84,4015,4343,380,-420
218,ANF,2020-10-08,0 days 15:58:03.231808,53830,16.85,16.84,3915,4143,-120,380
219,ANF,2020-10-08,0 days 15:59:01.235191,55544,16.85,16.84,1960,4120,3106,-684
220,ANF,2020-10-08,0 days 15:59:02.234512,55150,16.85,16.84,1808,4320,-94,3106
221,ANF,2020-10-08,0 days 15:59:21.223962,57344,16.88,16.87,4219,2800,1246,-1277
222,ANF,2020-10-08,0 days 15:59:22.224084,56890,16.88,16.87,3919,4690,-54,1246
223,ANF,2020-10-08,0 days 15:59:46.227127,62328,16.9,16.89,4300,1000,984,-6308
224,ANF,2020-10-08,0 days 15:59:47.225464,61912,16.9,16.89,4100,1000,-116,984
225,ASAN,2020-10-08,0 days 15:57:40.216392,1700,26.46,26.44,207,400,65,-135
226,ASAN,2020-10-08,0 days 15:57:41.216102,1565,26.46,26.44,100,100,-135,65
227,ASAN,2020-10-08,0 days 15:59:42.221431,2154,26.52,26.43,1500,200,23984,-89
228,ATUS,2020-10-08,0 days 15:55:38.224987,127899,27.27,27.26,2200,3139,-1582,1626
229,ATUS,2020-10-08,0 days 15:55:39.226216,126581,27.27,27.26,3600,2293,1318,-1582
230,ATUS,2020-10-08,0 days 15:56:05.226237,130008,27.28,27.27,1403,6894,-1461,1739
231,ATUS,2020-10-08,0 days 15:56:06.226339,128669,27.28,27.27,2003,6313,1339,-1461
232,ATUS,2020-10-08,0 days 15:56:12.226182,130008,27.28,27.27,1729,6336,-123,1339
233,ATUS,2020-10-08,0 days 15:56:13.226358,128731,27.28,27.27,1629,6515,1277,-123
234,ATUS,2020-10-08,0 days 15:58:00.231986,133447,27.25,27.24,1336,5967,-1695,2866
235,ATUS,2020-10-08,0 days 15:58:01.231472,131742,27.25,27.24,1336,6181,1305,-1695
236,ATUS,2020-10-08,0 days 15:58:58.233661,133847,27.26,27.25,4531,2101,-1806,681
237,ATUS,2020-10-08,0 days 15:59:08.235812,175506,27.27,27.26,2441,4150,-7145,1926
238,ATUS,2020-10-08,0 days 15:59:09.235296,172951,27.27,27.26,3141,2650,2555,-7145
239,ATUS,2020-10-08,0 days 15:59:17.224182,184645,27.28,27.27,638,5650,-467,11694
240,ATUS,2020-10-08,0 days 15:59:41.225926,184487,27.32,27.31,4500,2400,-21099,545
241,ATUS,2020-10-08,0 days 15:59:44.225296,183566,27.31,27.3,7423,500,921,-4779
242,ATUS,2020-10-08,0 days 15:59:45.226438,184487,27.31,27.3,8023,500,-3022,921
243,AUY,2020-10-08,0 days 15:59:36.214400,184943,5.9,5.89,90430,710999,-19743,27357
244,AVTR,2020-10-08,0 days 15:55:00.637869,181438,24.36,24.35,2389,3067,-1748,20253
245,AVTR,2020-10-08,0 days 15:55:01.638205,178486,24.36,24.35,3153,3349,2952,-1748
246,AVTR,2020-10-08,0 days 15:57:30.642443,182967,24.36,24.35,1923,4842,-16771,2929
247,AVTR,2020-10-08,0 days 15:59:13.648516,218051,24.36,24.35,3715,1098,-26543,1857
248,AVTR,2020-10-08,0 days 15:59:34.648439,245325,24.35,24.33,2551,1500,-438,2262
249,AVTR,2020-10-08,0 days 15:59:39.648863,245763,24.35,24.34,4051,962,2362,-438
250,AVTR,2020-10-08,0 days 15:59:40.649269,245525,24.35,24.34,3884,962,-238,2362
251,AVYA,2020-10-08,0 days 15:55:00.638225,35617,18.8,18.79,1000,653,1164,-3394
252,AVYA,2020-10-08,0 days 15:55:01.638470,35481,18.8,18.79,900,1332,-136,1164
253,AVYA,2020-10-08,0 days 15:58:59.647668,41327,18.88,18.87,900,1200,391,-351
254,AVYA,2020-10-08,0 days 15:59:00.647981,40718,18.88,18.87,200,2240,-9,391
255,AVYA,2020-10-08,0 days 15:59:17.648427,45333,18.9,18.89,1600,1240,3646,-536
256,AXP,2020-10-08,0 days 15:55:01.214942,245574,106.03,106.02,500,200,786,-4414
257,AXP,2020-10-08,0 days 15:56:03.216940,257142,106.08,106.07,604,525,-997,503
258,AXP,2020-10-08,0 days 15:56:04.216288,255539,106.07,106.06,300,1063,1603,-997
259,AXP,2020-10-08,0 days 15:57:47.218147,262092,106.03,106.02,160,801,-1182,1918
260,AXP,2020-10-08,0 days 15:57:48.218105,260774,106.03,106.01,360,700,1318,-1182
261,AXP,2020-10-08,0 days 15:59:00.224900,259328,106.01,106.0,200,500,-8798,1534
262,AXP,2020-10-08,0 days 15:59:01.222081,259184,105.99,105.97,200,715,1063,-8798
263,AXP,2020-10-08,0 days 15:59:09.222543,255887,106.03,106.01,106,303,79,-21
264,AXP,2020-10-08,0 days 15:59:17.220402,262288,106.03,106.01,557,780,-6247,273
265,AXP,2020-10-08,0 days 15:59:21.219887,268535,106.04,106.02,300,800,2014,-5365
266,AXP,2020-10-08,0 days 15:59:25.220217,275124,106.03,106.01,349,300,-1440,3289
267,AXP,2020-10-08,0 days 15:59:26.220159,274764,106.03,106.01,249,300,360,-1440
268,AXP,2020-10-08,0 days 15:59:46.221827,275424,106.04,106.03,100,200,-7786,508
269,AXTA,2020-10-08,0 days 15:59:01.242461,90122,25.43,25.42,2425,2131,-1015,3471
270,AXTA,2020-10-08,0 days 15:59:04.242293,88037,25.43,25.42,2630,1231,520,-2580
271,AXTA,2020-10-08,0 days 15:59:12.242172,89125,25.43,25.42,1113,5211,-112,888
272,AXTA,2020-10-08,0 days 15:59:14.243056,89237,25.44,25.43,1599,2632,5033,-112
273,AXTA,2020-10-08,0 days 15:59:47.244305,94638,25.43,25.42,1200,1358,1620,-3680
274,AYX,2020-10-08,0 days 15:55:37.230440,30700,146.69,146.64,100,200,200,-224
275,AYX,2020-10-08,0 days 15:55:38.230329,30200,146.71,146.64,100,200,-500,200
276,AYX,2020-10-08,0 days 15:56:08.230873,31034,146.72,146.65,300,200,1590,-710
277,AYX,2020-10-08,0 days 15:56:09.231301,32624,146.72,146.65,424,100,-191,1590
278,AYX,2020-10-08,0 days 15:56:11.231475,32815,146.72,146.68,200,100,3409,-191
279,AYX,2020-10-08,0 days 15:59:09.238719,84875,146.98,146.9,100,100,-1962,7132
280,AYX,2020-10-08,0 days 15:59:24.238619,89628,147.06,146.91,604,316,3985,-1105
281,AYX,2020-10-08,0 days 15:59:25.238683,88613,147.06,146.95,304,119,-915,3985
282,AYX,2020-10-08,0 days 15:59:33.239106,89528,147.09,146.91,100,400,748,-815
283,AYX,2020-10-08,0 days 15:59:35.238543,88756,147.05,146.91,200,300,-772,2128
284,AYX,2020-10-08,0 days 15:59:40.240109,89528,147.04,146.97,100,100,5328,-772
285,AYX,2020-10-08,0 days 15:59:41.239982,88956,147.04,146.91,100,400,-572,5328
286,AYX,2020-10-08,0 days 15:59:47.239728,89528,147.04,146.91,100,200,4442,-474
287,AYX,2020-10-08,0 days 15:59:48.240247,89270,147.01,146.96,100,217,-258,4442
288,AZUL,2020-10-08,0 days 15:56:11.220010,11565,13.55,13.54,2900,3693,-1787,113
289,AZUL,2020-10-08,0 days 15:56:12.219850,11052,13.55,13.54,1100,5293,513,-1787
290,AZUL,2020-10-08,0 days 15:59:18.220193,12376,13.55,13.54,4300,139,-9070,587
291,AZUL,2020-10-08,0 days 15:59:28.221167,22195,13.54,13.53,200,1919,1011,-719
292,AZUL,2020-10-08,0 days 15:59:29.220573,21806,13.55,13.53,2600,2619,-591,1011
293,AZUL,2020-10-08,0 days 15:59:43.221726,22397,13.55,13.54,4100,800,753,-591
294,AZUL,2020-10-08,0 days 15:59:44.221301,22250,13.55,13.54,4100,600,-147,753
295,AZUL,2020-10-08,0 days 15:59:46.222336,22597,13.55,13.54,4200,500,995,-147
296,AZUL,2020-10-08,0 days 15:59:47.221575,22492,13.55,13.54,3800,2100,-105,995
297,AZUL,2020-10-08,0 days 15:59:48.222099,22597,13.55,13.54,4111,800,2854,-105
298,BA,2020-10-08,0 days 15:59:46.227171,265443,167.9,167.87,200,800,-4394,1648
299,BA,2020-10-08,0 days 15:59:47.225515,263737,167.89,167.87,400,200,1706,-4394
300,BABA,2020-10-08,0 days 15:59:46.270353,601307,301.14,300.8,200,918,-11430,1013
301,BABA,2020-10-08,0 days 15:59:47.269355,599863,300.97,300.68,200,100,1444,-11430
302,BABA,2020-10-08,0 days 15:59:49.268980,601307,300.74,300.41,955,229,-8516,1044
303,BABA,2020-10-08,0 days 15:59:50.272936,595061,300.91,300.75,136,722,6246,-8516
304,BABA,2020-10-08,0 days 15:59:51.269690,601307,301.14,300.8,200,800,-3706,6246
305,BAC,2020-10-08,0 days 15:59:17.242988,4811388,25.29,25.28,102467,71452,-499411,963660
306,BAC,2020-10-08,0 days 15:59:28.243412,4959581,25.26,25.25,41577,95717,2243,-74929
307,BAM,2020-10-08,0 days 15:56:12.210932,19993,35.55,35.54,300,5300,820,-329
308,BAM,2020-10-08,0 days 15:56:13.210822,19213,35.56,35.54,2000,5700,-780,820
309,BAM,2020-10-08,0 days 15:59:18.215205,28134,35.54,35.53,100,2110,1777,-1036
310,BAM,2020-10-08,0 days 15:59:19.215547,27611,35.55,35.53,563,2510,-523,1777
311,BAM,2020-10-08,0 days 15:59:46.215503,30268,35.54,35.53,910,3100,448,-657
312,BAM,2020-10-08,0 days 15:59:47.214438,29816,35.54,35.53,800,3600,-452,448
313,BB,2020-10-08,0 days 15:59:36.649295,50520,4.62,4.61,104932,82865,25571,-30129
314,BB,2020-10-08,0 days 15:59:37.649183,48991,4.62,4.61,103082,82865,-1529,25571
315,BB,2020-10-08,0 days 15:59:39.649653,50520,4.62,4.61,91982,82865,5071,-1529
316,BB,2020-10-08,0 days 15:59:40.649823,48991,4.62,4.61,90982,86550,-1529,5071
317,BBD,2020-10-08,0 days 15:59:15.238548,705067,3.68,3.67,449043,1088021,102686,-128294
318,BCS,2020-10-08,0 days 15:59:36.220935,37414,5.55,5.54,122886,37973,11721,-14879
319,BE,2020-10-08,0 days 15:55:38.264283,72618,20.6,20.59,100,403,4367,-2026
320,BE,2020-10-08,0 days 15:55:39.264850,71275,20.6,20.59,301,203,-1343,4367
321,BE,2020-10-08,0 days 15:56:11.265643,72618,20.63,20.62,200,100,257,-2021
322,BE,2020-10-08,0 days 15:56:12.265160,71375,20.63,20.62,200,100,-1243,257
323,BE,2020-10-08,0 days 15:57:18.267762,75665,20.62,20.6,871,200,220,-1250
324,BE,2020-10-08,0 days 15:57:19.267548,74385,20.62,20.6,1132,200,-1280,220
325,BE,2020-10-08,0 days 15:57:20.267820,75665,20.61,20.6,200,200,2420,-1280
326,BE,2020-10-08,0 days 15:57:21.267423,74785,20.61,20.6,300,200,-2280,2420
327,BE,2020-10-08,0 days 15:59:11.270359,78534,20.6,20.58,100,100,-1,599
328,BE,2020-10-08,0 days 15:59:17.271886,78535,20.61,20.59,404,100,12420,-1
329,BE,2020-10-08,0 days 15:59:18.269267,81490,20.61,20.6,186,626,-1699,12420
330,BE,2020-10-08,0 days 15:59:39.270762,84883,20.64,20.62,101,200,446,-2354
331,BE,2020-10-08,0 days 15:59:46.270638,85383,20.64,20.63,201,100,3357,-454
332,BEN,2020-10-08,0 days 15:59:15.223720,323488,22.26,22.25,7948,6180,-1759,22566
333,BEN,2020-10-08,0 days 15:59:23.224694,325247,22.26,22.25,9856,5940,1441,-2559
334,BEN,2020-10-08,0 days 15:59:48.226285,320340,22.29,22.28,3970,6907,4563,-3037
335,BEST,2020-10-08,0 days 15:59:44.649629,97508,2.86,2.85,9285,15174,-6993,3351
336,BEST,2020-10-08,0 days 15:59:45.650725,94801,2.86,2.85,15154,10501,2707,-6993
337,BEST,2020-10-08,0 days 15:59:46.650047,97508,2.86,2.85,14254,10501,-8931,2707
338,BEST,2020-10-08,0 days 15:59:47.649957,95439,2.86,2.85,14254,10379,2069,-8931
339,BHC,2020-10-08,0 days 15:55:00.262755,118327,18.08,18.07,3321,5778,-3081,15675
340,BHC,2020-10-08,0 days 15:56:27.265805,130763,18.05,18.04,3997,3728,77,-323
341,BHC,2020-10-08,0 days 15:57:15.267688,127917,18.04,18.03,5579,5827,-2846,177
342,BHC,2020-10-08,0 days 15:59:08.270917,134681,18.05,18.04,6256,2464,3887,-1999
343,BHP,2020-10-08,0 days 15:59:06.234937,41670,52.52,52.51,200,4167,2898,-976
344,BHP,2020-10-08,0 days 15:59:07.235738,39268,52.53,52.52,3590,200,-2202,2898
345,BHP,2020-10-08,0 days 15:59:23.224727,41670,52.52,52.51,1054,2867,418,-339
346,BHP,2020-10-08,0 days 15:59:29.224664,40288,52.52,52.51,2351,1207,-1182,618
347,BK,2020-10-08,0 days 15:56:08.264945,356220,37.21,37.2,2475,6892,-5521,19679
348,BK,2020-10-08,0 days 15:56:10.265254,362426,37.21,37.2,2969,5663,1504,-521
349,BK,2020-10-08,0 days 15:56:11.265607,362030,37.21,37.2,2875,6263,-396,1504
350,BK,2020-10-08,0 days 15:57:08.267152,364933,37.17,37.16,1380,5460,983,-3417
351,BK,2020-10-08,0 days 15:57:09.266730,364216,37.17,37.16,1914,5560,-1717,983
352,BK,2020-10-08,0 days 15:57:20.267820,369296,37.18,37.17,1882,5741,830,-780
353,BK,2020-10-08,0 days 15:57:35.265643,370096,37.18,37.17,3629,9042,2730,-870
354,BK,2020-10-08,0 days 15:57:36.265984,369526,37.18,37.17,3521,9582,-570,2730
355,BK,2020-10-08,0 days 15:57:41.265976,370096,37.18,37.17,1705,7363,4030,-5670
356,BK,2020-10-08,0 days 15:57:42.266196,369526,37.18,37.17,1112,9958,-570,4030
357,BK,2020-10-08,0 days 15:57:43.265805,370096,37.18,37.17,4775,2502,530,-570
358,BK,2020-10-08,0 days 15:58:04.267524,368765,37.15,37.14,2264,5753,661,-2070
359,BK,2020-10-08,0 days 15:58:05.267998,385926,37.15,37.14,2264,4913,-1668,661
360,BK,2020-10-08,0 days 15:58:06.268204,386794,37.15,37.14,5060,3613,232,-1668
361,BK,2020-10-08,0 days 15:58:07.267846,385226,37.15,37.14,2163,6843,-1168,232
362,BK,2020-10-08,0 days 15:58:15.268278,402627,37.15,37.14,3222,6343,699,-5432
363,BK,2020-10-08,0 days 15:58:16.268510,399726,37.15,37.14,1122,6763,-2501,699
364,BK,2020-10-08,0 days 15:58:21.268662,402627,37.15,37.14,610,8336,1499,-2601
365,BK,2020-10-08,0 days 15:58:22.268428,399726,37.15,37.14,610,7939,-2901,1499
366,BK,2020-10-08,0 days 15:59:15.269791,403019,37.18,37.17,3999,3705,1556,-371
367,BK,2020-10-08,0 days 15:59:23.269418,411921,37.18,37.17,3872,6805,-244,7402
368,BKR,2020-10-08,0 days 15:55:00.213993,304791,13.36,13.35,7060,4900,-152371,188326
369,BKR,2020-10-08,0 days 15:57:43.217778,462686,13.36,13.35,7933,4152,3455,-5745
370,BKR,2020-10-08,0 days 15:57:44.218629,456941,13.36,13.35,7633,3148,-5745,3455
371,BKR,2020-10-08,0 days 15:58:09.220799,455686,13.35,13.34,5711,4010,2955,-2545
372,BKR,2020-10-08,0 days 15:58:10.219865,455041,13.35,13.34,6111,4110,-145,2955
373,BKR,2020-10-08,0 days 15:58:59.221560,456186,13.35,13.34,10921,1800,813,-3724
374,BKR,2020-10-08,0 days 15:59:04.222167,456186,13.35,13.34,2640,6507,30,-2154
375,BKR,2020-10-08,0 days 15:59:07.222908,455828,13.36,13.35,300,11600,-1596,5288
376,BKR,2020-10-08,0 days 15:59:24.220020,476850,13.37,13.36,7044,4343,2575,-785
377,BKR,2020-10-08,0 days 15:59:25.220217,476225,13.37,13.36,7344,4243,-625,2575
378,BKR,2020-10-08,0 days 15:59:28.220422,476850,13.37,13.36,9144,4401,5774,-625
379,BKR,2020-10-08,0 days 15:59:29.220250,476424,13.37,13.36,9144,4101,-426,5774
380,BKR,2020-10-08,0 days 15:59:33.220718,482050,13.37,13.36,2833,10712,3749,-426
381,BMY,2020-10-08,0 days 15:55:00.222925,780418,61.63,61.62,2132,4078,63438,-133824
382,BMY,2020-10-08,0 days 15:55:37.225188,843902,61.66,61.65,1733,4145,-4141,6795
383,BMY,2020-10-08,0 days 15:55:38.225058,830456,61.66,61.65,1733,4445,13446,-4141
384,BMY,2020-10-08,0 days 15:55:56.226169,847810,61.7,61.69,1963,1563,-66537,14373
385,BMY,2020-10-08,0 days 15:55:57.226496,843747,61.69,61.68,3288,1000,4063,-66537
386,BMY,2020-10-08,0 days 15:56:12.226260,847810,61.69,61.68,2101,1958,-210,1935
387,BMY,2020-10-08,0 days 15:56:16.227250,842050,61.67,61.66,600,3000,5760,-840
388,BMY,2020-10-08,0 days 15:58:18.232130,906120,61.68,61.67,2861,2958,-3128,8572
389,BMY,2020-10-08,0 days 15:58:19.232254,897548,61.68,61.67,5015,1600,8572,-3128
390,BMY,2020-10-08,0 days 15:59:46.227083,1241241,61.57,61.56,4736,1300,514,-2741
391,BMY,2020-10-08,0 days 15:59:47.225418,1241755,61.57,61.56,4593,1358,-1163,514
392,BMY^,2020-10-08,0 days 15:58:07.212569,800,3.41,3.4,3468,80600,-7866,71
393,BP,2020-10-08,0 days 15:59:36.214475,77779,17.5,17.49,78430,31696,-3273,4127
394,BP,2020-10-08,0 days 15:59:37.214913,77452,17.5,17.49,79030,31696,327,-3273
395,BP,2020-10-08,0 days 15:59:46.215133,77979,17.5,17.49,75889,27146,-158,227
396,BRK.B,2020-10-08,0 days 15:59:04.647555,415325,215.12,215.04,103,1280,2029,-10010
397,BRK.B,2020-10-08,0 days 15:59:05.647759,335754,215.18,215.11,100,836,-82959,2029
398,BRK.B,2020-10-08,0 days 15:59:20.647834,450329,215.14,215.04,100,600,3124,-76940
399,BRK.B,2020-10-08,0 days 15:59:21.648348,447353,215.14,215.04,100,700,-2976,3124
400,BRK.B,2020-10-08,0 days 15:59:22.648340,450329,215.15,215.04,200,700,824,-2976
401,BRK.B,2020-10-08,0 days 15:59:29.647645,447279,215.13,215.08,100,500,-3050,1420
402,BRK.B,2020-10-08,0 days 15:59:31.648957,450899,215.21,215.1,800,300,11184,-585
403,BRK.B,2020-10-08,0 days 15:59:32.648969,449283,215.2,215.1,200,300,-1146,11184
404,BRK.B,2020-10-08,0 days 15:59:41.648996,450999,215.19,215.06,100,600,22988,-56710
405,BRK.B,2020-10-08,0 days 15:59:42.649429,449887,215.15,215.06,100,800,-642,22988
406,BRK.B,2020-10-08,0 days 15:59:49.650419,456128,215.2,215.11,205,500,19637,-60527
407,BRK.B,2020-10-08,0 days 15:59:50.651051,364265,215.2,215.11,100,495,-93001,19637
408,BRX,2020-10-08,0 days 15:55:00.223805,1321309,12.59,12.58,6634,7077,3589,-34954
409,BRX,2020-10-08,0 days 15:55:01.224347,1320398,12.59,12.58,7450,7986,-911,3589
410,BRX,2020-10-08,0 days 15:55:10.224447,1321309,12.59,12.58,1732,12041,332,-968
411,BRX,2020-10-08,0 days 15:55:11.223700,1320441,12.59,12.58,3432,8817,-868,332
412,BRX,2020-10-08,0 days 15:55:25.224535,1321309,12.59,12.58,5637,7631,334,-968
413,BRX,2020-10-08,0 days 15:55:26.224856,1320443,12.59,12.58,6037,7831,-866,334
414,BRX,2020-10-08,0 days 15:56:03.227024,1322851,12.61,12.6,8722,3456,1007,-1193
415,BRX,2020-10-08,0 days 15:56:04.226769,1321958,12.61,12.6,8482,3456,-693,1007
416,BRX,2020-10-08,0 days 15:57:06.228297,1322651,12.6,12.59,8010,5007,4735,-665
417,BRX,2020-10-08,0 days 15:57:07.228557,1321686,12.6,12.59,8010,4807,-965,4735
418,BRX,2020-10-08,0 days 15:57:34.230088,1323552,12.6,12.59,10235,2970,10611,-489
419,BSX,2020-10-08,0 days 15:57:36.642384,815553,40.44,40.43,2961,4025,-1807,993
420,BSX,2020-10-08,0 days 15:57:37.642420,808060,40.43,40.42,2341,4492,7493,-1807
421,BSX,2020-10-08,0 days 15:57:47.642715,815553,40.45,40.44,2511,2585,-2929,2071
422,BSX,2020-10-08,0 days 15:57:48.643161,809582,40.45,40.44,4171,1090,5971,-2929
423,BSX,2020-10-08,0 days 15:58:06.644019,816983,40.45,40.44,4649,1919,-6417,9148
424,BSX,2020-10-08,0 days 15:58:07.643951,811000,40.45,40.44,4449,1386,5983,-6417
425,BSX,2020-10-08,0 days 15:58:13.645055,816983,40.46,40.45,4489,2000,-3939,3883
426,BSX,2020-10-08,0 days 15:58:14.645055,812322,40.45,40.44,5282,1493,4661,-3939
427,BSX,2020-10-08,0 days 15:58:24.644812,816983,40.45,40.44,382,4393,-461,4639
428,BSX,2020-10-08,0 days 15:58:26.645139,813718,40.45,40.44,956,4128,3291,-15109
429,BSX,2020-10-08,0 days 15:58:29.645194,817009,40.45,40.44,956,4228,-1809,3291
430,BSX,2020-10-08,0 days 15:58:30.645051,813418,40.45,40.44,3350,2503,3591,-1809
431,BSX,2020-10-08,0 days 15:59:05.646498,837532,40.45,40.44,556,5200,-2004,3184
432,BSX,2020-10-08,0 days 15:59:07.647842,831958,40.46,40.45,200,3400,5574,-4526
433,BSX,2020-10-08,0 days 15:59:49.649087,857975,40.5,40.49,4311,1900,330,-14170
434,BTU,2020-10-08,0 days 15:57:16.209303,46434,2.07,2.06,14092,6769,240,-2760
435,BTU,2020-10-08,0 days 15:57:17.208618,43874,2.07,2.06,13416,6669,-2560,240
436,BWA,2020-10-08,0 days 15:57:42.266001,371648,40.16,40.15,1934,1972,5045,-355
437,BWA,2020-10-08,0 days 15:59:06.270139,377779,40.08,40.07,200,1447,-9233,2902
438,BWA,2020-10-08,0 days 15:59:07.270223,376112,40.08,40.07,466,1247,1663,-9233
439,BWA,2020-10-08,0 days 15:59:16.269531,382188,40.09,40.07,1516,1000,-1573,2448
440,BWA,2020-10-08,0 days 15:59:17.271686,416661,40.13,40.11,1592,999,6420,-1573
441,BWA,2020-10-08,0 days 15:59:46.270451,423971,40.09,40.08,900,1300,-11931,2691
442,BWA,2020-10-08,0 days 15:59:47.269455,423102,40.09,40.08,200,1100,8065,-11931
443,BX,2020-10-08,0 days 15:55:00.639276,92244,55.09,55.08,100,1255,-2559,25843
444,BX,2020-10-08,0 days 15:55:45.640904,94907,55.09,55.08,100,2450,4833,-754
445,BX,2020-10-08,0 days 15:55:46.640934,94640,55.1,55.09,2703,300,-267,4833
446,BX,2020-10-08,0 days 15:58:44.646592,101821,55.11,55.1,700,895,-171,129
447,BX,2020-10-08,0 days 15:58:45.646975,101192,55.11,55.1,700,895,629,-171
448,BX,2020-10-08,0 days 15:58:53.647131,101821,55.11,55.1,919,366,-175,175
449,BX,2020-10-08,0 days 15:58:54.647197,101196,55.11,55.1,919,366,625,-175
450,BX,2020-10-08,0 days 15:59:42.649646,102355,55.12,55.11,1600,100,233,-567
451,BX,2020-10-08,0 days 15:59:45.650929,103088,55.11,55.09,1254,900,-4056,1233
452,BX,2020-10-08,0 days 15:59:46.650256,102744,55.1,55.08,200,800,1777,-4056
453,C,2020-10-08,0 days 15:55:00.235265,835218,44.78,44.77,5221,7212,-192995,49846
454,C,2020-10-08,0 days 15:58:15.240028,1056103,44.73,44.72,8177,7066,216,-4484
455,C,2020-10-08,0 days 15:58:17.240353,1035019,44.73,44.72,2400,10103,-21084,5616
456,C,2020-10-08,0 days 15:59:21.242846,1085693,44.74,44.73,5900,9228,22013,-6466
457,C,2020-10-08,0 days 15:59:22.242503,1075206,44.74,44.73,5000,8528,-10487,22013
458,C,2020-10-08,0 days 15:59:45.244464,1119691,44.71,44.7,13100,12360,7990,-12503
459,C,2020-10-08,0 days 15:59:48.239312,1110581,44.71,44.7,2304,14972,-9258,7842
460,C,2020-10-08,0 days 15:59:57.240565,1113656,44.73,44.72,6800,900,-6183,13534
461,CAG,2020-10-08,0 days 15:56:16.265251,216746,37.2,37.19,3698,2133,394,-3606
462,CAG,2020-10-08,0 days 15:56:17.265367,214140,37.2,37.19,3647,2133,-2606,394
463,CAG,2020-10-08,0 days 15:57:09.266693,216746,37.2,37.19,5061,1311,2096,-189
464,CAG,2020-10-08,0 days 15:57:10.267305,214542,37.18,37.17,807,3261,-41104,2096
465,CAG,2020-10-08,0 days 15:58:09.268353,259811,37.21,37.2,3964,2849,11992,-6554
466,CAG,2020-10-08,0 days 15:58:10.268215,254103,37.22,37.21,1403,4723,-5708,11992
467,CAT,2020-10-08,0 days 15:59:19.648745,213946,156.66,156.61,600,200,-12995,2020
468,CAT,2020-10-08,0 days 15:59:27.648589,214467,156.68,156.6,200,700,79,-1092
469,CAT,2020-10-08,0 days 15:59:28.648385,214546,156.68,156.6,200,700,-2135,79
470,CAT,2020-10-08,0 days 15:59:41.649963,215049,156.64,156.54,600,100,1251,-963
471,CAT,2020-10-08,0 days 15:59:48.650757,226609,156.68,156.61,450,400,-2155,1018
472,CAT,2020-10-08,0 days 15:59:49.650664,226064,156.68,156.63,200,400,545,-2155
473,CAT,2020-10-08,0 days 15:59:57.649958,226609,156.68,156.61,300,200,-1057,1873
474,CCL,2020-10-08,0 days 15:59:43.221737,566159,15.63,15.62,20057,22787,654,-14150
475,CDE,2020-10-08,0 days 15:55:00.665682,61479,7.63,7.62,15119,4280,-4000,10973
476,CDE,2020-10-08,0 days 15:55:38.667270,65479,7.62,7.61,15300,8287,600,-1400
477,CDE,2020-10-08,0 days 15:59:08.675236,74506,7.64,7.63,3079,13822,-2613,412
478,CF,2020-10-08,0 days 15:59:06.220887,170232,31.84,31.83,896,500,-14844,47456
479,CF,2020-10-08,0 days 15:59:07.220322,166576,31.83,31.82,390,1908,3656,-14844
480,CF,2020-10-08,0 days 15:59:25.220816,168375,31.83,31.82,1105,300,3344,-1456
481,CF,2020-10-08,0 days 15:59:46.222236,171835,31.84,31.83,401,2281,-5359,710
482,CFG,2020-10-08,0 days 15:55:43.219364,251386,28.56,28.55,1786,4422,-617,2077
483,CFG,2020-10-08,0 days 15:55:44.218916,243803,28.56,28.55,1651,4422,7583,-617
484,CFG,2020-10-08,0 days 15:57:35.215656,254157,28.58,28.57,4925,1696,-2836,1364
485,CFG,2020-10-08,0 days 15:57:36.215459,247593,28.58,28.57,5125,2296,6564,-2836
486,CFG,2020-10-08,0 days 15:58:23.218300,255215,28.55,28.54,6800,1800,1042,-3958
487,CFG,2020-10-08,0 days 15:58:34.218951,256304,28.55,28.54,3795,3498,-1111,489
488,CFG,2020-10-08,0 days 15:58:36.219025,255815,28.55,28.54,4495,2348,489,-1111
489,CFG,2020-10-08,0 days 15:59:08.220651,270501,28.56,28.55,1917,4030,246,-16254
490,CGC,2020-10-08,0 days 15:57:43.240389,72717,17.65,17.64,1689,1700,-419,2281
491,CGC,2020-10-08,0 days 15:57:44.239822,70236,17.64,17.63,1300,200,2481,-419
492,CGC,2020-10-08,0 days 15:59:18.242646,75731,17.65,17.64,600,3100,-6359,2003
493,CGC,2020-10-08,0 days 15:59:19.242213,74690,17.65,17.64,1604,3000,841,-6359
494,CGC,2020-10-08,0 days 15:59:40.245028,76131,17.63,17.62,3000,800,-3559,541
495,CGC,2020-10-08,0 days 15:59:41.244290,75290,17.63,17.61,2720,2700,841,-3559
496,CHD,2020-10-08,0 days 15:55:11.223663,120854,91.19,91.14,200,400,3978,-1462
497,CHWY,2020-10-08,0 days 15:57:31.240084,43153,58.62,58.6,587,200,-867,673
498,CHWY,2020-10-08,0 days 15:57:32.242443,41720,58.62,58.6,346,593,1433,-867
499,CHWY,2020-10-08,0 days 15:59:02.242729,41745,58.65,58.61,200,200,-184,2055
500,CHWY,2020-10-08,0 days 15:59:06.242812,40786,58.65,58.62,300,200,959,-184
501,CHWY,2020-10-08,0 days 15:59:46.245625,44966,58.67,58.65,300,100,-2686,751
502,CHWY,2020-10-08,0 days 15:59:47.244334,44352,58.67,58.65,190,100,614,-2686
503,CIEN,2020-10-08,0 days 15:52:24.211803,34854,42.19,42.17,500,425,16072,-33928
504,CIEN,2020-10-08,0 days 15:52:26.211940,50926,42.21,42.19,416,100,-33928,16072
505,CIEN,2020-10-08,0 days 15:57:09.218636,123425,42.34,42.31,200,600,636,-464
506,CIEN,2020-10-08,0 days 15:57:10.219071,122661,42.34,42.31,300,610,-364,636
507,CIEN,2020-10-08,0 days 15:57:41.217972,127445,42.39,42.36,505,410,416,-1170
508,CIEN,2020-10-08,0 days 15:57:42.218425,126361,42.37,42.35,100,200,-684,416
509,CIEN,2020-10-08,0 days 15:57:58.218588,117231,42.4,42.38,700,223,12530,-70
510,CIEN,2020-10-08,0 days 15:58:04.220287,126761,42.38,42.35,508,500,-405,1316
511,CIEN,2020-10-08,0 days 15:59:01.222273,130899,42.38,42.34,671,403,1238,-348
512,CIEN,2020-10-08,0 days 15:59:21.220002,131368,42.39,42.37,115,335,17080,-388
513,CIEN,2020-10-08,0 days 16:00:00.215513,146695,42.41,42.37,200,100,12837,-1724
514,CLDR,2020-10-08,0 days 15:59:05.674441,168351,11.22,11.21,1628,5235,414,-17586
515,CLDR,2020-10-08,0 days 15:59:07.677050,165780,11.23,11.22,4474,7266,-2571,414
516,CLDR,2020-10-08,0 days 15:59:09.675323,170851,11.23,11.22,2361,8466,523,-1071
517,CLDR,2020-10-08,0 days 15:59:15.675087,171912,11.23,11.22,5958,5030,-3516,523
518,CLDR,2020-10-08,0 days 15:59:16.678078,171628,11.23,11.22,7558,4395,284,-3516
519,CLDR,2020-10-08,0 days 15:59:34.675530,171912,11.23,11.22,8897,6686,-5138,340
520,CLF,2020-10-08,0 days 15:55:57.211176,178424,7.72,7.71,11054,42277,-4187,12905
521,CLF,2020-10-08,0 days 15:57:29.210070,185111,7.72,7.71,30858,15643,8478,-3587
522,CLF,2020-10-08,0 days 15:57:30.210311,166589,7.72,7.71,30885,13588,-20622,8478
523,CLF,2020-10-08,0 days 15:58:50.214696,189423,7.71,7.7,27419,32355,14116,-5884
524,CLF,2020-10-08,0 days 15:59:17.216335,214822,7.72,7.71,28793,35559,18135,-14161
525,CLNY,2020-10-08,0 days 15:59:09.222543,167784,3.2,3.19,33070,37208,-1461,360
526,CLNY,2020-10-08,0 days 15:59:13.222270,169360,3.2,3.19,36152,37851,733,-1406
527,CLNY,2020-10-08,0 days 15:59:14.222292,168093,3.2,3.19,33589,37863,-1267,733
528,CLNY,2020-10-08,0 days 15:59:37.221094,177260,3.2,3.19,26439,34213,12433,-1267
529,CLNY,2020-10-08,0 days 15:59:38.221112,175893,3.2,3.19,26439,34213,-1367,12433
530,CLR,2020-10-08,0 days 15:57:42.218340,118476,13.95,13.94,2627,242,-673,27
531,CLR,2020-10-08,0 days 15:59:06.221992,128409,13.93,13.92,299,4328,-1366,1425
532,CLR,2020-10-08,0 days 15:59:07.222796,127775,13.93,13.92,526,3928,634,-1366
533,CLR,2020-10-08,0 days 15:59:09.222543,128585,13.93,13.92,526,3928,-934,634
534,CLR,2020-10-08,0 days 15:59:10.222342,128419,13.93,13.92,526,4028,166,-934
535,CLR,2020-10-08,0 days 15:59:41.221247,131462,13.93,13.92,2672,2200,258,-18842
536,CLR,2020-10-08,0 days 15:59:47.221349,136286,13.93,13.92,810,3801,-3216,1124
537,CLR,2020-10-08,0 days 15:59:48.221832,138402,13.93,13.92,910,2701,1418,-3216
538,CLX,2020-10-08,0 days 15:55:08.210328,62502,212.56,212.44,200,100,384,-216
539,CLX,2020-10-08,0 days 15:58:10.212255,65760,212.6,212.56,300,100,-248,952
540,CLX,2020-10-08,0 days 15:58:11.212773,65608,212.6,212.56,300,100,152,-248
541,CLX,2020-10-08,0 days 15:58:14.212759,65760,212.6,212.56,300,100,-255,145
542,CLX,2020-10-08,0 days 15:58:16.212977,65615,212.66,212.47,517,100,145,-255
543,CLX,2020-10-08,0 days 15:58:30.213601,66681,212.61,212.56,100,100,-234,148
544,CLX,2020-10-08,0 days 15:58:32.213512,66515,212.6,212.47,300,100,166,-134
545,CLX,2020-10-08,0 days 15:58:33.213397,66681,212.6,212.56,200,100,-134,166
546,CLX,2020-10-08,0 days 15:58:34.213457,66515,212.6,212.56,200,101,166,-134
547,CLX,2020-10-08,0 days 15:58:58.214082,66846,212.71,212.63,319,100,-469,231
548,CLX,2020-10-08,0 days 15:58:59.214183,66772,212.71,212.62,218,100,74,-469
549,CLX,2020-10-08,0 days 15:59:06.214994,67077,212.75,212.64,100,300,725,-35
550,CLX,2020-10-08,0 days 15:59:07.215934,66802,212.81,212.73,100,100,-275,725
551,CLX,2020-10-08,0 days 15:59:14.216199,70699,212.81,212.73,100,109,135,-401
552,CLX,2020-10-08,0 days 15:59:44.214269,77311,212.79,212.74,200,1597,-5188,712
553,CLX,2020-10-08,0 days 15:59:45.215202,76899,212.8,212.74,100,1597,412,-5188
554,CLX,2020-10-08,0 days 15:59:57.216810,78848,212.95,212.76,100,900,-51,1249
555,CNC,2020-10-08,0 days 15:55:00.215839,141638,64.76,64.73,425,906,-31336,52694
556,CNC,2020-10-08,0 days 15:55:01.217680,134374,64.76,64.73,710,816,7264,-31336
557,CNC,2020-10-08,0 days 15:57:35.215623,183571,64.67,64.65,100,528,-1205,2195
558,CNC,2020-10-08,0 days 15:57:36.215399,180876,64.67,64.65,125,528,2695,-1205
559,CNC,2020-10-08,0 days 15:59:16.220349,190086,64.65,64.63,300,756,-50,3739
560,CNC,2020-10-08,0 days 15:59:18.220107,202836,64.67,64.63,200,640,1983,-1417
561,CNC,2020-10-08,0 days 15:59:47.221479,211533,64.68,64.64,200,798,-4017,82
562,CNK,2020-10-08,0 days 15:58:22.268470,87645,8.79,8.78,2947,4200,-545,2040
563,CNK,2020-10-08,0 days 15:58:23.268525,87390,8.79,8.78,2147,4219,255,-545
564,CNK,2020-10-08,0 days 15:58:39.269923,87645,8.79,8.78,4277,3427,-5545,2455
565,CNK,2020-10-08,0 days 15:58:40.269367,85890,8.79,8.78,5729,2030,1755,-5545
566,CNK,2020-10-08,0 days 15:59:05.270404,88102,8.79,8.78,7359,2867,-14773,2280
567,CNK,2020-10-08,0 days 15:59:06.270380,85975,8.79,8.78,6959,2653,2127,-14773
568,CNK,2020-10-08,0 days 15:59:09.270889,90687,8.79,8.78,6178,2034,-4151,2127
569,CNP,2020-10-08,0 days 15:56:03.230449,308148,21.31,21.3,5865,5291,-22572,2849
570,CNP,2020-10-08,0 days 15:56:04.230381,307220,21.31,21.3,6341,5190,928,-22572
571,CNP,2020-10-08,0 days 15:57:09.231992,309872,21.3,21.29,6811,5600,-160,452
572,CNP,2020-10-08,0 days 15:57:10.232672,308932,21.3,21.29,6962,5400,940,-160
573,CNP,2020-10-08,0 days 15:57:15.232260,309872,21.3,21.29,7000,5800,-560,940
574,CNP,2020-10-08,0 days 15:57:16.232490,309032,21.3,21.29,6700,6800,840,-560
575,CNP,2020-10-08,0 days 15:57:33.232672,309872,21.31,21.3,2094,12400,-3460,240
576,CNP,2020-10-08,0 days 15:57:34.232933,306332,21.31,21.3,1875,14000,3540,-3460
577,CNP,2020-10-08,0 days 15:57:47.233616,309872,21.32,21.31,9137,3450,-276,1124
578,CNP,2020-10-08,0 days 15:58:02.234198,308537,21.32,21.31,11362,1673,1344,-1777
579,CNP,2020-10-08,0 days 15:58:12.235459,313503,21.32,21.31,11384,1102,-4034,4066
580,CNP,2020-10-08,0 days 15:58:13.235631,309437,21.32,21.31,12600,1300,4066,-4034
581,CNP,2020-10-08,0 days 15:58:15.235391,313503,21.32,21.31,10015,3040,-2034,3566
582,CNP,2020-10-08,0 days 15:58:16.235566,309937,21.32,21.31,10682,1600,3566,-2034
583,CNP,2020-10-08,0 days 15:58:20.235742,313503,21.32,21.31,10504,1500,-4334,3266
584,CNP,2020-10-08,0 days 15:58:22.235563,310637,21.32,21.31,11736,1676,2866,-3834
585,CNP,2020-10-08,0 days 15:59:07.238114,314606,21.32,21.31,4151,7415,-2022,172
586,CNP,2020-10-08,0 days 15:59:47.238969,323792,21.32,21.31,3400,13255,-13857,2704
587,CNQ,2020-10-08,0 days 15:56:11.226692,47544,17.98,17.97,5313,6578,-784,1116
588,CNQ,2020-10-08,0 days 15:56:12.226294,46628,17.99,17.98,10980,5650,916,-784
589,CNQ,2020-10-08,0 days 15:57:19.229267,47544,17.98,17.97,9100,4341,-597,703
590,CNQ,2020-10-08,0 days 15:57:20.229026,46741,17.98,17.97,12600,3341,803,-597
591,CNQ,2020-10-08,0 days 15:58:08.232483,47544,17.98,17.97,4332,16671,-15,1585
592,CNQ,2020-10-08,0 days 15:58:10.231750,46902,17.98,17.97,12490,8171,642,-458
593,CNQ,2020-10-08,0 days 15:59:18.224043,47736,17.99,17.98,9558,5214,-972,363
594,CNQ,2020-10-08,0 days 15:59:19.224012,47308,17.99,17.98,9558,5214,428,-972
595,CNQ,2020-10-08,0 days 15:59:23.224755,47736,17.98,17.97,13058,7419,-524,428
596,CNQ,2020-10-08,0 days 15:59:24.224522,43860,17.98,17.97,11658,5641,3876,-524
597,CNQ,2020-10-08,0 days 15:59:31.226199,47936,17.98,17.97,1602,11254,-1767,2733
598,CNR,2020-10-08,0 days 15:59:17.216377,49294,9.76,9.74,407,400,-431,1003
599,CNX,2020-10-08,0 days 15:59:16.215418,186702,10.46,10.45,5569,4400,-25697,3323
600,CNX,2020-10-08,0 days 15:59:28.216003,241815,10.46,10.45,6232,2186,-5960,1316
601,COF,2020-10-08,0 days 15:55:00.208160,152291,80.3,80.27,129,100,12255,-12690
602,COF,2020-10-08,0 days 15:56:26.211511,168995,80.31,80.28,188,501,-1470,430
603,COF,2020-10-08,0 days 15:56:30.211159,170244,80.31,80.29,307,300,151,-349
604,COF,2020-10-08,0 days 15:56:31.211327,169795,80.31,80.29,307,239,-449,151
605,COF,2020-10-08,0 days 15:57:03.211712,169925,80.27,80.25,721,100,470,-130
606,COF,2020-10-08,0 days 15:57:04.212217,169595,80.29,80.26,281,300,-330,470
607,COF,2020-10-08,0 days 15:57:09.210880,169988,80.29,80.26,281,400,1948,-280
608,COF,2020-10-08,0 days 15:57:10.211319,169736,80.3,80.26,200,300,-252,1948
609,COF,2020-10-08,0 days 15:57:31.209903,170368,80.31,80.28,281,300,827,-497
610,COF,2020-10-08,0 days 15:57:32.211698,169995,80.31,80.28,200,200,-73,827
611,COF,2020-10-08,0 days 15:58:03.212263,240368,80.33,80.29,300,100,9773,-1573
612,COF,2020-10-08,0 days 15:59:33.216221,271422,80.28,80.24,100,146,-1040,2730
613,COF,2020-10-08,0 days 15:59:35.216775,266362,80.29,80.25,400,100,5060,-1040
614,COF,2020-10-08,0 days 15:59:47.214127,271322,80.31,80.28,100,100,-1392,988
615,COF,2020-10-08,0 days 15:59:48.215401,268480,80.32,80.28,209,200,2842,-1392
616,COG,2020-10-08,0 days 15:55:29.216297,351678,18.5,18.49,7011,7064,-16956,21544
617,COG,2020-10-08,0 days 15:55:30.215972,333834,18.49,18.48,7713,4305,17844,-16956
618,COG,2020-10-08,0 days 15:56:27.217160,375979,18.49,18.48,5060,4704,-9061,2539
619,COG,2020-10-08,0 days 15:56:28.217532,358871,18.49,18.48,5160,4305,17108,-9061
620,COG,2020-10-08,0 days 15:59:04.222251,382663,18.48,18.47,4600,6892,-18325,1127
621,COG,2020-10-08,0 days 15:59:05.221956,378388,18.48,18.47,2900,8292,3698,-18325
622,COG,2020-10-08,0 days 15:59:06.222096,369283,18.48,18.47,1800,8885,-2305,3698
623,COG,2020-10-08,0 days 15:59:07.222908,365988,18.48,18.47,1800,8885,3295,-2305
624,COP,2020-10-08,0 days 15:57:41.266057,427929,35.61,35.6,4900,1303,-364,2636
625,COP,2020-10-08,0 days 15:57:42.266244,426193,35.61,35.6,4500,2103,1736,-364
626,COP,2020-10-08,0 days 15:58:13.268279,427095,35.56,35.55,2000,2620,-285,3915
627,COP,2020-10-08,0 days 15:58:14.268726,423980,35.56,35.55,2804,1420,3115,-285
628,COP,2020-10-08,0 days 15:58:24.268623,429395,35.53,35.52,1200,2750,-2185,7415
629,COP,2020-10-08,0 days 15:58:25.268763,429080,35.53,35.52,1000,3089,315,-2185
630,COP,2020-10-08,0 days 15:58:27.268727,429395,35.53,35.52,1514,2550,-3485,315
631,COP,2020-10-08,0 days 15:58:28.269069,427580,35.53,35.52,1714,2950,1815,-3485
632,COP,2020-10-08,0 days 15:58:43.269570,431974,35.53,35.52,1559,2285,-5106,3094
633,COP,2020-10-08,0 days 15:58:44.268969,427880,35.53,35.52,3461,1485,4094,-5106
634,COP,2020-10-08,0 days 15:59:13.270723,470507,35.51,35.5,3799,1314,9593,-24238
635,COP,2020-10-08,0 days 15:59:15.269998,466400,35.51,35.5,2492,2223,-301,3999
636,COP,2020-10-08,0 days 15:59:18.269438,466501,35.51,35.5,605,3297,399,-101
637,COP,2020-10-08,0 days 15:59:19.269491,466200,35.51,35.5,305,3397,-301,399
638,COP,2020-10-08,0 days 15:59:23.269559,470501,35.52,35.51,2823,1536,354,-301
639,COP,2020-10-08,0 days 15:59:24.269919,470855,35.52,35.51,2223,1636,-3340,354
640,COP,2020-10-08,0 days 15:59:25.269851,470195,35.51,35.5,1731,1697,660,-3340
641,COP,2020-10-08,0 days 15:59:36.271042,470955,35.52,35.51,1266,3500,-164,236
642,COP,2020-10-08,0 days 15:59:43.270808,470955,35.52,35.51,4268,724,-1872,436
643,COTY,2020-10-08,0 days 15:58:02.644712,341707,3.74,3.73,81526,74655,-4826,19957
644,COTY,2020-10-08,0 days 15:58:03.644923,319433,3.74,3.73,81526,74655,22274,-4826
645,COTY,2020-10-08,0 days 15:58:07.645264,341707,3.74,3.73,81525,75259,-18698,22259
646,COTY,2020-10-08,0 days 15:58:08.645767,323105,3.74,3.73,81625,72459,18602,-18698
647,CPB,2020-10-08,0 days 15:55:12.217090,143173,48.32,48.31,420,100,876,-3124
648,CPB,2020-10-08,0 days 15:55:13.216644,140049,48.32,48.3,1205,431,-3124,876
649,CPB,2020-10-08,0 days 15:55:38.218297,147573,48.32,48.31,660,1228,2029,-1265
650,CPB,2020-10-08,0 days 15:55:39.220528,140602,48.34,48.32,1202,1084,-2571,2029
651,CPB,2020-10-08,0 days 15:58:36.218568,150222,48.38,48.36,448,112,747,-1453
652,CPRI,2020-10-08,0 days 15:56:03.206802,78365,21.06,21.05,3060,1201,-9505,3795
653,CPRI,2020-10-08,0 days 15:56:04.205973,76670,21.04,21.03,1512,1432,1695,-9505
654,CPRI,2020-10-08,0 days 15:56:09.206581,78365,21.04,21.03,1917,432,-2205,1695
655,CPRI,2020-10-08,0 days 15:56:10.206326,76570,21.04,21.03,2017,432,1795,-2205
656,CPRI,2020-10-08,0 days 15:56:11.207207,78365,21.04,21.03,1917,432,-1245,1795
657,CPRI,2020-10-08,0 days 15:56:12.206617,77210,21.04,21.03,2221,400,1155,-1245
658,CPRI,2020-10-08,0 days 15:57:39.208827,85165,21.06,21.05,2246,258,-865,1235
659,CPRI,2020-10-08,0 days 15:57:50.209830,83494,21.06,21.05,1600,400,-436,1835
660,CPRI,2020-10-08,0 days 15:57:51.209246,82430,21.08,21.06,400,1852,1064,-436
661,CPRI,2020-10-08,0 days 15:57:54.209779,83494,21.09,21.08,611,510,-536,1064
662,CPRI,2020-10-08,0 days 15:57:55.210130,82530,21.09,21.08,611,510,964,-536
663,CPRI,2020-10-08,0 days 15:58:08.212072,82094,21.11,21.1,800,1003,-204,1096
664,CPRI,2020-10-08,0 days 15:58:09.212674,81598,21.11,21.1,400,803,1963,-204
665,CPRI,2020-10-08,0 days 15:58:12.211597,83561,21.14,21.13,300,1068,-137,1263
666,CPRI,2020-10-08,0 days 15:58:13.211514,82498,21.12,21.11,700,200,1063,-137
667,CPRI,2020-10-08,0 days 15:58:31.211888,83561,21.16,21.15,900,642,-17,583
668,CPRI,2020-10-08,0 days 15:58:59.213348,83664,21.14,21.12,500,1000,8,-992
669,CRM,2020-10-08,0 days 15:59:38.239591,274504,260.39,260.26,100,567,-1311,1289
670,CRM,2020-10-08,0 days 15:59:40.240038,248072,260.27,260.19,100,400,26432,-1311
671,CRM,2020-10-08,0 days 15:59:41.239952,274504,260.32,260.22,550,206,-20579,26432
672,CRM,2020-10-08,0 days 15:59:42.239426,273885,260.31,260.19,751,100,619,-20579
673,CRM,2020-10-08,0 days 15:59:45.240501,274966,260.31,260.22,100,503,-1164,885
674,CRM,2020-10-08,0 days 15:59:46.240380,274534,260.32,260.23,100,300,1393,-1164
675,CRM,2020-10-08,0 days 15:59:47.239642,275950,260.47,260.35,100,650,-589,1393
676,CRM,2020-10-08,0 days 15:59:48.240120,275650,260.45,260.35,100,400,300,-589
677,CS,2020-10-08,0 days 15:59:01.647983,46361,10.59,10.58,116622,30399,16321,-21847
678,CS,2020-10-08,0 days 15:59:02.648838,44382,10.59,10.58,109574,29499,-3021,16321
679,CTVA,2020-10-08,0 days 15:56:00.210929,317052,32.26,32.25,724,5068,-5278,20722
680,CTVA,2020-10-08,0 days 15:57:15.211527,321149,32.2,32.19,2300,515,4337,-463
681,CTVA,2020-10-08,0 days 15:57:16.212198,319886,32.2,32.19,1400,1217,-1263,4337
682,CTVA,2020-10-08,0 days 15:57:24.209818,321249,32.21,32.2,918,4822,137,-163
683,CTVA,2020-10-08,0 days 15:57:25.210089,320186,32.21,32.2,837,4829,-963,137
684,CTVA,2020-10-08,0 days 15:57:59.211677,321249,32.22,32.21,1466,2501,1437,-863
685,CTVA,2020-10-08,0 days 15:58:00.212238,320386,32.22,32.21,1466,2736,-863,1437
686,CTVA,2020-10-08,0 days 15:58:06.212141,321249,32.22,32.21,1300,2310,651,-2149
687,CTVA,2020-10-08,0 days 15:58:07.212614,319100,32.22,32.21,1900,2217,-2049,651
688,CTVA,2020-10-08,0 days 15:58:12.213058,323245,32.22,32.21,1659,1751,9896,-3645
689,CTVA,2020-10-08,0 days 15:58:13.212827,319156,32.22,32.21,1659,2051,-4089,9896
690,CTVA,2020-10-08,0 days 15:58:15.212849,323245,32.22,32.21,1659,2045,1611,-1189
691,CTVA,2020-10-08,0 days 15:58:16.212961,322056,32.22,32.21,1759,2045,-1189,1611
692,CTVA,2020-10-08,0 days 15:58:21.213224,323381,32.22,32.21,2825,790,642,-958
693,CTVA,2020-10-08,0 days 15:58:23.212822,322223,32.22,32.21,2359,897,-1058,42
694,CTVA,2020-10-08,0 days 15:58:26.213498,323981,32.22,32.21,1359,1900,42,-3758
695,CTVA,2020-10-08,0 days 15:58:28.213927,320523,32.22,32.21,1259,2107,-3358,42
696,CTVA,2020-10-08,0 days 15:58:34.213457,323845,32.22,32.21,1659,2132,678,-1222
697,CTVA,2020-10-08,0 days 15:58:35.213941,322623,32.22,32.21,2059,1932,-1122,678
698,CTVA,2020-10-08,0 days 15:58:57.213854,326023,32.23,32.22,1135,600,-690,2810
699,CTVA,2020-10-08,0 days 15:58:58.214072,327513,32.23,32.22,200,1900,2338,-690
700,CTVA,2020-10-08,0 days 15:58:59.214155,326351,32.23,32.22,1081,1500,-362,2338
701,CTVA,2020-10-08,0 days 15:59:04.216130,339713,32.28,32.27,1119,1900,57151,-647
702,CTVA,2020-10-08,0 days 15:59:40.216595,380436,32.31,32.3,1200,1000,44914,-586
703,CTVA,2020-10-08,0 days 15:59:49.214841,425269,32.33,32.32,1900,861,78,-2623
704,CTVA,2020-10-08,0 days 15:59:50.218567,425347,32.33,32.32,1207,800,-1946,78
705,CVE,2020-10-08,0 days 15:55:00.638926,14377,4.17,4.16,157904,74690,-6374,7679
706,CVE,2020-10-08,0 days 15:57:19.643399,22555,4.17,4.16,179245,79355,2908,-2367
707,CVE,2020-10-08,0 days 15:59:02.648813,27873,4.16,4.15,343563,217400,-2510,2049
708,CVE,2020-10-08,0 days 15:59:36.649450,57980,4.16,4.15,335631,193463,23183,-30107
709,CVS,2020-10-08,0 days 15:56:49.220500,336465,60.44,60.43,1553,1893,-502,2939
710,CVS,2020-10-08,0 days 15:56:50.221103,332367,60.43,60.42,200,2100,4098,-502
711,CVS,2020-10-08,0 days 15:58:11.218197,361500,60.46,60.45,2000,500,3948,-123
712,CVS,2020-10-08,0 days 15:58:12.218559,368048,60.46,60.45,2245,700,-353,3948
713,CVS,2020-10-08,0 days 15:58:13.218321,362401,60.46,60.45,1556,2000,3247,-353
714,CVS,2020-10-08,0 days 15:59:06.220887,366237,60.47,60.46,2034,1582,2205,-2487
715,CVX,2020-10-08,0 days 15:55:50.641071,910173,75.36,75.34,1081,500,-2597,2830
716,CVX,2020-10-08,0 days 15:55:51.641191,898770,75.36,75.34,1192,900,11403,-2597
717,CVX,2020-10-08,0 days 15:56:25.641933,910887,75.35,75.34,1410,400,-14623,7272
718,CVX,2020-10-08,0 days 15:56:26.641687,902072,75.35,75.33,1400,1702,8815,-14623
719,CVX,2020-10-08,0 days 15:59:03.648565,935888,75.31,75.3,100,1700,-54069,52323
720,CVX,2020-10-08,0 days 15:59:29.648600,1026674,75.29,75.28,882,700,-2263,8437
721,CVX,2020-10-08,0 days 15:59:34.648667,1073179,75.29,75.28,1300,1005,1295,-1162
722,CVX,2020-10-08,0 days 15:59:43.649371,1068220,75.3,75.29,486,2432,-5509,11591
723,CVX,2020-10-08,0 days 15:59:55.650861,1063586,75.3,75.26,100,352,-25191,64073
724,CVX,2020-10-08,0 days 15:59:56.649361,1084674,75.28,75.25,100,878,64073,-25191
725,CVX,2020-10-08,0 days 15:59:57.649971,1075886,75.29,75.26,164,100,-13671,64073
726,CVX,2020-10-08,0 days 15:59:58.649861,1085454,75.25,75.22,464,1155,63293,-13671
727,CX,2020-10-08,0 days 15:59:04.234660,161631,4.08,4.07,118066,106007,-3035,11813
728,CX,2020-10-08,0 days 15:59:07.235446,164666,4.08,4.07,118166,98907,4029,-3035
729,CX,2020-10-08,0 days 15:59:48.226033,160361,4.09,4.08,76156,202830,4572,-4828
730,D,2020-10-08,0 days 15:55:51.211082,417079,82.11,82.08,1267,944,-430,1063
731,D,2020-10-08,0 days 15:56:04.210413,417509,82.12,82.09,500,200,665,-10
732,D,2020-10-08,0 days 15:56:19.210936,421147,82.1,82.08,803,235,-5162,3438
733,D,2020-10-08,0 days 15:56:26.211534,425989,82.07,82.05,603,200,7758,-4980
734,D,2020-10-08,0 days 15:59:16.215418,468144,82.15,82.12,400,687,-3123,9414
735,D,2020-10-08,0 days 15:59:45.215045,548488,82.09,82.07,315,100,-15359,2673
736,DAL,2020-10-08,0 days 15:55:41.218872,202059,32.66,32.65,2852,11983,-1560,584
737,DAL,2020-10-08,0 days 15:55:42.219003,201319,32.66,32.65,4507,10737,740,-1560
738,DAL,2020-10-08,0 days 15:57:33.215609,218359,32.66,32.65,3621,10719,-775,1325
739,DAL,2020-10-08,0 days 15:57:34.215332,216434,32.66,32.65,2619,12419,1925,-775
740,DAL,2020-10-08,0 days 15:57:45.216001,218359,32.66,32.65,2621,11812,-11575,725
741,DAL,2020-10-08,0 days 15:57:46.216110,217034,32.66,32.65,4670,1350,1325,-11575
742,DAL,2020-10-08,0 days 15:58:08.218013,214673,32.67,32.66,3800,2806,-1484,206
743,DAL,2020-10-08,0 days 15:58:48.219154,215125,32.67,32.66,1300,4067,448,-252
744,DB,2020-10-08,0 days 15:55:00.216952,37544,9.38,9.37,28130,53586,-6838,17211
745,DB,2020-10-08,0 days 15:59:36.220872,52624,9.37,9.36,27126,60508,378,-3361
746,DD,2020-10-08,0 days 15:55:00.666086,197290,59.17,59.16,1930,3153,-12205,2002
747,DD,2020-10-08,0 days 15:55:39.666983,209230,59.18,59.17,2970,938,5981,-559
748,DD,2020-10-08,0 days 15:55:41.666903,208750,59.18,59.17,2097,1138,-480,1848
749,DD,2020-10-08,0 days 15:55:46.667106,209273,59.18,59.17,2597,1186,14,-286
750,DD,2020-10-08,0 days 15:56:02.668651,206063,59.19,59.18,2805,2230,-3912,928
751,DD,2020-10-08,0 days 15:56:26.668073,210426,59.19,59.18,4122,1620,162,-538
752,DD,2020-10-08,0 days 15:58:25.673307,235482,59.21,59.2,2615,1957,-1549,4556
753,DD,2020-10-08,0 days 15:58:26.673443,233431,59.21,59.2,2615,1957,2051,-1549
754,DD,2020-10-08,0 days 15:59:01.674769,240164,59.24,59.23,300,400,-4367,2818
755,DD,2020-10-08,0 days 15:59:04.675307,239022,59.24,59.23,1040,859,1551,-2929
756,DD,2020-10-08,0 days 15:59:06.675328,240573,59.24,59.23,1140,1891,-4002,1551
757,DD,2020-10-08,0 days 15:59:07.677221,239709,59.24,59.23,1240,1991,864,-4002
758,DD,2020-10-08,0 days 15:59:31.676210,242772,59.27,59.26,300,500,3318,-143
759,DDD,2020-10-08,0 days 15:58:22.671218,144682,6.37,6.36,15591,8124,-3458,1541
760,DDD,2020-10-08,0 days 15:58:23.671384,140440,6.37,6.36,15691,8024,2941,-3458
761,DDD,2020-10-08,0 days 15:59:03.674044,143381,6.38,6.37,11629,4256,-2732,595
762,DDD,2020-10-08,0 days 15:59:04.674036,140713,6.38,6.37,11629,4256,2668,-2732
763,DDD,2020-10-08,0 days 15:59:16.676881,146077,6.38,6.37,6310,10270,-2072,1464
764,DELL,2020-10-08,0 days 15:55:00.224002,130430,68.61,68.6,375,396,-5853,51847
765,DELL,2020-10-08,0 days 15:59:04.234968,147095,68.68,68.66,300,134,6908,-964
766,DELL,2020-10-08,0 days 15:59:05.235059,144603,68.69,68.67,100,300,-2492,6908
767,DFS,2020-10-08,0 days 15:56:43.641723,184299,65.42,65.4,355,200,13466,-3634
768,DFS,2020-10-08,0 days 15:56:44.641861,181073,65.41,65.4,248,190,-3326,13466
769,DFS,2020-10-08,0 days 15:59:08.649365,211507,65.4,65.38,300,500,12127,-2986
770,DFS,2020-10-08,0 days 15:59:09.648560,208842,65.43,65.4,300,106,-3783,12127
771,DFS,2020-10-08,0 days 15:59:32.649161,213832,65.43,65.39,205,500,377,-2643
772,DFS,2020-10-08,0 days 15:59:46.650128,212619,65.4,65.36,700,400,-1234,5766
773,DHI,2020-10-08,0 days 15:59:19.219971,207380,77.72,77.69,235,100,2193,-5207
774,DHI,2020-10-08,0 days 15:59:41.221121,221634,77.71,77.69,200,300,-27757,78200
775,DHT,2020-10-08,0 days 15:56:11.219945,53545,5.39,5.38,11025,14379,880,-1020
776,DHT,2020-10-08,0 days 15:56:12.219797,50925,5.39,5.38,9725,14679,-2620,880
777,DHT,2020-10-08,0 days 15:59:46.222286,57644,5.39,5.38,4381,22542,-2435,2093
778,DIS,2020-10-08,0 days 15:59:40.222012,657864,123.1,123.09,58391,201,-47760,3240
779,DIS,2020-10-08,0 days 15:59:41.222151,656558,123.1,123.09,57598,100,1306,-47760
780,DOW,2020-10-08,0 days 15:58:15.212682,351579,49.29,49.28,851,1500,4316,-284
781,DOW,2020-10-08,0 days 15:59:01.214928,344817,49.29,49.28,392,340,-9179,1899
782,DOW,2020-10-08,0 days 15:59:02.214780,341896,49.3,49.29,100,434,21,-9179
783,DOW,2020-10-08,0 days 15:59:03.214935,341917,49.3,49.29,100,434,-121,21
784,DOW,2020-10-08,0 days 15:59:04.215917,340022,49.3,49.29,300,334,1895,-121
785,DOW,2020-10-08,0 days 15:59:18.214930,343161,49.32,49.31,100,500,-590,731
786,DOW,2020-10-08,0 days 15:59:19.215378,342551,49.32,49.31,100,1000,610,-590
787,DOW,2020-10-08,0 days 15:59:20.215541,343161,49.33,49.32,100,200,-25490,610
788,DOW,2020-10-08,0 days 15:59:21.215446,350951,49.32,49.3,400,200,1302,-25490
789,DOW,2020-10-08,0 days 15:59:24.215653,352253,49.33,49.31,300,300,-952,1302
790,DOW,2020-10-08,0 days 15:59:25.215822,351105,49.33,49.31,300,700,1148,-952
791,DOW,2020-10-08,0 days 15:59:31.216942,352253,49.32,49.31,300,100,-2912,2049
792,DT,2020-10-08,0 days 15:55:00.262105,43980,41.66,41.65,444,372,-70,15059
793,DT,2020-10-08,0 days 15:55:01.263072,42750,41.66,41.65,444,372,1230,-70
794,DT,2020-10-08,0 days 15:55:37.264208,44231,41.65,41.63,383,660,-169,1232
795,DT,2020-10-08,0 days 15:55:38.264296,43000,41.65,41.63,383,660,1231,-169
796,DT,2020-10-08,0 days 15:56:07.265281,45712,41.64,41.62,701,239,-1409,1412
797,DT,2020-10-08,0 days 15:56:08.265009,44621,41.64,41.62,701,102,1091,-1409
798,DT,2020-10-08,0 days 15:58:28.269053,50326,41.54,41.53,796,380,-27828,1572
799,DUK,2020-10-08,0 days 15:59:16.269788,243861,93.19,93.18,451,200,-18135,2465
800,DUK,2020-10-08,0 days 15:59:17.272015,239033,93.18,93.13,341,410,6928,-18135
801,DUK,2020-10-08,0 days 15:59:20.269860,245908,93.2,93.17,200,200,-1434,1875
802,DUK,2020-10-08,0 days 15:59:22.269542,245458,93.17,93.14,368,100,497,-13950
803,DUK,2020-10-08,0 days 15:59:26.269823,245955,93.19,93.16,200,122,-2617,497
804,DVN,2020-10-08,0 days 15:56:32.211633,490288,10.3,10.29,15824,14906,4425,-2375
805,DVN,2020-10-08,0 days 15:57:33.210358,498305,10.3,10.29,15602,24258,-4883,117
806,DVN,2020-10-08,0 days 15:57:42.210870,498305,10.3,10.29,18472,15530,-283,2217
807,DVN,2020-10-08,0 days 15:57:43.210575,496588,10.3,10.29,18572,16324,1717,-283
808,DVN,2020-10-08,0 days 15:57:47.211033,498305,10.3,10.29,20696,14511,-683,1617
809,DVN,2020-10-08,0 days 15:57:49.211334,497988,10.3,10.29,20115,14924,317,-683
810,DVN,2020-10-08,0 days 15:57:57.211506,498305,10.3,10.29,17880,14980,-1783,1617
811,DVN,2020-10-08,0 days 15:58:19.212920,505305,10.29,10.28,23424,10600,-3562,2238
812,DVN,2020-10-08,0 days 15:58:20.213165,502667,10.29,10.28,24243,9000,2638,-3562
813,DVN,2020-10-08,0 days 15:59:04.216157,509044,10.3,10.29,12855,20498,-16162,538
814,DXC,2020-10-08,0 days 15:55:25.666597,167159,20.01,20.0,802,2002,-2574,8626
815,DXC,2020-10-08,0 days 15:57:34.670055,199814,19.98,19.97,2277,799,1408,-2392
816,DXC,2020-10-08,0 days 15:57:35.669838,194522,19.98,19.97,1477,1999,-6564,1408
817,DXC,2020-10-08,0 days 15:57:49.670933,198022,19.98,19.97,1203,2220,-3064,36
818,DXC,2020-10-08,0 days 15:58:00.674150,196922,19.99,19.98,2800,1300,-4164,836
819,DXC,2020-10-08,0 days 15:59:12.675309,207935,19.98,19.97,1800,1500,331,-3631
820,DXC,2020-10-08,0 days 15:59:14.676118,208266,19.98,19.97,1723,1700,-1105,331
821,DXC,2020-10-08,0 days 15:59:32.676638,211033,19.98,19.97,700,2454,4891,-1405
822,EGO,2020-10-08,0 days 15:57:11.240326,22102,11.21,11.2,5243,17642,-791,3657
823,ELAN,2020-10-08,0 days 15:55:00.222875,247488,32.16,32.15,2851,1586,-13181,32904
824,ELAN,2020-10-08,0 days 15:56:10.226306,264629,32.12,32.11,1400,779,2749,-815
825,ELAN,2020-10-08,0 days 15:56:11.226552,263899,32.12,32.11,400,979,-730,2749
826,ELAN,2020-10-08,0 days 15:56:30.226815,264629,32.11,32.1,1047,788,149,-251
827,ELAN,2020-10-08,0 days 15:56:31.227087,264278,32.12,32.11,866,687,-351,149
828,ELAN,2020-10-08,0 days 15:56:46.227387,264629,32.11,32.1,1514,460,2849,-715
829,ELAN,2020-10-08,0 days 15:56:47.227178,264278,32.11,32.1,1806,160,-351,2849
830,ELAN,2020-10-08,0 days 15:57:41.230263,275407,32.13,32.12,654,1321,226,-560
831,ELAN,2020-10-08,0 days 15:57:47.230394,275407,32.15,32.14,865,934,5626,-674
832,ELAN,2020-10-08,0 days 15:57:48.230282,274933,32.15,32.14,865,1216,-474,5626
833,ELAN,2020-10-08,0 days 15:57:49.230266,275407,32.15,32.14,865,1216,1711,-474
834,ELAN,2020-10-08,0 days 15:58:02.230896,279107,32.16,32.15,1800,100,900,-5022
835,ELAN,2020-10-08,0 days 15:58:14.231859,295530,32.13,32.12,489,1093,896,-90
836,ELAN,2020-10-08,0 days 15:58:15.232356,294826,32.13,32.12,400,693,-690,896
837,ELAN,2020-10-08,0 days 15:59:21.223896,292993,32.15,32.13,576,1300,8897,-2364
838,ELAN,2020-10-08,0 days 15:59:31.226011,297693,32.17,32.15,500,600,181,-4019
839,ELAN,2020-10-08,0 days 15:59:35.224575,302993,32.17,32.16,400,700,585,-1815
840,ELAN,2020-10-08,0 days 15:59:43.225381,307022,32.16,32.13,500,600,-421,5629
841,ELF,2020-10-08,0 days 15:55:00.228886,44689,21.09,21.07,275,153,358,-4982
842,ELF,2020-10-08,0 days 15:55:57.231316,44745,21.11,21.07,100,784,-23,187
843,ELF,2020-10-08,0 days 15:55:58.231236,44668,21.11,21.07,100,784,77,-23
844,ELF,2020-10-08,0 days 15:56:14.231056,44745,21.11,21.07,200,1777,-459,777
845,ELF,2020-10-08,0 days 15:58:07.235747,45404,21.16,21.11,106,330,204,-659
846,ELF,2020-10-08,0 days 15:58:10.235938,45608,21.14,21.11,126,452,-141,204
847,ELF,2020-10-08,0 days 15:58:59.237682,45666,21.11,21.1,305,200,928,-58
848,ELF,2020-10-08,0 days 15:59:03.238410,46614,21.11,21.1,133,100,-82,136
849,ELF,2020-10-08,0 days 15:59:04.238646,46596,21.15,21.1,300,407,18,-82
850,ELF,2020-10-08,0 days 15:59:14.239209,46614,21.13,21.11,100,200,-80,118
851,ELF,2020-10-08,0 days 15:59:17.239044,48294,21.17,21.11,400,738,92,-180
852,ELF,2020-10-08,0 days 15:59:45.240659,50420,21.15,21.14,375,200,570,-112
853,ELF,2020-10-08,0 days 15:59:46.240802,50290,21.17,21.14,200,318,-130,570
854,ENB,2020-10-08,0 days 15:55:39.264887,25562,30.3,30.29,19857,9700,-4,126
855,ENB,2020-10-08,0 days 15:55:41.264054,25566,30.29,30.28,19192,6600,2488,-4
856,ENB,2020-10-08,0 days 15:57:24.265186,34135,30.3,30.29,7089,11546,-5531,4969
857,ENB,2020-10-08,0 days 15:57:25.265442,33366,30.3,30.29,4824,16501,769,-5531
858,ENB,2020-10-08,0 days 15:58:59.269858,36357,30.31,30.3,8547,4100,-304,799
859,ENB,2020-10-08,0 days 15:59:00.273119,35334,30.31,30.3,8447,4700,1023,-304
860,ENB,2020-10-08,0 days 15:59:18.269413,37374,30.32,30.31,6801,5224,-6209,1840
861,ENB,2020-10-08,0 days 15:59:19.269474,36983,30.32,30.31,9301,6024,191,-6209
862,ENB,2020-10-08,0 days 15:59:24.269904,36680,30.33,30.32,7871,8197,-403,191
863,ENB,2020-10-08,0 days 15:59:25.269851,36283,30.33,30.32,9800,4793,397,-403
864,ENB,2020-10-08,0 days 15:59:45.271704,36680,30.33,30.32,1200,15663,-2019,297
865,ENB,2020-10-08,0 days 15:59:46.270746,36499,30.33,30.32,1700,16163,181,-2019
866,ENLC,2020-10-08,0 days 15:59:01.220907,29261,2.71,2.7,11844,8064,-9957,16443
867,ENLC,2020-10-08,0 days 15:59:11.220398,25618,2.71,2.7,25962,3972,1243,-1457
868,ENLC,2020-10-08,0 days 15:59:36.220746,26861,2.71,2.7,12800,29086,-13357,15943
869,ENLC,2020-10-08,0 days 15:59:37.220904,25918,2.71,2.7,12800,28586,943,-13357
870,EOG,2020-10-08,0 days 15:59:04.270241,361615,37.61,37.6,500,1767,-1242,2094
871,EOG,2020-10-08,0 days 15:59:07.270507,352579,37.63,37.62,800,400,1272,-9014
872,EOG,2020-10-08,0 days 15:59:08.270859,353851,37.63,37.62,800,562,-20866,1272
873,EOG,2020-10-08,0 days 15:59:09.270837,348417,37.63,37.62,1105,200,670,-20866
874,EOG,2020-10-08,0 days 15:59:16.269747,359248,37.62,37.61,824,731,-1070,9160
875,EOG,2020-10-08,0 days 15:59:31.270584,356183,37.59,37.58,1064,598,4165,-1565
876,EPD,2020-10-08,0 days 15:55:26.237412,53509,17.14,17.13,11504,5274,-3024,3776
877,EPD,2020-10-08,0 days 15:58:02.239488,57098,17.14,17.13,15027,5900,-35,65
878,EQH,2020-10-08,0 days 15:57:40.216363,198844,21.15,21.14,4045,4163,-588,2012
879,EQH,2020-10-08,0 days 15:57:41.216102,190832,21.15,21.14,4193,4499,8012,-588
880,EQH,2020-10-08,0 days 15:58:01.217100,192800,21.15,21.14,4245,4708,-4232,1812
881,EQH,2020-10-08,0 days 15:58:02.217356,185932,21.15,21.14,4845,4018,6868,-4232
882,EQH,2020-10-08,0 days 15:59:03.220281,198854,21.15,21.14,1685,5977,-38283,4092
883,EQH,2020-10-08,0 days 15:59:04.220462,196837,21.15,21.14,1885,4314,2017,-38283
884,EQT,2020-10-08,0 days 15:57:33.215623,244512,14.47,14.46,3106,1019,-1438,1462
885,EQT,2020-10-08,0 days 15:57:34.215332,238550,14.47,14.46,3116,1255,5962,-1438
886,EQT,2020-10-08,0 days 15:59:02.221339,255294,14.47,14.46,2430,1700,965,-9435
887,EQT,2020-10-08,0 days 15:59:42.221551,260518,14.5,14.49,2999,2116,1142,-18958
888,EQT,2020-10-08,0 days 15:59:46.222377,261660,14.5,14.49,3499,4274,-2324,642
889,EQT,2020-10-08,0 days 15:59:47.221621,260684,14.5,14.49,3499,2084,976,-2324
890,ESGC,2020-10-08,0 days 15:58:09.232404,36383,2.64,2.63,6195,3400,6737,-101
891,ESI,2020-10-08,0 days 15:59:39.226184,105718,12.17,12.16,2407,13058,3306,-3194
892,ESI,2020-10-08,0 days 15:59:40.226143,103424,12.17,12.16,2607,9558,-2294,3306
893,ESI,2020-10-08,0 days 15:59:46.227171,105718,12.17,12.16,8300,9186,617,-2294
894,ESI,2020-10-08,0 days 15:59:48.226376,103635,12.17,12.16,9800,9186,-2083,617
895,ETRN,2020-10-08,0 days 15:55:00.213664,107992,8.61,8.6,1841,4576,-3701,15649
896,ETRN,2020-10-08,0 days 15:56:08.215731,113923,8.61,8.6,3780,4520,2481,-519
897,ETRN,2020-10-08,0 days 15:56:09.216219,110904,8.61,8.6,3580,4420,-3019,2481
898,ETRN,2020-10-08,0 days 15:57:21.218319,113923,8.61,8.6,2710,5585,6320,-80
899,ETRN,2020-10-08,0 days 15:57:22.218341,111843,8.61,8.6,2710,5785,-2080,6320
900,ETRN,2020-10-08,0 days 15:57:45.217863,114464,8.62,8.61,2417,7093,1348,-11
901,ETRN,2020-10-08,0 days 15:57:46.217848,113112,8.62,8.61,2107,7358,-1352,1348
902,ETRN,2020-10-08,0 days 15:58:02.218762,56898,8.62,8.61,2029,8675,52014,-746
903,ETRN,2020-10-08,0 days 15:59:02.221685,116716,8.62,8.61,5430,5566,3462,-2295
904,ETRN,2020-10-08,0 days 15:59:03.221163,115378,8.62,8.61,5430,5466,-1338,3462
905,ETRN,2020-10-08,0 days 15:59:04.221147,116716,8.62,8.61,5422,5583,1336,-1338
906,ETRN,2020-10-08,0 days 15:59:05.221575,115552,8.62,8.61,4875,5383,-1164,1336
907,ETRN,2020-10-08,0 days 15:59:08.222066,116716,8.62,8.61,5459,5083,6,-9
908,ETRN,2020-10-08,0 days 15:59:40.221489,118335,8.62,8.61,6670,15192,-542,2458
909,FCX,2020-10-08,0 days 15:55:00.664935,1047830,16.8,16.79,13638,21372,17294,-329897
910,FCX,2020-10-08,0 days 15:57:07.669652,1088419,16.8,16.79,8986,23883,-31345,9755
911,FCX,2020-10-08,0 days 15:57:08.669510,1075764,16.8,16.79,10186,23808,12655,-31345
912,FCX,2020-10-08,0 days 15:57:12.669860,1088769,16.8,16.79,8901,26188,-8393,13005
913,FCX,2020-10-08,0 days 15:57:13.669497,1087128,16.8,16.79,8901,25488,1641,-8393
914,FCX,2020-10-08,0 days 15:57:26.669575,1097725,16.8,16.79,8095,31068,144,-2690
915,FCX,2020-10-08,0 days 15:58:04.673073,1062759,16.8,16.79,21290,14800,11257,-2643
916,FDX,2020-10-08,0 days 15:55:32.225445,111137,271.58,271.49,100,100,-1064,840
917,FDX,2020-10-08,0 days 15:55:33.225255,110608,271.53,271.44,200,100,529,-1064
918,FDX,2020-10-08,0 days 15:56:08.226436,106966,271.72,271.65,100,208,-4674,621
919,FDX,2020-10-08,0 days 15:56:09.226780,106940,271.76,271.65,100,208,26,-4674
920,FDX,2020-10-08,0 days 15:56:16.227194,107366,271.75,271.64,100,120,-30,426
921,FDX,2020-10-08,0 days 15:56:17.226183,107296,271.75,271.66,100,100,70,-30
922,FDX,2020-10-08,0 days 15:56:54.227584,108514,271.59,271.53,200,111,-506,94
923,FDX,2020-10-08,0 days 15:57:10.228666,109020,271.45,271.35,100,109,154,-146
924,FDX,2020-10-08,0 days 15:57:11.228394,108874,271.43,271.35,200,109,-146,154
925,FDX,2020-10-08,0 days 15:57:27.229158,111068,271.42,271.29,100,100,1406,-346
926,FDX,2020-10-08,0 days 15:57:28.228966,110874,271.42,271.29,100,100,-194,1406
927,FDX,2020-10-08,0 days 15:57:36.229758,112137,271.34,271.23,100,100,437,-1339
928,FDX,2020-10-08,0 days 15:57:43.229700,112337,271.31,271.22,200,200,737,-263
929,FDX,2020-10-08,0 days 15:57:44.230320,112074,271.31,271.22,300,200,-263,737
930,FDX,2020-10-08,0 days 15:57:45.230470,111437,271.25,271.19,100,200,1038,-263
931,FDX,2020-10-08,0 days 15:57:46.231205,111275,271.25,271.16,200,120,-162,1038
932,FDX,2020-10-08,0 days 15:57:56.230514,112257,271.21,271.15,100,214,218,-299
933,FDX,2020-10-08,0 days 15:57:58.230599,111775,271.22,271.15,200,313,-482,218
934,FDX,2020-10-08,0 days 15:58:00.232028,112257,271.25,271.18,301,100,518,-482
935,FDX,2020-10-08,0 days 15:58:01.231513,111975,271.25,271.16,201,100,-199,518
936,FDX,2020-10-08,0 days 15:58:09.232482,114881,271.19,271.11,100,105,107,-493
937,FDX,2020-10-08,0 days 15:58:10.231612,114388,271.19,271.11,100,105,-593,107
938,FDX,2020-10-08,0 days 15:58:11.231606,114881,271.19,271.11,100,105,722,-593
939,FDX,2020-10-08,0 days 15:58:12.232169,114503,271.2,271.11,401,105,-378,722
940,FDX,2020-10-08,0 days 15:58:24.232868,114881,271.21,271.14,100,202,122,-1578
941,FDX,2020-10-08,0 days 15:58:25.232727,114503,271.21,271.14,100,202,-378,122
942,FDX,2020-10-08,0 days 15:59:08.235812,140537,271.29,271.18,600,100,119,-481
943,FDX,2020-10-08,0 days 15:59:10.235093,140656,271.29,271.18,500,100,-173,119
944,FDX,2020-10-08,0 days 15:59:23.224587,141859,271.21,271.1,200,200,99,-101
945,FDX,2020-10-08,0 days 15:59:31.225995,140022,271.27,271.18,400,640,-1837,99
946,FE,2020-10-08,0 days 15:59:16.215418,218258,31.29,31.28,500,3857,-12879,5280
947,FE,2020-10-08,0 days 15:59:20.215621,218354,31.28,31.27,3172,1300,722,-3061
948,FEAC,2020-10-08,0 days 15:55:00.639013,5460,12.47,12.45,656,371,-2746,5201
949,FEAC,2020-10-08,0 days 15:55:01.638538,5006,12.47,12.45,656,271,454,-2746
950,FEAC,2020-10-08,0 days 15:59:07.649530,10151,12.48,12.46,100,100,-59,214
951,FEAC,2020-10-08,0 days 15:59:09.648624,10210,12.48,12.46,100,100,1339,-59
952,FEAC,2020-10-08,0 days 15:59:46.650201,11549,12.49,12.41,100,900,-161,939
953,FEAC,2020-10-08,0 days 15:59:48.650778,11110,12.49,12.46,100,200,439,-161
954,FHN,2020-10-08,0 days 15:55:00.664959,462535,10.86,10.85,16529,14333,-64229,231450
955,FHN,2020-10-08,0 days 15:55:01.664379,409274,10.85,10.84,13200,16107,53261,-64229
956,FHN,2020-10-08,0 days 15:58:10.673681,514874,10.83,10.82,28021,5053,-4697,16763
957,FHN,2020-10-08,0 days 15:58:11.672830,501371,10.83,10.82,27621,5953,16912,-4697
958,FHN,2020-10-08,0 days 15:59:01.674502,651065,10.83,10.82,19768,18466,-289,4815
959,FHN,2020-10-08,0 days 15:59:17.674898,635733,10.83,10.82,30269,8900,12538,-1816
960,FHN,2020-10-08,0 days 15:59:22.675467,664371,10.83,10.81,56719,16100,-11527,15658
961,FHN,2020-10-08,0 days 15:59:36.676241,644130,10.83,10.82,33595,13700,7192,-8008
962,FHN,2020-10-08,0 days 15:59:42.676542,664522,10.83,10.82,49663,677,-1408,4192
963,FIS,2020-10-08,0 days 15:55:00.261585,349837,146.45,146.42,200,434,-369,11809
964,FIS,2020-10-08,0 days 15:55:03.265703,350206,146.49,146.44,200,305,310,-369
965,FIS,2020-10-08,0 days 15:55:04.261677,349916,146.49,146.44,100,305,-290,310
966,FIS,2020-10-08,0 days 15:55:08.262382,350206,146.47,146.44,100,100,1110,-290
967,FIS,2020-10-08,0 days 15:55:09.262176,350016,146.46,146.43,200,910,-190,1110
968,FIS,2020-10-08,0 days 15:55:25.263173,350138,146.38,146.34,100,200,1078,-322
969,FIS,2020-10-08,0 days 15:55:26.263526,349936,146.39,146.34,100,200,-202,1078
970,FIS,2020-10-08,0 days 15:55:37.264135,350138,146.37,146.34,100,119,221,-119
971,FIS,2020-10-08,0 days 15:55:38.264240,349959,146.36,146.34,100,320,-179,221
972,FIS,2020-10-08,0 days 15:55:40.265592,350138,146.38,146.35,100,205,207,-159
973,FIS,2020-10-08,0 days 15:55:41.263911,350345,146.4,146.37,300,300,-72,207
974,FIS,2020-10-08,0 days 15:55:56.264524,350545,146.5,146.46,100,612,1277,-40
975,FIS,2020-10-08,0 days 15:56:10.265254,352622,146.49,146.46,500,100,-423,377
976,FIS,2020-10-08,0 days 15:56:11.265607,352445,146.49,146.46,400,100,177,-423
977,FIS,2020-10-08,0 days 15:56:19.265157,351222,146.48,146.45,200,134,-123,1277
978,FIS,2020-10-08,0 days 15:56:26.265921,351497,146.44,146.42,200,310,2325,-275
979,FIS,2020-10-08,0 days 15:57:18.267762,354107,146.46,146.44,300,495,-634,366
980,FIS,2020-10-08,0 days 15:57:21.267388,354589,146.43,146.38,200,400,18,-382
981,FIS,2020-10-08,0 days 15:57:22.267672,354507,146.43,146.38,200,400,-82,18
982,FIS,2020-10-08,0 days 15:57:27.265492,354641,146.43,146.4,393,300,866,-134
983,FIS,2020-10-08,0 days 15:57:38.266039,361407,146.43,146.4,869,100,-2566,666
984,FIS,2020-10-08,0 days 15:57:39.265795,360769,146.42,146.39,100,109,638,-2566
985,FIS,2020-10-08,0 days 15:57:40.266414,361907,146.44,146.43,152,100,-262,638
986,FIS,2020-10-08,0 days 15:57:41.265976,361469,146.46,146.43,200,100,438,-262
987,FIS,2020-10-08,0 days 15:57:44.266041,361907,146.47,146.45,430,140,-1562,438
988,FIS,2020-10-08,0 days 15:57:46.265996,361469,146.46,146.43,100,261,438,-1662
989,FIS,2020-10-08,0 days 15:57:56.266086,366107,146.46,146.43,200,234,-1447,753
990,FIS,2020-10-08,0 days 15:57:58.266052,365354,146.47,146.44,413,340,753,-1447
991,FIS,2020-10-08,0 days 15:58:00.268795,366107,146.47,146.46,272,100,-2547,753
992,FIS,2020-10-08,0 days 15:58:36.269122,358244,146.51,146.47,100,100,-149,23
993,FIS,2020-10-08,0 days 15:58:44.268898,363577,146.55,146.51,129,440,1267,-533
994,FIS,2020-10-08,0 days 15:58:45.269150,363244,146.55,146.51,129,701,-333,1267
995,FIS,2020-10-08,0 days 15:59:07.270311,364598,146.54,146.49,550,100,4394,-307
996,FIT,2020-10-08,0 days 15:59:17.220558,495867,6.88,6.87,35413,21800,-39392,5616
997,FIT,2020-10-08,0 days 15:59:43.221473,514722,6.88,6.87,46252,19342,2353,-7400
998,FIT,2020-10-08,0 days 15:59:46.221963,516775,6.88,6.87,45350,16142,-15227,1253
999,FIT,2020-10-08,0 days 15:59:47.221555,515772,6.88,6.87,45350,16142,1003,-15227
1000,FIT,2020-10-08,0 days 15:59:48.222015,516775,6.88,6.87,45350,16142,-21165,1003
1001,FL,2020-10-08,0 days 15:55:10.262563,79072,38.28,38.27,600,100,-2925,1662
1002,FL,2020-10-08,0 days 15:55:11.262803,77797,38.28,38.27,600,100,1275,-2925
1003,FL,2020-10-08,0 days 15:56:10.265301,100329,38.34,38.32,738,1596,-280,3015
1004,FL,2020-10-08,0 days 15:56:14.265287,97859,38.34,38.33,1079,606,2470,-1430
1005,FL,2020-10-08,0 days 15:57:42.266244,100339,38.32,38.31,300,726,-30,170
1006,FL,2020-10-08,0 days 15:57:44.266120,98769,38.32,38.31,810,826,1570,-330
1007,FL,2020-10-08,0 days 15:58:00.268905,100339,38.34,38.33,100,809,-30,270
1008,FL,2020-10-08,0 days 15:58:02.267443,99031,38.34,38.33,102,431,1408,-30
1009,FL,2020-10-08,0 days 15:58:08.268717,99431,38.33,38.3,1328,200,1008,-292
1010,FL,2020-10-08,0 days 15:58:55.270019,100061,38.39,38.38,300,268,-1165,503
1011,FL,2020-10-08,0 days 15:58:56.269408,99226,38.39,38.37,400,600,835,-1165
1012,FL,2020-10-08,0 days 15:59:05.270384,100556,38.4,38.38,153,300,-826,327
1013,FL,2020-10-08,0 days 15:59:08.270869,101838,38.38,38.36,110,100,-2574,2056
1014,FLR,2020-10-08,0 days 15:58:02.239525,71439,11.03,11.02,1528,4744,4791,-495
1015,FLR,2020-10-08,0 days 15:58:03.239994,70130,11.03,11.02,2541,3244,-1309,4791
1016,FLR,2020-10-08,0 days 15:58:12.240396,71439,11.02,11.01,2300,3000,24,-1053
1017,FLR,2020-10-08,0 days 15:58:17.240440,70063,11.02,11.01,2346,3567,-1376,24
1018,FLR,2020-10-08,0 days 15:59:17.242907,92039,11.03,11.02,3287,7333,7070,-1097
1019,FLR,2020-10-08,0 days 15:59:18.242679,90209,11.03,11.02,3087,6433,-1830,7070
1020,FLR,2020-10-08,0 days 15:59:49.239262,91143,11.04,11.03,6062,2303,-1078,1722
1021,FNB,2020-10-08,0 days 15:55:37.237750,106314,7.61,7.6,22493,10533,-1364,762
1022,FNB,2020-10-08,0 days 15:55:38.238246,104378,7.61,7.6,22479,10533,1936,-1364
1023,FNB,2020-10-08,0 days 15:59:47.244223,132902,7.61,7.6,24818,8988,1735,-4465
1024,FSLY,2020-10-08,0 days 15:55:00.222822,234345,116.17,116.06,100,881,-196,205090
1025,FSLY,2020-10-08,0 days 15:55:01.224113,232241,116.23,116.06,100,917,2104,-196
1026,FSLY,2020-10-08,0 days 15:57:35.229711,237847,115.66,115.58,408,300,-6955,1645
1027,FSLY,2020-10-08,0 days 15:57:36.229782,236602,115.66,115.58,408,200,1245,-6955
1028,FSLY,2020-10-08,0 days 15:59:08.235812,256666,115.99,115.9,100,129,-781,9419
1029,FSLY,2020-10-08,0 days 15:59:09.235296,256447,115.99,115.9,100,132,119,-781
1030,FSLY,2020-10-08,0 days 15:59:15.223638,258622,116.0,115.82,240,100,-36942,3775
1031,FSM,2020-10-08,0 days 15:55:49.667018,23942,6.41,6.4,10280,41172,388,-712
1032,FSM,2020-10-08,0 days 15:59:18.675227,24747,6.42,6.41,56375,8129,-224,171
1033,FSM,2020-10-08,0 days 15:59:46.677467,24871,6.42,6.41,57118,3413,176,-124
1034,FTCH,2020-10-08,0 days 15:55:00.235508,46923,26.73,26.72,1035,865,255,-21809
1035,FTCH,2020-10-08,0 days 15:57:16.241056,49885,26.69,26.68,954,600,-5843,523
1036,FTCH,2020-10-08,0 days 15:59:17.242938,82018,26.67,26.66,1736,600,4768,-1709
1037,FTCH,2020-10-08,0 days 15:59:18.242725,83786,26.67,26.66,1481,700,-473,4768
1038,FTCH,2020-10-08,0 days 15:59:45.244588,84259,26.67,26.66,1300,1030,3626,-73
1039,FTI,2020-10-08,0 days 15:58:11.218161,188396,7.06,7.05,42825,13983,-848,6889
1040,FTI,2020-10-08,0 days 15:58:12.218559,185544,7.06,7.05,43250,11771,2852,-848
1041,FTI,2020-10-08,0 days 15:58:20.218109,188396,7.06,7.05,48725,7973,-1848,2852
1042,FTI,2020-10-08,0 days 15:58:21.218602,185544,7.06,7.05,47837,7273,2852,-1848
1043,FTI,2020-10-08,0 days 15:59:06.220848,190561,7.06,7.05,29067,21611,-11292,1681
1044,FTI,2020-10-08,0 days 15:59:07.220322,189450,7.06,7.05,28667,26811,1111,-11292
1045,FTI,2020-10-08,0 days 15:59:16.220269,204263,7.07,7.06,23074,25527,1038,-9390
1046,FTI,2020-10-08,0 days 15:59:42.221431,199988,7.08,7.07,11660,47707,565,-3935
1047,FTI,2020-10-08,0 days 15:59:45.222159,200553,7.08,7.07,10353,46307,-3835,565
1048,FTV,2020-10-08,0 days 15:55:00.216060,150884,81.9,81.89,184,840,2817,-22024
1049,FTV,2020-10-08,0 days 15:57:16.215481,166223,81.95,81.94,789,3213,10152,-948
1050,FTV,2020-10-08,0 days 15:57:38.215554,176475,81.96,81.94,908,5171,-256,344
1051,FTV,2020-10-08,0 days 15:57:39.215558,176431,81.94,81.93,400,100,44,-256
1052,FTV,2020-10-08,0 days 15:57:41.216151,176475,81.96,81.94,600,500,-856,44
1053,FTV,2020-10-08,0 days 15:58:10.217752,187321,81.96,81.95,2142,2692,187,-313
1054,FTV,2020-10-08,0 days 15:58:45.219738,202090,81.94,81.93,500,2000,518,-5315
1055,FTV,2020-10-08,0 days 15:59:46.222336,217568,81.83,81.79,2100,200,-6968,3385
1056,FTV,2020-10-08,0 days 15:59:47.221575,216736,81.8,81.78,100,200,315,-6968
1057,FTV,2020-10-08,0 days 15:59:57.223501,216116,81.87,81.76,300,600,-1320,1080
1058,FTV,2020-10-08,0 days 15:59:59.221330,215936,81.8,81.76,100,200,1080,-1880
1059,G,2020-10-08,0 days 15:59:07.222736,73572,38.86,38.85,1402,940,-1389,725
1060,G,2020-10-08,0 days 15:59:37.221025,80899,38.85,38.84,1574,609,-39982,1027
1061,GE,2020-10-08,0 days 15:55:51.641144,3591744,6.66,6.65,297397,216205,21720,-7350
1062,GE,2020-10-08,0 days 15:55:52.640692,3572064,6.66,6.65,297397,216305,-19680,21720
1063,GE,2020-10-08,0 days 15:57:02.642638,3593741,6.66,6.65,336392,209399,86861,-15453
1064,GE,2020-10-08,0 days 15:57:03.642335,3549904,6.66,6.65,336423,209399,-43837,86861
1065,GFI,2020-10-08,0 days 15:59:46.677247,92358,12.27,12.26,10361,29371,-2759,231
1066,GGB,2020-10-08,0 days 15:59:36.225053,29258,3.98,3.97,200774,340750,-12594,16906
1067,GGB,2020-10-08,0 days 15:59:37.225205,28252,3.98,3.97,200774,340650,1006,-12594
1068,GIS,2020-10-08,0 days 15:55:13.229590,471023,61.3,61.29,1165,604,2917,-10083
1069,GIS,2020-10-08,0 days 15:55:25.230293,473961,61.31,61.3,1115,1814,-10380,2620
1070,GIS,2020-10-08,0 days 15:55:38.230363,484041,61.31,61.3,1708,2913,1064,-9516
1071,GIS,2020-10-08,0 days 15:56:02.231268,474392,61.38,61.37,1230,1392,-282,10298
1072,GIS,2020-10-08,0 days 15:56:11.231538,475094,61.38,61.37,620,2405,755,-641
1073,GIS,2020-10-08,0 days 15:57:27.233153,483993,61.4,61.39,200,2385,-5344,7656
1074,GIS,2020-10-08,0 days 15:57:49.234504,476419,61.38,61.37,1600,1611,7574,-4826
1075,GIS,2020-10-08,0 days 15:58:00.236506,482193,61.39,61.38,1800,303,-6626,7574
1076,GIS,2020-10-08,0 days 15:58:28.237797,485905,61.36,61.35,1841,1801,2251,-749
1077,GIS,2020-10-08,0 days 15:58:39.237536,488156,61.36,61.35,1245,2302,-10749,2251
1078,GIS,2020-10-08,0 days 15:59:15.238522,509396,61.37,61.35,900,2800,22743,-14289
1079,GLW,2020-10-08,0 days 15:57:47.210967,331153,35.12,35.11,1911,2922,559,-3141
1080,GLW,2020-10-08,0 days 15:57:49.211293,330807,35.13,35.12,2060,3221,-346,159
1081,GLW,2020-10-08,0 days 15:57:59.211633,331153,35.11,35.1,2800,1800,1554,-1746
1082,GLW,2020-10-08,0 days 15:58:05.212131,331153,35.13,35.12,1951,2415,234,-566
1083,GLW,2020-10-08,0 days 15:58:31.213169,330142,35.17,35.16,2300,3492,-1011,789
1084,GLW,2020-10-08,0 days 15:58:37.213439,331153,35.17,35.16,603,5586,2089,-911
1085,GLW,2020-10-08,0 days 15:58:58.214023,333003,35.2,35.19,1000,5233,-2057,1491
1086,GLW,2020-10-08,0 days 15:59:15.215670,337475,35.19,35.18,3157,2528,22610,-8308
1087,GLW,2020-10-08,0 days 15:59:47.214218,426313,35.24,35.23,140,6565,-363,4068
1088,GLW,2020-10-08,0 days 15:59:48.215543,424685,35.25,35.23,3200,6447,1628,-363
1089,GM,2020-10-08,0 days 15:56:26.667977,2522732,32.29,32.28,6436,6101,204,-496
1090,GM,2020-10-08,0 days 15:56:40.668256,2504067,32.27,32.26,16659,700,-18715,2385
1091,GM,2020-10-08,0 days 15:59:12.675129,2667058,32.22,32.21,5299,26400,6810,-58915
1092,GM,2020-10-08,0 days 15:59:14.675924,2655303,32.21,32.2,4199,6600,-18659,12445
1093,GM,2020-10-08,0 days 15:59:28.675660,2658296,32.2,32.19,2800,8778,-15666,30934
1094,GME,2020-10-08,0 days 15:55:00.215703,125188,13.23,13.22,718,408,-2397,22894
1095,GME,2020-10-08,0 days 15:59:08.220421,232505,13.6,13.59,200,100,9987,-6417
1096,GNW,2020-10-08,0 days 15:59:08.220616,140759,3.45,3.44,24343,25529,5578,-6806
1097,GNW,2020-10-08,0 days 15:59:09.220901,136437,3.45,3.44,18900,25429,-4322,5578
1098,GOLD,2020-10-08,0 days 15:55:37.218862,136112,27.25,27.24,11858,14411,4360,-3056
1099,GOLD,2020-10-08,0 days 15:55:38.218536,133672,27.25,27.24,12758,13411,-2440,4360
1100,GOLD,2020-10-08,0 days 15:55:49.219637,136112,27.25,27.24,10630,16755,2337,-2333
1101,GOLD,2020-10-08,0 days 15:55:50.219461,134149,27.25,27.24,10630,16955,-1963,2337
1102,GOLD,2020-10-08,0 days 15:59:08.220634,149030,27.27,27.26,15955,14106,9,-1998
1103,GOLD,2020-10-08,0 days 15:59:22.220587,148779,27.28,27.27,16778,20819,-451,1749
1104,GPK,2020-10-08,0 days 15:55:26.230282,147238,14.53,14.52,15582,3302,-285,315
1105,GPK,2020-10-08,0 days 15:55:38.230385,140237,14.52,14.51,14472,8100,7001,-4299
1106,GPK,2020-10-08,0 days 15:59:23.238449,165501,14.53,14.52,8700,15496,5047,-2853
1107,GPK,2020-10-08,0 days 15:59:47.239856,168248,14.54,14.53,8539,15513,-11103,1697
1108,GPK,2020-10-08,0 days 15:59:48.240364,165551,14.54,14.53,8539,15013,2697,-11103
1109,GPS,2020-10-08,0 days 15:58:12.220373,198799,19.89,19.88,2120,4500,-19389,440
1110,GRUB,2020-10-08,0 days 15:55:08.223997,21294,73.88,73.84,200,700,-1370,330
1111,GRUB,2020-10-08,0 days 15:55:09.223865,21064,73.88,73.84,400,500,230,-1370
1112,GRUB,2020-10-08,0 days 15:57:14.228839,21894,73.88,73.85,200,500,-24,276
1113,GRUB,2020-10-08,0 days 15:57:15.228509,21618,73.88,73.85,200,500,276,-24
1114,GRUB,2020-10-08,0 days 15:58:16.232315,22477,73.91,73.88,400,199,-50,250
1115,GRUB,2020-10-08,0 days 15:58:17.232181,22227,73.91,73.88,400,199,250,-50
1116,GRUB,2020-10-08,0 days 15:58:25.232794,22477,73.91,73.88,400,199,-1531,250
1117,GRUB,2020-10-08,0 days 15:58:26.232626,22308,73.91,73.88,600,199,169,-1531
1118,GRUB,2020-10-08,0 days 15:58:59.234055,22502,73.91,73.87,304,432,-185,73
1119,GSK,2020-10-08,0 days 15:55:54.219563,21503,37.16,37.15,481,10886,5690,-2610
1120,GSK,2020-10-08,0 days 15:59:49.222514,51737,37.17,37.16,5448,8109,-1549,869
1121,HAL,2020-10-08,0 days 15:55:00.227553,484525,12.76,12.75,13101,13233,-3326,63781
1122,HAL,2020-10-08,0 days 15:56:02.231193,488274,12.76,12.75,7679,25413,6098,-1102
1123,HAL,2020-10-08,0 days 15:56:08.230823,486972,12.75,12.74,20510,18289,-1302,498
1124,HAL,2020-10-08,0 days 15:56:12.231114,488274,12.75,12.74,12218,23569,598,-1302
1125,HAL,2020-10-08,0 days 15:56:13.230865,483072,12.75,12.74,12718,23669,-5202,598
1126,HAL,2020-10-08,0 days 15:57:32.234890,489074,12.77,12.76,17713,20141,2009,-7091
1127,HAL,2020-10-08,0 days 15:57:35.234125,492283,12.77,12.76,12433,20544,-1591,2009
1128,HAL,2020-10-08,0 days 15:57:51.234378,506074,12.77,12.76,12265,23357,6909,-8591
1129,HAL,2020-10-08,0 days 15:57:52.234231,504583,12.77,12.76,12996,26183,-691,6909
1130,HAL,2020-10-08,0 days 15:57:55.234103,509374,12.77,12.76,11281,29631,909,-3991
1131,HAL,2020-10-08,0 days 15:57:56.234323,507583,12.77,12.76,10874,26414,-3191,909
1132,HAL,2020-10-08,0 days 15:57:58.234990,511574,12.77,12.76,10974,25214,1309,-3191
1133,HAL,2020-10-08,0 days 15:57:59.234290,509583,12.77,12.76,9544,25171,-1191,1309
1134,HAL,2020-10-08,0 days 15:58:15.236118,514383,12.76,12.75,24081,25904,-2173,5627
1135,HAL,2020-10-08,0 days 15:59:03.238204,498990,12.79,12.78,11859,27246,-2981,55679
1136,HBI,2020-10-08,0 days 15:55:00.666138,237814,16.97,16.96,11117,6123,-27689,131052
1137,HBI,2020-10-08,0 days 15:55:01.664650,229003,16.96,16.95,2300,13626,8811,-27689
1138,HBI,2020-10-08,0 days 15:55:48.667368,238659,16.97,16.96,7706,9095,-6809,9656
1139,HBI,2020-10-08,0 days 15:55:49.667018,231268,16.97,16.96,8619,8000,7391,-6809
1140,HBI,2020-10-08,0 days 15:57:12.669991,237611,16.99,16.98,7921,3701,-4782,2961
1141,HBI,2020-10-08,0 days 15:57:13.669529,231293,16.99,16.98,9521,3985,6318,-4782
1142,HBI,2020-10-08,0 days 15:57:49.670923,250311,16.99,16.98,7718,6582,-1632,718
1143,HBI,2020-10-08,0 days 15:57:50.671365,245843,16.99,16.98,10450,5082,4468,-1632
1144,HBI,2020-10-08,0 days 15:58:00.674150,240243,16.99,16.98,2900,8811,-7600,1907
1145,HBI,2020-10-08,0 days 15:58:01.672754,233543,16.99,16.98,9128,6011,6700,-7600
1146,HBI,2020-10-08,0 days 15:59:03.675414,238610,16.97,16.96,3482,7751,-2664,148
1147,HBI,2020-10-08,0 days 15:59:04.675307,235374,16.97,16.96,5482,7641,3261,-2664
1148,HBI,2020-10-08,0 days 15:59:08.675274,238635,16.98,16.97,13895,1649,-1094,581
1149,HBI,2020-10-08,0 days 15:59:15.675386,237390,16.98,16.97,12188,4031,1732,-6855
1150,HBI,2020-10-08,0 days 15:59:32.676628,240771,16.98,16.97,7200,11325,-7796,511
1151,HD,2020-10-08,0 days 15:55:00.215839,224825,284.95,284.89,101,306,-1911,52992
1152,HD,2020-10-08,0 days 15:55:01.217680,222811,284.9,284.85,300,184,2014,-1911
1153,HD,2020-10-08,0 days 15:56:05.220020,229308,284.89,284.84,100,310,-101,1199
1154,HD,2020-10-08,0 days 15:56:09.219932,227839,284.86,284.82,100,189,1469,-131
1155,HD,2020-10-08,0 days 15:59:08.220506,249526,284.7,284.63,200,100,-2407,548
1156,HD,2020-10-08,0 days 15:59:09.220740,247633,284.7,284.63,100,400,1893,-2407
1157,HD,2020-10-08,0 days 15:59:14.220941,249526,284.72,284.68,100,100,-1803,1893
1158,HD,2020-10-08,0 days 15:59:16.220349,249250,284.69,284.66,100,100,1136,-6087
1159,HD,2020-10-08,0 days 15:59:21.220450,250386,284.79,284.63,300,200,-1686,375
1160,HD,2020-10-08,0 days 15:59:22.220469,250072,284.68,284.61,301,100,314,-1686
1161,HD,2020-10-08,0 days 15:59:31.221286,251786,284.67,284.58,301,400,-3212,539
1162,HD,2020-10-08,0 days 15:59:36.220793,255445,284.73,284.7,200,300,141,-802
1163,HD,2020-10-08,0 days 15:59:42.221476,254986,284.67,284.59,300,475,-269,4531
1164,HD,2020-10-08,0 days 15:59:50.226376,260960,284.64,284.58,100,699,1126,-570
1165,HES,2020-10-08,0 days 15:56:30.265921,201013,38.54,38.51,402,661,-7649,7851
1166,HES,2020-10-08,0 days 15:56:31.265588,196962,38.52,38.5,200,310,4051,-7649
1167,HES,2020-10-08,0 days 15:58:16.268483,217296,38.54,38.52,448,412,4158,-1042
1168,HES,2020-10-08,0 days 15:59:07.270240,250117,38.53,38.49,200,700,-21374,7676
1169,HES,2020-10-08,0 days 15:59:08.270623,245760,38.53,38.49,200,800,4357,-21374
1170,HES,2020-10-08,0 days 15:59:33.270383,254869,38.56,38.54,400,800,1120,-778
1171,HES,2020-10-08,0 days 15:59:40.271368,252119,38.58,38.56,1700,100,570,-5180
1172,HES,2020-10-08,0 days 15:59:48.269928,252287,38.58,38.56,900,100,479,-4284
1173,HFC,2020-10-08,0 days 15:56:37.668420,153334,21.44,21.43,890,1333,260,-3066
1174,HFC,2020-10-08,0 days 15:56:38.668394,150194,21.45,21.44,760,1570,-3140,260
1175,HFC,2020-10-08,0 days 15:59:00.674461,158281,21.45,21.44,226,945,302,-1618
1176,HFC,2020-10-08,0 days 15:59:15.675148,157585,21.5,21.49,464,100,-1479,7990
1177,HFC,2020-10-08,0 days 15:59:23.676172,163633,21.5,21.49,800,306,51,-5048
1178,HFC,2020-10-08,0 days 15:59:34.675571,161685,21.51,21.49,2100,946,-1948,1752
1179,HFC,2020-10-08,0 days 15:59:44.676939,163733,21.49,21.47,401,1349,3871,-126
1180,HFC,2020-10-08,0 days 15:59:46.677150,163113,21.5,21.49,1300,434,-620,5480
1181,HFC,2020-10-08,0 days 15:59:48.677570,163833,21.5,21.48,1212,200,575,-520
1182,HFC,2020-10-08,0 days 15:59:49.677374,163208,21.5,21.48,1212,300,-525,575
1183,HIG,2020-10-08,0 days 15:59:45.226671,264855,39.29,39.28,149,600,-4933,3878
1184,HIG,2020-10-08,0 days 15:59:47.225529,257140,39.3,39.29,560,1300,7715,-133
1185,HL,2020-10-08,0 days 15:59:36.649346,172423,5.21,5.2,57387,69284,3505,-4235
1186,HL,2020-10-08,0 days 15:59:37.649239,172028,5.21,5.2,57387,65784,-395,3505
1187,HLT,2020-10-08,0 days 15:55:03.215984,91389,92.65,92.56,501,524,351,-449
1188,HLT,2020-10-08,0 days 15:55:04.215221,90940,92.63,92.57,100,100,-449,351
1189,HLT,2020-10-08,0 days 15:55:16.216194,91584,92.58,92.53,100,200,156,-644
1190,HLT,2020-10-08,0 days 15:55:17.215526,91140,92.58,92.53,100,200,-444,156
1191,HLT,2020-10-08,0 days 15:55:21.216459,91584,92.58,92.53,345,200,400,-444
1192,HLT,2020-10-08,0 days 15:55:26.216018,91592,92.55,92.51,364,307,-992,7
1193,HLT,2020-10-08,0 days 15:56:01.216455,94539,92.55,92.53,100,200,1353,-647
1194,HLT,2020-10-08,0 days 15:56:02.216628,94092,92.55,92.52,100,113,-447,1353
1195,HLT,2020-10-08,0 days 15:56:03.217066,94539,92.55,92.52,209,113,4553,-447
1196,HLT,2020-10-08,0 days 15:57:34.217950,116681,92.64,92.6,100,200,-12417,10855
1197,HLT,2020-10-08,0 days 15:59:18.219833,158067,92.55,92.51,100,100,721,-2155
1198,HLT,2020-10-08,0 days 15:59:21.219989,156370,92.6,92.53,100,100,-4642,3603
1199,HLT,2020-10-08,0 days 15:59:28.220476,158892,92.58,92.48,600,100,278,-1894
1200,HLT,2020-10-08,0 days 15:59:31.221436,157609,92.53,92.5,100,100,-1283,278
1201,HLT,2020-10-08,0 days 15:59:45.222455,158821,92.57,92.47,200,300,739,-378
1202,HLT,2020-10-08,0 days 15:59:46.221963,157923,92.57,92.48,200,117,-898,739
1203,HLT,2020-10-08,0 days 15:59:47.221555,158821,92.57,92.47,200,300,1854,-898
1204,HLT,2020-10-08,0 days 15:59:48.222015,157968,92.57,92.47,200,300,-1024,1854
1205,HLX,2020-10-08,0 days 15:58:02.217262,55403,2.82,2.81,10317,31231,10573,-14227
1206,HLX,2020-10-08,0 days 15:58:03.217879,40876,2.82,2.81,10262,31231,-16340,10573
1207,HLX,2020-10-08,0 days 15:58:49.218983,57492,2.82,2.81,12475,11718,1160,-2417
1208,HOME,2020-10-08,0 days 15:58:59.269858,59045,19.19,19.18,222,918,321,-553
1209,HOME,2020-10-08,0 days 15:59:00.273153,57866,19.19,19.18,763,918,-1179,321
1210,HOME,2020-10-08,0 days 15:59:19.269491,58486,19.2,19.19,1453,335,3166,-2841
1211,HOME,2020-10-08,0 days 15:59:20.269860,57552,19.22,19.2,500,1956,-2164,3166
1212,HON,2020-10-08,0 days 15:57:34.265593,190161,173.85,173.82,300,200,-1524,376
1213,HON,2020-10-08,0 days 15:57:35.265619,190920,173.83,173.8,545,101,541,-1524
1214,HON,2020-10-08,0 days 15:58:27.268607,192379,173.81,173.79,100,200,-1077,1423
1215,HON,2020-10-08,0 days 15:58:28.268996,190556,173.82,173.79,100,200,1823,-1077
1216,HON,2020-10-08,0 days 15:58:34.269320,192379,173.81,173.76,200,130,-277,1723
1217,HON,2020-10-08,0 days 15:58:35.269325,190756,173.81,173.77,100,342,1623,-277
1218,HON,2020-10-08,0 days 15:59:06.270193,200816,173.87,173.81,100,400,-6320,1816
1219,HPE,2020-10-08,0 days 15:55:00.213897,749880,9.97,9.96,16098,17076,3370,-343249
1220,HPE,2020-10-08,0 days 15:55:01.214918,735950,9.97,9.96,15501,18097,-13930,3370
1221,HPE,2020-10-08,0 days 15:56:05.216176,752780,9.97,9.96,8819,28173,12375,-10625
1222,HPE,2020-10-08,0 days 15:56:06.216308,742855,9.97,9.96,9033,26990,-8825,12375
1223,HPE,2020-10-08,0 days 15:57:35.217651,751680,9.97,9.96,29262,6583,20707,-3915
1224,HPE,2020-10-08,0 days 15:57:36.217806,743187,9.97,9.96,28947,7254,-8493,20707
1225,HPE,2020-10-08,0 days 15:58:05.219461,760130,9.97,9.96,23931,11167,557,-8993
1226,HPE,2020-10-08,0 days 15:58:07.219252,734887,9.97,9.96,23767,11436,-25243,557
1227,HPE,2020-10-08,0 days 15:59:05.221844,768030,9.98,9.97,8472,30447,4372,-4777
1228,HPE,2020-10-08,0 days 15:59:06.221954,768019,9.98,9.97,5972,29949,-11,4372
1229,HPE,2020-10-08,0 days 15:59:15.220123,800490,9.98,9.97,5447,27100,116449,-13071
1230,HPQ,2020-10-08,0 days 15:57:54.216907,579064,19.4,19.39,1430,14672,-1116,32860
1231,HPQ,2020-10-08,0 days 15:57:55.217130,455204,19.4,19.39,2891,15062,121660,-1116
1232,HPQ,2020-10-08,0 days 15:59:21.220494,631697,19.4,19.39,13368,3473,-46307,7131
1233,HPQ,2020-10-08,0 days 15:59:22.220554,631404,19.4,19.39,4300,14227,293,-46307
1234,HPQ,2020-10-08,0 days 15:59:26.221033,625744,19.4,19.39,7838,10915,5953,-5947
1235,HPQ,2020-10-08,0 days 15:59:45.222298,645447,19.4,19.39,11162,10274,-15486,4762
1236,HRB,2020-10-08,0 days 15:56:03.641093,153036,17.76,17.75,6260,9367,2684,-4116
