,Symbol,Timestamp,TIME,iPaired,Ask_P,Bid_P,Ask_S,Bid_S,iShares,PreviShares
0,AA,2020-07-30,0 days 15:55:00.305437,205588,13.13,13.12,19401,635,954,-154102
1,AA,2020-07-30,0 days 15:57:09.617959,208603,13.13,13.12,21524,5573,5505,-804
2,AA,2020-07-30,0 days 15:57:39.690594,211190,13.15,13.14,968,29323,2120,-2125
3,AA,2020-07-30,0 days 15:59:04.898585,229726,13.19,13.18,701,18894,2103,-1197
4,AA,2020-07-30,0 days 15:59:44.994274,251167,13.19,13.18,17019,13807,699,-174
5,AA,2020-07-30,0 days 15:59:48.003980,250066,13.19,13.18,8760,18272,-1101,8499
6,AAN,2020-07-30,0 days 15:55:00.103841,61433,52.68,52.65,252,800,31391,-15025
7,AAN,2020-07-30,0 days 15:58:07.555764,92257,52.86,52.85,300,100,-106,422
8,AAN,2020-07-30,0 days 15:58:08.559104,90816,52.86,52.85,300,200,1441,-106
9,AAN,2020-07-30,0 days 15:58:53.667846,93954,52.85,52.83,1016,3196,-592,255
10,AAN,2020-07-30,0 days 15:58:54.670262,92799,52.85,52.83,1416,3096,1155,-592
11,AAN,2020-07-30,0 days 15:59:17.725064,96164,52.81,52.79,560,597,-2370,1786
12,AAN,2020-07-30,0 days 15:59:18.727729,95387,52.81,52.79,637,697,777,-2370
13,AAN,2020-07-30,0 days 15:59:45.792604,97092,52.75,52.74,1199,1257,-422,1447
14,AAN,2020-07-30,0 days 15:59:48.801071,96514,52.79,52.74,1432,1257,578,-422
15,ABBV,2020-07-30,0 days 15:55:55.299999,447550,95.96,95.95,946,1668,-2671,8417
16,ABBV,2020-07-30,0 days 15:55:56.302361,441421,95.96,95.95,887,2096,6129,-2671
17,ABBV,2020-07-30,0 days 15:58:52.729550,461513,95.94,95.93,924,2646,7325,-2675
18,ABBV,2020-07-30,0 days 15:59:04.758838,463798,95.99,95.98,903,1362,-13024,278
19,ABBV,2020-07-30,0 days 15:59:11.776882,476622,96.04,96.02,1200,1033,11407,-12542
20,ABBV,2020-07-30,0 days 15:59:12.778208,486770,96.04,96.02,200,2009,-1052,11407
21,ABBV,2020-07-30,0 days 15:59:13.780715,477922,96.04,96.02,200,3123,7553,-1052
22,ABBV,2020-07-30,0 days 15:59:33.828951,489241,96.0,95.99,692,435,703,-2625
23,ABBV,2020-07-30,0 days 15:59:39.844701,489944,95.99,95.98,200,811,-497,381
24,ABBV,2020-07-30,0 days 15:59:40.846707,489841,95.98,95.96,991,604,103,-497
25,ABBV,2020-07-30,0 days 15:59:43.853807,490222,95.99,95.97,756,310,-19,81
26,ABEV,2020-07-30,0 days 15:55:00.495344,122977,2.86,2.85,190295,290441,-12441,53106
27,ABEV,2020-07-30,0 days 15:57:28.852938,135418,2.87,2.86,276972,158313,13643,-11450
28,ABEV,2020-07-30,0 days 15:58:41.029449,160261,2.85,2.84,328571,291872,-6549,23342
29,ABT,2020-07-30,0 days 15:55:01.497736,289442,101.47,101.46,201,464,-2032,7868
30,ABT,2020-07-30,0 days 15:55:38.588149,297075,101.5,101.49,605,1177,2184,-1679
31,ABT,2020-07-30,0 days 15:55:39.590694,294959,101.5,101.49,500,1477,-2116,2184
32,ABT,2020-07-30,0 days 15:57:40.882818,305013,101.46,101.45,137,1602,214,-56
33,ABT,2020-07-30,0 days 15:57:41.884867,302257,101.47,101.46,491,400,-3257,214
34,ABT,2020-07-30,0 days 15:58:19.978632,307154,101.45,101.44,100,600,108,-5292
35,ABT,2020-07-30,0 days 15:58:20.981016,304562,101.46,101.45,304,700,-2592,108
36,ABT,2020-07-30,0 days 15:58:40.027580,307154,101.49,101.47,514,800,1478,-2222
37,ABT,2020-07-30,0 days 15:58:41.029390,305232,101.5,101.48,300,500,-1922,1478
38,ABT,2020-07-30,0 days 15:59:11.103011,325677,101.49,101.48,1325,200,20572,-3689
39,ABT,2020-07-30,0 days 15:59:12.105006,324749,101.49,101.48,200,573,-928,20572
40,ABT,2020-07-30,0 days 15:59:28.143446,332326,101.51,101.5,847,808,1212,-504
41,ABT,2020-07-30,0 days 15:59:33.155631,328238,101.51,101.5,531,1104,-4088,4812
42,ABT,2020-07-30,0 days 15:59:45.180513,333287,101.52,101.51,1223,465,586,-214
43,ABT,2020-07-30,0 days 15:59:46.182796,333130,101.52,101.5,723,2804,-157,586
44,ABT,2020-07-30,0 days 15:59:48.187247,333287,101.53,101.52,600,832,872,-157
45,ABT,2020-07-30,0 days 15:59:49.189190,333235,101.53,101.52,600,732,-52,872
46,ACI,2020-07-30,0 days 15:59:48.187327,34149,14.95,14.94,6500,27346,-513,887
47,ADM,2020-07-30,0 days 15:55:00.114555,203669,43.25,43.24,666,670,4196,-76648
48,ADM,2020-07-30,0 days 15:55:06.128970,207865,43.24,43.23,700,4186,-15,596
49,ADM,2020-07-30,0 days 15:55:07.131377,207580,43.24,43.23,1300,3110,285,-15
50,ADM,2020-07-30,0 days 15:56:18.302252,226957,43.28,43.27,2318,3481,-1402,898
51,ADM,2020-07-30,0 days 15:56:19.304355,225059,43.28,43.27,2418,3481,1898,-1402
52,ADM,2020-07-30,0 days 15:57:09.426807,226957,43.3,43.29,2375,2382,-24,872
53,ADM,2020-07-30,0 days 15:57:11.430326,220307,43.3,43.29,3011,2184,6650,-24
54,ADM,2020-07-30,0 days 15:57:36.490335,226957,43.32,43.31,975,5281,-2950,350
55,ADM,2020-07-30,0 days 15:57:37.494504,225707,43.32,43.31,847,6964,1250,-2950
56,ADM,2020-07-30,0 days 15:57:39.497341,226957,43.33,43.32,563,2361,-1350,1050
57,ADM,2020-07-30,0 days 15:57:41.502438,225907,43.33,43.32,516,2887,1050,-1350
58,ADM,2020-07-30,0 days 15:57:45.512021,226957,43.33,43.32,900,6607,-1050,350
59,ADM,2020-07-30,0 days 15:57:46.517079,226207,43.33,43.32,500,7972,750,-1050
60,ADM,2020-07-30,0 days 15:57:47.516826,226957,43.34,43.33,1410,1856,-550,750
61,ADM,2020-07-30,0 days 15:57:55.535796,230354,43.33,43.32,2800,4233,1003,-397
62,ADM,2020-07-30,0 days 15:57:56.538388,229957,43.33,43.32,3128,4154,-297,1003
63,ADM,2020-07-30,0 days 15:58:00.552494,230654,43.33,43.32,2901,6775,600,-397
64,ADM,2020-07-30,0 days 15:58:01.551685,230954,43.33,43.32,3517,5915,-600,600
65,ADM,2020-07-30,0 days 15:58:43.653270,229481,43.3,43.29,2664,3500,812,-367
66,ADM,2020-07-30,0 days 15:58:59.692269,230581,43.32,43.31,4688,9084,791,-788
67,ADM,2020-07-30,0 days 15:59:01.699221,230854,43.33,43.32,1498,406,-723,977
68,ADM,2020-07-30,0 days 15:59:04.704616,233452,43.33,43.32,1912,1120,685,-766
69,ADM,2020-07-30,0 days 15:59:30.768081,255025,43.35,43.34,4456,4659,165,-335
70,ADM,2020-07-30,0 days 15:59:41.794026,256440,43.33,43.32,2365,1368,-983,1843
71,ADM,2020-07-30,0 days 15:59:42.796343,256539,43.32,43.31,2481,7145,530,-983
72,ADM,2020-07-30,0 days 15:59:48.812079,263401,43.34,43.33,2012,1887,1206,-185
73,ADT,2020-07-30,0 days 15:55:00.496446,45542,8.66,8.65,3667,8828,-3324,1031
74,ADT,2020-07-30,0 days 15:55:32.574127,52666,8.66,8.65,6883,11264,1276,-3024
75,ADT,2020-07-30,0 days 15:55:33.577719,51942,8.66,8.65,6883,11064,-624,1276
76,ADT,2020-07-30,0 days 15:55:51.619773,52666,8.66,8.65,7751,9491,1086,-572
77,ADT,2020-07-30,0 days 15:56:20.689647,56024,8.66,8.65,7395,9607,-3042,3358
78,ADT,2020-07-30,0 days 15:56:21.691949,52666,8.66,8.65,7395,9526,3358,-3042
79,ADT,2020-07-30,0 days 15:57:35.870467,56024,8.66,8.65,9405,8597,-92,3408
80,ADT,2020-07-30,0 days 15:57:48.902107,60416,8.66,8.65,10327,26476,1108,-4292
81,ADT,2020-07-30,0 days 15:57:50.907973,56024,8.66,8.65,8093,27276,-4292,2508
82,AEM,2020-07-30,0 days 15:58:37.694077,96177,75.41,75.39,200,500,621,-2970
83,AEM,2020-07-30,0 days 15:58:38.695606,91898,75.43,75.4,400,300,-4279,621
84,AEM,2020-07-30,0 days 15:59:45.858426,102555,75.44,75.4,100,400,3959,-882
85,AEM,2020-07-30,0 days 15:59:46.860539,101414,75.44,75.42,200,100,-4507,3959
86,AEO,2020-07-30,0 days 15:55:28.266098,194874,10.21,10.2,19025,5343,-40,10160
87,AEO,2020-07-30,0 days 15:55:39.291577,187363,10.2,10.19,14581,10540,7511,-5089
88,AEO,2020-07-30,0 days 15:56:39.437984,194874,10.19,10.18,15920,8685,-30660,4240
89,AEO,2020-07-30,0 days 15:56:40.439276,190834,10.19,10.18,18074,7032,4040,-30660
90,AEO,2020-07-30,0 days 15:59:14.812947,217647,10.21,10.2,7066,20806,-2737,1334
91,AEO,2020-07-30,0 days 15:59:15.815190,215784,10.21,10.2,9810,16813,1863,-2737
92,AEO,2020-07-30,0 days 15:59:45.888078,227636,10.21,10.2,14556,17707,-2423,2977
93,AEO,2020-07-30,0 days 15:59:46.890131,226159,10.21,10.2,17956,18107,1477,-2423
94,AEP,2020-07-30,0 days 15:58:00.933669,199405,85.88,85.87,3080,400,46885,-1215
95,AEP,2020-07-30,0 days 15:59:32.154501,247013,85.99,85.97,700,9007,-8055,22928
96,AEP,2020-07-30,0 days 15:59:33.155849,245068,85.99,85.97,1300,8107,1945,-8055
97,AEP,2020-07-30,0 days 15:59:45.180774,247813,85.99,85.98,3000,200,-879,1045
98,AEP,2020-07-30,0 days 15:59:46.183191,248292,85.99,85.98,1141,1027,871,-879
99,AEP,2020-07-30,0 days 15:59:47.184881,249163,85.99,85.98,941,793,-2,871
100,AEP,2020-07-30,0 days 15:59:49.189497,248794,85.99,85.98,724,1100,369,-831
101,AES,2020-07-30,0 days 15:55:03.121739,377063,15.43,15.42,16951,4992,27487,-37313
102,AES,2020-07-30,0 days 15:55:04.124949,373650,15.43,15.42,17036,4892,-3413,27487
103,AES,2020-07-30,0 days 15:58:19.596189,384784,15.42,15.41,20664,17456,1340,-3660
104,AES,2020-07-30,0 days 15:58:20.598086,381124,15.42,15.41,18864,19356,-3660,1340
105,AES,2020-07-30,0 days 15:59:08.716681,395991,15.43,15.42,13812,13340,1666,-3620
106,AES,2020-07-30,0 days 15:59:09.718364,393457,15.43,15.42,11812,16254,-2534,1666
107,AES,2020-07-30,0 days 15:59:27.759930,395991,15.43,15.42,22868,8117,4338,-1060
108,AES,2020-07-30,0 days 15:59:28.762318,393929,15.43,15.42,21070,10417,-2062,4338
109,AES,2020-07-30,0 days 15:59:34.777583,395991,15.42,15.41,21419,13629,163,-2062
110,AES,2020-07-30,0 days 15:59:43.799322,396154,15.42,15.41,15730,23653,-737,163
111,AFL,2020-07-30,0 days 15:55:00.103751,254919,35.27,35.26,3383,2463,-176434,28236
112,AFL,2020-07-30,0 days 15:59:03.692171,430627,35.4,35.39,7836,5036,570,-287
113,AFL,2020-07-30,0 days 15:59:08.705841,401496,35.41,35.4,1986,5516,-37433,20269
114,AFL,2020-07-30,0 days 15:59:11.712818,441340,35.42,35.41,8788,3103,52846,-2044
115,AFL,2020-07-30,0 days 15:59:12.714448,409824,35.43,35.42,16900,2218,-31516,52846
116,AFL,2020-07-30,0 days 15:59:15.720467,442529,35.41,35.4,2087,3102,16962,-1705
117,AFL,2020-07-30,0 days 15:59:16.722964,430991,35.41,35.4,2087,4302,-9538,16962
118,AFL,2020-07-30,0 days 15:59:25.744584,440529,35.41,35.4,4107,1786,893,-1107
119,AFL,2020-07-30,0 days 15:59:29.753901,433022,35.4,35.39,2677,2399,-690,4210
120,AFL,2020-07-30,0 days 15:59:38.775613,450122,35.35,35.34,5821,1034,-1207,3493
121,AFL,2020-07-30,0 days 15:59:45.792518,455706,35.32,35.31,2470,2527,2588,-3040
122,AFL,2020-07-30,0 days 15:59:46.794967,454294,35.32,35.31,2490,3832,-1849,2588
123,AG,2020-07-30,0 days 15:58:47.663086,71957,12.99,12.98,5436,29016,3447,-2435
124,AG,2020-07-30,0 days 15:59:00.698929,71639,12.99,12.98,16239,9269,1465,-4535
125,AG,2020-07-30,0 days 15:59:01.699122,70404,12.99,12.98,19857,5969,-1235,1465
126,AG,2020-07-30,0 days 15:59:45.805032,72928,12.98,12.97,31425,17065,2553,-924
127,AGI,2020-07-30,0 days 15:55:00.166763,45896,10.47,10.46,1621,12523,-730,14543
128,AGI,2020-07-30,0 days 15:55:56.302334,46626,10.46,10.45,2879,9842,2560,-3940
129,AGI,2020-07-30,0 days 15:55:57.305194,46086,10.46,10.45,3079,9942,-540,2560
130,AGI,2020-07-30,0 days 15:58:23.658869,46726,10.46,10.45,9106,9894,317,-883
131,AGI,2020-07-30,0 days 15:58:24.661363,45843,10.46,10.45,9306,10548,-783,317
132,AGI,2020-07-30,0 days 15:58:47.716779,46626,10.46,10.45,4114,19148,6141,-783
133,AIG,2020-07-30,0 days 15:55:21.166561,353050,31.76,31.75,4948,1997,-27300,2077
134,AIG,2020-07-30,0 days 15:55:22.169157,348650,31.76,31.75,5348,1332,4400,-27300
135,AIG,2020-07-30,0 days 15:56:14.292258,357302,31.78,31.77,1274,4116,-1408,92
136,AIG,2020-07-30,0 days 15:56:15.294924,354310,31.78,31.77,2074,2924,2992,-1408
137,AIG,2020-07-30,0 days 15:56:39.353288,357302,31.79,31.78,2117,3410,-1208,595
138,AIG,2020-07-30,0 days 15:56:40.355963,353210,31.79,31.78,2361,3410,1695,-1208
139,AIG,2020-07-30,0 days 15:56:57.396688,357302,31.77,31.76,3428,3332,-1808,2492
140,AIG,2020-07-30,0 days 15:56:58.398801,354810,31.77,31.76,5429,1181,2492,-1808
141,AIG,2020-07-30,0 days 15:57:34.485395,357627,31.77,31.76,3765,4239,-374,1634
142,AIG,2020-07-30,0 days 15:57:35.489739,356327,31.77,31.76,4146,4920,1575,-374
143,AIG,2020-07-30,0 days 15:57:50.524285,355505,31.79,31.78,500,4086,-3622,3275
144,AIG,2020-07-30,0 days 15:59:48.812309,390834,31.78,31.77,2285,5673,-1216,1003
145,ALLY,2020-07-30,0 days 15:59:08.798377,202849,20.52,20.51,8033,3496,-656,7828
146,ALLY,2020-07-30,0 days 15:59:17.819822,200710,20.52,20.51,5970,7677,2139,-656
147,AM,2020-07-30,0 days 15:55:56.441743,198145,5.8,5.79,10394,5849,-6056,5652
148,AM,2020-07-30,0 days 15:55:57.444145,190001,5.8,5.79,10394,5949,8144,-6056
149,AM,2020-07-30,0 days 15:57:43.700017,205104,5.82,5.81,4620,13664,-903,897
150,AM,2020-07-30,0 days 15:57:44.702640,196307,5.82,5.81,4415,13762,8797,-903
151,AM,2020-07-30,0 days 15:58:44.849104,214618,5.82,5.81,4205,1207,-12377,9685
152,AM,2020-07-30,0 days 15:58:45.852309,207995,5.81,5.8,358,9700,6623,-12377
153,AM,2020-07-30,0 days 15:59:30.961328,215127,5.82,5.81,11640,8980,-1983,217
154,AM,2020-07-30,0 days 15:59:34.972910,210716,5.82,5.81,12852,8283,4411,-2183
155,AM,2020-07-30,0 days 15:59:45.996898,215127,5.82,5.81,3688,18667,-12913,1329
156,AM,2020-07-30,0 days 15:59:46.999441,211500,5.82,5.81,3788,18867,8270,-12913
157,AMC,2020-07-30,0 days 15:55:00.495053,40730,4.12,4.11,6432,14401,-26399,21697
158,AMC,2020-07-30,0 days 15:55:01.497570,40229,4.12,4.11,7308,15816,501,-26399
159,AMC,2020-07-30,0 days 15:58:04.941249,40730,4.12,4.11,12944,27063,-599,2601
160,AMC,2020-07-30,0 days 15:58:06.946818,38270,4.12,4.11,13144,26663,2460,-699
161,AMC,2020-07-30,0 days 15:58:08.951070,40730,4.12,4.11,12889,26825,-740,2460
162,AMC,2020-07-30,0 days 15:58:10.956283,38270,4.12,4.11,12189,26825,2460,-540
163,AMCR,2020-07-30,0 days 15:59:25.744750,734991,10.36,10.35,68240,44265,-52363,19207
164,AMCR,2020-07-30,0 days 15:59:26.746908,667311,10.36,10.35,70140,44065,67680,-52363
165,AMCR,2020-07-30,0 days 15:59:38.775635,755064,10.36,10.35,77821,42940,-5082,4745
166,AMCR,2020-07-30,0 days 15:59:41.783112,722062,10.36,10.35,83919,41760,13036,-27271
167,AMH,2020-07-30,0 days 15:56:25.480257,86424,28.88,28.87,408,6338,1647,-5253
168,AMH,2020-07-30,0 days 15:59:08.876205,92975,28.85,28.84,920,5464,-450,450
169,AMH,2020-07-30,0 days 15:59:12.885544,100725,28.86,28.85,5192,1300,1869,-450
170,AMH,2020-07-30,0 days 15:59:45.950713,106468,28.86,28.85,400,5325,-1428,2247
171,AMH,2020-07-30,0 days 15:59:46.952841,105096,28.86,28.85,388,4222,1718,-1428
172,AMX,2020-07-30,0 days 15:56:53.579159,77859,12.86,12.85,30682,9607,-964,3236
173,AMX,2020-07-30,0 days 15:57:28.663268,78823,12.86,12.85,25759,16934,5089,-1949
174,AMX,2020-07-30,0 days 15:57:29.665786,77212,12.86,12.85,24359,17934,-1611,5089
175,AMX,2020-07-30,0 days 15:59:08.909201,79642,12.86,12.85,18566,30543,983,-3895
176,ANF,2020-07-30,0 days 15:55:57.335397,109741,9.84,9.83,9437,15840,-4837,684
177,ANF,2020-07-30,0 days 15:55:58.337641,103678,9.84,9.83,9337,15840,6063,-4837
178,ANF,2020-07-30,0 days 15:59:37.868880,116631,9.84,9.83,12390,17663,-1811,807
179,ANF,2020-07-30,0 days 15:59:48.895850,114957,9.86,9.85,12845,8364,2182,-2251
180,AR,2020-07-30,0 days 15:59:13.726727,257765,2.99,2.98,47118,34310,-3833,4067
181,AR,2020-07-30,0 days 15:59:14.728691,251798,2.99,2.98,46444,34710,5967,-3833
182,ARLO,2020-07-30,0 days 15:55:00.304688,27124,4.33,4.31,1566,2424,-164,1047
183,ATEN,2020-07-30,0 days 15:59:04.759855,79692,8.19,8.18,3663,1652,-5729,8471
184,ATEN,2020-07-30,0 days 15:59:05.761912,76421,8.19,8.18,3663,1152,3271,-5729
185,ATI,2020-07-30,0 days 15:55:50.318813,41656,9.05,9.04,5165,4396,107,-2456
186,ATI,2020-07-30,0 days 15:57:37.576048,43463,9.05,9.04,4143,8186,-162,738
187,ATI,2020-07-30,0 days 15:57:38.578649,42725,9.05,9.04,4461,16826,738,-162
188,ATI,2020-07-30,0 days 15:58:07.649191,43498,9.06,9.05,3373,17699,-1541,1321
189,ATI,2020-07-30,0 days 15:58:08.652227,43039,9.06,9.05,3773,16299,459,-1541
190,ATI,2020-07-30,0 days 15:58:23.688394,43498,9.06,9.05,10938,15513,-341,459
191,ATI,2020-07-30,0 days 15:58:24.691208,43039,9.06,9.05,11038,14213,459,-341
192,ATI,2020-07-30,0 days 15:58:41.731883,44998,9.06,9.05,9886,4871,-241,359
193,ATI,2020-07-30,0 days 15:58:42.734144,44339,9.05,9.04,305,4518,659,-241
194,ATI,2020-07-30,0 days 15:59:06.793204,49562,9.05,9.04,10704,818,-3405,680
195,ATI,2020-07-30,0 days 15:59:09.800760,49167,9.04,9.03,12608,4600,395,-3405
196,ATI,2020-07-30,0 days 15:59:10.802899,49562,9.04,9.03,12708,4634,-1443,395
197,ATI,2020-07-30,0 days 15:59:32.856281,51005,9.04,9.03,6150,7957,184,-1016
198,ATUS,2020-07-30,0 days 15:51:41.720425,151488,25.15,25.14,8316,922,-1467,533
199,ATUS,2020-07-30,0 days 15:55:00.197506,214913,25.13,25.12,2019,4230,586,-1467
200,ATUS,2020-07-30,0 days 15:55:01.199941,213599,25.13,25.12,2684,4430,-1314,586
201,ATUS,2020-07-30,0 days 15:55:05.210343,213699,25.12,25.11,3300,5162,-1214,686
202,ATUS,2020-07-30,0 days 15:55:29.268156,213999,25.11,25.1,8233,18553,-914,1986
203,ATUS,2020-07-30,0 days 15:55:55.330454,215068,25.16,25.15,4270,4428,7190,-952
204,ATUS,2020-07-30,0 days 15:55:56.332856,214742,25.16,25.15,3570,4028,-12102,7190
205,ATUS,2020-07-30,0 days 15:56:40.439181,233522,25.16,25.15,4447,7920,1520,-680
206,ATUS,2020-07-30,0 days 15:56:41.441159,231642,25.16,25.15,4647,8020,-1880,1520
207,ATUS,2020-07-30,0 days 15:58:00.632163,232921,25.11,25.1,10011,12100,421,-277
208,ATUS,2020-07-30,0 days 15:58:01.634136,232042,25.11,25.1,10202,13684,-879,421
209,ATUS,2020-07-30,0 days 15:58:03.638959,232921,25.11,25.1,10902,13287,421,-879
210,ATUS,2020-07-30,0 days 15:58:04.641691,231642,25.11,25.1,3215,13389,-1279,421
211,ATUS,2020-07-30,0 days 15:58:32.709841,232442,25.09,25.08,5323,3303,-479,2621
212,ATUS,2020-07-30,0 days 15:59:05.790450,261237,25.09,25.08,13395,1394,773,-352
213,ATUS,2020-07-30,0 days 15:59:12.807618,273119,25.09,25.08,14386,1310,491,-1727
214,AUY,2020-07-30,0 days 15:55:00.168439,123033,6.36,6.35,178223,430478,15884,-21354
215,AUY,2020-07-30,0 days 15:56:14.347841,107317,6.36,6.35,241041,437979,-21744,9856
216,AUY,2020-07-30,0 days 15:56:29.383782,129061,6.36,6.35,219141,427312,9156,-21744
217,AVTR,2020-07-30,0 days 15:55:30.349973,275373,22.11,22.1,1600,1417,2032,-468
218,AVTR,2020-07-30,0 days 15:55:31.351063,273805,22.11,22.1,2000,1017,-1568,2032
219,AVTR,2020-07-30,0 days 15:58:40.806367,292236,22.11,22.1,800,1666,4215,-11185
220,AVTR,2020-07-30,0 days 15:58:41.808550,288651,22.11,22.1,400,2374,-3585,4215
221,AVTR,2020-07-30,0 days 15:59:40.939991,302461,22.1,22.08,424,1393,204,-453
222,AVTR,2020-07-30,0 days 15:59:44.947213,296732,22.1,22.09,407,1300,-5729,8600
223,AVTR,2020-07-30,0 days 15:59:45.950573,302461,22.08,22.07,4501,1352,2271,-5729
224,AXP,2020-07-30,0 days 15:55:00.211848,192922,94.67,94.66,200,1331,17946,-2554
225,AXP,2020-07-30,0 days 15:57:40.599647,215380,94.56,94.55,769,903,-706,1394
226,AXP,2020-07-30,0 days 15:57:41.602020,213775,94.56,94.55,969,1710,1605,-706
227,AXP,2020-07-30,0 days 15:57:52.628935,212177,94.62,94.6,520,900,-2898,202
228,AXP,2020-07-30,0 days 15:57:53.630896,210775,94.62,94.6,637,2857,1402,-2898
229,AXP,2020-07-30,0 days 15:58:32.728018,216568,94.67,94.66,1550,620,-311,4589
230,AXP,2020-07-30,0 days 15:58:33.729484,215179,94.67,94.66,1400,620,1089,-311
231,AXP,2020-07-30,0 days 15:59:03.805020,217441,94.64,94.63,1211,902,-1102,1265
232,AXP,2020-07-30,0 days 15:59:08.816445,219282,94.66,94.65,100,771,659,-288
233,AXP,2020-07-30,0 days 15:59:35.880577,223482,94.6,94.59,1701,200,2043,-957
234,AXP,2020-07-30,0 days 15:59:36.883194,225525,94.6,94.59,1280,610,-157,2043
235,AXP,2020-07-30,0 days 15:59:50.918264,227448,94.6,94.57,1000,1200,6877,-12524
236,AZN,2020-07-30,0 days 15:55:00.304707,58885,57.82,57.81,2268,1200,1137,-8630
237,AZN,2020-07-30,0 days 15:55:01.306332,58422,57.82,57.81,3510,1607,-463,1137
238,AZN,2020-07-30,0 days 15:55:39.399581,58885,57.85,57.83,1835,3502,168,-63
239,AZN,2020-07-30,0 days 15:55:40.402260,58253,57.85,57.84,1567,2653,-632,168
240,AZN,2020-07-30,0 days 15:56:39.546097,58885,57.88,57.87,2320,2000,68,-632
241,AZN,2020-07-30,0 days 15:56:40.547719,58353,57.88,57.87,1734,2500,-532,68
242,AZN,2020-07-30,0 days 15:57:30.669019,58885,57.85,57.84,3196,2054,68,-232
243,AZN,2020-07-30,0 days 15:57:31.671316,58453,57.85,57.84,2896,2054,-432,68
244,AZN,2020-07-30,0 days 15:57:33.676008,58885,57.87,57.86,1622,654,168,-432
245,AZN,2020-07-30,0 days 15:57:34.678047,58453,57.87,57.86,1236,693,-432,168
246,AZN,2020-07-30,0 days 15:59:00.891637,61385,57.94,57.93,1550,1182,33,-484
247,AZN,2020-07-30,0 days 15:59:03.896765,60418,57.94,57.93,1701,1657,-321,33
248,AZN,2020-07-30,0 days 15:59:46.999263,62018,57.89,57.88,918,2530,-347,1553
249,BA,2020-07-30,0 days 15:59:08.798362,244978,161.59,161.57,600,1732,-2862,6156
250,BA,2020-07-30,0 days 15:59:50.901576,229084,161.63,161.6,679,521,17606,-11094
251,BABA,2020-07-30,0 days 15:59:48.865291,285279,252.62,252.59,1190,436,934,-1400
252,BAC,2020-07-30,0 days 15:59:14.922807,3506226,24.8,24.79,115483,78465,367883,-318913
253,BAX,2020-07-30,0 days 15:55:00.495316,202484,86.07,86.06,519,686,13595,-53188
254,BAX,2020-07-30,0 days 15:55:01.497774,201479,86.06,86.05,1000,381,-1005,13595
255,BAX,2020-07-30,0 days 15:55:24.554821,203522,86.04,86.03,986,2640,953,-709
256,BAX,2020-07-30,0 days 15:55:25.557036,202875,86.04,86.03,986,2740,-647,953
257,BAX,2020-07-30,0 days 15:55:27.562121,202484,86.06,86.05,1100,2247,191,-747
258,BAX,2020-07-30,0 days 15:55:28.564875,201875,86.06,86.05,1100,2347,-909,191
259,BAX,2020-07-30,0 days 15:56:09.663704,204436,86.03,86.01,1221,1496,648,-767
260,BAX,2020-07-30,0 days 15:56:10.665772,203784,86.03,86.01,1421,1844,-652,648
261,BAX,2020-07-30,0 days 15:57:29.855501,204578,85.99,85.98,427,1494,14,-286
262,BAX,2020-07-30,0 days 15:57:32.863153,197992,86.04,86.01,200,793,-39286,14
263,BAX,2020-07-30,0 days 15:57:40.882878,211592,86.04,86.01,727,800,37200,-1300
264,BAX,2020-07-30,0 days 15:57:41.884895,210092,86.05,86.04,1173,2500,-2500,37200
265,BAX,2020-07-30,0 days 15:58:43.034350,217435,86.03,86.01,1010,584,9531,-2127
266,BAX,2020-07-30,0 days 15:58:44.036403,215966,86.05,86.03,760,1684,-1469,9531
267,BAX,2020-07-30,0 days 15:59:32.154349,232314,86.01,86.0,370,568,7293,-1976
268,BAX,2020-07-30,0 days 15:59:33.155665,232007,86.03,86.02,600,100,-307,7293
269,BAX,2020-07-30,0 days 15:59:36.162606,232314,86.01,86.0,100,691,93,-207
270,BAX,2020-07-30,0 days 15:59:39.173218,232407,86.02,86.01,800,1520,-277,93
271,BAX,2020-07-30,0 days 15:59:44.177062,232684,86.02,86.0,947,1614,10873,-11657
272,BAX,2020-07-30,0 days 15:59:55.204138,235892,86.04,86.0,934,619,1498,-10232
273,BB,2020-07-30,0 days 15:59:06.871054,29489,4.74,4.73,15725,155281,-3162,724
274,BBVA,2020-07-30,0 days 15:55:00.274486,13039,3.19,3.18,83317,97006,25600,-1789
275,BCO,2020-07-30,0 days 15:57:08.506321,47596,46.35,46.33,312,500,28,-172
276,BCO,2020-07-30,0 days 15:57:09.508563,47424,46.35,46.33,600,400,-172,28
277,BCO,2020-07-30,0 days 15:58:06.646719,47596,46.32,46.31,643,607,153,-135
278,BCO,2020-07-30,0 days 15:58:07.649014,47549,46.32,46.31,643,707,-47,153
279,BCO,2020-07-30,0 days 15:58:35.717860,47956,46.26,46.24,400,500,110,-190
280,BCO,2020-07-30,0 days 15:59:03.786116,50446,46.34,46.3,393,151,-860,1140
281,BCO,2020-07-30,0 days 15:59:05.790432,49714,46.33,46.31,100,605,632,-468
282,BCO,2020-07-30,0 days 15:59:36.865777,50483,46.3,46.24,622,1363,-102,169
283,BDN,2020-07-30,0 days 15:59:14.728987,197470,10.87,10.86,12287,8856,114,-11854
284,BDN,2020-07-30,0 days 15:59:46.807200,188959,10.86,10.85,11533,9724,-9555,2259
285,BEN,2020-07-30,0 days 15:55:00.197699,161754,20.66,20.65,4499,5676,865,-15082
286,BEN,2020-07-30,0 days 15:55:29.268183,162619,20.67,20.66,6354,7386,-2243,357
287,BEN,2020-07-30,0 days 15:55:30.271912,161762,20.67,20.66,4520,9186,357,-2243
288,BEN,2020-07-30,0 days 15:55:32.275698,162619,20.67,20.66,4311,8286,-4643,357
289,BEN,2020-07-30,0 days 15:59:19.824785,245813,20.67,20.66,10507,3603,-6935,450
290,BEN,2020-07-30,0 days 15:59:27.843781,252648,20.66,20.65,8712,4356,2445,-1635
291,BEN,2020-07-30,0 days 15:59:28.846953,250093,20.66,20.65,8911,2138,-2555,2445
292,BEN,2020-07-30,0 days 15:59:32.856239,252848,20.66,20.65,12697,2895,15309,-2755
293,BEN,2020-07-30,0 days 15:59:33.858384,251557,20.66,20.65,10337,6895,-1291,15309
294,BEN,2020-07-30,0 days 15:59:42.880060,253548,20.67,20.66,11149,4522,541,-1091
295,BEN,2020-07-30,0 days 15:59:46.890058,252914,20.68,20.67,12108,5666,-2624,5366
296,BG,2020-07-30,0 days 15:57:39.497320,115268,45.04,45.02,1600,559,2048,-152
297,BG,2020-07-30,0 days 15:57:40.500439,112416,45.04,45.02,1200,659,-2852,2048
298,BG,2020-07-30,0 days 15:58:24.608202,116033,45.05,45.03,4405,919,125,-2875
299,BG,2020-07-30,0 days 15:58:25.609895,113558,45.05,45.03,1112,719,-2475,125
300,BG,2020-07-30,0 days 15:59:45.805032,117743,45.03,45.02,268,1558,2081,-89
301,BG,2020-07-30,0 days 15:59:46.807046,116930,45.04,45.02,502,2355,-1434,2081
302,BG,2020-07-30,0 days 15:59:57.833380,117764,45.0,44.98,2300,3621,366,-5034
303,BHC,2020-07-30,0 days 15:58:46.714599,43944,18.82,18.81,5525,9795,-4111,2303
304,BHC,2020-07-30,0 days 15:58:47.716799,42255,18.82,18.81,5634,9115,1489,-4111
305,BHC,2020-07-30,0 days 15:59:45.858622,44672,18.84,18.83,3632,11187,-1241,1418
306,BK,2020-07-30,0 days 15:59:18.792828,355286,35.8,35.79,9042,2405,-905,12312
307,BK,2020-07-30,0 days 15:59:26.811494,347691,35.82,35.81,2500,6672,3695,-4805
308,BK,2020-07-30,0 days 15:59:32.826627,351386,35.82,35.81,9873,497,-1653,3695
309,BK,2020-07-30,0 days 15:59:40.846618,350891,35.82,35.81,9670,2534,495,-505
310,BK,2020-07-30,0 days 15:59:45.858296,351386,35.83,35.82,2265,8262,-11724,1782
311,BK,2020-07-30,0 days 15:59:46.860409,349578,35.83,35.82,4203,3845,5325,-11724
312,BKR,2020-07-30,0 days 15:55:00.211947,278166,15.3,15.29,7619,8230,2705,-83609
313,BKR,2020-07-30,0 days 15:55:01.215337,272071,15.3,15.29,7719,7266,-6095,2705
314,BKR,2020-07-30,0 days 15:55:52.338419,281861,15.3,15.29,3665,8910,323,-6477
315,BKR,2020-07-30,0 days 15:56:02.362212,279171,15.3,15.29,4302,8223,-2690,223
316,BKR,2020-07-30,0 days 15:56:36.444514,302724,15.3,15.29,9819,7491,13873,-7327
317,BKR,2020-07-30,0 days 15:56:37.446581,297297,15.3,15.29,7419,9491,-5427,13873
318,BKR,2020-07-30,0 days 15:57:06.515657,303624,15.31,15.3,5178,11616,1973,-5727
319,BKR,2020-07-30,0 days 15:57:07.519064,298797,15.31,15.3,5861,11208,-4827,1973
320,BKR,2020-07-30,0 days 15:57:37.591970,309178,15.31,15.3,4943,17483,909,-4591
321,BKR,2020-07-30,0 days 15:57:38.594424,304887,15.31,15.3,4243,18083,-4291,909
322,BKR,2020-07-30,0 days 15:58:41.749551,316574,15.33,15.32,5820,11259,3946,-1654
323,BKR,2020-07-30,0 days 15:58:42.751751,313220,15.33,15.32,6120,10464,-3354,3946
324,BKR,2020-07-30,0 days 15:59:31.871329,333397,15.34,15.33,8621,4325,623,-7233
325,BKR,2020-07-30,0 days 15:59:34.878929,334020,15.34,15.33,8587,4103,-7359,623
326,BP,2020-07-30,0 days 15:56:17.355226,69505,22.44,22.43,2469,53324,1358,-2590
327,BP,2020-07-30,0 days 15:56:18.357497,67263,22.44,22.43,3700,60424,-2242,1358
328,BP,2020-07-30,0 days 15:57:02.463524,69505,22.45,22.44,14815,41631,1706,-2242
329,BP,2020-07-30,0 days 15:57:03.466011,67611,22.45,22.44,19815,41431,-1894,1706
330,BP,2020-07-30,0 days 15:57:16.497595,69505,22.44,22.43,42299,19743,2744,-1204
331,BP,2020-07-30,0 days 15:57:17.499816,67749,22.44,22.43,41099,17843,-1756,2744
332,BP,2020-07-30,0 days 15:57:59.600391,71650,22.44,22.43,34390,40127,1107,-2318
333,BP,2020-07-30,0 days 15:58:00.603410,69657,22.44,22.43,41890,37146,-1593,1107
334,BP,2020-07-30,0 days 15:58:47.717922,71750,22.44,22.43,15500,56154,11358,-1993
335,BP,2020-07-30,0 days 15:58:48.720358,62908,22.44,22.43,14500,55855,-8342,11358
336,BP,2020-07-30,0 days 15:59:03.757341,72132,22.45,22.44,21865,44044,6019,-10381
337,BP,2020-07-30,0 days 15:59:04.759996,70251,22.45,22.44,20994,49471,-1881,6019
338,BRFS,2020-07-30,0 days 15:59:45.859715,42260,4.14,4.13,200715,55898,-912,888
339,BRFS,2020-07-30,0 days 15:59:46.861395,41138,4.14,4.13,187535,65378,1122,-912
340,BRK.B,2020-07-30,0 days 15:59:42.943232,560047,194.25,194.23,493,100,419,-12981
341,BRK.B,2020-07-30,0 days 15:59:43.945390,559594,194.25,194.23,400,196,-653,419
342,BRK.B,2020-07-30,0 days 15:59:48.957639,560247,194.28,194.25,425,250,10259,-4793
343,BRK.B,2020-07-30,0 days 15:59:50.962170,553158,194.28,194.25,525,291,-7089,1511
344,BRK.B,2020-07-30,0 days 15:59:57.977433,560047,194.3,194.18,100,2119,6488,-4212
345,BRK.B,2020-07-30,0 days 15:59:58.979353,563055,194.37,194.21,100,500,-2901,6488
346,BSX,2020-07-30,0 days 15:59:25.900152,454722,38.96,38.95,2554,5563,2008,-3183
347,BSX,2020-07-30,0 days 15:59:33.919683,457872,38.98,38.97,3005,8978,-550,7050
348,BSX,2020-07-30,0 days 15:59:39.934116,457872,38.97,38.96,5732,3466,-550,3150
349,BSX,2020-07-30,0 days 15:59:48.955981,455758,38.97,38.96,3189,2565,-2764,2833
350,BUD,2020-07-30,0 days 15:57:41.602155,44108,58.05,58.04,2587,2604,-114,86
351,BUD,2020-07-30,0 days 15:57:42.604310,42822,58.05,58.04,2687,3991,1286,-114
352,BX,2020-07-30,0 days 15:56:09.443094,108745,54.66,54.65,674,510,414,-116
353,BX,2020-07-30,0 days 15:56:10.444689,108359,54.66,54.65,574,610,-386,414
354,BX,2020-07-30,0 days 15:57:19.610880,109095,54.6,54.59,590,1298,96,-204
355,BX,2020-07-30,0 days 15:57:20.614132,108691,54.6,54.59,796,1298,-404,96
356,BX,2020-07-30,0 days 15:57:34.647309,110195,54.62,54.61,1101,300,496,-204
357,BX,2020-07-30,0 days 15:57:35.649770,109791,54.62,54.61,1001,437,-404,496
358,BX,2020-07-30,0 days 15:57:38.657152,110195,54.62,54.61,1051,737,520,-480
359,BX,2020-07-30,0 days 15:57:39.659834,109815,54.62,54.61,951,937,-380,520
360,BX,2020-07-30,0 days 15:57:43.669399,110195,54.62,54.61,850,1069,120,-380
361,BX,2020-07-30,0 days 15:57:44.671474,109815,54.62,54.61,850,1069,-429,120
362,BX,2020-07-30,0 days 15:57:57.702522,110244,54.6,54.59,1909,200,571,-429
363,BX,2020-07-30,0 days 15:57:58.704766,109815,54.6,54.59,2756,100,-429,571
364,BX,2020-07-30,0 days 15:58:05.723540,110244,54.61,54.6,2398,1263,1081,-1559
365,BX,2020-07-30,0 days 15:58:06.725349,110025,54.61,54.6,1268,1663,-219,1081
366,BX,2020-07-30,0 days 15:58:08.731261,110244,54.61,54.6,1568,1863,1181,-219
367,BX,2020-07-30,0 days 15:58:09.733130,110025,54.61,54.6,700,2653,-219,1181
368,BX,2020-07-30,0 days 15:58:12.741088,110244,54.61,54.6,523,3179,281,-219
369,BX,2020-07-30,0 days 15:58:13.742973,109025,54.61,54.6,623,3458,-1219,281
370,BX,2020-07-30,0 days 15:58:15.748101,110244,54.61,54.6,723,3458,481,-519
371,BX,2020-07-30,0 days 15:58:16.750808,110025,54.61,54.6,723,4058,-219,481
372,BX,2020-07-30,0 days 15:58:17.752233,110244,54.61,54.6,823,3358,381,-219
373,BX,2020-07-30,0 days 15:58:20.759926,110025,54.61,54.6,900,2842,-219,281
374,BX,2020-07-30,0 days 15:58:37.801502,110244,54.62,54.61,506,1325,781,-219
375,BX,2020-07-30,0 days 15:58:58.851385,116171,54.61,54.6,1020,5679,-342,3727
376,BX,2020-07-30,0 days 15:59:00.859554,116513,54.61,54.6,2168,700,1197,-342
377,BX,2020-07-30,0 days 15:59:46.953147,120777,54.63,54.62,500,5600,-392,5262
378,BX,2020-07-30,0 days 15:59:47.954737,121169,54.63,54.62,1200,5534,1408,-392
379,BX,2020-07-30,0 days 15:59:49.964652,120277,54.63,54.62,1200,5334,-892,1408
380,BYD,2020-07-30,0 days 15:56:01.643900,78680,24.46,24.45,906,1869,513,-1114
381,BYD,2020-07-30,0 days 15:56:02.646285,77593,24.46,24.45,906,1969,-1087,513
382,BYD,2020-07-30,0 days 15:57:24.843408,78680,24.4,24.38,2735,671,513,-487
383,BYD,2020-07-30,0 days 15:57:25.845458,77693,24.4,24.38,1839,805,-987,513
384,BYD,2020-07-30,0 days 15:57:55.919155,84000,24.39,24.38,1578,1239,450,-1650
385,BYD,2020-07-30,0 days 15:57:56.921089,82450,24.39,24.38,1828,1539,-1550,450
386,BYD,2020-07-30,0 days 15:59:01.078439,81617,24.37,24.36,4043,357,353,-732
387,BYD,2020-07-30,0 days 15:59:04.086429,81454,24.37,24.36,3347,1114,-163,353
388,BYD,2020-07-30,0 days 15:59:08.095118,81617,24.37,24.36,4139,2114,784,-163
389,BYD,2020-07-30,0 days 15:59:09.098065,81501,24.37,24.36,3097,1873,-116,784
390,BYD,2020-07-30,0 days 15:59:11.103264,81617,24.37,24.36,2502,12416,598,-116
391,C,2020-07-30,0 days 15:55:01.306271,644037,50.85,50.84,8366,6412,1112,-8688
392,C,2020-07-30,0 days 15:55:22.358054,647852,50.83,50.82,7521,2433,-11386,962
393,C,2020-07-30,0 days 15:55:28.373013,655038,50.85,50.84,2344,9012,511,-1089
394,C,2020-07-30,0 days 15:55:32.383535,661449,50.85,50.84,3394,9186,-3474,511
395,C,2020-07-30,0 days 15:55:55.439033,667095,50.84,50.83,8309,8337,923,-5646
396,C,2020-07-30,0 days 15:56:44.556501,670858,50.82,50.81,7757,6510,-2537,3763
397,C,2020-07-30,0 days 15:56:45.559150,670395,50.82,50.81,9805,4907,463,-2537
398,C,2020-07-30,0 days 15:57:04.605066,670858,50.82,50.81,12829,5872,-12760,3740
399,C,2020-07-30,0 days 15:57:05.608168,667118,50.81,50.8,12405,45175,3740,-12760
400,C,2020-07-30,0 days 15:57:40.697893,670863,50.81,50.8,17509,49298,-58,342
401,C,2020-07-30,0 days 15:58:21.795515,678071,50.83,50.82,8595,8125,3720,-5430
402,C,2020-07-30,0 days 15:59:27.953413,749830,50.87,50.86,13785,9025,5023,-6155
403,CAG,2020-07-30,0 days 15:55:00.166343,150647,37.31,37.3,2240,5192,2252,-5231
404,CAG,2020-07-30,0 days 15:55:01.169557,149799,37.31,37.3,2240,5092,-848,2252
405,CAG,2020-07-30,0 days 15:56:40.408319,150104,37.32,37.31,8407,2573,-543,3257
406,CAG,2020-07-30,0 days 15:57:19.502655,150484,37.32,37.31,4553,2900,-438,762
407,CAG,2020-07-30,0 days 15:57:44.564735,151922,37.33,37.32,12612,1516,92,-38
408,CAG,2020-07-30,0 days 15:57:51.581094,152122,37.33,37.32,16241,1094,92,-38
409,CAG,2020-07-30,0 days 15:58:10.626763,152230,37.32,37.31,5671,1417,191,-239
410,CAG,2020-07-30,0 days 15:58:17.644005,151730,37.32,37.31,9727,717,61,-1039
411,CAG,2020-07-30,0 days 15:58:18.646466,150691,37.32,37.31,8727,617,-1039,61
412,CAG,2020-07-30,0 days 15:58:21.653575,151730,37.32,37.31,8526,2131,61,-439
413,CAG,2020-07-30,0 days 15:58:22.656214,151291,37.32,37.31,7126,2331,-439,61
414,CAG,2020-07-30,0 days 15:58:36.690769,145532,37.33,37.32,8307,5096,2289,-509
415,CAG,2020-07-30,0 days 15:59:30.822027,186610,37.37,37.36,3300,4331,-2286,2114
416,CAG,2020-07-30,0 days 15:59:31.824300,184496,37.36,37.35,2900,2881,2114,-2286
417,CARR,2020-07-30,0 days 15:55:00.275326,254387,26.84,26.83,1719,1626,-100587,82357
418,CARR,2020-07-30,0 days 15:56:09.443094,310475,26.82,26.81,2403,1620,3778,-722
419,CARR,2020-07-30,0 days 15:56:10.444674,306653,26.82,26.81,2103,1620,-3822,3778
420,CARR,2020-07-30,0 days 15:56:39.514954,310475,26.83,26.82,2479,1369,5078,-3822
421,CARR,2020-07-30,0 days 15:56:40.517075,307456,26.82,26.81,350,1222,-3019,5078
422,CARR,2020-07-30,0 days 15:57:39.659834,312714,26.85,26.84,2328,1414,754,-3746
423,CARR,2020-07-30,0 days 15:57:40.662687,309968,26.85,26.84,2389,1602,-2746,754
424,CARR,2020-07-30,0 days 15:59:11.883708,318964,26.86,26.85,2457,612,12553,-2401
425,CARR,2020-07-30,0 days 15:59:32.919095,347865,26.85,26.84,976,4049,-15073,18848
426,CARR,2020-07-30,0 days 15:59:45.950977,350223,26.86,26.85,3201,782,1958,-1240
427,CARR,2020-07-30,0 days 15:59:46.953147,352181,26.86,26.85,3401,1282,-626,1958
428,CARR,2020-07-30,0 days 15:59:47.954737,353534,26.86,26.85,3400,1282,2440,-626
429,CAT,2020-07-30,0 days 15:55:00.275072,173432,136.75,136.73,400,200,-3625,27493
430,CAT,2020-07-30,0 days 15:55:01.276732,172257,136.75,136.73,505,200,1175,-3625
431,CAT,2020-07-30,0 days 15:55:22.328897,175232,136.73,136.71,301,568,-6294,1275
432,CAT,2020-07-30,0 days 15:55:23.331900,174626,136.73,136.71,200,568,606,-6294
433,CAT,2020-07-30,0 days 15:55:31.351258,175326,136.75,136.73,300,533,706,-994
434,CAT,2020-07-30,0 days 15:56:40.517075,177684,136.64,136.61,410,300,-339,171
435,CAT,2020-07-30,0 days 15:56:41.519187,177123,136.64,136.61,410,300,561,-339
436,CAT,2020-07-30,0 days 15:57:01.568030,177823,136.55,136.5,200,645,722,-178
437,CAT,2020-07-30,0 days 15:57:17.607087,177832,136.65,136.61,500,500,-333,380
438,CAT,2020-07-30,0 days 15:57:18.608908,177265,136.62,136.57,200,400,567,-333
439,CAT,2020-07-30,0 days 15:57:37.654665,177832,136.71,136.65,410,664,-1733,567
440,CAT,2020-07-30,0 days 15:57:38.657106,175665,136.71,136.65,310,1475,2167,-1733
441,CAT,2020-07-30,0 days 15:57:45.673771,177832,136.71,136.67,301,301,-33,267
442,CAT,2020-07-30,0 days 15:57:46.676748,177265,136.71,136.67,301,885,567,-33
443,CAT,2020-07-30,0 days 15:57:53.693536,177832,136.71,136.67,300,953,-1033,867
444,CAT,2020-07-30,0 days 15:57:54.695563,177365,136.71,136.67,300,1533,467,-1033
445,CAT,2020-07-30,0 days 15:58:10.736040,179549,136.74,136.69,843,300,-855,3345
446,CAT,2020-07-30,0 days 15:58:11.738195,179304,136.74,136.69,400,300,245,-855
447,CAT,2020-07-30,0 days 15:58:12.741074,179549,136.74,136.69,300,500,-555,245
448,CAT,2020-07-30,0 days 15:58:13.742973,179304,136.74,136.69,857,300,245,-555
449,CAT,2020-07-30,0 days 15:58:14.745528,179549,136.74,136.69,857,500,-355,245
450,CAT,2020-07-30,0 days 15:58:15.748101,178504,136.73,136.69,410,590,1045,-355
451,CAT,2020-07-30,0 days 15:58:23.766934,177749,136.8,136.73,300,100,-1355,445
452,CAT,2020-07-30,0 days 15:58:24.769368,176204,136.8,136.73,200,541,1545,-1355
453,CAT,2020-07-30,0 days 15:58:34.792441,178573,136.88,136.82,401,200,-3731,445
454,CAT,2020-07-30,0 days 15:58:41.809508,176504,136.88,136.84,100,1197,1572,-2847
455,CAT,2020-07-30,0 days 15:59:07.873539,179676,136.87,136.84,200,155,-1243,1057
456,CAT,2020-07-30,0 days 15:59:08.876334,179419,136.87,136.81,200,300,181,-1243
457,CAT,2020-07-30,0 days 15:59:14.889862,183385,136.85,136.83,161,292,-632,536
458,CAT,2020-07-30,0 days 15:59:15.888933,182917,136.85,136.83,244,146,392,-632
459,CAT,2020-07-30,0 days 15:59:32.919095,187441,136.77,136.73,650,500,-5386,688
460,CAT,2020-07-30,0 days 15:59:33.921490,186627,136.75,136.68,361,681,814,-5386
461,CAT,2020-07-30,0 days 15:59:39.935906,185941,136.77,136.73,348,200,-2086,114
462,CAT,2020-07-30,0 days 15:59:40.940291,185927,136.82,136.75,500,100,14,-2086
463,CAT,2020-07-30,0 days 15:59:46.953110,187741,136.76,136.65,424,672,-456,2214
464,CAT,2020-07-30,0 days 15:59:47.954718,187697,136.76,136.65,224,572,44,-456
465,CAT,2020-07-30,0 days 15:59:51.964909,187741,136.69,136.6,528,1100,-2056,1044
466,CAT,2020-07-30,0 days 15:59:54.971066,189197,136.75,136.62,4108,1100,1044,-2056
467,CAT,2020-07-30,0 days 15:59:55.975037,187741,136.75,136.62,508,1780,-2456,1044
468,CB,2020-07-30,0 days 15:55:00.197622,157553,130.02,130.01,100,100,685,-9657
469,CB,2020-07-30,0 days 15:55:01.200002,155838,130.02,129.99,200,710,-1715,685
470,CB,2020-07-30,0 days 15:57:36.573712,164344,130.02,129.99,334,845,1919,-381
471,CB,2020-07-30,0 days 15:57:37.575996,162463,130.03,129.99,456,719,-1881,1919
472,CB,2020-07-30,0 days 15:57:45.595729,163073,130.02,129.99,200,752,-1271,929
473,CB,2020-07-30,0 days 15:58:16.671257,165891,130.02,129.99,554,800,528,-1344
474,CB,2020-07-30,0 days 15:58:17.673682,164919,130.02,129.99,354,800,-972,528
475,CB,2020-07-30,0 days 15:58:21.684005,163519,130.01,129.98,634,396,-2372,328
476,CB,2020-07-30,0 days 15:58:25.694249,165891,130.01,129.98,1198,686,128,-1172
477,CB,2020-07-30,0 days 15:58:26.695888,164919,130.01,129.98,1298,686,-972,128
478,CB,2020-07-30,0 days 15:58:32.710353,168091,129.94,129.9,300,1387,328,-3072
479,CB,2020-07-30,0 days 15:58:33.712499,167019,129.94,129.91,689,400,-1072,328
480,CB,2020-07-30,0 days 15:58:36.720253,166030,129.94,129.92,1335,500,789,-1072
481,CB,2020-07-30,0 days 15:58:37.723392,165219,129.99,129.94,200,400,-811,789
482,CB,2020-07-30,0 days 15:59:16.817653,178835,130.0,129.99,214,616,38134,-1766
483,CB,2020-07-30,0 days 15:59:17.819713,177869,130.01,129.99,164,675,-966,38134
484,CB,2020-07-30,0 days 15:59:32.856213,219319,130.01,129.98,723,796,1618,-4104
485,CB,2020-07-30,0 days 15:59:36.865869,175237,130.01,129.97,623,200,-44082,45318
486,CB,2020-07-30,0 days 15:59:37.868820,179319,130.01,129.95,673,500,40918,-44082
487,CB,2020-07-30,0 days 15:59:38.870607,179037,130.01,129.95,1223,1262,-282,40918
488,CB,2020-07-30,0 days 15:59:47.892760,219319,130.03,129.98,775,100,499,-173
489,CB,2020-07-30,0 days 15:59:59.921886,193343,130.03,129.97,4500,12481,-26225,17375
490,CB,2020-07-30,0 days 16:00:00.922810,179568,129.97,129.96,1782,5311,17375,-26225
491,CCC,2020-07-30,0 days 15:59:17.893559,77148,27.84,27.82,900,3591,-2299,12
492,CCC,2020-07-30,0 days 15:59:43.945526,83747,27.8,27.76,1200,100,3067,-2399
493,CCC,2020-07-30,0 days 15:59:44.947371,81914,27.8,27.76,1200,100,-1833,3067
494,CCC,2020-07-30,0 days 15:59:45.950744,83747,27.8,27.76,1000,279,1567,-1833
495,CCC,2020-07-30,0 days 15:59:46.952879,79848,27.8,27.76,300,590,-4331,1567
496,CCC,2020-07-30,0 days 15:59:48.957852,84179,27.8,27.76,477,174,369,-4331
497,CCC,2020-07-30,0 days 15:59:49.964391,82348,27.8,27.76,1500,125,-1831,369
498,CCI,2020-07-30,0 days 15:55:00.304688,155468,169.68,169.61,225,597,-6981,32264
499,CCI,2020-07-30,0 days 15:56:39.546068,164801,169.98,169.91,225,525,34254,-3146
500,CCI,2020-07-30,0 days 15:56:40.547693,163555,170.02,169.95,225,825,-1246,34254
501,CCI,2020-07-30,0 days 15:57:35.681229,164824,169.83,169.77,356,636,2584,-1232
502,CCI,2020-07-30,0 days 15:57:36.682783,164372,169.86,169.79,100,100,-452,2584
503,CCI,2020-07-30,0 days 15:57:59.738644,168347,169.94,169.89,100,325,725,-1175
504,CCI,2020-07-30,0 days 15:58:00.744358,167172,169.94,169.89,100,426,-1275,725
505,CCI,2020-07-30,0 days 15:58:06.757456,168520,169.94,169.9,200,329,1178,-1804
506,CCI,2020-07-30,0 days 15:58:07.760324,167158,169.96,169.92,100,329,-1362,1178
507,CCI,2020-07-30,0 days 15:58:16.782111,169155,169.93,169.9,100,327,3,-1497
508,CCI,2020-07-30,0 days 15:58:17.783598,167658,169.93,169.9,200,327,-1497,3
509,CCI,2020-07-30,0 days 15:59:01.891919,169776,170.03,169.98,300,425,2238,-162
510,CCI,2020-07-30,0 days 15:59:02.893249,169014,170.0,169.97,300,300,-54,2238
511,CCI,2020-07-30,0 days 15:59:12.918978,179337,170.1,170.08,100,111,82819,-983
512,CCI,2020-07-30,0 days 15:59:48.003889,262532,170.09,170.06,1179,300,-8888,994
513,CCI,2020-07-30,0 days 15:59:49.005686,258929,170.09,170.06,679,216,3603,-8888
514,CCL,2020-07-30,0 days 15:56:10.665837,273504,14.37,14.36,27876,9200,1248,-4908
515,CCL,2020-07-30,0 days 15:56:27.706288,268596,14.38,14.37,24712,26186,-4908,1248
516,CCL,2020-07-30,0 days 15:56:32.719856,273504,14.38,14.37,25912,24523,1248,-4908
517,CCL,2020-07-30,0 days 15:57:37.874693,270942,14.36,14.35,43817,41088,-2616,4084
518,CCL,2020-07-30,0 days 15:59:45.180686,298220,14.35,14.34,65012,102903,4281,-239
519,CDE,2020-07-30,0 days 15:56:02.265337,230086,7.87,7.86,13200,11297,-296,1404
520,CDE,2020-07-30,0 days 15:57:56.538400,219182,7.87,7.86,20694,21806,10904,-296
521,CF,2020-07-30,0 days 15:59:33.155665,254281,30.84,30.83,800,204,-4811,14689
522,CFG,2020-07-30,0 days 15:55:24.554917,173444,24.78,24.77,4407,4832,16236,-4564
523,CFG,2020-07-30,0 days 15:55:25.557093,171080,24.78,24.77,3635,4837,-2364,16236
524,CFG,2020-07-30,0 days 15:59:07.093072,184867,24.79,24.78,8775,4677,-1915,585
525,CFG,2020-07-30,0 days 15:59:46.183134,202672,24.79,24.78,10231,2375,3898,-1079
526,CFG,2020-07-30,0 days 15:59:47.184857,202270,24.8,24.79,7550,7262,-402,3898
527,CGC,2020-07-30,0 days 15:56:50.571165,23380,18.6,18.58,1905,1997,-473,427
528,CGC,2020-07-30,0 days 15:59:23.944166,23953,18.59,18.57,2511,1990,15,-185
529,CHGG,2020-07-30,0 days 15:59:43.787697,99091,78.64,78.63,4474,4500,986,-214
530,CHGG,2020-07-30,0 days 15:59:46.795226,96248,78.57,78.56,2446,329,-3304,3957
531,CHWY,2020-07-30,0 days 15:56:04.460741,60252,49.0,48.98,800,300,128,-633
532,CHWY,2020-07-30,0 days 15:57:35.681350,53370,49.01,49.0,1062,800,-6882,318
533,CHWY,2020-07-30,0 days 15:57:45.705123,55036,48.97,48.96,722,400,534,-66
534,CHWY,2020-07-30,0 days 15:57:46.707181,52770,48.98,48.97,1826,1000,-2266,534
535,CHWY,2020-07-30,0 days 15:59:07.905723,60280,48.98,48.97,1502,9472,611,-1389
536,CHWY,2020-07-30,0 days 15:59:35.974897,60678,49.0,48.99,202,748,1807,-893
537,CHWY,2020-07-30,0 days 15:59:40.986684,62885,49.04,49.03,200,841,-5056,2007
538,CHWY,2020-07-30,0 days 15:59:41.988258,67941,49.04,49.03,376,172,1656,-5056
539,CHWY,2020-07-30,0 days 15:59:48.004007,70915,49.11,49.1,400,211,-594,132
540,CHWY,2020-07-30,0 days 15:59:49.005933,72094,49.11,49.1,400,311,1621,-594
541,CHWY,2020-07-30,0 days 15:59:50.013851,68115,49.11,49.1,100,100,-3979,1621
542,CI,2020-07-30,0 days 15:55:29.346287,87546,178.29,178.2,250,288,-134,202
543,CI,2020-07-30,0 days 15:55:37.366280,87680,178.4,178.25,100,173,919,-134
544,CI,2020-07-30,0 days 15:56:42.521864,88599,178.58,178.54,100,250,-29,571
545,CI,2020-07-30,0 days 15:57:33.645248,88628,178.36,178.32,250,100,1066,-5
546,CI,2020-07-30,0 days 15:58:04.721072,89541,178.51,178.46,296,450,-440,113
547,CI,2020-07-30,0 days 15:58:08.731251,90007,178.57,178.48,100,542,434,-140
548,CI,2020-07-30,0 days 15:58:09.733130,89841,178.54,178.49,100,792,-166,434
549,CI,2020-07-30,0 days 15:58:10.736040,90007,178.5,178.47,350,260,461,-166
550,CI,2020-07-30,0 days 15:58:11.738208,89868,178.53,178.48,111,350,-139,461
551,CI,2020-07-30,0 days 15:58:13.742982,90007,178.52,178.49,300,150,961,-139
552,CI,2020-07-30,0 days 15:58:15.748101,89868,178.59,178.51,300,596,-295,761
553,CI,2020-07-30,0 days 15:58:16.750808,90163,178.54,178.51,100,446,5,-295
554,CI,2020-07-30,0 days 15:58:17.752233,90068,178.54,178.51,100,446,-95,5
555,CI,2020-07-30,0 days 15:58:19.757786,90163,178.53,178.49,311,648,205,-95
556,CI,2020-07-30,0 days 15:58:20.759926,90068,178.53,178.5,211,250,-95,205
557,CI,2020-07-30,0 days 15:58:22.764556,90163,178.53,178.5,211,250,605,-95
558,CI,2020-07-30,0 days 15:58:23.766955,90068,178.53,178.5,211,350,-95,605
559,CI,2020-07-30,0 days 15:58:24.769368,90163,178.53,178.5,300,200,605,-95
560,CI,2020-07-30,0 days 15:58:25.772767,90068,178.58,178.54,400,360,-95,605
561,CI,2020-07-30,0 days 15:58:33.790601,90363,178.54,178.49,150,100,5,-395
562,CI,2020-07-30,0 days 15:58:34.792441,90168,178.54,178.49,150,300,-195,5
563,CI,2020-07-30,0 days 15:59:03.863805,90522,178.58,178.54,100,550,419,-112
564,CI,2020-07-30,0 days 15:59:40.940333,100465,178.47,178.4,550,579,-5651,3293
565,CI,2020-07-30,0 days 15:59:43.945609,106116,178.47,178.41,450,140,54,-346
566,CI,2020-07-30,0 days 15:59:51.964936,98772,178.45,178.36,200,280,6598,-1946
567,CI,2020-07-30,0 days 15:59:52.968762,104170,178.5,178.39,700,580,-1946,6598
568,CI,2020-07-30,0 days 15:59:55.975079,98772,178.5,178.39,1400,575,6598,-1946
569,CL,2020-07-30,0 days 15:57:34.485233,209836,76.72,76.7,1621,3787,373,-1827
570,CL,2020-07-30,0 days 15:57:35.488065,208409,76.72,76.71,921,1394,-1427,373
571,CL,2020-07-30,0 days 15:57:45.511904,211912,76.75,76.74,801,2037,197,-1603
572,CL,2020-07-30,0 days 15:57:46.516950,210309,76.76,76.74,301,2620,-1603,197
573,CL,2020-07-30,0 days 15:58:36.636801,214544,76.83,76.82,200,2423,9341,-243
574,CL,2020-07-30,0 days 15:58:40.646327,214544,76.85,76.84,2597,1286,1541,-1559
575,CL,2020-07-30,0 days 15:58:41.648328,214485,76.85,76.84,2392,2514,-10688,1541
576,CL,2020-07-30,0 days 15:58:56.685123,225633,76.87,76.85,2322,3571,1635,-3005
577,CL,2020-07-30,0 days 15:58:57.687144,223768,76.87,76.85,2722,4326,-1865,1635
578,CL,2020-07-30,0 days 15:59:12.724159,233955,76.86,76.85,400,25204,8519,-5948
579,CL,2020-07-30,0 days 15:59:13.726759,232674,76.87,76.86,1953,566,-1386,8519
580,CL,2020-07-30,0 days 15:59:33.775158,238837,76.89,76.88,400,100,1626,-1663
581,CL,2020-07-30,0 days 15:59:34.777583,235063,76.9,76.88,1106,966,-4074,1626
582,CLDR,2020-07-30,0 days 15:57:38.495014,105221,11.37,11.36,11410,9140,388,-112
583,CLDR,2020-07-30,0 days 15:57:43.507620,100609,11.37,11.36,11910,9240,-4612,388
584,CLDR,2020-07-30,0 days 15:58:57.687257,108815,11.37,11.36,13200,8034,7108,-7771
585,CLDR,2020-07-30,0 days 15:58:58.689710,105123,11.37,11.36,14629,8234,-3692,7108
586,CLDR,2020-07-30,0 days 15:59:05.708960,108815,11.36,11.35,8451,23353,3738,-2838
587,CLDR,2020-07-30,0 days 15:59:06.709600,106253,11.36,11.35,9066,22553,-2562,3738
588,CLDR,2020-07-30,0 days 15:59:46.807012,109169,11.36,11.35,15829,29080,-3572,5454
589,CLF,2020-07-30,0 days 15:56:45.423123,568678,5.7,5.69,9100,25807,-555,47044
590,CLF,2020-07-30,0 days 15:58:16.642725,569408,5.68,5.67,59832,59919,11343,-23657
591,CLF,2020-07-30,0 days 15:59:36.838015,589497,5.67,5.66,33362,92420,378,-1070
592,CLR,2020-07-30,0 days 15:59:21.846982,165908,17.3,17.29,1670,1171,5760,-5440
593,CLR,2020-07-30,0 days 15:59:22.848915,163268,17.3,17.29,1037,1764,-2640,5760
594,CLR,2020-07-30,0 days 15:59:46.907876,166325,17.3,17.29,696,3300,-4266,12421
595,CMA,2020-07-30,0 days 15:57:48.573432,110682,38.2,38.19,2521,1346,1089,-611
596,CMA,2020-07-30,0 days 15:57:49.575574,109871,38.21,38.2,705,1394,-811,1089
597,CMA,2020-07-30,0 days 15:58:08.621689,113784,38.26,38.25,400,1500,2477,-1213
598,CMA,2020-07-30,0 days 15:58:31.678372,113923,38.26,38.25,2147,2246,938,-662
599,CMA,2020-07-30,0 days 15:58:32.680801,113361,38.26,38.25,2077,2646,-462,938
600,CMA,2020-07-30,0 days 15:58:57.741249,115647,38.28,38.27,712,1708,13,-1287
601,CMA,2020-07-30,0 days 15:58:58.744001,115060,38.28,38.27,1300,1908,-587,13
602,CMA,2020-07-30,0 days 15:58:59.746110,115647,38.28,38.27,1600,1606,204,-587
603,CMA,2020-07-30,0 days 15:59:00.750133,114451,38.28,38.27,1630,1042,-1246,204
604,CMA,2020-07-30,0 days 15:59:45.858233,132368,38.24,38.23,999,333,1705,-621
605,CMA,2020-07-30,0 days 15:59:46.860346,131873,38.26,38.24,300,2260,-939,1705
606,CMC,2020-07-30,0 days 15:55:55.301972,46390,20.85,20.84,2787,3450,305,-208
607,CMC,2020-07-30,0 days 15:55:56.304107,45895,20.85,20.84,2887,3460,-495,305
608,CMC,2020-07-30,0 days 15:57:35.543291,46478,20.85,20.84,4496,4329,313,-1797
609,CMC,2020-07-30,0 days 15:57:36.545245,45791,20.85,20.84,4873,5286,-687,313
610,CMC,2020-07-30,0 days 15:58:31.678736,46478,20.86,20.85,1124,7066,422,-678
611,CMC,2020-07-30,0 days 15:58:32.681214,45900,20.86,20.85,1024,8100,-578,422
612,CMC,2020-07-30,0 days 15:58:44.710179,46478,20.86,20.85,5103,1195,5177,-578
613,CMC,2020-07-30,0 days 15:58:45.712482,44855,20.86,20.85,3300,2525,-1623,5177
614,CMC,2020-07-30,0 days 15:59:01.752389,46529,20.86,20.85,6373,2717,1159,-1541
615,CMC,2020-07-30,0 days 15:59:02.754891,46388,20.86,20.85,3710,3817,-141,1159
616,CMC,2020-07-30,0 days 15:59:04.759875,51486,20.86,20.85,4733,5717,309,-141
617,CMC,2020-07-30,0 days 15:59:34.833395,52093,20.88,20.87,2896,500,-580,120
618,CMC,2020-07-30,0 days 15:59:35.834858,51973,20.88,20.87,3247,700,120,-580
619,CMC,2020-07-30,0 days 15:59:46.861263,53682,20.88,20.87,1603,8091,-122,1309
620,CMC,2020-07-30,0 days 15:59:47.864831,53604,20.88,20.87,603,7436,78,-122
621,CNC,2020-07-30,0 days 15:55:36.584187,193790,66.67,66.66,300,704,43743,-6339
622,CNC,2020-07-30,0 days 15:56:20.689528,120537,66.77,66.76,138,509,-73667,26333
623,CNC,2020-07-30,0 days 15:58:18.975806,177931,66.63,66.61,700,200,-15996,4104
624,CNC,2020-07-30,0 days 15:58:26.996146,218027,66.71,66.69,4450,376,2504,-296
625,CNC,2020-07-30,0 days 15:59:45.180599,256615,66.81,66.8,900,196,1493,-18545
626,CNC,2020-07-30,0 days 15:59:52.196512,260187,66.81,66.8,100,500,-505,20079
627,CNI,2020-07-30,0 days 15:55:37.206383,22680,97.49,97.47,216,600,169,-1731
628,CNI,2020-07-30,0 days 15:55:38.208560,21949,97.49,97.48,116,400,-731,169
629,CNI,2020-07-30,0 days 15:58:24.608264,25719,97.48,97.47,2423,801,366,-750
630,CNI,2020-07-30,0 days 15:58:25.609984,24985,97.48,97.47,703,901,-734,366
631,CNI,2020-07-30,0 days 15:58:38.641450,24819,97.5,97.48,800,1201,166,-734
632,CNI,2020-07-30,0 days 15:58:39.644328,24085,97.5,97.49,1100,300,-734,166
633,CNI,2020-07-30,0 days 15:59:46.807233,25734,97.54,97.51,1700,1222,-209,321
634,CNP,2020-07-30,0 days 15:57:35.477165,405194,19.14,19.13,9258,21902,-552,3548
635,CNP,2020-07-30,0 days 15:57:36.479414,400446,19.14,19.13,11868,28338,4748,-552
636,CNP,2020-07-30,0 days 15:58:42.640603,409039,19.16,19.15,21366,10113,1602,-6598
637,CNP,2020-07-30,0 days 15:59:00.686287,412064,19.16,19.15,19244,15334,225,-2557
638,CNP,2020-07-30,0 days 15:59:15.720150,410711,19.16,19.15,21508,9394,-8210,590
639,CNP,2020-07-30,0 days 15:59:18.727189,425461,19.16,19.15,23402,3089,-1107,19040
640,CNX,2020-07-30,0 days 15:57:56.593378,164824,9.37,9.36,2210,1728,1968,-2817
641,CNX,2020-07-30,0 days 15:57:57.595293,163192,9.37,9.36,2200,2328,-1232,1968
642,CNX,2020-07-30,0 days 15:58:44.710910,167742,9.37,9.36,5942,6150,10399,-998
643,CNX,2020-07-30,0 days 15:58:45.713429,160041,9.37,9.36,1400,4092,-7701,10399
644,CNX,2020-07-30,0 days 15:59:01.752658,168615,9.36,9.35,3999,3132,9526,-101
645,CNX,2020-07-30,0 days 15:59:42.851829,189067,9.33,9.32,9208,3264,353,-205
646,CNXM,2020-07-30,0 days 15:59:45.805000,12088,8.58,8.57,273,1270,759,-141
647,CNXM,2020-07-30,0 days 15:59:46.807012,11747,8.58,8.57,273,1170,-341,759
648,COG,2020-07-30,0 days 15:55:24.270519,287351,18.15,18.14,8415,3549,-5075,925
649,COG,2020-07-30,0 days 15:55:25.272362,283826,18.15,18.14,8440,5797,3525,-5075
650,COG,2020-07-30,0 days 15:56:04.367880,298101,18.16,18.15,4200,5098,-201,1241
651,COG,2020-07-30,0 days 15:56:30.429100,296402,18.16,18.15,4419,8945,1699,-901
652,COG,2020-07-30,0 days 15:56:37.446603,298179,18.17,18.16,4776,8572,-823,1777
653,COG,2020-07-30,0 days 15:57:00.502156,299300,18.18,18.17,5469,11163,1379,-3421
654,COG,2020-07-30,0 days 15:57:25.562642,300679,18.18,18.17,8865,10599,-10801,299
655,COG,2020-07-30,0 days 15:57:26.564683,300380,18.18,18.17,8865,10499,299,-10801
656,COG,2020-07-30,0 days 15:57:28.570076,300679,18.18,18.17,8626,10255,-343,299
657,COG,2020-07-30,0 days 15:57:29.571978,301022,18.16,18.15,5219,1827,1957,-343
658,COG,2020-07-30,0 days 15:57:35.587467,303005,18.16,18.15,5921,8503,-2955,1424
659,COG,2020-07-30,0 days 15:57:37.591996,302160,18.16,18.15,6421,7607,845,-455
660,COG,2020-07-30,0 days 15:57:40.599708,303005,18.16,18.15,6108,8729,-492,708
661,COG,2020-07-30,0 days 15:57:41.602079,302097,18.16,18.15,6911,7211,908,-492
662,COG,2020-07-30,0 days 15:57:47.616413,304305,18.16,18.15,8410,8010,-1192,3108
663,COG,2020-07-30,0 days 15:57:48.618601,303297,18.16,18.15,8610,8010,1008,-1192
664,COG,2020-07-30,0 days 15:57:56.638474,304305,18.16,18.15,8634,9023,-1692,1008
665,COG,2020-07-30,0 days 15:57:57.640759,303297,18.16,18.15,9546,8823,1008,-1692
666,COG,2020-07-30,0 days 15:58:10.673609,305055,18.15,18.14,8889,7711,-2385,515
667,COG,2020-07-30,0 days 15:58:11.676629,303940,18.15,18.14,8982,6975,1115,-2385
668,COG,2020-07-30,0 days 15:58:13.680362,305055,18.15,18.14,9837,5306,-1085,1115
669,COG,2020-07-30,0 days 15:58:14.682887,303940,18.15,18.14,9637,5506,1115,-1085
670,COG,2020-07-30,0 days 15:58:32.728073,308155,18.15,18.14,8833,6177,-1085,4215
671,COG,2020-07-30,0 days 15:58:33.729512,306740,18.15,18.14,8822,7077,1415,-1085
672,COG,2020-07-30,0 days 15:59:37.886149,348525,18.12,18.11,8610,1772,1630,-3670
673,COG,2020-07-30,0 days 15:59:45.905443,350155,18.12,18.11,5541,4343,-10178,30
674,COG,2020-07-30,0 days 15:59:46.907971,349133,18.12,18.11,7829,1254,4278,-10178
675,COG,2020-07-30,0 days 15:59:50.918416,344226,18.12,18.11,4189,3440,9185,-915
676,COTY,2020-07-30,0 days 15:56:38.512503,247941,3.82,3.81,129517,51330,-18221,1479
677,COTY,2020-07-30,0 days 15:56:39.514845,238141,3.82,3.81,127917,50330,9600,-18221
678,COTY,2020-07-30,0 days 15:57:09.587203,247941,3.81,3.8,99467,179315,-800,9800
679,COTY,2020-07-30,0 days 15:57:34.647123,248741,3.81,3.8,122522,171647,1500,-800
680,COTY,2020-07-30,0 days 15:58:06.725212,261905,3.82,3.81,93035,197217,-810,13164
681,COTY,2020-07-30,0 days 15:58:08.731053,235506,3.82,3.81,73927,201202,32679,-10801
682,COTY,2020-07-30,0 days 15:59:12.885544,268838,3.82,3.81,104398,171010,-27,1802
683,COTY,2020-07-30,0 days 15:59:15.888778,265919,3.82,3.81,116698,168342,2919,-43881
684,COTY,2020-07-30,0 days 15:59:40.940114,268838,3.82,3.81,140833,192868,-1405,1395
685,COTY,2020-07-30,0 days 15:59:41.940825,267643,3.82,3.81,136231,172381,1195,-1405
686,COTY,2020-07-30,0 days 15:59:44.947325,271538,3.82,3.81,129433,175136,-1205,1395
687,COTY,2020-07-30,0 days 15:59:46.952811,270355,3.82,3.81,126134,163905,1183,-2917
688,CPRI,2020-07-30,0 days 15:55:31.243761,56109,15.27,15.26,1100,4831,-51,1349
689,CPRI,2020-07-30,0 days 15:55:32.246268,58360,15.27,15.26,1200,4631,1749,-51
690,CPRI,2020-07-30,0 days 15:55:57.306200,60109,15.29,15.28,1601,4404,-1058,717
691,CPRI,2020-07-30,0 days 15:55:59.310939,58567,15.29,15.28,415,5504,1542,-858
692,CPRI,2020-07-30,0 days 15:57:23.513110,60623,15.28,15.27,1027,3466,-1249,1256
693,CPRI,2020-07-30,0 days 15:58:01.604420,58176,15.29,15.28,2985,4539,521,-516
694,CPRI,2020-07-30,0 days 15:58:37.693334,59869,15.27,15.26,1113,4172,-489,411
695,CPRI,2020-07-30,0 days 15:58:38.695091,59658,15.28,15.27,3376,1586,211,-489
696,CPRI,2020-07-30,0 days 15:58:56.738763,59258,15.26,15.25,2313,3210,611,-489
697,CPRI,2020-07-30,0 days 15:59:06.763654,67436,15.26,15.25,785,4222,-3775,7524
698,CPRI,2020-07-30,0 days 15:59:07.766772,68812,15.26,15.25,724,4222,89,-3775
699,CPRI,2020-07-30,0 days 15:59:08.769058,68901,15.26,15.25,1191,3578,-111,89
700,CPRI,2020-07-30,0 days 15:59:13.780347,69072,15.26,15.25,884,3883,3211,-111
701,CPRI,2020-07-30,0 days 15:59:14.783778,72283,15.28,15.26,4300,4515,-389,3211
702,CPRI,2020-07-30,0 days 15:59:16.787892,68958,15.28,15.27,4260,1600,3325,-2475
703,CPRI,2020-07-30,0 days 15:59:46.860942,76082,15.28,15.27,2952,5983,4246,-10548
704,CSLT,2020-07-30,0 days 15:58:09.571235,4805,1.1,1.09,2414,19164,659,-3301
705,CTL,2020-07-30,0 days 15:59:14.109896,465213,9.75,9.74,36975,115754,-10657,14925
706,CTL,2020-07-30,0 days 15:59:36.162782,486277,9.75,9.74,27546,117392,-1042,3258
707,CTVA,2020-07-30,0 days 15:57:29.528402,284228,28.49,28.48,7890,10304,13385,-11115
708,CTVA,2020-07-30,0 days 15:57:30.531348,276113,28.49,28.48,7490,10723,-8115,13385
709,CVE,2020-07-30,0 days 15:59:45.950911,42358,4.6,4.59,125934,320058,-1426,574
710,CVE,2020-07-30,0 days 15:59:46.953110,41884,4.6,4.59,125334,318158,474,-1426
711,CVS,2020-07-30,0 days 15:55:36.584159,286363,63.94,63.92,1977,2624,9795,-3221
712,CVS,2020-07-30,0 days 15:55:37.586262,283058,63.94,63.93,687,1775,-3305,9795
713,CVS,2020-07-30,0 days 15:57:08.805466,292792,63.9,63.89,4115,297,5767,-2033
714,CVS,2020-07-30,0 days 15:57:09.807775,288600,63.9,63.89,2143,1574,-4392,5767
715,CVS,2020-07-30,0 days 15:57:13.817191,292992,63.91,63.9,1619,1203,1209,-3591
716,CVS,2020-07-30,0 days 15:57:14.820297,289701,63.91,63.9,1231,1603,-3291,1209
717,CVS,2020-07-30,0 days 15:57:37.874632,293004,63.91,63.9,311,4066,450,-3438
718,CVS,2020-07-30,0 days 15:57:38.877514,289554,63.93,63.92,2076,481,-3450,450
719,CVS,2020-07-30,0 days 15:57:59.930244,293042,63.93,63.92,1086,1623,708,-4492
720,CVS,2020-07-30,0 days 15:58:00.933445,289621,63.93,63.92,875,2380,-3421,708
721,CVS,2020-07-30,0 days 15:58:13.963992,295696,63.93,63.92,355,4704,603,-2797
722,CVS,2020-07-30,0 days 15:58:14.965833,292599,63.94,63.93,302,3539,-3097,603
723,CVS,2020-07-30,0 days 15:59:07.092855,315994,64.0,63.98,16052,2356,285,-4815
724,CVS,2020-07-30,0 days 15:59:08.094898,313719,64.0,63.98,16752,2815,-2275,285
725,CVS,2020-07-30,0 days 15:59:16.114359,327934,63.99,63.98,874,1788,-2080,11420
726,CVS,2020-07-30,0 days 15:59:28.143446,330014,64.01,64.0,10032,5450,663,-108
727,CVS,2020-07-30,0 days 15:59:32.154312,330014,64.01,64.0,12846,4587,4091,-382
728,CVS,2020-07-30,0 days 15:59:33.155631,328305,64.01,64.0,11236,4077,-1709,4091
729,CVS,2020-07-30,0 days 15:59:42.173655,330014,64.01,64.0,8509,4463,18691,-1309
730,CVX,2020-07-30,0 days 15:59:14.889887,758854,86.26,86.25,712,1498,9764,-50568
731,CVX,2020-07-30,0 days 15:59:52.968762,763036,86.28,86.27,2790,100,-3838,12741
732,CVX,2020-07-30,0 days 15:59:53.969183,766874,86.29,86.26,900,659,12741,-3838
733,CVX,2020-07-30,0 days 15:59:55.975079,763036,86.28,86.25,400,314,-3838,12741
734,CYH,2020-07-30,0 days 15:59:45.950870,80935,4.93,4.92,20622,37875,-2254,1546
735,CYH,2020-07-30,0 days 15:59:46.953073,80089,4.93,4.92,21549,37071,1657,-2254
736,D,2020-07-30,0 days 15:57:40.556272,261029,81.42,81.4,800,1512,847,-953
737,D,2020-07-30,0 days 15:57:43.561748,261876,81.46,81.43,800,3395,-353,47
738,D,2020-07-30,0 days 15:57:45.566435,258829,81.45,81.43,500,1913,3047,-53
739,D,2020-07-30,0 days 15:58:12.632897,265248,81.48,81.46,784,2607,-7805,499
740,D,2020-07-30,0 days 15:58:31.679383,265348,81.49,81.48,1716,2188,-5,222
741,D,2020-07-30,0 days 15:58:40.701220,265353,81.52,81.5,682,2544,1174,-1026
742,D,2020-07-30,0 days 15:58:41.703216,264527,81.52,81.51,100,2318,-826,1174
743,D,2020-07-30,0 days 15:58:43.708674,265353,81.53,81.51,18472,1736,7127,-826
744,D,2020-07-30,0 days 15:58:44.710878,264880,81.54,81.53,1131,1900,-473,7127
745,D,2020-07-30,0 days 15:58:47.717893,265353,81.53,81.52,400,700,452,-473
746,D,2020-07-30,0 days 15:58:50.724883,265805,81.54,81.52,1214,661,-2148,452
747,D,2020-07-30,0 days 15:58:58.744728,268561,81.54,81.52,1174,583,1284,-1566
748,D,2020-07-30,0 days 15:58:59.747139,268245,81.55,81.53,900,500,-370,1284
749,D,2020-07-30,0 days 15:59:03.757314,264748,81.53,81.51,655,508,2583,-17
750,D,2020-07-30,0 days 15:59:11.777041,274294,81.51,81.49,1012,430,492,-363
751,D,2020-07-30,0 days 15:59:14.784268,278062,81.54,81.51,196,774,-2118,668
752,D,2020-07-30,0 days 15:59:15.786769,277580,81.53,81.52,615,200,482,-2118
753,D,2020-07-30,0 days 15:59:45.859715,283727,81.49,81.48,600,174,-8120,784
754,D,2020-07-30,0 days 15:59:46.861395,283247,81.49,81.47,631,100,1603,-8120
755,D,2020-07-30,0 days 15:59:52.876326,286697,81.51,81.5,500,100,-750,1623
756,D,2020-07-30,0 days 15:59:54.881672,286147,81.51,81.47,800,300,1623,-750
757,D,2020-07-30,0 days 15:59:55.883281,286697,81.51,81.47,756,248,-750,1623
758,D,2020-07-30,0 days 15:59:56.885055,286147,81.51,81.46,913,335,1623,-750
759,D,2020-07-30,0 days 15:59:58.889036,286697,81.52,81.48,2824,2309,-750,550
760,DAL,2020-07-30,0 days 15:59:01.078405,297716,24.92,24.91,21379,10588,-12587,1372
761,DAL,2020-07-30,0 days 15:59:50.196736,309918,24.94,24.93,36534,19016,12438,-41573
762,DB,2020-07-30,0 days 15:59:01.078489,73600,9.02,9.01,69203,77094,17593,-24989
763,DB,2020-07-30,0 days 15:59:02.080863,70704,9.02,9.01,60553,78594,-796,17593
764,DD,2020-07-30,0 days 15:59:46.807172,294112,53.8,53.78,559,749,-1582,202
765,DFS,2020-07-30,0 days 15:55:22.328875,140046,50.32,50.3,419,406,-8961,3139
766,DFS,2020-07-30,0 days 15:55:23.331857,138007,50.31,50.3,760,100,2039,-8961
767,DFS,2020-07-30,0 days 15:55:29.346287,140046,50.31,50.3,341,1028,-961,2039
768,DFS,2020-07-30,0 days 15:55:30.350179,138407,50.32,50.3,837,997,1639,-961
769,DFS,2020-07-30,0 days 15:57:38.657073,178936,50.31,50.3,500,2255,-453,147
770,DFS,2020-07-30,0 days 15:57:39.659770,174189,50.31,50.3,203,2835,4747,-453
771,DFS,2020-07-30,0 days 15:59:27.906357,189680,50.42,50.41,2184,555,-799,95
772,DFS,2020-07-30,0 days 15:59:28.909303,188523,50.42,50.41,2481,2551,1157,-799
773,DFS,2020-07-30,0 days 15:59:32.919033,189680,50.41,50.4,877,1280,-11735,3401
774,DFS,2020-07-30,0 days 15:59:33.921423,186600,50.37,50.36,300,300,3080,-11735
775,DFS,2020-07-30,0 days 15:59:47.954644,189669,50.39,50.36,1900,200,-520,1213
776,DFS,2020-07-30,0 days 15:59:48.957943,188036,50.39,50.36,842,100,1633,-520
777,DHI,2020-07-30,0 days 15:55:03.219876,168190,66.03,66.01,300,1100,55686,-2014
778,DHI,2020-07-30,0 days 15:58:41.749152,179704,66.07,66.06,3969,1709,617,-1753
779,DHI,2020-07-30,0 days 15:58:42.751458,177021,66.07,66.06,3401,2615,-2683,617
780,DHI,2020-07-30,0 days 15:58:57.787842,149740,66.06,66.05,2414,300,-29764,28836
781,DHI,2020-07-30,0 days 15:58:59.792771,179504,66.05,66.04,1540,100,55836,-2764
782,DHI,2020-07-30,0 days 15:59:10.820341,150583,66.06,66.05,100,1967,-35921,22679
783,DHI,2020-07-30,0 days 15:59:19.842281,178675,66.04,66.03,623,400,56764,-2036
784,DHR,2020-07-30,0 days 15:55:52.295235,145120,202.36,202.32,500,100,31,-221
785,DHR,2020-07-30,0 days 15:55:55.302259,145151,202.41,202.38,300,414,-680,31
786,DHR,2020-07-30,0 days 15:59:01.752528,147836,202.18,202.16,225,400,648,-849
787,DHT,2020-07-30,0 days 15:59:37.165673,57945,5.68,5.67,8785,28871,-665,2490
788,DHT,2020-07-30,0 days 15:59:47.184667,57309,5.68,5.67,15966,21571,636,-3964
789,DIS,2020-07-30,0 days 15:59:15.113498,523949,115.72,115.71,1970,305,-32183,4507
790,DIS,2020-07-30,0 days 15:59:16.114455,514238,115.66,115.64,1706,600,21411,-32183
791,DIS,2020-07-30,0 days 15:59:54.202444,588663,115.62,115.59,8600,300,18210,-3165
792,DIS,2020-07-30,0 days 15:59:55.204261,603109,115.63,115.6,200,779,-2665,18210
793,DIS,2020-07-30,0 days 15:59:56.208029,604874,115.61,115.58,4800,300,535,-2665
794,DIS,2020-07-30,0 days 15:59:58.212956,602709,115.68,115.63,200,300,-3565,18210
795,DKS,2020-07-30,0 days 15:57:28.471047,74511,46.11,46.1,1279,500,4790,-210
796,DKS,2020-07-30,0 days 15:57:29.472655,72370,46.11,46.1,679,1227,-4041,4790
797,DKS,2020-07-30,0 days 15:58:43.653270,87688,46.28,46.27,1400,427,576,-2677
798,DKS,2020-07-30,0 days 15:58:44.656037,85464,46.28,46.27,1200,327,-2224,576
799,DKS,2020-07-30,0 days 15:59:16.733952,88204,46.26,46.25,1144,1361,1201,-163
800,DKS,2020-07-30,0 days 15:59:24.753799,87843,46.26,46.25,2188,1886,-361,1201
801,DKS,2020-07-30,0 days 15:59:30.768109,87504,46.23,46.22,2429,161,339,-361
802,DKS,2020-07-30,0 days 15:59:31.770999,87843,46.26,46.25,1900,600,-361,339
803,DKS,2020-07-30,0 days 15:59:35.780372,88504,46.26,46.25,200,900,1539,-361
804,DKS,2020-07-30,0 days 15:59:50.818118,88764,46.26,46.25,1426,300,-1623,2211
805,DOW,2020-07-30,0 days 15:55:00.168354,249862,41.76,41.75,1282,1369,1512,-10446
806,DOW,2020-07-30,0 days 15:55:03.175572,246474,41.76,41.75,1682,2658,-3388,1512
807,DOW,2020-07-30,0 days 15:59:01.752528,297106,41.81,41.8,1706,1721,1105,-11133
808,DOW,2020-07-30,0 days 15:59:09.771883,266206,41.81,41.8,382,300,-32109,32587
809,DOW,2020-07-30,0 days 15:59:13.781390,298434,41.8,41.79,175,1100,1772,-309
810,DOW,2020-07-30,0 days 15:59:32.828061,305481,41.76,41.75,2019,415,-44,5808
811,DOW,2020-07-30,0 days 15:59:38.842509,276981,41.74,41.73,522,800,-24844,52272
812,DOW,2020-07-30,0 days 15:59:39.845118,301825,41.74,41.73,1808,1332,5456,-24844
813,DOW,2020-07-30,0 days 15:59:47.864859,301839,41.74,41.73,992,1885,8324,-8491
814,DOW,2020-07-30,0 days 16:00:00.893943,300835,41.74,41.72,18156,106698,39001,-4915
815,DRE,2020-07-30,0 days 15:57:24.560116,301457,40.01,40.0,456,507,-39314,155
816,DRE,2020-07-30,0 days 15:57:25.562642,300371,40.0,39.99,100,690,1086,-39314
817,DRE,2020-07-30,0 days 15:57:53.630995,308457,39.98,39.97,6404,404,-58533,867
818,DRE,2020-07-30,0 days 15:59:33.876382,408064,39.93,39.9,1260,2663,-2600,1100
819,DRE,2020-07-30,0 days 15:59:34.878929,405064,39.93,39.9,1360,2663,2700,-2600
820,DRE,2020-07-30,0 days 15:59:35.880642,403264,39.93,39.9,1370,1900,-1800,2700
821,DRE,2020-07-30,0 days 15:59:37.886149,405064,39.93,39.9,1370,1699,2943,-1557
822,DRE,2020-07-30,0 days 15:59:40.894436,403507,39.93,39.9,1528,2599,-1557,2943
823,DRE,2020-07-30,0 days 15:59:44.902568,393855,39.96,39.95,566,838,1352,-6148
824,DRE,2020-07-30,0 days 15:59:52.923379,356405,39.98,39.96,1847,903,-32060,3840
825,DRE,2020-07-30,0 days 15:59:57.927502,356405,39.98,39.97,301,2984,-32060,3840
826,DRH,2020-07-30,0 days 15:59:13.726759,136213,4.75,4.74,16784,25261,-2492,4723
827,DRH,2020-07-30,0 days 15:59:14.728758,133125,4.75,4.74,16884,21544,3088,-2492
828,DRI,2020-07-30,0 days 15:55:28.372961,96591,78.48,78.46,146,430,554,-1146
829,DRI,2020-07-30,0 days 15:55:29.375690,94645,78.48,78.46,146,430,-1946,554
830,DRI,2020-07-30,0 days 15:56:02.455559,102065,78.47,78.45,367,400,215,-1285
831,DRI,2020-07-30,0 days 15:56:03.458938,99980,78.47,78.45,468,400,-2085,215
832,DRI,2020-07-30,0 days 15:57:11.622457,102065,78.38,78.36,665,210,615,-1285
833,DRI,2020-07-30,0 days 15:57:12.624415,100280,78.44,78.41,190,934,-1785,615
834,DRI,2020-07-30,0 days 15:57:34.677917,102079,78.43,78.39,247,600,110,-890
835,DRI,2020-07-30,0 days 15:57:35.681109,101589,78.43,78.39,247,600,-490,110
836,DRI,2020-07-30,0 days 15:57:36.682725,102079,78.43,78.39,247,600,10,-490
837,DRI,2020-07-30,0 days 15:57:41.694687,99889,78.43,78.41,400,400,-2190,10
838,DRI,2020-07-30,0 days 15:59:06.902543,102337,78.49,78.47,653,200,1316,-50
839,DRI,2020-07-30,0 days 15:59:46.999094,113511,78.56,78.53,336,420,-6847,6370
840,DRI,2020-07-30,0 days 15:59:48.003789,113158,78.54,78.51,342,600,353,-6847
841,DRI,2020-07-30,0 days 15:59:54.008416,113511,78.56,78.52,209,500,-643,767
842,DRI,2020-07-30,0 days 15:59:55.011910,113044,78.56,78.53,315,1016,467,-643
843,DRI,2020-07-30,0 days 15:59:56.013639,113511,78.61,78.53,400,885,-643,467
844,DT,2020-07-30,0 days 15:57:38.548882,95187,42.41,42.39,300,845,132,-768
845,DT,2020-07-30,0 days 15:57:39.551078,91219,42.41,42.39,300,845,-3968,132
846,DT,2020-07-30,0 days 15:59:18.792923,98965,42.4,42.39,500,548,168,-3827
847,DT,2020-07-30,0 days 15:59:34.831667,96782,42.4,42.39,408,1127,-2183,213
848,DT,2020-07-30,0 days 15:59:45.858468,98965,42.4,42.39,990,1000,212,-883
849,DT,2020-07-30,0 days 15:59:48.865642,97677,42.4,42.39,990,1273,-1288,212
850,DUK,2020-07-30,0 days 15:55:00.167474,201200,84.36,84.34,1303,1161,5983,-28675
851,DUK,2020-07-30,0 days 15:55:51.290715,206603,84.32,84.31,300,1100,-12083,186
852,DUK,2020-07-30,0 days 15:57:31.531934,222233,84.36,84.35,426,774,2857,-4343
853,DUK,2020-07-30,0 days 15:57:38.548896,225390,84.37,84.36,6782,100,-443,57
854,DUK,2020-07-30,0 days 15:57:57.594581,227489,84.37,84.36,11209,565,1,-199
855,DUK,2020-07-30,0 days 15:59:11.776907,258305,84.49,84.48,400,300,41612,-712
856,DUK,2020-07-30,0 days 15:59:12.778232,299718,84.5,84.49,10104,2276,-23087,41612
857,DUK,2020-07-30,0 days 15:59:13.780776,295405,84.48,84.47,406,1020,4513,-23087
858,DVN,2020-07-30,0 days 15:59:07.767652,363227,10.36,10.35,20924,22240,-9671,2991
859,DVN,2020-07-30,0 days 15:59:14.784384,372898,10.36,10.35,30829,21896,806,-9671
860,DVN,2020-07-30,0 days 15:59:18.794513,373704,10.36,10.35,25142,25388,-535,286
861,DVN,2020-07-30,0 days 15:59:46.861609,395671,10.36,10.35,11621,24579,5207,-965
862,DVN,2020-07-30,0 days 15:59:47.865019,391178,10.37,10.36,12369,29529,-10787,5207
863,DXC,2020-07-30,0 days 15:59:05.709140,126921,17.77,17.76,4982,4167,1533,-2611
864,DXC,2020-07-30,0 days 15:59:06.709802,122454,17.77,17.76,5282,4167,-4467,1533
865,DXC,2020-07-30,0 days 15:59:26.757299,127089,17.76,17.75,6332,6500,1524,-1476
866,DXC,2020-07-30,0 days 15:59:27.760070,126713,17.76,17.75,8008,5600,-276,1524
867,DXC,2020-07-30,0 days 15:59:45.805259,127189,17.76,17.75,10221,4303,2773,-276
868,DXC,2020-07-30,0 days 15:59:46.807233,126262,17.78,17.77,1925,11100,-2828,2773
869,EAT,2020-07-30,0 days 15:55:26.260994,36766,27.91,27.9,1015,700,-3130,570
870,EAT,2020-07-30,0 days 15:55:27.264242,36396,27.91,27.9,964,1080,370,-3130
871,EAT,2020-07-30,0 days 15:55:31.273927,36766,27.93,27.91,493,1091,-330,370
872,EAT,2020-07-30,0 days 15:55:32.275724,36396,27.93,27.91,393,1091,370,-330
873,EAT,2020-07-30,0 days 15:55:47.310925,36766,27.93,27.92,731,821,-350,350
874,EAT,2020-07-30,0 days 15:55:48.313370,36416,27.93,27.92,831,621,350,-350
875,EAT,2020-07-30,0 days 15:55:55.330540,36766,27.92,27.91,1126,205,-345,350
876,EAT,2020-07-30,0 days 15:55:56.332946,36511,27.92,27.91,226,740,255,-345
877,EAT,2020-07-30,0 days 15:57:35.571825,36766,27.91,27.9,1483,501,-266,138
878,EAT,2020-07-30,0 days 15:57:36.573748,36232,27.91,27.9,1653,409,534,-266
879,EAT,2020-07-30,0 days 15:57:45.595788,34466,27.91,27.9,1385,600,-2066,234
880,EAT,2020-07-30,0 days 15:57:47.600718,34232,27.91,27.89,1985,805,234,-66
881,EAT,2020-07-30,0 days 15:57:48.603076,34466,27.91,27.89,1685,805,-385,234
882,EAT,2020-07-30,0 days 15:57:54.617047,34851,27.92,27.91,300,1541,1015,-385
883,EAT,2020-07-30,0 days 15:57:55.619125,34766,27.92,27.91,100,1100,-85,1015
884,EAT,2020-07-30,0 days 15:58:01.634259,36651,27.91,27.9,500,900,223,-277
885,EAT,2020-07-30,0 days 15:58:44.739687,38684,27.94,27.93,987,813,-2219,158
886,EAT,2020-07-30,0 days 15:58:45.741928,38503,27.94,27.93,787,547,181,-2219
887,ECL,2020-07-30,0 days 15:55:35.251979,98819,190.98,190.95,737,403,-969,131
888,ECL,2020-07-30,0 days 15:55:36.254641,98488,190.98,190.96,791,126,331,-969
889,ECL,2020-07-30,0 days 15:55:38.259403,98819,190.97,190.95,300,103,-759,331
890,ECL,2020-07-30,0 days 15:55:39.261658,98578,190.97,190.95,657,206,241,-759
891,ECL,2020-07-30,0 days 15:57:44.564856,101560,190.98,190.93,306,1175,-475,25
892,ECL,2020-07-30,0 days 15:57:45.565786,101235,190.98,190.93,583,1175,325,-475
893,ECL,2020-07-30,0 days 15:57:50.577896,100860,190.98,190.96,609,156,-1075,525
894,ECL,2020-07-30,0 days 15:57:51.581229,100535,190.97,190.95,425,513,325,-1075
895,ECL,2020-07-30,0 days 15:59:02.753659,101971,191.09,191.04,350,622,-670,512
896,ECL,2020-07-30,0 days 15:59:35.833856,111214,190.97,190.89,2476,429,580,-320
897,ECL,2020-07-30,0 days 15:59:36.836589,111094,190.97,190.89,2486,329,-120,580
898,ECL,2020-07-30,0 days 15:59:39.844729,111214,190.9,190.83,2146,300,880,-120
899,ECL,2020-07-30,0 days 15:59:40.846732,111094,190.88,190.83,1918,406,-120,880
900,ECL,2020-07-30,0 days 15:59:46.860579,108671,190.9,190.88,542,100,1658,-1195
901,EGHT,2020-07-30,0 days 15:58:43.707740,83045,17.17,17.14,1100,1050,-296,1213
902,EGHT,2020-07-30,0 days 15:58:44.709861,80141,17.17,17.14,1292,1050,2804,-296
903,EGHT,2020-07-30,0 days 15:59:24.808555,82169,17.15,17.13,500,400,-603,492
904,EGHT,2020-07-30,0 days 15:59:35.833856,81013,17.15,17.14,770,100,1156,-603
905,EGHT,2020-07-30,0 days 15:59:44.855853,82069,17.18,17.14,500,847,-453,1156
906,EGHT,2020-07-30,0 days 15:59:46.860579,81022,17.18,17.14,895,564,1570,-1953
907,EGHT,2020-07-30,0 days 15:59:49.868785,82592,17.18,17.14,818,916,-530,1079
908,EGHT,2020-07-30,0 days 15:59:50.872060,79622,17.18,17.14,723,607,3070,-530
909,EGO,2020-07-30,0 days 15:56:01.453714,26203,11.95,11.94,11320,13545,1351,-349
910,EGO,2020-07-30,0 days 15:58:47.856923,27254,11.96,11.95,6328,19066,-887,438
911,EGO,2020-07-30,0 days 15:59:24.946514,30810,11.97,11.96,16100,6771,1244,-356
912,EGO,2020-07-30,0 days 15:59:25.949011,30454,11.97,11.96,15600,6671,-356,1244
913,EIX,2020-07-30,0 days 15:56:48.458168,274722,54.87,54.86,583,902,10339,-2161
914,EIX,2020-07-30,0 days 15:56:49.461164,270461,54.88,54.86,896,1300,-4261,10339
915,ELAN,2020-07-30,0 days 15:51:01.624527,163205,22.52,22.51,2500,1117,5930,-70
916,ELAN,2020-07-30,0 days 15:52:30.838128,163135,22.54,22.53,800,1100,-70,5930
917,ELAN,2020-07-30,0 days 15:57:58.626444,374301,22.53,22.52,2956,6956,13986,-1014
918,ELAN,2020-07-30,0 days 15:58:51.756543,377849,22.54,22.53,4900,6117,5960,-1440
919,EMR,2020-07-30,0 days 15:55:00.113806,155148,62.55,62.54,500,486,-6472,13055
920,EMR,2020-07-30,0 days 15:55:01.116651,152620,62.55,62.54,533,1069,2528,-6472
921,EMR,2020-07-30,0 days 15:55:22.169024,155148,62.56,62.55,1000,567,-5167,2528
922,EMR,2020-07-30,0 days 15:55:23.170213,153015,62.56,62.55,1300,567,2133,-5167
923,EMR,2020-07-30,0 days 15:57:53.531449,161998,62.64,62.62,1064,978,-139,361
924,EMR,2020-07-30,0 days 15:57:55.535691,159937,62.64,62.62,925,1007,2061,-239
925,EMR,2020-07-30,0 days 15:59:05.708840,174369,62.65,62.64,1177,1571,-11597,2384
926,EMR,2020-07-30,0 days 15:59:06.709542,159366,62.64,62.62,1525,600,15003,-11597
927,EMR,2020-07-30,0 days 15:59:07.713878,174459,62.65,62.64,1480,1600,-7,15003
928,EMR,2020-07-30,0 days 15:59:08.716631,174466,62.63,62.62,1101,100,578,-7
929,EMR,2020-07-30,0 days 15:59:10.719311,175044,62.63,62.62,1383,1175,-122,578
930,EMR,2020-07-30,0 days 15:59:11.722013,175166,62.63,62.62,1383,1079,2121,-122
931,EMR,2020-07-30,0 days 15:59:16.733748,178059,62.64,62.63,1415,400,-5407,2893
932,EMR,2020-07-30,0 days 15:59:17.735697,170966,62.64,62.63,1815,520,7093,-5407
933,EMR,2020-07-30,0 days 15:59:27.759909,178059,62.64,62.63,761,2187,-2797,1393
934,EMR,2020-07-30,0 days 15:59:28.762302,177256,62.64,62.63,961,1803,803,-2797
935,ENB,2020-07-30,0 days 15:56:09.333989,82818,32.22,32.21,8634,3944,-1013,28
936,ENB,2020-07-30,0 days 15:56:10.336126,81931,32.22,32.21,8841,2744,887,-1013
937,ENB,2020-07-30,0 days 15:57:48.573547,82818,32.21,32.2,3727,7720,-1156,626
938,ENB,2020-07-30,0 days 15:57:49.575679,81574,32.21,32.2,2827,8320,1244,-1156
939,ENB,2020-07-30,0 days 15:58:46.714599,82875,32.21,32.2,7112,4229,-3458,1201
940,ENB,2020-07-30,0 days 15:58:47.716779,78139,32.21,32.2,5012,6429,4736,-3458
941,ENB,2020-07-30,0 days 15:59:44.855853,83214,32.21,32.2,5627,6276,361,-1339
942,ENB,2020-07-30,0 days 15:59:45.858494,82875,32.23,32.22,7084,2236,-4939,361
943,ENLC,2020-07-30,0 days 15:55:00.495227,44744,2.47,2.46,14572,9278,-2527,25644
944,ENLC,2020-07-30,0 days 15:55:01.497736,42671,2.47,2.46,16812,10478,2073,-2527
945,ENLC,2020-07-30,0 days 15:58:15.968177,43374,2.47,2.46,14322,11639,1836,-4564
946,EOG,2020-07-30,0 days 15:59:14.783368,265740,46.58,46.56,716,1224,-4093,7507
947,EOG,2020-07-30,0 days 15:59:17.790058,266671,46.56,46.55,298,1478,-3627,2773
948,EPD,2020-07-30,0 days 15:59:40.986504,113860,17.66,17.65,14353,6190,663,-857
949,EPD,2020-07-30,0 days 15:59:46.999173,111318,17.65,17.64,13698,6383,-2842,6658
950,EQH,2020-07-30,0 days 15:56:29.710970,210256,20.29,20.28,3847,3785,18099,-4401
951,EQH,2020-07-30,0 days 15:56:30.713135,180755,20.29,20.28,3000,3085,-29501,18099
952,EQNR,2020-07-30,0 days 15:55:00.104136,24913,15.03,15.02,49968,24808,-861,5387
953,EQR,2020-07-30,0 days 15:59:27.760023,242091,53.95,53.94,600,1567,-1535,369
954,EQR,2020-07-30,0 days 15:59:32.773157,238854,53.94,53.91,1200,1424,3437,-1335
955,EQR,2020-07-30,0 days 15:59:40.792222,242291,53.94,53.93,500,183,-796,1186
956,EQR,2020-07-30,0 days 15:59:46.807074,238059,53.95,53.93,706,611,4473,-1480
957,EQR,2020-07-30,0 days 15:59:48.811983,242532,53.95,53.94,886,532,-2399,666
958,EQR,2020-07-30,0 days 15:59:49.813836,242331,53.95,53.94,586,244,201,-2399
959,EQT,2020-07-30,0 days 15:57:59.930369,159313,14.21,14.2,400,10875,-3627,573
960,EQT,2020-07-30,0 days 15:59:15.113465,172007,14.21,14.2,2955,4002,11204,-822
961,EQT,2020-07-30,0 days 15:59:16.114455,170411,14.21,14.2,4656,5002,-1596,11204
962,EQT,2020-07-30,0 days 15:59:21.126617,172122,14.21,14.2,5277,8901,-2212,2688
963,EQT,2020-07-30,0 days 15:59:39.173339,178534,14.21,14.2,5996,2959,9088,-1412
964,EQT,2020-07-30,0 days 15:59:40.169041,176722,14.21,14.2,3106,3740,-1812,9088
965,EQT,2020-07-30,0 days 15:59:49.189406,177727,14.21,14.2,4640,7334,-807,2402
966,ESRT,2020-07-30,0 days 15:55:26.230076,119850,6.65,6.64,6821,7119,2288,-4912
967,ESRT,2020-07-30,0 days 15:55:27.233255,115738,6.65,6.64,6021,8019,-4112,2288
968,ESRT,2020-07-30,0 days 15:59:45.858233,127666,6.64,6.63,3100,5007,5045,-855
969,ESRT,2020-07-30,0 days 15:59:46.860346,126611,6.64,6.63,2700,6328,-2863,5045
970,ET,2020-07-30,0 days 15:58:24.801781,132785,6.49,6.48,68291,159230,-3264,10036
971,ET,2020-07-30,0 days 15:58:25.803557,124049,6.49,6.48,76691,155015,8736,-3264
972,ETRN,2020-07-30,0 days 15:55:26.273376,147999,9.56,9.55,8840,6846,8409,-2791
973,ETRN,2020-07-30,0 days 15:55:27.278515,146308,9.56,9.55,8740,7147,-1691,8409
974,ETRN,2020-07-30,0 days 15:58:02.652622,153510,9.59,9.58,7099,11353,-1862,528
975,ETRN,2020-07-30,0 days 15:58:06.662275,155372,9.59,9.58,8114,12347,1177,-1862
976,ETRN,2020-07-30,0 days 15:58:08.668295,153574,9.59,9.58,7246,13470,-1798,1102
977,ETRN,2020-07-30,0 days 15:58:58.788914,149216,9.59,9.58,9721,2398,-4121,2479
978,ETRN,2020-07-30,0 days 15:59:12.823852,151284,9.58,9.57,8505,4600,-3447,6332
979,ETRN,2020-07-30,0 days 15:59:15.832501,159831,9.58,9.57,8734,3000,3803,-9447
980,ETRN,2020-07-30,0 days 15:59:21.845592,166734,9.57,9.56,8888,5400,-1131,1569
981,ETRN,2020-07-30,0 days 15:59:27.859394,167865,9.57,9.56,9765,3570,1369,-1131
982,ETRN,2020-07-30,0 days 15:59:45.904992,170896,9.57,9.56,10951,684,1291,-962
983,EURN,2020-07-30,0 days 15:57:59.535762,14341,9.75,9.74,17050,8462,644,-534
984,EURN,2020-07-30,0 days 15:59:01.688036,19759,9.73,9.72,21358,7680,-4182,5418
985,EURN,2020-07-30,0 days 15:59:03.692421,19377,9.73,9.72,21558,8780,382,-118
986,EVRI,2020-07-30,0 days 15:56:01.643918,41063,5.83,5.82,10685,4173,-1282,418
987,EVRI,2020-07-30,0 days 15:56:02.646297,39345,5.83,5.82,11085,4243,1718,-1282
988,EVRI,2020-07-30,0 days 15:59:11.103264,43938,5.84,5.83,8760,6014,-1216,2011
989,EVRI,2020-07-30,0 days 15:59:12.105155,42755,5.84,5.83,9060,6014,1183,-1216
990,EVRI,2020-07-30,0 days 15:59:15.113522,44105,5.84,5.83,9058,5837,-649,1183
991,EVRI,2020-07-30,0 days 15:59:16.114472,43055,5.84,5.83,9009,5662,1050,-649
992,EVRI,2020-07-30,0 days 15:59:46.183191,44105,5.85,5.84,2586,11291,-671,629
993,EVRI,2020-07-30,0 days 15:59:47.184881,43476,5.85,5.84,1660,11491,629,-671
994,EXK,2020-07-30,0 days 15:58:47.746384,20566,4.13,4.12,106306,111680,628,-1855
995,EXPR,2020-07-30,0 days 15:55:00.166872,9010,1.1,1.09,36251,33504,-713,4416
996,EXPR,2020-07-30,0 days 15:58:07.619437,14620,1.1,1.09,22334,44419,11580,-713
997,FBHS,2020-07-30,0 days 15:56:06.464321,96104,77.06,77.04,400,700,168,-364
998,FBHS,2020-07-30,0 days 15:56:07.466934,94972,77.06,77.04,200,1000,-1132,168
999,FBHS,2020-07-30,0 days 15:57:46.706778,101204,77.01,76.97,953,1254,330,-2770
1000,FBHS,2020-07-30,0 days 15:57:47.708476,99734,77.01,76.97,953,1254,-1370,330
1001,FBHS,2020-07-30,0 days 15:57:56.731049,105304,77.03,77.02,1000,100,1230,-1570
1002,FBHS,2020-07-30,0 days 15:57:57.740992,103534,77.03,77.01,2080,1228,-1470,1230
1003,FBHS,2020-07-30,0 days 15:59:29.958409,102996,76.99,76.97,200,1695,612,-688
1004,FBHS,2020-07-30,0 days 15:59:30.960735,102408,77.0,76.97,844,1795,-588,612
1005,FBHS,2020-07-30,0 days 15:59:32.965953,106696,77.0,76.97,584,1295,1023,-1888
1006,FBHS,2020-07-30,0 days 15:59:35.974631,101319,76.99,76.97,302,889,-1677,4785
1007,FBHS,2020-07-30,0 days 15:59:40.986417,102796,76.99,76.97,824,498,1485,-177
1008,FBHS,2020-07-30,0 days 15:59:41.988012,102781,76.99,76.97,303,498,-15,1485
1009,FBHS,2020-07-30,0 days 15:59:45.996515,104296,76.99,76.96,885,400,700,-177
1010,FCAU,2020-07-30,0 days 15:59:45.858602,42511,10.49,10.48,23609,25845,-1998,102
1011,FCAU,2020-07-30,0 days 15:59:46.860656,41709,10.49,10.48,22242,27345,1469,-1998
1012,FCX,2020-07-30,0 days 15:59:15.730950,649825,12.97,12.96,58068,82840,11651,-16292
1013,FCX,2020-07-30,0 days 15:59:16.733816,634676,12.97,12.96,31369,102349,-15149,11651
1014,FCX,2020-07-30,0 days 15:59:44.801782,671579,12.97,12.96,63404,50387,9897,-829
1015,FCX,2020-07-30,0 days 15:59:48.811855,664676,12.97,12.96,60687,45733,-10296,6504
1016,FDX,2020-07-30,0 days 15:56:01.344928,391932,173.13,173.09,100,329,-9631,5469
1017,FDX,2020-07-30,0 days 15:56:02.347594,388463,173.08,173.02,520,200,3469,-9631
1018,FDX,2020-07-30,0 days 15:59:21.829843,398269,172.73,172.68,600,200,-46,154
1019,FDX,2020-07-30,0 days 15:59:24.836950,389715,172.72,172.68,500,484,8554,-46
1020,FDX,2020-07-30,0 days 15:59:28.846919,398269,172.69,172.65,210,200,-19561,767
1021,FDX,2020-07-30,0 days 15:59:29.848595,397330,172.67,172.63,383,200,939,-19561
1022,FDX,2020-07-30,0 days 15:59:31.854064,398269,172.68,172.67,200,389,-8246,24
1023,FE,2020-07-30,0 days 15:55:00.168471,411057,28.92,28.91,9012,5102,-77416,77901
1024,FE,2020-07-30,0 days 15:58:22.657422,498356,28.9,28.89,4311,1645,3508,-7692
1025,FE,2020-07-30,0 days 15:58:23.660088,491664,28.91,28.9,10606,2245,-6692,3508
1026,FE,2020-07-30,0 days 15:59:43.854482,509732,28.89,28.88,3630,5676,100,-2100
1027,FE,2020-07-30,0 days 16:00:00.894084,507042,28.88,28.85,3589,22434,1697,-3003
1028,FHN,2020-07-30,0 days 15:55:00.113953,140685,9.36,9.35,34382,21134,-31920,3028
1029,FIS,2020-07-30,0 days 15:55:00.166405,152220,144.98,144.97,100,230,15078,-35181
1030,FIS,2020-07-30,0 days 15:55:01.169587,147398,145.07,145.03,462,500,-4822,15078
1031,FIS,2020-07-30,0 days 15:55:36.254580,152220,145.03,145.02,878,457,1725,-658
1032,FIS,2020-07-30,0 days 15:55:37.256990,147945,145.03,145.02,478,457,-4275,1725
1033,FIS,2020-07-30,0 days 15:55:54.297573,152229,145.02,145.01,300,447,4390,-3976
1034,FIS,2020-07-30,0 days 15:55:55.299954,148819,145.04,145.03,200,247,-3410,4390
1035,FIS,2020-07-30,0 days 15:58:36.690788,153210,145.03,144.99,200,733,61,-517
1036,FIS,2020-07-30,0 days 15:59:18.792828,164555,145.11,145.09,300,400,257,-2770
1037,FIS,2020-07-30,0 days 15:59:20.797540,161964,145.13,145.11,502,100,-2591,3209
1038,FL,2020-07-30,0 days 15:59:03.756539,103336,30.69,30.68,748,2182,-3284,20916
1039,FL,2020-07-30,0 days 15:59:18.792923,106336,30.68,30.67,3377,606,-866,231
1040,FL,2020-07-30,0 days 15:59:47.864399,112687,30.66,30.65,3521,100,-1393,5861
1041,FNB,2020-07-30,0 days 15:55:26.367712,133738,7.5,7.49,10974,39525,-723,2877
1042,FNB,2020-07-30,0 days 15:55:27.371155,131061,7.5,7.49,10628,40755,2377,-723
1043,FNB,2020-07-30,0 days 15:55:30.378728,133738,7.5,7.49,10528,40908,-123,2377
1044,FNB,2020-07-30,0 days 15:55:35.390165,132661,7.51,7.5,21166,37859,777,-423
1045,FNB,2020-07-30,0 days 15:56:40.547719,137787,7.51,7.5,18908,44945,-3912,767
1046,FNB,2020-07-30,0 days 15:56:41.549903,135899,7.51,7.5,18508,44564,1888,-3912
1047,FNB,2020-07-30,0 days 15:56:59.592845,137787,7.51,7.5,17525,44225,-4412,1888
1048,FNB,2020-07-30,0 days 15:57:00.596345,127899,7.51,7.5,17525,43844,9888,-4412
1049,FNB,2020-07-30,0 days 15:58:08.761925,137844,7.51,7.5,18502,61380,-372,809
1050,FRO,2020-07-30,0 days 15:58:37.693709,43264,8.05,8.04,9117,16491,-307,1147
1051,FRO,2020-07-30,0 days 15:58:38.695414,42271,8.05,8.04,13817,15691,993,-307
1052,FRO,2020-07-30,0 days 15:58:39.697001,41810,8.05,8.04,15817,7635,-461,993
1053,FRO,2020-07-30,0 days 15:58:40.699038,40971,8.05,8.04,16417,7835,839,-461
1054,FRO,2020-07-30,0 days 15:59:08.768229,44361,8.05,8.04,7001,11990,-1510,3390
1055,FRO,2020-07-30,0 days 15:59:09.770715,43471,8.05,8.04,11101,8990,890,-1510
1056,FRO,2020-07-30,0 days 15:59:10.773213,44361,8.05,8.04,10390,9490,-5091,890
1057,FSLY,2020-07-30,0 days 15:58:36.720223,72617,92.48,92.45,200,246,55,-1278
1058,FSLY,2020-07-30,0 days 15:58:40.730246,71072,92.49,92.46,396,275,-1845,655
1059,FSLY,2020-07-30,0 days 15:59:07.795668,75927,92.56,92.53,100,300,9039,-1672
1060,FSM,2020-07-30,0 days 15:57:09.426820,14932,6.5,6.49,82891,52153,-895,99
1061,FTCH,2020-07-30,0 days 15:55:56.441699,46720,24.99,24.98,2207,201,-1690,72
1062,FTCH,2020-07-30,0 days 15:55:57.444125,46610,24.99,24.98,1907,1402,110,-1690
1063,FTCH,2020-07-30,0 days 15:56:01.453739,46720,24.99,24.98,1907,1234,-1190,110
1064,FTCH,2020-07-30,0 days 15:56:31.525109,49473,25.0,24.99,1726,1403,47,-253
1065,FTCH,2020-07-30,0 days 15:56:32.527866,49220,25.0,24.99,2233,935,-253,47
1066,FTCH,2020-07-30,0 days 15:57:55.729109,54253,24.97,24.96,2688,900,67,-733
1067,FTCH,2020-07-30,0 days 15:58:23.799153,52593,24.95,24.94,400,994,227,-73
1068,FTCH,2020-07-30,0 days 15:58:24.802734,52220,24.95,24.94,880,400,-373,227
1069,FTCH,2020-07-30,0 days 15:59:03.896913,54107,24.96,24.95,1099,1231,598,-2448
1070,FTCH,2020-07-30,0 days 15:59:04.898555,55705,24.96,24.95,1099,1331,-1302,598
1071,FTI,2020-07-30,0 days 15:55:19.542510,331830,8.0,7.99,10743,9343,-3821,179
1072,FTI,2020-07-30,0 days 15:59:37.165647,347901,8.01,8.0,13360,9635,-1954,6646
1073,FTV,2020-07-30,0 days 15:55:00.495480,152794,72.28,72.26,417,751,-2029,13719
1074,FTV,2020-07-30,0 days 15:55:01.497835,151923,72.28,72.27,317,200,871,-2029
1075,FTV,2020-07-30,0 days 15:56:19.686968,156700,72.31,72.3,600,400,-483,817
1076,FTV,2020-07-30,0 days 15:56:20.689589,155583,72.31,72.3,700,200,1117,-483
1077,FTV,2020-07-30,0 days 15:56:39.735271,159300,72.31,72.29,1067,933,-783,3717
1078,FTV,2020-07-30,0 days 15:56:40.738001,157983,72.31,72.29,967,833,1317,-783
1079,FTV,2020-07-30,0 days 15:57:42.887365,159397,72.35,72.33,900,916,-335,365
1080,FTV,2020-07-30,0 days 15:57:46.897063,159397,72.36,72.35,100,700,-1935,3565
1081,FTV,2020-07-30,0 days 15:57:47.899518,158632,72.36,72.35,200,400,765,-1935
1082,FTV,2020-07-30,0 days 15:57:49.906269,159397,72.36,72.35,700,678,-335,165
1083,FTV,2020-07-30,0 days 15:57:50.907912,158332,72.36,72.35,700,778,1065,-335
1084,FTV,2020-07-30,0 days 15:57:57.924432,159397,72.36,72.35,1218,741,-35,65
1085,FTV,2020-07-30,0 days 15:58:00.933536,156732,72.34,72.33,500,300,2665,-35
1086,FTV,2020-07-30,0 days 15:58:09.954315,159943,72.33,72.32,1100,300,-69,1131
1087,FTV,2020-07-30,0 days 15:58:10.956729,159412,72.33,72.32,1400,300,531,-69
1088,FTV,2020-07-30,0 days 15:58:11.959308,159943,72.33,72.32,1100,600,-269,531
1089,FTV,2020-07-30,0 days 15:58:12.961700,156712,72.3,72.29,1000,1000,3231,-269
1090,FTV,2020-07-30,0 days 15:58:13.964053,159943,72.3,72.29,920,1394,-569,3231
1091,FTV,2020-07-30,0 days 15:58:14.965893,159112,72.3,72.29,1028,1395,831,-569
1092,FTV,2020-07-30,0 days 15:58:22.986811,159943,72.3,72.29,2435,995,-535,765
1093,FTV,2020-07-30,0 days 15:58:24.990403,157878,72.3,72.29,2400,1306,2065,-635
1094,FTV,2020-07-30,0 days 15:58:31.005572,159943,72.24,72.22,300,874,-11635,965
1095,FTV,2020-07-30,0 days 15:58:32.007365,161378,72.23,72.22,200,737,6165,-11635
1096,FTV,2020-07-30,0 days 15:58:33.009673,161143,72.25,72.23,400,700,-235,6165
1097,FTV,2020-07-30,0 days 15:59:32.154413,169124,72.17,72.16,100,145,3750,-1050
1098,FTV,2020-07-30,0 days 15:59:33.155772,168730,72.2,72.16,400,1649,-394,3750
1099,FTV,2020-07-30,0 days 15:59:40.168984,169224,72.18,72.16,200,763,106,-794
1100,FTV,2020-07-30,0 days 15:59:46.182996,169530,72.17,72.16,72635,701,-1394,106
1101,GFI,2020-07-30,0 days 15:55:39.210070,118827,12.8,12.79,22052,38643,-1279,207
1102,GFI,2020-07-30,0 days 15:56:13.290097,120320,12.8,12.79,46472,18508,5546,-1454
1103,GFI,2020-07-30,0 days 15:59:00.699042,138329,12.81,12.8,21217,29089,-2043,1908
1104,GFI,2020-07-30,0 days 15:59:01.699282,136372,12.81,12.8,39798,19136,1957,-2043
1105,GFI,2020-07-30,0 days 15:59:14.728951,193347,12.8,12.79,20426,51304,5249,-6151
1106,GFI,2020-07-30,0 days 15:59:23.750533,186427,12.8,12.79,18949,52814,12669,-3331
1107,GIS,2020-07-30,0 days 15:58:31.614775,162441,63.42,63.41,100,2057,-278,2522
1108,GIS,2020-07-30,0 days 15:58:32.617069,159419,63.42,63.41,100,1857,3022,-278
1109,GIS,2020-07-30,0 days 15:58:36.626988,159451,63.43,63.42,610,1550,-68,2922
1110,GIS,2020-07-30,0 days 15:58:55.673000,157287,63.44,63.43,582,1304,1589,-111
1111,GIS,2020-07-30,0 days 15:59:07.703396,160985,63.44,63.43,200,2018,-17799,1851
1112,GIS,2020-07-30,0 days 15:59:08.706139,158884,63.42,63.41,1758,300,2101,-17799
1113,GIS,2020-07-30,0 days 15:59:43.787697,171100,63.46,63.45,552,1240,892,-1908
1114,GIS,2020-07-30,0 days 15:59:45.792767,171992,63.47,63.46,1250,894,-3474,892
1115,GIS,2020-07-30,0 days 15:59:46.795202,171266,63.46,63.45,214,993,1277,-3474
1116,GIS,2020-07-30,0 days 15:59:47.797783,172543,63.46,63.45,500,693,-613,1277
1117,GIS,2020-07-30,0 days 15:59:49.803650,172284,63.46,63.45,1674,213,259,-1241
1118,GLW,2020-07-30,0 days 15:59:44.856588,405554,31.12,31.11,13641,6210,-7475,27162
1119,GLW,2020-07-30,0 days 15:59:46.861461,404141,31.11,31.1,5303,10300,2345,-4835
1120,GM,2020-07-30,0 days 15:55:28.183947,469461,25.22,25.21,30882,18393,-30043,7957
1121,GM,2020-07-30,0 days 15:55:29.186237,464904,25.22,25.21,29172,19677,4577,-30043
1122,GM,2020-07-30,0 days 15:55:50.236917,469481,25.21,25.2,36516,23288,-30101,7699
1123,GM,2020-07-30,0 days 15:55:51.238998,465182,25.21,25.2,36851,22602,5712,-30101
1124,GM,2020-07-30,0 days 15:55:56.251250,470894,25.21,25.2,37952,21942,-4168,5632
1125,GM,2020-07-30,0 days 15:55:57.253536,466462,25.21,25.2,34152,23196,4432,-4168
1126,GM,2020-07-30,0 days 15:56:29.328721,470894,25.21,25.2,27500,28407,-34387,3413
1127,GM,2020-07-30,0 days 15:56:30.330913,466881,25.21,25.2,28335,25234,4013,-34387
1128,GM,2020-07-30,0 days 15:56:33.338178,470894,25.21,25.2,30285,25354,-10123,4013
1129,GM,2020-07-30,0 days 15:58:02.553986,473456,25.21,25.2,53053,25380,1556,-2244
1130,GM,2020-07-30,0 days 15:58:12.578261,478942,25.22,25.21,28549,24650,-32818,4982
1131,GM,2020-07-30,0 days 15:58:13.580830,478060,25.22,25.21,35750,16977,882,-32818
1132,GM,2020-07-30,0 days 15:58:16.587847,482242,25.22,25.21,35648,15780,-3163,4182
1133,GM,2020-07-30,0 days 15:58:28.617910,447605,25.21,25.2,17721,25232,34637,-3163
1134,GM,2020-07-30,0 days 15:59:01.698994,497134,25.2,25.19,22234,14317,-965,4235
1135,GM,2020-07-30,0 days 15:59:28.762342,500583,25.2,25.19,17623,21159,-24137,1358
1136,GME,2020-07-30,0 days 15:59:09.097855,41602,4.1,4.09,21975,21512,-4239,1909
1137,GOLD,2020-07-30,0 days 15:56:02.646268,319676,28.28,28.27,53127,3154,-5662,1076
1138,GOLD,2020-07-30,0 days 15:59:36.162782,331859,28.26,28.25,14811,40594,7377,-9523
1139,GOLD,2020-07-30,0 days 15:59:37.165802,330536,28.26,28.25,13657,42114,-1323,7377
1140,GOLD,2020-07-30,0 days 15:59:45.180719,331859,28.26,28.25,29073,14224,1177,-1323
1141,GOLD,2020-07-30,0 days 15:59:50.196776,277531,28.26,28.25,13470,36411,-54328,572
1142,GPK,2020-07-30,0 days 15:55:55.236496,122439,14.07,14.06,5946,31592,4123,-1539
1143,GPK,2020-07-30,0 days 15:55:56.239044,120262,14.07,14.06,5621,32192,-2177,4123
1144,GPK,2020-07-30,0 days 15:57:09.415473,122439,14.08,14.07,5050,32988,1948,-229
1145,GPK,2020-07-30,0 days 15:57:10.417546,120587,14.08,14.07,4752,35988,-1852,1948
1146,GPK,2020-07-30,0 days 15:57:48.508960,122939,14.08,14.07,21215,23196,3025,-3226
1147,GPK,2020-07-30,0 days 15:57:49.511705,120364,14.08,14.07,17815,26596,-2575,3025
1148,GPK,2020-07-30,0 days 15:58:37.629249,141972,14.08,14.07,20180,23888,76,-4124
1149,GPK,2020-07-30,0 days 15:58:38.631317,138248,14.08,14.07,14218,27388,-3724,76
1150,GPK,2020-07-30,0 days 15:58:47.653509,142072,14.08,14.07,17402,18463,267,-2571
1151,GPK,2020-07-30,0 days 15:58:48.655997,140039,14.08,14.07,19702,18274,-1933,267
1152,GPK,2020-07-30,0 days 15:59:07.703473,141706,14.08,14.07,17872,24449,5854,-1046
1153,GPK,2020-07-30,0 days 15:59:15.720635,141153,14.08,14.07,12302,29092,-553,147
1154,GPK,2020-07-30,0 days 15:59:45.792834,142045,14.07,14.06,30112,8762,3908,-892
1155,GPS,2020-07-30,0 days 15:57:27.566582,179222,13.65,13.64,18556,30301,-963,3303
1156,GPS,2020-07-30,0 days 15:57:28.570076,176931,13.65,13.64,18998,28996,2291,-963
1157,GPS,2020-07-30,0 days 15:57:33.582678,179304,13.65,13.64,21186,30431,-27,2373
1158,GPS,2020-07-30,0 days 15:57:38.594526,178231,13.65,13.64,22662,37420,1073,-2127
1159,GPS,2020-07-30,0 days 15:57:40.599733,179304,13.65,13.64,21051,41832,-27,1073
1160,GPS,2020-07-30,0 days 15:57:41.602110,178631,13.65,13.64,21143,39932,673,-27
1161,GPS,2020-07-30,0 days 15:57:42.604267,179304,13.65,13.64,20899,40743,-927,673
1162,GPS,2020-07-30,0 days 15:57:43.606370,178031,13.65,13.64,20899,39078,1273,-927
1163,GPS,2020-07-30,0 days 15:57:47.616434,178131,13.65,13.64,20068,40720,1173,-227
1164,GPS,2020-07-30,0 days 15:58:32.728073,186861,13.64,13.63,17061,31300,-800,8578
1165,GPS,2020-07-30,0 days 15:58:33.729537,185583,13.64,13.63,20035,28800,1178,-800
1166,GPS,2020-07-30,0 days 15:59:18.839845,187357,13.64,13.63,7510,39490,-177,1662
1167,GPS,2020-07-30,0 days 15:59:24.854663,185556,13.65,13.64,40431,43983,1701,-1899
1168,GPS,2020-07-30,0 days 15:59:27.860926,187257,13.65,13.64,37378,47014,-882,1701
1169,GPS,2020-07-30,0 days 15:59:28.863733,186039,13.65,13.64,49803,43714,1218,-882
1170,GPS,2020-07-30,0 days 15:59:45.905474,187457,13.65,13.64,74895,12645,-2831,383
1171,GRUB,2020-07-30,0 days 15:59:34.861150,57900,70.37,70.33,992,547,20,-2321
1172,GRUB,2020-07-30,0 days 15:59:48.895814,56782,70.34,70.25,379,1205,-518,656
1173,GS,2020-07-30,0 days 15:58:41.647675,146078,199.41,199.36,200,400,-59,693
1174,GS,2020-07-30,0 days 15:58:45.658265,144437,199.4,199.37,250,405,1641,-2159
1175,GS,2020-07-30,0 days 15:59:07.712731,153351,199.42,199.38,301,500,-1932,2036
1176,GS,2020-07-30,0 days 15:59:08.715498,151652,199.42,199.38,299,600,1699,-1932
1177,GS,2020-07-30,0 days 15:59:11.721905,153299,199.49,199.44,100,425,-4816,1699
1178,GS,2020-07-30,0 days 15:59:12.723496,152015,199.47,199.44,396,300,1284,-4816
1179,GS,2020-07-30,0 days 15:59:29.764083,154276,199.58,199.54,200,500,-531,569
1180,GS,2020-07-30,0 days 15:59:30.767807,153107,199.58,199.55,600,100,1169,-531
1181,GS,2020-07-30,0 days 15:59:32.773000,154276,199.52,199.47,100,274,-2420,1169
1182,GS,2020-07-30,0 days 15:59:33.774390,152596,199.54,199.49,400,335,1680,-2420
1183,GS,2020-07-30,0 days 15:59:46.806809,154276,199.56,199.52,100,604,-20698,776
1184,GS,2020-07-30,0 days 15:59:47.810645,145798,199.53,199.47,400,876,8478,-20698
1185,GS,2020-07-30,0 days 15:59:53.822854,154276,199.61,199.47,1207,1375,-20592,1982
1186,GSK,2020-07-30,0 days 15:58:17.973322,41133,40.29,40.28,15957,6814,-169,631
1187,GSK,2020-07-30,0 days 15:59:18.119186,45079,40.28,40.27,8700,8643,423,-70
1188,GSK,2020-07-30,0 days 15:59:25.136521,53902,40.28,40.27,5347,10119,-204,23
1189,GSK,2020-07-30,0 days 15:59:37.165828,54106,40.27,40.26,20054,2370,496,-204
1190,GSK,2020-07-30,0 days 15:59:43.176545,53702,40.26,40.25,14044,9506,-204,1396
1191,HAL,2020-07-30,0 days 15:59:24.742701,648520,14.68,14.67,41500,21680,47035,-21327
1192,HAL,2020-07-30,0 days 15:59:25.744750,568655,14.68,14.67,36100,30079,-79865,47035
1193,HAL,2020-07-30,0 days 15:59:29.753946,647395,14.7,14.69,21122,15011,-20577,1675
1194,HAL,2020-07-30,0 days 15:59:33.763948,656920,14.69,14.68,17285,194857,1035,-1013
1195,HAL,2020-07-30,0 days 15:59:44.790148,668172,14.7,14.69,19200,97721,1654,-2632
1196,HBI,2020-07-30,0 days 15:57:46.517094,394810,14.27,14.26,821,16040,1805,-1595
1197,HBI,2020-07-30,0 days 15:57:48.519600,396615,14.28,14.27,6800,8285,-2195,1805
1198,HBI,2020-07-30,0 days 15:57:49.521879,389510,14.28,14.27,9200,10690,7105,-2195
1199,HBI,2020-07-30,0 days 15:58:37.639280,398031,14.27,14.26,20335,15970,-2659,1241
1200,HBI,2020-07-30,0 days 15:58:38.641450,392090,14.27,14.26,21569,16019,5941,-2659
1201,HBI,2020-07-30,0 days 15:58:41.648475,398031,14.27,14.26,21169,16019,-4589,5941
1202,HBI,2020-07-30,0 days 15:58:42.651792,393320,14.27,14.26,24075,13919,4711,-4589
1203,HBI,2020-07-30,0 days 15:59:27.760070,432631,14.27,14.26,20019,17612,-1988,5912
1204,HBI,2020-07-30,0 days 15:59:31.771031,434419,14.27,14.26,20545,14342,1012,-1988
1205,HBI,2020-07-30,0 days 15:59:43.799470,435431,14.27,14.26,19718,14946,-5623,4177
1206,HBI,2020-07-30,0 days 15:59:44.801913,433754,14.27,14.26,22418,14696,1677,-5623
1207,HBI,2020-07-30,0 days 15:59:45.805221,435431,14.27,14.26,19481,13644,-4823,1677
1208,HBI,2020-07-30,0 days 15:59:46.807200,432854,14.27,14.26,20560,13989,3628,-4823
1209,HCA,2020-07-30,0 days 15:55:00.198645,83170,128.04,128.01,112,236,18690,-5947
1210,HCA,2020-07-30,0 days 15:57:36.573785,102858,128.14,128.12,200,551,-981,519
1211,HCA,2020-07-30,0 days 15:57:37.576077,102639,128.14,128.13,212,300,219,-981
1212,HCA,2020-07-30,0 days 15:57:38.578703,102858,128.15,128.13,200,560,-2,219
1213,HCA,2020-07-30,0 days 15:57:52.611873,108360,128.15,128.13,300,260,598,-982
1214,HCA,2020-07-30,0 days 15:57:53.614301,107758,128.15,128.13,400,260,-602,598
1215,HCA,2020-07-30,0 days 15:58:08.652291,108246,128.11,128.08,400,200,282,-841
1216,HCA,2020-07-30,0 days 15:58:09.654297,107528,128.11,128.08,500,200,-718,282
1217,HCA,2020-07-30,0 days 15:59:23.834095,113510,128.17,128.14,200,200,2470,-660
1218,HCA,2020-07-30,0 days 15:59:24.837102,113080,128.17,128.14,300,601,-430,2470
1219,HCA,2020-07-30,0 days 15:59:31.854176,112510,128.13,128.11,300,107,1150,-430
1220,HCA,2020-07-30,0 days 15:59:32.856342,113260,128.15,128.13,500,100,-481,1150
1221,HCA,2020-07-30,0 days 15:59:37.868917,112941,128.06,128.04,200,100,319,-81
1222,HCA,2020-07-30,0 days 15:59:38.870695,112660,128.1,128.05,200,1059,-281,319
1223,HCA,2020-07-30,0 days 15:59:42.880144,112941,128.11,128.07,700,310,572,-281
1224,HCA,2020-07-30,0 days 15:59:43.882830,112713,128.13,128.07,766,1169,-628,572
1225,HCA,2020-07-30,0 days 15:59:45.888159,113341,128.12,128.09,300,310,449,-228
1226,HCA,2020-07-30,0 days 15:59:46.890194,113090,128.17,128.13,500,769,-651,449
1227,HD,2020-07-30,0 days 15:55:01.497800,187030,266.27,266.23,100,376,-1142,5005
1228,HD,2020-07-30,0 days 15:56:09.663704,188710,266.31,266.26,270,325,292,-1030
1229,HD,2020-07-30,0 days 15:56:10.665805,188002,266.31,266.26,501,425,-680,292
1230,HD,2020-07-30,0 days 15:56:41.739950,188682,266.24,266.22,200,300,1384,-666
1231,HD,2020-07-30,0 days 15:56:42.742042,186466,266.25,266.23,500,100,-2216,1384
1232,HD,2020-07-30,0 days 15:56:50.761628,187866,266.11,266.07,200,325,-432,168
1233,HD,2020-07-30,0 days 15:57:32.863181,188057,266.22,266.17,225,280,787,-276
1234,HD,2020-07-30,0 days 15:57:33.865008,187844,266.22,266.17,525,200,-176,787
1235,HD,2020-07-30,0 days 15:57:45.894356,188906,266.28,266.24,101,425,2238,-3325
1236,HD,2020-07-30,0 days 15:57:46.897030,187530,266.28,266.24,101,429,-1939,2238
1237,HD,2020-07-30,0 days 15:57:51.909213,188906,266.24,266.22,121,448,124,-1676
