,Symbol,Timestamp,TIME,iPaired,Ask_P,Bid_P,Ask_S,Bid_S,iShares,PreviShares
0,AA,2020-12-02,0 days 15:55:00.246878,273988,22.41,22.4,2883,10654,11079,-96874
1,AA,2020-12-02,0 days 15:55:01.247510,273467,22.41,22.4,4382,10856,-91,11079
2,AA,2020-12-02,0 days 15:55:46.248672,255304,22.38,22.37,7643,2047,-2920,1946
3,AA,2020-12-02,0 days 15:56:00.249841,258224,22.38,22.37,10690,5347,2480,-2720
4,AA,2020-12-02,0 days 15:56:20.249885,260309,22.38,22.37,5461,9219,-1489,2067
5,AA,2020-12-02,0 days 15:57:13.251859,266116,22.35,22.34,8336,3679,1393,-553
6,AA,2020-12-02,0 days 15:57:17.249006,268109,22.35,22.34,8685,3447,-20,1993
7,AA,2020-12-02,0 days 15:57:41.249268,268129,22.34,22.33,7523,2437,7180,-1220
8,AA,2020-12-02,0 days 15:57:47.249683,271009,22.34,22.33,11198,2301,-920,2480
9,AA,2020-12-02,0 days 15:57:51.249686,268529,22.34,22.33,10106,2415,2480,-920
10,AA,2020-12-02,0 days 15:57:58.250081,269009,22.35,22.34,2231,5200,-3220,26
11,AA,2020-12-02,0 days 15:58:01.252245,268983,22.35,22.34,1134,5426,26,-3220
12,AA,2020-12-02,0 days 15:58:21.250601,281609,22.35,22.34,5337,2200,-6639,1307
13,AA,2020-12-02,0 days 15:59:17.244858,294062,22.36,22.35,300,6200,885,-5288
14,AA,2020-12-02,0 days 15:59:37.245237,310101,22.38,22.37,2300,3600,-1532,1390
15,AA,2020-12-02,0 days 15:59:46.246797,320766,22.38,22.37,100,5500,6911,-1171
16,AA,2020-12-02,0 days 15:59:50.249063,309991,22.38,22.37,2600,6103,-9792,5208
17,AA,2020-12-02,0 days 15:59:54.246323,318583,22.37,22.36,3905,600,5708,-892
18,ABBV,2020-12-02,0 days 15:59:38.125103,661643,105.01,104.99,516,510,7551,-8644
19,ABBV,2020-12-02,0 days 15:59:43.126379,662741,105.01,104.99,400,1300,6242,-5965
20,ABEV,2020-12-02,0 days 15:55:00.256631,47177,2.88,2.87,623061,228041,-3601,11545
21,ABEV,2020-12-02,0 days 15:57:03.263581,50978,2.88,2.87,690882,161157,65582,-3318
22,ABT,2020-12-02,0 days 15:55:49.259279,586033,108.0,107.98,400,764,-2611,120
23,ABT,2020-12-02,0 days 15:56:02.260755,587780,107.98,107.97,379,100,812,-1276
24,ABT,2020-12-02,0 days 15:56:19.260346,587782,108.0,107.98,595,108,972,-828
25,ABT,2020-12-02,0 days 15:57:17.262119,589577,108.0,107.99,600,208,-1532,412
26,ABT,2020-12-02,0 days 15:57:34.261461,592909,107.96,107.93,400,607,9974,-26
27,ABT,2020-12-02,0 days 15:57:49.261455,591909,107.93,107.91,200,303,1574,-4941
28,ABT,2020-12-02,0 days 15:57:56.263156,586383,107.97,107.92,100,100,-7341,3659
29,ABT,2020-12-02,0 days 15:58:04.263062,591926,108.0,107.96,300,104,2960,-6440
30,ABT,2020-12-02,0 days 15:58:18.263254,594426,108.06,108.01,100,200,5220,-5580
31,ABT,2020-12-02,0 days 15:58:24.264164,600357,108.16,108.11,300,300,2597,-903
32,ABT,2020-12-02,0 days 15:58:30.263426,603054,108.17,108.14,300,501,-803,2697
33,ABT,2020-12-02,0 days 15:58:32.263627,600357,108.14,108.11,1353,100,2697,-803
34,ABT,2020-12-02,0 days 15:59:02.267663,600524,108.14,108.1,100,400,-1878,3499
35,ABT,2020-12-02,0 days 15:59:06.265633,619738,108.13,108.11,100,100,6372,-25628
36,ABT,2020-12-02,0 days 15:59:12.265589,620145,108.15,108.12,199,200,1276,-3339
37,ABT,2020-12-02,0 days 15:59:33.267850,629047,108.22,108.19,200,450,4013,-2434
38,ABT,2020-12-02,0 days 15:59:34.265974,629661,108.24,108.22,100,400,-3486,4013
39,ABT,2020-12-02,0 days 15:59:35.267123,629047,108.19,108.15,300,200,4847,-3486
40,ABT,2020-12-02,0 days 15:59:55.247103,627520,108.22,108.15,1000,100,-869,77
41,ACI,2020-12-02,0 days 15:55:50.259731,72189,15.53,15.52,7406,900,-397,7603
42,ACN,2020-12-02,0 days 15:59:46.264304,295286,249.62,249.53,233,300,-420,433
43,ACN,2020-12-02,0 days 15:59:47.263255,294192,249.7,249.53,302,629,1081,-420
44,ADM,2020-12-02,0 days 15:55:00.255800,634339,49.39,49.38,400,400,450,-2695
45,ADM,2020-12-02,0 days 15:55:28.256794,636698,49.39,49.38,1363,1679,-8466,859
46,ADM,2020-12-02,0 days 15:57:33.259723,653677,49.44,49.43,1200,1961,2039,-1961
47,ADM,2020-12-02,0 days 15:57:34.259474,653016,49.44,49.43,1405,2253,-661,2039
48,ADM,2020-12-02,0 days 15:57:35.260054,653677,49.44,49.43,1698,2353,8739,-661
49,ADM,2020-12-02,0 days 15:59:34.262629,674591,49.52,49.51,597,1499,-2612,4288
50,ADM,2020-12-02,0 days 15:59:50.269314,635800,49.53,49.52,2407,100,-51887,10413
51,ADNT,2020-12-02,0 days 15:55:00.246599,77096,32.93,32.91,619,300,19317,-6372
52,ADNT,2020-12-02,0 days 15:55:42.248262,87613,32.9,32.89,1146,100,-193,8741
53,ADNT,2020-12-02,0 days 15:56:12.249483,87879,32.88,32.87,1236,300,456,-144
54,ADNT,2020-12-02,0 days 15:56:18.249308,88935,32.88,32.87,1336,300,-787,456
55,ADNT,2020-12-02,0 days 15:56:22.249482,89722,32.88,32.87,1336,300,202,-187
56,ADNT,2020-12-02,0 days 15:57:12.250734,93924,32.86,32.84,200,100,-432,486
57,ADNT,2020-12-02,0 days 15:57:21.249002,95890,32.82,32.8,768,100,34,-66
58,ADNT,2020-12-02,0 days 15:57:27.249026,95124,32.82,32.81,562,601,-766,34
59,ADNT,2020-12-02,0 days 15:59:00.254481,99283,32.81,32.78,100,320,1837,-68
60,ADNT,2020-12-02,0 days 15:59:01.252546,98951,32.81,32.78,100,300,-332,1837
61,ADNT,2020-12-02,0 days 15:59:28.244538,101342,32.82,32.8,150,760,738,-677
62,ADNT,2020-12-02,0 days 15:59:29.244931,100880,32.85,32.82,400,100,-462,738
63,ADNT,2020-12-02,0 days 15:59:48.245665,117556,32.78,32.76,800,100,616,-6
64,ADT,2020-12-02,0 days 15:56:21.260360,94376,7.95,7.94,13090,12297,247,-751
65,AEG,2020-12-02,0 days 15:59:02.244519,12477,3.78,3.77,120194,97600,-347,2082
66,AEM,2020-12-02,0 days 15:55:57.119956,23933,69.13,69.1,426,200,184,-116
67,AEM,2020-12-02,0 days 15:55:58.119695,23517,69.13,69.1,426,200,-416,184
68,AEM,2020-12-02,0 days 15:57:21.120909,27196,69.12,69.1,1200,374,321,-579
69,AEM,2020-12-02,0 days 15:57:22.120937,26717,69.12,69.1,1200,374,-479,321
70,AEM,2020-12-02,0 days 15:59:46.126607,29244,69.08,69.06,900,300,1163,-278
71,AEO,2020-12-02,0 days 15:59:05.300998,384262,18.33,18.32,1960,6045,2345,-29215
72,AEO,2020-12-02,0 days 15:59:50.299330,389199,18.35,18.34,827,7000,-35793,17607
73,AER,2020-12-02,0 days 15:55:00.216437,108808,37.72,37.71,100,159,-28929,44425
74,AER,2020-12-02,0 days 15:55:01.216379,107077,37.74,37.67,110,199,1731,-28929
75,AER,2020-12-02,0 days 15:55:04.216126,108808,37.71,37.68,400,100,-1343,1731
76,AER,2020-12-02,0 days 15:58:07.221207,121860,37.88,37.82,200,600,11168,-5108
77,AER,2020-12-02,0 days 15:58:08.221597,133028,37.88,37.84,100,300,-5332,11168
78,AER,2020-12-02,0 days 15:59:17.221920,218627,37.95,37.93,290,1011,11,-72
79,AER,2020-12-02,0 days 15:59:23.221988,218638,37.96,37.94,200,321,-3706,11
80,AER,2020-12-02,0 days 15:59:24.222541,219344,37.95,37.94,200,200,106,-3706
81,AER,2020-12-02,0 days 15:59:46.224189,225333,37.94,37.92,300,100,-2285,2475
82,AER,2020-12-02,0 days 15:59:50.227783,158718,37.94,37.87,100,400,66727,-2873
83,AES,2020-12-02,0 days 15:55:26.256448,306348,21.2,21.19,7452,4616,-28483,467
84,AES,2020-12-02,0 days 15:56:45.258064,352220,21.18,21.17,12907,5645,964,-4460
85,AES,2020-12-02,0 days 15:56:46.258817,348684,21.18,21.17,12657,4771,-3536,964
86,AES,2020-12-02,0 days 15:59:06.265260,341801,21.19,21.18,570,13694,29752,-4198
87,AES,2020-12-02,0 days 15:59:07.265407,339568,21.2,21.19,3218,12170,-2233,29752
88,AES,2020-12-02,0 days 15:59:25.261696,408617,21.18,21.17,7338,5006,-4272,2928
89,AES,2020-12-02,0 days 15:59:46.264419,410232,21.17,21.16,8759,6713,-18134,1693
90,AFL,2020-12-02,0 days 15:55:00.233241,305297,45.37,45.36,902,1193,-13295,37582
91,AFL,2020-12-02,0 days 15:55:40.235743,334220,45.32,45.31,900,3870,473,-8234
92,AFL,2020-12-02,0 days 15:55:43.236516,327911,45.32,45.31,800,2870,-6309,473
93,AG,2020-12-02,0 days 15:59:09.266396,55253,11.24,11.23,33770,5850,1624,-2586
94,AIG,2020-12-02,0 days 15:55:00.256225,1150285,39.72,39.71,1063,1865,39813,-143713
95,AIG,2020-12-02,0 days 15:55:28.256814,1160300,39.75,39.74,935,1357,-396,2798
96,AIG,2020-12-02,0 days 15:55:34.257273,1161556,39.74,39.73,1792,281,1744,-1050
97,AIG,2020-12-02,0 days 15:55:35.256896,1160800,39.74,39.73,1092,1681,-550,1744
98,AIG,2020-12-02,0 days 15:56:02.257209,1159948,39.71,39.7,2138,2604,8099,-804
99,AIG,2020-12-02,0 days 15:56:03.257309,1159447,39.71,39.7,3457,2304,-501,8099
100,AIG,2020-12-02,0 days 15:56:55.258325,1163461,39.7,39.69,200,3102,636,-764
101,AIG,2020-12-02,0 days 15:56:56.258868,1162697,39.72,39.71,2100,600,-1020,636
102,AIG,2020-12-02,0 days 15:56:58.258416,1163990,39.72,39.71,2200,1434,107,-1020
103,AIG,2020-12-02,0 days 15:56:59.259100,1163297,39.72,39.71,2300,1434,-420,107
104,AIG,2020-12-02,0 days 15:57:36.260118,1170660,39.7,39.69,1100,2945,1937,-8663
105,AIG,2020-12-02,0 days 15:57:37.259942,1170097,39.71,39.69,3261,3282,-563,1937
106,AIG,2020-12-02,0 days 15:57:54.261374,1171189,39.71,39.7,192,2176,1408,-1019
107,AIG,2020-12-02,0 days 15:57:55.260774,1170097,39.72,39.7,3400,2215,-819,1408
108,AIG,2020-12-02,0 days 15:57:58.261191,1171189,39.71,39.7,292,2882,6708,-819
109,AIG,2020-12-02,0 days 15:57:59.261180,1170097,39.71,39.7,192,2782,-819,6708
110,AIG,2020-12-02,0 days 15:58:04.262562,1171074,39.71,39.7,635,2756,5923,-1004
111,AIG,2020-12-02,0 days 15:58:06.262153,1169997,39.71,39.7,347,3256,-804,8023
112,AIG,2020-12-02,0 days 15:58:17.262443,1172412,39.74,39.72,1988,3311,1516,-1046
113,AIG,2020-12-02,0 days 15:58:26.262932,1181618,39.74,39.73,363,2788,7810,-3184
114,AIG,2020-12-02,0 days 15:58:27.263719,1179228,39.75,39.74,2088,600,-2184,7810
115,AIG,2020-12-02,0 days 15:59:04.265307,1178275,39.73,39.72,2912,1399,-1207,3993
116,AIG,2020-12-02,0 days 15:59:16.262425,1217732,39.76,39.75,677,2494,2674,-4086
117,AIG,2020-12-02,0 days 15:59:17.261723,1214206,39.76,39.75,2478,1632,-3526,2674
118,AIG,2020-12-02,0 days 15:59:46.265073,1235077,39.76,39.75,3675,710,10711,-33223
119,AIG,2020-12-02,0 days 15:59:47.263756,1231888,39.77,39.76,2158,2155,-3189,10711
120,ALL,2020-12-02,0 days 15:55:00.255035,216983,103.87,103.84,500,300,65748,-8198
121,ALL,2020-12-02,0 days 15:57:38.260163,289420,103.81,103.79,402,100,-554,9046
122,ALL,2020-12-02,0 days 15:57:40.259520,290774,103.8,103.79,307,100,146,-554
123,ALL,2020-12-02,0 days 15:57:41.259635,290320,103.8,103.79,509,100,-455,146
124,ALL,2020-12-02,0 days 15:57:43.260058,288075,103.76,103.73,285,416,5047,-1255
125,ALL,2020-12-02,0 days 15:59:07.265463,292287,103.79,103.74,100,100,-395,4002
126,ALL,2020-12-02,0 days 15:59:33.264476,304655,103.75,103.71,643,200,2423,-5524
127,ALL,2020-12-02,0 days 15:59:34.262416,307078,103.75,103.71,668,200,-10457,2423
128,ALLY,2020-12-02,0 days 15:55:00.293985,192094,31.11,31.1,3007,1682,-8711,54936
129,ALLY,2020-12-02,0 days 15:59:40.301890,224191,31.09,31.08,1900,3200,-1502,6078
130,ALLY,2020-12-02,0 days 15:59:46.302529,230772,31.08,31.07,4896,700,1208,-6581
131,ALLY,2020-12-02,0 days 15:59:47.304139,229980,31.08,31.07,3580,1180,-844,1208
132,AM,2020-12-02,0 days 15:55:00.247337,105785,6.96,6.95,6560,4741,1296,-4465
133,AM,2020-12-02,0 days 15:56:22.249482,112407,6.97,6.96,6619,8946,-207,593
134,AM,2020-12-02,0 days 15:56:23.250400,111914,6.97,6.96,6319,8804,493,-207
135,AM,2020-12-02,0 days 15:56:57.250626,113788,6.97,6.96,6305,6167,-3950,5750
136,AM,2020-12-02,0 days 15:56:58.250312,113138,6.97,6.96,6215,5767,650,-3950
137,AM,2020-12-02,0 days 15:57:05.250730,124488,6.96,6.95,8047,2042,-1950,650
138,AM,2020-12-02,0 days 15:57:06.250800,122838,6.96,6.95,8047,2142,1650,-1950
139,AM,2020-12-02,0 days 15:59:46.246927,138735,6.97,6.96,8290,11939,-1042,1001
140,AM,2020-12-02,0 days 15:59:47.245937,137777,6.97,6.96,5890,11139,958,-1042
141,AMCR,2020-12-02,0 days 15:55:00.233311,928077,11.46,11.45,7216,43021,49057,-269839
142,AMCR,2020-12-02,0 days 15:59:45.246122,986451,11.48,11.47,12600,21356,-3664,29476
143,AMCR,2020-12-02,0 days 15:59:46.246803,990115,11.48,11.47,31856,12800,61123,-3664
144,AMCR,2020-12-02,0 days 15:59:50.248984,920338,11.48,11.47,17200,12956,-69777,1923
145,AMH,2020-12-02,0 days 15:58:57.246016,177571,28.81,28.8,1100,100,21923,-4022
146,AMH,2020-12-02,0 days 15:59:16.244745,182788,28.82,28.8,1499,994,41460,-32487
147,AMH,2020-12-02,0 days 15:59:21.244302,182788,28.82,28.8,820,800,42333,-19814
148,AMH,2020-12-02,0 days 15:59:28.244899,193088,28.82,28.8,2000,300,4290,-30748
149,AMH,2020-12-02,0 days 15:59:34.245591,182788,28.82,28.81,784,400,43233,-24514
150,AMH,2020-12-02,0 days 15:59:37.245521,193088,28.83,28.82,600,100,6395,-22805
151,AMT,2020-12-02,0 days 15:55:00.256075,222939,229.3,229.22,319,391,-7837,40069
152,AMT,2020-12-02,0 days 15:55:56.257000,231897,229.43,229.27,200,100,2156,-2196
153,AMT,2020-12-02,0 days 15:55:57.257238,229753,229.33,229.27,100,100,-2144,2156
154,AMT,2020-12-02,0 days 15:57:57.261319,250099,229.27,229.15,173,355,368,-332
155,AMT,2020-12-02,0 days 15:57:58.261182,246867,229.26,229.16,200,100,-3232,368
156,AMT,2020-12-02,0 days 15:59:17.261723,298010,229.11,229.0,400,427,523,-4074
157,AMT,2020-12-02,0 days 15:59:21.261705,297054,229.14,229.02,500,100,-956,523
158,AMT,2020-12-02,0 days 15:59:22.261694,298010,229.12,229.0,200,327,523,-956
159,AMT,2020-12-02,0 days 15:59:25.262053,297054,229.14,229.01,500,100,-956,523
160,AMT,2020-12-02,0 days 15:59:26.263455,298010,229.14,228.98,500,100,523,-956
161,AMT,2020-12-02,0 days 15:59:29.262173,295248,229.09,228.98,100,200,-2762,2253
162,AMT,2020-12-02,0 days 15:59:40.264955,296128,229.0,228.88,300,300,-582,5518
163,AMT,2020-12-02,0 days 15:59:43.263085,296710,228.94,228.82,300,603,1238,-582
164,AMT,2020-12-02,0 days 15:59:45.264971,295141,228.89,228.72,400,323,-869,2331
165,AMT,2020-12-02,0 days 15:59:46.264952,298083,228.87,228.67,400,300,1475,-869
166,AMT,2020-12-02,0 days 15:59:48.264226,294832,228.84,228.77,200,130,-3351,912
167,AMT,2020-12-02,0 days 15:59:49.265342,298083,228.84,228.6,400,100,2842,-3351
168,AMT,2020-12-02,0 days 15:59:51.264738,296425,228.82,228.6,400,818,-1658,9531
169,AMWL,2020-12-02,0 days 15:55:00.237968,25270,26.08,26.04,300,186,-9505,12857
170,AMWL,2020-12-02,0 days 15:55:01.237409,24575,26.08,26.04,400,354,695,-9505
171,AMWL,2020-12-02,0 days 15:59:06.247943,31024,26.08,26.04,200,200,-808,698
172,AMWL,2020-12-02,0 days 15:59:07.247103,30932,26.1,26.05,867,306,87,-808
173,AMWL,2020-12-02,0 days 15:59:11.246365,31019,26.1,26.05,1653,178,-13,1687
174,AMWL,2020-12-02,0 days 15:59:18.244706,31032,26.09,26.05,200,178,1599,-13
175,AMWL,2020-12-02,0 days 15:59:22.244347,32636,26.1,26.05,867,100,-637,799
176,AMWL,2020-12-02,0 days 15:59:26.244766,32573,26.13,26.0,500,2000,58,-142
177,AMWL,2020-12-02,0 days 15:59:27.244656,32631,26.13,26.0,500,2000,-142,58
178,AMWL,2020-12-02,0 days 15:59:44.245942,32473,26.13,26.04,500,200,88,-1342
179,AMWL,2020-12-02,0 days 15:59:46.246991,32551,26.13,26.04,500,100,-2682,88
180,AMWL,2020-12-02,0 days 15:59:47.245873,32433,26.13,26.04,500,100,118,-2682
181,AMX,2020-12-02,0 days 15:59:33.246454,73689,14.79,14.78,25826,7300,4236,-794
182,ANF,2020-12-02,0 days 15:55:42.295112,112747,20.71,20.7,1000,3864,-10,222
183,ANF,2020-12-02,0 days 15:55:47.295174,112758,20.71,20.7,904,4764,191,-10
184,ANF,2020-12-02,0 days 15:55:57.295788,112949,20.72,20.71,3524,757,-9,191
185,ANF,2020-12-02,0 days 15:56:09.295986,112958,20.79,20.75,1672,1400,290,-9
186,ANF,2020-12-02,0 days 15:56:16.296955,113248,20.76,20.75,700,2483,-2210,290
187,ANF,2020-12-02,0 days 15:56:21.296502,115458,20.76,20.75,176,4071,1990,-2210
188,ANF,2020-12-02,0 days 15:56:22.296592,113248,20.76,20.75,176,3971,-2310,1990
189,ANF,2020-12-02,0 days 15:56:45.296624,115558,20.75,20.74,2149,1144,1390,-2010
190,ANF,2020-12-02,0 days 15:56:46.297843,115348,20.75,20.74,2149,1144,-210,1390
191,ANF,2020-12-02,0 days 15:57:12.297016,115940,20.75,20.74,1093,1011,1260,-2140
192,ANF,2020-12-02,0 days 15:57:13.296831,115700,20.75,20.74,1093,1011,-40,1260
193,ANF,2020-12-02,0 days 15:57:48.298186,120554,20.75,20.74,1056,1706,46,-554
194,ANF,2020-12-02,0 days 15:57:49.297181,119900,20.75,20.74,1066,1706,-554,46
195,ANF,2020-12-02,0 days 15:58:05.298710,118054,20.75,20.74,513,3085,1265,-1235
196,ANF,2020-12-02,0 days 15:58:06.298551,117519,20.75,20.74,515,2985,-535,1265
197,ANF,2020-12-02,0 days 15:58:31.298907,123304,20.75,20.74,893,2040,715,-285
198,ANF,2020-12-02,0 days 15:58:32.299032,122519,20.75,20.74,743,2140,-785,715
199,ANF,2020-12-02,0 days 15:58:41.299200,123504,20.76,20.74,714,2921,115,-885
200,ANF,2020-12-02,0 days 15:58:42.299854,122719,20.76,20.74,714,3521,-585,115
201,ANF,2020-12-02,0 days 15:58:51.300332,123504,20.75,20.74,400,3182,215,-985
202,ANF,2020-12-02,0 days 15:58:52.299638,122719,20.75,20.74,400,3094,-585,215
203,ANF,2020-12-02,0 days 15:59:01.301637,118620,20.75,20.74,1507,2198,2009,-425
204,ANF,2020-12-02,0 days 15:59:02.301272,119035,20.75,20.74,686,3148,-93,2009
205,ANF,2020-12-02,0 days 15:59:04.301562,119328,20.75,20.74,586,2894,328,-93
206,ANF,2020-12-02,0 days 15:59:05.300937,116856,20.75,20.74,486,3242,-2272,328
207,ANF,2020-12-02,0 days 15:59:18.300707,121428,20.76,20.74,700,3268,771,-4191
208,ANF,2020-12-02,0 days 15:59:19.300531,121199,20.76,20.75,100,2212,-29,771
209,ANF,2020-12-02,0 days 15:59:34.302329,121728,20.76,20.75,1208,1943,1793,-229
210,ANF,2020-12-02,0 days 15:59:35.300891,120721,20.76,20.75,1108,2643,-707,1793
211,ANF,2020-12-02,0 days 15:59:46.302312,121728,20.76,20.75,536,1360,764,-107
212,ANH,2020-12-02,0 days 15:59:46.264913,57102,2.26,2.25,5034,2490,2740,-1260
213,ANH,2020-12-02,0 days 15:59:47.263707,56042,2.26,2.25,5634,2490,-1060,2740
214,APLE,2020-12-02,0 days 15:55:00.254312,132236,13.08,13.07,2211,6326,40605,-65178
215,APLE,2020-12-02,0 days 15:56:53.257294,144961,13.1,13.09,5103,5600,-172,728
216,APLE,2020-12-02,0 days 15:56:54.256977,144233,13.1,13.09,5103,5500,728,-172
217,APLE,2020-12-02,0 days 15:57:55.257559,154341,13.08,13.07,8511,1100,-592,2508
218,APLE,2020-12-02,0 days 15:58:02.257422,152833,13.08,13.07,6708,2180,1508,-192
219,APLE,2020-12-02,0 days 15:58:04.257504,151164,13.08,13.07,5747,3446,-4869,1434
220,APLE,2020-12-02,0 days 15:58:25.258176,153476,13.08,13.07,7502,5100,-107357,1743
221,APLE,2020-12-02,0 days 15:58:48.258601,249495,13.04,13.03,5055,6000,-8138,8162
222,APLE,2020-12-02,0 days 15:58:50.259205,132633,13.04,13.03,3367,6400,35562,-8138
223,APLE,2020-12-02,0 days 15:58:52.259144,168195,13.04,13.03,4467,6788,-20038,35562
224,APLE,2020-12-02,0 days 15:58:53.259032,164933,13.04,13.03,4067,6889,3262,-20038
225,APLE,2020-12-02,0 days 15:59:19.256026,190110,13.02,13.01,5990,1600,-1319,9189
226,APLE,2020-12-02,0 days 15:59:20.256318,187529,13.01,13.0,1700,4034,9881,-1319
227,APLE,2020-12-02,0 days 15:59:35.256624,214952,13.02,13.01,2685,11665,-6116,1184
228,APLE,2020-12-02,0 days 15:59:36.256925,212068,13.02,13.01,3285,10165,2884,-6116
229,APLE,2020-12-02,0 days 15:59:41.256786,214952,13.02,13.01,4085,6892,-4116,10184
230,APLE,2020-12-02,0 days 15:59:42.257017,212068,13.02,13.01,3985,5300,2884,-4116
231,APLE,2020-12-02,0 days 15:59:48.257217,235311,13.02,13.01,500,6641,4788,-514
232,APTV,2020-12-02,0 days 15:55:00.246016,167256,120.97,120.84,509,100,-7204,52230
233,APTV,2020-12-02,0 days 15:55:41.248259,172115,120.82,120.76,225,519,182,-1119
234,APTV,2020-12-02,0 days 15:56:04.249358,174256,120.86,120.76,300,204,-60,41
235,APTV,2020-12-02,0 days 15:56:05.249375,173816,120.86,120.76,300,204,440,-60
236,APTV,2020-12-02,0 days 15:56:18.249246,175888,120.9,120.76,114,204,-1528,272
237,APTV,2020-12-02,0 days 15:56:19.249526,175716,120.87,120.76,100,204,172,-1528
238,APTV,2020-12-02,0 days 15:57:50.251019,176616,121.05,120.97,200,100,-1396,34604
239,APTV,2020-12-02,0 days 15:58:41.251822,169726,121.03,120.97,100,207,-27403,22597
240,APTV,2020-12-02,0 days 15:58:42.250634,127029,121.03,120.97,100,207,42697,-27403
241,APTV,2020-12-02,0 days 15:59:42.245942,185695,121.08,121.0,100,400,-46434,8170
242,APTV,2020-12-02,0 days 15:59:43.245759,158333,120.96,120.88,400,200,31354,-46434
243,APTV,2020-12-02,0 days 15:59:45.246318,189295,121.08,120.93,300,150,-471,7362
244,APTV,2020-12-02,0 days 15:59:48.245502,188079,121.08,120.93,300,150,1216,-1984
245,AR,2020-12-02,0 days 15:55:57.257062,297242,3.96,3.95,28973,8384,8854,-2946
246,AR,2020-12-02,0 days 15:55:58.257115,294596,3.96,3.95,28973,7884,-2646,8854
247,AR,2020-12-02,0 days 15:59:03.264549,298891,3.93,3.92,21289,19768,1805,-1995
248,AR,2020-12-02,0 days 15:59:04.264974,296896,3.93,3.92,21014,21281,-1995,1805
249,AR,2020-12-02,0 days 15:59:08.265036,305717,3.93,3.92,41972,3600,2828,-2172
250,AR,2020-12-02,0 days 15:59:09.266163,303845,3.93,3.92,41372,2900,-1872,2828
251,AR,2020-12-02,0 days 15:59:38.262028,310903,3.93,3.92,7188,39415,1042,-9458
252,AR,2020-12-02,0 days 15:59:40.264645,284495,3.93,3.92,8707,38515,-26408,1042
253,AR,2020-12-02,0 days 16:00:00.263957,323103,4.11,3.9,100,6001,11948,-13052
254,ARMK,2020-12-02,0 days 15:59:17.221774,311613,36.41,36.38,200,1504,8587,-95824
255,ARMK,2020-12-02,0 days 15:59:23.221827,288020,36.42,36.4,404,1404,-23693,16107
256,ARMK,2020-12-02,0 days 15:59:26.221913,306513,36.37,36.34,100,282,9498,-7585
257,ARMK,2020-12-02,0 days 15:59:50.227547,317735,36.4,36.36,393,400,-10358,17442
258,ATUS,2020-12-02,0 days 15:55:00.292697,872887,34.6,34.59,10046,4502,245,-21507
259,ATUS,2020-12-02,0 days 15:55:46.297376,883115,34.56,34.55,4648,5090,-2441,4646
260,ATUS,2020-12-02,0 days 15:55:47.294863,882156,34.56,34.55,4948,5300,959,-2441
261,ATUS,2020-12-02,0 days 15:55:51.295120,883345,34.58,34.57,3303,3122,-1006,959
262,ATUS,2020-12-02,0 days 15:55:52.295367,882551,34.58,34.57,2303,4243,794,-1006
263,ATUS,2020-12-02,0 days 15:57:43.297678,946859,34.58,34.57,3685,3941,-2084,8716
264,ATUS,2020-12-02,0 days 15:59:05.300686,932820,34.59,34.58,2737,2007,4250,-6450
265,ATUS,2020-12-02,0 days 15:59:06.300792,937070,34.59,34.58,937,3807,-3484,4250
266,ATUS,2020-12-02,0 days 15:59:07.301405,933564,34.6,34.59,4572,2307,2906,-3484
267,AU,2020-12-02,0 days 15:55:00.255444,51209,23.01,23.0,1693,2504,-1824,403
268,AU,2020-12-02,0 days 15:59:10.265921,60777,23.01,23.0,1282,6438,236,-1757
269,AU,2020-12-02,0 days 15:59:14.265630,59213,23.01,23.0,944,7438,-1564,236
270,AUY,2020-12-02,0 days 15:55:00.216271,66579,5.52,5.51,97071,375702,-23298,19290
271,AUY,2020-12-02,0 days 15:59:40.224441,104806,5.52,5.51,49984,515961,21399,-501
272,AUY,2020-12-02,0 days 15:59:41.222794,104305,5.52,5.51,49984,516561,-501,21399
273,AVTR,2020-12-02,0 days 15:55:43.238531,194976,27.23,27.22,1586,2209,1806,-2198
274,AVTR,2020-12-02,0 days 15:55:44.238063,194482,27.23,27.22,1211,2284,-494,1806
275,AVTR,2020-12-02,0 days 15:58:10.243815,216538,27.23,27.22,457,2461,7030,-2601
276,AVTR,2020-12-02,0 days 15:58:11.244066,211568,27.24,27.23,1558,724,-4970,7030
277,AVTR,2020-12-02,0 days 15:58:23.243921,216538,27.23,27.22,2078,634,192,-3708
278,AVTR,2020-12-02,0 days 15:59:00.248739,215406,27.23,27.22,2188,847,-2643,1672
279,AVTR,2020-12-02,0 days 15:59:47.245393,240801,27.2,27.19,783,1100,-1165,2735
280,AVYA,2020-12-02,0 days 15:55:00.237102,86498,19.2,19.19,1110,1473,-2490,30963
281,AVYA,2020-12-02,0 days 15:59:50.249232,97432,19.2,19.19,335,997,1655,-6045
282,AXL,2020-12-02,0 days 15:59:04.225062,110450,7.91,7.9,6000,5216,-831,365
283,AXL,2020-12-02,0 days 15:59:05.223233,108781,7.91,7.9,9100,2716,1669,-831
284,AXL,2020-12-02,0 days 15:59:08.224187,110452,7.91,7.9,10751,5116,-529,1671
285,AXL,2020-12-02,0 days 15:59:10.223895,109064,7.91,7.9,12555,7874,1388,-529
286,AXL,2020-12-02,0 days 15:59:14.223510,110452,7.91,7.9,9051,8974,-342,1340
287,AXP,2020-12-02,0 days 15:55:00.254255,337181,122.56,122.54,200,500,10155,-26576
288,AXP,2020-12-02,0 days 15:55:42.255734,326079,122.48,122.45,972,350,-2355,2714
289,AXP,2020-12-02,0 days 15:57:54.257723,346439,122.52,122.47,844,964,-14843,253
290,AXP,2020-12-02,0 days 15:58:10.258097,344905,122.47,122.44,250,1279,801,-1799
291,AXP,2020-12-02,0 days 15:58:14.257905,344106,122.47,122.44,187,1077,-719,1301
292,AXP,2020-12-02,0 days 15:59:00.261617,345557,122.44,122.39,1227,300,2068,-235
293,AXP,2020-12-02,0 days 15:59:33.257305,374354,122.53,122.48,400,100,-8638,1987
294,AXP,2020-12-02,0 days 15:59:48.257113,381127,122.49,122.42,200,962,3619,-2281
295,AXP,2020-12-02,0 days 15:59:50.259169,377046,122.4,122.37,1268,101,-730,3670
296,AXTA,2020-12-02,0 days 15:57:37.250024,94751,28.61,28.6,601,2191,-391,209
297,AXTA,2020-12-02,0 days 15:57:38.249560,93842,28.61,28.6,501,2188,909,-391
298,AXTA,2020-12-02,0 days 15:58:11.250455,95955,28.6,28.59,520,2825,-418,682
299,AXTA,2020-12-02,0 days 15:58:12.249778,95473,28.6,28.59,520,2825,482,-418
300,AXTA,2020-12-02,0 days 15:58:16.250239,95955,28.6,28.59,2455,1017,-418,482
301,AXTA,2020-12-02,0 days 15:58:17.249908,95573,28.6,28.59,2455,917,382,-418
302,AXTA,2020-12-02,0 days 15:58:18.250348,95955,28.6,28.59,2699,1480,-218,382
303,AXTA,2020-12-02,0 days 15:58:19.250214,95673,28.6,28.59,3199,417,282,-218
304,AXTA,2020-12-02,0 days 15:58:22.250137,95955,28.6,28.59,2700,917,-818,282
305,AXTA,2020-12-02,0 days 15:58:24.250798,95673,28.6,28.59,2700,817,282,-518
306,AXTA,2020-12-02,0 days 15:58:26.250291,95955,28.6,28.59,2444,1225,-218,282
307,AXTA,2020-12-02,0 days 15:58:27.250585,95673,28.59,28.58,3382,600,282,-218
308,AXTA,2020-12-02,0 days 15:58:28.250369,95955,28.59,28.58,2882,600,-518,282
309,AXTA,2020-12-02,0 days 15:58:29.250455,95673,28.59,28.58,2982,500,282,-518
310,AXTA,2020-12-02,0 days 15:59:19.244997,110607,28.61,28.59,2525,2037,-3988,128
311,AYX,2020-12-02,0 days 15:55:00.233608,26159,118.5,118.35,320,150,4982,-1026
312,AYX,2020-12-02,0 days 15:59:03.243079,36016,118.37,118.32,131,200,-154,383
313,AYX,2020-12-02,0 days 15:59:04.244087,34670,118.51,118.29,300,200,1950,-154
314,AYX,2020-12-02,0 days 15:59:09.243940,36569,118.34,118.29,109,306,-360,1899
315,AYX,2020-12-02,0 days 15:59:10.244521,36929,118.34,118.29,109,206,1169,-360
316,AYX,2020-12-02,0 days 15:59:26.243609,37411,118.42,118.31,200,100,-1504,496
317,AYX,2020-12-02,0 days 15:59:32.243521,37415,118.33,118.18,100,161,1796,-204
318,AYX,2020-12-02,0 days 15:59:33.245452,38611,118.44,118.31,120,100,-132,1796
319,AYX,2020-12-02,0 days 15:59:54.244693,37711,118.51,118.28,348,200,-3367,3695
320,AYX,2020-12-02,0 days 16:00:00.236275,39578,118.52,118.22,100,100,3695,-3367
321,BA,2020-12-02,0 days 15:59:17.300784,525427,223.5,223.39,300,600,33132,-26439
322,BA,2020-12-02,0 days 15:59:42.302055,562269,223.73,223.68,400,444,-14,15579
323,BA,2020-12-02,0 days 15:59:43.301284,558283,223.69,223.56,301,100,3986,-14
324,BA,2020-12-02,0 days 15:59:44.301980,559815,223.8,223.67,205,200,-1468,3986
325,BA,2020-12-02,0 days 15:59:45.303703,558983,223.77,223.7,200,100,832,-1468
326,BABA,2020-12-02,0 days 15:55:00.116459,992950,261.19,261.17,598,100,150606,-28049
327,BABA,2020-12-02,0 days 15:59:47.126280,1214212,261.3,261.24,140,100,-4566,13965
328,BABA,2020-12-02,0 days 15:59:48.124750,1212552,261.26,261.12,900,300,1660,-4566
329,BAC,2020-12-02,0 days 15:57:35.250071,2858642,29.05,29.04,22379,77529,17875,-19932
330,BAC,2020-12-02,0 days 15:57:40.248689,2855717,29.06,29.05,35221,91438,-2925,6633
331,BAC,2020-12-02,0 days 15:58:05.250252,2862117,29.06,29.05,4329,81533,-1809,1325
332,BAC,2020-12-02,0 days 15:58:57.251959,2869928,29.06,29.05,128373,13700,10423,-19359
333,BAC,2020-12-02,0 days 15:59:06.252706,2849922,29.07,29.06,76415,41625,-13166,6408
334,BAM,2020-12-02,0 days 15:55:00.217696,132798,40.88,40.87,1705,398,99365,-86871
335,BAM,2020-12-02,0 days 15:58:11.222724,164373,40.88,40.87,2222,1127,2370,-130
336,BAM,2020-12-02,0 days 15:58:12.221945,164243,40.88,40.87,2922,727,-130,2370
337,BAM,2020-12-02,0 days 15:59:46.224579,166823,40.9,40.88,3100,4532,11535,-195
338,BAX,2020-12-02,0 days 15:57:18.261598,200658,76.21,76.2,200,631,-1881,1319
339,BAX,2020-12-02,0 days 15:57:19.260751,199539,76.21,76.2,400,126,1119,-1881
340,BAX,2020-12-02,0 days 15:57:49.261488,202258,76.27,76.25,400,409,-874,2119
341,BAX,2020-12-02,0 days 15:57:50.263049,201232,76.25,76.23,300,507,1026,-874
342,BAX,2020-12-02,0 days 15:57:56.263194,202258,76.25,76.24,100,700,-774,1026
343,BAX,2020-12-02,0 days 15:57:57.265475,201232,76.26,76.25,1395,103,1026,-774
344,BAX,2020-12-02,0 days 15:59:43.265992,276643,76.35,76.28,400,100,-17725,22533
345,BAX,2020-12-02,0 days 15:59:44.266907,270718,76.34,76.28,294,800,10303,-17725
346,BAX,2020-12-02,0 days 15:59:46.270544,281221,76.24,76.18,100,200,-5583,15796
347,BAX,2020-12-02,0 days 15:59:47.260571,278697,76.25,76.18,200,200,2524,-5583
348,BAX,2020-12-02,0 days 15:59:49.259775,276643,76.34,76.3,200,200,-12497,477
349,BAX,2020-12-02,0 days 15:59:50.264275,251023,76.33,76.3,400,200,25620,-12497
350,BB,2020-12-02,0 days 15:57:48.242687,324459,7.43,7.42,13927,36872,-159,941
351,BB,2020-12-02,0 days 15:57:50.243615,305845,7.43,7.42,9777,45272,17414,-8459
352,BB,2020-12-02,0 days 15:58:00.245069,299245,7.45,7.44,8119,41772,17142,-10658
353,BBVA,2020-12-02,0 days 15:59:37.245604,115840,4.97,4.96,206007,214158,-36163,2287
354,BBVA,2020-12-02,0 days 15:59:38.245060,113503,4.97,4.96,206007,214158,2337,-36163
355,BBVA,2020-12-02,0 days 15:59:47.245700,115840,4.97,4.96,196804,213516,-3465,11828
356,BBVA,2020-12-02,0 days 15:59:48.245135,113405,4.97,4.96,196804,213516,2435,-3465
357,BBY,2020-12-02,0 days 15:55:29.260521,145361,107.63,107.61,100,100,-260,140
358,BBY,2020-12-02,0 days 15:56:02.260755,146519,107.57,107.54,707,396,384,-1719
359,BBY,2020-12-02,0 days 15:56:17.259949,146803,107.63,107.59,300,203,-516,284
360,BBY,2020-12-02,0 days 15:56:40.264361,154249,107.59,107.57,101,200,-72,337
361,BBY,2020-12-02,0 days 15:56:58.262747,154321,107.56,107.52,384,104,293,-69
362,BBY,2020-12-02,0 days 15:56:59.263795,154314,107.56,107.53,384,108,-7,293
363,BBY,2020-12-02,0 days 15:57:19.260714,156224,107.54,107.5,300,100,20,-80
364,BBY,2020-12-02,0 days 15:57:32.263328,156214,107.53,107.5,200,109,-10,690
365,BBY,2020-12-02,0 days 15:57:35.261030,156224,107.52,107.5,200,200,90,-10
366,BBY,2020-12-02,0 days 15:57:46.261078,155714,107.51,107.48,560,300,-510,790
367,BBY,2020-12-02,0 days 15:57:56.263156,154788,107.56,107.52,102,100,-1436,64
368,BBY,2020-12-02,0 days 15:58:05.264274,156090,107.55,107.52,100,300,-7689,1964
369,BBY,2020-12-02,0 days 15:58:06.263920,163779,107.55,107.5,100,200,1311,-7689
370,BBY,2020-12-02,0 days 15:58:07.264560,162690,107.55,107.5,100,400,-1293,1311
371,BBY,2020-12-02,0 days 15:58:57.265234,164313,107.48,107.46,658,100,468,-516
372,BBY,2020-12-02,0 days 15:59:09.265821,185603,107.51,107.45,950,593,-725,431
373,BBY,2020-12-02,0 days 15:59:46.270461,202434,107.5,107.47,100,100,-1783,254
374,BCS,2020-12-02,0 days 15:59:37.256485,29426,7.82,7.81,88736,70102,2207,-193
375,BCS,2020-12-02,0 days 15:59:47.256496,29277,7.82,7.81,68215,69882,-149,1351
376,BEKE,2020-12-02,0 days 15:58:59.252123,73999,62.59,62.54,100,700,-5284,1344
377,BEKE,2020-12-02,0 days 15:59:00.254564,73283,62.59,62.54,200,800,516,-5284
378,BEKE,2020-12-02,0 days 15:59:30.247113,85825,62.59,62.55,121,700,424,-38
379,BEKE,2020-12-02,0 days 15:59:46.246904,85049,62.66,62.57,1100,1200,-4531,386
380,BEKE,2020-12-02,0 days 16:00:00.247344,85049,62.72,62.51,100,100,-631,769
381,BEN,2020-12-02,0 days 15:55:50.295541,225293,22.48,22.47,8013,914,-28159,6966
382,BEN,2020-12-02,0 days 15:55:51.295234,223952,22.47,22.46,1248,4000,1341,-28159
383,BEN,2020-12-02,0 days 15:57:22.297883,229711,22.48,22.47,1063,7403,-1879,1821
384,BEN,2020-12-02,0 days 15:59:10.301196,243246,22.48,22.47,4369,3713,-2383,1026
385,BEN,2020-12-02,0 days 15:59:40.301743,249145,22.49,22.48,7405,5062,-415,2285
386,BEST,2020-12-02,0 days 15:57:00.242140,63233,2.8,2.79,8234,14700,2480,-4120
387,BEST,2020-12-02,0 days 15:57:01.241402,60013,2.8,2.79,8134,14700,-3220,2480
388,BEST,2020-12-02,0 days 15:57:55.243197,63675,2.8,2.79,8188,20182,138,-1562
389,BEST,2020-12-02,0 days 15:58:08.243919,61113,2.79,2.78,16410,10500,-2562,4738
390,BEST,2020-12-02,0 days 15:58:20.246263,63675,2.78,2.77,14901,12954,38,-2062
391,BEST,2020-12-02,0 days 15:58:24.244457,61613,2.78,2.77,14301,13054,-2062,38
392,BEST,2020-12-02,0 days 15:58:25.244338,63675,2.78,2.77,14301,13054,38,-2062
393,BEST,2020-12-02,0 days 15:58:29.244806,61813,2.78,2.77,14301,13054,-1862,1038
394,BEST,2020-12-02,0 days 15:59:06.247735,69523,2.78,2.77,14236,10354,3418,-2768
395,BEST,2020-12-02,0 days 15:59:07.246798,68241,2.78,2.77,16415,10354,-1282,3418
396,BEST,2020-12-02,0 days 15:59:46.246646,69523,2.78,2.77,21668,8602,4053,-147
397,BEST,2020-12-02,0 days 15:59:47.245700,68876,2.78,2.77,20761,8802,-647,4053
398,BHC,2020-12-02,0 days 15:55:00.117994,60788,19.09,19.08,4206,6931,-2035,1804
399,BHC,2020-12-02,0 days 15:57:13.121535,63129,19.08,19.07,1347,8222,739,-3961
400,BHC,2020-12-02,0 days 15:57:14.121820,61668,19.08,19.07,1009,7842,-1461,739
401,BHC,2020-12-02,0 days 15:58:59.125561,65041,19.06,19.05,7543,600,-1018,1282
402,BHC,2020-12-02,0 days 15:59:40.126621,66059,19.07,19.06,2636,8700,8558,-642
403,BHC,2020-12-02,0 days 15:59:41.126060,65417,19.08,19.07,9300,100,-642,8558
404,BHC,2020-12-02,0 days 15:59:47.126864,66059,19.07,19.06,7300,636,331,-269
405,BHC,2020-12-02,0 days 15:59:48.125183,65790,19.07,19.06,7000,1818,-269,331
406,BK,2020-12-02,0 days 15:59:40.126449,619574,39.98,39.97,4640,2315,-1596,20504
407,BK,2020-12-02,0 days 15:59:45.128276,621170,39.98,39.97,3666,2347,2101,-596
408,BK,2020-12-02,0 days 15:59:58.123357,621320,40.0,39.98,4990,300,9652,-5948
409,BKR,2020-12-02,0 days 15:59:17.256082,1047813,19.69,19.68,9904,3103,24324,-88157
410,BKR,2020-12-02,0 days 15:59:50.259224,1027753,19.71,19.69,8981,5890,-63521,37778
411,BLL,2020-12-02,0 days 15:59:10.266388,205358,94.01,93.92,100,100,2595,-3428
412,BLL,2020-12-02,0 days 15:59:11.265516,203294,94.01,93.92,100,100,-2064,2595
413,BLL,2020-12-02,0 days 15:59:14.265948,205358,93.99,93.95,100,759,643,-1906
414,BLL,2020-12-02,0 days 15:59:24.265411,204573,93.99,93.96,100,100,-785,643
415,BLL,2020-12-02,0 days 15:59:40.266212,205358,93.96,93.91,100,800,3393,-721
416,BLL,2020-12-02,0 days 15:59:41.265888,204651,93.96,93.91,100,700,-507,3393
417,BLL,2020-12-02,0 days 15:59:46.270914,205864,93.96,93.91,424,409,8013,-72
418,BLL,2020-12-02,0 days 15:59:52.249094,201863,94.01,93.94,400,621,-4401,413
419,BMY,2020-12-02,0 days 15:55:00.293017,808830,62.07,62.06,1931,2057,-26482,153792
420,BMY,2020-12-02,0 days 15:55:01.292657,824092,62.05,62.04,3548,420,5403,-26482
421,BMY,2020-12-02,0 days 15:55:02.291979,817495,62.04,62.03,523,3515,-6597,5403
422,BMY,2020-12-02,0 days 15:55:29.294747,825527,62.04,62.03,6114,119,3296,-5521
423,BMY,2020-12-02,0 days 15:55:30.294999,819823,62.04,62.03,5514,1599,-7926,3296
424,BMY,2020-12-02,0 days 15:55:56.295771,838005,62.04,62.03,3832,4102,4901,-6470
425,BMY,2020-12-02,0 days 15:55:57.295788,832506,62.04,62.03,2784,4202,-5499,4901
426,BMY,2020-12-02,0 days 15:56:19.295789,849228,62.08,62.07,3578,3323,13,-1787
427,BMY,2020-12-02,0 days 15:56:20.296478,847041,62.08,62.07,100,6879,-2416,13
428,BMY,2020-12-02,0 days 15:56:21.296473,849457,62.08,62.07,300,5579,3484,-2416
429,BMY,2020-12-02,0 days 15:56:22.296555,847841,62.08,62.07,1700,5029,-1616,3484
430,BMY,2020-12-02,0 days 15:56:42.296795,853516,62.08,62.07,5259,1896,5992,-2859
431,BMY,2020-12-02,0 days 15:56:43.296564,851508,62.08,62.07,5559,1996,-2008,5992
432,BMY,2020-12-02,0 days 15:57:00.297254,853516,62.1,62.09,5405,1121,1199,-399
433,BMY,2020-12-02,0 days 15:57:01.296942,853317,62.1,62.09,5505,1321,-199,1199
434,BMY,2020-12-02,0 days 15:57:34.297584,853516,62.11,62.1,2218,5332,5716,-1984
435,BMY,2020-12-02,0 days 15:57:36.297910,851532,62.11,62.1,100,6041,-1984,3316
436,BMY,2020-12-02,0 days 15:57:41.297665,853516,62.11,62.1,602,5685,3316,-9684
437,BMY,2020-12-02,0 days 15:57:43.297807,851532,62.11,62.1,989,6074,-1984,616
438,BMY,2020-12-02,0 days 15:57:48.298186,853516,62.11,62.1,1791,4839,216,-1984
439,BMY,2020-12-02,0 days 15:57:49.297181,844932,62.11,62.1,2191,4840,-8584,216
440,BMY,2020-12-02,0 days 15:57:53.298458,853516,62.11,62.1,2714,4637,3516,-9984
441,BMY,2020-12-02,0 days 15:57:54.297784,851632,62.11,62.1,1414,5137,-1884,3516
442,BMY,2020-12-02,0 days 15:58:02.298723,853516,62.12,62.11,1979,4158,1916,-8484
443,BMY,2020-12-02,0 days 15:58:03.298478,850873,62.12,62.11,5504,2778,-2643,1916
444,BMY,2020-12-02,0 days 15:59:06.300915,889174,62.15,62.14,1160,3043,2783,-2957
445,BMY,2020-12-02,0 days 15:59:07.301552,886960,62.15,62.14,728,3263,-2214,2783
446,BMY,2020-12-02,0 days 15:59:13.301421,902341,62.15,62.14,5147,200,555,-891
447,BMY,2020-12-02,0 days 15:59:15.303336,909450,62.15,62.14,3489,400,-17219,555
448,BMY,2020-12-02,0 days 15:59:46.302202,948923,62.16,62.15,5292,424,20054,-2231
449,BMY,2020-12-02,0 days 15:59:51.296455,961153,62.17,62.15,5022,2828,-6264,9336
450,BOX,2020-12-02,0 days 15:55:24.248120,162204,16.9,16.89,2553,2135,404,-196
451,BOX,2020-12-02,0 days 15:55:25.248839,163308,16.9,16.89,2553,2135,-3837,404
452,BOX,2020-12-02,0 days 15:55:37.248434,168945,16.9,16.89,2482,2692,463,-37
453,BOX,2020-12-02,0 days 15:55:50.251408,171183,16.91,16.9,3100,3528,-562,1529
454,BOX,2020-12-02,0 days 15:58:10.249999,178406,16.89,16.88,1462,3080,1550,-1261
455,BOX,2020-12-02,0 days 15:59:00.254346,180456,16.91,16.9,1849,901,-623,1763
456,BOX,2020-12-02,0 days 15:59:02.252124,181079,16.91,16.9,1349,1228,1580,-623
457,BOX,2020-12-02,0 days 15:59:10.252008,181971,16.92,16.91,583,146,-2550,1097
458,BOX,2020-12-02,0 days 15:59:46.246477,193822,16.91,16.9,694,934,6499,-1838
459,BOX,2020-12-02,0 days 15:59:50.248474,138221,16.91,16.9,870,582,-55601,5499
460,BOX,2020-12-02,0 days 15:59:57.246341,193822,16.9,16.89,500,749,4179,-358
461,BP,2020-12-02,0 days 15:57:05.221060,155050,21.08,21.07,37673,48197,312,-1588
462,BP,2020-12-02,0 days 15:59:38.222562,201007,21.08,21.07,71979,39898,-2647,3053
463,BP,2020-12-02,0 days 15:59:46.224189,203654,21.08,21.07,88699,10778,2290,-1247
464,BP,2020-12-02,0 days 15:59:48.223234,201244,21.08,21.07,82099,29378,-2410,2290
465,BRK.B,2020-12-02,0 days 15:59:57.245926,931485,230.43,230.29,200,300,-10995,589
466,BRK.B,2020-12-02,0 days 16:00:00.242670,920360,230.44,230.26,145,200,11125,-11499
467,BRX,2020-12-02,0 days 15:56:20.296559,178641,15.94,15.93,1239,13496,3,-80
468,BRX,2020-12-02,0 days 15:58:14.298694,205877,15.94,15.93,2431,8686,822,-3478
469,BRX,2020-12-02,0 days 15:58:15.298438,202799,15.94,15.93,2131,9786,-3078,822
470,BRX,2020-12-02,0 days 15:59:30.303174,195139,15.93,15.92,300,9919,-1642,13958
471,BSX,2020-12-02,0 days 15:57:47.240939,485098,34.04,34.03,8206,3924,-72,1795
472,BSX,2020-12-02,0 days 15:57:49.240782,485503,34.04,34.03,9593,2965,395,-72
473,BSX,2020-12-02,0 days 15:58:13.242186,487781,34.07,34.06,4241,6622,-2069,4331
474,BSX,2020-12-02,0 days 15:58:14.242685,483350,34.07,34.06,2641,7622,4431,-2069
475,BSX,2020-12-02,0 days 15:58:56.244162,488281,34.1,34.09,9634,410,-1330,3275
476,BSX,2020-12-02,0 days 15:58:57.244406,484806,34.1,34.09,9334,410,1875,-1330
477,BSX,2020-12-02,0 days 15:59:10.245200,534514,34.11,34.1,3900,6400,-846,4341
478,BSX,2020-12-02,0 days 15:59:48.243183,535074,34.13,34.12,1707,12122,37,-23310
479,BSX,2020-12-02,0 days 15:59:55.242640,535111,34.14,34.13,878,2300,-39356,7244
480,BTI,2020-12-02,0 days 15:55:33.219055,21174,36.03,36.02,337,6489,206,-994
481,BTI,2020-12-02,0 days 15:55:34.219035,20380,36.03,36.02,108,6550,-794,206
482,BTI,2020-12-02,0 days 15:57:08.220980,21174,36.03,36.02,1614,4210,308,-292
483,BTI,2020-12-02,0 days 15:57:09.220789,20582,36.03,36.02,3214,3779,-592,308
484,BTI,2020-12-02,0 days 15:58:19.222232,21190,36.04,36.03,3912,3344,155,-445
485,BTI,2020-12-02,0 days 15:58:20.224928,20745,36.04,36.03,2312,5315,-445,155
486,BTI,2020-12-02,0 days 15:58:55.223269,21002,36.03,36.02,3780,3703,-188,112
487,BTI,2020-12-02,0 days 15:59:30.225169,38108,36.01,36.0,8322,558,90,-106
488,BTI,2020-12-02,0 days 15:59:47.224248,37202,36.01,36.0,5154,3938,-914,2186
489,BTU,2020-12-02,0 days 15:56:57.216466,34210,1.4,1.39,9414,11324,571,-29
490,BWA,2020-12-02,0 days 15:56:22.119920,107036,38.61,38.6,1342,359,-788,12
491,BWA,2020-12-02,0 days 15:56:23.120293,105024,38.61,38.6,1342,359,2012,-788
492,BWA,2020-12-02,0 days 15:58:01.123202,105455,38.62,38.61,314,1035,-376,1747
493,BWA,2020-12-02,0 days 15:58:02.124463,103831,38.62,38.61,414,789,1624,-376
494,BWA,2020-12-02,0 days 15:59:47.126351,115902,38.61,38.6,875,479,-1840,1104
495,BWA,2020-12-02,0 days 15:59:48.124832,115042,38.61,38.6,775,348,860,-1840
496,C,2020-12-02,0 days 15:59:16.244767,1702917,57.24,57.23,10415,2090,-222922,564932
497,CAG,2020-12-02,0 days 15:55:00.116672,410994,35.15,35.14,4800,1653,-67233,51854
498,CAG,2020-12-02,0 days 15:55:32.118681,471667,35.12,35.11,1077,3368,183,-424
499,CAG,2020-12-02,0 days 15:55:33.118545,471850,35.13,35.12,1395,2005,-188,183
500,CAG,2020-12-02,0 days 15:55:56.119483,473947,35.15,35.14,2592,2403,326,-888
501,CAG,2020-12-02,0 days 15:55:57.119889,473473,35.15,35.14,1891,3503,-474,326
502,CAG,2020-12-02,0 days 15:56:36.120611,506848,35.16,35.15,2115,1491,86,-2714
503,CAG,2020-12-02,0 days 15:56:52.120695,504426,35.16,35.15,3630,410,-2422,86
504,CAG,2020-12-02,0 days 15:57:35.120998,508362,35.18,35.17,3777,1777,1652,-2248
505,CAG,2020-12-02,0 days 15:57:36.121295,505414,35.18,35.17,2977,2977,-2948,1652
506,CAG,2020-12-02,0 days 15:58:14.123182,516862,35.2,35.19,2312,1550,3957,-11834
507,CAG,2020-12-02,0 days 15:58:15.123461,514319,35.2,35.19,1412,2040,-2543,3957
508,CAG,2020-12-02,0 days 15:59:06.126206,521762,35.2,35.19,500,3599,12422,-2438
509,CAH,2020-12-02,0 days 15:55:00.234734,237391,55.6,55.58,1519,724,1669,-13482
510,CAH,2020-12-02,0 days 15:57:22.237931,242790,55.59,55.58,609,750,-211,189
511,CAH,2020-12-02,0 days 15:57:34.239805,243801,55.6,55.59,605,606,589,-211
512,CAH,2020-12-02,0 days 15:57:40.239323,250790,55.62,55.61,102,300,-711,589
513,CAH,2020-12-02,0 days 15:57:41.239758,250001,55.62,55.6,153,900,789,-711
514,CAH,2020-12-02,0 days 15:57:43.239675,250790,55.62,55.6,153,1400,-3011,789
515,CAH,2020-12-02,0 days 15:57:44.239233,250001,55.62,55.6,604,1300,789,-3011
516,CAH,2020-12-02,0 days 15:57:50.241901,250790,55.63,55.62,400,200,-11,789
517,CAH,2020-12-02,0 days 15:57:51.239796,250001,55.63,55.62,700,200,789,-11
518,CAH,2020-12-02,0 days 15:57:54.240210,250790,55.63,55.62,412,600,-111,689
519,CAH,2020-12-02,0 days 15:57:55.240466,250101,55.63,55.62,410,600,689,-111
520,CAH,2020-12-02,0 days 15:57:56.239673,250790,55.62,55.61,300,750,-11,689
521,CAH,2020-12-02,0 days 15:58:02.240867,250001,55.63,55.62,506,2209,703,-97
522,CAH,2020-12-02,0 days 15:58:06.240826,250704,55.66,55.64,100,2601,-1010,703
523,CAH,2020-12-02,0 days 15:58:07.240971,250214,55.67,55.65,300,2001,290,-1010
524,CAH,2020-12-02,0 days 15:58:08.241203,250704,55.66,55.65,100,2209,-2910,290
525,CAH,2020-12-02,0 days 15:58:09.240985,249814,55.65,55.64,1100,900,890,-2910
526,CAH,2020-12-02,0 days 15:58:15.240483,250704,55.61,55.6,200,504,-410,890
527,CAH,2020-12-02,0 days 15:58:16.241154,250114,55.61,55.6,407,504,590,-410
528,CAH,2020-12-02,0 days 15:58:18.241513,250704,55.61,55.6,736,304,-910,590
529,CAH,2020-12-02,0 days 15:58:19.241339,250114,55.61,55.6,736,304,590,-910
530,CAH,2020-12-02,0 days 15:58:28.241792,250704,55.61,55.6,300,250,-82,618
531,CAH,2020-12-02,0 days 15:58:29.241377,250186,55.61,55.6,300,300,518,-82
532,CAH,2020-12-02,0 days 15:58:31.241800,250704,55.65,55.63,602,300,-382,518
533,CAH,2020-12-02,0 days 15:58:32.241947,250186,55.65,55.64,395,100,518,-382
534,CAH,2020-12-02,0 days 15:59:05.243941,251368,55.64,55.63,1097,850,-1185,79
535,CAH,2020-12-02,0 days 15:59:06.244059,248228,55.66,55.64,100,1176,2940,-1185
536,CAH,2020-12-02,0 days 15:59:09.244096,254068,55.66,55.65,300,218,-239,340
537,CAH,2020-12-02,0 days 15:59:57.241459,263617,55.65,55.63,700,100,-4066,1999
538,CARR,2020-12-02,0 days 15:55:00.237968,561837,36.93,36.92,1670,2433,-34193,38676
539,CARR,2020-12-02,0 days 15:57:34.242183,597862,36.87,36.86,1100,2410,3480,-2520
540,CARR,2020-12-02,0 days 15:57:35.242127,592742,36.87,36.86,1000,1210,-5120,3480
541,CARR,2020-12-02,0 days 15:59:12.246753,662761,36.87,36.86,1629,900,1231,-1569
542,CAT,2020-12-02,0 days 15:57:25.241525,225615,174.02,173.97,100,100,-141,1025
543,CAT,2020-12-02,0 days 15:57:26.241441,224671,174.01,173.96,555,100,944,-141
544,CAT,2020-12-02,0 days 15:57:43.242485,225715,174.03,173.98,300,803,-1323,277
545,CAT,2020-12-02,0 days 15:57:45.242306,225038,174.02,173.98,218,714,677,-623
546,CAT,2020-12-02,0 days 15:57:46.242284,225715,174.02,173.98,100,814,-123,677
547,CAT,2020-12-02,0 days 15:57:47.242624,225038,174.02,173.98,325,814,677,-123
548,CAT,2020-12-02,0 days 15:57:49.242400,225715,174.02,173.98,200,914,-723,2677
549,CAT,2020-12-02,0 days 15:57:50.243725,221338,174.0,173.98,325,200,4377,-723
550,CAT,2020-12-02,0 days 15:57:51.243260,225715,174.01,173.98,200,200,-423,4377
551,CAT,2020-12-02,0 days 15:57:52.243026,224938,174.01,173.98,200,200,777,-423
552,CAT,2020-12-02,0 days 15:57:55.243242,225715,174.01,173.98,100,810,-457,777
553,CAT,2020-12-02,0 days 15:57:56.243706,223438,174.01,173.98,282,401,2277,-457
554,CAT,2020-12-02,0 days 15:58:03.244063,225715,173.98,173.92,340,400,-15692,342
555,CAT,2020-12-02,0 days 15:59:23.244696,240309,174.02,173.98,143,500,1505,-7132
556,CAT,2020-12-02,0 days 15:59:24.244698,239714,174.06,173.99,200,100,-595,1505
557,CAT,2020-12-02,0 days 15:59:30.246732,238714,173.97,173.92,300,100,-338,637
558,CB,2020-12-02,0 days 15:59:16.301862,539690,153.29,153.24,201,201,-47533,8545
559,CB,2020-12-02,0 days 15:59:17.300606,524558,153.28,153.11,703,100,15932,-47533
560,CB,2020-12-02,0 days 15:59:18.300671,540490,153.28,153.11,600,100,-3568,15932
561,CB,2020-12-02,0 days 15:59:21.300556,531379,153.27,153.12,200,100,9111,-4133
562,CB,2020-12-02,0 days 15:59:22.300375,540490,153.27,153.13,200,200,-3089,9111
563,CB,2020-12-02,0 days 15:59:36.301723,537804,153.24,153.16,800,200,6214,-4186
564,CB,2020-12-02,0 days 15:59:37.301033,544018,153.2,153.11,300,100,-4186,6214
565,CB,2020-12-02,0 days 15:59:45.303504,548236,153.21,153.07,100,100,3893,-4218
566,CB,2020-12-02,0 days 15:59:46.302146,552129,153.21,153.07,100,100,-4489,3893
567,CB,2020-12-02,0 days 15:59:50.298974,529883,153.19,153.06,100,400,22246,-11454
568,CCC,2020-12-02,0 days 15:56:21.240636,27486,27.01,27.0,1033,1755,701,-99
569,CCC,2020-12-02,0 days 15:56:22.240340,26887,27.01,27.0,1033,1755,-599,701
570,CCC,2020-12-02,0 days 15:56:59.242138,27486,27.01,27.0,1384,507,101,-699
571,CCC,2020-12-02,0 days 15:57:00.242140,26887,27.01,27.0,1384,507,-599,101
572,CCC,2020-12-02,0 days 15:59:02.246879,29418,27.01,27.0,1081,907,2627,-846
573,CCC,2020-12-02,0 days 15:59:03.246157,28745,27.01,27.0,1181,907,-673,2627
574,CCC,2020-12-02,0 days 15:59:47.245665,32408,27.01,26.96,1616,700,1208,-672
575,CCC,2020-12-02,0 days 15:59:48.245040,32016,27.01,26.96,1416,700,-392,1208
576,CCEP,2020-12-02,0 days 15:55:00.233608,106241,46.63,46.57,1553,969,1657,-42875
577,CCEP,2020-12-02,0 days 15:55:30.235423,107898,46.62,46.58,991,2860,-25,313
578,CCEP,2020-12-02,0 days 15:55:41.235724,107933,46.62,46.59,1048,300,231,-35
579,CCEP,2020-12-02,0 days 15:55:43.236612,108164,46.62,46.59,533,300,-627,231
580,CCEP,2020-12-02,0 days 15:55:44.235969,106791,46.62,46.59,533,300,1373,-627
581,CCEP,2020-12-02,0 days 15:57:14.238040,110764,46.64,46.6,500,3801,-286,1014
582,CCEP,2020-12-02,0 days 15:57:15.238672,109250,46.64,46.6,500,4001,1514,-286
583,CCEP,2020-12-02,0 days 15:57:36.239380,110764,46.61,46.6,538,100,-505,1195
584,CCEP,2020-12-02,0 days 15:57:37.239518,110369,46.61,46.6,538,150,395,-505
585,CCEP,2020-12-02,0 days 15:57:40.239237,110764,46.61,46.6,519,175,-705,395
586,CCEP,2020-12-02,0 days 15:57:43.239554,109969,46.61,46.6,873,100,795,-5
587,CCEP,2020-12-02,0 days 15:58:22.241071,114640,46.61,46.6,126,2063,-829,971
588,CCEP,2020-12-02,0 days 15:58:23.241075,113669,46.61,46.6,126,2063,971,-829
589,CCEP,2020-12-02,0 days 15:58:26.241398,114640,46.61,46.6,234,2079,-929,971
590,CCEP,2020-12-02,0 days 15:58:27.241509,113669,46.61,46.6,234,2579,971,-929
591,CCEP,2020-12-02,0 days 15:58:28.241693,114640,46.61,46.6,234,2579,-129,971
592,CCEP,2020-12-02,0 days 15:58:29.241296,113769,46.61,46.6,234,2579,871,-129
593,CCEP,2020-12-02,0 days 15:58:31.241694,114640,46.61,46.6,234,2579,-29,871
594,CCEP,2020-12-02,0 days 15:58:45.242076,113469,46.62,46.6,107,760,1171,-43829
595,CCJ,2020-12-02,0 days 15:59:13.243708,44098,10.2,10.19,3269,16200,168,-1169
596,CCJ,2020-12-02,0 days 15:59:48.245458,43266,10.2,10.19,12972,16624,-832,1768
597,CCL,2020-12-02,0 days 15:59:16.266863,876919,21.15,21.14,8370,9846,-56276,51334
598,CCL,2020-12-02,0 days 15:59:17.265416,891194,21.13,21.12,14150,9179,1625,-56276
599,CCL,2020-12-02,0 days 15:59:32.267377,891219,21.15,21.14,8100,26710,-18661,1814
600,CCL,2020-12-02,0 days 15:59:50.264534,795256,21.14,21.13,16085,10896,107462,-9638
601,CDE,2020-12-02,0 days 15:59:02.265989,170867,7.96,7.95,10294,13854,32,-17937
602,CDE,2020-12-02,0 days 15:59:05.265644,170901,7.96,7.95,7695,13905,-4808,32
603,CF,2020-12-02,0 days 15:59:47.260519,358686,37.9,37.89,514,400,-4704,6828
604,CF,2020-12-02,0 days 15:59:48.259187,366690,37.9,37.88,1138,1400,5996,-4704
605,CF,2020-12-02,0 days 15:59:50.264242,311286,37.88,37.87,1100,185,-52104,9196
606,CFG,2020-12-02,0 days 15:55:01.259639,286166,34.4,34.39,2886,1501,2766,-6234
607,CFG,2020-12-02,0 days 15:56:02.260892,289506,34.4,34.39,1592,5032,-124,2937
608,CFG,2020-12-02,0 days 15:56:03.261703,289630,34.4,34.39,1892,4932,261,-124
609,CFG,2020-12-02,0 days 15:56:16.261890,292191,34.42,34.41,1840,2131,-6840,2660
610,CFG,2020-12-02,0 days 15:56:18.259716,299382,34.42,34.41,2709,2376,2409,-6840
611,CFG,2020-12-02,0 days 15:58:25.263001,303243,34.42,34.41,593,3409,-197,2503
612,CFG,2020-12-02,0 days 15:58:32.263735,303440,34.42,34.41,2880,665,503,-197
613,CFG,2020-12-02,0 days 15:58:57.265346,307643,34.41,34.4,5276,500,-1021,2437
614,CFG,2020-12-02,0 days 15:58:58.264633,308664,34.39,34.38,1771,1903,2979,-1021
615,CFG,2020-12-02,0 days 15:59:05.265771,310447,34.4,34.39,1170,3500,-4783,55
616,CFG,2020-12-02,0 days 15:59:07.266348,316030,34.42,34.41,3790,700,1417,-9483
617,CFG,2020-12-02,0 days 15:59:14.265937,318562,34.42,34.4,6135,5033,-28713,2917
618,CFG,2020-12-02,0 days 15:59:15.267753,346675,34.41,34.4,4862,300,587,-28713
619,CFG,2020-12-02,0 days 15:59:27.265927,347119,34.39,34.38,5504,600,-362,444
620,CFG,2020-12-02,0 days 15:59:48.259505,349348,34.39,34.38,5897,398,1362,-237
621,CFG,2020-12-02,0 days 15:59:50.264871,339210,34.39,34.38,7831,200,-10137,2062
622,CHWY,2020-12-02,0 days 15:59:46.246885,143504,71.06,70.94,700,500,-3345,305
623,CHWY,2020-12-02,0 days 15:59:50.249429,105049,71.06,70.96,700,400,37205,-3245
624,CHWY,2020-12-02,0 days 15:59:58.245662,137000,71.3,71.09,300,100,-4093,7
625,CIEN,2020-12-02,0 days 15:56:20.256639,115007,45.61,45.6,555,200,2835,-10265
626,CIEN,2020-12-02,0 days 15:56:37.256707,119653,45.62,45.6,400,163,-20556,2844
627,CIEN,2020-12-02,0 days 15:59:05.260691,157281,45.64,45.62,100,500,1769,-21496
628,CIEN,2020-12-02,0 days 15:59:33.257504,161502,45.66,45.63,616,438,-225,4416
629,CIEN,2020-12-02,0 days 15:59:35.256733,161727,45.66,45.63,200,338,175,-225
630,CIEN,2020-12-02,0 days 15:59:50.259721,155805,45.66,45.64,200,100,-5922,4678
631,CIG,2020-12-02,0 days 15:55:13.233678,322633,2.56,2.55,195550,278734,-1415,8585
632,CIG,2020-12-02,0 days 15:57:53.239375,325027,2.56,2.55,132900,347300,731,-2269
633,CIG,2020-12-02,0 days 15:57:54.240087,325758,2.56,2.55,132900,347300,-2269,731
634,CIG,2020-12-02,0 days 15:59:00.245654,337985,2.56,2.55,201972,418420,30420,-12227
635,CIG,2020-12-02,0 days 15:59:37.244731,398035,2.56,2.55,263827,427507,-43517,2583
636,CIG,2020-12-02,0 days 15:59:38.244333,395452,2.56,2.55,260627,427007,2583,-43517
637,CIG,2020-12-02,0 days 15:59:39.244418,398035,2.56,2.55,260627,427007,-7552,2583
638,CIG,2020-12-02,0 days 15:59:40.245874,395887,2.56,2.55,260527,427007,2148,-7552
639,CIG,2020-12-02,0 days 15:59:47.245835,398035,2.56,2.55,237975,394962,-3787,2148
640,CIG,2020-12-02,0 days 15:59:48.245826,396222,2.56,2.55,237975,394962,1813,-3787
641,CIM,2020-12-02,0 days 15:59:05.247187,74937,10.39,10.38,25016,638,-2862,3886
642,CIM,2020-12-02,0 days 15:59:06.247642,77799,10.39,10.37,25016,9795,138,-2862
643,CIM,2020-12-02,0 days 15:59:37.245521,84486,10.38,10.37,12529,10412,-2207,293
644,CIM,2020-12-02,0 days 15:59:47.245617,84486,10.38,10.37,19864,4505,-1507,293
645,CIM,2020-12-02,0 days 15:59:48.245040,84293,10.38,10.37,19764,2405,193,-1507
646,CL,2020-12-02,0 days 15:59:07.265407,561404,85.76,85.74,200,100,-2676,29946
647,CLDR,2020-12-02,0 days 15:59:13.265725,159343,11.19,11.18,8946,5064,-261,933
648,CLDR,2020-12-02,0 days 15:59:14.265594,159304,11.19,11.18,7665,5664,39,-261
649,CLF,2020-12-02,0 days 15:55:00.217615,257287,12.49,12.48,11204,21357,1317,-19345
650,CLF,2020-12-02,0 days 15:56:52.219972,262981,12.49,12.48,5806,21409,-654,1116
651,CLF,2020-12-02,0 days 15:56:53.220647,254435,12.49,12.48,5806,21220,8546,-654
652,CLF,2020-12-02,0 days 15:57:36.220296,283781,12.49,12.48,16400,13011,-1284,1716
653,CLF,2020-12-02,0 days 15:57:38.219623,273865,12.49,12.48,16862,12411,9916,-584
654,CLF,2020-12-02,0 days 15:58:26.222103,291515,12.49,12.48,12194,15461,-11113,9487
655,CLF,2020-12-02,0 days 15:58:27.222187,278628,12.49,12.48,12194,15846,12887,-11113
656,CLF,2020-12-02,0 days 15:59:01.224400,295582,12.48,12.47,36718,6288,-6977,14256
657,CLF,2020-12-02,0 days 15:59:02.225976,294159,12.48,12.47,36718,5188,1423,-6977
658,CMCM,2020-12-02,0 days 15:55:00.236584,32,2.1,2.08,2817,300,-68,32
659,CMCM,2020-12-02,0 days 15:59:12.246523,103,2.09,2.08,1647,200,1464,-71
660,CNC,2020-12-02,0 days 15:55:00.256579,187521,63.75,63.73,100,408,-32,40092
661,CNC,2020-12-02,0 days 15:57:09.262976,194595,63.67,63.64,100,800,-993,107
662,CNC,2020-12-02,0 days 15:57:10.262284,194188,63.65,63.64,651,100,407,-993
663,CNC,2020-12-02,0 days 15:59:01.267517,195717,63.7,63.67,300,100,1364,-1208
664,CNC,2020-12-02,0 days 15:59:16.266711,202299,63.76,63.72,100,500,1217,-22
665,CNC,2020-12-02,0 days 15:59:31.268293,227461,63.8,63.78,100,100,6520,-4517
666,CNC,2020-12-02,0 days 15:59:34.266058,237484,63.85,63.82,300,100,-3277,1923
667,CNC,2020-12-02,0 days 15:59:35.267226,235961,63.83,63.82,488,100,1523,-3277
668,CNC,2020-12-02,0 days 15:59:46.270544,236997,63.86,63.83,338,600,562,-4795
669,CNC,2020-12-02,0 days 15:59:57.250457,240699,63.84,63.77,600,200,-4058,342
670,CNC,2020-12-02,0 days 16:00:00.286781,238557,63.89,63.76,1000,100,2142,-4058
671,CNK,2020-12-02,0 days 15:57:14.121820,248899,16.97,16.96,7811,640,-804,1896
672,CNK,2020-12-02,0 days 15:57:16.120849,236603,16.97,16.96,9683,605,12296,-804
673,CNK,2020-12-02,0 days 15:59:05.125752,241538,16.97,16.96,5420,200,-722,7672
674,CNK,2020-12-02,0 days 15:59:12.126288,242260,16.96,16.95,400,4100,737,-422
675,CNK,2020-12-02,0 days 15:59:18.124741,239097,17.0,16.99,1469,3100,-8218,137
676,CNK,2020-12-02,0 days 15:59:19.124558,235756,17.0,16.99,969,2700,3339,-8218
677,CNK,2020-12-02,0 days 15:59:41.126060,240000,17.03,17.02,2069,2109,-2840,1060
678,CNP,2020-12-02,0 days 15:55:46.236509,567666,22.89,22.88,11720,6863,1918,-1519
679,CNP,2020-12-02,0 days 15:57:01.237121,520061,22.93,22.92,2839,4872,-50452,6947
680,CNP,2020-12-02,0 days 15:57:35.239269,569913,22.92,22.91,4595,6629,306,-2094
681,CNP,2020-12-02,0 days 15:59:07.243016,577061,22.95,22.94,1243,8784,3742,-13172
682,CNP,2020-12-02,0 days 15:59:15.244195,566201,22.95,22.94,6861,3104,-10860,3940
683,CNP,2020-12-02,0 days 15:59:17.243070,577061,22.95,22.94,4399,4100,14810,-572
684,CNP,2020-12-02,0 days 15:59:50.248230,582777,22.94,22.93,9100,2467,-12778,22345
685,CNQ,2020-12-02,0 days 15:57:17.299062,53561,23.43,23.42,2002,5365,394,-1006
686,CNQ,2020-12-02,0 days 15:57:18.298877,50855,23.43,23.42,3600,4965,-2706,394
687,CNQ,2020-12-02,0 days 15:59:03.300561,55645,23.42,23.41,2399,5494,596,-604
688,CNQ,2020-12-02,0 days 15:59:05.301016,56241,23.43,23.42,5312,6151,-1083,596
689,CNQ,2020-12-02,0 days 15:59:47.304139,57443,23.43,23.42,4710,6400,2041,-2987
690,CNQ,2020-12-02,0 days 15:59:48.295382,56584,23.43,23.42,5411,5300,-859,2041
691,CNX,2020-12-02,0 days 15:56:09.219226,250600,9.39,9.38,6069,3848,-205,2923
692,CNX,2020-12-02,0 days 15:56:10.219344,246005,9.39,9.38,6369,3348,4595,-205
693,CNX,2020-12-02,0 days 15:59:16.221977,258021,9.39,9.38,10247,3458,-3595,5610
694,CNX,2020-12-02,0 days 15:59:17.221873,255316,9.39,9.38,12739,807,2705,-3595
695,CNX,2020-12-02,0 days 15:59:40.224492,258021,9.39,9.38,3663,10390,-984,316
696,COF,2020-12-02,0 days 15:59:16.221912,747487,91.41,91.37,287,300,6722,-292395
697,COF,2020-12-02,0 days 15:59:17.221855,754209,91.45,91.42,100,400,-998,6722
698,COF,2020-12-02,0 days 15:59:24.222506,760870,91.51,91.49,300,200,1117,-970
699,COF,2020-12-02,0 days 15:59:27.222015,756587,91.49,91.45,100,300,-4283,1217
700,COF,2020-12-02,0 days 15:59:47.223866,765642,91.46,91.42,500,200,9817,-4616
701,COF,2020-12-02,0 days 15:59:51.222494,744459,91.42,91.38,518,500,-16083,8017
702,COF,2020-12-02,0 days 15:59:52.221827,752922,91.4,91.36,236,400,9001,-16083
703,COF,2020-12-02,0 days 15:59:54.223340,748459,91.39,91.36,600,500,-4463,9001
704,COG,2020-12-02,0 days 15:55:00.254615,457882,16.96,16.95,6543,1590,-7683,254826
705,COG,2020-12-02,0 days 15:55:50.256339,464473,16.96,16.95,8456,1548,67,-568
706,COG,2020-12-02,0 days 15:56:38.256803,469743,16.98,16.97,5441,5351,-3230,970
707,COG,2020-12-02,0 days 15:56:52.257254,469223,16.98,16.97,8289,2393,528,-4030
708,COG,2020-12-02,0 days 15:57:15.256549,469751,16.98,16.97,8992,2314,-3722,528
709,COG,2020-12-02,0 days 15:57:17.256910,469773,16.98,16.97,8592,2314,3495,-3722
710,COG,2020-12-02,0 days 15:58:26.258516,478095,17.01,17.0,6773,5476,952,-3347
711,COG,2020-12-02,0 days 15:58:27.258428,479047,17.01,17.0,5573,5226,-148,952
712,COG,2020-12-02,0 days 15:58:29.258707,476595,17.01,17.0,4973,6826,2452,-148
713,COG,2020-12-02,0 days 15:58:31.258531,479047,17.01,17.0,6138,8014,-1248,2452
714,COG,2020-12-02,0 days 15:59:02.260657,483649,17.01,17.0,8373,4419,11955,-757
715,COG,2020-12-02,0 days 15:59:50.259379,462104,17.03,17.02,2630,8406,35254,-14570
716,COP,2020-12-02,0 days 15:59:17.125281,1161453,39.93,39.92,900,5302,-8283,169294
717,COP,2020-12-02,0 days 15:59:27.124534,1157900,39.92,39.91,1393,2404,5253,-36847
718,COP,2020-12-02,0 days 15:59:28.124625,1166653,39.92,39.91,893,3004,-8538,5253
719,COP,2020-12-02,0 days 15:59:47.126816,1184453,39.93,39.92,1200,2332,20123,-4282
720,COP,2020-12-02,0 days 15:59:48.125164,1205076,39.93,39.92,1600,1532,-22730,20123
721,COP,2020-12-02,0 days 15:59:50.129691,1118909,39.94,39.93,2400,4500,85667,-12630
722,COTY,2020-12-02,0 days 15:55:38.239347,428684,7.39,7.38,23251,10048,-189,1536
723,COTY,2020-12-02,0 days 15:56:05.239805,429670,7.39,7.38,29217,7578,1314,-986
724,COTY,2020-12-02,0 days 15:56:20.240265,430984,7.39,7.38,25797,5946,-339,1314
725,COTY,2020-12-02,0 days 15:56:22.240282,431323,7.39,7.38,20796,11974,3261,-339
726,COTY,2020-12-02,0 days 15:57:57.243417,431342,7.4,7.39,19790,24419,5709,-6591
727,COTY,2020-12-02,0 days 15:58:02.243610,414854,7.4,7.39,9246,32756,-16488,5709
728,COTY,2020-12-02,0 days 15:59:13.246688,424502,7.4,7.39,30502,24661,-18311,791
729,COTY,2020-12-02,0 days 15:59:33.245629,431813,7.39,7.38,40817,20900,4239,-1811
730,COTY,2020-12-02,0 days 15:59:46.246463,438452,7.39,7.38,38937,23423,-4484,1139
731,COTY,2020-12-02,0 days 15:59:47.245533,437636,7.39,7.38,38937,23123,816,-4484
732,CPG,2020-12-02,0 days 15:59:36.264008,2529,1.83,1.82,529266,153897,-1799,2301
733,CPG,2020-12-02,0 days 15:59:37.262463,2328,1.83,1.82,529266,146497,201,-1799
734,CPG,2020-12-02,0 days 15:59:40.264955,2529,1.83,1.82,530066,142078,-299,201
735,CPG,2020-12-02,0 days 15:59:41.263744,2328,1.83,1.82,530066,142228,201,-299
736,CPRI,2020-12-02,0 days 15:55:47.214694,99605,37.0,36.97,770,100,740,-15
737,CPRI,2020-12-02,0 days 15:55:55.214949,100457,37.0,36.98,863,400,-1362,738
738,CPRI,2020-12-02,0 days 15:55:56.215104,100019,37.0,36.99,407,222,338,-1362
739,CPRI,2020-12-02,0 days 15:56:20.215229,101557,37.02,37.0,120,1363,-776,265
740,CPRI,2020-12-02,0 days 15:56:21.215462,101133,37.02,37.0,522,1155,324,-776
741,CPRI,2020-12-02,0 days 15:56:22.215272,101457,37.02,37.0,422,1155,-2976,324
742,CPRI,2020-12-02,0 days 15:58:48.218069,116902,37.09,37.08,104,100,430,-1470
743,CPRI,2020-12-02,0 days 15:58:49.218058,115632,37.09,37.08,100,200,-1270,430
744,CPRI,2020-12-02,0 days 15:59:04.220190,116902,37.1,37.08,310,100,5610,-634
745,CPRI,2020-12-02,0 days 15:59:05.219934,117512,37.09,37.08,475,100,-560,5610
746,CTVA,2020-12-02,0 days 15:59:28.223298,553553,38.26,38.25,100,1505,15013,-13787
747,CTVA,2020-12-02,0 days 15:59:46.224349,560388,38.28,38.25,823,1900,-3010,25043
748,CUK,2020-12-02,0 days 15:55:00.238273,37980,18.94,18.93,900,2104,-6286,30094
749,CUK,2020-12-02,0 days 15:59:50.249910,45303,18.94,18.93,280,2441,3231,-5069
750,CVE,2020-12-02,0 days 15:55:00.237757,41168,5.22,5.21,221921,5832,19986,-6270
751,CVE,2020-12-02,0 days 15:59:30.246773,64280,5.21,5.2,333094,56906,-9716,18147
752,CVS,2020-12-02,0 days 15:54:15.247637,353551,69.57,69.56,706,400,-2646,23933
753,CVS,2020-12-02,0 days 15:55:01.259432,524367,69.55,69.54,1583,780,372,-228
754,CVS,2020-12-02,0 days 15:56:35.259925,530653,69.56,69.55,2230,317,4135,-24065
755,CVS,2020-12-02,0 days 15:57:35.261057,537227,69.57,69.56,1225,304,2626,-14574
756,CVS,2020-12-02,0 days 15:59:02.267707,560988,69.68,69.66,400,200,-4004,10895
757,CVS,2020-12-02,0 days 15:59:03.264378,558382,69.67,69.65,266,500,3406,-4004
758,CVS,2020-12-02,0 days 15:59:45.267848,592063,69.68,69.64,1400,700,-5776,11713
759,CVS,2020-12-02,0 days 15:59:48.259187,596339,69.65,69.62,200,807,8310,-1490
760,CVS,2020-12-02,0 days 15:59:50.264242,579949,69.65,69.62,818,707,-13690,7611
761,CVX,2020-12-02,0 days 15:55:00.238009,1006677,89.77,89.75,1020,200,-10019,258322
762,CVX,2020-12-02,0 days 15:55:30.239180,920419,89.75,89.71,1502,100,-89735,100503
763,CVX,2020-12-02,0 days 15:57:03.241815,932786,89.73,89.71,1000,516,-98660,101258
764,CVX,2020-12-02,0 days 15:57:49.242413,1032307,89.78,89.76,464,1602,321,-15588
765,CVX,2020-12-02,0 days 15:57:50.243739,1023819,89.78,89.77,846,600,-8597,321
766,CVX,2020-12-02,0 days 15:58:10.244245,1043165,89.85,89.84,100,860,777,-16836
767,CVX,2020-12-02,0 days 15:58:11.244372,1041085,89.85,89.84,1238,260,-1972,777
768,CVX,2020-12-02,0 days 15:58:17.244195,1043165,89.85,89.84,100,401,620,-1972
769,CVX,2020-12-02,0 days 15:58:18.245059,1040985,89.85,89.84,200,300,-2072,620
770,CVX,2020-12-02,0 days 15:59:11.246365,1075190,90.01,90.0,100,100,275,-1619
771,CVX,2020-12-02,0 days 15:59:13.246851,1075782,90.02,90.01,500,500,-4051,2
772,CVX,2020-12-02,0 days 15:59:38.245097,1066079,90.01,89.98,300,100,-19614,9303
773,CVX,2020-12-02,0 days 15:59:44.245942,1073379,89.93,89.9,200,606,-6304,15702
774,CVX,2020-12-02,0 days 15:59:46.246991,1094928,89.92,89.88,650,107,1451,-28331
775,CVX,2020-12-02,0 days 15:59:59.243556,1091679,89.95,89.87,800,100,-6203,13829
776,CVX,2020-12-02,0 days 16:00:00.244861,1094874,89.95,89.85,300,1112,13829,-6203
777,CX,2020-12-02,0 days 15:59:46.301936,170918,4.99,4.98,118987,84319,-4901,1199
778,CX,2020-12-02,0 days 15:59:47.303803,170019,4.99,4.98,108187,84319,899,-4901
779,CXO,2020-12-02,0 days 15:58:22.257884,165923,58.1,58.09,129,635,916,-384
780,CXO,2020-12-02,0 days 15:59:04.260185,168873,58.09,58.08,500,516,-2609,88
781,CXO,2020-12-02,0 days 15:59:07.260655,165882,58.11,58.1,100,300,1069,-1631
782,CXO,2020-12-02,0 days 15:59:13.261151,167090,58.12,58.11,100,200,-82,308
783,CXO,2020-12-02,0 days 15:59:19.256120,189790,58.07,58.05,535,300,-1036,3064
784,D,2020-12-02,0 days 15:55:00.216271,371990,80.15,80.12,402,2307,-7648,15886
785,D,2020-12-02,0 days 15:56:42.219940,386731,80.18,80.17,432,140,-3641,2959
786,D,2020-12-02,0 days 15:59:06.223497,408789,80.26,80.24,450,300,38739,-4113
787,D,2020-12-02,0 days 15:59:07.223088,408350,80.28,80.24,100,550,-439,38739
788,D,2020-12-02,0 days 15:59:24.222541,408648,80.27,80.24,100,100,-256,344
789,D,2020-12-02,0 days 15:59:33.222524,408904,80.24,80.21,1414,200,7924,-1502
790,D,2020-12-02,0 days 15:59:45.224031,417443,80.25,80.24,300,229,-7117,439
791,DAL,2020-12-02,0 days 15:55:00.257333,378671,41.14,41.13,3090,1073,6697,-47659
792,DAL,2020-12-02,0 days 15:57:46.261204,406272,41.1,41.09,1441,5574,-1484,8616
793,DAL,2020-12-02,0 days 15:58:02.263116,385398,41.1,41.09,5103,1628,-22358,8816
794,DAL,2020-12-02,0 days 15:58:03.264306,405456,41.1,41.09,2058,4000,4042,-22358
795,DAL,2020-12-02,0 days 15:59:33.268091,451563,41.1,41.09,891,4155,-7752,666
796,DAL,2020-12-02,0 days 15:59:48.259467,467783,41.09,41.08,5699,500,4098,-14102
797,DAL,2020-12-02,0 days 15:59:50.264643,387281,41.09,41.08,3665,808,-80502,5398
798,DB,2020-12-02,0 days 15:57:27.261519,29194,11.59,11.58,15044,66462,-5416,2984
799,DB,2020-12-02,0 days 15:59:36.266660,43297,11.59,11.58,28397,79478,9548,-11552
800,DB,2020-12-02,0 days 15:59:37.265730,42745,11.59,11.58,21950,77778,-452,9548
801,DD,2020-12-02,0 days 15:55:00.256188,398024,64.12,64.11,900,1358,110845,-160666
802,DD,2020-12-02,0 days 15:55:43.256946,509983,64.1,64.08,655,905,-6291,10502
803,DD,2020-12-02,0 days 15:55:44.256791,500874,64.08,64.07,100,300,9109,-6291
804,DD,2020-12-02,0 days 15:56:03.257309,512600,64.08,64.06,979,200,-17274,11726
805,DD,2020-12-02,0 days 15:56:04.257385,505905,64.05,64.03,100,414,6695,-17274
806,DD,2020-12-02,0 days 15:58:09.262563,523287,64.06,64.04,100,100,-1169,1
807,DD,2020-12-02,0 days 15:58:10.262743,519056,64.04,64.02,700,401,4231,-1169
808,DD,2020-12-02,0 days 15:59:06.265802,533694,64.05,64.02,400,456,-16044,3062
809,DD,2020-12-02,0 days 15:59:07.265811,531453,64.05,64.02,100,456,1341,-16044
810,DD,2020-12-02,0 days 15:59:10.266028,533554,64.05,64.03,100,606,-3266,1134
811,DD,2020-12-02,0 days 15:59:11.265124,531720,64.05,64.03,100,1406,934,-3266
812,DDD,2020-12-02,0 days 15:55:00.254605,153078,9.7,9.69,3101,3187,2512,-11123
813,DDD,2020-12-02,0 days 15:55:57.255554,155590,9.69,9.68,7368,1503,-2183,1517
814,DDD,2020-12-02,0 days 15:55:58.255419,152473,9.69,9.68,8268,1136,3117,-2183
815,DDD,2020-12-02,0 days 15:59:01.263615,151042,9.71,9.7,11329,195,-5222,929
816,DDD,2020-12-02,0 days 15:59:02.264111,149464,9.7,9.69,2100,3144,1078,-5222
817,DDD,2020-12-02,0 days 15:59:08.263402,140570,9.71,9.7,760,6520,-9794,1178
818,DDD,2020-12-02,0 days 15:59:09.264411,140164,9.71,9.7,5437,1200,6,-9794
819,DDD,2020-12-02,0 days 15:59:10.263628,140570,9.71,9.7,4457,300,-8969,6
820,DE,2020-12-02,0 days 15:58:24.258655,600186,259.18,259.04,100,200,-116264,113854
821,DE,2020-12-02,0 days 15:58:29.258707,463440,259.02,258.85,100,100,173346,-76664
822,DE,2020-12-02,0 days 15:59:05.260528,600746,259.06,258.95,100,320,-137538,120772
823,DE,2020-12-02,0 days 15:59:17.256168,546217,259.03,258.89,465,398,102885,-157160
824,DE,2020-12-02,0 days 15:59:24.256240,612902,259.07,258.97,100,200,-183315,66885
825,DE,2020-12-02,0 days 15:59:37.256629,566874,259.05,258.89,430,100,84762,-165248
826,DE,2020-12-02,0 days 15:59:46.257788,621222,259.24,259.09,400,805,-108825,46872
827,DELL,2020-12-02,0 days 15:59:48.295443,460752,70.55,70.48,200,502,2764,-19616
828,DELL,2020-12-02,0 days 15:59:50.299789,422316,70.55,70.48,400,502,-38436,3064
829,DELL,2020-12-02,0 days 15:59:54.292169,460752,70.52,70.48,132,403,182,-15418
830,DELL,2020-12-02,0 days 15:59:55.290553,438934,70.61,70.49,600,200,-37884,182
831,DELL,2020-12-02,0 days 15:59:56.290843,460752,70.64,70.49,600,501,182,-37884
832,DELL,2020-12-02,0 days 16:00:00.291630,449514,70.65,70.47,1100,1100,-27304,4662
833,DFS,2020-12-02,0 days 15:55:28.239147,150321,81.73,81.7,1115,612,2722,-778
834,DFS,2020-12-02,0 days 15:55:29.239118,149843,81.73,81.7,1015,412,-478,2722
835,DFS,2020-12-02,0 days 15:58:01.245513,166392,81.73,81.72,385,200,1303,-1297
836,DFS,2020-12-02,0 days 15:58:02.243728,164795,81.74,81.72,501,445,-1597,1303
837,DFS,2020-12-02,0 days 15:58:28.244574,166492,81.73,81.71,250,202,869,-1731
838,DFS,2020-12-02,0 days 15:58:29.244806,164961,81.73,81.71,206,143,-931,869
839,DFS,2020-12-02,0 days 15:58:54.245426,163361,81.68,81.67,424,200,-1188,712
840,DFS,2020-12-02,0 days 15:59:48.245135,232568,81.76,81.72,200,660,-3534,8424
841,DG,2020-12-02,0 days 15:55:00.233563,107776,217.84,217.79,300,102,-2068,23999
842,DG,2020-12-02,0 days 15:55:33.236840,126247,217.77,217.73,1035,220,2133,-7378
843,DG,2020-12-02,0 days 15:55:34.236466,124680,217.83,217.77,100,100,-1567,2133
844,DG,2020-12-02,0 days 15:57:54.240118,140762,217.77,217.73,210,300,28,-2372
845,DG,2020-12-02,0 days 15:57:55.240373,138090,217.78,217.74,256,100,-3272,28
846,DG,2020-12-02,0 days 15:58:09.240860,140813,217.75,217.7,100,300,1635,-1419
847,DG,2020-12-02,0 days 15:58:10.241361,139948,217.76,217.7,100,300,-865,1635
848,DG,2020-12-02,0 days 15:59:00.245704,140256,217.76,217.72,207,430,353,-606
849,DG,2020-12-02,0 days 15:59:01.243462,139609,217.76,217.72,100,630,-47,353
850,DG,2020-12-02,0 days 15:59:17.243821,145194,217.82,217.76,767,100,1155,-5545
851,DG,2020-12-02,0 days 15:59:25.243306,143094,217.79,217.73,300,200,3664,-3136
852,DG,2020-12-02,0 days 15:59:26.243609,143058,217.79,217.73,200,300,-36,3664
853,DG,2020-12-02,0 days 15:59:39.244451,143093,217.68,217.62,430,100,3768,-1533
854,DG,2020-12-02,0 days 15:59:41.244921,141661,217.73,217.61,420,100,-1432,668
855,DG,2020-12-02,0 days 15:59:44.244878,142693,217.63,217.51,400,100,668,-1432
856,DG,2020-12-02,0 days 15:59:45.246232,142361,217.59,217.51,300,499,-332,668
857,DG,2020-12-02,0 days 15:59:51.243773,141761,217.6,217.47,100,100,-883,1517
858,DG,2020-12-02,0 days 15:59:52.243442,142544,217.56,217.47,522,100,2317,-883
859,DG,2020-12-02,0 days 15:59:57.241266,141761,217.7,217.41,100,699,-883,8948
860,DG,2020-12-02,0 days 16:00:00.236167,142544,217.8,217.33,300,229,2317,-883
861,DHF,2020-12-02,0 days 15:59:39.246535,6846,3.01,3.0,17626,13500,254,-4146
862,DHI,2020-12-02,0 days 15:59:50.258988,295428,69.37,69.33,227,123,-22444,8421
863,DHR,2020-12-02,0 days 15:57:09.220655,219108,224.84,224.71,151,100,-260,51
864,DHR,2020-12-02,0 days 15:57:10.220640,217768,224.86,224.8,300,200,1340,-260
865,DHR,2020-12-02,0 days 15:57:35.219764,219108,224.75,224.69,310,100,-2841,659
866,DHR,2020-12-02,0 days 15:57:36.220031,218749,224.75,224.69,100,100,359,-2841
867,DHR,2020-12-02,0 days 15:59:07.223017,222152,224.81,224.7,100,100,-1310,3545
868,DHR,2020-12-02,0 days 15:59:08.224009,223462,224.81,224.72,100,100,189,-1310
869,DHR,2020-12-02,0 days 15:59:28.223096,226079,224.81,224.71,100,200,-7,150
870,DHR,2020-12-02,0 days 15:59:29.222665,225886,224.81,224.71,100,200,193,-7
871,DHR,2020-12-02,0 days 15:59:33.222478,232880,224.96,224.79,400,914,-466,1793
872,DHR,2020-12-02,0 days 15:59:43.222635,232880,224.79,224.69,100,200,-34,442
873,DHR,2020-12-02,0 days 15:59:47.223839,232761,224.84,224.75,100,400,119,-4581
874,DHR,2020-12-02,0 days 15:59:48.223080,232880,224.83,224.77,100,400,-10,119
875,DHT,2020-12-02,0 days 15:59:34.266058,218342,5.18,5.17,2900,22578,1238,-1764
876,DHT,2020-12-02,0 days 15:59:40.266066,213380,5.18,5.17,4600,26297,-962,2438
877,DHT,2020-12-02,0 days 15:59:45.267901,214342,5.18,5.17,4586,26194,10902,-962
878,DHT,2020-12-02,0 days 15:59:46.270598,215344,5.18,5.17,4886,26694,-157,10902
879,DIS,2020-12-02,0 days 15:59:53.248698,1106211,153.51,153.48,620,300,4016,-1910
880,DIS,2020-12-02,0 days 15:59:54.250055,1109927,153.6,153.52,200,200,-2217,4016
881,DIS,2020-12-02,0 days 15:59:57.250596,1112244,153.63,153.54,200,100,15204,-50415
882,DIS,2020-12-02,0 days 15:59:58.249308,1114338,153.64,153.54,500,100,-33813,15204
883,DKS,2020-12-02,0 days 15:59:17.261672,153621,57.31,57.26,200,100,21783,-2841
884,DLR,2020-12-02,0 days 15:55:00.253941,117876,132.4,132.37,100,469,-705,15147
885,DLR,2020-12-02,0 days 15:55:01.253896,116981,132.4,132.38,294,207,895,-705
886,DLR,2020-12-02,0 days 15:55:30.255638,118000,132.43,132.38,100,100,-13299,801
887,DLR,2020-12-02,0 days 15:56:04.255997,132017,132.37,132.34,600,232,497,-203
888,DLR,2020-12-02,0 days 15:56:05.256023,130314,132.39,132.36,200,100,-1703,497
889,DLR,2020-12-02,0 days 15:56:40.256664,171317,132.3,132.27,300,100,15000,-5000
890,DLR,2020-12-02,0 days 15:57:18.256387,171680,132.4,132.37,100,200,-985,115
891,DLR,2020-12-02,0 days 15:57:55.257412,176832,132.29,132.26,695,200,-116,59
892,DLR,2020-12-02,0 days 15:59:00.261489,170179,132.3,132.28,1526,214,-4518,1882
893,DLR,2020-12-02,0 days 15:59:47.256381,178446,132.22,132.18,500,200,-662,2993
894,DLR,2020-12-02,0 days 15:59:49.256998,179108,132.22,132.17,500,200,116,-1220
895,DLR,2020-12-02,0 days 15:59:50.259025,173167,132.21,132.17,500,200,-5641,116
896,DOW,2020-12-02,0 days 15:57:44.219898,427589,53.18,53.17,200,1200,478,-2322
897,DOW,2020-12-02,0 days 15:59:50.227547,420963,53.26,53.22,400,200,-26401,13263
898,DRE,2020-12-02,0 days 15:55:08.254555,176343,37.76,37.75,516,1603,2874,-1726
899,DRE,2020-12-02,0 days 15:55:27.255492,181155,37.75,37.74,2363,1000,-2346,2688
900,DRE,2020-12-02,0 days 15:55:40.255730,182204,37.74,37.73,779,327,2468,-1232
901,DRE,2020-12-02,0 days 15:57:42.256512,192914,37.77,37.76,860,1208,-239,1761
902,DRE,2020-12-02,0 days 15:58:00.259983,193453,37.76,37.75,200,1749,116,-1784
903,DRE,2020-12-02,0 days 15:58:01.258606,193569,37.76,37.75,200,1849,-1884,116
904,DRE,2020-12-02,0 days 15:58:03.258355,193453,37.78,37.77,700,516,116,-1884
905,DRE,2020-12-02,0 days 15:58:04.257527,186599,37.78,37.77,800,1616,-6854,116
906,DRE,2020-12-02,0 days 15:58:12.258423,193526,37.76,37.75,400,840,2578,-6922
907,DRE,2020-12-02,0 days 15:58:13.258117,193304,37.76,37.75,300,1040,-2222,2578
908,DRE,2020-12-02,0 days 15:58:14.257956,195526,37.76,37.75,500,1640,776,-2222
909,DRE,2020-12-02,0 days 15:58:19.258347,194702,37.76,37.75,600,1050,-824,1176
910,DRE,2020-12-02,0 days 15:58:57.259329,194788,37.75,37.74,2466,500,629,-76
911,DRE,2020-12-02,0 days 15:59:00.261717,196885,37.75,37.74,3119,219,-476,912
912,DRE,2020-12-02,0 days 15:59:16.260667,201030,37.77,37.76,386,666,386,-3586
913,DRE,2020-12-02,0 days 15:59:50.259325,195720,37.74,37.73,600,695,-5510,3390
914,DRE,2020-12-02,0 days 15:59:58.257116,195720,37.74,37.73,500,700,-5510,5810
915,DRH,2020-12-02,0 days 15:56:58.258304,221176,8.0,7.99,8135,10747,-5160,1140
916,DRH,2020-12-02,0 days 15:59:01.265484,227037,7.99,7.98,10122,7935,35561,-6897
917,DRH,2020-12-02,0 days 15:59:02.265699,224098,7.99,7.98,8180,6835,-2939,35561
918,DRH,2020-12-02,0 days 15:59:16.262128,238170,7.99,7.98,2163,11727,-4513,233
919,DRH,2020-12-02,0 days 15:59:17.261475,237683,7.99,7.98,2463,10417,487,-4513
920,DSL,2020-12-02,0 days 15:56:07.239965,4935,16.64,16.63,1900,721,244,-756
921,DSL,2020-12-02,0 days 15:59:37.245521,5179,16.61,16.57,513,100,-54,46
922,DSL,2020-12-02,0 days 15:59:38.244944,5133,16.61,16.57,513,500,46,-54
923,DSL,2020-12-02,0 days 15:59:46.246518,5179,16.62,16.53,500,700,-310,146
924,DSL,2020-12-02,0 days 15:59:47.245580,4989,16.62,16.53,500,700,190,-310
925,DT,2020-12-02,0 days 15:55:00.117297,123309,37.97,37.95,100,856,-2379,17423
926,DT,2020-12-02,0 days 15:55:12.117286,123050,37.95,37.94,600,1504,268,-70
927,DT,2020-12-02,0 days 15:57:35.121112,126713,38.04,38.0,200,201,-337,863
928,DT,2020-12-02,0 days 15:57:43.121467,126350,38.01,38.0,325,501,363,-337
929,DT,2020-12-02,0 days 15:59:01.126453,126575,38.02,38.01,339,700,-1304,2709
930,DT,2020-12-02,0 days 15:59:19.124542,128817,37.98,37.94,236,100,6721,-1259
931,DT,2020-12-02,0 days 15:59:20.125396,135538,37.98,37.95,236,100,-679,6721
932,DT,2020-12-02,0 days 15:59:50.129514,121344,38.05,38.0,400,674,14509,-1991
933,DUK,2020-12-02,0 days 15:59:51.126229,333771,93.89,93.86,500,200,-937,7594
934,DVN,2020-12-02,0 days 15:55:00.217296,426159,14.74,14.73,16454,5616,13099,-36952
935,DVN,2020-12-02,0 days 15:55:02.216578,413258,14.74,14.73,16625,10989,-12924,13276
936,DVN,2020-12-02,0 days 15:55:03.216236,426182,14.74,14.73,16341,11255,10776,-12924
937,DVN,2020-12-02,0 days 15:58:14.221785,469307,14.79,14.78,6510,30012,-1931,8769
938,DVN,2020-12-02,0 days 15:58:15.221591,459338,14.79,14.78,6010,28512,8769,-1931
939,DVN,2020-12-02,0 days 15:58:25.222058,469307,14.8,14.79,19651,7501,-1931,8769
940,DVN,2020-12-02,0 days 15:58:26.222103,459338,14.8,14.79,19751,6201,8769,-1931
941,DVN,2020-12-02,0 days 15:59:16.222130,494289,14.8,14.79,14864,15194,-4028,1804
942,DVN,2020-12-02,0 days 15:59:17.222090,492917,14.8,14.79,18464,12400,1372,-4028
943,ED,2020-12-02,0 days 15:56:11.257164,245535,76.96,76.94,543,300,-147,1853
944,ED,2020-12-02,0 days 15:56:20.256648,247382,76.96,76.94,379,502,7192,-38
945,ED,2020-12-02,0 days 15:59:10.260550,275652,77.07,77.04,273,354,30170,-960
946,EGO,2020-12-02,0 days 15:57:13.251802,28045,12.96,12.95,6683,7148,1693,-707
947,EGO,2020-12-02,0 days 15:57:14.249231,27238,12.96,12.95,7860,5250,-1507,1693
948,EGO,2020-12-02,0 days 15:59:02.252211,30045,12.95,12.94,8600,3550,584,-45
949,EGO,2020-12-02,0 days 15:59:03.251589,29129,12.95,12.94,8700,3650,-716,584
950,EGO,2020-12-02,0 days 15:59:46.246617,29845,12.95,12.94,2197,10115,494,-407
951,EGO,2020-12-02,0 days 15:59:47.245789,29639,12.95,12.94,2697,9915,-206,494
952,ELAN,2020-12-02,0 days 15:55:00.292893,4346257,29.85,29.84,790,2243,996391,-150086
953,ELY,2020-12-02,0 days 15:55:00.233220,161767,22.32,22.31,1644,2726,28507,-32181
954,ELY,2020-12-02,0 days 15:55:07.232802,166974,22.33,22.32,440,1310,-543,1907
955,ELY,2020-12-02,0 days 15:55:26.235161,170824,22.33,22.32,100,1731,1040,-2750
956,ELY,2020-12-02,0 days 15:55:27.235520,171664,22.33,22.32,200,1731,-760,1040
957,ELY,2020-12-02,0 days 15:56:36.236923,172862,22.3,22.29,1150,848,202,-1098
958,ELY,2020-12-02,0 days 15:56:37.236153,172064,22.3,22.29,1152,833,-798,202
959,ELY,2020-12-02,0 days 15:58:07.240742,162849,22.22,22.21,683,1604,-2121,3079
960,ELY,2020-12-02,0 days 15:58:08.240933,162670,22.22,22.21,683,1604,179,-2121
961,ELY,2020-12-02,0 days 15:58:21.241175,162849,22.22,22.21,1656,1204,-821,279
962,ELY,2020-12-02,0 days 15:58:22.240454,162570,22.22,22.21,1556,1504,279,-821
963,ELY,2020-12-02,0 days 15:58:28.241054,162849,22.22,22.21,1961,1304,-1121,279
964,ELY,2020-12-02,0 days 15:58:29.240969,161670,22.22,22.21,1861,1304,1179,-1121
965,ELY,2020-12-02,0 days 15:58:30.241552,162849,22.22,22.21,1861,1304,-721,1179
966,ELY,2020-12-02,0 days 15:58:31.241144,161670,22.22,22.21,2061,1204,1179,-721
967,ELY,2020-12-02,0 days 15:59:00.245201,171636,22.19,22.18,1040,1090,-4006,1607
968,ELY,2020-12-02,0 days 15:59:01.243267,170942,22.19,22.18,1040,990,694,-4006
969,ELY,2020-12-02,0 days 15:59:38.244070,184853,22.24,22.23,2300,200,6735,-7765
970,EMR,2020-12-02,0 days 15:59:05.265246,380600,75.85,75.83,302,300,2025,-8330
971,EMR,2020-12-02,0 days 15:59:16.262078,380517,75.92,75.9,300,100,-2146,6705
972,EMR,2020-12-02,0 days 15:59:46.264419,386003,75.9,75.88,400,400,8394,-2523
973,EMR,2020-12-02,0 days 15:59:50.268801,384197,75.9,75.88,600,300,-1243,9694
974,ENB,2020-12-02,0 days 15:55:00.117528,52659,32.12,32.11,6510,11106,2606,-40525
975,ENB,2020-12-02,0 days 15:59:50.129557,55451,32.19,32.18,28048,2806,-3785,4015
976,EOG,2020-12-02,0 days 15:59:46.126607,925995,47.79,47.77,2261,400,-672,11802
977,EOG,2020-12-02,0 days 15:59:47.126707,912209,47.77,47.76,272,400,13786,-672
978,EPD,2020-12-02,0 days 15:55:00.245841,76191,20.03,20.02,10939,3399,-736,31767
979,EPD,2020-12-02,0 days 15:57:11.250555,79401,20.03,20.02,4050,11251,390,-3210
980,EPD,2020-12-02,0 days 15:59:50.248414,74566,20.11,20.1,5915,2303,3559,-5641
981,EQH,2020-12-02,0 days 15:59:17.265322,691101,26.54,26.53,1300,1800,-5363,174438
982,EQH,2020-12-02,0 days 15:59:46.270509,690523,26.54,26.52,1200,1386,17320,-11183
983,EQH,2020-12-02,0 days 15:59:48.259187,707843,26.54,26.52,700,3449,-5058,11120
984,EQH,2020-12-02,0 days 15:59:50.264275,645601,26.54,26.53,500,600,63169,-4031
985,EQNR,2020-12-02,0 days 15:55:57.236845,245808,16.08,16.07,13180,22049,-130,70
986,EQNR,2020-12-02,0 days 15:56:11.236235,245938,16.08,16.07,23108,19400,300,-130
987,EQNR,2020-12-02,0 days 15:57:13.238663,246238,16.08,16.07,6836,28500,-2100,300
988,EQNR,2020-12-02,0 days 15:57:14.238122,240338,16.08,16.07,19964,23102,5900,-2100
989,EQNR,2020-12-02,0 days 15:59:50.249328,147570,16.08,16.07,13990,39498,106652,-4348
990,EQT,2020-12-02,0 days 15:55:26.259993,251126,14.48,14.47,3949,4897,-2812,5317
991,EQT,2020-12-02,0 days 15:55:27.259943,246564,14.48,14.47,3755,4741,4562,-2812
992,EQT,2020-12-02,0 days 15:57:13.262004,251952,14.47,14.46,6350,5822,-2364,36
993,EQT,2020-12-02,0 days 15:57:14.261695,248016,14.47,14.46,6650,5700,3936,-2364
994,EQT,2020-12-02,0 days 15:58:27.262914,258489,14.47,14.46,1902,5740,3363,-1537
995,EQT,2020-12-02,0 days 15:59:05.265729,265427,14.47,14.46,2338,4533,-32442,5629
996,EQT,2020-12-02,0 days 15:59:07.266305,262869,14.47,14.46,7953,672,306,-1794
997,EQT,2020-12-02,0 days 15:59:14.265919,268146,14.47,14.46,6666,3072,-14,386
998,ERJ,2020-12-02,0 days 15:57:13.220946,29987,6.47,6.46,14400,31192,-1402,998
999,ERJ,2020-12-02,0 days 15:57:14.218580,13589,6.47,6.46,14400,31592,16498,-1402
1000,ERJ,2020-12-02,0 days 15:59:02.225907,28528,6.48,6.47,11574,40670,-10345,1055
1001,ERJ,2020-12-02,0 days 15:59:03.224040,27473,6.48,6.47,11474,40665,1055,-10345
1002,ERJ,2020-12-02,0 days 15:59:05.223293,28154,6.48,6.47,10605,40165,-278,1055
1003,ERJ,2020-12-02,0 days 15:59:13.223884,16132,6.48,6.47,11221,40370,12022,-278
1004,ERJ,2020-12-02,0 days 15:59:37.222773,28328,6.48,6.47,19788,48439,-10020,680
1005,ERJ,2020-12-02,0 days 15:59:38.222596,27648,6.48,6.47,19788,47339,680,-10020
1006,ERJ,2020-12-02,0 days 15:59:46.224294,28328,6.48,6.47,9035,51406,-2274,680
1007,ET,2020-12-02,0 days 15:57:54.249557,113643,6.35,6.34,11565,68136,2464,-136
1008,ET,2020-12-02,0 days 15:58:06.249038,116107,6.36,6.35,45306,31446,-236,564
1009,ET,2020-12-02,0 days 15:58:08.249102,111143,6.36,6.35,44606,25552,4964,-236
1010,ET,2020-12-02,0 days 15:58:41.251122,113143,6.37,6.36,58946,12468,2964,-2236
1011,ET,2020-12-02,0 days 15:59:11.251259,121927,6.35,6.34,43362,27600,-593,2007
1012,ET,2020-12-02,0 days 15:59:16.244057,120620,6.34,6.33,20918,16030,4407,-593
1013,ET,2020-12-02,0 days 15:59:47.244972,121130,6.35,6.34,49420,22000,797,-14003
1014,ETN,2020-12-02,0 days 15:59:32.267302,322525,118.87,118.82,400,816,10062,-6182
1015,ETN,2020-12-02,0 days 15:59:33.267914,320087,118.89,118.84,100,600,-2438,10062
1016,ETN,2020-12-02,0 days 15:59:47.260571,317683,118.93,118.88,100,400,-5043,18857
1017,ETN,2020-12-02,0 days 15:59:48.259227,322726,118.9,118.82,248,662,6457,-5043
1018,ETN,2020-12-02,0 days 15:59:50.264275,306483,118.89,118.82,500,536,-16243,6557
1019,ETRN,2020-12-02,0 days 15:55:01.253690,177075,8.12,8.11,5567,4527,-2199,9601
1020,ETRN,2020-12-02,0 days 15:57:50.257307,228656,8.1,8.09,2348,7391,4524,-6178
1021,ETRN,2020-12-02,0 days 15:57:51.254581,223780,8.1,8.09,3663,5391,-3876,4524
1022,ETRN,2020-12-02,0 days 15:58:10.257766,236213,8.12,8.11,6507,6385,208,-6745
1023,ETRN,2020-12-02,0 days 15:58:12.258015,230121,8.12,8.11,5407,6985,-6092,208
1024,ETRN,2020-12-02,0 days 15:59:38.254386,235295,8.1,8.09,8087,2401,-2204,3996
1025,ETRN,2020-12-02,0 days 15:59:46.257175,237499,8.1,8.09,7164,6592,476,-1724
1026,ETRN,2020-12-02,0 days 15:59:48.256789,235875,8.1,8.09,10464,6592,-1624,476
1027,EV,2020-12-02,0 days 15:58:59.224491,66340,69.13,69.12,400,500,-91,608
1028,EV,2020-12-02,0 days 15:59:05.223523,66437,69.13,69.12,1160,299,1702,-217
1029,EV,2020-12-02,0 days 15:59:14.223645,68241,69.14,69.13,397,399,-1294,918
1030,EV,2020-12-02,0 days 15:59:50.228543,67971,69.12,69.11,200,1700,2589,-2111
1031,EW,2020-12-02,0 days 15:55:01.292751,182153,84.32,84.29,100,100,-1676,224
1032,EW,2020-12-02,0 days 15:55:30.295031,184165,84.31,84.28,1045,739,12700,-2012
1033,EW,2020-12-02,0 days 15:55:31.294997,183365,84.31,84.28,945,739,-800,12700
1034,EW,2020-12-02,0 days 15:56:05.296172,185674,84.31,84.28,100,200,1778,-622
1035,EW,2020-12-02,0 days 15:56:06.296216,185052,84.31,84.28,100,200,-622,1778
1036,EW,2020-12-02,0 days 15:56:52.296825,185286,84.3,84.27,500,100,366,-724
1037,EW,2020-12-02,0 days 15:56:53.297061,184752,84.3,84.27,200,200,-534,366
1038,EW,2020-12-02,0 days 15:57:00.297354,185286,84.32,84.28,500,246,66,-534
1039,EW,2020-12-02,0 days 15:57:01.296999,184752,84.31,84.28,200,100,-534,66
1040,EW,2020-12-02,0 days 15:57:20.297839,186204,84.31,84.28,323,910,2348,-852
1041,EW,2020-12-02,0 days 15:57:21.296927,185552,84.31,84.28,624,800,-652,2348
1042,EW,2020-12-02,0 days 15:57:47.297563,187004,84.36,84.34,201,437,48,-2352
1043,EW,2020-12-02,0 days 15:57:48.298216,186352,84.36,84.34,301,437,-652,48
1044,EW,2020-12-02,0 days 15:58:02.298780,185820,84.33,84.31,212,200,332,-120
1045,EW,2020-12-02,0 days 15:58:10.298799,185820,84.38,84.34,200,274,20071,-468
1046,EW,2020-12-02,0 days 15:58:22.298946,202791,84.44,84.41,100,100,-143,1057
1047,EW,2020-12-02,0 days 15:58:39.299084,201734,84.46,84.42,300,252,1057,-4743
1048,EW,2020-12-02,0 days 15:59:07.301663,203330,84.45,84.42,141,398,-7054,4449
1049,EW,2020-12-02,0 days 15:59:16.301982,204620,84.44,84.42,217,200,-1816,791
1050,EW,2020-12-02,0 days 15:59:22.300476,212420,84.47,84.43,100,549,-2338,8284
1051,EW,2020-12-02,0 days 15:59:23.300798,211658,84.47,84.39,200,300,762,-2338
1052,EW,2020-12-02,0 days 15:59:33.302619,213107,84.48,84.45,100,756,-51,762
1053,EW,2020-12-02,0 days 15:59:46.302407,213107,84.48,84.42,213,200,-3337,282
1054,EW,2020-12-02,0 days 15:59:47.304104,212965,84.49,84.45,100,225,142,-3337
1055,EXK,2020-12-02,0 days 15:59:36.301869,18677,3.71,3.7,113675,4100,-5903,9197
1056,EXK,2020-12-02,0 days 15:59:41.302116,18080,3.71,3.7,137175,4100,197,-1003
1057,FCX,2020-12-02,0 days 15:59:50.268968,867098,24.11,24.1,15502,4797,-110683,16617
1058,FE,2020-12-02,0 days 15:59:40.224441,409446,27.32,27.31,4500,1400,-5646,33554
1059,FE,2020-12-02,0 days 15:59:50.227702,397561,27.31,27.3,897,3800,16985,-6915
1060,FE,2020-12-02,0 days 15:59:52.221866,409446,27.32,27.31,1300,1800,-10910,5822
1061,FEAC,2020-12-02,0 days 15:56:42.241445,16995,15.65,15.6,700,1100,1149,-1651
1062,FEAC,2020-12-02,0 days 15:59:46.246911,18446,15.68,15.64,500,700,-986,834
1063,FEAC,2020-12-02,0 days 15:59:47.245859,17832,15.68,15.6,100,200,614,-986
1064,FHN,2020-12-02,0 days 15:59:08.265174,299269,12.85,12.84,10850,18205,2351,-6249
1065,FHN,2020-12-02,0 days 15:59:33.264536,305816,12.85,12.84,2407,25730,-12005,6309
1066,FHN,2020-12-02,0 days 15:59:34.262452,304221,12.85,12.84,2407,31330,1595,-12005
1067,FHN,2020-12-02,0 days 15:59:46.264532,305816,12.85,12.84,19989,15551,-3099,1289
1068,FHN,2020-12-02,0 days 15:59:47.263483,304915,12.85,12.84,22384,9335,901,-3099
1069,FIS,2020-12-02,0 days 15:59:16.125025,773946,148.99,148.92,534,100,-130078,172835
1070,FIT,2020-12-02,0 days 15:55:00.254866,183911,7.24,7.23,17196,46018,16879,-62873
1071,FIT,2020-12-02,0 days 15:59:06.261281,220074,7.24,7.23,37807,50853,-13863,1489
1072,FL,2020-12-02,0 days 15:55:00.117701,115088,39.41,39.39,1213,100,10961,-844
1073,FL,2020-12-02,0 days 15:55:01.119549,114849,39.4,39.39,200,100,-39,10961
1074,FL,2020-12-02,0 days 15:55:27.119190,117935,39.41,39.4,857,285,324,-612
1075,FL,2020-12-02,0 days 15:56:14.120419,123090,39.44,39.43,105,406,-850,429
1076,FL,2020-12-02,0 days 15:56:15.119700,123040,39.44,39.43,105,406,50,-850
1077,FL,2020-12-02,0 days 15:57:17.120910,123132,39.42,39.41,406,100,-1208,492
1078,FL,2020-12-02,0 days 15:57:20.121407,124140,39.42,39.4,727,673,2892,-108
1079,FL,2020-12-02,0 days 15:57:40.121130,125847,39.43,39.42,437,365,-793,107
1080,FL,2020-12-02,0 days 15:57:44.121397,126015,39.43,39.42,500,300,-525,175
1081,FL,2020-12-02,0 days 15:57:51.121307,126015,39.43,39.42,200,700,-1225,75
1082,FL,2020-12-02,0 days 15:58:16.123454,129256,39.44,39.43,1009,400,-3339,161
1083,FL,2020-12-02,0 days 15:58:18.123549,128895,39.43,39.42,1011,100,361,-239
1084,FL,2020-12-02,0 days 15:59:07.126752,128260,39.41,39.4,420,600,-3725,567
1085,FL,2020-12-02,0 days 15:59:08.127309,125585,39.41,39.4,420,400,132,-3725
1086,FL,2020-12-02,0 days 15:59:33.125339,147511,39.43,39.42,700,100,848,-426
1087,FL,2020-12-02,0 days 15:59:36.126499,148359,39.43,39.42,500,100,-130,948
1088,FL,2020-12-02,0 days 15:59:44.125152,147785,39.43,39.42,300,100,574,-1126
1089,FLR,2020-12-02,0 days 15:56:40.251602,100096,17.69,17.68,1500,200,27765,-1201
1090,FLR,2020-12-02,0 days 15:58:01.252130,133099,17.68,17.67,2522,2364,-398,1534
1091,FLR,2020-12-02,0 days 15:58:02.250394,130497,17.68,17.67,3402,1764,2802,-398
1092,FLR,2020-12-02,0 days 15:59:34.245433,137749,17.7,17.69,1100,800,-258,1461
1093,FLR,2020-12-02,0 days 15:59:44.245062,136989,17.69,17.67,1529,1500,760,-2140
1094,FLR,2020-12-02,0 days 15:59:46.246617,139249,17.69,17.68,1669,100,-1753,760
1095,FNB,2020-12-02,0 days 15:57:41.249205,370976,9.15,9.14,15148,22410,5210,-11790
1096,FNB,2020-12-02,0 days 15:57:42.249563,355886,9.15,9.14,14837,21130,-15090,5210
1097,FNB,2020-12-02,0 days 15:59:05.251952,372024,9.15,9.14,5675,32238,11165,-8522
1098,FNB,2020-12-02,0 days 15:59:06.252529,362289,9.15,9.14,4475,35338,-9735,11165
1099,FNB,2020-12-02,0 days 15:59:18.245803,372842,9.16,9.15,8100,30249,17191,-1001
1100,FNB,2020-12-02,0 days 15:59:43.245786,379833,9.17,9.16,29180,12750,-2095,49
1101,FNB,2020-12-02,0 days 15:59:46.246617,382828,9.17,9.16,24980,12478,23758,-95
1102,FNB,2020-12-02,0 days 15:59:47.245789,381716,9.17,9.16,22261,21558,-22112,23758
1103,FNB,2020-12-02,0 days 15:59:48.245561,383128,9.17,9.16,19961,14248,7277,-22112
1104,FRO,2020-12-02,0 days 15:55:43.118501,73902,6.1,6.09,6679,10459,4131,-1025
1105,FRO,2020-12-02,0 days 15:55:44.118982,68233,6.1,6.09,6479,10459,-5669,4131
1106,FRO,2020-12-02,0 days 15:57:13.121046,74388,6.1,6.09,3017,10145,1545,-555
1107,FRO,2020-12-02,0 days 15:57:14.121419,70633,6.1,6.09,3017,10145,-3455,1545
1108,FRO,2020-12-02,0 days 15:59:14.125643,87183,6.11,6.1,12216,3063,4352,-678
1109,FRO,2020-12-02,0 days 15:59:15.125037,86835,6.11,6.1,12616,3163,-348,4352
1110,FRO,2020-12-02,0 days 15:59:30.129012,88007,6.11,6.1,12656,4690,2352,-472
1111,FSLY,2020-12-02,0 days 15:55:00.292828,55473,80.77,80.72,100,100,-19,8765
1112,FSLY,2020-12-02,0 days 15:55:01.292558,54192,80.8,80.71,205,100,1281,-19
1113,FSLY,2020-12-02,0 days 15:57:44.297424,58358,80.62,80.57,100,299,-183,317
1114,FSLY,2020-12-02,0 days 15:57:45.297695,58041,80.62,80.53,100,100,317,-183
1115,FSLY,2020-12-02,0 days 15:57:56.297652,60058,80.61,80.54,100,207,-683,117
1116,FSLY,2020-12-02,0 days 15:57:57.298562,59641,80.61,80.54,100,207,417,-683
1117,FSLY,2020-12-02,0 days 15:58:57.300389,61065,80.57,80.41,300,1200,-371,6
1118,FSLY,2020-12-02,0 days 15:59:06.300829,61100,80.56,80.49,300,100,-322,300
1119,FSLY,2020-12-02,0 days 15:59:07.301458,60822,80.56,80.49,300,100,278,-322
1120,FSLY,2020-12-02,0 days 15:59:13.301349,61100,80.56,80.49,523,100,-15773,253
1121,FSLY,2020-12-02,0 days 15:59:39.301529,79537,80.46,80.35,100,200,735,-13652
1122,FSLY,2020-12-02,0 days 15:59:40.301623,78772,80.46,80.35,100,200,-765,735
1123,FSLY,2020-12-02,0 days 15:59:47.303872,81407,80.44,80.3,100,352,157,-843
1124,FSLY,2020-12-02,0 days 15:59:48.295107,80664,80.4,80.3,100,252,-743,157
1125,FSM,2020-12-02,0 days 15:59:00.268794,18613,6.83,6.82,8213,40010,-5893,3136
1126,FSM,2020-12-02,0 days 15:59:13.265868,20706,6.83,6.82,36760,13824,3506,-1943
1127,FSM,2020-12-02,0 days 15:59:36.264027,25912,6.83,6.82,50885,421,-494,3506
1128,FSR,2020-12-02,0 days 15:55:00.245580,21268,17.28,17.27,4864,1500,-18276,6301
1129,FTCH,2020-12-02,0 days 15:56:16.250961,166328,55.99,55.95,1159,701,3508,-1692
1130,FTCH,2020-12-02,0 days 15:59:02.252265,177323,55.96,55.95,288,994,-5795,5186
1131,FTCH,2020-12-02,0 days 15:59:03.251589,183118,55.96,55.95,188,1201,4405,-5795
1132,FTCH,2020-12-02,0 days 15:59:50.248708,182122,55.96,55.94,800,700,-2544,5256
1133,FTI,2020-12-02,0 days 15:55:00.256411,355486,9.1,9.09,29828,13900,41774,-3696
1134,FUBO,2020-12-02,0 days 15:56:38.257863,223147,27.41,27.3,866,100,125,-275
1135,FUBO,2020-12-02,0 days 15:56:39.258530,222572,27.41,27.3,866,100,-575,125
1136,FUBO,2020-12-02,0 days 15:59:06.265857,231505,27.46,27.4,3900,200,1360,-903
1137,FUBO,2020-12-02,0 days 15:59:07.265867,230565,27.5,27.41,2332,100,-940,1360
1138,FUBO,2020-12-02,0 days 15:59:08.265339,227841,27.5,27.41,7332,200,2724,-940
1139,FUBO,2020-12-02,0 days 15:59:09.266484,227441,27.49,27.41,500,200,-400,2724
1140,FUBO,2020-12-02,0 days 15:59:40.264981,228442,27.5,27.44,2332,119,-3667,1205
1141,FUBO,2020-12-02,0 days 15:59:48.264303,228044,27.5,27.4,6332,229,-3165,1090
1142,FUBO,2020-12-02,0 days 15:59:49.265357,228309,27.47,27.19,200,100,4790,-3165
1143,GEO,2020-12-02,0 days 15:59:02.225703,135394,9.68,9.66,6041,3002,10684,-4418
1144,GEO,2020-12-02,0 days 15:59:03.223917,134243,9.68,9.66,5867,3002,-1151,10684
1145,GEO,2020-12-02,0 days 15:59:48.223127,138779,9.68,9.67,4326,1413,-650,1850
1146,GES,2020-12-02,0 days 15:57:13.121535,91908,16.86,16.85,206,200,2001,-1086
1147,GES,2020-12-02,0 days 15:57:14.121820,91209,16.86,16.85,206,500,-699,2001
1148,GES,2020-12-02,0 days 15:58:29.123957,91927,16.89,16.88,469,401,686,-214
1149,GES,2020-12-02,0 days 15:58:30.124573,91013,16.89,16.88,469,808,-814,686
1150,GES,2020-12-02,0 days 15:59:04.126403,91827,16.89,16.86,500,100,2235,-693
1151,GFI,2020-12-02,0 days 15:51:32.254441,35408,9.27,9.26,20531,22704,5359,-1841
1152,GFI,2020-12-02,0 days 15:59:30.265457,164175,9.25,9.24,27158,31713,-3586,7677
1153,GFI,2020-12-02,0 days 15:59:48.264226,171664,9.25,9.24,62586,5100,3611,-3462
1154,GFI,2020-12-02,0 days 15:59:50.269448,158975,9.25,9.24,64777,6100,-11962,9111
1155,GFL,2020-12-02,0 days 15:55:54.295846,464114,27.69,27.67,1000,400,-454,2046
1156,GFL,2020-12-02,0 days 15:55:57.295846,464568,27.69,27.67,400,1200,246,-454
1157,GFL,2020-12-02,0 days 15:55:58.296047,464214,27.7,27.68,1200,500,-354,246
1158,GFL,2020-12-02,0 days 15:59:11.301201,485122,27.74,27.72,378,800,-830,1770
1159,GFL,2020-12-02,0 days 15:59:14.301228,485952,27.74,27.72,301,200,470,-830
1160,GFL,2020-12-02,0 days 15:59:15.303454,485822,27.74,27.72,506,300,-130,470
1161,GFL,2020-12-02,0 days 15:59:38.302202,489651,27.75,27.72,500,800,354,-246
1162,GFL,2020-12-02,0 days 15:59:39.301733,488805,27.75,27.72,400,1400,-846,354
1163,GGB,2020-12-02,0 days 15:55:00.293952,41752,4.49,4.48,25921,189510,5134,-6341
1164,GGB,2020-12-02,0 days 15:56:57.297049,46886,4.49,4.48,170011,157530,-433,2567
1165,GGB,2020-12-02,0 days 15:59:36.301850,68531,4.48,4.47,347211,209927,-3160,12740
1166,GIS,2020-12-02,0 days 15:55:01.234143,352054,60.17,60.15,1644,998,-851,977
1167,GIS,2020-12-02,0 days 15:56:07.235824,356453,60.18,60.16,1010,1499,-494,3234
1168,GIS,2020-12-02,0 days 15:56:22.236739,357368,60.21,60.2,800,900,452,-1955
1169,GIS,2020-12-02,0 days 15:56:23.236970,355792,60.21,60.2,1100,600,-1576,452
1170,GIS,2020-12-02,0 days 15:57:36.239500,363497,60.22,60.21,500,1101,3387,-4541
1171,GIS,2020-12-02,0 days 15:57:41.239736,364156,60.23,60.22,1028,300,-541,87
1172,GIS,2020-12-02,0 days 15:57:48.239658,366697,60.23,60.22,1228,405,287,-2441
1173,GIS,2020-12-02,0 days 15:57:49.239697,364756,60.23,60.22,1528,705,-1941,287
1174,GIS,2020-12-02,0 days 15:59:01.243601,362460,60.23,60.22,376,1100,21329,-7752
1175,GIS,2020-12-02,0 days 15:59:02.244592,361011,60.24,60.22,1100,1301,-7449,21329
1176,GIS,2020-12-02,0 days 15:59:43.245248,388338,60.21,60.2,734,443,2673,-269
1177,GIS,2020-12-02,0 days 15:59:47.245986,393548,60.25,60.22,1600,1736,-7606,2290
1178,GIS,2020-12-02,0 days 15:59:48.245940,401354,60.24,60.22,700,500,2481,-7606
1179,GIS,2020-12-02,0 days 15:59:50.249328,400934,60.23,60.21,1100,300,-220,1508
1180,GLW,2020-12-02,0 days 15:59:05.223233,665084,37.86,37.85,4106,1510,-21741,70940
1181,GLW,2020-12-02,0 days 15:59:11.223065,665508,37.85,37.84,3218,2367,76,-324
1182,GLW,2020-12-02,0 days 15:59:15.223516,665584,37.85,37.84,5865,1678,-301134,76
1183,GM,2020-12-02,0 days 15:59:05.265308,1322346,44.45,44.44,2327,4885,9369,-248809
1184,GM,2020-12-02,0 days 15:59:45.264720,1583212,44.54,44.53,4468,5536,-17315,970
1185,GM,2020-12-02,0 days 15:59:46.264419,1577427,44.54,44.53,368,5300,39565,-17315
1186,GM,2020-12-02,0 days 15:59:48.263923,1616592,44.56,44.55,3400,5000,-4918,39565
1187,GM,2020-12-02,0 days 15:59:49.265124,1610110,44.56,44.55,3600,4300,6482,-4918
1188,GME,2020-12-02,0 days 15:51:05.245565,146022,16.65,16.64,100,702,1740,-50
1189,GME,2020-12-02,0 days 15:58:56.264507,180171,16.57,16.55,600,1200,3239,-761
1190,GNW,2020-12-02,0 days 15:55:00.257244,223540,4.67,4.66,17622,10577,33099,-2010
1191,GNW,2020-12-02,0 days 15:55:41.259993,232809,4.67,4.66,20290,13735,-7281,3568
1192,GNW,2020-12-02,0 days 15:56:28.260351,249190,4.66,4.65,22459,14011,5919,-2981
1193,GNW,2020-12-02,0 days 15:56:29.259710,247009,4.66,4.65,19583,13511,-2181,5919
1194,GNW,2020-12-02,0 days 15:59:34.266222,277676,4.66,4.65,15283,25245,1345,-5792
1195,GNW,2020-12-02,0 days 15:59:36.266627,275721,4.66,4.65,19599,18893,-1955,6345
1196,GOLD,2020-12-02,0 days 15:57:11.262728,281141,24.0,23.99,42547,20701,2015,-15585
1197,GOLD,2020-12-02,0 days 15:57:12.262632,267156,24.0,23.99,43570,20701,-13985,2015
1198,GOLD,2020-12-02,0 days 15:59:38.266427,283268,23.98,23.97,26512,72296,-5005,1395
1199,GOLD,2020-12-02,0 days 15:59:45.268033,288273,23.97,23.96,52635,28976,1395,-5005
1200,GOLD,2020-12-02,0 days 15:59:46.270782,289668,23.97,23.96,56435,24197,-7105,1395
1201,GPS,2020-12-02,0 days 15:55:41.255788,331385,20.91,20.9,2561,6395,3048,-5844
1202,GPS,2020-12-02,0 days 15:56:21.256600,332663,20.91,20.9,5962,3100,4118,-16182
1203,GPS,2020-12-02,0 days 15:58:08.258083,350814,20.91,20.9,6481,3000,7784,-5400
1204,GS,2020-12-02,0 days 15:55:01.254443,314352,237.79,237.73,900,100,3839,-42558
1205,GS,2020-12-02,0 days 15:55:02.254634,314091,237.82,237.75,200,100,-218,3839
1206,GS,2020-12-02,0 days 15:55:40.256305,315771,237.83,237.77,500,178,90,-1543
1207,GS,2020-12-02,0 days 15:56:06.255454,317714,237.84,237.81,106,944,-44521,1876
1208,GS,2020-12-02,0 days 15:56:11.256711,315838,237.81,237.77,956,359,36676,-33721
1209,GS,2020-12-02,0 days 15:56:17.255926,318714,237.85,237.81,170,300,-43534,2863
1210,GS,2020-12-02,0 days 15:58:14.261355,316494,237.71,237.68,100,146,-220,2598
1211,GS,2020-12-02,0 days 15:58:18.262587,316729,237.77,237.68,116,100,2665,-120
1212,GS,2020-12-02,0 days 15:58:19.262427,316594,237.77,237.7,116,105,-135,2665
1213,GS,2020-12-02,0 days 15:58:21.262534,316815,237.81,237.74,300,100,1879,-221
1214,GS,2020-12-02,0 days 15:58:22.262539,316694,237.73,237.7,300,205,-121,1879
1215,GS,2020-12-02,0 days 15:58:24.262391,316772,237.73,237.7,800,115,4622,-35
1216,GS,2020-12-02,0 days 15:58:25.262030,316694,237.73,237.7,900,315,-35,4622
1217,GS,2020-12-02,0 days 15:58:26.262782,316772,237.73,237.67,700,281,2122,-35
1218,GS,2020-12-02,0 days 15:58:27.261748,316694,237.73,237.68,700,100,-35,2122
1219,GS,2020-12-02,0 days 15:58:37.262633,313868,237.72,237.69,382,200,2726,-35
1220,GS,2020-12-02,0 days 15:58:40.262035,316294,237.72,237.68,100,100,-1946,2426
1221,GS,2020-12-02,0 days 15:58:41.261641,316082,237.71,237.68,100,300,212,-1946
1222,GS,2020-12-02,0 days 15:59:06.265129,323641,237.59,237.54,200,200,-1331,471
1223,GS,2020-12-02,0 days 15:59:13.265558,319403,237.72,237.59,622,200,2599,-141
1224,GS,2020-12-02,0 days 15:59:14.265356,321164,237.72,237.61,200,200,-1739,2599
1225,GS,2020-12-02,0 days 15:59:15.263240,321071,237.72,237.61,200,100,93,-1739
1226,GS,2020-12-02,0 days 15:59:16.262048,321164,237.72,237.57,200,100,-537,93
1227,GS,2020-12-02,0 days 15:59:17.261413,321001,237.72,237.57,200,100,163,-537
1228,GS,2020-12-02,0 days 15:59:18.261919,321164,237.72,237.59,200,145,-379,163
1229,GS,2020-12-02,0 days 15:59:19.261265,321043,237.61,237.59,160,134,121,-379
1230,GS,2020-12-02,0 days 15:59:31.262423,321164,237.67,237.57,150,1009,-6037,6762
1231,GS,2020-12-02,0 days 15:59:33.264310,321781,237.59,237.51,500,400,6639,-802
1232,GS,2020-12-02,0 days 15:59:34.262278,321164,237.71,237.58,711,300,-6302,6639
1233,GS,2020-12-02,0 days 15:59:37.262170,321923,237.59,237.51,781,813,6497,-102
1234,GS,2020-12-02,0 days 15:59:40.264557,321164,237.65,237.6,100,1550,-3444,297
1235,GS,2020-12-02,0 days 15:59:46.264304,322608,237.74,237.62,750,800,1135,-1444
1236,GS,2020-12-02,0 days 16:00:00.263874,325943,237.84,237.45,300,131,-1721,277
1237,GSK,2020-12-02,0 days 15:55:00.257887,25442,37.47,37.46,6100,1932,9530,-165
1238,GSK,2020-12-02,0 days 15:59:05.265786,122574,37.48,37.47,6520,3766,-6372,550
