,Symbol,Timestamp,TIME,iPaired,Ask_P,Bid_P,Ask_S,Bid_S,iShares,PreviShares
0,AA,2020-06-26,0 days 15:50:00.582949,10370948,10.93,10.91,580,2400,30376,-101554
1,AA,2020-06-26,0 days 15:50:01.585055,10401324,10.94,10.93,1914,3700,-101554,30376
2,AA,2020-06-26,0 days 15:55:00.308653,11159870,10.93,10.92,9184,11538,303790,-101554
3,AA,2020-06-26,0 days 15:55:01.309953,10939510,10.95,10.94,8100,16038,-529690,303790
4,AA,2020-06-26,0 days 15:55:39.402971,11469200,10.95,10.94,12547,16009,156521,-39467
5,AA,2020-06-26,0 days 15:55:40.405180,11457421,10.95,10.94,13047,16009,-11779,156521
6,AA,2020-06-26,0 days 15:56:33.534336,11442539,10.95,10.94,8100,18429,-85898,46032
7,AA,2020-06-26,0 days 15:57:12.626745,11530447,10.95,10.94,16050,9545,81148,-10498
8,AA,2020-06-26,0 days 15:57:13.629152,11527595,10.95,10.94,13650,5624,-2852,81148
9,AA,2020-06-26,0 days 15:58:04.752468,11842861,10.93,10.92,20040,4807,213434,-556819
10,AA,2020-06-26,0 days 15:58:58.881346,11850978,10.93,10.92,23447,3629,-7410,188890
11,AA,2020-06-26,0 days 15:59:06.905998,11881481,10.93,10.92,21841,9352,171997,-12403
12,AA,2020-06-26,0 days 15:59:35.974892,12370404,10.94,10.93,18777,10300,-138205,637683
13,AA,2020-06-26,0 days 15:59:36.977739,12002721,10.93,10.92,30997,4904,768783,-138205
14,AA,2020-06-26,0 days 15:59:40.987064,12025383,10.93,10.92,26567,2104,870221,-350535
15,AA,2020-06-26,0 days 15:59:41.989173,12365372,10.96,10.95,8171,13788,-589742,870221
16,AA,2020-06-26,0 days 15:59:42.991031,11888145,10.92,10.91,14064,3500,1045552,-589742
17,AA,2020-06-26,0 days 15:59:43.993840,12417897,10.95,10.94,2329,18661,-315296,1045552
18,AA,2020-06-26,0 days 15:59:44.994788,11882041,10.92,10.91,11320,5643,1064781,-315296
19,ABB,2020-06-26,0 days 15:59:07.750500,31891,21.73,21.72,16597,37764,-6344,1438
20,ABBV,2020-06-26,0 days 15:59:49.901421,4316905,96.24,96.23,7931,400,-50382,12539
21,ABBV,2020-06-26,0 days 15:59:50.905076,4316521,96.19,96.16,300,122,28673,-50382
22,ABEV,2020-06-26,0 days 15:55:00.264599,152165,2.58,2.57,483500,165377,-114227,28826
23,ABR,2020-06-26,0 days 15:57:04.559165,9828663,9.28,9.27,5833,1000,-78971,248645
24,ABR,2020-06-26,0 days 15:57:05.561255,9820034,9.27,9.26,2734,3800,8629,-78971
25,ABR,2020-06-26,0 days 15:59:58.979790,10272320,9.28,9.27,2033,17504,-199333,40683
26,ABT,2020-06-26,0 days 15:55:00.264420,1562299,88.76,88.74,100,300,111460,-82759
27,ABT,2020-06-26,0 days 15:58:33.779253,1788493,88.7,88.65,1848,600,-171532,157168
28,ABT,2020-06-26,0 days 15:59:32.926146,1997435,88.63,88.62,200,770,705,-41385
29,ABT,2020-06-26,0 days 15:59:33.927903,1957867,88.66,88.65,834,175,-40475,705
30,ABT,2020-06-26,0 days 15:59:34.931973,1997435,88.6,88.56,490,1507,14615,-40475
31,ABT,2020-06-26,0 days 15:59:37.937550,1996383,88.57,88.54,1563,713,-1016,54384
32,ABT,2020-06-26,0 days 15:59:40.947027,1998149,88.52,88.51,196,900,6069,-33111
33,ABT,2020-06-26,0 days 15:59:41.948021,1964638,88.58,88.55,545,1400,-33511,6069
34,ABT,2020-06-26,0 days 15:59:43.952749,1998149,88.51,88.49,345,400,842,-24851
35,ABT,2020-06-26,0 days 15:59:45.957761,1972439,88.6,88.56,532,433,-25910,14570
36,ABT,2020-06-26,0 days 15:59:48.964354,1998685,88.67,88.64,400,493,29998,-90646
37,ABT,2020-06-26,0 days 15:59:56.967438,1965887,88.68,88.61,1679,100,-33705,56786
38,ACN,2020-06-26,0 days 15:59:12.756047,967346,212.7,212.55,125,100,18092,-25658
39,ACN,2020-06-26,0 days 15:59:13.759001,963738,212.79,212.76,125,200,-23316,18092
40,ACN,2020-06-26,0 days 15:59:14.761542,967246,212.71,212.7,100,1272,19672,-23316
41,ACN,2020-06-26,0 days 15:59:15.763223,962638,212.76,212.73,100,100,-12808,19672
42,ACN,2020-06-26,0 days 15:59:16.766023,966646,212.76,212.73,207,125,9472,-12808
43,ACN,2020-06-26,0 days 15:59:17.768173,963969,212.82,212.77,400,125,-5818,9472
44,ACN,2020-06-26,0 days 15:59:21.777198,977984,212.84,212.78,500,125,8272,-14319
45,ACN,2020-06-26,0 days 15:59:22.780382,973656,212.84,212.77,673,617,-5128,8272
46,ACN,2020-06-26,0 days 15:59:25.788121,978084,212.83,212.82,100,284,6272,-16036
47,ACN,2020-06-26,0 days 15:59:26.790253,976056,212.98,212.83,100,125,-13636,6272
48,ACN,2020-06-26,0 days 15:59:30.805701,978784,212.81,212.75,300,100,7555,-3579
49,ACN,2020-06-26,0 days 15:59:41.831184,972814,212.66,212.56,946,100,2911,-7614
50,ADM,2020-06-26,0 days 15:57:04.463878,1596599,38.92,38.91,4330,1740,15941,-53164
51,ADM,2020-06-26,0 days 15:57:05.467954,1578662,38.95,38.94,1100,765,-17937,15941
52,ADM,2020-06-26,0 days 15:57:46.545185,1594059,38.9,38.88,1500,2879,-4990,4210
53,AEO,2020-06-26,0 days 15:55:04.256351,976221,10.59,10.58,3235,3911,-30754,41653
54,AEO,2020-06-26,0 days 15:55:05.259042,965275,10.59,10.58,4635,2450,10946,-30754
55,AEO,2020-06-26,0 days 15:55:51.370716,1005966,10.56,10.55,11490,715,-368,732
56,AEO,2020-06-26,0 days 15:59:17.867839,1204654,10.54,10.53,3326,13990,-48754,81201
57,AEO,2020-06-26,0 days 15:59:18.871807,1195008,10.54,10.53,8591,12526,9646,-48754
58,AEP,2020-06-26,0 days 15:58:42.800057,873112,77.81,77.8,1500,400,116,-115607
59,AEP,2020-06-26,0 days 15:58:43.803162,866778,77.92,77.9,600,400,-16834,116
60,AEP,2020-06-26,0 days 15:59:02.850942,883699,77.9,77.89,300,1110,4412,-79238
61,AEP,2020-06-26,0 days 15:59:03.853560,873606,77.95,77.93,854,900,-9698,4412
62,AEP,2020-06-26,0 days 15:59:06.860074,901904,77.96,77.95,100,800,19798,-20587
63,AEP,2020-06-26,0 days 15:59:09.869527,919340,77.94,77.93,450,100,-74664,17298
64,AEP,2020-06-26,0 days 15:59:12.875776,893804,77.97,77.95,300,800,21736,-73964
65,AEP,2020-06-26,0 days 15:59:17.886849,897806,78.0,77.98,100,800,8636,-7087
66,AEP,2020-06-26,0 days 15:59:30.924206,1006758,77.98,77.97,1201,700,656,-1444
67,AEP,2020-06-26,0 days 15:59:31.923667,1006714,78.0,77.99,650,200,-44,656
68,AEP,2020-06-26,0 days 15:59:40.947580,1012845,77.98,77.96,300,1414,904,-3157
69,AEP,2020-06-26,0 days 15:59:43.952943,1009836,77.98,77.96,200,2222,-3109,7391
70,AEP,2020-06-26,0 days 15:59:44.956740,1012945,78.01,77.98,616,300,783,-3109
71,AEP,2020-06-26,0 days 15:59:45.958042,1015874,78.02,78.0,300,400,-5070,783
72,AEP,2020-06-26,0 days 15:59:47.965558,1026495,78.02,78.0,500,400,11408,-17629
73,AES,2020-06-26,0 days 15:56:41.409205,2191692,13.72,13.71,15334,13210,-10378,9622
74,AES,2020-06-26,0 days 15:57:04.463740,2225791,13.72,13.71,23343,8623,124842,-865
75,AES,2020-06-26,0 days 15:57:51.558269,2235293,13.76,13.75,19841,14894,10823,-13277
76,AES,2020-06-26,0 days 15:57:52.559097,2222016,13.76,13.75,19841,16594,-13277,10823
77,AES,2020-06-26,0 days 15:59:14.761893,2327967,13.76,13.75,14492,36171,-11951,36328
78,AFL,2020-06-26,0 days 15:55:00.482391,1638387,34.66,34.65,143,1903,45485,-109978
79,AFL,2020-06-26,0 days 15:55:37.573686,1677172,34.7,34.69,200,4385,-18367,2707
80,AFL,2020-06-26,0 days 15:55:38.575038,1676439,34.7,34.69,800,4394,733,-18367
81,AFL,2020-06-26,0 days 15:55:41.583753,1677172,34.71,34.7,2321,2422,-995,733
82,AFL,2020-06-26,0 days 15:55:42.585310,1676567,34.71,34.7,2535,2753,605,-995
83,AFL,2020-06-26,0 days 15:55:49.601792,1674072,34.73,34.72,357,2608,-2595,605
84,AFL,2020-06-26,0 days 15:56:03.635266,1674242,34.72,34.71,1502,1633,-13791,175
85,AFL,2020-06-26,0 days 15:56:22.680239,1699218,34.71,34.7,2502,300,-2208,1192
86,AFL,2020-06-26,0 days 15:57:04.783445,1709029,34.71,34.7,1400,1913,121935,-4715
87,AFL,2020-06-26,0 days 15:59:06.073906,1840064,34.68,34.67,873,1875,2958,-18493
88,AFL,2020-06-26,0 days 15:59:30.145910,1839764,34.69,34.68,1100,780,4115,-18585
89,AFL,2020-06-26,0 days 15:59:42.160074,1844807,34.7,34.69,1831,1649,1262,-21838
90,AGI,2020-06-26,0 days 15:55:00.199697,12400,8.72,8.71,26163,25078,3556,-5378
91,AGI,2020-06-26,0 days 15:59:08.800040,17106,8.73,8.72,8951,38418,-140,1252
92,AHT,2020-06-26,0 days 15:59:30.903114,8191505,0.68,0.67,100,1205,137735,-472772
93,AHT,2020-06-26,0 days 15:59:37.915040,7934001,0.68,0.67,100,3400,-257504,137735
94,AHT,2020-06-26,0 days 15:59:47.942213,8191505,0.68,0.67,1935,1700,137735,-257504
95,AHT,2020-06-26,0 days 15:59:50.947591,8002046,0.69,0.67,150,5700,-189459,224090
96,AIG,2020-06-26,0 days 15:56:03.303257,1921272,29.77,29.76,400,900,37402,-12332
97,AIG,2020-06-26,0 days 15:56:04.305225,1918235,29.78,29.77,2275,100,-2237,37402
98,AIG,2020-06-26,0 days 15:56:21.348095,1921272,29.76,29.75,2536,500,21834,-4845
99,AIG,2020-06-26,0 days 15:56:22.349329,1918367,29.76,29.75,300,1501,-2105,21834
100,AIG,2020-06-26,0 days 15:56:26.360104,1920072,29.74,29.73,1826,900,6429,-1771
101,AIG,2020-06-26,0 days 15:56:27.361919,1918120,29.74,29.73,1800,1101,-1952,6429
102,AIG,2020-06-26,0 days 15:56:51.434105,1920094,29.74,29.72,1801,2000,5173,-3027
103,AIG,2020-06-26,0 days 15:57:12.483247,1926132,29.73,29.72,3580,480,-1379,6121
104,AIG,2020-06-26,0 days 15:57:31.510040,1926132,29.71,29.7,3561,409,-13179,6621
105,AIG,2020-06-26,0 days 15:57:44.540226,1960632,29.72,29.71,403,2300,-4947,8853
106,AIG,2020-06-26,0 days 15:58:07.596229,1960732,29.71,29.7,4832,1043,-4937,2263
107,AIG,2020-06-26,0 days 15:58:08.598712,1942569,29.69,29.68,3203,1450,18163,-4937
108,AIG,2020-06-26,0 days 15:58:19.624782,1941432,29.68,29.67,6838,3533,-343,457
109,AIG,2020-06-26,0 days 15:58:46.691699,1950493,29.7,29.69,2427,2487,1587,-2613
110,AIG,2020-06-26,0 days 15:58:47.693715,1950080,29.7,29.69,3227,2187,-413,1587
111,AIG,2020-06-26,0 days 15:59:00.728264,1951210,29.69,29.68,1500,1828,2060,-204
112,AIG,2020-06-26,0 days 15:59:07.751051,1974413,29.71,29.7,1630,1700,920,-49423
113,AIG,2020-06-26,0 days 15:59:22.780996,2035621,29.73,29.72,18955,127,234,-2997
114,AIG,2020-06-26,0 days 15:59:23.782557,2036255,29.73,29.72,18192,1344,-14431,234
115,AIG,2020-06-26,0 days 15:59:27.792568,2051543,29.73,29.72,17190,950,1474,-2388
116,ALK,2020-06-26,0 days 15:55:01.200217,593371,34.32,34.31,907,384,860,-24840
117,ALK,2020-06-26,0 days 15:55:09.219702,594030,34.43,34.39,400,396,-702,59
118,ALK,2020-06-26,0 days 15:55:10.222037,593332,34.43,34.41,400,200,698,-702
119,ALK,2020-06-26,0 days 15:55:34.280757,594030,34.44,34.43,388,440,-2,198
120,ALK,2020-06-26,0 days 15:55:35.283134,593532,34.44,34.43,288,640,498,-2
121,ALK,2020-06-26,0 days 15:57:04.498903,596875,34.33,34.31,1898,445,-638,846
122,ALK,2020-06-26,0 days 15:57:05.501237,598121,34.33,34.32,1858,300,46376,-638
123,ALK,2020-06-26,0 days 15:57:34.570789,643497,34.32,34.31,610,200,-2682,2118
124,ALK,2020-06-26,0 days 15:57:35.572630,640281,34.31,34.29,800,403,3216,-2682
125,ALK,2020-06-26,0 days 15:57:52.612487,643497,34.32,34.31,700,303,-2841,2959
126,ALK,2020-06-26,0 days 15:57:53.615521,640238,34.32,34.31,1036,303,3259,-2841
127,ALK,2020-06-26,0 days 15:58:05.645358,643497,34.32,34.31,502,500,-5209,2559
128,ALK,2020-06-26,0 days 15:58:06.647776,640306,34.32,34.31,702,500,5446,-5209
129,ALK,2020-06-26,0 days 15:58:33.714401,645769,34.32,34.31,572,424,-3926,374
130,ALK,2020-06-26,0 days 15:58:34.714977,642895,34.33,34.32,537,400,2874,-3926
131,ALK,2020-06-26,0 days 15:58:37.723471,642201,34.32,34.31,402,546,-594,2874
132,ALK,2020-06-26,0 days 15:58:38.725076,639695,34.32,34.31,482,352,2506,-594
133,ALK,2020-06-26,0 days 15:58:58.774247,657497,34.31,34.3,418,200,-9,22463
134,ALK,2020-06-26,0 days 15:59:03.787350,639466,34.33,34.31,533,400,2624,-8808
135,ALK,2020-06-26,0 days 15:59:16.820247,646091,34.34,34.33,200,100,-31975,79
136,ALK,2020-06-26,0 days 15:59:55.916549,670864,34.32,34.3,200,200,15253,-21445
137,ALK,2020-06-26,0 days 16:00:00.927035,670864,34.32,34.29,13961,63301,15253,-21445
138,ALLY,2020-06-26,0 days 15:58:57.818675,1354107,18.86,18.85,19512,1362,-6116,2542
139,ALLY,2020-06-26,0 days 15:58:58.821456,1349423,18.86,18.85,23143,1362,4684,-6116
140,ALLY,2020-06-26,0 days 15:59:15.866637,1378406,18.86,18.85,17638,2402,2394,-12598
141,AMCR,2020-06-26,0 days 15:59:05.072018,52261539,9.68,9.67,17733,39253,-187850,140335
142,AMCR,2020-06-26,0 days 15:59:06.073945,51939589,9.66,9.65,43961,40447,321950,-187850
143,AMCR,2020-06-26,0 days 15:59:43.162405,53159053,9.66,9.65,70105,1614,247090,-477555
144,AMCR,2020-06-26,0 days 15:59:44.163855,53406143,9.66,9.65,59355,8514,-44086,247090
145,AMCR,2020-06-26,0 days 15:59:46.169786,53402276,9.66,9.65,61078,200,3867,-54242
146,AMCR,2020-06-26,0 days 15:59:53.188377,54286285,9.67,9.66,2060,43227,-433505,485666
147,AMH,2020-06-26,0 days 15:55:00.109982,1460236,27.0,26.99,300,800,206409,-11669
148,AMH,2020-06-26,0 days 15:59:08.707231,1827117,26.95,26.94,1580,1100,-120231,4360
149,AMH,2020-06-26,0 days 15:59:09.710146,1811248,26.93,26.92,598,3794,27569,-120231
150,AMH,2020-06-26,0 days 15:59:10.711663,1827117,26.96,26.95,600,3300,-31,27569
151,AMH,2020-06-26,0 days 15:59:18.731335,1831580,26.93,26.92,4736,593,12290,-39810
152,AMT,2020-06-26,0 days 15:59:43.837108,1018085,244.34,244.02,914,635,1632,-28305
153,AMT,2020-06-26,0 days 15:59:44.841211,1009934,247.0,244.96,125,200,-63923,1632
154,AMT,2020-06-26,0 days 15:59:56.865708,1050726,246.11,245.96,4948,100,910,-32285
155,ANF,2020-06-26,0 days 15:55:00.251113,305956,9.83,9.82,4334,3193,-24078,131381
156,ANF,2020-06-26,0 days 15:55:01.253568,296734,9.82,9.81,800,1700,9222,-24078
157,ANF,2020-06-26,0 days 15:56:28.462932,315106,9.85,9.84,4289,4117,-20336,7285
158,ANF,2020-06-26,0 days 15:56:29.463702,306142,9.84,9.83,3756,7891,8964,-20336
159,ANF,2020-06-26,0 days 15:59:44.938278,356087,9.8,9.79,5255,2600,-3210,571
160,ANF,2020-06-26,0 days 15:59:47.944172,359297,9.81,9.8,7901,3288,150,-3210
161,APG,2020-06-26,0 days 15:57:10.798897,13091330,12.24,12.23,400,400,61027,-474368
162,APG,2020-06-26,0 days 15:57:11.801144,13098957,12.25,12.24,2010,500,-262212,61027
163,APG,2020-06-26,0 days 15:57:14.807114,13013824,12.22,12.21,400,600,132033,-138206
164,APG,2020-06-26,0 days 15:57:15.809847,13073857,12.23,12.21,6927,2601,-17473,132033
165,APG,2020-06-26,0 days 15:59:24.116624,12835392,12.21,12.2,200,2962,382720,-822990
166,APG,2020-06-26,0 days 16:00:00.356535,13210626,12.27,12.2,344,25287,297061,-407772
167,APLE,2020-06-26,0 days 15:56:00.405866,676100,9.37,9.36,5241,5641,6188,-6712
168,APLE,2020-06-26,0 days 15:59:05.853374,703243,9.36,9.35,15386,12751,-895,1534
169,APLE,2020-06-26,0 days 15:59:12.871674,707963,9.35,9.34,11441,6749,-10519,161
170,APO,2020-06-26,0 days 15:59:17.868262,6432214,45.64,45.63,300,759,1289322,-271852
171,APO,2020-06-26,0 days 15:59:19.875493,7066365,46.45,46.44,848,300,-492196,501593
172,APO,2020-06-26,0 days 15:59:25.886462,7147220,46.53,46.41,802,100,221242,-412382
173,APO,2020-06-26,0 days 15:59:26.887789,7025429,46.63,46.51,100,200,-1249896,221242
174,APO,2020-06-26,0 days 15:59:30.905193,7008262,46.12,46.08,500,100,362600,-120961
175,APO,2020-06-26,0 days 15:59:35.911837,7038980,46.35,46.27,900,1200,-217678,82017
176,APO,2020-06-26,0 days 15:59:36.914408,7159920,46.33,46.31,100,200,214009,-217678
177,APO,2020-06-26,0 days 15:59:37.916709,7040872,46.38,46.36,400,310,-285019,214009
178,APO,2020-06-26,0 days 15:59:40.925455,7184050,46.32,46.2,1993,200,195417,-112083
179,APO,2020-06-26,0 days 15:59:47.944387,7037063,46.2,46.19,1004,400,387952,-198166
180,ARMK,2020-06-26,0 days 15:59:18.937209,1940132,21.62,21.6,258,500,-10503,32177
181,ARMK,2020-06-26,0 days 15:59:59.037327,2024426,21.58,21.51,8838,1000,25438,-52729
182,ATI,2020-06-26,0 days 15:56:05.405166,273992,9.36,9.35,6615,3443,-3951,4707
183,ATI,2020-06-26,0 days 15:56:06.407431,267143,9.35,9.34,3555,3415,6849,-3951
184,ATI,2020-06-26,0 days 15:58:33.761826,286517,9.34,9.33,4302,8592,-1695,5205
185,ATI,2020-06-26,0 days 15:58:34.762485,273012,9.34,9.33,6062,5009,13505,-1695
186,ATI,2020-06-26,0 days 15:59:17.867721,291628,9.34,9.33,2077,7856,-30861,5853
187,ATI,2020-06-26,0 days 15:59:18.871724,290489,9.34,9.33,1200,5004,1328,-30861
188,ATI,2020-06-26,0 days 15:59:27.890702,289717,9.36,9.35,6425,400,-772,1328
189,ATI,2020-06-26,0 days 15:59:28.894205,288689,9.36,9.35,6124,700,1028,-772
190,ATUS,2020-06-26,0 days 15:59:43.934952,1918083,22.46,22.45,3059,3689,4333,-4907
191,AU,2020-06-26,0 days 15:55:00.153712,44857,28.63,28.62,188,1714,-1196,1710
192,AU,2020-06-26,0 days 15:58:50.700745,50106,28.71,28.7,6248,200,776,-859
193,AU,2020-06-26,0 days 15:58:51.702666,48982,28.71,28.7,6148,200,-1124,776
194,AU,2020-06-26,0 days 15:59:05.739291,54107,28.69,28.68,2306,557,1623,-4124
195,AU,2020-06-26,0 days 15:59:06.741998,53430,28.69,28.68,996,2242,-177,1623
196,AU,2020-06-26,0 days 15:59:17.768620,55522,28.7,28.69,400,1628,288,-443
197,AU,2020-06-26,0 days 15:59:22.780838,54544,28.7,28.69,800,1108,-978,1122
198,AU,2020-06-26,0 days 15:59:48.847406,54352,28.66,28.65,1259,2340,-670,130
199,AUY,2020-06-26,0 days 15:59:35.981508,183199,5.22,5.21,824356,126253,-79458,93342
200,AUY,2020-06-26,0 days 15:59:36.982328,178457,5.22,5.21,818656,123553,4742,-79458
201,AUY,2020-06-26,0 days 15:59:40.993584,183199,5.22,5.21,785775,74299,-2258,4742
202,AUY,2020-06-26,0 days 15:59:49.013617,174164,5.22,5.21,919075,7828,9035,-2465
203,AVTR,2020-06-26,0 days 15:55:01.107316,4187103,16.84,16.83,1847,800,-266071,330774
204,AVTR,2020-06-26,0 days 15:56:03.255344,4469654,16.83,16.82,1100,700,8540,-13492
205,AVTR,2020-06-26,0 days 15:56:04.258505,4449194,16.83,16.82,900,700,-31643,8540
206,AVTR,2020-06-26,0 days 15:56:21.303115,4449921,16.8,16.79,2182,1303,18722,-1554
207,AVTR,2020-06-26,0 days 15:56:22.302805,4432243,16.8,16.79,2001,1312,-16578,18722
208,AVTR,2020-06-26,0 days 15:59:26.751765,4831850,16.77,16.76,6886,1178,1744,-52175
209,AVTR,2020-06-26,0 days 15:59:29.757054,4645424,16.78,16.77,2010,7326,-186426,187379
210,AVTR,2020-06-26,0 days 15:59:30.764176,4662545,16.76,16.75,2400,2438,150479,-186426
211,AVTR,2020-06-26,0 days 15:59:31.765035,4602988,16.77,16.76,200,1759,-59557,150479
212,AVTR,2020-06-26,0 days 15:59:45.798081,4844624,16.77,16.76,1132,8045,2772,-42371
213,AVTR,2020-06-26,0 days 15:59:48.805840,4833263,16.77,16.76,1820,7055,-11361,53082
214,AXP,2020-06-26,0 days 15:57:05.561164,2024999,93.39,93.37,101,1700,152389,-37119
215,AXP,2020-06-26,0 days 15:57:07.565881,2003187,93.67,93.63,1001,2405,-24612,40610
216,AXP,2020-06-26,0 days 15:58:08.713082,2032695,93.57,93.55,702,800,26297,-40087
217,AXP,2020-06-26,0 days 15:59:08.860945,2112945,93.54,93.53,1800,100,-8922,71069
218,AXP,2020-06-26,0 days 15:59:09.865021,2106967,93.53,93.52,100,1795,63767,-8922
219,AXP,2020-06-26,0 days 15:59:10.867443,2109529,93.57,93.56,510,1239,-33805,63767
220,AXP,2020-06-26,0 days 15:59:11.868312,2236074,93.44,93.41,500,610,9814,-33805
221,AXP,2020-06-26,0 days 15:59:21.891719,2240623,93.42,93.4,500,400,5310,-59902
222,AXP,2020-06-26,0 days 15:59:24.900993,2181144,93.43,93.41,300,600,-64882,6907
223,AXP,2020-06-26,0 days 15:59:29.915652,2188898,93.43,93.42,1092,431,-61928,2861
224,AXP,2020-06-26,0 days 15:59:38.936381,2190829,93.46,93.43,410,1600,-65097,2717
225,AXP,2020-06-26,0 days 15:59:41.943336,2244826,93.39,93.38,100,300,97223,-51258
226,AXP,2020-06-26,0 days 15:59:44.948253,2262482,93.42,93.4,300,700,-56506,3765
227,AXP,2020-06-26,0 days 15:59:46.951674,2251871,93.42,93.41,100,200,18185,-61052
228,AXP,2020-06-26,0 days 15:59:47.954388,2206671,93.46,93.44,200,1000,-55500,18185
229,AXP,2020-06-26,0 days 15:59:54.971205,2252971,93.43,93.41,495,600,20472,-46317
230,AXTA,2020-06-26,0 days 15:55:00.308192,1001693,21.47,21.45,600,1682,174,-18675
231,AXTA,2020-06-26,0 days 15:57:09.619500,1080997,21.49,21.48,5476,3100,38326,-7737
232,AXTA,2020-06-26,0 days 15:57:10.623027,1073823,21.51,21.5,2218,1697,-7174,38326
233,AXTA,2020-06-26,0 days 15:59:21.938745,1169504,21.52,21.51,2500,7815,-10164,7236
234,AZN,2020-06-26,0 days 15:56:19.501077,72775,52.74,52.73,1500,1803,288,-112
235,AZN,2020-06-26,0 days 15:57:47.710300,78339,52.68,52.67,600,5861,-129,671
236,AZN,2020-06-26,0 days 15:59:08.907508,81323,52.7,52.69,2598,1502,-128,465
237,AZUL,2020-06-26,0 days 15:55:42.366391,29872,11.0,10.99,5434,3257,89,-498
238,AZUL,2020-06-26,0 days 15:56:06.424721,29961,11.0,10.99,7508,4258,-82,89
239,AZUL,2020-06-26,0 days 15:56:08.430648,30043,11.0,10.99,7208,4951,683,-82
240,AZUL,2020-06-26,0 days 15:56:09.432194,28826,11.0,10.99,4308,5151,-1217,683
241,BA,2020-06-26,0 days 15:59:48.943148,1886018,169.85,169.81,132,500,65795,-5182
242,BA,2020-06-26,0 days 15:59:50.949839,1882095,170.0,169.94,5233,1056,-3933,36789
243,BA,2020-06-26,0 days 15:59:52.953001,1886028,169.99,169.93,100,600,7489,-19134
244,BA,2020-06-26,0 days 15:59:55.960223,1866994,169.99,169.94,292,700,-19034,5089
245,BABA,2020-06-26,0 days 15:55:00.198285,401702,215.35,215.34,432,113,-21571,11203
246,BABA,2020-06-26,0 days 15:55:01.200007,399573,215.33,215.32,100,205,2129,-21571
247,BABA,2020-06-26,0 days 15:55:42.299470,400743,215.47,215.46,300,582,-4,46
248,BABA,2020-06-26,0 days 15:56:00.344247,398747,215.58,215.57,582,657,1885,-415
249,BABA,2020-06-26,0 days 15:56:05.355698,400893,215.57,215.56,100,500,-24070,15169
250,BABA,2020-06-26,0 days 15:56:06.357948,398771,215.51,215.5,200,259,2172,-24070
251,BABA,2020-06-26,0 days 15:56:26.406323,400993,215.53,215.51,100,300,-1070,2080
252,BABA,2020-06-26,0 days 15:56:27.408626,399363,215.5,215.49,300,400,1630,-1070
253,BABA,2020-06-26,0 days 15:57:04.497675,401243,215.54,215.52,376,200,-26,524
254,BABA,2020-06-26,0 days 15:57:06.503714,399869,215.49,215.47,300,1589,1307,-93
255,BABA,2020-06-26,0 days 15:57:39.581095,410776,215.46,215.45,300,100,-3252,2274
256,BABA,2020-06-26,0 days 15:57:40.583269,408728,215.46,215.45,255,414,1998,-3252
257,BABA,2020-06-26,0 days 15:57:48.602366,413676,215.52,215.51,100,702,-2052,2148
258,BABA,2020-06-26,0 days 15:57:49.604940,411328,215.52,215.51,257,1398,2298,-2052
259,BABA,2020-06-26,0 days 15:58:09.653989,406832,215.63,215.62,654,432,1789,-3611
260,BABA,2020-06-26,0 days 15:59:03.786540,416410,215.46,215.45,444,300,-104,336
261,BABA,2020-06-26,0 days 15:59:05.792377,404293,215.45,215.44,200,100,12117,-11133
262,BAC,2020-06-26,0 days 15:59:42.991031,24970172,23.15,23.14,12283,109632,283612,-295962
263,BAX,2020-06-26,0 days 15:52:20.877829,605122,84.13,84.1,200,400,-168,332
264,BAX,2020-06-26,0 days 15:52:51.950005,604590,84.09,84.06,1002,200,332,-168
265,BAX,2020-06-26,0 days 15:55:00.264540,707527,84.08,84.06,300,200,-628,1132
266,BAX,2020-06-26,0 days 15:55:01.266820,704755,84.08,84.06,202,700,2172,-628
267,BAX,2020-06-26,0 days 15:55:52.390792,711454,84.22,84.21,1105,400,2931,-469
268,BAX,2020-06-26,0 days 15:55:54.394910,714885,84.21,84.2,400,200,-2069,2931
269,BAX,2020-06-26,0 days 15:55:55.397540,711454,84.21,84.2,300,300,2931,-2069
270,BAX,2020-06-26,0 days 15:55:57.402815,714885,84.22,84.21,575,400,-2070,2931
271,BAX,2020-06-26,0 days 15:55:58.417487,714155,84.26,84.24,200,246,230,-2070
272,BAX,2020-06-26,0 days 15:56:27.475571,736897,84.25,84.23,500,306,-2028,5372
273,BAX,2020-06-26,0 days 15:56:28.478492,732925,84.25,84.23,400,100,3972,-2028
274,BAX,2020-06-26,0 days 15:56:30.482856,736897,84.24,84.23,232,300,-4728,3972
275,BAX,2020-06-26,0 days 15:56:31.485219,733825,84.24,84.23,834,300,3072,-4728
276,BAX,2020-06-26,0 days 15:57:38.646041,737005,84.18,84.17,600,201,-5075,2925
277,BAX,2020-06-26,0 days 15:57:39.649243,738580,84.19,84.17,975,943,4925,-5075
278,BAX,2020-06-26,0 days 15:57:55.685617,743509,84.21,84.2,300,577,-2171,1729
279,BAX,2020-06-26,0 days 15:57:56.687917,741780,84.22,84.2,867,1177,1229,-2171
280,BAX,2020-06-26,0 days 15:58:00.701591,743509,84.22,84.2,595,1088,-1071,1229
281,BAX,2020-06-26,0 days 15:58:01.702637,741780,84.22,84.21,366,407,1229,-1071
282,BAX,2020-06-26,0 days 15:59:06.859841,763425,84.31,84.3,400,719,10759,-2158
283,BAX,2020-06-26,0 days 15:59:07.868529,777184,84.31,84.3,400,521,-1759,10759
284,BAX,2020-06-26,0 days 15:59:11.872771,795294,84.33,84.31,366,329,10884,-4642
285,BAX,2020-06-26,0 days 15:59:12.875559,793478,84.33,84.31,500,100,-316,10884
286,BAX,2020-06-26,0 days 15:59:13.880634,795959,84.35,84.32,303,575,5265,-316
287,BAX,2020-06-26,0 days 15:59:19.893780,810745,84.36,84.34,500,434,-926,3386
288,BAX,2020-06-26,0 days 15:59:21.896010,811671,84.35,84.34,643,103,8774,-11391
289,BAX,2020-06-26,0 days 15:59:22.899923,813859,84.35,84.34,100,569,-12,8774
290,BAX,2020-06-26,0 days 15:59:27.911283,815693,84.35,84.34,900,470,8166,-11777
291,BAX,2020-06-26,0 days 15:59:28.914276,814559,84.35,84.34,1185,652,-34,8166
292,BAX,2020-06-26,0 days 15:59:32.926182,817593,84.35,84.34,3496,719,5938,-34
293,BAX,2020-06-26,0 days 15:59:47.965337,830501,84.36,84.35,100,675,14786,-10490
294,BB,2020-06-26,0 days 15:58:48.655645,72473,4.73,4.72,43597,137130,-2060,1088
295,BB,2020-06-26,0 days 15:59:36.776128,79594,4.73,4.72,99190,121141,3950,-4750
296,BB,2020-06-26,0 days 15:59:37.779921,79344,4.73,4.72,100040,121141,-250,3950
297,BBD,2020-06-26,0 days 15:55:35.567890,561649,3.77,3.76,451232,318183,-109618,40382
298,BBD,2020-06-26,0 days 15:55:36.568986,545167,3.77,3.76,451232,318183,16482,-109618
299,BBD,2020-06-26,0 days 15:59:47.172507,581175,3.77,3.76,721754,147275,3197,-9503
300,BDN,2020-06-26,0 days 15:59:42.833411,1351958,10.84,10.83,5909,23400,4547,-691
301,BDN,2020-06-26,0 days 15:59:46.842054,1340799,10.84,10.83,6036,22678,-15219,27341
302,BDX,2020-06-26,0 days 15:59:17.768662,830046,234.64,234.52,100,100,-1379,64310
303,BDX,2020-06-26,0 days 15:59:18.771311,821756,234.18,233.81,300,246,8682,-1379
304,BDX,2020-06-26,0 days 15:59:44.841172,838083,233.66,233.56,200,300,-1935,5161
305,BDX,2020-06-26,0 days 15:59:48.847560,836634,233.57,233.24,100,300,1449,-3651
306,BDX,2020-06-26,0 days 15:59:51.854414,831683,233.67,233.61,786,3464,-6238,21646
307,BE,2020-06-26,0 days 15:50:53.606558,2453870,7.84,7.83,300,5700,5942,-2458
308,BE,2020-06-26,0 days 15:55:00.198662,2679663,7.82,7.81,5140,3274,-380807,41455
309,BE,2020-06-26,0 days 15:59:17.821853,3184198,7.79,7.78,1927,9265,51451,-33960
310,BE,2020-06-26,0 days 15:59:18.824722,3179449,7.8,7.79,1111,2115,-4749,51451
311,BE,2020-06-26,0 days 15:59:29.852577,3197739,7.8,7.79,1011,3990,13956,-18290
312,BE,2020-06-26,0 days 15:59:30.856241,3193395,7.8,7.79,4250,4885,-4344,13956
313,BE,2020-06-26,0 days 15:59:44.892222,3197839,7.8,7.79,6250,1183,44142,-80181
314,BEN,2020-06-26,0 days 15:55:01.253568,957987,20.11,20.1,2775,2946,-78911,8794
315,BEN,2020-06-26,0 days 15:55:13.279070,965198,20.05,20.04,2100,5293,725,-1475
316,BEN,2020-06-26,0 days 15:55:40.344247,970472,20.08,20.07,1066,2174,30632,-49
317,BEN,2020-06-26,0 days 15:56:00.394031,995273,20.08,20.07,1384,3946,5924,-9739
318,BEN,2020-06-26,0 days 15:56:02.398826,965916,20.08,20.07,2501,1537,-12357,2524
319,BEN,2020-06-26,0 days 15:57:36.622150,994226,20.04,20.03,400,2768,24655,-3545
320,BEN,2020-06-26,0 days 15:57:39.628243,1018881,20.05,20.04,1217,2180,-2445,1955
321,BEN,2020-06-26,0 days 15:58:34.762485,1026281,20.05,20.04,2577,4690,-2198,7602
322,BEN,2020-06-26,0 days 15:59:03.834734,1014027,20.07,20.05,3000,7263,-25383,1917
323,BERY,2020-06-26,0 days 15:55:00.155754,339896,40.92,40.91,100,200,-18004,5916
324,BERY,2020-06-26,0 days 15:56:08.314697,358689,41.04,41.03,200,1200,1427,-2605
325,BERY,2020-06-26,0 days 15:56:09.318887,354116,41.05,41.04,614,300,-4573,1427
326,BERY,2020-06-26,0 days 15:57:34.517683,358922,41.06,41.05,1809,1249,3313,-887
327,BERY,2020-06-26,0 days 15:57:35.520461,355480,41.06,41.05,2009,949,-3442,3313
328,BERY,2020-06-26,0 days 15:57:43.538602,358922,41.06,41.05,2193,405,739,-3461
329,BERY,2020-06-26,0 days 15:57:44.540226,355961,41.06,41.05,2693,405,-2961,739
330,BERY,2020-06-26,0 days 15:58:03.586156,358922,41.06,41.05,2371,234,1027,-2273
331,BERY,2020-06-26,0 days 15:58:04.589234,356149,41.06,41.05,2371,234,-2773,1027
332,BERY,2020-06-26,0 days 15:58:36.665892,358963,41.07,41.06,400,100,2129,-2471
333,BERY,2020-06-26,0 days 15:58:37.669996,356992,41.07,41.05,600,613,-1971,2129
334,BERY,2020-06-26,0 days 15:58:45.688987,358963,41.05,41.01,790,700,1503,-1971
335,BERY,2020-06-26,0 days 15:58:46.691671,356966,41.05,41.01,1190,800,-1997,1503
336,BERY,2020-06-26,0 days 15:59:06.742079,358132,41.02,41.01,1052,300,-873,3127
337,BERY,2020-06-26,0 days 15:59:08.747035,359205,41.0,40.99,130,763,7491,-1073
338,BERY,2020-06-26,0 days 15:59:09.749608,358896,41.02,41.0,952,619,-309,7491
339,BERY,2020-06-26,0 days 15:59:13.759789,407991,41.0,40.98,100,828,11168,-41128
340,BERY,2020-06-26,0 days 15:59:14.762213,398242,41.01,40.98,339,400,-9756,11168
341,BERY,2020-06-26,0 days 15:59:17.768781,408363,40.97,40.95,300,300,22364,-35715
342,BERY,2020-06-26,0 days 15:59:18.771746,404327,40.97,40.95,300,200,-7616,22364
343,BERY,2020-06-26,0 days 15:59:37.822601,412182,40.86,40.84,1100,200,-977,3023
344,BERY,2020-06-26,0 days 15:59:44.841211,412234,40.82,40.81,200,2535,6016,-180
345,BERY,2020-06-26,0 days 15:59:45.839413,411030,40.82,40.81,200,2268,-7083,6016
346,BERY,2020-06-26,0 days 15:59:46.842025,418113,40.83,40.82,100,1300,1340,-7083
347,BERY,2020-06-26,0 days 15:59:48.847706,416353,40.83,40.82,200,283,-1760,1440
348,BG,2020-06-26,0 days 15:59:44.841084,592699,40.24,40.22,200,700,3809,-10715
349,BG,2020-06-26,0 days 15:59:46.841860,586455,40.3,40.26,200,492,-6244,1468
350,BGG,2020-06-26,0 days 15:59:05.905795,3591249,1.45,1.44,8207,10126,231111,-44865
351,BHC,2020-06-26,0 days 15:56:16.382825,121074,18.26,18.25,5238,897,-744,856
352,BHC,2020-06-26,0 days 15:56:44.450725,121829,18.23,18.22,2385,1303,245,-655
353,BHC,2020-06-26,0 days 15:56:45.452772,121674,18.23,18.22,2885,403,-155,245
354,BHC,2020-06-26,0 days 15:56:51.467102,121829,18.23,18.22,3043,200,245,-555
355,BHC,2020-06-26,0 days 15:56:52.469069,121674,18.23,18.22,2643,1403,-158,245
356,BHC,2020-06-26,0 days 15:57:34.570922,122032,18.23,18.22,2316,5345,1342,-58
357,BHC,2020-06-26,0 days 15:57:35.572749,121674,18.23,18.22,2403,5632,-358,1342
358,BHC,2020-06-26,0 days 15:57:45.596067,122032,18.23,18.22,3703,4987,439,-897
359,BHC,2020-06-26,0 days 15:58:51.756387,121691,18.23,18.22,3214,4276,-474,5426
360,BHC,2020-06-26,0 days 15:59:40.880727,125404,18.23,18.22,1201,3731,-473,1827
361,BK,2020-06-26,0 days 15:59:33.862046,2121218,36.34,36.33,9701,2100,-60519,5571
362,BK,2020-06-26,0 days 15:59:41.881610,2172737,36.32,36.31,5124,300,1067,-11840
363,BK,2020-06-26,0 days 15:59:44.892192,2181001,36.34,36.33,5647,1856,-236,967
364,BK,2020-06-26,0 days 15:59:46.894273,2181237,36.33,36.32,2004,3148,3,-71
365,BK,2020-06-26,0 days 15:59:47.896973,2190925,36.32,36.31,500,5649,-167,3
366,BK,2020-06-26,0 days 15:59:51.906572,2217747,36.32,36.31,4800,2013,23439,-22822
367,BK,2020-06-26,0 days 15:59:55.916518,2217747,36.32,36.31,4301,413,24139,-14613
368,BKR,2020-06-26,0 days 15:55:50.381656,1572535,14.74,14.73,7734,9018,-3232,2168
369,BKR,2020-06-26,0 days 15:56:23.461514,1596439,14.74,14.73,16106,6916,-5552,1048
370,BKR,2020-06-26,0 days 15:56:47.518341,1603439,14.72,14.71,16241,3720,-4369,8331
371,BKR,2020-06-26,0 days 15:57:08.568798,1607033,14.7,14.69,8946,5136,-2614,2786
372,BKR,2020-06-26,0 days 15:57:16.587965,1607833,14.68,14.67,8083,8305,-1814,5886
373,BKR,2020-06-26,0 days 15:57:38.641958,1613333,14.69,14.68,6024,8675,-2114,3686
374,BKR,2020-06-26,0 days 15:57:40.644622,1615447,14.69,14.68,8824,7045,1686,-2114
375,BKR,2020-06-26,0 days 15:57:41.647559,1614033,14.69,14.68,8200,9775,-1414,1686
376,BKR,2020-06-26,0 days 15:57:52.672786,1617342,14.69,14.68,13459,4972,15910,-3290
377,BKR,2020-06-26,0 days 15:57:53.675483,1615752,14.7,14.69,3500,4946,-1590,15910
378,BKR,2020-06-26,0 days 15:58:02.697958,1617342,14.7,14.69,7142,7099,15810,-1590
379,BKR,2020-06-26,0 days 15:58:03.700354,1615752,14.7,14.69,8142,8499,-1590,15810
380,BKR,2020-06-26,0 days 15:58:34.775278,1625642,14.69,14.68,14186,7824,4027,-10273
381,BKR,2020-06-26,0 days 15:58:35.779417,1622869,14.69,14.68,13686,10337,-2773,4027
382,BKR,2020-06-26,0 days 15:59:06.855041,1626131,14.69,14.68,4753,8677,354,-2346
383,BKR,2020-06-26,0 days 15:59:16.880863,1777643,14.71,14.7,4694,6183,28578,-16767
384,BKR,2020-06-26,0 days 15:59:17.881625,1775888,14.71,14.7,4798,8583,-4074,28578
385,BMY,2020-06-26,0 days 15:59:48.942936,5519627,57.49,57.48,664,860,107261,-118958
386,BMY,2020-06-26,0 days 15:59:50.949368,5530136,57.59,57.57,200,400,-33333,26128
387,BMY,2020-06-26,0 days 15:59:54.957760,5561169,57.55,57.54,700,100,145427,-7708
388,BP,2020-06-26,0 days 15:59:07.912649,155728,22.82,22.81,34782,3793,2225,-3229
389,BP,2020-06-26,0 days 15:59:50.026901,140558,22.81,22.8,24772,3558,-13835,1865
390,BRK.B,2020-06-26,0 days 15:59:50.810783,4714675,175.25,175.21,834,434,130594,-66682
391,BRK.B,2020-06-26,0 days 15:59:51.813457,4676267,175.43,175.28,140,734,-54308,130594
392,BRK.B,2020-06-26,0 days 15:59:57.826323,4714675,175.33,175.13,1100,231,179617,-75828
393,BRK.B,2020-06-26,0 days 15:59:59.832210,4475836,175.57,175.22,14700,200,-260139,48312
394,BRX,2020-06-26,0 days 15:55:26.309802,968991,12.6,12.59,4722,8534,-20623,27877
395,BRX,2020-06-26,0 days 15:56:01.396796,975993,12.6,12.59,2840,9444,1912,-7988
396,BRX,2020-06-26,0 days 15:56:56.528923,986478,12.6,12.59,10206,6801,-2912,2937
397,BRX,2020-06-26,0 days 15:56:57.531121,983590,12.6,12.59,10306,6801,2888,-2912
398,BRX,2020-06-26,0 days 15:58:57.818675,1034178,12.58,12.57,7228,5954,-999,1105
399,BRX,2020-06-26,0 days 15:58:58.821421,1027577,12.58,12.57,7492,6034,6601,-999
400,BRX,2020-06-26,0 days 15:59:11.854812,1063466,12.57,12.56,4974,7200,-37748,13779
401,BRX,2020-06-26,0 days 15:59:15.866601,1040114,12.58,12.57,6353,8055,1152,-19548
402,BRX,2020-06-26,0 days 15:59:17.867914,1042192,12.58,12.57,6453,9452,-99299,2078
403,BRX,2020-06-26,0 days 15:59:18.871951,1127291,12.57,12.56,4599,7026,16201,-99299
404,BRX,2020-06-26,0 days 15:59:19.875449,1122892,12.58,12.57,6727,5332,-4399,16201
405,BSBR,2020-06-26,0 days 15:56:35.538827,39003,5.22,5.21,8124,62476,-5303,1005
406,BSBR,2020-06-26,0 days 15:56:36.540916,26106,5.22,5.21,9724,62476,12897,-5303
407,BSBR,2020-06-26,0 days 15:59:00.891910,37105,5.23,5.22,39828,13804,-178,7939
408,BSBR,2020-06-26,0 days 15:59:01.889177,30083,5.23,5.22,42328,13804,6722,-178
409,BSBR,2020-06-26,0 days 15:59:35.974851,36805,5.23,5.22,60494,10440,-1853,2247
410,BSBR,2020-06-26,0 days 15:59:36.977739,36658,5.23,5.22,63194,6380,147,-1853
411,BSX,2020-06-26,0 days 15:51:43.624909,3741194,33.27,33.26,2301,7032,26645,-407
412,BSX,2020-06-26,0 days 15:55:49.220880,4664499,33.39,33.38,700,7431,42581,-13782
413,BSX,2020-06-26,0 days 15:55:50.223201,4652480,33.4,33.39,1700,6825,-12019,42581
414,BSX,2020-06-26,0 days 15:56:03.254499,4665273,33.4,33.39,4300,2962,1410,-790
415,BSX,2020-06-26,0 days 15:56:04.256766,4657180,33.4,33.39,6522,800,-16293,1410
416,BSX,2020-06-26,0 days 15:56:21.301366,4680712,33.38,33.37,3912,389,2717,-6083
417,BSX,2020-06-26,0 days 15:56:22.301080,4672129,33.39,33.38,2602,3185,-8583,2717
418,BSX,2020-06-26,0 days 15:56:49.365591,4673731,33.35,33.34,4548,2433,-6968,8932
419,BSX,2020-06-26,0 days 15:57:05.404476,4875955,33.41,33.4,2296,6197,-2264,194956
420,BSX,2020-06-26,0 days 15:57:06.407920,4867870,33.4,33.39,600,2225,8085,-2264
421,BSX,2020-06-26,0 days 15:57:35.478183,4904125,33.36,33.35,2800,1600,78961,-6637
422,BTE,2020-06-26,0 days 15:59:29.131205,20736,0.48,0.47,126500,15772,-1064,936
423,BTI,2020-06-26,0 days 15:56:52.586212,37149,38.79,38.78,1039,1857,102,-297
424,BTI,2020-06-26,0 days 15:56:53.588615,36051,38.79,38.78,1039,1569,-1098,102
425,BWA,2020-06-26,0 days 15:55:52.324169,814396,33.21,33.2,395,1849,5341,-7939
426,BWA,2020-06-26,0 days 15:55:53.326318,813237,33.23,33.22,100,1451,-2159,5341
427,BWA,2020-06-26,0 days 15:56:26.407410,820812,33.17,33.16,985,500,1187,-113
428,BWA,2020-06-26,0 days 15:56:27.408697,820191,33.17,33.15,836,1400,-621,1187
429,BWA,2020-06-26,0 days 15:57:42.588751,845591,33.2,33.19,735,500,5187,-3813
430,BWA,2020-06-26,0 days 15:57:43.591056,841778,33.2,33.19,935,500,-3813,5187
431,BWA,2020-06-26,0 days 15:57:48.602873,847691,33.22,33.2,5771,501,694,-5906
432,BWA,2020-06-26,0 days 15:57:50.608152,844785,33.22,33.2,5156,501,-3706,1294
433,BWA,2020-06-26,0 days 15:57:52.612362,848491,33.21,33.2,740,100,1144,-3706
434,BWA,2020-06-26,0 days 15:57:53.615415,845635,33.21,33.2,600,200,-2856,1144
435,BWA,2020-06-26,0 days 15:58:44.739726,862091,33.2,33.19,2384,986,1024,-4043
436,BWA,2020-06-26,0 days 15:58:45.742869,853259,33.2,33.19,2395,286,-8832,1024
437,BWA,2020-06-26,0 days 15:59:06.794880,878083,33.22,33.21,4301,682,575,-3919
438,BWA,2020-06-26,0 days 15:59:07.802584,864958,33.22,33.21,4507,568,-3325,575
439,BWA,2020-06-26,0 days 15:59:48.899293,897390,33.23,33.22,300,4783,1268,-2586
440,BWA,2020-06-26,0 days 15:59:56.919524,879037,33.2,33.17,917,10100,4721,-5079
441,BX,2020-06-26,0 days 15:59:44.796042,297809,54.39,54.38,589,3297,-394,906
442,BX,2020-06-26,0 days 15:59:46.801010,298203,54.39,54.38,260,3379,1852,-394
443,BX,2020-06-26,0 days 15:59:50.811800,265455,54.4,54.39,446,1107,-32748,2952
444,CADE,2020-06-26,0 days 15:55:39.354314,461430,7.96,7.95,7218,5435,-546,150
445,CADE,2020-06-26,0 days 15:55:40.356971,459876,7.96,7.95,6918,5325,1554,-546
446,CADE,2020-06-26,0 days 15:55:51.383975,461430,7.96,7.95,7123,4912,-7005,1554
447,CADE,2020-06-26,0 days 15:55:52.385602,459935,7.96,7.95,7523,4317,1495,-7005
448,CADE,2020-06-26,0 days 15:56:00.405895,461430,7.95,7.94,7341,2484,-6505,8695
449,CADE,2020-06-26,0 days 15:56:01.408306,459935,7.94,7.93,7225,2606,1495,-6505
450,CADE,2020-06-26,0 days 15:59:06.855090,479305,7.91,7.9,6040,17302,-6532,468
451,CAG,2020-06-26,0 days 15:59:11.808160,1369889,32.62,32.61,436,4440,8313,-66050
452,CAG,2020-06-26,0 days 15:59:41.881579,1372820,32.63,32.62,4300,1206,-4201,3799
453,CAG,2020-06-26,0 days 15:59:49.901201,1428461,32.62,32.61,1587,2100,4411,-20653
454,CAH,2020-06-26,0 days 15:59:13.094240,2655647,50.52,50.51,200,1660,41826,-169468
455,CAH,2020-06-26,0 days 15:59:14.098918,2643759,50.68,50.62,1300,400,-142616,41826
456,CARR,2020-06-26,0 days 15:59:45.798515,9943010,21.02,21.01,222,4225,-24610,94910
457,CARR,2020-06-26,0 days 15:59:46.800984,9934420,21.0,20.99,1000,1000,9303,-24610
458,CARR,2020-06-26,0 days 15:59:52.814859,9943723,21.03,21.02,3316,4201,-101316,199146
459,CAT,2020-06-26,0 days 15:57:38.487835,1119922,122.36,122.35,240,439,7420,-4580
460,CAT,2020-06-26,0 days 15:57:39.489463,1113811,122.49,122.42,400,1207,-6111,7420
461,CAT,2020-06-26,0 days 15:57:53.521679,1119930,122.43,122.39,200,300,11181,-3844
462,CAT,2020-06-26,0 days 15:57:54.524603,1119211,122.43,122.39,540,500,-719,11181
463,CAT,2020-06-26,0 days 15:58:05.552049,1120164,122.42,122.4,300,100,11847,-2944
464,CAT,2020-06-26,0 days 15:58:06.554599,1112218,122.42,122.4,660,300,-7946,11847
465,CAT,2020-06-26,0 days 15:58:27.605257,1112218,122.44,122.4,300,400,-9448,19883
466,CAT,2020-06-26,0 days 15:59:00.688529,1121117,122.46,122.42,300,100,11174,-3110
467,CAT,2020-06-26,0 days 15:59:06.701471,1097845,122.51,122.49,510,480,-26269,534
468,CAT,2020-06-26,0 days 15:59:07.704870,1153478,122.45,122.4,200,300,11759,-26269
469,CAT,2020-06-26,0 days 15:59:09.710255,1151685,122.46,122.4,200,926,-1793,18707
470,CAT,2020-06-26,0 days 15:59:22.741979,1174499,122.46,122.42,100,200,7592,-8433
471,CAT,2020-06-26,0 days 15:59:23.743374,1156766,122.45,122.38,586,200,-18233,7592
472,CAT,2020-06-26,0 days 15:59:25.753851,1174999,122.45,122.4,200,600,8667,-4333
473,CAT,2020-06-26,0 days 15:59:26.752226,1157966,122.47,122.44,200,110,-17033,8667
474,CAT,2020-06-26,0 days 15:59:31.766078,1173355,122.45,122.39,848,700,-1144,11731
475,CAT,2020-06-26,0 days 15:59:32.767390,1174499,122.43,122.36,200,800,21987,-1144
476,CAT,2020-06-26,0 days 15:59:33.769334,1149955,122.45,122.36,2548,1200,-24544,21987
477,CAT,2020-06-26,0 days 15:59:36.776367,1174499,122.4,122.36,744,200,20635,-2496
478,CAT,2020-06-26,0 days 15:59:38.782307,1154006,122.4,122.36,566,1930,-20493,635
479,CAT,2020-06-26,0 days 15:59:39.784586,1174499,122.39,122.36,253,1542,13207,-20493
480,CAT,2020-06-26,0 days 15:59:40.786004,1151393,122.4,122.37,283,200,-23106,13207
481,CAT,2020-06-26,0 days 15:59:42.790049,1174499,122.39,122.33,600,605,3322,-1554
482,CAT,2020-06-26,0 days 15:59:50.811460,1174258,122.49,122.42,104,300,-1613,499
483,CAT,2020-06-26,0 days 15:59:54.822559,1175871,122.48,122.36,200,598,1118,-1613
484,CAT,2020-06-26,0 days 15:59:59.832541,1172633,122.43,122.4,5731,202,-3738,52969
485,CBL,2020-06-26,0 days 15:56:32.531833,14326889,0.29,0.28,165090,5900,1581988,-827171
486,CBRE,2020-06-26,0 days 15:59:16.820571,1728883,43.21,43.18,200,100,-2719,57641
487,CCJ,2020-06-26,0 days 15:57:09.795209,73834,9.88,9.87,6600,15579,-198,25
488,CCJ,2020-06-26,0 days 15:57:10.798183,72532,9.88,9.87,6700,13979,1302,-198
489,CCJ,2020-06-26,0 days 15:59:08.079957,73944,9.9,9.89,6375,14214,-495,907
490,CCJ,2020-06-26,0 days 15:59:09.081781,73939,9.9,9.89,6175,14814,5,-495
491,CCJ,2020-06-26,0 days 15:59:18.101149,73944,9.9,9.89,6170,13933,-279,5
492,CCL,2020-06-26,0 days 15:59:48.964571,4545656,15.99,15.98,8697,12474,-37514,220052
493,CCL,2020-06-26,0 days 15:59:49.961740,4095477,15.78,15.77,2500,41974,453579,-37514
494,CCL,2020-06-26,0 days 15:59:59.980526,4549056,15.84,15.82,62700,1300,-453465,84830
495,CDE,2020-06-26,0 days 15:55:00.154839,342935,4.66,4.65,19723,11197,5370,-34473
496,CDE,2020-06-26,0 days 15:55:57.289229,345305,4.67,4.66,18015,23141,-14332,2368
497,CDE,2020-06-26,0 days 15:56:00.295717,342937,4.67,4.66,9380,26119,2368,-36232
498,CF,2020-06-26,0 days 15:58:37.788510,1061399,27.48,27.47,1006,600,-9043,2706
499,CF,2020-06-26,0 days 15:59:08.866003,1097603,27.47,27.46,500,1151,6066,-9296
500,CF,2020-06-26,0 days 15:59:09.869347,1096069,27.47,27.46,720,932,-1534,6066
501,CF,2020-06-26,0 days 15:59:15.881673,1098603,27.48,27.47,450,572,5490,-15212
502,CF,2020-06-26,0 days 15:59:16.883838,1098541,27.48,27.47,240,735,-65,5490
503,CF,2020-06-26,0 days 15:59:28.914246,1108767,27.47,27.46,300,800,-9504,946
504,CFG,2020-06-26,0 days 15:55:14.299275,1654795,23.24,23.23,3196,1314,-8435,4865
505,CFG,2020-06-26,0 days 15:55:25.325421,1659795,23.22,23.21,2502,2665,-3435,4865
506,CFG,2020-06-26,0 days 15:55:51.389148,1668758,23.21,23.2,2234,2376,10393,-7507
507,CFG,2020-06-26,0 days 15:55:52.390881,1625351,23.23,23.22,700,5558,-43407,10393
508,CFG,2020-06-26,0 days 15:55:55.397677,1668758,23.22,23.21,2415,2356,293,-3507
509,CFG,2020-06-26,0 days 15:55:57.402913,1645151,23.22,23.21,1098,3762,-23607,293
510,CFG,2020-06-26,0 days 15:56:06.424752,1679925,23.21,23.2,2668,430,4226,-9074
511,CFG,2020-06-26,0 days 15:56:21.461590,1694829,23.19,23.18,3102,100,6851,-10578
512,CFG,2020-06-26,0 days 15:56:22.464529,1691180,23.19,23.18,700,2600,-3649,6851
513,CFG,2020-06-26,0 days 15:56:29.480526,1694906,23.17,23.16,2750,711,-373,77
514,CFG,2020-06-26,0 days 15:57:05.567831,1698761,23.17,23.16,6048,2000,60815,-3346
515,CFG,2020-06-26,0 days 15:57:06.571440,1667566,23.22,23.21,1652,5119,-31195,60815
516,CFG,2020-06-26,0 days 15:57:53.680918,1737181,23.18,23.17,3088,2517,-1182,11918
517,CFG,2020-06-26,0 days 15:57:55.685679,1738363,23.18,23.17,4765,2526,5218,-1182
518,CFG,2020-06-26,0 days 15:57:56.687952,1731981,23.19,23.18,400,2476,-6382,5218
519,CFG,2020-06-26,0 days 15:58:08.718925,1738363,23.18,23.17,1013,2745,11966,-8334
520,CFG,2020-06-26,0 days 15:58:09.720554,1748029,23.18,23.17,1288,2905,-2367,11966
521,CFG,2020-06-26,0 days 15:59:14.880297,1772021,23.2,23.19,2300,1801,-2936,15565
522,CFG,2020-06-26,0 days 15:59:29.921058,1830000,23.19,23.18,3157,2875,-7129,5371
523,CHGG,2020-06-26,0 days 15:58:14.948900,6094664,66.0,65.99,2200,200,-91958,800639
524,CHGG,2020-06-26,0 days 15:58:15.950965,5974622,65.73,65.71,100,700,674115,-91958
525,CHGG,2020-06-26,0 days 15:59:19.104945,6291116,65.86,65.85,100,300,-993964,67657
526,CHGG,2020-06-26,0 days 15:59:30.146397,6802360,65.45,65.41,1844,3269,100806,-18594
527,CHGG,2020-06-26,0 days 15:59:31.140657,6894666,65.48,65.44,400,2057,-97994,100806
528,CHGG,2020-06-26,0 days 15:59:32.140991,6808560,65.47,65.44,300,837,90406,-97994
529,CHGG,2020-06-26,0 days 15:59:47.172507,6833932,65.46,65.44,532,100,71944,-46606
530,CHGG,2020-06-26,0 days 15:59:48.174936,6902476,65.47,65.44,400,400,-98456,71944
531,CHK,2020-06-26,0 days 15:59:59.832338,779209,11.94,11.87,6750,2300,-11653,50547
532,CHS,2020-06-26,0 days 15:59:04.851319,4384181,1.29,1.28,99963,30683,-11164,2136
533,CHX,2020-06-26,0 days 15:55:00.110486,12224221,9.33,9.32,10417,8992,77149,-353846
534,CHX,2020-06-26,0 days 15:55:01.107698,12210070,9.36,9.35,1186,2092,-264878,77149
535,CHX,2020-06-26,0 days 15:55:25.166922,12210070,9.34,9.32,4701,2744,-14151,77149
536,CHX,2020-06-26,0 days 15:55:41.203801,12514781,9.36,9.35,5766,2489,7995,-15551
537,CHX,2020-06-26,0 days 15:57:22.447596,12723133,9.34,9.33,12794,5449,-2088,126248
538,CHX,2020-06-26,0 days 15:58:57.677631,12866422,9.32,9.31,9543,900,87341,-5065
539,CHX,2020-06-26,0 days 15:58:58.680929,12854317,9.32,9.31,8602,1458,-12105,87341
540,CHX,2020-06-26,0 days 15:59:29.758650,13472973,9.35,9.34,1058,700,12985,-103515
541,CHX,2020-06-26,0 days 15:59:30.764491,13485958,9.35,9.34,200,1600,-144048,12985
542,CHX,2020-06-26,0 days 15:59:31.766078,13018470,9.32,9.31,5200,300,467488,-144048
543,CHX,2020-06-26,0 days 15:59:40.785968,12941964,9.32,9.31,4200,3327,548388,-160967
544,CHX,2020-06-26,0 days 15:59:42.790008,13493594,9.36,9.35,52440,4129,-283137,213782
545,CHX,2020-06-26,0 days 15:59:43.792755,13045732,9.33,9.32,5074,1200,448662,-283137
546,CHX,2020-06-26,0 days 15:59:44.795946,13493814,9.38,9.37,72010,5120,-845623,448662
547,CHX,2020-06-26,0 days 15:59:45.798412,12606889,9.28,9.27,3800,500,918017,-845623
548,CIG,2020-06-26,0 days 15:56:35.712070,198181,1.98,1.97,132262,100618,-5844,10754
549,CIG,2020-06-26,0 days 15:56:36.714405,175025,1.98,1.97,134762,91918,23156,-5844
550,CIM,2020-06-26,0 days 15:55:00.109982,11777687,9.32,9.31,19634,31913,123011,-135054
551,CIM,2020-06-26,0 days 15:55:01.107582,11775898,9.35,9.34,15946,6192,-366657,123011
552,CIM,2020-06-26,0 days 15:56:13.280708,12146555,9.34,9.33,21640,19952,11740,-22660
553,CIM,2020-06-26,0 days 15:56:14.283750,12125495,9.34,9.33,25740,19052,-19060,11740
554,CIM,2020-06-26,0 days 15:56:31.324439,12059979,9.34,9.33,13100,36507,-137826,92902
555,CIM,2020-06-26,0 days 15:59:16.727239,12619727,9.33,9.32,41369,5966,80382,-20237
556,CIM,2020-06-26,0 days 15:59:17.728339,12480913,9.33,9.32,33594,18120,-138814,80382
557,CIM,2020-06-26,0 days 15:59:18.731335,12619727,9.33,9.32,25938,29720,481608,-138814
558,CIM,2020-06-26,0 days 15:59:19.734661,12972935,9.34,9.33,74283,31826,-29897,481608
559,CIM,2020-06-26,0 days 15:59:25.753733,12998899,9.34,9.33,85084,15945,-3933,11867
560,CIM,2020-06-26,0 days 15:59:28.755809,13002832,9.34,9.33,82421,21037,4043,-3933
561,CL,2020-06-26,0 days 15:55:00.153106,1776459,71.51,71.49,700,1000,124724,-254821
562,CL,2020-06-26,0 days 15:57:40.531101,1743158,71.47,71.46,400,1946,-8446,28674
563,CL,2020-06-26,0 days 15:57:43.538427,1751504,71.41,71.4,300,300,30572,-2228
564,CL,2020-06-26,0 days 15:57:44.540066,1745076,71.42,71.41,200,560,-6428,30572
565,CL,2020-06-26,0 days 15:57:49.552332,1758804,71.39,71.38,200,300,18481,-13719
566,CL,2020-06-26,0 days 15:57:50.556626,1729985,71.41,71.4,282,500,-28819,18481
567,CL,2020-06-26,0 days 15:58:00.580207,1753304,71.5,71.48,440,660,8263,-30837
568,CL,2020-06-26,0 days 15:58:02.584148,1722967,71.52,71.49,805,300,-37457,14043
569,CL,2020-06-26,0 days 15:58:10.602820,1760416,71.55,71.54,100,100,4651,-9478
570,CL,2020-06-26,0 days 15:58:11.606353,1750867,71.54,71.53,400,2300,-9549,4651
571,CL,2020-06-26,0 days 15:58:35.664198,1781144,71.57,71.56,794,1300,2019,-17378
572,CL,2020-06-26,0 days 15:59:30.805889,1824138,71.61,71.6,500,2108,3579,-21800
573,CL,2020-06-26,0 days 15:59:31.805677,1819417,71.62,71.6,1000,1894,-4721,3579
574,CL,2020-06-26,0 days 15:59:33.808673,1848338,71.63,71.61,200,700,579,-22121
575,CL,2020-06-26,0 days 15:59:40.829657,1831507,71.63,71.62,300,200,19560,-39686
576,CL,2020-06-26,0 days 15:59:44.840956,1851364,71.63,71.61,418,500,-18403,1177
577,CL,2020-06-26,0 days 15:59:46.841794,1852561,71.64,71.63,501,1200,332,-7652
578,CL,2020-06-26,0 days 15:59:47.844635,1853093,71.64,71.63,692,170,-8807,332
579,CL,2020-06-26,0 days 15:59:50.854644,1874378,71.63,71.61,499,300,2799,-888
580,CLDR,2020-06-26,0 days 15:59:18.771024,4479131,13.78,13.77,12858,11247,-262454,585092
581,CLDR,2020-06-26,0 days 15:59:19.773327,4578305,13.66,13.65,24836,5926,326992,-262454
582,CLR,2020-06-26,0 days 15:55:46.370622,624500,15.07,15.06,3704,403,-2482,5418
583,CLR,2020-06-26,0 days 15:57:08.568734,655281,15.09,15.07,1200,1600,-8150,970
584,CLR,2020-06-26,0 days 15:57:57.685156,652044,15.13,15.12,1087,989,-12769,7221
585,CLR,2020-06-26,0 days 15:59:30.917985,693620,15.1,15.09,777,800,7938,-1652
586,CLR,2020-06-26,0 days 15:59:36.931202,692758,15.1,15.08,3776,2117,-862,2738
587,CLR,2020-06-26,0 days 15:59:57.979248,693620,15.11,15.09,3400,3448,7587,-12108
588,CMA,2020-06-26,0 days 15:59:06.794880,564780,35.36,35.35,5098,6440,-10980,674
589,CMA,2020-06-26,0 days 15:59:11.808057,566360,35.33,35.32,339,984,258,-2742
590,CMA,2020-06-26,0 days 15:59:14.816306,567059,35.33,35.32,424,553,-28330,634
591,CMA,2020-06-26,0 days 15:59:48.899293,622978,35.37,35.36,247,1873,2010,-15684
592,CMA,2020-06-26,0 days 15:59:49.901166,624937,35.37,35.36,347,1873,-1741,2010
593,CNC,2020-06-26,0 days 15:55:01.266852,5991785,59.65,59.62,500,200,-266867,59617
594,CNC,2020-06-26,0 days 15:57:41.653510,6477687,59.7,59.69,785,200,-6375,40225
595,CNC,2020-06-26,0 days 15:58:14.732918,6525928,59.78,59.76,615,1700,49184,-205816
596,CNC,2020-06-26,0 days 15:58:15.735231,6503843,59.78,59.76,415,1688,-22085,49184
597,CNC,2020-06-26,0 days 15:58:16.737665,6525928,59.76,59.75,700,279,39884,-22085
598,CNC,2020-06-26,0 days 15:58:39.792790,6514843,59.78,59.77,300,300,-14085,48884
599,CNC,2020-06-26,0 days 15:59:07.868558,6729968,59.84,59.82,900,200,-160995,164103
600,CNC,2020-06-26,0 days 15:59:33.927977,6801754,59.73,59.71,1734,300,-122214,170930
601,CNC,2020-06-26,0 days 15:59:34.932043,6923868,59.7,59.69,300,300,99455,-122214
602,CNC,2020-06-26,0 days 15:59:38.940138,6808417,59.72,59.7,1543,3145,-115451,48055
603,CNC,2020-06-26,0 days 15:59:42.949713,6816790,59.72,59.71,1204,100,-107373,162667
604,CNC,2020-06-26,0 days 15:59:43.952820,6923463,59.69,59.66,800,200,105596,-107373
605,CNK,2020-06-26,0 days 15:50:00.487003,5449949,11.42,11.41,1000,1015,-84784,60003
606,CNK,2020-06-26,0 days 15:55:01.200502,5977324,11.42,11.41,2085,1600,-88442,548478
607,CNK,2020-06-26,0 days 15:55:02.202455,5898779,11.39,11.38,400,1020,153145,-88442
608,CNK,2020-06-26,0 days 15:55:07.215824,5977324,11.41,11.39,1254,2417,-88442,54945
609,CNK,2020-06-26,0 days 15:55:20.247219,6060324,11.41,11.4,2661,200,-11942,5658
610,CNK,2020-06-26,0 days 15:56:11.370749,6136335,11.43,11.42,4034,2944,-94797,14314
611,CNK,2020-06-26,0 days 15:56:22.397864,6148935,11.42,11.41,6235,1466,-1466,4394
612,CNK,2020-06-26,0 days 15:57:05.501462,6183236,11.4,11.39,3100,1100,-187632,29842
613,CNK,2020-06-26,0 days 15:57:06.504629,6247902,11.39,11.38,2900,1200,102934,-187632
614,CNK,2020-06-26,0 days 15:57:07.506063,6243136,11.4,11.38,5884,900,-127732,102934
615,CNK,2020-06-26,0 days 15:57:08.509634,6293502,11.39,11.38,2300,100,56934,-127732
616,CNK,2020-06-26,0 days 15:57:53.615587,6263436,11.35,11.34,7665,15321,-33272,115328
617,CNK,2020-06-26,0 days 15:57:54.618299,6249708,11.35,11.34,7865,16621,9928,-33272
618,CNK,2020-06-26,0 days 15:58:22.685950,6241144,11.35,11.34,8860,2800,8492,-9408
619,CNK,2020-06-26,0 days 15:58:58.774275,6264849,11.34,11.33,2366,4044,-25072,56438
620,CNK,2020-06-26,0 days 15:58:59.776994,6248421,11.34,11.33,4766,4744,11728,-25072
621,CNP,2020-06-26,0 days 15:57:39.865045,2787204,17.67,17.66,16420,17070,-731,32069
622,CNP,2020-06-26,0 days 15:57:52.893407,2787204,17.67,17.66,17524,19325,-12234,17766
623,CNP,2020-06-26,0 days 15:57:53.903097,2769438,17.67,17.66,16035,20825,17766,-12234
624,CNP,2020-06-26,0 days 15:58:02.917943,2787204,17.67,17.66,15412,23314,-12314,35086
625,CNP,2020-06-26,0 days 15:58:04.924647,2764774,17.67,17.66,21462,11121,22430,-42614
626,CNP,2020-06-26,0 days 15:58:34.996179,2787204,17.67,17.66,18602,11726,-13271,22429
627,CNP,2020-06-26,0 days 15:59:10.085330,2780351,17.66,17.65,12971,12683,4647,-12395
628,CNP,2020-06-26,0 days 15:59:16.099424,2784998,17.66,17.65,10926,13598,-3952,4647
629,CNP,2020-06-26,0 days 15:59:17.098566,2776750,17.66,17.65,9726,13398,8263,-3952
630,CNP,2020-06-26,0 days 15:59:28.127012,2817942,17.66,17.65,15614,12992,-84,2460
631,CNP,2020-06-26,0 days 15:59:45.168392,2843840,17.66,17.65,2223,28097,-29012,5047
632,CNP,2020-06-26,0 days 15:59:46.169050,2840452,17.66,17.65,16335,17076,17041,-29012
633,CNQ,2020-06-26,0 days 15:59:02.831918,168877,17.1,17.09,9918,7695,862,-355
634,CNQ,2020-06-26,0 days 15:59:03.834870,168300,17.1,17.09,7818,9609,-577,862
635,CNX,2020-06-26,0 days 15:56:01.463261,798866,8.34,8.33,8157,6062,4202,-7298
636,CNX,2020-06-26,0 days 15:56:02.464657,791568,8.34,8.33,3504,8381,-7298,4202
637,CNX,2020-06-26,0 days 15:56:16.499029,798866,8.35,8.34,8460,13775,5107,-7298
638,CNX,2020-06-26,0 days 15:56:26.523961,793541,8.34,8.33,6557,2500,-5418,582
639,CNX,2020-06-26,0 days 15:57:11.632573,794099,8.34,8.33,1612,10136,-4860,740
640,CNX,2020-06-26,0 days 15:57:30.672511,794687,8.33,8.32,3995,3997,-4272,828
641,CNX,2020-06-26,0 days 15:59:07.912649,804024,8.35,8.34,7139,6303,23886,-1027
642,COF,2020-06-26,0 days 15:55:00.314797,1300123,61.21,61.2,100,300,136915,-377205
643,COF,2020-06-26,0 days 15:55:01.316926,1258658,61.36,61.35,601,200,-42865,136915
644,COF,2020-06-26,0 days 15:55:25.376694,1295114,61.21,61.18,700,500,-5009,12391
645,COF,2020-06-26,0 days 15:56:19.506792,1321730,61.25,61.24,100,1092,1288,-8712
646,COF,2020-06-26,0 days 15:56:20.508619,1315318,61.27,61.25,409,338,-6412,1288
647,COF,2020-06-26,0 days 15:56:26.523858,1316989,61.19,61.18,540,100,-4397,759
648,COF,2020-06-26,0 days 15:56:44.568608,1323498,61.15,61.11,2201,1100,191,-1309
649,COF,2020-06-26,0 days 15:56:47.573796,1318389,61.14,61.12,1822,929,-5109,1591
650,COF,2020-06-26,0 days 15:57:05.618286,1328082,61.15,61.14,2910,319,40121,-9129
651,COF,2020-06-26,0 days 15:57:15.641663,1327992,61.24,61.23,1400,500,-2964,23221
652,COF,2020-06-26,0 days 15:57:52.725834,1336575,61.26,61.25,8565,4398,-1217,12135
653,COF,2020-06-26,0 days 15:57:53.728415,1337392,61.23,61.2,242,512,21983,-1217
654,COF,2020-06-26,0 days 15:58:09.766663,1349614,61.24,61.23,1828,540,-830,1122
655,COF,2020-06-26,0 days 15:58:27.811013,1347325,61.23,61.22,569,902,-3121,46064
656,COF,2020-06-26,0 days 15:58:38.839545,1352046,61.22,61.21,200,203,26464,-2721
657,COF,2020-06-26,0 days 15:59:05.905527,1389729,61.22,61.21,371,391,-1087,15128
658,COF,2020-06-26,0 days 15:59:14.928636,1424361,61.2,61.19,618,620,-5242,24193
659,COF,2020-06-26,0 days 15:59:18.937262,1429616,61.18,61.17,792,332,59127,-1846
660,COF,2020-06-26,0 days 15:59:19.939715,1410301,61.26,61.23,7251,708,-19315,59127
661,COF,2020-06-26,0 days 15:59:22.947252,1438662,61.24,61.21,901,883,6877,-7727
662,COF,2020-06-26,0 days 15:59:23.948331,1436739,61.22,61.21,164,842,-2715,6877
663,COF,2020-06-26,0 days 15:59:39.990437,1417021,61.24,61.23,216,100,-31931,31211
664,COF,2020-06-26,0 days 15:59:40.993584,1448952,61.23,61.22,500,100,4069,-31931
665,COF,2020-06-26,0 days 15:59:45.003246,1419269,61.25,61.24,3164,500,-30283,27616
666,COF,2020-06-26,0 days 15:59:46.005685,1450369,61.21,61.19,901,522,59345,-30283
667,COG,2020-06-26,0 days 15:59:17.881773,2932236,16.59,16.58,4433,11635,7838,-21398
668,COG,2020-06-26,0 days 15:59:19.887601,2940074,16.6,16.59,800,3488,-5587,7416
669,CPRI,2020-06-26,0 days 15:55:37.403564,1216254,14.41,14.4,1545,3386,486,-6427
670,CPRI,2020-06-26,0 days 15:55:38.405932,1200210,14.43,14.42,2239,400,-16044,486
671,CPRI,2020-06-26,0 days 15:57:16.641810,1213224,14.44,14.42,500,2993,-23641,4524
672,CPRI,2020-06-26,0 days 15:59:03.897902,1378765,14.35,14.34,1503,1430,-11778,870
673,CPRI,2020-06-26,0 days 15:59:04.901324,1370043,14.35,14.34,1849,1965,8722,-11778
674,CPRI,2020-06-26,0 days 15:59:07.912345,1400795,14.34,14.33,1266,1420,-89658,18372
675,CPRI,2020-06-26,0 days 15:59:08.911043,1398703,14.34,14.32,1000,996,2092,-89658
676,CPRI,2020-06-26,0 days 15:59:21.941563,1399203,14.37,14.35,1850,600,1552,-3950
677,CPRI,2020-06-26,0 days 15:59:29.963549,1401555,14.37,14.36,2500,601,-3848,2052
678,CS,2020-06-26,0 days 15:59:07.704911,61448,9.99,9.98,78449,62639,-8899,2366
679,CS,2020-06-26,0 days 15:59:08.707446,41047,9.99,9.98,87280,28243,20401,-8899
680,CTL,2020-06-26,0 days 15:57:51.676551,3144566,9.5,9.49,55766,3129,8135,-41842
681,CTLT,2020-06-26,0 days 15:58:00.746129,1001672,73.49,73.48,100,576,-19633,9167
682,CTLT,2020-06-26,0 days 15:58:01.748535,906421,73.45,73.44,100,400,95251,-19633
683,CTLT,2020-06-26,0 days 15:59:19.939462,1003241,73.45,73.44,300,100,-133335,7899
684,CTVA,2020-06-26,0 days 15:59:34.985653,2010449,25.9,25.89,2490,100,27734,-4566
685,CTVA,2020-06-26,0 days 15:59:35.981618,2005983,25.9,25.89,1337,956,-4466,27734
686,CUK,2020-06-26,0 days 15:55:00.111686,20673,11.96,11.95,633,3915,340,-1450
687,CUK,2020-06-26,0 days 15:55:34.186674,21013,11.97,11.96,700,1610,-360,340
688,CUK,2020-06-26,0 days 15:55:35.189632,20773,11.97,11.96,700,4579,240,-360
689,CUK,2020-06-26,0 days 15:56:50.370160,21625,11.93,11.92,2315,600,-383,352
690,CUK,2020-06-26,0 days 15:56:51.372829,21408,11.93,11.92,2415,700,217,-383
691,CUK,2020-06-26,0 days 15:58:50.660950,22254,11.93,11.92,973,1163,-116,346
692,CUK,2020-06-26,0 days 15:59:04.695964,23793,11.95,11.94,4400,2500,576,-1624
693,CUK,2020-06-26,0 days 15:59:05.700855,23669,11.95,11.94,4500,2917,-124,576
694,CVE,2020-06-26,0 days 15:55:00.111312,58237,4.44,4.43,66840,111888,-1362,2791
695,CVE,2020-06-26,0 days 15:55:34.186647,60099,4.44,4.43,35029,208708,238,-1862
696,CVE,2020-06-26,0 days 15:58:48.655771,62518,4.45,4.44,49512,324220,11525,-515
697,CVNA,2020-06-26,0 days 15:56:02.410161,221787,117.58,117.48,681,301,-124,1776
698,CVNA,2020-06-26,0 days 15:56:03.412392,221511,117.58,117.48,699,101,2041,-124
699,CVNA,2020-06-26,0 days 15:56:10.429854,228252,117.58,117.55,400,200,-15,1241
700,CVNA,2020-06-26,0 days 15:56:11.431207,228067,117.7,117.59,200,200,185,-15
701,CVNA,2020-06-26,0 days 15:56:16.443695,228252,117.73,117.63,361,300,-15,185
702,CVNA,2020-06-26,0 days 15:56:17.445767,227507,117.73,117.63,200,240,745,-15
703,CVNA,2020-06-26,0 days 15:57:24.606393,232170,117.28,117.27,700,200,-3912,940
704,CVNA,2020-06-26,0 days 15:57:25.608758,231682,117.31,117.24,1000,300,388,-3912
705,CVNA,2020-06-26,0 days 15:58:04.703980,233990,117.28,117.24,2101,300,-5139,2361
706,CVNA,2020-06-26,0 days 15:58:05.707652,231829,117.27,117.21,100,200,1961,-5139
707,CVNA,2020-06-26,0 days 15:59:03.848836,230405,117.29,117.24,1200,400,2833,-67
708,CVNA,2020-06-26,0 days 15:59:04.851376,234338,117.29,117.25,1100,300,-369,2833
709,CVNA,2020-06-26,0 days 15:59:07.864451,246786,117.27,117.24,300,200,1008,-448
710,CVNA,2020-06-26,0 days 15:59:14.878045,247918,117.28,117.23,1401,300,-3809,3143
711,CVNA,2020-06-26,0 days 15:59:15.878101,247527,117.27,117.21,200,200,291,-3809
712,CVNA,2020-06-26,0 days 15:59:29.915868,247696,117.39,117.32,800,800,-8505,1057
713,CVNA,2020-06-26,0 days 15:59:30.918398,247401,117.43,117.34,800,200,195,-8505
714,CVNA,2020-06-26,0 days 15:59:42.946170,247696,117.35,117.32,1231,420,-2695,105
715,CVNA,2020-06-26,0 days 15:59:43.951931,247491,117.35,117.32,1631,420,2805,-2695
716,CVNA,2020-06-26,0 days 15:59:44.948585,247696,117.35,117.33,269,720,-3195,2805
717,CVS,2020-06-26,0 days 15:55:01.266787,2121955,63.34,63.32,775,485,10297,-36703
718,CVS,2020-06-26,0 days 15:55:03.271208,2122277,63.4,63.38,575,575,-378,3922
719,CVS,2020-06-26,0 days 15:55:05.276151,2093455,63.41,63.4,175,486,6922,-23878
720,CVS,2020-06-26,0 days 15:55:08.283844,2100377,63.4,63.39,657,616,-13878,9322
721,CVS,2020-06-26,0 days 15:55:09.285374,2091855,63.4,63.39,677,175,30422,-13878
722,CVS,2020-06-26,0 days 15:55:15.302402,2093155,63.4,63.39,912,122,7222,-13878
723,CVS,2020-06-26,0 days 15:55:51.388980,2097035,63.41,63.4,1143,1075,8440,-23232
724,CVS,2020-06-26,0 days 15:56:02.415035,2105475,63.41,63.4,458,484,-2719,6440
725,CVS,2020-06-26,0 days 15:56:03.416985,2100194,63.4,63.39,253,400,5281,-2719
726,CVS,2020-06-26,0 days 15:56:12.439201,2105475,63.43,63.41,1176,953,-2919,2981
727,CVS,2020-06-26,0 days 15:56:13.441786,2100694,63.42,63.4,775,875,4781,-2919
728,CVS,2020-06-26,0 days 15:57:33.633987,2167524,63.32,63.31,100,1435,-13603,9739
729,CVS,2020-06-26,0 days 15:57:34.637036,2159412,63.32,63.31,536,275,8112,-13603
730,CVS,2020-06-26,0 days 15:57:40.650958,2167524,63.32,63.3,629,1836,-951,162
731,CVS,2020-06-26,0 days 15:57:50.674425,2170837,63.31,63.29,475,730,-26340,2286
732,CVS,2020-06-26,0 days 15:57:54.683684,2163977,63.32,63.31,200,275,4860,-5540
733,CVS,2020-06-26,0 days 15:57:58.694511,2160879,63.36,63.35,890,360,-3298,2402
734,CVS,2020-06-26,0 days 15:57:59.696475,2157077,63.35,63.34,477,900,3627,-3298
735,CVS,2020-06-26,0 days 15:58:03.705813,2156604,63.39,63.37,175,2592,-35473,4102
736,CVS,2020-06-26,0 days 15:58:04.708748,2156077,63.38,63.37,1575,700,2527,-35473
737,CVS,2020-06-26,0 days 15:58:05.712036,2158604,63.38,63.36,1600,683,-1073,2527
738,CVS,2020-06-26,0 days 15:58:06.713611,2158277,63.38,63.37,1100,175,327,-1073
739,CVS,2020-06-26,0 days 15:58:29.770089,2156008,63.38,63.37,175,301,2596,-1804
740,CVS,2020-06-26,0 days 15:58:32.776782,2158604,63.39,63.37,722,2204,-2004,496
741,CVS,2020-06-26,0 days 15:58:41.798520,2158018,63.42,63.4,683,2092,19547,-6386
742,CVS,2020-06-26,0 days 15:58:42.799943,2155865,63.42,63.41,1309,200,-28253,19547
743,CVS,2020-06-26,0 days 15:58:46.810657,2166765,63.43,63.41,913,3730,-5817,21783
744,CVS,2020-06-26,0 days 15:59:14.880084,2206593,63.45,63.44,3735,1100,-40053,28200
745,CVS,2020-06-26,0 days 15:59:33.927977,2259693,63.42,63.41,1375,502,2229,-3375
746,CVX,2020-06-26,0 days 15:59:42.790079,5386639,86.31,86.29,174,841,83529,-246030
747,CVX,2020-06-26,0 days 15:59:43.792812,5257606,86.5,86.49,110,200,-134047,83529
748,CVX,2020-06-26,0 days 15:59:51.813913,5482107,86.56,86.44,108,480,2902,-159795
749,CX,2020-06-26,0 days 15:59:02.831524,207865,2.76,2.75,217392,78484,38437,-73063
750,CX,2020-06-26,0 days 15:59:03.834592,193202,2.76,2.75,228492,78284,-13363,38437
751,CX,2020-06-26,0 days 15:59:45.940147,222150,2.75,2.74,234407,210256,2571,-9130
752,CX,2020-06-26,0 days 15:59:48.942727,216121,2.75,2.74,243127,196332,-6729,1871
753,CXO,2020-06-26,0 days 15:56:50.525745,657484,50.62,50.59,555,763,-5160,1347
754,CXO,2020-06-26,0 days 15:57:00.550527,657819,50.6,50.59,1322,103,-4825,1575
755,CXO,2020-06-26,0 days 15:59:11.868503,667258,50.62,50.61,621,524,-3394,3606
756,CXO,2020-06-26,0 days 15:59:12.871721,670652,50.6,50.58,153,200,6965,-3394
757,CXO,2020-06-26,0 days 15:59:19.887601,674423,50.62,50.59,394,200,-10538,19884
758,CXO,2020-06-26,0 days 15:59:21.891945,684961,50.58,50.56,189,300,84,-494
759,CXO,2020-06-26,0 days 15:59:28.909253,685961,50.5,50.48,300,200,40906,-1316
760,CXW,2020-06-26,0 days 15:55:56.285460,388797,9.07,9.06,996,3382,4430,-3970
761,CXW,2020-06-26,0 days 15:55:57.289229,384627,9.08,9.07,1763,1952,-4170,4430
762,CXW,2020-06-26,0 days 15:56:02.302147,388797,9.08,9.07,2221,342,6630,-4170
763,CXW,2020-06-26,0 days 15:56:03.303231,384627,9.08,9.07,700,1442,-4170,6630
764,CXW,2020-06-26,0 days 15:56:04.305195,389497,9.08,9.07,700,1601,2330,-4170
765,CXW,2020-06-26,0 days 15:56:05.308369,385227,9.08,9.07,1100,1601,-4270,2330
766,CXW,2020-06-26,0 days 15:56:30.383134,400547,9.06,9.05,7300,600,-3339,4261
767,CXW,2020-06-26,0 days 15:57:42.537754,404151,9.04,9.03,4929,3856,-14725,171
768,CXW,2020-06-26,0 days 15:59:06.742049,419487,9.05,9.04,2822,4471,1693,-2547
769,CXW,2020-06-26,0 days 15:59:07.750759,423001,9.04,9.03,700,11650,-41850,1693
770,D,2020-06-26,0 days 15:57:44.706427,1459974,79.55,79.54,3744,2757,2162,-13237
771,D,2020-06-26,0 days 15:57:45.709130,1397578,79.73,79.71,200,400,-62696,2162
772,D,2020-06-26,0 days 15:57:59.742792,1460274,79.66,79.63,2293,200,30669,-11231
773,D,2020-06-26,0 days 15:58:00.746718,1451743,79.71,79.69,500,630,-8531,30669
774,D,2020-06-26,0 days 15:59:28.960816,1494168,79.69,79.67,126,1100,2130,-19570
775,D,2020-06-26,0 days 15:59:29.965478,1409916,79.77,79.76,200,346,-84252,2130
776,D,2020-06-26,0 days 15:59:33.975141,1494168,79.66,79.63,100,1000,29238,-14045
777,D,2020-06-26,0 days 15:59:45.003276,1493308,79.72,79.68,200,500,-960,30280
778,D,2020-06-26,0 days 15:59:56.032069,1544133,79.65,79.61,1900,166,6097,-23839
779,DAL,2020-06-26,0 days 15:59:59.980583,6140477,26.94,26.93,239040,1001,-288162,21738
780,DB,2020-06-26,0 days 15:56:03.417197,77638,9.02,9.01,82522,83292,-1482,2316
781,DB,2020-06-26,0 days 15:58:49.816695,84141,9.02,9.01,118545,79370,1699,-474
782,DB,2020-06-26,0 days 15:59:35.933051,87081,9.02,9.01,134081,86690,-1447,2853
783,DB,2020-06-26,0 days 15:59:39.943972,83328,9.02,9.01,127122,88168,14953,-647
784,DD,2020-06-26,0 days 15:59:37.822601,1765556,51.41,51.34,300,300,22033,-32695
785,DD,2020-06-26,0 days 15:59:44.841237,1784156,51.4,51.38,200,400,69061,-21250
786,DD,2020-06-26,0 days 15:59:50.855532,1808116,51.39,51.35,200,600,26475,-5326
787,DD,2020-06-26,0 days 15:59:59.877994,1825551,51.43,51.4,6802,10540,-1165,22175
788,DD,2020-06-26,0 days 16:00:00.876035,1808116,51.4,51.39,8652,10201,22175,-1165
789,DDD,2020-06-26,0 days 15:59:06.740205,280309,6.46,6.45,9490,1644,-26416,1576
790,DDD,2020-06-26,0 days 15:59:07.748824,259825,6.45,6.44,8144,4055,18284,-26416
791,DDD,2020-06-26,0 days 15:59:40.826767,283451,6.44,6.43,11195,12973,-1579,1971
792,DDD,2020-06-26,0 days 15:59:45.837801,281950,6.44,6.43,6881,17197,1501,-2099
793,DEI,2020-06-26,0 days 15:56:52.469069,563880,30.24,30.22,500,700,19499,-14239
794,DEI,2020-06-26,0 days 15:56:53.471746,557379,30.27,30.25,800,500,-6501,19499
795,DEI,2020-06-26,0 days 15:57:19.534428,563579,30.23,30.21,687,400,-1652,4448
796,DEI,2020-06-26,0 days 15:58:45.743118,573631,30.24,30.22,400,710,775,-2417
797,DEI,2020-06-26,0 days 15:58:46.745604,569345,30.23,30.22,514,510,-4286,775
798,DEI,2020-06-26,0 days 15:59:05.792920,573375,30.23,30.2,1504,689,1323,-2815
799,DEI,2020-06-26,0 days 15:59:08.800171,573375,30.21,30.19,930,303,1243,-677
800,DEI,2020-06-26,0 days 15:59:11.810175,572826,30.21,30.19,1145,703,-549,1243
801,DEI,2020-06-26,0 days 15:59:19.828071,580263,30.21,30.2,200,106,993,-1107
802,DEI,2020-06-26,0 days 15:59:20.829847,578456,30.23,30.21,410,689,-3907,993
803,DEI,2020-06-26,0 days 15:59:46.894619,585636,30.21,30.19,200,1039,-668,1232
804,DEI,2020-06-26,0 days 15:59:58.923240,597160,30.2,30.18,1000,589,2884,-3597
805,DELL,2020-06-26,0 days 15:59:21.877054,769396,52.25,52.24,100,100,466,-3127
806,DELL,2020-06-26,0 days 15:59:22.878617,764362,52.33,52.3,300,400,-5055,466
807,DELL,2020-06-26,0 days 15:59:44.938516,769396,52.26,52.22,419,2482,323,-330
808,DELL,2020-06-26,0 days 15:59:48.943398,765815,52.32,52.3,100,1653,-3602,398
809,DELL,2020-06-26,0 days 15:59:56.962667,763454,52.25,52.14,843,810,2946,-3975
810,DFS,2020-06-26,0 days 15:57:04.404009,1848161,48.75,48.74,500,1609,6958,-89454
811,DFS,2020-06-26,0 days 15:57:05.406464,1822220,48.82,48.8,455,100,-26241,6958
812,DFS,2020-06-26,0 days 15:57:42.495599,1867639,48.73,48.72,353,200,-7922,10378
813,DFS,2020-06-26,0 days 15:57:46.504947,1887075,48.72,48.71,3029,1100,8264,-19436
814,DFS,2020-06-26,0 days 15:57:47.507887,1885939,48.72,48.7,800,2583,-1136,8264
815,DFS,2020-06-26,0 days 15:57:53.521645,1890875,48.72,48.71,600,200,1664,-15736
816,DFS,2020-06-26,0 days 15:57:54.524575,1881844,48.73,48.72,441,692,-9031,1664
817,DG,2020-06-26,0 days 15:55:00.482709,2023973,190.29,190.28,250,100,-31691,163724
818,DG,2020-06-26,0 days 15:55:03.488099,2047555,189.99,189.95,500,150,12289,-14732
819,DG,2020-06-26,0 days 15:55:04.490009,2033923,190.07,189.95,450,150,-13632,12289
820,DG,2020-06-26,0 days 15:55:07.500241,2044355,189.98,189.9,250,254,189,-911
821,DG,2020-06-26,0 days 15:55:13.515148,2043444,190.07,190.04,100,250,-911,189
822,DG,2020-06-26,0 days 15:55:18.526125,2041855,190.02,189.98,250,300,489,-9032
823,DG,2020-06-26,0 days 15:55:55.617032,2042626,190.08,190.03,887,300,-37,1063
824,DG,2020-06-26,0 days 15:55:56.617656,2042663,190.05,190.02,250,400,1063,-37
825,DG,2020-06-26,0 days 15:55:58.624619,2042626,190.08,190.04,187,100,-146,1063
826,DG,2020-06-26,0 days 15:56:34.709189,2115130,189.67,189.6,850,300,2887,-12413
827,DG,2020-06-26,0 days 15:56:35.712108,2102717,189.69,189.64,646,150,-12420,2887
828,DG,2020-06-26,0 days 15:57:04.783974,2111446,189.92,189.82,100,200,153997,-11778
829,DG,2020-06-26,0 days 15:57:57.908190,2198265,190.08,190.0,450,350,-10067,15290
830,DG,2020-06-26,0 days 15:58:01.918089,2206632,189.96,189.92,476,150,16990,-7867
831,DG,2020-06-26,0 days 15:59:08.080198,2258891,189.94,189.88,150,700,-115999,2956
832,DHI,2020-06-26,0 days 15:56:48.519541,1118334,53.07,53.03,1044,201,2409,-11132
833,DHI,2020-06-26,0 days 15:56:49.521591,1111943,53.07,53.03,1044,401,-6391,2409
834,DHI,2020-06-26,0 days 15:57:05.559872,1118334,53.04,53.02,1817,244,61268,-3763
835,DHI,2020-06-26,0 days 15:57:28.616496,1119902,53.08,53.06,600,1200,-367,10633
836,DHI,2020-06-26,0 days 15:57:39.641842,1121250,53.1,53.09,501,600,-2107,22445
837,DHI,2020-06-26,0 days 15:59:05.853125,1109796,53.09,53.08,806,100,-25738,13814
838,DHI,2020-06-26,0 days 15:59:40.942613,1201416,53.07,53.06,713,735,-9693,5507
839,DHI,2020-06-26,0 days 15:59:43.950829,1213183,53.06,53.05,800,931,15633,-2167
840,DHI,2020-06-26,0 days 15:59:44.948102,1202384,53.09,53.07,300,1294,-10331,15633
841,DHI,2020-06-26,0 days 15:59:48.955905,1228403,53.07,53.05,900,469,8181,-8594
842,DHI,2020-06-26,0 days 15:59:49.963415,1227384,53.07,53.04,603,500,-1019,8181
843,DHI,2020-06-26,0 days 15:59:51.964619,1228402,53.04,53.01,300,300,18882,-8119
844,DIS,2020-06-26,0 days 15:55:00.265433,1920781,109.03,108.99,200,300,69683,-60822
845,DIS,2020-06-26,0 days 15:57:34.637176,1998321,109.02,109.01,893,212,-12662,9544
846,DIS,2020-06-26,0 days 15:58:01.702728,1991289,109.02,109.01,230,600,6944,-35956
847,DIS,2020-06-26,0 days 15:58:38.790799,1995899,109.01,109.0,132,800,2554,-35746
848,DIS,2020-06-26,0 days 15:58:54.828739,1999248,109.03,109.01,1203,800,611,-15973
849,DIS,2020-06-26,0 days 15:59:06.860015,2000989,109.01,109.0,483,933,5259,-20229
850,DIS,2020-06-26,0 days 15:59:07.869127,2006250,109.02,109.01,660,900,-2698,5259
851,DIS,2020-06-26,0 days 15:59:19.893992,2089018,109.07,109.05,100,510,8173,-68893
852,DIS,2020-06-26,0 days 15:59:21.896105,2097697,109.05,109.04,300,101,-5887,5471
853,DIS,2020-06-26,0 days 15:59:27.911513,2093884,109.03,109.01,300,317,7851,-2793
854,DIS,2020-06-26,0 days 15:59:28.914370,2101735,109.04,109.02,100,700,-1549,7851
855,DIS,2020-06-26,0 days 15:59:44.956679,2105772,109.04,109.02,319,800,-16348,107815
856,DIS,2020-06-26,0 days 15:59:48.964636,2100158,109.03,109.02,230,340,8045,-12892
857,DIS,2020-06-26,0 days 15:59:49.961740,2108203,109.04,109.03,100,200,-4055,8045
858,DIS,2020-06-26,0 days 15:59:51.956553,2092258,109.04,109.0,753,400,49255,-18392
859,DIS,2020-06-26,0 days 15:59:52.958401,2108203,109.06,109.0,312,961,-4055,49255
860,DIS,2020-06-26,0 days 15:59:57.970290,2121758,109.06,109.02,943,3500,99007,-13622
861,DNR,2020-06-26,0 days 15:57:13.425260,44785976,0.35,0.34,88902,21967,130781,-1439252
862,DNR,2020-06-26,0 days 15:57:49.512278,44968680,0.35,0.34,132648,7810,-43696,181380
863,DNR,2020-06-26,0 days 15:58:08.558738,45012376,0.35,0.34,75344,21351,18204,-31796
864,DOW,2020-06-26,0 days 15:55:00.314764,1658009,39.82,39.81,468,902,28773,-130079
865,DOW,2020-06-26,0 days 15:55:03.321810,1663982,39.85,39.84,800,400,-4427,6173
866,DOW,2020-06-26,0 days 15:55:04.323729,1663409,39.86,39.85,321,796,573,-4427
867,DOW,2020-06-26,0 days 15:55:09.335975,1659260,39.87,39.85,700,1003,222,-3178
868,DOW,2020-06-26,0 days 15:55:21.366885,1659482,39.87,39.86,996,400,-3902,2998
869,DOW,2020-06-26,0 days 15:55:22.368352,1659284,39.87,39.85,1396,1000,198,-3902
870,DOW,2020-06-26,0 days 15:56:16.498956,1682736,39.85,39.84,3701,500,-6582,318
871,DOW,2020-06-26,0 days 15:56:25.520661,1688736,39.82,39.81,1134,600,-582,4718
872,DOW,2020-06-26,0 days 15:56:58.600557,1689752,39.81,39.8,1582,2595,436,-449
873,DOW,2020-06-26,0 days 15:57:33.679427,1774852,39.78,39.77,1900,1078,-7756,6538
874,DOW,2020-06-26,0 days 15:57:34.681990,1764770,39.78,39.77,2700,978,3976,-7756
875,DOW,2020-06-26,0 days 15:57:37.688477,1774852,39.77,39.76,3034,1100,-10218,10882
876,DOW,2020-06-26,0 days 15:57:38.691477,1770470,39.77,39.76,3034,1100,4382,-10218
877,DOW,2020-06-26,0 days 15:57:39.693815,1774852,39.77,39.76,2600,2521,-16718,4382
878,DOW,2020-06-26,0 days 15:57:40.696598,1772370,39.77,39.76,2724,2721,2482,-16718
879,DOW,2020-06-26,0 days 15:57:44.706356,1773770,39.78,39.77,517,1240,1082,-12318
880,DOW,2020-06-26,0 days 15:57:46.711261,1774852,39.79,39.78,1231,1230,-2018,13176
881,DOW,2020-06-26,0 days 15:58:30.817819,1746154,39.86,39.85,1610,1485,-74691,1515
882,DOW,2020-06-26,0 days 15:59:27.958314,1924118,39.92,39.91,700,200,12927,-57852
883,DOW,2020-06-26,0 days 15:59:28.960761,1903567,39.93,39.89,1100,1300,-41551,12927
884,DOW,2020-06-26,0 days 15:59:37.987907,1936722,39.88,39.86,1495,1400,19652,-35326
885,DOW,2020-06-26,0 days 15:59:51.019868,1878821,39.88,39.86,400,1734,-82363,7237
886,DRE,2020-06-26,0 days 15:59:42.945974,2751218,34.57,34.56,500,1772,37779,-27866
887,DRE,2020-06-26,0 days 15:59:57.979354,2844764,34.56,34.55,300,392,11831,-6569
888,DRE,2020-06-26,0 days 15:59:58.979824,2838195,34.57,34.56,200,600,-6569,11831
889,DRH,2020-06-26,0 days 15:56:17.337301,713657,5.07,5.06,13621,4345,-41265,28130
890,DRH,2020-06-26,0 days 15:56:18.339659,700022,5.06,5.05,4520,11633,13635,-41265
891,DRH,2020-06-26,0 days 15:59:19.773269,789923,5.04,5.03,16661,5494,-8557,14184
892,DRH,2020-06-26,0 days 15:59:44.840956,770701,5.04,5.03,4444,20866,-14544,8959
893,DRH,2020-06-26,0 days 15:59:45.839165,764245,5.04,5.03,3300,21721,6456,-14544
894,DRI,2020-06-26,0 days 15:55:00.306882,1017420,72.58,72.53,100,301,25349,-22645
895,DRI,2020-06-26,0 days 15:58:54.871907,1306853,72.79,72.76,3000,666,-3620,5880
896,DRI,2020-06-26,0 days 15:58:55.874820,1298773,72.78,72.76,502,244,8952,-3620
897,DRI,2020-06-26,0 days 15:59:03.895093,1286608,72.81,72.8,600,100,-27239,11084
898,DRI,2020-06-26,0 days 15:59:04.899156,1283347,72.82,72.8,957,209,8377,-27239
899,DRI,2020-06-26,0 days 15:59:07.910466,1291801,72.81,72.8,669,100,-23290,5213
900,DRI,2020-06-26,0 days 15:59:08.907329,1290691,72.81,72.8,892,300,1033,-23290
901,DRI,2020-06-26,0 days 15:59:42.990655,1308376,72.92,72.91,1856,329,-8974,5213
902,DRI,2020-06-26,0 days 15:59:45.999634,1310026,72.91,72.9,355,103,-7872,976
903,DUK,2020-06-26,0 days 15:55:01.200502,1194244,78.92,78.91,200,204,8462,-7138
904,DUK,2020-06-26,0 days 15:55:06.211878,1180512,78.97,78.95,370,708,19494,-5706
905,DUK,2020-06-26,0 days 15:56:02.349847,1182082,79.04,79.03,800,582,3961,-289
906,DUK,2020-06-26,0 days 15:57:36.574166,1214270,78.85,78.82,523,300,-2579,1794
907,DUK,2020-06-26,0 days 15:57:45.596067,1214270,78.86,78.85,591,300,-14980,5488
908,DUK,2020-06-26,0 days 15:57:46.598738,1214039,78.86,78.85,591,302,104,-14980
909,DUK,2020-06-26,0 days 15:57:50.608372,1210850,78.91,78.88,280,1080,693,-15107
910,DUK,2020-06-26,0 days 15:58:30.705860,1212343,78.89,78.85,300,100,-1068,21759
911,DUK,2020-06-26,0 days 15:58:31.709241,1209611,78.89,78.86,221,500,2732,-1068
912,DUK,2020-06-26,0 days 15:59:10.804829,1218671,78.95,78.93,200,606,-780,620
913,DUK,2020-06-26,0 days 15:59:19.828131,1259292,78.88,78.87,202,300,2703,-19685
914,DUK,2020-06-26,0 days 15:59:20.829883,1261095,78.9,78.88,200,600,-14797,2703
915,DUK,2020-06-26,0 days 15:59:48.899918,1320510,78.99,78.97,200,100,6016,-52513
916,DVN,2020-06-26,0 days 15:57:52.725894,1609719,10.93,10.92,16235,20917,-25462,18838
917,DVN,2020-06-26,0 days 15:57:54.732288,1576181,10.93,10.92,20829,9725,33538,-5862
918,DVN,2020-06-26,0 days 15:58:44.854839,1609803,10.93,10.92,29174,9289,-505,11897
919,DVN,2020-06-26,0 days 15:58:45.854482,1608774,10.93,10.92,31958,7289,1029,-505
920,DVN,2020-06-26,0 days 15:59:45.003539,1666731,10.94,10.93,12791,16072,-1083,5024
921,DVN,2020-06-26,0 days 15:59:46.005922,1667814,10.94,10.93,19057,14635,1864,-1083
922,EAT,2020-06-26,0 days 15:50:01.550957,763696,22.34,22.27,500,540,-69431,240060
923,EAT,2020-06-26,0 days 15:50:17.585629,763696,22.36,22.33,400,1075,-83483,239460
924,EIX,2020-06-26,0 days 15:59:12.860538,1094824,54.75,54.74,100,255,3075,-18825
925,EIX,2020-06-26,0 days 15:59:13.862340,1090979,54.77,54.76,610,100,-3845,3075
926,EIX,2020-06-26,0 days 15:59:18.871517,1095031,54.76,54.75,686,2223,109758,-1316
927,EIX,2020-06-26,0 days 15:59:48.942798,1176013,54.89,54.87,2350,736,-4415,10389
928,EL,2020-06-26,0 days 15:57:38.863446,335452,183.85,183.77,100,150,3271,-529
929,EL,2020-06-26,0 days 15:57:39.866240,333423,183.88,183.79,663,250,-4829,3271
930,EL,2020-06-26,0 days 15:57:45.878724,338255,183.88,183.78,368,451,468,-729
931,EL,2020-06-26,0 days 15:57:56.904058,336070,184.19,184.0,100,350,-2185,4315
932,EL,2020-06-26,0 days 15:58:08.934156,338255,184.01,183.91,655,200,5300,-1600
933,EL,2020-06-26,0 days 15:58:09.937024,333755,184.0,183.91,350,200,-4500,5300
934,EL,2020-06-26,0 days 15:58:33.995627,338256,184.09,184.01,200,301,3930,-1670
935,EL,2020-06-26,0 days 15:58:34.997294,337086,184.09,184.02,200,262,-1170,3930
936,EL,2020-06-26,0 days 15:59:06.074159,340172,184.19,184.08,346,200,93,-607
937,EL,2020-06-26,0 days 15:59:07.075995,340265,184.15,184.07,844,200,-4137,93
938,EL,2020-06-26,0 days 15:59:11.087634,344484,184.15,184.07,300,223,518,-1262
939,EL,2020-06-26,0 days 15:59:12.089513,354723,184.16,184.07,346,223,-2165,518
940,EL,2020-06-26,0 days 15:59:13.094107,354088,184.16,184.07,349,223,4435,-2165
941,EL,2020-06-26,0 days 15:59:14.098551,352223,184.24,184.1,100,100,-1865,4435
942,EL,2020-06-26,0 days 15:59:19.104885,357615,184.14,184.08,100,150,22583,-2592
943,EL,2020-06-26,0 days 15:59:27.126069,358802,184.24,184.14,280,150,-793,307
944,EL,2020-06-26,0 days 15:59:33.143569,359495,184.17,184.02,650,350,4912,-793
945,EL,2020-06-26,0 days 15:59:46.169939,358857,184.31,184.2,600,650,-1338,262
946,ELAN,2020-06-26,0 days 15:56:00.393962,842994,21.25,21.24,1400,1903,9421,-1279
947,ELAN,2020-06-26,0 days 15:57:33.613266,877025,21.26,21.25,3044,539,-25822,6478
948,ELAN,2020-06-26,0 days 15:57:34.616705,866647,21.26,21.25,2844,1000,10378,-25822
949,ELAN,2020-06-26,0 days 15:57:43.637812,879725,21.26,21.25,1208,11574,-9583,11417
950,ELAN,2020-06-26,0 days 15:57:44.639509,875508,21.28,21.27,1100,2600,769,-9583
951,ELAN,2020-06-26,0 days 15:57:50.656122,879725,21.26,21.25,3149,5407,-9483,699
952,ELAN,2020-06-26,0 days 15:57:55.666263,885508,21.23,21.22,800,400,3697,-18083
953,ELAN,2020-06-26,0 days 15:58:03.688926,876408,21.24,21.23,1501,8363,3317,-6683
954,ELAN,2020-06-26,0 days 15:58:37.770088,889241,21.23,21.22,400,1658,-5367,2233
955,ELAN,2020-06-26,0 days 15:58:57.818570,879154,21.24,21.23,3759,49813,607,-10593
956,ELAN,2020-06-26,0 days 15:58:58.821277,879761,21.24,21.23,3733,49813,-1325,607
957,ELAN,2020-06-26,0 days 15:59:04.836921,876631,21.24,21.23,2846,1822,-55,145
958,ELAN,2020-06-26,0 days 15:59:05.839995,882086,21.24,21.23,2098,3723,170,-55
959,ELAN,2020-06-26,0 days 15:59:07.851062,882256,21.24,21.23,4572,2153,-90025,170
960,ELAN,2020-06-26,0 days 15:59:30.904659,1036521,21.23,21.22,820,400,11099,-12883
961,ELAN,2020-06-26,0 days 15:59:31.906703,1030420,21.23,21.22,200,1105,-9311,11099
962,ELY,2020-06-26,0 days 15:58:15.950232,267078,16.07,16.06,1980,400,-1274,1826
963,ELY,2020-06-26,0 days 15:58:16.953403,265152,16.07,16.05,2851,1400,1926,-1274
964,EMR,2020-06-26,0 days 15:55:01.154372,1593801,59.82,59.81,300,2224,16630,-26170
965,EMR,2020-06-26,0 days 15:55:21.202473,1585972,59.9,59.89,300,217,-8429,7230
966,EMR,2020-06-26,0 days 15:55:22.204871,1579101,59.9,59.88,500,1074,5171,-8429
967,EMR,2020-06-26,0 days 15:55:49.269657,1565672,59.93,59.92,600,182,-15236,3464
968,EMR,2020-06-26,0 days 15:55:50.272460,1560308,59.92,59.9,300,762,5364,-15236
969,EMR,2020-06-26,0 days 15:56:01.298952,1565672,59.92,59.91,400,233,-55,3445
970,EMR,2020-06-26,0 days 15:56:04.304937,1547701,59.92,59.91,506,300,18138,-7829
971,EMR,2020-06-26,0 days 15:57:44.540026,1668925,59.93,59.92,600,1060,10487,-1113
972,EMR,2020-06-26,0 days 15:58:03.586005,1668985,59.93,59.91,1900,2622,12127,-5073
973,EMR,2020-06-26,0 days 15:59:16.766447,1755966,59.88,59.87,3703,575,-4669,8137
974,EMR,2020-06-26,0 days 15:59:17.768339,1751281,59.88,59.87,241,700,2885,-4669
975,EMR,2020-06-26,0 days 15:59:45.839100,1764380,59.86,59.85,855,400,-2286,6866
976,EMR,2020-06-26,0 days 15:59:46.841722,1756966,59.85,59.83,701,600,7414,-2286
977,EMR,2020-06-26,0 days 15:59:57.868720,1782507,59.86,59.83,900,200,10321,-18171
978,ENB,2020-06-26,0 days 15:59:03.787424,81836,29.67,29.66,992,3390,-1374,391
979,ENB,2020-06-26,0 days 15:59:04.789917,82410,29.67,29.66,892,4195,260,-1374
980,ENB,2020-06-26,0 days 15:59:09.803514,82670,29.68,29.67,3500,1985,-4709,160
981,ENB,2020-06-26,0 days 15:59:21.831460,86238,29.68,29.67,4035,1686,572,-233
982,ENB,2020-06-26,0 days 15:59:25.842594,84810,29.68,29.67,2925,1659,-528,772
983,ENLC,2020-06-26,0 days 15:57:02.559920,151982,2.4,2.39,16523,4931,-14675,4467
984,EOG,2020-06-26,0 days 15:59:33.862204,1201813,48.81,48.79,1462,800,1999,-760
985,EOG,2020-06-26,0 days 15:59:34.865826,1200612,48.81,48.79,2431,1700,-1201,1999
986,EOG,2020-06-26,0 days 15:59:39.877872,1235612,48.79,48.78,1022,200,-6391,1999
987,EPR,2020-06-26,0 days 15:59:18.889049,370643,31.7,31.69,300,710,-25600,13670
988,EPR,2020-06-26,0 days 15:59:19.893579,369643,31.67,31.64,715,1600,5922,-25600
989,EPR,2020-06-26,0 days 15:59:29.920487,374572,31.69,31.66,130,400,993,-3607
990,EPR,2020-06-26,0 days 15:59:34.931855,370643,31.69,31.67,1200,1000,-3929,993
991,EPR,2020-06-26,0 days 15:59:35.932630,370472,31.7,31.68,222,1200,171,-3929
992,EPR,2020-06-26,0 days 15:59:40.946872,370643,31.7,31.68,430,658,-519,71
993,EPR,2020-06-26,0 days 15:59:48.964244,370195,31.7,31.69,184,520,448,-1952
994,EQH,2020-06-26,0 days 15:55:00.264540,1586859,19.07,19.06,1103,4813,3754,-259090
995,EQH,2020-06-26,0 days 15:55:01.266787,1571513,19.11,19.1,1700,200,-15346,3754
996,EQH,2020-06-26,0 days 15:56:01.413003,1605313,19.11,19.1,1159,2123,-2607,2228
997,EQH,2020-06-26,0 days 15:56:30.482856,1620291,19.09,19.08,1906,304,79,-121
998,EQH,2020-06-26,0 days 15:56:52.535251,1624670,19.08,19.07,2920,253,-721,79
999,EQH,2020-06-26,0 days 15:56:53.538065,1625391,19.07,19.06,1204,1600,13879,-721
1000,EQH,2020-06-26,0 days 15:57:03.562075,1628616,19.07,19.06,1900,1793,113628,-646
1001,EQH,2020-06-26,0 days 15:59:07.868558,1818325,19.03,19.02,2910,1460,-157257,3248
1002,EQH,2020-06-26,0 days 15:59:57.970017,2026794,18.99,18.98,6648,500,9591,-95609
1003,EQNR,2020-06-26,0 days 15:59:01.061652,38625,14.28,14.27,30334,19099,5394,-8206
1004,EQNR,2020-06-26,0 days 15:59:03.066136,37519,14.28,14.27,29543,18699,-306,294
1005,EQNR,2020-06-26,0 days 15:59:36.146954,40447,14.29,14.28,45617,7252,523,-1977
1006,EQR,2020-06-26,0 days 15:59:27.792433,1233929,57.01,56.99,200,200,59429,-112788
1007,EQR,2020-06-26,0 days 15:59:28.794604,1046241,57.04,57.03,400,1000,-203588,59429
1008,EQR,2020-06-26,0 days 15:59:30.806047,1233929,57.0,56.98,400,200,63929,-111788
1009,EQR,2020-06-26,0 days 15:59:31.805791,1059841,57.02,56.99,851,2195,-174088,63929
1010,EQR,2020-06-26,0 days 15:59:32.807648,1233929,57.02,57.0,1357,276,63929,-174088
1011,EQR,2020-06-26,0 days 15:59:33.808766,1231358,57.02,56.99,1859,200,-2571,63929
1012,EQR,2020-06-26,0 days 15:59:46.841919,1234129,57.02,56.97,100,800,87696,-90964
1013,EQR,2020-06-26,0 days 15:59:47.844761,1077208,57.02,57.01,200,200,-161536,87696
1014,EQR,2020-06-26,0 days 15:59:51.854354,1243359,57.04,56.97,258,700,98275,-111971
1015,EQT,2020-06-26,0 days 15:59:18.889524,1154036,10.66,10.65,6411,9486,3047,-27934
1016,EQT,2020-06-26,0 days 15:59:25.907926,1158115,10.67,10.66,8358,7846,8268,-532
1017,EQT,2020-06-26,0 days 15:59:26.908075,1145283,10.67,10.66,8658,7705,-12832,8268
1018,EQT,2020-06-26,0 days 15:59:34.932103,1160119,10.66,10.65,5553,8361,-4196,2004
1019,EQT,2020-06-26,0 days 15:59:45.957973,1159703,10.67,10.66,4847,2325,-4612,300
1020,EROS,2020-06-26,0 days 15:59:48.942727,174491,2.91,2.9,9330,19480,2226,-574
1021,ESI,2020-06-26,0 days 15:56:48.508212,1453703,10.26,10.25,8695,5978,-2615,8957
1022,ESI,2020-06-26,0 days 15:57:05.546812,1456318,10.26,10.25,20249,5558,87552,-2615
1023,ESI,2020-06-26,0 days 15:57:06.550599,1453270,10.27,10.26,4495,6840,-3048,87552
1024,ESI,2020-06-26,0 days 15:58:48.796674,1536691,10.27,10.26,15306,8907,884,-1195
1025,ESI,2020-06-26,0 days 15:59:03.834907,1508970,10.27,10.26,4675,9872,-9038,993
1026,ESRT,2020-06-26,0 days 15:59:08.799833,671218,6.53,6.52,12547,14170,-18936,2359
1027,ESRT,2020-06-26,0 days 15:59:09.803335,665554,6.53,6.52,14448,10170,5664,-18936
1028,ESRT,2020-06-26,0 days 15:59:18.824655,682048,6.53,6.52,25431,14584,-96237,767
1029,ET,2020-06-26,0 days 15:59:00.891258,192319,7.08,7.07,27093,40552,4476,-1513
1030,ET,2020-06-26,0 days 15:59:01.888082,190195,7.08,7.07,30551,39827,-2124,4476
1031,ET,2020-06-26,0 days 15:59:12.917026,190695,7.07,7.06,41782,104076,-1624,1476
1032,ETN,2020-06-26,0 days 15:59:18.889337,1495293,85.51,85.5,250,200,-61406,32687
1033,ETN,2020-06-26,0 days 15:59:19.893825,1470999,85.49,85.47,100,300,25094,-61406
1034,ETN,2020-06-26,0 days 15:59:20.893759,1493693,85.54,85.52,500,400,-18706,25094
1035,ETN,2020-06-26,0 days 15:59:21.896010,1491699,85.52,85.48,400,300,2694,-18706
1036,ETN,2020-06-26,0 days 15:59:30.923963,1479919,85.47,85.45,1603,100,19274,-3826
1037,ETN,2020-06-26,0 days 15:59:44.956572,1509078,85.46,85.43,270,300,-26596,37762
1038,ETN,2020-06-26,0 days 15:59:48.964413,1506022,85.5,85.48,125,200,1334,-9066
1039,ETN,2020-06-26,0 days 15:59:49.961597,1516771,85.56,85.53,200,300,-9251,1334
1040,ETN,2020-06-26,0 days 15:59:58.970986,1496403,85.52,85.43,700,215,15762,-2410
1041,ETN,2020-06-26,0 days 15:59:59.980393,1518171,85.52,85.45,38529,643,-2650,15762
1042,ETN,2020-06-26,0 days 16:00:00.973121,1499421,85.45,85.43,16945,3830,8635,-2650
1043,EVRG,2020-06-26,0 days 15:52:20.759038,602318,57.78,57.76,435,500,-3280,2310
1044,EVRG,2020-06-26,0 days 15:52:23.765381,605598,57.78,57.76,636,300,2310,-3280
1045,EVRG,2020-06-26,0 days 15:52:24.767797,602318,57.78,57.77,100,500,-3280,2310
1046,EVRG,2020-06-26,0 days 15:52:43.813555,605598,57.79,57.75,725,200,2310,-3480
1047,EVRG,2020-06-26,0 days 15:55:00.155854,684546,58.03,57.99,300,825,3392,-21834
1048,EVRG,2020-06-26,0 days 15:55:39.245797,686738,58.05,58.03,391,600,-1814,562
1049,EVRG,2020-06-26,0 days 15:57:15.491225,696123,58.06,58.05,702,300,-948,2152
1050,EVRG,2020-06-26,0 days 15:57:25.496170,696671,58.03,58.0,200,900,452,-548
1051,EVRG,2020-06-26,0 days 15:57:26.499926,695923,58.03,58.0,500,1000,-548,452
1052,EVRG,2020-06-26,0 days 15:57:41.533261,697823,57.98,57.96,802,700,-248,552
1053,EVRG,2020-06-26,0 days 15:57:50.556705,698072,58.01,57.98,400,500,1251,-2749
1054,EVRG,2020-06-26,0 days 15:57:51.558411,697823,58.01,57.98,500,400,-249,1251
1055,EVRG,2020-06-26,0 days 15:58:05.591162,698072,57.97,57.96,600,300,8051,-249
1056,EVRG,2020-06-26,0 days 15:58:38.671146,699300,57.98,57.97,975,671,123,-13477
1057,EVRG,2020-06-26,0 days 15:59:00.728218,699284,58.0,57.98,300,500,9331,-4373
1058,EVRG,2020-06-26,0 days 15:59:05.739425,699623,58.04,58.01,800,1330,-9266,818
1059,EVRG,2020-06-26,0 days 15:59:06.742180,701189,58.04,58.01,400,400,22434,-9266
1060,EVRG,2020-06-26,0 days 15:59:22.780956,797412,58.11,58.08,433,501,-301,2731
1061,EVRG,2020-06-26,0 days 15:59:25.789178,796013,58.11,58.08,630,600,499,-301
1062,EVRG,2020-06-26,0 days 15:59:27.792524,797412,58.11,58.09,400,100,-10,499
1063,EW,2020-06-26,0 days 15:55:42.348827,909504,67.12,67.05,629,841,6799,-737
1064,EW,2020-06-26,0 days 15:55:43.351054,908003,67.12,67.05,830,841,-601,6799
1065,EW,2020-06-26,0 days 15:55:55.382509,918320,67.16,67.12,501,400,1983,-3817
1066,EW,2020-06-26,0 days 15:55:56.383382,915303,67.16,67.13,401,279,-3017,1983
1067,EW,2020-06-26,0 days 15:56:03.401096,917501,67.16,67.12,500,1161,1530,-3498
1068,EW,2020-06-26,0 days 15:56:16.432561,921101,67.21,67.16,400,800,5666,-1234
1069,EW,2020-06-26,0 days 15:56:17.435836,919667,67.21,67.16,200,879,-534,5666
1070,EW,2020-06-26,0 days 15:56:19.439427,919301,67.18,67.16,100,388,766,-134
1071,EW,2020-06-26,0 days 15:57:05.546812,926147,67.17,67.14,1220,1261,38,-558
1072,EW,2020-06-26,0 days 15:57:06.550566,924149,67.17,67.14,1220,1468,-1098,38
1073,EW,2020-06-26,0 days 15:57:09.556493,925247,67.17,67.14,1620,1094,1480,-198
1074,EW,2020-06-26,0 days 15:57:20.584169,917127,67.12,67.09,517,1201,-1004,1680
1075,EW,2020-06-26,0 days 15:57:35.619137,929600,67.13,67.1,400,300,2227,-5257
1076,EW,2020-06-26,0 days 15:57:39.628316,922484,67.1,67.08,200,100,22243,-1557
1077,EW,2020-06-26,0 days 15:58:58.821390,948259,67.18,67.15,900,1503,16830,-2670
1078,EW,2020-06-26,0 days 15:58:59.825179,944089,67.18,67.15,1000,1520,-8270,16830
1079,EW,2020-06-26,0 days 15:59:03.834838,961581,67.23,67.2,698,564,37,-16792
1080,EW,2020-06-26,0 days 15:59:06.841690,959761,67.23,67.2,300,1404,-1995,205
1081,EW,2020-06-26,0 days 15:59:14.863202,1002775,67.24,67.19,200,500,-20680,5720
1082,EW,2020-06-26,0 days 15:59:15.866500,1022555,67.23,67.19,675,900,1920,-20680
1083,EW,2020-06-26,0 days 15:59:16.869620,1006390,67.23,67.2,244,200,-17065,1920
1084,EW,2020-06-26,0 days 15:59:33.908499,1012204,67.17,67.15,566,100,-3118,33982
1085,EXK,2020-06-26,0 days 15:59:36.914408,17633,2.15,2.14,113914,168080,1719,-181
1086,EXK,2020-06-26,0 days 15:59:37.916709,17452,2.15,2.14,112327,168680,-181,1719
1087,FCAU,2020-06-26,0 days 15:59:42.883831,32306,9.67,9.66,50969,20332,2446,-191
1088,FCAU,2020-06-26,0 days 15:59:43.886389,32252,9.67,9.66,50969,20332,-54,2446
1089,FCAU,2020-06-26,0 days 15:59:45.892494,32306,9.67,9.66,31643,21232,2583,-54
1090,FDX,2020-06-26,0 days 15:55:00.250581,650501,130.47,130.35,300,200,-5908,16305
1091,FDX,2020-06-26,0 days 15:59:31.906585,713730,130.11,130.04,675,300,1152,-2848
1092,FDX,2020-06-26,0 days 15:59:33.908244,704582,130.06,130.03,1000,191,-1148,9652
1093,FE,2020-06-26,0 days 15:59:16.931540,1654882,36.85,36.84,2800,1800,75767,-30293
1094,FIS,2020-06-26,0 days 15:56:02.349602,2236962,130.92,130.89,440,200,-4659,7977
1095,FIS,2020-06-26,0 days 15:56:11.370657,2251114,130.88,130.84,500,300,-1988,8812
1096,FIS,2020-06-26,0 days 15:56:42.445254,2257727,130.76,130.72,700,300,-95189,2276
1097,FIS,2020-06-26,0 days 15:57:49.605664,2402712,130.54,130.52,300,400,14808,-41979
1098,FIS,2020-06-26,0 days 15:57:50.608244,2397620,130.57,130.53,400,521,-5092,14808
1099,FIS,2020-06-26,0 days 15:57:59.629920,2302712,130.46,130.41,771,135,81238,-16279
1100,FIS,2020-06-26,0 days 15:58:06.647742,2346720,130.53,130.48,1239,1661,-10585,58732
1101,FIS,2020-06-26,0 days 15:59:02.784443,2358322,130.56,130.47,771,1062,-103170,111232
1102,FIS,2020-06-26,0 days 15:59:08.799905,2301318,130.51,130.47,1249,609,150001,-10516
1103,FIS,2020-06-26,0 days 15:59:10.804562,2372697,130.52,130.49,200,327,-94129,74780
1104,FIS,2020-06-26,0 days 15:59:31.858616,2436187,130.51,130.48,300,1009,36622,-121599
1105,FIS,2020-06-26,0 days 15:59:44.892192,2436879,130.56,130.52,100,860,-177065,8956
1106,FIS,2020-06-26,0 days 15:59:58.922935,2556594,130.56,130.52,100,597,-86498,43438
1107,FIT,2020-06-26,0 days 15:59:42.946063,2187367,6.35,6.34,58763,113841,-24903,13197
1108,FIT,2020-06-26,0 days 15:59:43.951894,2180770,6.35,6.34,58763,91038,6597,-24903
1109,FIT,2020-06-26,0 days 15:59:45.949324,2187367,6.35,6.34,33760,105153,-31503,6597
1110,FIT,2020-06-26,0 days 15:59:46.951797,2182770,6.35,6.34,54460,118919,8221,-31503
1111,FIT,2020-06-26,0 days 15:59:47.954542,2190991,6.35,6.34,23424,121247,-34389,8221
1112,FRO,2020-06-26,0 days 15:55:00.198315,9432593,6.94,6.93,9699,13019,357076,-433510
1113,FRO,2020-06-26,0 days 15:55:01.200007,9571275,7.02,7.01,2689,10600,-741684,357076
1114,FRO,2020-06-26,0 days 15:57:05.501052,9774258,6.97,6.96,14389,3660,-328300,23008
1115,FRO,2020-06-26,0 days 15:58:13.662998,10064385,6.93,6.92,39100,12569,-23049,14151
1116,FRO,2020-06-26,0 days 15:59:10.804400,10212556,6.94,6.93,13334,3800,84121,-16184
1117,FRO,2020-06-26,0 days 15:59:17.821584,10212556,6.94,6.93,9677,9663,1537688,-9079
1118,FRO,2020-06-26,0 days 15:59:50.904520,11454961,7.0,6.99,2668,12476,309550,-72146
1119,FSLY,2020-06-26,0 days 15:50:28.611241,2404621,86.16,86.11,300,175,24313,-12961
1120,FSLY,2020-06-26,0 days 15:50:33.625358,2428934,86.19,86.17,100,275,-24761,24313
1121,FSLY,2020-06-26,0 days 15:51:10.712187,2405346,86.14,86.09,175,200,23588,-12961
1122,FSLY,2020-06-26,0 days 15:51:17.730407,2406046,86.14,86.13,158,175,22888,-12961
1123,FSLY,2020-06-26,0 days 15:52:09.830203,2428934,86.17,86.13,175,100,-12961,23588
1124,FSLY,2020-06-26,0 days 15:52:45.918267,2403821,86.15,86.09,375,200,25113,-24261
1125,FSLY,2020-06-26,0 days 15:53:08.972574,2429934,86.3,86.22,275,275,-26661,22888
1126,FSLY,2020-06-26,0 days 15:54:54.223679,2406046,86.2,86.1,275,557,22888,-28161
1127,FSLY,2020-06-26,0 days 15:59:07.851062,3397328,86.12,86.09,100,175,289246,-496768
1128,FSLY,2020-06-26,0 days 15:59:15.866305,3626563,86.6,86.56,1866,1032,-12049,50044
1129,FSLY,2020-06-26,0 days 15:59:18.871517,3637019,86.59,86.51,275,100,14269,-3896
1130,FSLY,2020-06-26,0 days 15:59:21.876726,3624490,86.56,86.33,497,775,-13229,112863
1131,FSLY,2020-06-26,0 days 15:59:23.880370,3595319,86.53,86.33,100,242,39971,-3122
1132,FSLY,2020-06-26,0 days 15:59:26.887516,3629190,86.58,86.51,100,300,-9422,40771
1133,FSLY,2020-06-26,0 days 15:59:30.904659,3644512,86.57,86.3,681,275,7078,-4194
1134,FSM,2020-06-26,0 days 15:59:40.829995,93983,4.77,4.76,137876,5492,579,-1121
1135,FSM,2020-06-26,0 days 15:59:48.847908,92662,4.76,4.75,70405,92531,-1321,2379
1136,FTCH,2020-06-26,0 days 15:57:41.696796,152830,17.47,17.46,1850,5526,-5232,585
1137,FTCH,2020-06-26,0 days 15:59:21.938528,163735,17.51,17.5,4511,3736,-14747,1901
1138,FTCH,2020-06-26,0 days 15:59:22.940778,161982,17.5,17.49,5439,1526,1753,-14747
1139,FTI,2020-06-26,0 days 15:59:44.956541,522354,7.04,7.03,23719,25877,4709,-1348
1140,FTI,2020-06-26,0 days 15:59:46.961754,506259,7.04,7.03,28416,25586,-17658,4709
1141,GDDY,2020-06-26,0 days 15:57:54.899787,529478,71.87,71.82,1580,511,106,-1994
1142,GDDY,2020-06-26,0 days 15:57:56.904058,525484,71.9,71.89,743,282,-3994,3406
1143,GDDY,2020-06-26,0 days 15:58:02.918965,529478,71.91,71.89,648,626,1506,-3994
1144,GDDY,2020-06-26,0 days 15:58:04.925453,515484,71.94,71.91,200,1099,-14594,7006
1145,GDDY,2020-06-26,0 days 15:58:26.977914,524942,71.86,71.84,2034,435,-4536,464
1146,GDDY,2020-06-26,0 days 15:59:01.061558,530775,71.93,71.87,540,609,846,-6657
1147,GDDY,2020-06-26,0 days 15:59:03.066108,531621,71.96,71.93,600,544,-1642,846
1148,GE,2020-06-26,0 days 15:57:02.399924,16021188,6.48,6.47,321549,283317,209786,-1010841
1149,GFI,2020-06-26,0 days 15:58:58.720432,138587,8.94,8.93,39959,63657,-203,1197
1150,GIS,2020-06-26,0 days 15:57:52.894431,1324775,59.38,59.37,131,1200,11304,-8696
1151,GIS,2020-06-26,0 days 15:57:53.904247,1302379,59.41,59.4,1056,100,-22396,11304
1152,GIS,2020-06-26,0 days 15:57:56.904058,1324875,59.42,59.4,17124,850,3244,-8696
1153,GIS,2020-06-26,0 days 15:57:57.908254,1319679,59.42,59.4,17224,750,-5196,3244
1154,GIS,2020-06-26,0 days 15:58:09.937024,1313179,59.4,59.38,1251,1850,-11612,6888
1155,GIS,2020-06-26,0 days 15:59:52.188712,1899098,59.2,59.19,1250,706,11670,-18922
1156,GIS,2020-06-26,0 days 16:00:00.360611,1880832,59.22,59.19,8279,94939,-18366,13170
1157,GLW,2020-06-26,0 days 15:50:01.596107,2712472,25.28,25.26,1489,994,-3146,13554
1158,GLW,2020-06-26,0 days 15:55:00.314938,3090376,25.34,25.33,2204,6577,151598,-67287
1159,GLW,2020-06-26,0 days 15:59:15.928853,3530510,25.36,25.35,13563,10602,10237,-7460
1160,GM,2020-06-26,0 days 15:58:25.639133,2601545,24.44,24.43,12905,2468,65241,-23059
1161,GM,2020-06-26,0 days 15:58:26.641254,2596686,24.44,24.43,18194,3239,-67607,65241
1162,GM,2020-06-26,0 days 15:59:06.741747,2670293,24.47,24.46,6248,13048,137723,-66254
1163,GM,2020-06-26,0 days 15:59:07.750442,2582781,24.48,24.47,6639,11654,-113063,137723
1164,GM,2020-06-26,0 days 15:59:16.766534,2710873,24.47,24.46,14538,14795,33239,-23131
1165,GM,2020-06-26,0 days 15:59:17.768392,2692008,24.47,24.46,15540,9902,-20713,33239
1166,GM,2020-06-26,0 days 15:59:29.801931,2722111,24.47,24.46,16747,2300,-4542,7958
1167,GM,2020-06-26,0 days 15:59:38.824409,2684966,24.45,24.44,52002,6347,-41687,2157
1168,GM,2020-06-26,0 days 15:59:44.840927,2706741,24.45,24.44,43477,15363,-20112,151560
1169,GM,2020-06-26,0 days 15:59:45.839165,2726853,24.45,24.44,49863,6511,12656,-20112
1170,GM,2020-06-26,0 days 15:59:47.844635,2735526,24.46,24.45,7854,600,-18769,1120
1171,GM,2020-06-26,0 days 15:59:48.847192,2754495,24.46,24.45,7551,1908,52598,-18769
1172,GME,2020-06-26,0 days 15:59:17.886533,875732,4.33,4.32,10753,12896,-13925,31051
1173,GME,2020-06-26,0 days 15:59:18.889245,863557,4.33,4.32,11176,11346,12175,-13925
1174,GOL,2020-06-26,0 days 15:59:00.891818,8700,6.69,6.68,7284,10404,473,-502
1175,GOL,2020-06-26,0 days 15:59:35.974789,9932,6.69,6.68,6268,16484,-968,1232
1176,GOL,2020-06-26,0 days 15:59:36.977678,9800,6.69,6.68,6268,16484,132,-968
1177,GOLD,2020-06-26,0 days 15:56:32.488532,273205,25.86,25.85,40925,5396,-4315,1185
1178,GOLD,2020-06-26,0 days 15:57:22.607864,273669,25.86,25.85,15564,26512,-3851,649
1179,GOLD,2020-06-26,0 days 15:59:15.881817,296998,25.86,25.85,12639,34033,403,-2130
1180,GOLD,2020-06-26,0 days 15:59:49.961740,295948,25.86,25.85,1749,38939,-1050,2550
1181,GPK,2020-06-26,0 days 15:59:18.102012,1331266,13.28,13.27,5521,9789,5776,-55424
1182,GPN,2020-06-26,0 days 15:55:00.111686,3893752,163.91,163.8,200,778,-593869,1028988
1183,GPN,2020-06-26,0 days 15:57:45.503147,4562050,163.23,163.15,1822,100,31796,-32903
1184,GPN,2020-06-26,0 days 15:57:46.505001,4529886,163.2,163.14,300,311,-32164,31796
1185,GPN,2020-06-26,0 days 15:57:49.512329,4562050,163.2,163.14,1520,306,1736,-3364
1186,GPN,2020-06-26,0 days 15:57:50.516445,4557086,163.2,163.15,1510,100,-4964,1736
1187,GPN,2020-06-26,0 days 15:57:57.533019,4562050,163.2,162.94,100,100,119579,-63564
1188,GPN,2020-06-26,0 days 15:58:00.541051,4613429,163.2,162.94,400,1012,-4121,5879
1189,GPN,2020-06-26,0 days 15:58:10.563554,4561029,163.11,163.01,1706,200,-45332,4668
1190,GPN,2020-06-26,0 days 15:58:18.583426,4562361,163.05,162.99,400,360,49878,-132
1191,GPN,2020-06-26,0 days 15:58:23.594878,4562362,163.05,163.01,200,400,42967,-4886
1192,GPN,2020-06-26,0 days 15:58:33.619858,4564772,163.01,162.97,100,200,44557,-48396
1193,GPN,2020-06-26,0 days 15:58:34.623476,4564329,163.05,162.97,100,100,-443,44557
1194,GPN,2020-06-26,0 days 15:58:36.626471,4566572,162.99,162.94,400,206,52667,-443
1195,GPN,2020-06-26,0 days 15:58:39.634067,4619239,162.97,162.92,100,300,-2307,29990
1196,GPN,2020-06-26,0 days 15:58:40.636604,4613846,162.98,162.88,100,3364,2993,-2307
1197,GPN,2020-06-26,0 days 15:58:43.644393,4619239,162.96,162.9,100,100,-2307,29990
1198,GPN,2020-06-26,0 days 15:58:44.647543,4613846,162.96,162.88,353,2664,5393,-2307
1199,GPN,2020-06-26,0 days 15:58:59.682962,4568691,163.05,163.02,100,200,-51204,45603
1200,GPN,2020-06-26,0 days 15:59:02.690965,4561595,163.09,163.04,526,1205,1443,-7447
1201,GPN,2020-06-26,0 days 15:59:03.694740,4558738,163.07,163.04,412,1605,-2857,1443
1202,GPN,2020-06-26,0 days 15:59:05.700893,4562745,163.2,163.17,100,200,18701,-7488
1203,GPN,2020-06-26,0 days 15:59:06.701653,4528146,163.26,163.17,100,796,-35005,18701
1204,GPN,2020-06-26,0 days 15:59:07.705067,4563140,163.15,163.12,200,100,51023,-35005
1205,GPN,2020-06-26,0 days 15:59:09.710340,4494255,163.26,163.12,519,1568,-68896,3015
1206,GPN,2020-06-26,0 days 15:59:10.711864,4563140,163.24,163.19,765,100,59539,-68896
1207,GPN,2020-06-26,0 days 15:59:11.714530,4484809,163.43,163.28,236,1239,-78342,59539
1208,GPN,2020-06-26,0 days 15:59:12.717994,4563140,163.12,163.11,200,610,320639,-78342
1209,GPN,2020-06-26,0 days 15:59:16.729146,4571248,163.67,163.62,300,100,44626,-82985
1210,GPN,2020-06-26,0 days 15:59:17.728719,4390556,163.77,163.75,100,100,-1113880,44626
