,Symbol,Timestamp,TIME,iPaired,Ask_P,Bid_P,Ask_S,Bid_S,iShares,PreviShares
0,A,2020-02-03,0 days 15:56:03.318225,114554,82.21,82.19,1172,619,318,-1074
1,A,2020-02-03,0 days 15:56:04.320392,113872,82.21,82.2,723,503,-682,318
2,A,2020-02-03,0 days 15:56:29.380325,114070,82.16,82.15,700,497,-384,216
3,A,2020-02-03,0 days 15:56:51.433987,114754,82.17,82.15,384,1371,107,-609
4,A,2020-02-03,0 days 15:56:52.436307,114261,82.18,82.15,918,1476,-493,107
5,A,2020-02-03,0 days 15:57:21.507743,115426,82.15,82.13,1516,876,222,-905
6,A,2020-02-03,0 days 15:57:22.510343,114948,82.15,82.13,1616,662,-478,222
7,A,2020-02-03,0 days 15:57:36.544971,115426,82.14,82.13,1016,302,346,-369
8,A,2020-02-03,0 days 15:58:07.621518,130436,82.21,82.2,135,1000,-1718,292
9,A,2020-02-03,0 days 15:58:08.623019,129354,82.21,82.2,135,1104,282,-1718
10,A,2020-02-03,0 days 15:58:52.729437,131352,82.16,82.15,600,500,-6010,5190
11,A,2020-02-03,0 days 15:58:53.731768,126262,82.15,82.13,300,800,5090,-6010
12,A,2020-02-03,0 days 15:59:06.766264,139020,82.13,82.12,100,1700,-176,724
13,A,2020-02-03,0 days 15:59:32.828359,163420,82.16,82.14,700,300,-547,4353
14,A,2020-02-03,0 days 15:59:35.835366,163967,82.15,82.13,800,1225,3158,-347
15,A,2020-02-03,0 days 15:59:49.869956,160314,82.15,82.13,137,2088,-3946,3959
16,A,2020-02-03,0 days 15:59:57.886041,163614,82.15,82.14,300,1300,-646,2859
17,AA,2020-02-03,0 days 15:55:33.266828,237880,14.22,14.21,5352,5895,2475,-3525
18,AA,2020-02-03,0 days 15:55:34.268542,237455,14.22,14.21,6154,6395,-425,2475
19,AA,2020-02-03,0 days 15:57:21.527719,243325,14.21,14.2,13314,11646,2151,-773
20,AA,2020-02-03,0 days 15:57:22.529968,242776,14.21,14.2,13514,11846,-549,2151
21,AA,2020-02-03,0 days 15:57:39.571610,246999,14.22,14.21,2600,16014,1293,-3187
22,AA,2020-02-03,0 days 15:57:40.573994,246292,14.23,14.22,9812,7789,-707,1293
23,ABBV,2020-02-03,0 days 15:55:00.121111,777818,82.22,82.21,500,1471,9467,-295275
24,ABBV,2020-02-03,0 days 15:55:01.123885,765682,82.24,82.23,777,1400,-14153,9467
25,ABBV,2020-02-03,0 days 15:55:34.204399,779870,82.23,82.22,2199,300,7691,-181
26,ABBV,2020-02-03,0 days 15:55:35.207572,770361,82.23,82.22,2853,100,-9509,7691
27,ABBV,2020-02-03,0 days 15:56:09.289274,782167,82.24,82.23,3700,1306,649,-251
28,ABBV,2020-02-03,0 days 15:56:10.291686,776794,82.24,82.23,2500,1414,-5373,649
29,ABBV,2020-02-03,0 days 15:58:54.691047,805690,82.21,82.2,1400,924,662,-12348
30,ABBV,2020-02-03,0 days 15:58:55.692802,801552,82.21,82.2,1500,919,-3922,662
31,ABBV,2020-02-03,0 days 15:59:05.719783,830741,82.23,82.22,1300,1000,53823,-6890
32,ABBV,2020-02-03,0 days 15:59:10.730126,828524,82.25,82.24,1300,100,-7599,86
33,ABBV,2020-02-03,0 days 15:59:11.732973,836123,82.25,82.24,400,899,6912,-7599
34,ABBV,2020-02-03,0 days 15:59:12.735921,832435,82.24,82.23,233,1600,-3688,6912
35,ABBV,2020-02-03,0 days 15:59:15.742457,846630,82.25,82.24,366,2805,7505,-11195
36,ABBV,2020-02-03,0 days 15:59:16.745347,848635,82.25,82.24,399,3824,-1684,7505
37,ABEV,2020-02-03,0 days 15:59:36.681330,270056,4.13,4.12,774309,407533,-111744,131846
38,ABEV,2020-02-03,0 days 15:59:37.684119,263400,4.13,4.12,779309,394322,6656,-111744
39,ABR,2020-02-03,0 days 15:57:44.516271,25397,14.92,14.91,3450,2908,948,-552
40,ABR,2020-02-03,0 days 15:57:45.518684,24945,14.92,14.91,3425,2908,-452,948
41,ABR,2020-02-03,0 days 15:59:08.720324,25497,14.91,14.9,1484,6409,73,-493
42,ABR,2020-02-03,0 days 15:59:09.722455,24770,14.91,14.9,1141,6809,-527,73
43,ABT,2020-02-03,0 days 15:59:42.695985,935998,87.05,87.04,1478,300,-4036,1870
44,ABT,2020-02-03,0 days 15:59:43.697966,935900,87.04,87.03,699,117,698,-4036
45,ACB,2020-02-03,0 days 15:59:39.753112,83717,2.0,1.99,625744,600696,-8935,1965
46,ACB,2020-02-03,0 days 15:59:40.757393,82152,2.0,1.99,625744,591096,1565,-8935
47,ACM,2020-02-03,0 days 15:55:00.121085,380765,47.64,47.62,803,789,12513,-6736
48,ACM,2020-02-03,0 days 15:55:01.123859,378778,47.64,47.62,872,789,-1987,12513
49,ACM,2020-02-03,0 days 15:56:47.381318,382640,47.64,47.62,1010,615,82,-3795
50,ACM,2020-02-03,0 days 15:56:49.385637,380922,47.64,47.62,1114,989,-1718,82
51,ACM,2020-02-03,0 days 15:57:34.495426,385992,47.64,47.63,901,10,730,-3021
52,ACM,2020-02-03,0 days 15:57:35.497932,384322,47.64,47.63,801,416,-1670,730
53,ACM,2020-02-03,0 days 15:57:37.503238,385992,47.64,47.63,197,980,2530,-1270
54,ACM,2020-02-03,0 days 15:57:38.505445,384322,47.65,47.63,1300,971,-1670,2530
55,ACM,2020-02-03,0 days 15:57:39.507845,386084,47.65,47.63,1300,1026,2038,-1670
56,ACM,2020-02-03,0 days 15:57:40.510358,385122,47.64,47.63,956,756,-1105,2038
57,ACM,2020-02-03,0 days 15:57:48.530244,386323,47.63,47.62,768,565,2402,-1501
58,ACM,2020-02-03,0 days 15:58:04.570319,396356,47.64,47.63,1016,667,-464,3027
59,ACM,2020-02-03,0 days 15:59:07.723207,411795,47.64,47.63,682,1713,180,-2620
60,ACM,2020-02-03,0 days 15:59:13.737649,411675,47.66,47.64,854,925,-329,180
61,ACM,2020-02-03,0 days 15:59:21.757115,410497,47.66,47.65,942,993,-1507,4493
62,ACM,2020-02-03,0 days 15:59:47.820864,420061,47.64,47.61,722,294,-557,9080
63,ACN,2020-02-03,0 days 15:55:00.105549,330947,207.69,207.66,340,98,33215,-62724
64,ADM,2020-02-03,0 days 15:59:07.706115,423259,44.98,44.97,3599,2912,1785,-33015
65,ADM,2020-02-03,0 days 15:59:08.709105,420466,44.98,44.97,4178,1915,-2793,1785
66,ADM,2020-02-03,0 days 15:59:15.727172,423904,44.98,44.97,900,4899,237,-2461
67,ADM,2020-02-03,0 days 15:59:17.730440,423706,44.99,44.98,1551,3885,-198,237
68,ADM,2020-02-03,0 days 15:59:18.732765,423904,44.99,44.98,354,6414,302,-198
69,ADM,2020-02-03,0 days 15:59:19.735227,421172,44.99,44.98,461,5236,-2732,302
70,ADM,2020-02-03,0 days 15:59:44.796606,424804,44.98,44.97,3795,1938,781,-298
71,ADM,2020-02-03,0 days 15:59:57.827613,426747,44.96,44.95,2900,8153,1034,-11876
72,ADNT,2020-02-03,0 days 15:56:01.333676,168768,26.24,26.23,211,3720,-1287,13
73,ADNT,2020-02-03,0 days 15:56:02.335772,165155,26.24,26.23,211,3720,3613,-1287
74,ADNT,2020-02-03,0 days 15:56:47.444817,169570,26.28,26.27,900,195,-2944,656
75,ADNT,2020-02-03,0 days 15:56:48.447047,165614,26.28,26.27,1000,1495,3956,-2944
76,ADNT,2020-02-03,0 days 15:57:17.518368,170087,26.17,26.16,900,806,-7274,5979
77,ADNT,2020-02-03,0 days 15:58:06.638131,278574,26.2,26.19,1198,364,4269,-4130
78,ADNT,2020-02-03,0 days 15:58:07.640948,270843,26.2,26.19,1098,465,-6431,4269
79,ADNT,2020-02-03,0 days 15:58:29.693831,279274,26.2,26.19,1987,3218,3230,-5770
80,ADNT,2020-02-03,0 days 15:58:30.695563,272504,26.2,26.19,2024,3323,-5370,3230
81,ADNT,2020-02-03,0 days 15:58:41.722489,271404,26.19,26.18,900,516,-5970,1430
82,ADNT,2020-02-03,0 days 15:59:28.835465,282310,26.2,26.19,1223,1597,35,-2465
83,ADNT,2020-02-03,0 days 15:59:33.847924,282345,26.2,26.19,1907,3324,-65,35
84,ADNT,2020-02-03,0 days 15:59:35.852713,282410,26.2,26.19,2718,3645,1935,-65
85,ADNT,2020-02-03,0 days 15:59:39.862739,284345,26.2,26.19,5348,3255,-2682,1935
86,ADNT,2020-02-03,0 days 15:59:47.881545,288827,26.2,26.19,5011,779,124,-385
87,ADNT,2020-02-03,0 days 15:59:57.906321,236027,26.15,26.14,10235,4495,43837,-10663
88,ADNT,2020-02-03,0 days 15:59:58.908380,279864,26.19,26.15,6571,346,-6663,43837
89,AEE,2020-02-03,0 days 15:55:01.024936,136918,82.6,82.59,100,766,-3989,4408
90,AEE,2020-02-03,0 days 15:55:02.024887,135207,82.6,82.59,202,1025,1711,-3989
91,AEE,2020-02-03,0 days 15:56:03.172554,137041,82.63,82.61,702,1200,-328,379
92,AEE,2020-02-03,0 days 15:56:04.175365,135569,82.63,82.62,402,200,1351,-328
93,AEE,2020-02-03,0 days 15:56:50.284981,136920,82.66,82.65,266,948,-2919,511
94,AEE,2020-02-03,0 days 15:56:51.287345,135691,82.66,82.65,666,703,1229,-2919
95,AEE,2020-02-03,0 days 15:57:25.370377,138864,82.62,82.61,475,200,-373,330
96,AEE,2020-02-03,0 days 15:57:26.373212,138037,82.62,82.61,678,100,827,-373
97,AEE,2020-02-03,0 days 15:57:33.390451,138753,82.64,82.63,302,100,-52,1006
98,AEE,2020-02-03,0 days 15:57:34.391698,138005,82.65,82.63,902,957,748,-52
99,AEE,2020-02-03,0 days 15:57:35.394108,138753,82.65,82.63,902,957,-52,748
100,AEE,2020-02-03,0 days 15:57:36.396485,138105,82.65,82.63,902,1004,648,-52
101,AEE,2020-02-03,0 days 15:57:37.399048,138753,82.65,82.63,996,900,-552,648
102,AEE,2020-02-03,0 days 15:57:38.400922,138105,82.65,82.63,997,900,648,-552
103,AEE,2020-02-03,0 days 15:57:50.431039,138753,82.65,82.64,897,904,-552,548
104,AEE,2020-02-03,0 days 15:57:51.432160,138205,82.65,82.64,1097,904,548,-552
105,AEE,2020-02-03,0 days 15:57:53.437127,138753,82.65,82.64,1097,804,-952,548
106,AEE,2020-02-03,0 days 15:57:54.438984,138205,82.64,82.63,55,900,548,-952
107,AEE,2020-02-03,0 days 15:58:08.474302,146511,82.66,82.65,335,1738,1255,-8
108,AEE,2020-02-03,0 days 15:59:05.612691,149010,82.66,82.65,136,711,-4542,1428
109,AEE,2020-02-03,0 days 15:59:23.648899,149607,82.65,82.64,112,1144,511,-439
110,AEE,2020-02-03,0 days 15:59:24.651280,150118,82.66,82.65,371,742,-401,511
111,AEE,2020-02-03,0 days 15:59:28.662010,149958,82.67,82.66,200,392,40,-60
112,AEE,2020-02-03,0 days 15:59:38.686912,150118,82.67,82.65,531,772,-4112,40
113,AEO,2020-02-03,0 days 15:55:01.530452,171648,14.41,14.4,20167,6187,-2798,3770
114,AEO,2020-02-03,0 days 15:56:57.810977,174546,14.41,14.4,23908,15896,302,-204
115,AEO,2020-02-03,0 days 15:56:58.813278,174854,14.41,14.4,23608,15596,-4090,302
116,AEO,2020-02-03,0 days 15:57:09.840706,169096,14.41,14.4,24169,15749,5758,-4342
117,AEO,2020-02-03,0 days 15:57:45.928440,192660,14.41,14.4,25387,27572,-1997,1403
118,AEO,2020-02-03,0 days 15:57:46.930898,191457,14.41,14.4,25787,27572,1203,-1997
119,AEO,2020-02-03,0 days 15:58:35.048252,196335,14.41,14.4,23200,32154,-3509,2791
120,AEO,2020-02-03,0 days 15:58:36.050096,194244,14.41,14.4,23518,28752,2091,-3509
121,AEO,2020-02-03,0 days 15:59:05.122426,218513,14.41,14.4,22586,30827,-1719,205
122,AEP,2020-02-03,0 days 15:57:29.379743,668555,104.32,104.31,393,405,431,-169
123,AEP,2020-02-03,0 days 15:57:31.385327,669141,104.33,104.31,1173,441,-5555,206
124,AEP,2020-02-03,0 days 15:59:12.629224,724074,104.31,104.3,294,492,1207,-1391
125,AEP,2020-02-03,0 days 15:59:14.634284,725281,104.34,104.31,1062,1214,-893,1207
126,AEP,2020-02-03,0 days 15:59:44.700945,722591,104.32,104.31,891,964,-9705,8821
127,AEP,2020-02-03,0 days 15:59:46.706073,729896,104.32,104.3,500,503,849,-6185
128,AEP,2020-02-03,0 days 15:59:55.727692,731196,104.26,104.23,6680,300,4098,-3002
129,AES,2020-02-03,0 days 15:57:30.469429,391503,20.33,20.32,15126,22337,13524,-6676
130,AES,2020-02-03,0 days 15:57:31.471765,379427,20.33,20.32,15352,23109,-12076,13524
131,AES,2020-02-03,0 days 15:58:05.555279,414381,20.33,20.32,18390,27815,8310,-27777
132,AES,2020-02-03,0 days 15:58:06.559219,411615,20.33,20.32,15690,28973,-2766,8310
133,AES,2020-02-03,0 days 15:58:12.571696,414381,20.33,20.32,14045,32127,34,-2766
134,AES,2020-02-03,0 days 15:59:07.706030,437389,20.33,20.32,17795,27334,9017,-31283
135,AES,2020-02-03,0 days 15:59:08.708822,427006,20.33,20.32,16936,26544,-10383,9017
136,AES,2020-02-03,0 days 15:59:40.787451,446670,20.33,20.32,24827,27756,358,-2439
137,AES,2020-02-03,0 days 15:59:48.806399,439981,20.33,20.32,21548,28611,-6689,2211
138,AFL,2020-02-03,0 days 15:59:16.696268,539482,52.01,52.0,3358,2279,63500,-9839
139,AFL,2020-02-03,0 days 15:59:42.759732,602792,52.01,52.0,1440,2189,-2122,3878
140,AFL,2020-02-03,0 days 15:59:43.761866,601909,52.01,52.0,1840,2189,883,-2122
141,AFL,2020-02-03,0 days 15:59:44.765199,602792,52.01,52.0,3915,1748,-1317,883
142,AFL,2020-02-03,0 days 15:59:45.766489,602381,52.01,52.0,1632,2181,411,-1317
143,AG,2020-02-03,0 days 15:58:03.550531,60213,9.81,9.8,35363,6223,-1384,16
144,AIG,2020-02-03,0 days 15:55:00.106353,251237,51.17,51.16,3293,4586,-3386,41947
145,AIG,2020-02-03,0 days 15:55:17.148317,249826,51.19,51.18,1245,5523,585,-515
146,AIG,2020-02-03,0 days 15:55:36.193527,250411,51.2,51.19,3510,9836,-541,459
147,AIG,2020-02-03,0 days 15:55:37.196186,250152,51.2,51.19,2210,9796,259,-541
148,AIG,2020-02-03,0 days 15:56:33.330505,285994,51.21,51.2,3593,1500,-8658,742
149,AIG,2020-02-03,0 days 15:56:48.366756,294839,51.21,51.2,3278,2792,2788,-3745
150,AIG,2020-02-03,0 days 15:56:49.369060,291227,51.21,51.2,2156,3592,-3612,2788
151,AIG,2020-02-03,0 days 15:57:19.442082,295629,51.19,51.18,7214,2196,472,-1028
152,AIG,2020-02-03,0 days 15:57:20.445318,292401,51.19,51.18,7034,2366,-3228,472
153,AIG,2020-02-03,0 days 15:57:56.532728,325531,51.19,51.18,2531,2741,3505,-3325
154,AIG,2020-02-03,0 days 15:57:57.534634,320036,51.19,51.18,1531,3241,-4525,3505
155,AIG,2020-02-03,0 days 15:58:07.561255,319676,51.19,51.18,500,4734,25145,-4870
156,AIG,2020-02-03,0 days 15:58:08.562283,315921,51.2,51.19,4548,1954,-3755,25145
157,AIG,2020-02-03,0 days 15:59:05.703140,335556,51.2,51.19,2344,2709,8357,-4573
158,AIG,2020-02-03,0 days 15:59:06.705089,333913,51.2,51.19,1545,3659,-1381,8357
159,AIG,2020-02-03,0 days 15:59:41.789174,345627,51.21,51.2,3174,3644,37148,-2552
160,AIG,2020-02-03,0 days 15:59:42.791746,349319,51.22,51.21,1694,2292,-36545,37148
161,AKS,2020-02-03,0 days 15:59:15.804552,507464,2.88,2.87,286159,111869,-12495,941
162,ALB,2020-02-03,0 days 15:55:00.165980,195324,80.82,80.8,412,571,-2064,34139
163,ALB,2020-02-03,0 days 15:57:01.457581,231447,80.53,80.48,717,670,3135,-1170
164,ALB,2020-02-03,0 days 15:57:36.544674,236416,80.56,80.53,894,210,-35,365
165,ALB,2020-02-03,0 days 15:57:38.549625,236451,80.55,80.52,693,400,765,-35
166,ALB,2020-02-03,0 days 15:58:51.727159,242299,80.53,80.51,100,666,-3145,3544
167,ALB,2020-02-03,0 days 15:58:52.728829,233044,80.53,80.51,100,566,9255,-3145
168,ALB,2020-02-03,0 days 15:58:59.746271,244699,80.51,80.49,201,9,-945,4355
169,ALB,2020-02-03,0 days 15:59:00.749846,239244,80.52,80.51,581,100,3175,-945
170,ALB,2020-02-03,0 days 15:59:07.766899,282204,80.61,80.59,149,500,-20364,30736
171,ALB,2020-02-03,0 days 15:59:08.769905,277213,80.56,80.54,99,700,5491,-20364
172,ALB,2020-02-03,0 days 15:59:15.786710,282204,80.6,80.58,95,500,-7810,3985
173,ALB,2020-02-03,0 days 15:59:16.789834,278414,80.61,80.59,307,619,4716,-7810
174,ALB,2020-02-03,0 days 15:59:38.843321,284062,80.72,80.7,828,300,2428,-992
175,ALLY,2020-02-03,0 days 15:55:40.625379,281285,32.0,31.99,15863,1100,10,-8590
176,ALLY,2020-02-03,0 days 15:56:07.690783,274540,31.98,31.97,18680,984,-6345,1155
177,ALLY,2020-02-03,0 days 15:57:37.909303,291601,31.94,31.93,9802,9859,84,-2171
178,ALLY,2020-02-03,0 days 15:57:40.916933,282485,31.97,31.96,1966,11856,-10016,84
179,ALLY,2020-02-03,0 days 15:59:40.202228,333983,32.01,32.0,4300,8980,2721,-6926
180,ALLY,2020-02-03,0 days 15:59:42.204926,329981,32.01,32.0,4569,11836,-4020,8004
181,AM,2020-02-03,0 days 15:57:38.569593,305129,5.16,5.15,24883,16948,6649,-14272
182,AM,2020-02-03,0 days 15:57:39.571610,291578,5.16,5.15,24703,16648,-13551,6649
183,AMX,2020-02-03,0 days 15:57:28.544601,60539,16.94,16.93,28883,21263,-1705,345
184,AMX,2020-02-03,0 days 15:57:29.548028,54444,16.94,16.93,29683,20963,6095,-1705
185,AMX,2020-02-03,0 days 15:57:54.607812,61139,16.94,16.93,32353,16021,-4805,6695
186,AMX,2020-02-03,0 days 15:57:55.610103,54444,16.94,16.93,34224,15221,6695,-4805
187,AMX,2020-02-03,0 days 15:59:04.779841,61296,16.93,16.92,7356,34122,-6666,61
188,ANF,2020-02-03,0 days 15:55:49.647867,102744,16.39,16.38,3595,7659,-1927,973
189,ANF,2020-02-03,0 days 15:55:50.649947,101971,16.39,16.38,3795,8474,773,-1927
190,ANF,2020-02-03,0 days 15:56:09.695448,102744,16.39,16.38,4395,8159,-107,773
191,ANF,2020-02-03,0 days 15:56:10.697910,102051,16.39,16.38,4195,8159,693,-107
192,ANF,2020-02-03,0 days 15:56:41.772791,102744,16.39,16.38,6284,5992,-107,693
193,ANF,2020-02-03,0 days 15:57:31.894476,105703,16.37,16.36,4141,6683,-167,633
194,ANF,2020-02-03,0 days 15:57:32.897036,105170,16.37,16.36,4041,6683,533,-167
195,ANF,2020-02-03,0 days 15:57:54.950814,106597,16.37,16.36,8189,2670,-738,562
196,ANF,2020-02-03,0 days 15:57:55.953554,106435,16.37,16.36,8189,2470,162,-738
197,ANF,2020-02-03,0 days 15:59:05.122358,107357,16.35,16.34,10502,7492,-3605,377
198,ANF,2020-02-03,0 days 15:59:28.171880,121557,16.36,16.35,3007,2993,-2372,8061
199,ANF,2020-02-03,0 days 15:59:29.172929,121029,16.35,16.34,500,6027,328,-2372
200,ANF,2020-02-03,0 days 15:59:30.181482,121557,16.36,16.35,3350,3582,-472,328
201,ANF,2020-02-03,0 days 15:59:33.183287,121029,16.35,16.34,4276,4758,28,-472
202,ANF,2020-02-03,0 days 15:59:43.208335,129092,16.36,16.35,2465,4294,-3631,6500
203,ANTM,2020-02-03,0 days 15:55:00.036587,173610,266.12,266.07,300,27,2133,-24982
204,ANTM,2020-02-03,0 days 15:55:01.025179,172486,266.16,266.1,1,102,-1312,2133
205,ANTM,2020-02-03,0 days 15:56:48.280836,182468,266.52,266.4,300,200,541,-959
206,ANTM,2020-02-03,0 days 15:56:50.285002,183009,266.52,266.43,214,300,-765,541
207,ANTM,2020-02-03,0 days 15:56:51.287376,182374,266.5,266.43,200,298,635,-765
208,ANTM,2020-02-03,0 days 15:56:59.307265,183051,266.5,266.45,469,50,-2565,677
209,ANTM,2020-02-03,0 days 15:57:00.310531,182716,266.5,266.45,469,50,335,-2565
210,ANTM,2020-02-03,0 days 15:57:34.391725,183453,266.43,266.38,75,287,-1578,50
211,ANTM,2020-02-03,0 days 15:57:52.434225,192831,266.39,266.31,405,42,22,-1378
212,ANTM,2020-02-03,0 days 15:57:53.437157,191853,266.39,266.31,605,42,-978,22
213,ANTM,2020-02-03,0 days 15:58:19.500661,191731,266.31,266.27,200,100,980,-520
214,ANTM,2020-02-03,0 days 15:58:21.505565,192078,266.31,266.27,100,122,-353,180
215,ANTM,2020-02-03,0 days 15:58:22.508203,192031,266.35,266.27,400,172,47,-353
216,ANTM,2020-02-03,0 days 15:58:38.546166,191978,266.38,266.32,304,581,-1153,47
217,ANTM,2020-02-03,0 days 15:58:39.548547,191731,266.32,266.22,210,400,1047,-1153
218,ANTM,2020-02-03,0 days 15:58:51.579063,192099,266.36,266.28,110,200,-4548,52
219,ANTM,2020-02-03,0 days 15:58:55.586927,196647,266.38,266.32,204,300,552,-1548
220,ANTM,2020-02-03,0 days 15:58:56.589390,196199,266.37,266.28,100,200,-448,552
221,ANTM,2020-02-03,0 days 15:59:04.610005,198495,266.37,266.33,34,417,750,-596
222,ANTM,2020-02-03,0 days 15:59:09.621971,199245,266.47,266.37,206,1116,-39,13
223,ANTM,2020-02-03,0 days 15:59:20.642123,201856,266.59,266.5,300,258,-140,260
224,ANTM,2020-02-03,0 days 15:59:32.671677,203857,266.61,266.55,102,400,99,-318
225,ANTM,2020-02-03,0 days 15:59:34.676349,201856,266.55,266.49,800,30,-201,1499
226,ANTM,2020-02-03,0 days 15:59:35.678732,200457,266.49,266.43,500,1,1399,-201
227,ANTM,2020-02-03,0 days 15:59:37.684210,202156,266.53,266.43,1160,401,-61,99
228,ANTM,2020-02-03,0 days 15:59:39.688895,202217,266.47,266.42,621,210,139,-1861
229,ANTM,2020-02-03,0 days 15:59:40.691479,202056,266.53,266.47,10,20,-161,139
230,ANTM,2020-02-03,0 days 15:59:50.715913,202787,266.41,266.33,1000,100,8038,-140
231,AOS,2020-02-03,0 days 15:55:00.106104,195158,42.29,42.28,1890,817,-3043,4
232,AOS,2020-02-03,0 days 15:57:24.454299,199456,42.27,42.26,2612,2471,1143,-230
233,AOS,2020-02-03,0 days 15:57:25.456966,197899,42.27,42.26,2408,2574,-1557,1143
234,AOS,2020-02-03,0 days 15:58:28.610425,232124,42.26,42.25,1080,1300,163,-4537
235,AOS,2020-02-03,0 days 15:58:52.668360,229060,42.27,42.26,2200,300,-3064,7236
236,AOS,2020-02-03,0 days 15:59:27.755186,235264,42.27,42.26,1070,1766,5055,-909
237,AOS,2020-02-03,0 days 15:59:28.757508,227019,42.27,42.26,970,1014,-8009,5055
238,APA,2020-02-03,0 days 15:55:37.617700,263638,27.57,27.56,3941,1920,2586,-5299
239,APA,2020-02-03,0 days 15:55:38.620730,259724,27.57,27.56,4870,2020,-3914,2586
240,APA,2020-02-03,0 days 15:56:06.687355,264238,27.58,27.57,6206,1169,1802,-732
241,APA,2020-02-03,0 days 15:56:07.689889,260840,27.58,27.57,6546,1575,-3398,1802
242,APA,2020-02-03,0 days 15:56:10.696943,264238,27.57,27.56,4537,3600,14102,-3398
243,APA,2020-02-03,0 days 15:56:11.699460,262440,27.57,27.56,2776,5287,-1798,14102
244,APA,2020-02-03,0 days 15:57:24.876440,265838,27.58,27.57,5060,2112,6261,-2176
245,APA,2020-02-03,0 days 15:57:25.878820,264899,27.59,27.58,6161,402,-939,6261
246,APA,2020-02-03,0 days 15:58:03.972144,273640,27.58,27.57,3626,5301,1851,-1342
247,APA,2020-02-03,0 days 15:58:13.996733,278732,27.59,27.58,3567,2907,859,-541
248,APA,2020-02-03,0 days 15:58:14.999090,277391,27.59,27.58,3667,2607,-741,859
249,APA,2020-02-03,0 days 15:58:23.018713,275471,27.57,27.56,4515,2996,2220,-480
250,APA,2020-02-03,0 days 15:58:24.020423,275191,27.57,27.56,5915,2196,-280,2220
251,APA,2020-02-03,0 days 15:59:24.159273,289919,27.57,27.56,5633,11880,-1103,897
252,APHA,2020-02-03,0 days 15:57:18.500303,16592,4.61,4.6,48113,55065,1655,-1897
253,APLE,2020-02-03,0 days 15:57:00.408715,104351,14.98,14.97,10297,10950,-1432,229
254,APLE,2020-02-03,0 days 15:57:01.410776,102783,14.98,14.97,10297,11050,1568,-1432
255,APLE,2020-02-03,0 days 15:57:42.511321,104441,14.98,14.97,10366,8428,-4267,1476
256,APLE,2020-02-03,0 days 15:57:43.513871,103508,14.98,14.97,11166,7828,933,-4267
257,APLE,2020-02-03,0 days 15:58:06.571734,104441,14.98,14.97,9260,14038,-503,933
258,APLE,2020-02-03,0 days 15:58:07.575581,103644,14.98,14.97,9260,14048,797,-503
259,APLE,2020-02-03,0 days 15:58:12.585099,104441,14.98,14.97,4076,18860,-103,797
260,APLE,2020-02-03,0 days 15:58:13.587584,103644,14.98,14.97,5152,17760,797,-103
261,APLE,2020-02-03,0 days 15:58:19.602086,104441,14.98,14.97,3644,18652,-103,797
262,APLE,2020-02-03,0 days 15:58:20.604543,103644,14.98,14.97,3744,18005,797,-103
263,APO,2020-02-03,0 days 15:55:53.656980,122810,45.92,45.91,2144,410,-14904,5096
264,APO,2020-02-03,0 days 15:55:54.659156,120014,45.92,45.91,2144,510,2796,-14904
265,APO,2020-02-03,0 days 15:56:41.772815,127485,45.9,45.88,2600,300,-29,1671
266,APO,2020-02-03,0 days 15:56:43.777554,124614,45.9,45.88,4400,709,2871,-29
267,APO,2020-02-03,0 days 15:58:02.970918,130541,45.87,45.86,2154,500,-954,216
268,APO,2020-02-03,0 days 15:58:03.973305,130095,45.87,45.86,2354,400,446,-954
269,APO,2020-02-03,0 days 15:58:11.992615,130541,45.91,45.9,500,302,-123,77
270,APO,2020-02-03,0 days 15:58:12.995609,130264,45.91,45.9,600,199,277,-123
271,APO,2020-02-03,0 days 15:59:20.150686,137445,45.94,45.93,899,190,169,-3764
272,APO,2020-02-03,0 days 15:59:24.160298,137614,45.93,45.92,1401,665,-139,469
273,APO,2020-02-03,0 days 15:59:43.208381,137653,45.94,45.91,537,100,179,-39
274,APO,2020-02-03,0 days 15:59:44.210050,136852,45.97,45.94,801,1343,-2301,179
275,AR,2020-02-03,0 days 15:59:04.698694,343038,1.73,1.72,214747,227268,-18274,4403
276,AR,2020-02-03,0 days 15:59:05.702635,334012,1.73,1.72,214847,224568,9026,-18274
277,AR,2020-02-03,0 days 15:59:20.738411,351428,1.73,1.72,157529,244177,-2487,19141
278,AR,2020-02-03,0 days 15:59:24.747267,353915,1.73,1.72,159429,234277,10365,-2487
279,ARMK,2020-02-03,0 days 15:57:38.549658,404184,43.86,43.85,5330,5289,-10976,1724
280,ARMK,2020-02-03,0 days 15:59:03.757692,416422,43.9,43.89,1714,828,6114,-13061
281,ARMK,2020-02-03,0 days 15:59:04.760091,396636,43.9,43.89,1877,1032,-19786,6114
282,ARNC,2020-02-03,0 days 15:56:10.248888,221067,30.11,30.1,8281,3444,-7032,6768
283,ARNC,2020-02-03,0 days 15:58:40.612303,263406,30.09,30.08,11765,5015,10966,-6441
284,ARNC,2020-02-03,0 days 15:58:41.615159,256172,30.09,30.08,10965,6815,-7234,10966
285,ARNC,2020-02-03,0 days 15:59:15.693948,305517,30.08,30.07,6963,5742,8739,-4626
286,ARNC,2020-02-03,0 days 15:59:16.696314,298556,30.08,30.07,5026,9592,-6961,8739
287,ARNC,2020-02-03,0 days 15:59:17.697727,305517,30.08,30.07,10544,2343,487,-6961
288,ARNC,2020-02-03,0 days 15:59:25.717376,300904,30.08,30.07,4172,4949,-4613,5387
289,ARNC,2020-02-03,0 days 15:59:40.756951,307985,30.09,30.08,8612,796,123,-1637
290,ARNC,2020-02-03,0 days 15:59:41.758046,308108,30.09,30.08,8612,713,-77,123
291,ARNC,2020-02-03,0 days 15:59:42.759768,308185,30.09,30.08,8612,791,6255,-77
292,ARNC,2020-02-03,0 days 15:59:43.761902,304440,30.09,30.08,6873,891,-4045,6255
293,ARNC,2020-02-03,0 days 15:59:45.766598,308685,30.08,30.07,7594,1700,4982,-940
294,ARNC,2020-02-03,0 days 15:59:46.770251,305367,30.08,30.07,6835,2292,-3318,4982
295,ARNC,2020-02-03,0 days 15:59:47.771143,308700,30.08,30.07,6835,2092,3684,-3318
296,ARNC,2020-02-03,0 days 15:59:49.776886,306135,30.08,30.07,3970,7255,-2565,4735
297,ATO,2020-02-03,0 days 15:56:36.310754,220910,118.45,118.43,522,200,1276,-1224
298,ATO,2020-02-03,0 days 15:56:37.313256,219586,118.45,118.43,300,600,-1324,1276
299,ATO,2020-02-03,0 days 15:56:59.366280,244714,118.56,118.53,200,300,2486,-308
300,ATO,2020-02-03,0 days 15:59:11.689305,269990,118.57,118.54,300,437,-1053,3687
301,ATO,2020-02-03,0 days 15:59:19.702945,264743,118.58,118.55,751,756,2921,-3679
302,ATO,2020-02-03,0 days 15:59:27.722861,269086,118.58,118.55,808,928,-2257,443
303,ATO,2020-02-03,0 days 15:59:28.725264,266243,118.58,118.55,509,728,2843,-2257
304,ATO,2020-02-03,0 days 15:59:37.747874,269086,118.59,118.57,127,371,-552,2363
305,ATO,2020-02-03,0 days 15:59:43.761998,267943,118.62,118.58,154,430,1643,-4457
306,ATO,2020-02-03,0 days 15:59:46.770324,268209,118.62,118.59,490,264,1377,-3223
307,ATO,2020-02-03,0 days 15:59:48.774008,269586,118.65,118.61,507,277,-42,343
308,ATO,2020-02-03,0 days 15:59:49.777008,268526,118.64,118.61,200,328,1060,-42
309,AU,2020-02-03,0 days 15:57:26.459569,44518,19.93,19.92,6100,6293,-501,899
310,AU,2020-02-03,0 days 15:58:49.660928,51376,19.88,19.87,19981,3936,-3463,637
311,AU,2020-02-03,0 days 15:58:50.663701,49839,19.88,19.87,18896,3436,637,-3463
312,AU,2020-02-03,0 days 15:58:55.675889,51376,19.88,19.87,19396,2535,-187,637
313,AUY,2020-02-03,0 days 15:59:39.846285,143707,4.03,4.02,674078,528224,18327,-1773
314,AUY,2020-02-03,0 days 15:59:40.849492,140834,4.03,4.02,674178,528224,-2873,18327
315,AVTR,2020-02-03,0 days 15:55:01.029890,87935,18.57,18.56,5061,5927,-34688,19961
316,AVTR,2020-02-03,0 days 15:55:02.030237,86923,18.57,18.56,5361,6017,1012,-34688
317,AVTR,2020-02-03,0 days 15:57:16.352833,107534,18.57,18.56,6234,3777,-466,2118
318,AVTR,2020-02-03,0 days 15:57:17.354844,105100,18.57,18.56,6234,3774,2434,-466
319,AVTR,2020-02-03,0 days 15:59:39.701339,125303,18.54,18.53,3600,4814,-3920,830
320,AVTR,2020-02-03,0 days 15:59:40.705331,123223,18.54,18.53,3631,4814,280,-3920
321,AVTR,2020-02-03,0 days 15:59:47.720931,116062,18.56,18.55,549,3199,3557,-2643
322,AVYA,2020-02-03,0 days 15:55:01.030625,183574,12.82,12.81,1107,2479,42512,-61376
323,AVYA,2020-02-03,0 days 15:55:05.037756,179386,12.84,12.83,1700,4667,-4188,42512
324,AVYA,2020-02-03,0 days 15:58:51.586498,199333,12.83,12.82,4974,3625,6110,-3490
325,AVYA,2020-02-03,0 days 15:58:52.587459,194043,12.83,12.82,5374,3425,-5290,6110
326,AVYA,2020-02-03,0 days 15:59:21.658863,200660,12.85,12.84,6044,2600,1389,-9566
327,AVYA,2020-02-03,0 days 15:59:22.661268,197749,12.85,12.84,5657,2600,-2911,1389
328,AVYA,2020-02-03,0 days 15:59:33.688152,200661,12.85,12.84,5490,5319,1888,-412
329,AVYA,2020-02-03,0 days 15:59:34.690855,198049,12.85,12.84,5390,5910,-2612,1888
330,AVYA,2020-02-03,0 days 15:59:42.709819,200661,12.85,12.84,4650,5837,1086,-1411
331,AXP,2020-02-03,0 days 15:55:00.117776,313201,131.09,131.06,73,4,-73876,89291
332,AXP,2020-02-03,0 days 15:55:08.137420,312871,131.04,131.02,125,1195,330,-970
333,AXP,2020-02-03,0 days 15:55:09.139862,313201,131.05,131.03,400,100,-4792,330
334,AXP,2020-02-03,0 days 15:55:34.200697,314912,131.0,130.98,756,300,299,-76
335,AXP,2020-02-03,0 days 15:55:36.206186,315411,131.0,130.98,1001,1003,-401,99
336,AXP,2020-02-03,0 days 15:55:38.210546,315812,131.0,130.98,865,296,799,-101
337,AXP,2020-02-03,0 days 15:55:53.246791,316593,131.06,131.04,209,103,123,-77
338,AXP,2020-02-03,0 days 15:56:02.267830,316041,131.06,131.04,643,84,-152,223
339,AXP,2020-02-03,0 days 15:56:36.349853,318089,131.01,131.0,200,425,270,-48
340,AXP,2020-02-03,0 days 15:56:37.352635,317759,131.02,131.01,362,300,-330,270
341,AXP,2020-02-03,0 days 15:57:12.437469,330404,131.05,131.02,730,758,308,-1563
342,AXP,2020-02-03,0 days 15:57:13.440085,329112,131.05,131.03,730,400,-1292,308
343,AXP,2020-02-03,0 days 15:57:34.491754,330607,131.02,131.0,567,1351,2743,-457
344,AXP,2020-02-03,0 days 15:57:36.496724,330350,131.02,131.0,664,1351,-257,2343
345,AXP,2020-02-03,0 days 15:57:56.547362,332248,131.02,131.01,300,250,-316,1684
346,AXP,2020-02-03,0 days 15:58:00.556841,332564,131.01,130.98,1600,524,2284,-316
347,AXP,2020-02-03,0 days 15:58:17.597216,356556,131.03,131.02,200,301,-457,2311
348,AXP,2020-02-03,0 days 15:58:18.599213,354594,131.03,131.02,300,301,1962,-457
349,AXP,2020-02-03,0 days 15:58:35.640693,358213,131.01,130.99,847,325,2443,-2257
350,AXP,2020-02-03,0 days 15:58:52.681747,356413,131.02,131.01,96,115,2347,-3753
351,AXP,2020-02-03,0 days 15:59:05.713601,358760,131.02,131.0,95,1250,-5213,535
352,AXP,2020-02-03,0 days 15:59:06.715729,351871,131.02,131.0,195,1584,6889,-5213
353,AXP,2020-02-03,0 days 15:59:10.724643,359315,131.02,131.01,16,400,-1295,2925
354,AXP,2020-02-03,0 days 15:59:11.727639,358210,131.03,131.01,100,1000,1105,-1295
355,AXP,2020-02-03,0 days 15:59:16.740153,358483,131.04,131.02,200,1191,832,-2468
356,AXP,2020-02-03,0 days 15:59:27.765005,359307,131.05,131.03,564,300,126,-23
357,AXP,2020-02-03,0 days 15:59:33.779605,359433,131.07,131.05,1375,224,-155,126
358,AXP,2020-02-03,0 days 15:59:37.789638,359363,131.08,131.06,88,1002,70,-155
359,AXP,2020-02-03,0 days 15:59:39.794483,362933,131.09,131.08,95,500,-470,70
360,AXP,2020-02-03,0 days 15:59:41.799235,363703,131.1,131.07,400,767,130,-770
361,AXP,2020-02-03,0 days 15:59:42.802143,363433,131.11,131.09,1555,200,-1170,130
362,AXP,2020-02-03,0 days 15:59:43.804582,364603,131.1,131.08,698,103,30,-1170
363,AXP,2020-02-03,0 days 15:59:45.808932,365033,131.09,131.07,72,200,-570,130
364,AXP,2020-02-03,0 days 15:59:55.833206,366673,131.0,130.98,811,1201,4160,-1421
365,AXTA,2020-02-03,0 days 15:55:00.187013,134291,29.66,29.65,1000,3001,130293,-1814
366,AXTA,2020-02-03,0 days 15:57:47.590782,182634,29.69,29.68,2881,5700,-478,1022
367,AXTA,2020-02-03,0 days 15:57:48.593323,180812,29.69,29.68,2481,5800,1822,-478
368,AXTA,2020-02-03,0 days 15:59:31.843029,187012,29.72,29.71,2979,3923,-1405,1895
369,AXTA,2020-02-03,0 days 15:59:40.865914,190586,29.72,29.71,4029,3404,126,-3574
370,AXTA,2020-02-03,0 days 15:59:45.877019,190712,29.72,29.71,3801,3870,-2980,126
371,AXTA,2020-02-03,0 days 15:59:49.886472,190592,29.7,29.69,4400,2828,1920,-1180
372,AXTA,2020-02-03,0 days 15:59:50.889518,187612,29.7,29.69,3394,1600,-2980,1920
373,AXTA,2020-02-03,0 days 15:59:51.891691,187892,29.69,29.68,2111,3068,4670,-2980
374,AZN,2020-02-03,0 days 15:58:55.756331,42273,48.5,48.49,7606,1987,-3535,2185
375,AZN,2020-02-03,0 days 15:58:56.758555,37508,48.49,48.48,2000,7105,4765,-3535
376,AZN,2020-02-03,0 days 15:59:00.770076,42273,48.49,48.48,561,8614,-975,865
377,AZN,2020-02-03,0 days 15:59:01.771769,41748,48.49,48.48,861,7910,925,-975
378,AZN,2020-02-03,0 days 15:59:05.782642,42673,48.5,48.49,6497,1800,-1405,925
379,BA,2020-02-03,0 days 15:57:37.909303,620107,316.51,316.45,236,201,-3469,2331
380,BA,2020-02-03,0 days 15:57:38.911389,617562,316.48,316.36,224,100,2545,-3469
381,BA,2020-02-03,0 days 15:57:49.939086,620107,316.48,316.39,320,200,-252,1748
382,BA,2020-02-03,0 days 15:57:50.941124,619559,316.47,316.39,300,100,548,-252
383,BA,2020-02-03,0 days 15:57:56.955556,620107,316.44,316.35,3441,300,-1452,148
384,BA,2020-02-03,0 days 15:57:57.957949,619559,316.44,316.35,3541,599,948,-1452
385,BA,2020-02-03,0 days 15:58:00.965909,620171,316.37,316.32,700,192,-3888,48
386,BA,2020-02-03,0 days 15:58:01.967971,618859,316.36,316.29,200,500,2848,-3888
387,BA,2020-02-03,0 days 15:58:04.975980,629646,316.3,316.19,207,424,-895,2927
388,BA,2020-02-03,0 days 15:58:07.983647,638385,316.35,316.24,200,107,644,-1539
389,BA,2020-02-03,0 days 15:58:12.995609,638965,316.36,316.3,37,1018,-320,644
390,BA,2020-02-03,0 days 15:58:13.997655,637385,316.33,316.24,100,7,1644,-320
391,BA,2020-02-03,0 days 15:58:34.045538,639491,316.22,316.18,2,1066,-8094,3306
392,BA,2020-02-03,0 days 15:58:35.048252,637885,316.23,316.22,8,10,1606,-8094
393,BA,2020-02-03,0 days 15:59:04.119637,647573,316.24,316.16,28,209,-3557,5656
394,BA,2020-02-03,0 days 15:59:05.122426,645730,316.24,316.16,28,219,1843,-3557
395,BA,2020-02-03,0 days 15:59:11.136651,647834,316.22,316.16,10,231,-6632,13504
396,BA,2020-02-03,0 days 15:59:12.138998,646066,316.22,316.16,114,239,1768,-6632
397,BA,2020-02-03,0 days 15:59:15.139866,650030,316.21,316.17,29,100,-94964,5868
398,BABA,2020-02-03,0 days 15:59:39.800931,659644,213.13,213.11,101,30,2197,-2303
399,BABA,2020-02-03,0 days 15:59:46.818428,659870,213.27,213.23,4611,670,316,-684
400,BABA,2020-02-03,0 days 15:59:50.828871,640894,213.25,213.22,280,825,-18976,93
401,BB,2020-02-03,0 days 15:55:01.030137,97333,6.21,6.2,127309,38505,-71228,52074
402,BB,2020-02-03,0 days 15:55:02.030372,78561,6.21,6.2,123709,60860,18176,-71228
403,BB,2020-02-03,0 days 15:59:19.653272,125004,6.21,6.2,145134,34214,-2115,1253
404,BB,2020-02-03,0 days 15:59:20.656012,123732,6.21,6.2,144634,33192,1272,-2115
405,BBD,2020-02-03,0 days 15:59:28.725301,811478,7.76,7.75,326452,210018,6647,-19436
406,BBD,2020-02-03,0 days 16:00:00.802980,810978,7.75,7.74,120676,166390,23431,-869
407,BBL,2020-02-03,0 days 15:55:01.024532,19601,43.06,43.05,2670,4756,-14911,9224
408,BBL,2020-02-03,0 days 15:55:02.024666,19212,43.06,43.05,2670,4426,389,-14911
409,BBL,2020-02-03,0 days 15:56:02.170158,21917,43.06,43.05,3150,5786,-1995,857
410,BBL,2020-02-03,0 days 15:56:03.172409,21312,43.06,43.05,3073,5386,1151,-1995
411,BBL,2020-02-03,0 days 15:57:31.385169,25320,43.04,43.03,3386,5953,-582,618
412,BBL,2020-02-03,0 days 15:57:32.387092,24502,43.04,43.03,4086,5653,818,-582
413,BBL,2020-02-03,0 days 15:58:55.586767,25320,43.04,43.03,672,9575,-3017,437
414,BBL,2020-02-03,0 days 15:58:56.589273,24637,43.04,43.03,677,9375,683,-3017
415,BBL,2020-02-03,0 days 15:59:01.601982,27623,43.06,43.05,2026,4784,-194,3238
416,BBL,2020-02-03,0 days 15:59:15.637069,27017,43.06,43.05,1329,7218,606,-194
417,BBL,2020-02-03,0 days 15:59:18.636341,27623,43.06,43.05,1912,6006,-1382,378
418,BBL,2020-02-03,0 days 15:59:21.643781,26866,43.06,43.05,1750,5306,757,-243
419,BBL,2020-02-03,0 days 15:59:58.732244,27583,43.07,43.06,1800,3120,177,-123
420,BBVA,2020-02-03,0 days 15:58:55.594400,44640,5.1,5.09,254203,192989,-17659,16333
421,BBVA,2020-02-03,0 days 15:59:36.694953,73113,5.1,5.09,330010,14019,13192,-18708
422,BBVA,2020-02-03,0 days 15:59:37.697191,72005,5.1,5.09,328110,14019,-3343,13192
423,BBY,2020-02-03,0 days 15:59:04.609740,226633,85.34,85.33,3,224,2061,-17707
424,BBY,2020-02-03,0 days 15:59:05.612612,224094,85.35,85.33,3203,614,-2539,2061
425,BBY,2020-02-03,0 days 15:59:57.731099,244826,85.3,85.26,1366,1902,4616,-1356
426,BCS,2020-02-03,0 days 15:59:19.745592,35404,8.77,8.76,147288,77459,-6951,5337
427,BDN,2020-02-03,0 days 15:55:36.193527,117290,15.69,15.68,24173,9143,-2543,3757
428,BDN,2020-02-03,0 days 15:57:18.439597,139322,15.69,15.68,13366,12195,442,-2109
429,BDN,2020-02-03,0 days 15:57:19.442082,137464,15.69,15.68,13066,12423,-1858,442
430,BDN,2020-02-03,0 days 15:57:26.459592,140929,15.69,15.68,15656,6893,637,-3434
431,BDN,2020-02-03,0 days 15:57:27.462800,139366,15.69,15.68,14556,8393,-1563,637
432,BDN,2020-02-03,0 days 15:59:18.732765,145780,15.71,15.7,15949,11866,2818,-1614
433,BE,2020-02-03,0 days 15:56:19.312866,52610,8.63,8.62,3622,3133,-1494,2306
434,BE,2020-02-03,0 days 15:56:20.314777,52304,8.63,8.62,3822,3133,306,-1494
435,BE,2020-02-03,0 days 15:57:33.493235,52830,8.64,8.63,13804,3870,-1077,2520
436,BE,2020-02-03,0 days 15:58:06.575414,54907,8.64,8.63,25995,4808,6033,-2077
437,BE,2020-02-03,0 days 15:58:20.607889,60940,8.64,8.63,25875,4112,-267,633
438,BE,2020-02-03,0 days 15:58:21.610785,60307,8.64,8.63,25875,4112,633,-267
439,BE,2020-02-03,0 days 15:59:01.708508,61209,8.64,8.63,28285,5697,-3786,4914
440,BE,2020-02-03,0 days 15:59:02.710279,60795,8.64,8.63,28594,5699,414,-3786
441,BEN,2020-02-03,0 days 15:55:00.528050,240584,25.24,25.23,6743,3414,-923,52028
442,BEN,2020-02-03,0 days 15:55:02.533054,235007,25.24,25.23,8533,3885,2453,-2547
443,BEN,2020-02-03,0 days 15:56:06.688149,253424,25.23,25.22,8356,6419,-1489,12450
444,BEN,2020-02-03,0 days 15:56:07.690700,252213,25.23,25.22,8956,4619,1211,-1489
445,BEN,2020-02-03,0 days 15:56:52.799040,261304,25.22,25.21,6453,3407,-365,1097
446,BEN,2020-02-03,0 days 15:57:49.939014,285398,25.22,25.21,9344,6685,1506,-4294
447,BEN,2020-02-03,0 days 15:57:50.941088,283106,25.22,25.21,9444,6885,-2292,1506
448,BEN,2020-02-03,0 days 15:58:17.004812,285460,25.22,25.21,5909,9559,975,-925
449,BEN,2020-02-03,0 days 15:58:18.007012,283935,25.22,25.21,6409,8859,-1125,975
450,BEN,2020-02-03,0 days 15:59:15.139848,290630,25.21,25.2,12227,11472,1811,-774
451,BEN,2020-02-03,0 days 15:59:17.143971,292441,25.21,25.2,12358,11472,-1627,1811
452,BEN,2020-02-03,0 days 15:59:32.180422,306336,25.22,25.21,12240,15141,8093,-1407
453,BEN,2020-02-03,0 days 15:59:33.183287,305329,25.22,25.21,12135,15141,-1007,8093
454,BEN,2020-02-03,0 days 15:59:39.198272,306390,25.22,25.21,14617,10416,8331,-961
455,BEN,2020-02-03,0 days 15:59:40.202162,309121,25.22,25.21,10161,15897,-469,8331
456,BERY,2020-02-03,0 days 15:55:18.150974,199047,42.92,42.91,930,1023,25738,-3662
457,BERY,2020-02-03,0 days 15:56:30.323277,218302,42.86,42.85,242,525,-156,851
458,BERY,2020-02-03,0 days 15:56:31.325591,217358,42.86,42.85,1651,948,944,-156
459,BERY,2020-02-03,0 days 15:56:59.393406,220568,42.87,42.86,3157,2967,-1390,1510
460,BERY,2020-02-03,0 days 15:57:00.396026,219558,42.87,42.86,3273,3067,1010,-1390
461,BERY,2020-02-03,0 days 15:57:06.410180,220568,42.84,42.83,1634,1448,-590,910
462,BERY,2020-02-03,0 days 15:57:07.412996,219558,42.84,42.83,3250,1635,1010,-590
463,BERY,2020-02-03,0 days 15:57:36.483576,234978,42.81,42.8,3285,1300,-544,1756
464,BERY,2020-02-03,0 days 15:57:38.488272,233222,42.81,42.8,3385,1300,1756,-344
465,BERY,2020-02-03,0 days 15:59:06.705089,236260,42.89,42.87,1738,2642,479,-621
466,BERY,2020-02-03,0 days 15:59:33.769606,241508,42.91,42.9,200,1349,3064,-836
467,BERY,2020-02-03,0 days 15:59:41.789148,244055,42.92,42.91,754,2326,617,-1931
468,BERY,2020-02-03,0 days 15:59:45.798613,245455,42.97,42.93,709,1111,903,-2383
469,BERY,2020-02-03,0 days 15:59:47.804115,246258,42.96,42.94,300,656,-367,2203
470,BERY,2020-02-03,0 days 15:59:50.812453,245622,42.98,42.94,943,907,636,-164
471,BGG,2020-02-03,0 days 15:57:34.539897,113623,3.44,3.43,6752,18554,-532,4374
472,BGG,2020-02-03,0 days 15:57:35.542410,110355,3.44,3.43,6952,18554,5368,-532
473,BGG,2020-02-03,0 days 15:59:27.816311,118794,3.42,3.41,10788,4184,-2224,4276
474,BGG,2020-02-03,0 days 15:59:28.818440,116318,3.42,3.41,11079,3055,2476,-2224
475,BGG,2020-02-03,0 days 15:59:43.855974,117658,3.42,3.41,13545,8842,1136,-7664
476,BHC,2020-02-03,0 days 15:59:19.752388,122603,27.95,27.94,11781,1504,-1346,708
477,BHP,2020-02-03,0 days 15:56:12.702631,33950,50.76,50.75,1886,3800,237,-963
478,BHP,2020-02-03,0 days 15:59:05.122358,36564,50.76,50.75,3369,6613,1164,-2236
479,BHP,2020-02-03,0 days 15:59:31.178334,36772,50.77,50.76,707,3500,970,-2130
480,BK,2020-02-03,0 days 15:55:00.120890,582165,45.27,45.26,7960,2379,-18520,204953
481,BK,2020-02-03,0 days 15:55:25.182619,594052,45.29,45.28,7901,2274,5713,-9452
482,BK,2020-02-03,0 days 15:56:30.340065,604155,45.3,45.29,6372,3695,3200,-2662
483,BK,2020-02-03,0 days 15:56:31.341378,603055,45.3,45.29,5972,4095,-1100,3200
484,BK,2020-02-03,0 days 15:56:46.378863,604197,45.3,45.29,5898,6675,255,-745
485,BK,2020-02-03,0 days 15:56:49.385606,598652,45.3,45.29,9399,5231,-514,1586
486,BK,2020-02-03,0 days 15:59:04.716694,795335,45.24,45.23,11955,6595,10984,-30116
487,BK,2020-02-03,0 days 15:59:05.719701,783719,45.24,45.23,13254,4595,-11616,10984
488,BK,2020-02-03,0 days 15:59:15.742410,796317,45.24,45.23,13353,8610,30253,-2024
489,BK,2020-02-03,0 days 15:59:16.745229,787670,45.24,45.23,13311,9310,-8647,30253
490,BK,2020-02-03,0 days 15:59:38.799185,803151,45.24,45.23,8898,6592,995,-3218
491,BK,2020-02-03,0 days 15:59:43.816275,799417,45.24,45.23,7019,7744,-3734,14166
492,BK,2020-02-03,0 days 15:59:49.826376,802749,45.24,45.23,8601,4335,-402,398
493,BKR,2020-02-03,0 days 15:55:00.117896,344755,21.46,21.45,13446,5259,-8092,25591
494,BKR,2020-02-03,0 days 15:55:01.120276,341947,21.46,21.45,13846,5978,2808,-8092
495,BKR,2020-02-03,0 days 15:56:30.336076,333216,21.47,21.46,9618,8292,-11620,2680
496,BKR,2020-02-03,0 days 15:56:31.337812,333136,21.47,21.46,10118,6855,80,-11620
497,BKR,2020-02-03,0 days 15:56:41.362724,347616,21.47,21.46,11893,6430,-2720,1080
498,BKR,2020-02-03,0 days 15:56:42.364488,345536,21.47,21.46,11993,5353,2080,-2720
499,BKR,2020-02-03,0 days 15:57:06.422938,402912,21.47,21.46,10141,7870,-1421,6791
500,BKR,2020-02-03,0 days 15:57:07.425505,395733,21.47,21.46,11324,8733,7179,-1421
501,BKR,2020-02-03,0 days 15:58:00.556881,398534,21.46,21.45,20163,3471,-1167,13133
502,BKR,2020-02-03,0 days 15:58:01.558196,392001,21.46,21.45,21396,4719,6433,-1167
503,BKR,2020-02-03,0 days 15:58:28.623540,436261,21.45,21.44,14094,14515,-640,9760
504,BKR,2020-02-03,0 days 15:59:09.722455,465084,21.48,21.47,3343,15737,-6067,5589
505,BKR,2020-02-03,0 days 15:59:20.748067,461151,21.49,21.48,3411,9231,609,-1167
506,BKR,2020-02-03,0 days 15:59:43.804668,461394,21.51,21.5,1870,19841,2030,-157770
507,BKR,2020-02-03,0 days 15:59:45.808974,463424,21.51,21.5,1899,22541,-6139,1230
508,BKR,2020-02-03,0 days 15:59:46.811429,462663,21.51,21.5,1751,22741,761,-6139
509,BKR,2020-02-03,0 days 15:59:47.813729,463424,21.52,21.51,10450,15592,-6496,761
510,BKR,2020-02-03,0 days 15:59:49.818781,461227,21.52,21.51,10350,15385,2197,-10803
511,BLL,2020-02-03,0 days 15:55:00.036601,192824,74.07,74.06,930,1120,-42,55953
512,BLL,2020-02-03,0 days 15:55:01.025179,192209,74.07,74.06,1230,1221,615,-42
513,BLL,2020-02-03,0 days 15:56:07.182191,193090,74.04,74.03,415,1065,-113,236
514,BLL,2020-02-03,0 days 15:56:31.239586,190583,74.06,74.05,553,726,2407,-93
515,BLL,2020-02-03,0 days 15:56:49.282496,192990,74.09,74.08,558,1550,-995,5
516,BLL,2020-02-03,0 days 15:56:50.285002,190985,74.09,74.08,1158,400,2005,-995
517,BLL,2020-02-03,0 days 15:58:52.579983,211325,74.04,74.03,1280,1841,-1451,2049
518,BLL,2020-02-03,0 days 15:58:53.581915,209876,74.04,74.03,1280,2041,1449,-1451
519,BLL,2020-02-03,0 days 15:59:49.712967,294245,74.17,74.16,3791,181,-3979,6708
520,BLL,2020-02-03,0 days 15:59:50.715945,282105,74.17,74.16,3715,162,11840,-3979
521,BMY,2020-02-03,0 days 15:59:16.141722,2060532,63.56,63.55,16005,2731,254964,-78870
522,BMY,2020-02-03,0 days 15:59:38.194691,2313521,63.55,63.54,1441,2998,-80,1015
523,BMY,2020-02-03,0 days 15:59:48.218977,2313258,63.56,63.55,4843,3225,3080,-4792
524,BP,2020-02-03,0 days 15:57:39.552303,251921,35.21,35.2,17683,24517,12731,-5876
525,BP,2020-02-03,0 days 15:59:00.750080,272047,35.16,35.15,42576,16425,-2853,7831
526,BP,2020-02-03,0 days 15:59:01.752008,265061,35.16,35.15,44776,13844,7326,-2853
527,BP,2020-02-03,0 days 15:59:06.766048,274619,35.16,35.15,42386,11657,4490,-314
528,BP,2020-02-03,0 days 15:59:24.809207,279448,35.18,35.17,19143,11481,-488,429
529,BRK.B,2020-02-03,0 days 15:55:01.029890,579086,223.19,223.17,15,400,-23669,78344
530,BRK.B,2020-02-03,0 days 15:55:20.073345,604493,223.32,223.29,762,240,5271,-3229
531,BRK.B,2020-02-03,0 days 15:55:21.076187,604064,223.32,223.29,150,625,-429,5271
532,BRK.B,2020-02-03,0 days 15:55:25.085744,604493,223.26,223.24,307,184,2886,-429
533,BRK.B,2020-02-03,0 days 15:55:27.089817,602079,223.25,223.23,100,230,-2414,2186
534,BRK.B,2020-02-03,0 days 15:55:37.114114,604493,223.29,223.26,320,119,5848,-2829
535,BRK.B,2020-02-03,0 days 15:55:38.117333,602631,223.29,223.26,100,219,-1862,5848
536,BRK.B,2020-02-03,0 days 15:55:40.120630,604493,223.27,223.22,600,498,1463,-1862
537,BRK.B,2020-02-03,0 days 15:55:41.123654,603056,223.3,223.24,504,100,-1437,1463
538,BRK.B,2020-02-03,0 days 15:55:55.157969,604493,223.37,223.35,200,25,548,-4201
539,BRK.B,2020-02-03,0 days 15:55:56.159264,600309,223.38,223.35,553,325,-4184,548
540,BRK.B,2020-02-03,0 days 15:56:27.234991,605997,223.41,223.38,325,100,1995,-5
541,BRK.B,2020-02-03,0 days 15:56:28.236956,605909,223.38,223.34,300,321,-88,1995
542,BRK.B,2020-02-03,0 days 15:57:30.387911,608391,223.54,223.52,300,85,-2055,114
543,BRK.B,2020-02-03,0 days 15:57:38.406907,614481,223.55,223.51,1010,800,-2058,542
544,BRK.B,2020-02-03,0 days 15:57:40.411786,617239,223.52,223.5,500,23,1442,-9848
545,BRK.B,2020-02-03,0 days 15:57:41.413883,613481,223.52,223.5,504,123,-3758,1442
546,BRO,2020-02-03,0 days 15:55:01.024608,193251,45.65,45.64,2173,3700,18382,-8056
547,BRO,2020-02-03,0 days 15:55:04.028479,211633,45.65,45.64,2610,3928,-616,1582
548,BRO,2020-02-03,0 days 15:55:05.032066,209849,45.65,45.64,3012,3878,1784,-616
549,BRO,2020-02-03,0 days 15:55:17.061655,211728,45.65,45.64,3153,4324,-21,1879
550,BRO,2020-02-03,0 days 15:55:21.072009,205849,45.65,45.64,3253,4324,5879,-21
551,BRO,2020-02-03,0 days 15:57:00.310482,215019,45.65,45.64,6192,8975,-4236,3072
552,BRO,2020-02-03,0 days 15:57:01.312215,214671,45.65,45.64,5142,9725,348,-4236
553,BRO,2020-02-03,0 days 15:57:13.341437,215019,45.65,45.64,6210,6972,-415,241
554,BRO,2020-02-03,0 days 15:57:14.344260,214634,45.65,45.64,6316,6972,385,-415
555,BRO,2020-02-03,0 days 15:57:18.353118,215019,45.65,45.64,6228,6572,-2997,385
556,BRO,2020-02-03,0 days 15:57:19.355661,214972,45.65,45.64,6228,6572,47,-2997
557,BRO,2020-02-03,0 days 15:57:21.360543,215019,45.65,45.64,6279,6467,-1494,42
558,BRO,2020-02-03,0 days 15:57:26.373159,225984,45.64,45.63,5189,1580,2535,-715
559,BRO,2020-02-03,0 days 15:57:27.375122,224919,45.64,45.63,5489,1650,-275,2535
560,BRO,2020-02-03,0 days 15:57:38.400824,231427,45.64,45.63,4010,4028,509,-1491
561,BRO,2020-02-03,0 days 15:57:39.403557,229936,45.65,45.63,3436,5958,-1491,509
562,BRO,2020-02-03,0 days 15:58:11.481037,238475,45.65,45.64,443,7587,1279,-2271
563,BRO,2020-02-03,0 days 15:58:12.485737,236454,45.65,45.64,301,7475,-2021,1279
564,BRO,2020-02-03,0 days 15:58:46.565091,234985,45.64,45.63,3739,1685,1469,-2921
565,BRO,2020-02-03,0 days 15:58:47.567170,233254,45.64,45.63,4192,2085,-1731,1469
566,BRO,2020-02-03,0 days 15:59:35.678630,244267,45.64,45.63,3359,3011,3211,-1179
567,BRO,2020-02-03,0 days 15:59:36.681282,243778,45.64,45.63,617,4862,-489,3211
568,BRO,2020-02-03,0 days 15:59:39.688770,244767,45.64,45.63,615,4960,1702,-489
569,BRO,2020-02-03,0 days 15:59:40.691322,244369,45.65,45.64,535,4530,-5652,1702
570,BRO,2020-02-03,0 days 15:59:46.705944,246948,45.64,45.63,3134,4532,5521,-3067
571,BRO,2020-02-03,0 days 15:59:47.707764,246169,45.64,45.63,1305,4570,-2023,5521
572,BRO,2020-02-03,0 days 15:59:55.727521,246148,45.62,45.61,3900,808,1721,-759
573,BRX,2020-02-03,0 days 15:55:01.530478,216470,20.29,20.28,8830,6532,1952,-5848
574,BRX,2020-02-03,0 days 15:55:02.533073,214722,20.29,20.28,9630,6432,-1748,1952
575,BRX,2020-02-03,0 days 15:55:03.535342,216470,20.29,20.28,9730,5021,4129,-1748
576,BRX,2020-02-03,0 days 15:57:49.939086,223756,20.32,20.31,9863,4732,3871,-3229
577,BRX,2020-02-03,0 days 15:57:50.941124,220527,20.32,20.31,9763,5232,-3229,3871
578,BRX,2020-02-03,0 days 15:57:51.943276,223756,20.32,20.31,9703,5232,471,-3229
579,BRX,2020-02-03,0 days 15:57:52.945939,225327,20.32,20.31,9603,5432,-629,471
580,BRX,2020-02-03,0 days 15:58:01.967971,228056,20.31,20.3,7362,9326,1071,-1329
581,BRX,2020-02-03,0 days 15:58:02.970918,226227,20.31,20.3,8512,9294,-1829,1071
582,BRX,2020-02-03,0 days 15:59:06.124638,235881,20.33,20.32,3807,19538,5882,-1333
583,BRX,2020-02-03,0 days 15:59:40.202228,248347,20.35,20.34,2416,13242,-4100,826
584,BSBR,2020-02-03,0 days 15:59:16.806789,87392,9.83,9.82,16364,43811,-1100,2509
585,BSBR,2020-02-03,0 days 15:59:31.843029,84792,9.83,9.82,10197,42561,1931,-4469
586,BSX,2020-02-03,0 days 15:55:01.028361,516684,42.19,42.18,8122,3241,-112705,207441
587,BSX,2020-02-03,0 days 15:55:02.028844,515361,42.18,42.17,3446,7670,1323,-112705
588,BSX,2020-02-03,0 days 15:57:35.398631,579156,42.2,42.19,6460,4510,-6653,4147
589,BSX,2020-02-03,0 days 15:57:36.401019,573809,42.2,42.19,2560,7886,5347,-6653
590,BSX,2020-02-03,0 days 15:57:50.435428,577893,42.2,42.19,2003,10459,-4262,3368
591,BSX,2020-02-03,0 days 15:57:51.437597,572755,42.2,42.19,1679,10626,5138,-4262
592,BSX,2020-02-03,0 days 15:59:21.657086,681539,42.22,42.21,12015,897,-2473,1686
593,BWA,2020-02-03,0 days 15:57:16.450789,341124,34.4,34.39,2729,4782,4169,-731
594,BWA,2020-02-03,0 days 15:57:17.453745,337176,34.4,34.39,2914,4782,-3948,4169
595,BWA,2020-02-03,0 days 15:58:05.572138,346925,34.4,34.39,4579,5091,2471,-3968
596,BWA,2020-02-03,0 days 15:58:06.575293,344496,34.4,34.39,3728,5391,-2229,2471
597,BX,2020-02-03,0 days 15:55:43.129239,129444,60.56,60.55,792,1001,-1020,564
598,BX,2020-02-03,0 days 15:57:24.373079,129497,60.54,60.53,1673,518,-1268,732
599,BX,2020-02-03,0 days 15:57:34.397760,132865,60.55,60.54,2790,600,1185,-2968
600,BX,2020-02-03,0 days 15:57:35.400192,131750,60.55,60.54,3290,600,-1115,1185
601,BX,2020-02-03,0 days 15:58:38.553507,134067,60.59,60.58,5939,100,660,-540
602,BX,2020-02-03,0 days 15:59:17.649222,140144,60.59,60.58,6719,589,2319,-1507
603,BX,2020-02-03,0 days 15:59:31.682599,139379,60.58,60.57,1855,400,-201,418
604,BX,2020-02-03,0 days 15:59:39.702045,139580,60.57,60.56,1919,400,3199,-201
605,BX,2020-02-03,0 days 15:59:40.705747,139379,60.57,60.56,1533,100,-201,3199
606,C,2020-02-03,0 days 15:55:00.186557,919224,75.12,75.11,2056,2432,-97835,51158
607,C,2020-02-03,0 days 15:57:21.527553,1021044,75.09,75.08,16287,724,-9849,2851
608,C,2020-02-03,0 days 15:57:35.561392,1043476,75.07,75.06,1292,5628,5868,-18132
609,C,2020-02-03,0 days 15:57:37.566580,1035944,75.08,75.07,5541,3110,-8106,1666
610,C,2020-02-03,0 days 15:57:38.569455,1044050,75.08,75.07,6351,2610,994,-8106
611,C,2020-02-03,0 days 15:57:39.571475,1037344,75.08,75.07,1507,5123,-6706,994
612,C,2020-02-03,0 days 15:57:48.593251,1049142,75.08,75.07,5181,4596,1423,-8777
613,C,2020-02-03,0 days 15:57:49.595933,1044165,75.08,75.07,5200,6238,-4977,1423
614,C,2020-02-03,0 days 15:57:53.606716,1044665,75.08,75.07,3928,8914,-4477,923
615,C,2020-02-03,0 days 15:57:59.620110,1049421,75.08,75.07,6828,7731,7444,-4477
616,C,2020-02-03,0 days 15:58:00.623505,1038165,75.08,75.07,7409,7564,-10977,7444
617,C,2020-02-03,0 days 15:58:05.635849,1067321,75.08,75.07,4143,7527,723,-2998
618,C,2020-02-03,0 days 15:58:07.640844,1047944,75.12,75.11,600,5003,-19994,723
619,C,2020-02-03,0 days 15:58:11.649997,1044444,75.13,75.12,1810,3601,-5669,2331
620,C,2020-02-03,0 days 15:58:13.654952,1050113,75.11,75.1,3618,2105,13931,-569
621,C,2020-02-03,0 days 15:58:19.669073,1057513,75.1,75.09,2471,1500,787,-4913
622,C,2020-02-03,0 days 15:58:49.741714,1095089,75.09,75.08,1560,4955,-2407,4072
623,C,2020-02-03,0 days 15:59:00.769992,1082897,75.09,75.08,786,4798,5292,-7208
624,C,2020-02-03,0 days 15:59:06.783983,1106087,75.11,75.1,300,2704,11102,-10965
625,C,2020-02-03,0 days 15:59:51.891537,1130633,75.13,75.12,5176,1813,22582,-12871
626,CADE,2020-02-03,0 days 15:58:03.587635,225574,15.86,15.85,7129,7532,4063,-2197
627,CADE,2020-02-03,0 days 15:59:14.736046,234360,15.85,15.84,5462,11402,8913,-688
628,CAG,2020-02-03,0 days 15:55:26.184697,580414,32.8,32.79,17965,28518,-10880,4620
629,CAG,2020-02-03,0 days 15:55:27.187133,557534,32.79,32.78,14192,8396,22880,-10880
630,CAG,2020-02-03,0 days 15:57:29.483605,740483,32.88,32.87,8462,32649,-1155,2475
631,CAG,2020-02-03,0 days 15:57:37.503167,715710,32.88,32.87,11240,35897,24802,-5198
632,CAG,2020-02-03,0 days 15:59:39.801262,819388,32.92,32.91,29602,4203,10337,-23763
633,CAG,2020-02-03,0 days 15:59:45.816154,830825,32.92,32.91,22781,9926,-4143,3226
634,CAG,2020-02-03,0 days 15:59:49.826332,829194,32.92,32.91,21947,9925,1031,-2920
635,CAH,2020-02-03,0 days 15:55:00.079629,215995,51.29,51.28,362,858,999,-26517
636,CAH,2020-02-03,0 days 15:57:44.476106,233868,51.22,51.21,801,305,-19,1481
637,CAH,2020-02-03,0 days 15:57:48.486378,233887,51.22,51.21,601,905,781,-19
638,CAH,2020-02-03,0 days 15:58:38.610247,246086,51.24,51.22,1300,1861,-2502,3698
639,CAH,2020-02-03,0 days 15:58:39.610600,241688,51.23,51.22,200,1243,4398,-2502
640,CAH,2020-02-03,0 days 15:59:15.694783,247420,51.24,51.23,400,1684,-7337,984
641,CAH,2020-02-03,0 days 15:59:41.758266,250326,51.27,51.24,600,1606,352,-13170
642,CAH,2020-02-03,0 days 15:59:44.765427,251207,51.27,51.25,529,61,-1019,381
643,CAH,2020-02-03,0 days 15:59:45.766800,251026,51.27,51.25,572,61,181,-1019
644,CAT,2020-02-03,0 days 15:55:00.038698,424001,129.5,129.48,200,100,2845,-123316
645,CAT,2020-02-03,0 days 15:56:14.203909,424685,129.37,129.34,428,127,5441,-1659
646,CAT,2020-02-03,0 days 15:59:37.697265,507486,129.7,129.68,198,900,9294,-965
647,CAT,2020-02-03,0 days 15:59:45.716606,515276,129.75,129.73,140,700,-5675,300
648,CAT,2020-02-03,0 days 15:59:48.723820,515120,129.74,129.72,14,1336,156,-6975
649,CB,2020-02-03,0 days 15:58:00.965886,387591,153.19,153.17,602,900,448,-4752
650,CB,2020-02-03,0 days 15:58:02.970858,384539,153.18,153.16,500,422,-3052,348
651,CB,2020-02-03,0 days 15:58:13.997594,384332,153.17,153.14,200,301,3349,-51
652,CB,2020-02-03,0 days 15:58:14.999959,383081,153.17,153.14,200,566,-1251,3349
653,CB,2020-02-03,0 days 15:58:22.016743,384332,153.15,153.13,200,200,1849,-1551
654,CB,2020-02-03,0 days 15:58:24.021257,383081,153.13,153.09,606,300,-1251,2149
655,CB,2020-02-03,0 days 15:59:01.111758,384404,153.15,153.11,400,200,-655,1325
656,CB,2020-02-03,0 days 15:59:06.124517,385274,153.15,153.13,453,96,5320,-590
657,CB,2020-02-03,0 days 15:59:11.136590,390230,153.2,153.17,302,80,-70,43
658,CB,2020-02-03,0 days 15:59:25.162696,391557,153.24,153.22,353,460,808,-142
659,CB,2020-02-03,0 days 15:59:43.208282,390131,153.27,153.23,11,369,-2326,1026
660,CB,2020-02-03,0 days 15:59:55.236885,393546,153.29,153.24,431,9,685,-2315
661,CC,2020-02-03,0 days 15:55:00.527782,232414,14.25,14.24,734,6668,45103,-35806
662,CC,2020-02-03,0 days 15:59:09.131427,305102,14.3,14.29,6601,1809,3164,-1636
663,CC,2020-02-03,0 days 15:59:15.139730,310603,14.31,14.3,10651,3493,3231,-2052
664,CC,2020-02-03,0 days 15:59:27.168579,314131,14.31,14.3,9790,6612,-1972,3528
665,CC,2020-02-03,0 days 15:59:39.198185,320427,14.31,14.3,1991,9902,-11376,3424
666,CC,2020-02-03,0 days 15:59:42.204715,320288,14.32,14.31,3412,5696,139,-5461
667,CCJ,2020-02-03,0 days 15:59:00.661503,64784,8.31,8.3,13465,45732,2154,-4243
668,CCJ,2020-02-03,0 days 15:59:01.664183,62638,8.31,8.3,12865,51332,-2046,2154
669,CCL,2020-02-03,0 days 15:59:57.731325,497196,42.75,42.74,500,9591,6311,-21356
670,CDE,2020-02-03,0 days 15:59:12.720858,668512,5.91,5.9,35195,23476,-2703,15066
671,CDE,2020-02-03,0 days 15:59:27.755212,671715,5.91,5.9,33223,17510,4303,-2897
672,CE,2020-02-03,0 days 15:57:36.499945,107251,104.46,104.45,408,410,85,-423
673,CE,2020-02-03,0 days 15:57:41.511746,109236,104.49,104.46,300,604,-215,385
674,CE,2020-02-03,0 days 15:57:42.513797,108951,104.49,104.46,420,604,3076,-215
675,CE,2020-02-03,0 days 15:57:49.531518,112036,104.5,104.49,1,200,-24,176
676,CE,2020-02-03,0 days 15:57:51.536593,111460,104.5,104.48,251,61,576,-124
677,CE,2020-02-03,0 days 15:57:55.545771,112036,104.5,104.47,506,219,-24,576
678,CE,2020-02-03,0 days 15:57:56.549446,111460,104.5,104.47,506,219,576,-24
679,CE,2020-02-03,0 days 15:57:57.551423,112036,104.5,104.47,451,219,-24,576
680,CE,2020-02-03,0 days 15:57:58.553808,111460,104.5,104.47,451,319,576,-24
681,CE,2020-02-03,0 days 15:58:55.691705,114500,104.49,104.47,601,639,-874,326
682,CE,2020-02-03,0 days 15:58:57.696223,114074,104.49,104.48,301,17,426,-2274
683,CE,2020-02-03,0 days 15:59:04.716479,114603,104.44,104.42,400,850,-7383,379
684,CE,2020-02-03,0 days 15:59:15.741886,147750,104.47,104.46,291,510,5869,-5933
685,CE,2020-02-03,0 days 15:59:34.788990,152374,104.55,104.54,450,100,1645,-155
686,CE,2020-02-03,0 days 15:59:41.806309,154019,104.67,104.64,784,400,-49,670
687,CE,2020-02-03,0 days 15:59:44.813821,154068,104.66,104.62,700,409,530,-570
688,CE,2020-02-03,0 days 15:59:56.837184,154426,104.74,104.66,496,3382,-1650,150
689,CF,2020-02-03,0 days 15:55:11.047539,253342,39.61,39.59,862,1382,-4891,15436
690,CF,2020-02-03,0 days 15:55:12.050772,248633,39.61,39.59,1039,1283,4709,-4891
691,CF,2020-02-03,0 days 15:55:35.105067,253639,39.65,39.64,354,901,-7187,4514
692,CF,2020-02-03,0 days 15:55:36.108053,250026,39.65,39.64,154,1201,3613,-7187
693,CF,2020-02-03,0 days 15:58:52.579877,268211,39.73,39.72,700,701,3645,-755
694,CF,2020-02-03,0 days 15:59:04.609820,275888,39.71,39.7,791,1642,-3115,7933
695,CF,2020-02-03,0 days 15:59:05.612612,272903,39.71,39.7,1406,954,2985,-3115
696,CF,2020-02-03,0 days 15:59:37.684084,310180,39.73,39.72,283,1300,-1500,636
697,CF,2020-02-03,0 days 15:59:41.693388,304741,39.74,39.73,246,1192,2039,-4110
698,CFG,2020-02-03,0 days 15:55:32.097871,482111,37.71,37.7,4346,6269,4800,-555
699,CFG,2020-02-03,0 days 15:57:35.394139,496058,37.7,37.69,11256,586,2823,-582
700,CFG,2020-02-03,0 days 15:57:36.396544,495081,37.69,37.68,4481,5300,-977,2823
701,CFG,2020-02-03,0 days 15:58:03.462217,496058,37.69,37.68,7705,7079,2123,-1277
702,CFG,2020-02-03,0 days 15:58:40.550718,502100,37.71,37.7,7453,3286,-10190,5310
703,CFG,2020-02-03,0 days 15:59:10.624487,512883,37.71,37.7,4510,10298,-292,1308
704,CFG,2020-02-03,0 days 15:59:16.632254,513175,37.71,37.7,2111,10012,3508,-292
705,CGC,2020-02-03,0 days 15:57:33.557048,15838,22.11,22.1,1309,5379,2193,-307
706,CGC,2020-02-03,0 days 15:59:35.852658,17724,22.11,22.1,2371,2221,-157,343
707,CGC,2020-02-03,0 days 15:59:39.862666,17403,22.11,22.1,2471,2414,7021,-179
708,CGC,2020-02-03,0 days 15:59:40.865804,17724,22.12,22.11,2600,4419,-179,7021
709,CHK,2020-02-03,0 days 15:59:51.732202,1644018,0.5,0.49,1400,81039,-8906,16794
710,CHK,2020-02-03,0 days 15:59:52.733317,1602424,0.5,0.49,800,518932,214276,-8906
711,CHK,2020-02-03,0 days 15:59:59.754273,1644018,0.51,0.5,40934,810,-18906,214276
712,CHL,2020-02-03,0 days 15:58:00.543084,14431,41.13,41.12,4084,850,-1563,337
713,CHL,2020-02-03,0 days 15:58:01.544835,14194,41.13,41.12,2872,4150,237,-1563
714,CHL,2020-02-03,0 days 15:59:05.702688,17188,41.14,41.13,6924,1956,-133,637
715,CHL,2020-02-03,0 days 15:59:06.704878,17121,41.14,41.13,7122,2056,67,-133
716,CHL,2020-02-03,0 days 15:59:24.747329,17188,41.14,41.13,4984,3624,-509,67
717,CHL,2020-02-03,0 days 15:59:25.749888,16397,41.14,41.13,5360,1794,791,-509
718,CHWY,2020-02-03,0 days 15:55:49.305107,20910,27.96,27.95,2265,4142,150,-50
719,CHWY,2020-02-03,0 days 15:55:50.307603,20560,27.96,27.95,2887,4142,-350,150
720,CHWY,2020-02-03,0 days 15:56:59.473611,22715,28.06,28.04,809,1900,221,-79
721,CHWY,2020-02-03,0 days 15:58:29.693860,27478,28.05,28.03,371,300,-833,467
722,CHWY,2020-02-03,0 days 15:58:30.695593,27211,28.05,28.03,496,300,267,-833
723,CHWY,2020-02-03,0 days 15:58:39.717991,27457,28.14,28.1,608,1297,-54,67
724,CHWY,2020-02-03,0 days 15:58:49.741818,27243,28.21,28.18,14100,500,-68,32
725,CHWY,2020-02-03,0 days 15:58:50.744873,26611,28.19,28.17,400,100,632,-68
726,CHWY,2020-02-03,0 days 15:58:59.765829,25975,28.19,28.18,200,558,-836,432
727,CI,2020-02-03,0 days 15:55:00.038745,128055,191.42,191.39,100,100,26641,-41920
728,CI,2020-02-03,0 days 15:55:14.059788,151618,191.62,191.58,300,15,-16998,23000
729,CI,2020-02-03,0 days 15:55:15.062040,149516,191.62,191.58,452,15,2102,-16998
730,CI,2020-02-03,0 days 15:55:40.122878,151993,191.72,191.68,452,215,-64,2461
731,CI,2020-02-03,0 days 15:56:02.175305,150156,191.73,191.69,252,25,1837,-139
732,CI,2020-02-03,0 days 15:57:10.339034,152013,191.72,191.69,300,25,-932,268
733,CI,2020-02-03,0 days 15:57:11.341458,150345,191.71,191.68,204,385,1668,-932
734,CI,2020-02-03,0 days 15:59:29.677637,191916,191.8,191.76,101,500,632,-1268
735,CI,2020-02-03,0 days 15:59:30.681033,191048,191.79,191.76,1501,49,-868,632
736,CI,2020-02-03,0 days 15:59:33.688201,191766,191.76,191.7,700,1612,782,-868
737,CI,2020-02-03,0 days 15:59:37.697283,191048,191.82,191.78,875,200,-713,1687
738,CI,2020-02-03,0 days 15:59:39.702042,188311,191.85,191.82,262,10,1137,-12750
739,CIEN,2020-02-03,0 days 15:55:47.232361,139787,41.78,41.77,1515,2346,10238,-2062
740,CIEN,2020-02-03,0 days 15:55:48.234551,139225,41.79,41.78,1100,2044,-562,10238
741,CIEN,2020-02-03,0 days 15:59:04.712063,178584,41.84,41.83,9680,2684,2849,-3790
742,CIEN,2020-02-03,0 days 15:59:05.713807,176133,41.84,41.83,9515,2284,-2451,2849
743,CIEN,2020-02-03,0 days 15:59:14.736156,182984,41.84,41.83,8482,2600,7803,-2151
744,CIEN,2020-02-03,0 days 15:59:15.738665,181825,41.84,41.83,7889,3713,-1159,7803
745,CIEN,2020-02-03,0 days 15:59:24.757891,185500,41.84,41.83,8647,1248,981,-790
746,CIEN,2020-02-03,0 days 15:59:25.759681,183681,41.84,41.83,7999,1248,-1819,981
747,CIEN,2020-02-03,0 days 15:59:36.787362,193973,41.84,41.83,7889,1517,-66,300
748,CIEN,2020-02-03,0 days 15:59:38.792460,200524,41.84,41.83,8588,1717,3549,-119
749,CIEN,2020-02-03,0 days 15:59:39.794630,198773,41.84,41.83,8677,1000,-1751,3549
750,CIG,2020-02-03,0 days 15:59:24.715206,121515,3.54,3.53,160417,248657,-235,55209
751,CIG,2020-02-03,0 days 15:59:26.720014,124050,3.54,3.53,170702,252459,413,-235
752,CIG,2020-02-03,0 days 15:59:37.747734,124463,3.54,3.53,118687,287058,-193,413
753,CIG,2020-02-03,0 days 15:59:48.773851,121356,3.54,3.53,120230,309701,3107,-193
754,CL,2020-02-03,0 days 15:57:26.459532,582407,74.95,74.94,375,2332,5254,-852
755,CL,2020-02-03,0 days 15:57:27.462699,576162,74.96,74.95,2770,1020,-6245,5254
756,CL,2020-02-03,0 days 15:58:05.555313,634276,74.97,74.96,3297,1001,19104,-9604
757,CL,2020-02-03,0 days 15:58:06.559219,626480,74.97,74.96,2224,2525,-7796,19104
758,CL,2020-02-03,0 days 15:58:40.639450,624680,74.95,74.94,2138,6895,-7096,404
759,CL,2020-02-03,0 days 15:59:04.698784,635649,74.97,74.96,659,4267,1614,-6637
760,CL,2020-02-03,0 days 15:59:09.711611,636002,74.96,74.95,300,4373,-1468,53
761,CL,2020-02-03,0 days 15:59:21.739945,640482,74.96,74.95,3320,1741,2746,-1015
762,CL,2020-02-03,0 days 15:59:22.742278,636328,74.95,74.94,700,5877,-1654,2746
763,CL,2020-02-03,0 days 15:59:57.827350,638367,74.93,74.92,900,634,1323,-9177
764,CLDR,2020-02-03,0 days 15:57:13.427777,138810,10.57,10.56,11012,11888,1214,-568
765,CLDR,2020-02-03,0 days 15:57:14.430246,135124,10.57,10.56,11012,11365,-3686,1214
766,CLF,2020-02-03,0 days 15:55:01.168231,342308,7.27,7.26,58641,27765,-3596,585
767,CLF,2020-02-03,0 days 15:57:07.473803,346077,7.26,7.25,101200,65834,4550,-1565
768,CLF,2020-02-03,0 days 15:57:34.539925,385358,7.26,7.25,113651,18722,-11047,39281
769,CLF,2020-02-03,0 days 15:57:36.544971,386605,7.26,7.25,112951,20601,5553,-1247
770,CLNY,2020-02-03,0 days 15:59:39.794483,213898,4.75,4.74,16800,47424,416,-2604
771,CLR,2020-02-03,0 days 15:55:34.200697,70721,26.65,26.64,503,4851,-2075,433
772,CLR,2020-02-03,0 days 15:55:35.203743,70496,26.65,26.64,1403,4651,225,-2075
773,CLR,2020-02-03,0 days 15:56:04.272995,70721,26.65,26.64,314,6652,-1495,119
774,CLR,2020-02-03,0 days 15:57:08.428021,72660,26.7,26.69,1700,4101,1561,-607
775,CLR,2020-02-03,0 days 15:57:09.430451,72521,26.7,26.69,1600,4201,-39,1561
776,CLR,2020-02-03,0 days 15:57:13.440085,71398,26.69,26.68,837,3101,923,-2239
777,CLR,2020-02-03,0 days 15:57:14.442671,70321,26.69,26.68,720,3221,-1077,923
778,CLR,2020-02-03,0 days 15:57:39.504160,80262,26.71,26.7,7901,3502,802,-2774
779,CLR,2020-02-03,0 days 15:57:40.506628,79797,26.71,26.7,10101,3402,-465,802
780,CLR,2020-02-03,0 days 15:58:54.687492,82991,26.69,26.68,4619,2113,3353,-541
781,CLR,2020-02-03,0 days 15:58:55.689346,82444,26.69,26.68,4990,1713,-547,3353
782,CLR,2020-02-03,0 days 15:59:01.704524,82991,26.69,26.68,4183,3107,384,-547
783,CLR,2020-02-03,0 days 15:59:02.706759,82275,26.69,26.68,5581,2731,-716,384
784,CLR,2020-02-03,0 days 15:59:25.759615,93779,26.64,26.63,680,3384,986,-2814
785,CLR,2020-02-03,0 days 15:59:26.761993,92865,26.64,26.63,580,1884,-914,986
786,CLR,2020-02-03,0 days 15:59:27.765005,93779,26.64,26.63,680,1984,2486,-914
787,CMA,2020-02-03,0 days 15:58:59.702421,156390,62.02,62.01,2900,907,-7179,3874
788,CMA,2020-02-03,0 days 15:59:00.705658,153149,62.01,62.0,945,1000,3241,-7179
789,CMA,2020-02-03,0 days 15:59:11.732810,156390,61.98,61.97,703,1118,-1887,582
790,CMA,2020-02-03,0 days 15:59:12.735758,154137,61.98,61.97,1305,1205,2253,-1887
791,CMA,2020-02-03,0 days 15:59:43.816222,161366,61.99,61.98,615,500,-458,1968
792,CMI,2020-02-03,0 days 15:55:11.213829,120850,163.11,162.99,52,202,328,-72
793,CMI,2020-02-03,0 days 15:55:12.215644,120732,163.14,163.07,300,105,-118,328
794,CMI,2020-02-03,0 days 15:55:22.239953,120850,163.07,162.98,500,386,282,-118
795,CMI,2020-02-03,0 days 15:55:23.242611,120783,163.07,162.98,800,719,-67,282
796,CMI,2020-02-03,0 days 15:55:35.271690,120850,163.05,162.95,1382,503,225,-67
797,CMI,2020-02-03,0 days 15:55:36.274800,120775,163.05,162.95,1382,523,-75,225
798,CMI,2020-02-03,0 days 15:55:44.292749,121350,163.05,162.96,1006,1482,125,-275
799,CMI,2020-02-03,0 days 15:56:02.335772,121183,162.95,162.89,648,1067,-144,148
800,CMI,2020-02-03,0 days 15:56:03.338724,121027,162.95,162.89,896,1167,156,-144
801,CMI,2020-02-03,0 days 15:57:00.476490,122861,162.89,162.81,405,645,-65,113
802,CMI,2020-02-03,0 days 15:57:01.478498,122726,162.89,162.81,409,645,135,-65
803,CMI,2020-02-03,0 days 15:57:21.527689,125143,162.88,162.83,10,822,-431,269
804,CMI,2020-02-03,0 days 15:57:22.529937,124990,162.88,162.83,10,722,153,-431
805,CMI,2020-02-03,0 days 15:57:30.550473,127241,162.88,162.85,955,868,-247,353
806,CMI,2020-02-03,0 days 15:57:31.552036,127288,162.88,162.85,921,942,422,-247
807,CMI,2020-02-03,0 days 15:57:42.578805,130389,162.9,162.86,100,1023,-128,776
808,CMI,2020-02-03,0 days 15:58:04.633351,133603,162.95,162.9,463,1522,1060,-197
809,CMI,2020-02-03,0 days 15:58:05.635982,142963,162.95,162.9,463,2122,-884,1060
810,CMI,2020-02-03,0 days 15:59:08.788970,135708,162.97,162.94,300,139,23622,-1573
811,CMI,2020-02-03,0 days 15:59:19.813735,149630,162.99,162.95,907,503,-205,1989
812,CMI,2020-02-03,0 days 15:59:40.865911,175390,163.12,162.98,1100,1300,8823,-14789
813,CMI,2020-02-03,0 days 15:59:41.867641,173570,163.11,162.99,503,300,-1820,8823
814,CMI,2020-02-03,0 days 15:59:42.870360,151167,163.0,162.92,753,100,25840,-1820
815,CMI,2020-02-03,0 days 15:59:43.871998,150807,163.0,162.94,253,100,-360,25840
816,CMI,2020-02-03,0 days 15:59:59.912159,150807,162.96,162.89,2903,2148,-367,33
817,CMS,2020-02-03,0 days 15:55:00.106072,126485,68.45,68.44,2400,2555,-1465,2819
818,CMS,2020-02-03,0 days 15:57:09.418077,141022,68.43,68.42,603,3164,4799,-3007
819,CMS,2020-02-03,0 days 15:57:41.495680,145128,68.45,68.44,907,2164,568,-1732
820,CMS,2020-02-03,0 days 15:58:12.571797,170000,68.47,68.46,2655,753,-517,948
821,CMS,2020-02-03,0 days 15:58:18.586122,170617,68.47,68.46,708,2410,2683,-517
822,CMS,2020-02-03,0 days 15:58:19.589146,169900,68.47,68.46,403,3410,-617,2683
823,CMS,2020-02-03,0 days 15:58:34.624907,170536,68.49,68.48,2623,605,29,-536
824,CMS,2020-02-03,0 days 15:58:35.627111,169900,68.49,68.48,2851,2072,-636,29
825,CMS,2020-02-03,0 days 15:59:16.729574,199308,68.47,68.46,2045,1989,32,-3321
826,CMS,2020-02-03,0 days 15:59:42.791712,202311,68.49,68.48,808,2056,903,-2182
827,CMS,2020-02-03,0 days 15:59:46.801096,200912,68.5,68.49,3050,1247,-1399,2946
828,CMS,2020-02-03,0 days 15:59:47.804022,202311,68.49,68.48,1500,2249,582,-1399
829,CMS,2020-02-03,0 days 15:59:49.808724,201121,68.49,68.48,1095,2393,-1190,1310
830,CNC,2020-02-03,0 days 15:55:01.024778,945089,62.8,62.79,400,300,61861,-197792
831,CNC,2020-02-03,0 days 15:55:02.024832,936027,62.82,62.81,1455,400,-9062,61861
832,CNC,2020-02-03,0 days 15:56:59.307216,982254,62.86,62.85,1100,2352,23384,-5465
833,CNC,2020-02-03,0 days 15:57:25.370343,1039464,62.85,62.84,2610,1130,-2495,12705
834,CNC,2020-02-03,0 days 15:57:35.394085,1047528,62.79,62.78,1200,400,6136,-7964
835,CNC,2020-02-03,0 days 15:57:36.396485,1044264,62.79,62.78,1454,510,-3525,6136
836,CNC,2020-02-03,0 days 15:57:38.400870,1047837,62.79,62.78,3854,800,8127,-2325
837,CNC,2020-02-03,0 days 15:57:39.403557,1045664,62.79,62.78,4241,600,-2173,8127
838,CNC,2020-02-03,0 days 15:57:51.432122,1047864,62.78,62.77,2663,876,-820,8680
839,CNC,2020-02-03,0 days 15:58:29.524197,1066345,62.82,62.81,1839,659,2710,-1990
840,CNC,2020-02-03,0 days 15:58:30.527528,1064499,62.82,62.81,1939,707,-1846,2710
841,CNC,2020-02-03,0 days 15:59:12.629114,1084364,63.01,62.98,1090,576,13482,-4318
842,CNC,2020-02-03,0 days 15:59:17.634609,1084364,63.01,62.98,1999,805,3078,-34
843,CNC,2020-02-03,0 days 15:59:31.668742,1085081,63.0,62.97,1388,500,11961,-5839
844,CNC,2020-02-03,0 days 15:59:32.671612,1081142,63.0,62.96,1394,1202,-3939,11961
845,CNC,2020-02-03,0 days 15:59:47.707803,1078678,62.94,62.92,1506,304,-103,11279
846,CNC,2020-02-03,0 days 15:59:57.731195,1064378,62.9,62.89,100,67,-1803,16597
847,CNC,2020-02-03,0 days 15:59:58.732383,1066081,62.89,62.84,1600,400,15857,-1803
848,CNHI,2020-02-03,0 days 15:55:01.024462,50714,9.47,9.46,43700,49644,-18296,36045
849,CNHI,2020-02-03,0 days 15:55:02.024613,37328,9.47,9.46,43411,57962,13386,-18296
850,CNHI,2020-02-03,0 days 15:59:36.681155,56374,9.47,9.46,41800,59534,-2015,3185
851,CNHI,2020-02-03,0 days 15:59:37.683955,55889,9.47,9.46,46900,61881,2003,-2015
852,CNP,2020-02-03,0 days 15:57:38.461352,786236,26.35,26.34,12675,3533,2416,-5184
853,CNP,2020-02-03,0 days 15:57:39.463712,762452,26.35,26.34,12472,3434,-21504,2416
854,CNP,2020-02-03,0 days 15:59:15.693306,825264,26.37,26.36,18555,3458,4403,-28787
855,CNP,2020-02-03,0 days 15:59:38.749965,794850,26.36,26.35,7750,19151,-42714,16622
856,CNQ,2020-02-03,0 days 15:59:33.183313,72745,28.1,28.09,10255,17910,-1975,1525
857,CNX,2020-02-03,0 days 15:59:01.752008,281926,7.34,7.33,15138,22133,-7623,8687
858,CNX,2020-02-03,0 days 15:59:03.757821,282449,7.34,7.33,6426,29655,31677,-98
859,CNX,2020-02-03,0 days 15:59:04.760233,314126,7.34,7.33,6382,32260,-23723,31677
860,CNX,2020-02-03,0 days 15:59:05.763582,312049,7.34,7.33,8282,30214,2077,-23723
861,CNX,2020-02-03,0 days 15:59:44.857431,383739,7.33,7.32,24386,11547,-2727,5549
862,CNX,2020-02-03,0 days 15:59:48.867224,378666,7.33,7.32,26435,13743,5073,-3927
863,COF,2020-02-03,0 days 15:55:00.166111,229993,99.67,99.64,1187,290,6736,-85069
864,COF,2020-02-03,0 days 15:55:34.248557,237047,99.62,99.61,11,84,-4846,6654
865,COF,2020-02-03,0 days 15:55:35.251261,236655,99.62,99.61,11,4,392,-4846
866,COF,2020-02-03,0 days 15:55:42.266979,238547,99.62,99.6,1060,306,-1755,645
867,COF,2020-02-03,0 days 15:55:43.270244,238102,99.62,99.6,1088,306,445,-1755
868,COF,2020-02-03,0 days 15:56:10.334969,239806,99.61,99.6,150,100,-17,183
869,COF,2020-02-03,0 days 15:56:16.349357,238943,99.61,99.58,176,729,863,-17
870,COF,2020-02-03,0 days 15:56:59.453796,243457,99.57,99.55,700,413,-877,728
871,COF,2020-02-03,0 days 15:57:00.456537,242934,99.57,99.56,600,150,553,-877
872,COF,2020-02-03,0 days 15:57:10.480621,241587,99.54,99.52,450,469,-1557,543
873,COF,2020-02-03,0 days 15:57:11.485529,241244,99.52,99.5,559,551,343,-1557
874,COF,2020-02-03,0 days 15:58:49.722181,287025,99.58,99.57,71,1160,-10455,1004
875,COF,2020-02-03,0 days 15:58:50.725107,283280,99.59,99.58,60,260,3745,-10455
876,COF,2020-02-03,0 days 15:59:04.760145,287840,99.62,99.59,1128,1266,-8399,1405
877,COF,2020-02-03,0 days 15:59:05.763459,285066,99.62,99.59,1230,1266,2774,-8399
878,COF,2020-02-03,0 days 15:59:20.798707,291455,99.66,99.64,700,1195,-1754,989
879,COF,2020-02-03,0 days 15:59:24.809173,284011,99.7,99.68,800,915,544,-4854
880,COF,2020-02-03,0 days 15:59:39.846251,282685,99.73,99.71,823,145,557,-615
881,COF,2020-02-03,0 days 15:59:42.853477,278642,99.76,99.74,457,531,-6208,557
882,COF,2020-02-03,0 days 15:59:44.857391,276700,99.77,99.74,10,78,1142,-1008
883,COF,2020-02-03,0 days 15:59:47.864428,279242,99.75,99.72,703,80,-484,5585
884,COF,2020-02-03,0 days 15:59:49.869775,279183,99.75,99.72,637,3,59,-541
885,COG,2020-02-03,0 days 15:56:46.373872,621580,14.18,14.17,24936,12289,495,-505
886,COG,2020-02-03,0 days 15:56:50.384025,622175,14.18,14.17,28109,11305,-3678,595
887,COG,2020-02-03,0 days 15:57:13.440121,625953,14.18,14.17,32564,9893,3427,-12977
888,COG,2020-02-03,0 days 15:57:14.442745,614380,14.18,14.17,30964,10809,-11573,3427
889,COG,2020-02-03,0 days 15:57:44.516271,626187,14.18,14.17,36111,8975,7287,-4028
890,COG,2020-02-03,0 days 15:57:45.518684,616374,14.18,14.17,35811,8875,-9813,7287
891,COP,2020-02-03,0 days 15:55:00.121170,392646,58.96,58.95,1100,1510,-31835,82969
892,COP,2020-02-03,0 days 15:55:01.123911,386061,58.97,58.96,835,2456,6585,-31835
893,COP,2020-02-03,0 days 15:55:35.207572,389887,59.07,59.06,2300,2993,-2152,2494
894,COP,2020-02-03,0 days 15:55:36.209674,384139,59.07,59.06,2300,3393,5748,-2152
895,COP,2020-02-03,0 days 15:57:18.456206,394281,59.07,59.06,4189,1185,-519,1082
896,COP,2020-02-03,0 days 15:57:19.458533,389500,59.06,59.05,1146,711,4781,-519
897,COP,2020-02-03,0 days 15:58:06.575550,452512,59.12,59.1,1000,1730,-3405,45722
898,COP,2020-02-03,0 days 15:58:07.577773,443617,59.13,59.11,1500,1451,7095,-3405
899,COP,2020-02-03,0 days 15:59:01.708561,504444,59.07,59.06,701,504,-387,13153
900,COP,2020-02-03,0 days 15:59:04.716917,496809,59.07,59.06,1463,772,7535,-586
901,COP,2020-02-03,0 days 15:59:37.796666,579680,59.14,59.13,980,3254,-3771,9203
902,COP,2020-02-03,0 days 15:59:40.805298,570251,59.16,59.15,1978,1760,5929,-7371
903,COP,2020-02-03,0 days 15:59:41.806591,576180,59.17,59.16,400,2352,-3387,5929
904,COP,2020-02-03,0 days 15:59:48.823551,570974,59.19,59.18,513,1266,5206,-9394
905,COT,2020-02-03,0 days 15:55:00.079568,23152,15.42,15.41,5894,11855,1253,-10664
906,COT,2020-02-03,0 days 15:57:30.442858,24927,15.44,15.43,13519,7519,-1643,387
907,COT,2020-02-03,0 days 15:58:12.545654,29354,15.44,15.43,18029,9193,54,-1246
908,COT,2020-02-03,0 days 15:58:13.548062,28208,15.44,15.43,18029,9893,-1146,54
909,COT,2020-02-03,0 days 15:59:17.697942,29454,15.44,15.43,16223,10081,1110,-943
910,COTY,2020-02-03,0 days 15:55:01.030137,264174,10.51,10.5,9443,7175,93853,-2012
911,COTY,2020-02-03,0 days 15:55:24.083566,352427,10.52,10.51,8100,12404,-54686,73914
912,COTY,2020-02-03,0 days 15:55:25.086315,345813,10.51,10.5,4962,14114,6614,-54686
913,COTY,2020-02-03,0 days 15:55:35.110203,367627,10.53,10.52,8220,24864,-30401,9225
914,COTY,2020-02-03,0 days 15:55:36.112516,361928,10.53,10.52,9320,24964,5699,-30401
915,COTY,2020-02-03,0 days 15:56:33.249222,357407,10.54,10.53,3800,21126,-8925,9575
916,COTY,2020-02-03,0 days 15:56:34.251701,356332,10.54,10.53,3700,20093,1075,-8925
917,COTY,2020-02-03,0 days 15:57:09.336674,359627,10.54,10.53,12700,11673,-28,3372
918,COTY,2020-02-03,0 days 15:57:13.346153,355204,10.54,10.53,17106,7404,4423,-1677
919,COTY,2020-02-03,0 days 15:57:17.355954,360742,10.54,10.53,18106,7204,-3505,3338
920,COTY,2020-02-03,0 days 15:57:18.358123,357047,10.54,10.53,18306,7204,3695,-3505
921,COTY,2020-02-03,0 days 15:59:03.614180,391702,10.54,10.53,23025,19311,2121,-10279
922,COTY,2020-02-03,0 days 15:59:49.726524,483510,10.56,10.55,14326,17691,-26243,4504
923,COTY,2020-02-03,0 days 15:59:50.729800,480953,10.56,10.55,29686,2500,2557,-26243
924,CPE,2020-02-03,0 days 15:59:40.787510,784449,2.94,2.93,180291,159961,-864,5136
925,CPE,2020-02-03,0 days 15:59:48.806399,770213,2.94,2.93,177090,172270,14236,-864
926,CPRI,2020-02-03,0 days 15:55:34.247429,166724,29.78,29.77,2351,4379,-486,491
927,CPRI,2020-02-03,0 days 15:55:35.249844,166310,29.78,29.77,2676,4379,414,-486
928,CPRI,2020-02-03,0 days 15:56:41.409120,168624,29.79,29.78,2213,3285,-76,724
929,CPRI,2020-02-03,0 days 15:56:42.411200,168300,29.79,29.78,2313,3185,324,-76
930,CPRI,2020-02-03,0 days 15:56:46.421109,168624,29.79,29.78,1362,3285,-576,324
931,CPRI,2020-02-03,0 days 15:56:47.422949,168400,29.79,29.78,1413,3285,224,-576
932,CPRI,2020-02-03,0 days 15:58:29.672564,256722,29.84,29.83,4742,11708,-4652,3628
933,CPRI,2020-02-03,0 days 15:58:30.674495,251674,29.84,29.83,4442,11112,4928,-4652
934,CPRI,2020-02-03,0 days 15:58:44.708947,256722,29.84,29.83,2617,11740,-252,4628
935,CPRI,2020-02-03,0 days 15:58:45.711048,252984,29.84,29.83,2884,11840,3618,-252
936,CPRI,2020-02-03,0 days 15:59:05.762118,295784,29.87,29.86,1636,9104,-25730,36070
937,CPRI,2020-02-03,0 days 15:59:06.764785,292814,29.87,29.86,2536,8804,2970,-25730
938,CPRI,2020-02-03,0 days 15:59:17.790892,285624,29.88,29.87,800,7780,10160,-4440
939,CPRI,2020-02-03,0 days 15:59:27.815617,276843,29.88,29.87,1400,7053,19021,-13579
940,CRC,2020-02-03,0 days 15:55:00.187142,90082,6.81,6.8,1721,268,-1586,22881
941,CRC,2020-02-03,0 days 15:55:01.188419,89068,6.81,6.8,1823,1819,1014,-1586
942,CRC,2020-02-03,0 days 15:55:29.257251,92082,6.81,6.8,2758,3246,-286,1014
943,CRC,2020-02-03,0 days 15:58:05.636064,110398,6.81,6.8,5245,6665,2142,-9158
944,CRC,2020-02-03,0 days 15:58:06.638188,108540,6.81,6.8,5105,5402,-1858,2142
945,CRC,2020-02-03,0 days 15:58:20.672068,110121,6.79,6.78,873,14726,-277,196
946,CRC,2020-02-03,0 days 15:59:26.830497,112243,6.8,6.79,3078,5958,-1105,1195
947,CRC,2020-02-03,0 days 15:59:56.903132,104153,6.8,6.79,1800,1641,-9490,8737
948,CRM,2020-02-03,0 days 15:55:00.079210,554728,185.39,185.37,46,22,-18271,133937
949,CRM,2020-02-03,0 days 15:55:01.081133,554421,185.39,185.37,401,153,307,-18271
950,CRM,2020-02-03,0 days 15:55:09.100483,554728,185.47,185.44,360,410,-25,18
951,CRM,2020-02-03,0 days 15:55:12.108445,554653,185.41,185.4,200,110,75,-25
952,CRM,2020-02-03,0 days 15:56:09.245939,556899,185.47,185.44,602,535,-652,1046
953,CRM,2020-02-03,0 days 15:56:10.248922,555851,185.47,185.44,696,645,1048,-652
954,CRM,2020-02-03,0 days 15:57:34.451748,568227,185.44,185.43,1209,608,-4519,1081
955,CRM,2020-02-03,0 days 15:57:46.480829,568227,185.42,185.41,123,543,-530,1170
956,CRM,2020-02-03,0 days 15:57:50.491062,565757,185.45,185.44,300,215,2470,-4230
957,CRM,2020-02-03,0 days 15:57:53.498457,568227,185.45,185.44,206,547,-430,2470
958,CRM,2020-02-03,0 days 15:57:54.500449,567457,185.45,185.44,206,547,770,-430
959,CRM,2020-02-03,0 days 15:57:57.507712,568227,185.44,185.43,403,588,-2830,770
960,CRM,2020-02-03,0 days 15:57:58.509346,567457,185.44,185.43,110,598,770,-2830
961,CRM,2020-02-03,0 days 15:58:09.539022,596784,185.48,185.46,200,310,3663,-637
962,CRM,2020-02-03,0 days 15:58:41.615192,601770,185.41,185.4,523,25,-4625,6094
963,CRM,2020-02-03,0 days 15:58:42.617833,597584,185.41,185.4,524,201,4186,-4625
964,CRM,2020-02-03,0 days 15:58:52.641694,601770,185.39,185.38,105,125,-4525,15075
965,CRM,2020-02-03,0 days 15:58:53.643963,598995,185.39,185.38,569,325,2775,-4525
966,CRM,2020-02-03,0 days 15:59:02.666176,602140,185.39,185.38,659,135,-5155,5545
967,CRM,2020-02-03,0 days 15:59:03.669455,598895,185.38,185.37,173,236,3025,-5155
968,CRM,2020-02-03,0 days 15:59:10.686750,607910,185.39,185.37,398,689,-9362,4442
969,CRM,2020-02-03,0 days 15:59:11.689205,605948,185.39,185.37,598,789,1962,-9362
970,CRM,2020-02-03,0 days 15:59:24.715206,606463,185.47,185.44,386,1145,1531,-6496
971,CRM,2020-02-03,0 days 15:59:26.719974,607994,185.5,185.49,37,317,-244,1145
972,CRM,2020-02-03,0 days 15:59:37.747673,607994,185.47,185.44,1038,375,-3787,364
973,CRM,2020-02-03,0 days 15:59:38.750583,593381,185.45,185.42,790,108,14613,-3787
974,CRM,2020-02-03,0 days 15:59:47.771224,608111,185.44,185.4,1035,1142,-1342,4627
975,CRM,2020-02-03,0 days 15:59:48.773813,607356,185.44,185.41,435,870,638,-1342
976,CRM,2020-02-03,0 days 15:59:55.790864,607994,185.47,185.4,189,1233,-16854,2774
977,CRM,2020-02-03,0 days 15:59:57.796075,607920,185.46,185.43,800,357,74,-16854
978,CS,2020-02-03,0 days 15:56:16.208547,30474,12.52,12.51,54532,99523,-101,1847
979,CS,2020-02-03,0 days 15:58:54.591961,34578,12.52,12.51,84912,105465,11141,-1153
980,CS,2020-02-03,0 days 15:59:04.616943,46919,12.52,12.51,93315,106265,-1109,11341
981,CS,2020-02-03,0 days 15:59:33.688201,48028,12.52,12.51,80271,104725,45,-301
982,CSTM,2020-02-03,0 days 15:55:00.118094,23375,11.72,11.71,508,7690,-325,434
983,CSTM,2020-02-03,0 days 15:57:44.516301,29122,11.74,11.73,17429,10365,3915,-985
984,CSTM,2020-02-03,0 days 15:57:45.518715,25637,11.74,11.73,17129,10465,-3485,3915
985,CSTM,2020-02-03,0 days 15:59:01.704692,29122,11.74,11.73,4291,13694,1541,-2751
986,CSTM,2020-02-03,0 days 15:59:02.706874,28763,11.74,11.73,4000,13694,-359,1541
987,CSTM,2020-02-03,0 days 15:59:19.745710,29974,11.74,11.73,982,13144,619,-359
988,CSTM,2020-02-03,0 days 15:59:22.752362,27693,11.74,11.73,562,12339,-1429,571
989,CSTM,2020-02-03,0 days 15:59:24.757891,29974,11.74,11.73,3662,12357,6919,-1429
990,CSTM,2020-02-03,0 days 15:59:57.837932,34652,11.73,11.72,2721,300,2047,-249
991,CTL,2020-02-03,0 days 15:57:33.390476,541504,13.59,13.58,53831,20992,21273,-16849
992,CTL,2020-02-03,0 days 15:57:34.391725,532219,13.59,13.58,57211,21975,-9285,21273
993,CTL,2020-02-03,0 days 15:58:06.469827,543426,13.59,13.58,24214,79028,24413,-14654
994,CTL,2020-02-03,0 days 15:58:07.472661,524239,13.6,13.59,55719,21313,-19187,24413
995,CTL,2020-02-03,0 days 15:58:22.508203,540932,13.58,13.57,85283,16381,-1388,684
996,CTVA,2020-02-03,0 days 15:59:57.885989,872768,30.15,30.14,8700,6500,-482,33494
997,CTVA,2020-02-03,0 days 15:59:59.891726,839012,30.12,30.11,37108,13773,34940,-8301
998,CVE,2020-02-03,0 days 15:57:27.380731,59853,8.64,8.63,45083,74810,-2273,1862
999,CVE,2020-02-03,0 days 15:57:29.385284,57034,8.64,8.63,42883,79710,2819,-1473
1000,CVNA,2020-02-03,0 days 15:55:34.200784,148286,86.23,86.2,218,800,283,-1441
1001,CVNA,2020-02-03,0 days 15:55:35.203827,146569,86.23,86.2,215,800,-1717,283
1002,CVNA,2020-02-03,0 days 15:56:06.278326,149794,86.31,86.28,696,418,772,-2328
1003,CVNA,2020-02-03,0 days 15:56:07.280447,148566,86.31,86.28,696,418,-1228,772
1004,CVNA,2020-02-03,0 days 15:56:36.349928,149794,86.24,86.23,100,1407,972,-228
1005,CVNA,2020-02-03,0 days 15:56:37.352684,148766,86.25,86.23,685,1409,-1028,972
1006,CVNA,2020-02-03,0 days 15:57:24.467138,150568,86.31,86.3,884,598,-9,64
1007,CVNA,2020-02-03,0 days 15:57:41.509256,156915,86.31,86.3,121,515,322,-678
1008,CVNA,2020-02-03,0 days 15:57:42.511349,155637,86.31,86.3,221,515,-1278,322
1009,CVNA,2020-02-03,0 days 15:58:03.587695,159015,86.29,86.25,1740,999,2322,-1278
1010,CVNA,2020-02-03,0 days 15:58:04.566433,158132,86.29,86.25,1731,999,-783,2322
1011,CVNA,2020-02-03,0 days 15:58:44.662435,162315,86.25,86.24,40,78,1613,-1487
1012,CVNA,2020-02-03,0 days 15:58:45.665226,161128,86.25,86.23,40,1800,-1187,1613
1013,CVNA,2020-02-03,0 days 15:59:06.715935,171346,86.26,86.24,1598,1348,387,-6113
1014,CVS,2020-02-03,0 days 15:55:01.024717,387573,66.91,66.9,1546,2365,28501,-85464
1015,CVS,2020-02-03,0 days 15:55:02.024750,382174,66.94,66.93,1498,1800,-12499,28501
1016,CVS,2020-02-03,0 days 15:55:53.148439,382673,66.91,66.89,1800,2300,-5178,1322
1017,CVS,2020-02-03,0 days 15:56:52.289836,384335,66.89,66.88,1600,904,-5209,1091
1018,CVS,2020-02-03,0 days 15:57:45.417179,401124,66.83,66.82,3236,1382,-651,2249
1019,CVS,2020-02-03,0 days 15:57:46.419549,401775,66.83,66.82,3342,1782,3249,-651
1020,CVS,2020-02-03,0 days 15:57:47.422031,401624,66.83,66.82,3442,1982,-151,3249
1021,CVS,2020-02-03,0 days 15:57:52.434094,401775,66.81,66.8,1858,1677,354,-2951
1022,CVS,2020-02-03,0 days 15:57:53.437086,401029,66.81,66.8,2608,1677,-746,354
1023,CVS,2020-02-03,0 days 15:57:57.446450,401775,66.8,66.79,729,3001,54,-546
1024,CVS,2020-02-03,0 days 15:57:58.448733,400029,66.81,66.8,2020,3045,-1746,54
1025,CVS,2020-02-03,0 days 15:58:01.456911,401775,66.81,66.8,2327,7463,2554,-446
1026,CVS,2020-02-03,0 days 15:58:02.458982,401329,66.81,66.8,2607,7563,-446,2554
1027,CVS,2020-02-03,0 days 15:58:05.467438,401775,66.83,66.82,500,2323,43865,-446
1028,CVS,2020-02-03,0 days 15:59:10.624424,479329,66.82,66.81,503,2993,-1361,3042
1029,CVS,2020-02-03,0 days 15:59:11.627416,476805,66.82,66.81,1103,2873,2524,-1361
1030,CVS,2020-02-03,0 days 15:59:33.674544,472642,66.89,66.88,1700,1322,5395,-2926
1031,CVS,2020-02-03,0 days 15:59:40.691326,494157,66.94,66.92,1500,4001,-4471,6829
1032,CVX,2020-02-03,0 days 15:57:27.380731,718610,106.3,106.29,1523,105,-640,5160
1033,CVX,2020-02-03,0 days 15:57:29.385284,711850,106.3,106.28,1449,616,6760,-1140
1034,CVX,2020-02-03,0 days 15:57:34.397760,717600,106.32,106.3,641,700,-16250,6061
1035,CVX,2020-02-03,0 days 15:57:36.402538,715137,106.31,106.29,700,1078,2463,-4526
1036,CVX,2020-02-03,0 days 15:57:49.434268,714742,106.32,106.3,1273,961,-3949,2282
1037,CVX,2020-02-03,0 days 15:57:50.436970,713040,106.3,106.29,537,242,1702,-3949
1038,CVX,2020-02-03,0 days 15:57:58.456086,721042,106.3,106.29,831,762,-2498,3391
1039,CVX,2020-02-03,0 days 15:58:00.462358,719040,106.3,106.28,1371,1266,2002,-4398
1040,CVX,2020-02-03,0 days 15:59:03.614324,796021,106.2,106.19,1913,299,-14446,6713
1041,CVX,2020-02-03,0 days 15:59:04.616964,790967,106.2,106.19,1936,601,5054,-14446
1042,CVX,2020-02-03,0 days 15:59:10.632434,795436,106.25,106.22,1312,1400,-2155,4
1043,CVX,2020-02-03,0 days 15:59:13.639236,791559,106.25,106.24,346,1110,3877,-3523
1044,CVX,2020-02-03,0 days 15:59:37.697283,795981,106.31,106.3,585,1200,2709,-364
1045,CVX,2020-02-03,0 days 15:59:42.709894,798690,106.32,106.3,1741,916,-14637,1399
1046,CVX,2020-02-03,0 days 15:59:44.715045,790481,106.29,106.27,695,646,9650,-14137
1047,CVX,2020-02-03,0 days 15:59:45.716627,800131,106.3,106.29,351,690,-1591,9650
1048,CX,2020-02-03,0 days 15:57:52.945783,196096,4.2,4.19,228452,176446,-2666,1434
1049,CX,2020-02-03,0 days 15:57:53.947710,184762,4.2,4.19,232192,175646,11334,-2666
1050,CX,2020-02-03,0 days 15:58:47.075953,196174,4.2,4.19,229678,175250,-85688,116312
1051,CX,2020-02-03,0 days 15:58:48.079012,185562,4.2,4.19,231982,171636,10612,-85688
1052,CX,2020-02-03,0 days 15:59:24.160113,217212,4.21,4.2,98939,286956,8213,-10687
1053,D,2020-02-03,0 days 15:55:00.166149,217595,85.78,85.76,1213,1108,63254,-42322
1054,D,2020-02-03,0 days 15:56:00.311836,229237,85.88,85.87,1322,500,-1266,2006
1055,D,2020-02-03,0 days 15:56:01.313322,229103,85.88,85.87,1962,749,106,-1266
1056,D,2020-02-03,0 days 15:56:51.433927,229837,85.87,85.86,144,954,-2973,154
1057,D,2020-02-03,0 days 15:56:52.436209,229210,85.87,85.86,44,858,599,-2973
1058,D,2020-02-03,0 days 15:56:57.448508,229837,85.87,85.86,644,1046,-263,499
1059,D,2020-02-03,0 days 15:56:58.450765,229300,85.87,85.86,44,946,509,-263
1060,D,2020-02-03,0 days 15:57:04.466320,230837,85.87,85.86,22,1497,-563,709
1061,D,2020-02-03,0 days 15:57:05.468600,230300,85.87,85.86,20,1597,509,-563
1062,D,2020-02-03,0 days 15:57:13.487985,241513,85.86,85.85,528,1235,-6637,1713
1063,D,2020-02-03,0 days 15:57:14.490433,240750,85.86,85.85,840,1035,763,-6637
1064,D,2020-02-03,0 days 15:57:39.552263,246887,85.84,85.83,1472,437,-1972,1145
1065,D,2020-02-03,0 days 15:57:41.556667,246166,85.84,85.83,1374,449,721,-2179
1066,D,2020-02-03,0 days 15:57:44.564545,246925,85.84,85.83,1074,1149,-1282,608
1067,D,2020-02-03,0 days 15:57:45.566317,246307,85.84,85.83,1474,1049,618,-1282
1068,D,2020-02-03,0 days 15:57:55.590872,244740,85.85,85.84,638,1596,485,-1915
1069,D,2020-02-03,0 days 15:58:14.637181,266250,85.87,85.86,322,2079,-3459,5113
1070,D,2020-02-03,0 days 15:58:15.639463,263409,85.87,85.86,222,2204,2813,-3459
1071,D,2020-02-03,0 days 15:59:41.850558,270812,85.87,85.86,1174,1131,-1562,338
1072,D,2020-02-03,0 days 15:59:47.864491,266557,85.87,85.86,306,1067,4012,-8133
1073,D,2020-02-03,0 days 15:59:51.873590,267781,85.87,85.84,1038,1598,3304,-7915
1074,DAL,2020-02-03,0 days 15:59:17.634696,1059754,56.03,56.02,2200,543,-79464,378714
1075,DAL,2020-02-03,0 days 15:59:44.700908,1084269,56.06,56.05,2206,801,779,-10437
1076,DAL,2020-02-03,0 days 15:59:57.731365,1104015,56.06,56.05,135,2099,-8330,1339
1077,DAN,2020-02-03,0 days 15:59:29.727219,192582,16.02,16.01,2579,15273,4266,-110
1078,DAN,2020-02-03,0 days 15:59:30.730471,180804,16.02,16.01,2576,14472,-9454,4266
1079,DAN,2020-02-03,0 days 15:59:40.757047,196664,16.02,16.01,5954,17622,570,-7130
1080,DAN,2020-02-03,0 days 15:59:46.770280,194123,16.02,16.01,6370,18160,-2541,570
1081,DAR,2020-02-03,0 days 15:55:07.203405,16030217,27.25,27.24,1003,1000,-2521,16579
1082,DAR,2020-02-03,0 days 15:55:12.215644,16014535,27.27,27.26,600,1930,5282,-4418
1083,DAR,2020-02-03,0 days 15:55:22.239953,16030217,27.25,27.24,900,1503,-2660,7040
1084,DAR,2020-02-03,0 days 15:55:23.242640,16024077,27.25,27.24,500,2203,13140,-2660
1085,DAR,2020-02-03,0 days 15:55:34.268542,16040217,27.25,27.24,604,3186,-1265,2340
1086,DAR,2020-02-03,0 days 15:55:35.271718,16033482,27.26,27.25,523,2932,6035,-1265
1087,DAR,2020-02-03,0 days 15:55:41.285518,16024182,27.27,27.26,2025,3349,5635,-4465
1088,DAR,2020-02-03,0 days 15:56:12.360241,16002614,27.31,27.3,600,7488,879,-3421
1089,DAR,2020-02-03,0 days 15:56:20.380009,15992814,27.33,27.32,2843,1364,616,-9184
1090,DAR,2020-02-03,0 days 15:56:21.382540,15993430,27.33,27.32,2503,4564,-384,616
1091,DAR,2020-02-03,0 days 15:56:55.463923,16111714,27.37,27.36,6794,226,56016,-148884
1092,DAR,2020-02-03,0 days 15:56:58.471034,16126314,27.39,27.38,1110,6603,8422,-19028
1093,DAR,2020-02-03,0 days 15:57:12.505387,16405244,27.37,27.36,400,658,6734,-244751
1094,DAR,2020-02-03,0 days 15:57:13.508482,16384978,27.37,27.36,200,3158,-20266,6734
1095,DAR,2020-02-03,0 days 15:57:18.521004,16357723,27.34,27.33,300,1500,36555,-7205
1096,DAR,2020-02-03,0 days 15:57:24.534875,16337484,27.34,27.33,1303,3042,-12718,8282
1097,DAR,2020-02-03,0 days 15:57:51.600648,16364742,27.33,27.32,939,2836,1955,-6845
1098,DAR,2020-02-03,0 days 15:58:11.650060,16388687,27.33,27.32,4440,1822,-266186,95757
1099,DB,2020-02-03,0 days 15:59:36.681400,184606,8.97,8.96,176219,169486,4170,-14030
1100,DB,2020-02-03,0 days 15:59:46.706073,177652,8.97,8.96,154241,163706,-10737,387
1101,DDD,2020-02-03,0 days 15:56:02.255023,173740,11.03,11.02,1899,15731,11969,-1331
1102,DDD,2020-02-03,0 days 15:56:03.257968,172709,11.03,11.02,799,14378,-1031,11969
1103,DDD,2020-02-03,0 days 15:56:28.317684,173818,11.03,11.02,12367,2093,-1122,878
1104,DECK,2020-02-03,0 days 15:56:41.366572,58076,186.89,186.85,116,129,-299,101
1105,DECK,2020-02-03,0 days 15:56:42.368628,57675,186.89,186.85,213,3,401,-299
1106,DECK,2020-02-03,0 days 15:57:12.440892,59176,186.8,186.77,564,219,-143,324
1107,DECK,2020-02-03,0 days 15:57:13.443430,58719,186.78,186.77,1,100,457,-143
1108,DECK,2020-02-03,0 days 15:57:34.495266,59193,186.93,186.88,406,129,-239,61
1109,DECK,2020-02-03,0 days 15:57:35.497790,58832,186.92,186.87,402,229,1467,-239
1110,DECK,2020-02-03,0 days 15:57:48.529714,61399,186.93,186.9,318,731,-433,567
1111,DECK,2020-02-03,0 days 15:57:49.531518,60832,186.93,186.9,324,831,567,-433
1112,DECK,2020-02-03,0 days 15:59:02.710075,62921,186.93,186.87,606,848,-268,32
1113,DECK,2020-02-03,0 days 15:59:03.713272,62264,186.93,186.87,711,948,657,-268
1114,DECK,2020-02-03,0 days 15:59:07.722700,76763,187.12,187.04,309,1253,-701,3999
1115,DECK,2020-02-03,0 days 15:59:08.724923,75364,187.12,187.04,470,953,299,-701
1116,DECK,2020-02-03,0 days 15:59:12.735521,75663,187.21,187.15,534,1276,-54,246
1117,DECK,2020-02-03,0 days 15:59:21.756974,75809,187.23,187.21,596,1288,126,-146
1118,DECK,2020-02-03,0 days 15:59:25.766565,75935,187.32,187.24,600,1587,-161,126
1119,DECK,2020-02-03,0 days 15:59:31.781781,77396,187.33,187.26,900,2395,1439,-961
1120,DECK,2020-02-03,0 days 15:59:39.801234,77935,187.44,187.37,555,1383,-108,239
1121,DECK,2020-02-03,0 days 15:59:41.806309,74393,187.48,187.46,2509,233,628,-3308
1122,DELL,2020-02-03,0 days 15:55:01.530478,85238,49.18,49.17,560,921,373,-1227
1123,DELL,2020-02-03,0 days 15:55:36.616343,85611,49.18,49.17,1486,1034,-927,373
1124,DELL,2020-02-03,0 days 15:55:37.618596,85338,49.18,49.17,1486,1523,273,-927
1125,DELL,2020-02-03,0 days 15:55:45.637688,87099,49.18,49.17,1686,1024,-176,124
1126,DELL,2020-02-03,0 days 15:55:46.640257,86775,49.18,49.17,1693,1024,324,-176
1127,DELL,2020-02-03,0 days 15:56:41.772815,88774,49.17,49.15,2660,434,-299,401
1128,DELL,2020-02-03,0 days 15:56:42.774586,88373,49.17,49.15,2460,434,401,-299
1129,DELL,2020-02-03,0 days 15:57:35.904655,88999,49.15,49.14,2417,1730,-2562,253
1130,DELL,2020-02-03,0 days 15:57:36.907205,91561,49.15,49.14,2384,1630,1238,-2562
1131,DELL,2020-02-03,0 days 15:57:37.909331,91299,49.15,49.14,2519,1630,-262,1238
1132,DELL,2020-02-03,0 days 15:59:04.119641,100757,49.16,49.14,1808,1845,572,-309
1133,DFS,2020-02-03,0 days 15:55:01.030497,219170,75.05,75.04,627,588,-14671,33863
1134,DFS,2020-02-03,0 days 15:55:02.030461,218841,75.04,75.03,83,1052,329,-14671
1135,DFS,2020-02-03,0 days 15:55:50.146303,224546,75.07,75.06,288,1100,771,-29
1136,DFS,2020-02-03,0 days 15:56:02.175277,219327,75.09,75.08,1094,832,-5219,771
1137,DFS,2020-02-03,0 days 15:56:03.177431,219146,75.08,75.07,195,994,181,-5219
1138,DFS,2020-02-03,0 days 15:56:31.244532,219927,75.08,75.07,332,1722,-19,281
1139,DFS,2020-02-03,0 days 15:56:32.246633,219746,75.08,75.07,432,1722,181,-19
1140,DFS,2020-02-03,0 days 15:56:48.285674,223127,75.12,75.11,1225,200,-431,165
1141,DFS,2020-02-03,0 days 15:57:13.346215,225471,75.1,75.09,718,1,170,-432
1142,DFS,2020-02-03,0 days 15:57:17.356025,225641,75.09,75.08,1332,169,-8,170
1143,DFS,2020-02-03,0 days 15:57:18.358197,225449,75.09,75.08,1471,365,192,-8
1144,DFS,2020-02-03,0 days 15:57:24.373020,227242,75.08,75.07,801,172,-143,192
1145,DFS,2020-02-03,0 days 15:57:40.412363,227559,75.12,75.11,851,500,183,-117
1146,DFS,2020-02-03,0 days 15:57:41.414883,227442,75.11,75.09,1086,471,-117,183
1147,DFS,2020-02-03,0 days 15:58:12.492973,240249,75.1,75.09,955,142,-6561,1608
1148,DFS,2020-02-03,0 days 15:58:13.493066,238710,75.09,75.08,861,202,1539,-6561
1149,DFS,2020-02-03,0 days 15:59:20.656129,240848,75.13,75.11,968,200,-85,131
1150,DFS,2020-02-03,0 days 15:59:21.658863,240733,75.13,75.11,771,643,115,-85
1151,DFS,2020-02-03,0 days 15:59:32.685352,241080,75.17,75.16,943,777,93,-1007
1152,DFS,2020-02-03,0 days 15:59:39.702024,242173,75.16,75.14,1366,307,-348,152
1153,DFS,2020-02-03,0 days 15:59:55.741163,245827,75.1,75.07,366,4300,46,-254
1154,DHI,2020-02-03,0 days 15:55:37.207657,298632,58.8,58.79,4612,1800,770,-2221
1155,DHI,2020-02-03,0 days 15:55:38.210238,295900,58.8,58.79,4611,1985,-4332,770
1156,DHI,2020-02-03,0 days 15:56:36.349198,302979,58.76,58.75,1777,3388,3866,-2234
1157,DHI,2020-02-03,0 days 15:56:37.351945,299341,58.76,58.75,1513,3488,-3638,3866
1158,DHI,2020-02-03,0 days 15:57:37.499066,308932,58.74,58.73,4095,960,3685,-1360
1159,DHI,2020-02-03,0 days 15:57:41.508868,306572,58.73,58.72,3396,500,-2360,940
1160,DHI,2020-02-03,0 days 15:57:48.525826,306185,58.72,58.71,4890,2316,2287,-1360
1161,DHI,2020-02-03,0 days 15:57:49.527597,304272,58.74,58.73,1179,1574,-1913,2287
1162,DHI,2020-02-03,0 days 15:58:05.568176,309304,58.74,58.73,1160,2773,3356,-3832
1163,DHI,2020-02-03,0 days 15:58:07.575286,307718,58.76,58.75,2272,1218,-3476,5514
1164,DHI,2020-02-03,0 days 15:58:59.698375,310215,58.73,58.72,2931,499,-1087,1513
1165,DHI,2020-02-03,0 days 15:59:15.738147,340805,58.72,58.71,4811,2135,1752,-426
1166,DHI,2020-02-03,0 days 15:59:16.740010,340557,58.72,58.71,4368,2139,-248,1752
1167,DHI,2020-02-03,0 days 15:59:21.749988,340805,58.72,58.71,5239,1713,3086,-148
1168,DHI,2020-02-03,0 days 15:59:31.774320,338891,58.73,58.72,2957,2372,-3133,367
1169,DHI,2020-02-03,0 days 15:59:40.797732,342738,58.73,58.72,1237,5957,601,-1047
1170,DHI,2020-02-03,0 days 15:59:41.799118,337684,58.74,58.73,500,1914,-5224,601
1171,DHI,2020-02-03,0 days 15:59:42.802007,344608,58.74,58.73,1012,2629,3,-5224
1172,DHI,2020-02-03,0 days 15:59:48.816027,344906,58.73,58.72,357,6101,-156,6044
1173,DHI,2020-02-03,0 days 15:59:51.822940,345062,58.73,58.72,1439,3089,6528,-1656
1174,DHR,2020-02-03,0 days 15:56:57.448473,233076,160.89,160.88,210,886,-168,1332
1175,DHR,2020-02-03,0 days 15:57:21.507503,239327,160.78,160.77,601,450,1869,-633
1176,DHR,2020-02-03,0 days 15:57:22.510137,238896,160.78,160.77,601,450,-431,1869
1177,DHR,2020-02-03,0 days 15:57:42.558905,241320,160.83,160.82,334,1096,261,-390
1178,DHR,2020-02-03,0 days 15:57:43.562152,240881,160.86,160.84,400,400,-439,261
1179,DHR,2020-02-03,0 days 15:58:04.613898,258220,160.83,160.81,801,503,15337,-252
1180,DHR,2020-02-03,0 days 15:58:14.637106,259537,160.88,160.86,900,925,-11483,2137
1181,DHR,2020-02-03,0 days 15:58:15.639400,257320,160.88,160.86,913,925,2217,-11483
1182,DHR,2020-02-03,0 days 15:59:05.763424,282612,160.82,160.8,200,300,-11011,4167
1183,DHR,2020-02-03,0 days 15:59:06.765952,278823,160.8,160.77,500,60,4289,-11011
1184,DHR,2020-02-03,0 days 15:59:45.860543,289439,160.94,160.93,1021,104,2189,-2871
1185,DHT,2020-02-03,0 days 15:59:00.600117,178730,5.65,5.64,23783,9101,1142,-1867
1186,DHT,2020-02-03,0 days 15:59:20.642081,179872,5.65,5.64,19334,10345,-677,1142
1187,DHT,2020-02-03,0 days 15:59:29.663914,183831,5.65,5.64,11001,16349,1577,-2688
1188,DHT,2020-02-03,0 days 15:59:30.666836,180808,5.65,5.64,10097,16504,-52,1577
1189,DIS,2020-02-03,0 days 15:59:17.634696,1282286,141.25,141.22,400,344,114983,-379605
1190,DIS,2020-02-03,0 days 15:59:50.715894,1405140,141.34,141.28,400,710,-2033,287
1191,DIS,2020-02-03,0 days 15:59:51.718366,1410182,141.35,141.29,1444,100,958,-2033
1192,DLPH,2020-02-03,0 days 15:55:34.199985,173561,15.25,15.24,17866,7153,-754,1802
1193,DLPH,2020-02-03,0 days 15:55:35.203680,166815,15.25,15.24,17866,7253,6746,-754
1194,DLPH,2020-02-03,0 days 15:59:15.738444,193211,15.25,15.24,6620,6469,-22555,9447
1195,DLPH,2020-02-03,0 days 15:59:16.740010,189243,15.25,15.24,7859,7043,3968,-22555
1196,DO,2020-02-03,0 days 15:58:00.561009,184871,4.65,4.64,27863,3168,-2230,4170
1197,DO,2020-02-03,0 days 15:58:01.561836,180901,4.65,4.64,28633,3168,3970,-2230
1198,DO,2020-02-03,0 days 15:58:54.691047,185938,4.64,4.63,11000,36892,-795,901
1199,DO,2020-02-03,0 days 15:58:55.692802,182033,4.64,4.63,11353,36180,3905,-795
1200,DO,2020-02-03,0 days 15:59:47.820864,221503,4.64,4.63,8144,25669,3578,-6022
1201,DOC,2020-02-03,0 days 15:55:00.186957,488482,19.45,19.44,7801,6353,9705,-4605
1202,DOC,2020-02-03,0 days 15:55:01.188364,484087,19.45,19.44,8501,5955,-4395,9705
1203,DOC,2020-02-03,0 days 15:55:16.226090,488482,19.44,19.43,12349,1839,29305,-4395
1204,DOC,2020-02-03,0 days 15:55:17.228135,484087,19.44,19.43,12794,3250,-5695,29305
1205,DOC,2020-02-03,0 days 15:57:34.559528,507401,19.41,19.4,12443,4649,7988,-2012
1206,DOC,2020-02-03,0 days 15:57:35.561484,503289,19.41,19.4,11525,5149,-4112,7988
1207,DOC,2020-02-03,0 days 15:57:37.566654,507401,19.41,19.4,11423,5810,15888,-4112
1208,DOC,2020-02-03,0 days 15:58:13.654981,427409,19.44,19.43,5619,13941,42771,-4229
1209,DOC,2020-02-03,0 days 15:58:28.690800,498880,19.43,19.42,24662,1520,-559,16371
1210,DOC,2020-02-03,0 days 15:58:32.700819,500409,19.43,19.42,25224,1705,4871,-559
1211,DOC,2020-02-03,0 days 15:58:33.702954,498880,19.43,19.42,25248,2005,-559,4871
1212,DOC,2020-02-03,0 days 15:58:37.712652,500409,19.43,19.42,25550,1905,18471,-559
1213,DOC,2020-02-03,0 days 15:58:38.715597,498880,19.43,19.42,25450,2105,-559,18471
1214,DOC,2020-02-03,0 days 15:59:17.808676,522821,19.43,19.42,24099,4916,191,-7061
1215,DOC,2020-02-03,0 days 15:59:28.835465,521801,19.43,19.42,16704,7978,-905,6991
1216,DOV,2020-02-03,0 days 15:55:00.186957,109324,113.6,113.55,100,200,7933,-49924
1217,DOV,2020-02-03,0 days 15:57:55.610074,120612,113.69,113.67,2,509,-237,463
1218,DOV,2020-02-03,0 days 15:57:56.612678,120149,113.69,113.67,2,509,463,-237
1219,DOV,2020-02-03,0 days 15:58:47.736828,126700,113.64,113.62,100,751,-2741,999
1220,DOV,2020-02-03,0 days 15:58:48.739550,126041,113.64,113.62,18,862,659,-2741
1221,DOV,2020-02-03,0 days 15:59:14.804541,145982,113.72,113.69,674,705,-1223,1652
1222,DOV,2020-02-03,0 days 15:59:15.804615,144505,113.72,113.69,676,836,1477,-1223
1223,DOV,2020-02-03,0 days 15:59:20.816467,146482,113.73,113.7,897,891,-206,1377
1224,DOV,2020-02-03,0 days 15:59:24.825705,145261,113.73,113.71,1387,606,1221,-206
1225,DOV,2020-02-03,0 days 15:59:34.851285,131782,113.78,113.72,1613,200,-218,221
1226,DOV,2020-02-03,0 days 15:59:35.852687,131600,113.78,113.72,1693,220,182,-218
1227,DOV,2020-02-03,0 days 15:59:38.860809,131782,113.77,113.72,200,231,-1708,182
1228,DRE,2020-02-03,0 days 15:55:00.117978,246555,36.2,36.19,4945,1734,11660,-75789
1229,DRE,2020-02-03,0 days 15:55:01.120355,246015,36.21,36.2,1300,8483,-540,11660
1230,DRE,2020-02-03,0 days 15:56:01.266017,249473,36.23,36.22,6778,4258,73,-1027
1231,DRE,2020-02-03,0 days 15:56:02.267901,248646,36.23,36.22,6678,4683,-827,73
