,Symbol,Timestamp,TIME,iPaired,Ask_P,Bid_P,Ask_S,Bid_S,iShares,PreviShares
0,ABBV,2020-10-06,0 days 15:50:01.026922,440333,85.92,85.89,200,500,1617,-527
1,ABBV,2020-10-06,0 days 15:55:00.038118,606779,85.91,85.9,100,1600,-41859,1877
2,ABBV,2020-10-06,0 days 15:55:21.031327,654514,85.94,85.93,1048,200,20871,-498
3,ABBV,2020-10-06,0 days 15:55:28.033146,565007,85.93,85.92,300,500,85208,-3592
4,ABBV,2020-10-06,0 days 15:55:36.031932,653484,85.93,85.92,100,100,-326,85188
5,ABBV,2020-10-06,0 days 15:55:37.032062,653810,85.92,85.9,900,407,2574,-326
6,ABBV,2020-10-06,0 days 15:55:44.032293,661641,85.96,85.95,1044,180,-1269,961
7,ABBV,2020-10-06,0 days 15:55:45.032631,660910,85.96,85.95,596,200,205,-1269
8,ABBV,2020-10-06,0 days 15:55:48.033240,660044,85.98,85.97,100,800,-866,33
9,ABBV,2020-10-06,0 days 15:56:13.032859,667178,85.93,85.92,400,300,152,-533
10,ABBV,2020-10-06,0 days 15:56:31.033518,667212,85.93,85.92,400,116,118,-21
11,ABBV,2020-10-06,0 days 15:56:33.033130,667244,85.94,85.93,200,300,-368,118
12,ABBV,2020-10-06,0 days 15:56:49.033906,667633,85.93,85.92,100,501,1855,-174
13,ABBV,2020-10-06,0 days 15:57:39.035309,681583,85.96,85.95,100,700,296,-834
14,ABBV,2020-10-06,0 days 15:57:40.035547,677205,85.96,85.95,100,1317,-4378,296
15,ABBV,2020-10-06,0 days 15:57:46.035941,681583,85.96,85.95,100,793,824,-3704
16,ABBV,2020-10-06,0 days 15:57:47.036131,680507,85.97,85.96,400,890,-1076,824
17,ABBV,2020-10-06,0 days 15:57:48.035842,681583,85.98,85.97,300,1190,1125,-1076
18,ABBV,2020-10-06,0 days 15:57:49.035567,680408,85.98,85.97,200,800,-2275,1125
19,ABBV,2020-10-06,0 days 15:58:01.036899,682583,85.97,85.96,735,1059,1125,-4676
20,ABBV,2020-10-06,0 days 15:58:02.039503,682379,85.96,85.95,1007,800,-5962,1125
21,ABBV,2020-10-06,0 days 15:58:05.038119,692547,85.96,85.95,200,1100,1260,-1968
22,ABBV,2020-10-06,0 days 15:58:07.037122,688279,85.96,85.95,1200,665,-7230,170
23,ABBV,2020-10-06,0 days 15:58:23.037543,697105,85.96,85.95,618,200,1091,-2183
24,ABBV,2020-10-06,0 days 15:58:24.037234,695122,85.96,85.94,1312,600,-1983,1091
25,ABBV,2020-10-06,0 days 15:58:41.038535,694005,85.94,85.93,575,200,1314,-2730
26,ABBV,2020-10-06,0 days 15:58:42.038207,692405,85.95,85.93,900,1500,-2000,1314
27,ABBV,2020-10-06,0 days 15:58:52.038646,694755,85.93,85.92,217,1000,-1684,1864
28,ABBV,2020-10-06,0 days 15:59:01.040865,699793,85.93,85.92,100,900,1210,-4708
29,ABBV,2020-10-06,0 days 15:59:02.039922,685789,85.93,85.92,800,400,-532,1210
30,ABBV,2020-10-06,0 days 15:59:07.041427,686030,85.92,85.9,400,1222,-456,2833
31,ABBV,2020-10-06,0 days 15:59:08.041116,689186,85.97,85.95,691,1200,45129,-456
32,ABBV,2020-10-06,0 days 15:59:17.037865,732644,85.95,85.92,203,861,8767,-6538
33,ABBV,2020-10-06,0 days 15:59:20.037600,744219,85.97,85.95,100,1081,-162,4977
34,ABBV,2020-10-06,0 days 15:59:23.037539,742947,85.96,85.95,403,1019,1100,-2402
35,ABBV,2020-10-06,0 days 15:59:33.039395,746350,85.91,85.89,110,382,-9718,2818
36,ABBV,2020-10-06,0 days 15:59:34.037729,744468,85.91,85.89,210,100,1882,-9718
37,ABBV,2020-10-06,0 days 15:59:43.039582,746350,85.91,85.89,900,582,-78431,82876
38,ABBV,2020-10-06,0 days 15:59:52.040420,817830,85.88,85.86,400,100,4523,-77680
39,ABEV,2020-10-06,0 days 15:55:44.244372,79477,2.42,2.41,478822,837970,30470,-18530
40,ABEV,2020-10-06,0 days 15:59:36.250429,141333,2.42,2.41,164909,1175336,-12260,29940
41,ABT,2020-10-06,0 days 15:59:24.250311,471004,106.5,106.48,600,200,-19609,21291
42,ABT,2020-10-06,0 days 15:59:39.250486,499989,106.39,106.36,200,200,-5147,11703
43,ABT,2020-10-06,0 days 15:59:47.252506,503718,106.35,106.33,200,200,-5109,110
44,ACI,2020-10-06,0 days 15:59:15.250457,122928,13.83,13.82,1124,830,-3891,3728
45,ACI,2020-10-06,0 days 15:59:16.250636,122807,13.83,13.82,1724,730,121,-3891
46,ACI,2020-10-06,0 days 15:59:40.252236,127328,13.83,13.81,700,820,-635,1521
47,ACI,2020-10-06,0 days 15:59:48.251091,126058,13.82,13.81,452,300,1270,-635
48,ACM,2020-10-06,0 days 15:55:01.034875,104178,44.11,44.09,200,215,4842,-9856
49,ACM,2020-10-06,0 days 15:55:02.030364,102602,44.11,44.09,300,100,-1576,4842
50,ACM,2020-10-06,0 days 15:55:36.031908,106127,44.1,44.08,100,263,16044,-2374
51,ACM,2020-10-06,0 days 15:55:37.032045,105771,44.11,44.08,600,540,-356,16044
52,ACM,2020-10-06,0 days 15:56:23.034137,106727,44.07,44.06,300,200,162,-666
53,ACM,2020-10-06,0 days 15:56:24.033085,107389,44.07,44.06,237,940,-246,162
54,ACM,2020-10-06,0 days 15:57:23.034525,109835,44.11,44.1,533,507,881,-119
55,ACM,2020-10-06,0 days 15:57:24.034729,108177,44.12,44.11,201,841,-1658,881
56,ACM,2020-10-06,0 days 15:58:09.037079,114175,44.14,44.11,1160,300,175,-2225
57,ACM,2020-10-06,0 days 15:58:10.037724,113650,44.14,44.11,1260,100,-525,175
58,ACM,2020-10-06,0 days 15:58:12.037648,114175,44.12,44.1,759,288,4475,-525
59,ACM,2020-10-06,0 days 15:58:21.038364,113675,44.11,44.09,400,500,375,-325
60,ACM,2020-10-06,0 days 15:59:09.040660,115386,44.15,44.13,100,500,-296,2704
61,ACM,2020-10-06,0 days 15:59:35.038077,126900,44.15,44.12,200,760,-948,1852
62,ADM,2020-10-06,0 days 15:57:39.090420,215120,47.73,47.72,867,1687,-496,104
63,ADM,2020-10-06,0 days 15:57:40.090925,213816,47.73,47.72,767,1487,1304,-496
64,ADM,2020-10-06,0 days 15:57:51.091230,215120,47.75,47.73,1886,2350,-996,1504
65,ADM,2020-10-06,0 days 15:58:20.093419,215029,47.68,47.67,806,1300,-605,2195
66,ADM,2020-10-06,0 days 15:58:21.093612,212834,47.68,47.66,2762,800,2195,-605
67,ADM,2020-10-06,0 days 15:59:08.096720,217684,47.7,47.69,1729,400,-877,213
68,ADM,2020-10-06,0 days 15:59:12.097657,218561,47.69,47.68,612,1500,1998,-44
69,ADM,2020-10-06,0 days 15:59:14.099718,220607,47.7,47.69,1235,900,-4295,946
70,ADM,2020-10-06,0 days 15:59:39.099940,221141,47.65,47.64,1107,471,-3839,1213
71,ADNT,2020-10-06,0 days 15:55:36.248161,101174,21.09,21.08,600,215,19636,-2192
72,ADNT,2020-10-06,0 days 15:59:32.251024,124580,21.08,21.05,415,100,-278,122
73,ADNT,2020-10-06,0 days 15:59:38.251809,124380,21.07,21.04,290,100,-82,1386
74,ADNT,2020-10-06,0 days 15:59:56.247197,125827,21.12,21.0,600,600,153,-675
75,ADNT,2020-10-06,0 days 15:59:57.248052,125980,21.12,21.0,600,800,-675,153
76,ADNT,2020-10-06,0 days 15:59:58.247600,125827,21.07,21.0,200,100,153,-675
77,ADNT,2020-10-06,0 days 15:59:59.245381,125980,21.12,21.0,600,100,-675,153
78,ADT,2020-10-06,0 days 15:56:35.246387,280168,8.39,8.38,2154,7810,3009,-8891
79,ADT,2020-10-06,0 days 15:57:38.246669,283920,8.39,8.38,3496,11300,857,-6343
80,ADT,2020-10-06,0 days 15:57:44.248964,284777,8.39,8.38,6100,5400,-1243,257
81,ADT,2020-10-06,0 days 15:58:24.250211,298556,8.38,8.37,2380,7014,-2539,13261
82,ADT,2020-10-06,0 days 15:58:25.249843,296395,8.38,8.37,4180,6514,2161,-2539
83,ADT,2020-10-06,0 days 15:58:27.250476,298556,8.38,8.37,1794,7014,-2239,2161
84,ADT,2020-10-06,0 days 15:58:28.250150,296395,8.38,8.37,3294,7214,2161,-2239
85,ADT,2020-10-06,0 days 15:58:29.250521,298556,8.38,8.37,1382,7614,-439,2161
86,ADT,2020-10-06,0 days 15:58:31.250567,296395,8.38,8.37,3082,7914,2161,-439
87,ADT,2020-10-06,0 days 15:58:32.249800,298556,8.38,8.37,1282,8214,-2239,2161
88,ADT,2020-10-06,0 days 15:59:03.253721,273295,8.37,8.36,8510,3357,30086,-4614
89,ADT,2020-10-06,0 days 15:59:07.254589,307564,8.37,8.36,7610,7000,-1252,2782
90,ADT,2020-10-06,0 days 15:59:08.252213,306116,8.37,8.36,6910,6900,1448,-1252
91,ADT,2020-10-06,0 days 15:59:45.252823,287162,8.35,8.34,2972,3000,25903,-24015
92,ADT,2020-10-06,0 days 15:59:46.251463,313065,8.36,8.35,2900,6766,-5782,25903
93,AEO,2020-10-06,0 days 15:55:36.298657,162904,14.87,14.86,3605,2100,-5303,5908
94,AEO,2020-10-06,0 days 15:55:37.298845,162613,14.87,14.86,3901,2200,1549,-5303
95,AEO,2020-10-06,0 days 15:55:45.299202,164255,14.87,14.86,4720,2400,-216,1584
96,AEO,2020-10-06,0 days 15:56:02.301141,160765,14.88,14.87,4600,4600,4488,-316
97,AEO,2020-10-06,0 days 15:57:20.293602,163986,14.88,14.87,910,6376,1353,-3947
98,AEO,2020-10-06,0 days 15:58:06.297697,165739,14.9,14.89,6983,2900,-25458,2613
99,AEO,2020-10-06,0 days 15:58:07.297329,164497,14.9,14.89,9183,300,1242,-25458
100,AEO,2020-10-06,0 days 15:58:08.296664,165739,14.9,14.89,7883,1900,-464,1242
101,AEO,2020-10-06,0 days 15:58:09.296707,164603,14.9,14.89,8983,600,1136,-464
102,AEO,2020-10-06,0 days 15:58:10.297147,165739,14.9,14.89,8683,1000,-964,1136
103,AEO,2020-10-06,0 days 15:58:11.296718,164603,14.9,14.89,8878,1000,1136,-964
104,AEO,2020-10-06,0 days 15:59:05.300844,170273,14.88,14.87,8746,900,-16206,916
105,AFL,2020-10-06,0 days 15:55:00.236411,339246,37.4,37.39,1200,487,167,-48752
106,AFL,2020-10-06,0 days 15:55:01.236958,337013,37.41,37.4,2105,282,-2233,167
107,AFL,2020-10-06,0 days 15:56:02.238802,342183,37.4,37.39,1949,1600,337,-2272
108,AFL,2020-10-06,0 days 15:56:03.239356,340920,37.39,37.38,1616,2297,-1263,337
109,AFL,2020-10-06,0 days 15:57:12.241423,344228,37.38,37.37,1591,2638,1499,-1601
110,AFL,2020-10-06,0 days 15:57:13.240823,343127,37.38,37.37,891,2738,-1101,1499
111,AFL,2020-10-06,0 days 15:57:34.243911,344228,37.42,37.41,200,3287,683,-1617
112,AFL,2020-10-06,0 days 15:57:35.242899,342811,37.43,37.42,2040,1556,-1417,683
113,AFL,2020-10-06,0 days 15:57:37.242573,344228,37.43,37.42,2500,300,2283,-1117
114,AFL,2020-10-06,0 days 15:57:39.242799,343811,37.43,37.42,1700,1196,-417,2983
115,AFL,2020-10-06,0 days 15:57:40.242422,344228,37.43,37.42,700,2596,283,-417
116,AFL,2020-10-06,0 days 15:57:42.242418,343611,37.43,37.42,1805,2196,-617,283
117,AFL,2020-10-06,0 days 15:57:46.242781,344228,37.45,37.44,2771,200,1283,-717
118,AFL,2020-10-06,0 days 15:59:17.247110,364613,37.49,37.48,1700,100,-567,1179
119,AFL,2020-10-06,0 days 15:59:18.247090,363580,37.48,37.47,3602,400,1033,-567
120,AFL,2020-10-06,0 days 15:59:28.246614,366959,37.47,37.46,2310,1738,-1369,397
121,AFL,2020-10-06,0 days 15:59:29.246854,366628,37.47,37.46,2510,1100,331,-1369
122,AFL,2020-10-06,0 days 15:59:39.247321,386959,37.45,37.44,2599,2510,-4307,2031
123,AFL,2020-10-06,0 days 15:59:40.248112,386066,37.45,37.44,1644,2410,93,-4307
124,AFL,2020-10-06,0 days 15:59:43.247697,386959,37.45,37.44,2387,2910,-3731,93
125,AG,2020-10-06,0 days 15:55:00.087275,29359,9.44,9.43,18013,36436,8540,-1562
126,AG,2020-10-06,0 days 15:56:35.089761,38736,9.43,9.42,4886,24698,-1423,3077
127,AG,2020-10-06,0 days 15:59:00.099654,41075,9.42,9.41,25779,8658,914,-2139
128,AG,2020-10-06,0 days 15:59:36.099265,48225,9.42,9.41,6986,22513,-4149,5751
129,AGI,2020-10-06,0 days 15:59:36.038245,34682,8.64,8.63,35076,6250,-2218,2982
130,AGI,2020-10-06,0 days 15:59:37.039200,34400,8.64,8.63,35076,6101,182,-2218
131,AGI,2020-10-06,0 days 15:59:38.038414,34682,8.64,8.63,30776,8201,-5718,182
132,AGI,2020-10-06,0 days 15:59:39.039720,34400,8.64,8.63,31376,8101,282,-5718
133,AIV,2020-10-06,0 days 15:55:00.243200,121957,36.7,36.67,300,584,-165,32906
134,AIV,2020-10-06,0 days 15:55:01.242717,120122,36.7,36.68,300,335,1835,-165
135,AIV,2020-10-06,0 days 15:57:20.247094,153041,36.75,36.72,200,410,-15604,4403
136,AIV,2020-10-06,0 days 15:57:21.246942,148445,36.73,36.72,100,100,4596,-15604
137,AIV,2020-10-06,0 days 15:57:40.248340,153041,36.76,36.74,311,997,-435,265
138,AIV,2020-10-06,0 days 15:57:41.247833,149176,36.76,36.74,419,897,3865,-435
139,AIV,2020-10-06,0 days 15:59:15.250467,150537,36.76,36.74,200,768,1933,-3967
140,ALLY,2020-10-06,0 days 15:55:00.300221,178715,26.6,26.59,400,2104,942,-15287
141,ALLY,2020-10-06,0 days 15:55:01.297257,178257,26.61,26.6,800,2215,-458,942
142,ALLY,2020-10-06,0 days 15:55:17.298193,179115,26.64,26.63,2085,2489,1642,-258
143,ALLY,2020-10-06,0 days 15:55:18.298136,178457,26.63,26.62,2700,3601,-558,1642
144,ALLY,2020-10-06,0 days 15:56:02.301163,181047,26.62,26.61,1800,2836,196,-331
145,ALLY,2020-10-06,0 days 15:56:03.300757,180843,26.62,26.61,2499,2236,-204,196
146,ALLY,2020-10-06,0 days 15:56:05.301000,187612,26.61,26.6,3300,2021,431,-204
147,ALLY,2020-10-06,0 days 15:56:08.300957,188043,26.6,26.59,3199,1950,-477,731
148,ALLY,2020-10-06,0 days 15:56:09.300838,187520,26.6,26.59,3899,150,523,-477
149,ALLY,2020-10-06,0 days 15:56:21.300707,188143,26.57,26.56,2413,2436,-893,623
150,ALLY,2020-10-06,0 days 15:56:22.300800,187736,26.57,26.56,2313,2036,1107,-893
151,ALLY,2020-10-06,0 days 15:56:47.301982,186736,26.66,26.65,400,3381,214,-486
152,ALLY,2020-10-06,0 days 15:57:52.295557,236650,26.7,26.69,786,2424,-483,517
153,ALLY,2020-10-06,0 days 15:57:53.295690,233933,26.7,26.69,100,1824,2717,-483
154,ALLY,2020-10-06,0 days 15:59:14.300448,261468,26.65,26.64,3103,901,-5930,3442
155,ALLY,2020-10-06,0 days 15:59:15.299446,257198,26.65,26.64,553,5301,26270,-5930
156,ALLY,2020-10-06,0 days 15:59:20.298821,283468,26.69,26.68,1300,1400,-1351,949
157,ALLY,2020-10-06,0 days 15:59:43.299894,292816,26.69,26.68,1600,2132,-9486,956
158,ALLY,2020-10-06,0 days 15:59:44.300070,286489,26.68,26.67,2300,1800,6327,-9486
159,AM,2020-10-06,0 days 15:55:36.248197,299042,5.54,5.53,18397,7245,29887,-17813
160,AM,2020-10-06,0 days 15:55:37.248118,287229,5.54,5.53,15112,9845,-11813,29887
161,AM,2020-10-06,0 days 15:59:40.252220,372462,5.57,5.56,15724,6541,1290,-12942
162,AM,2020-10-06,0 days 15:59:50.249594,262952,5.56,5.55,13868,23721,-86645,6455
163,AMC,2020-10-06,0 days 15:55:00.242519,54799,4.06,4.05,13905,7205,8119,-36375
164,AMCR,2020-10-06,0 days 15:55:00.236518,1139054,11.01,11.0,10951,20261,10900,-72864
165,AMCR,2020-10-06,0 days 15:55:01.237017,1136454,11.01,11.0,9229,26615,-2600,10900
166,AMCR,2020-10-06,0 days 15:56:02.238822,1150437,11.04,11.03,16096,17135,4086,-1364
167,AMCR,2020-10-06,0 days 15:56:03.239416,1142823,11.04,11.03,18073,8099,-7614,4086
168,AMCR,2020-10-06,0 days 15:57:53.243031,1162387,11.06,11.05,9475,21576,2816,-5084
169,AMCR,2020-10-06,0 days 15:57:54.244034,1157303,11.06,11.05,9476,21376,-5084,2816
170,AMCR,2020-10-06,0 days 15:58:03.243821,1162187,11.05,11.04,19651,9710,69756,-15610
171,AMCR,2020-10-06,0 days 15:58:04.243634,1160243,11.05,11.04,20451,10695,-1944,69756
172,AMCR,2020-10-06,0 days 15:58:11.244189,1159287,11.05,11.04,19751,11195,2556,-1644
173,AMCR,2020-10-06,0 days 15:59:03.245847,1169788,11.05,11.04,26286,7109,2199,-1475
174,AMCR,2020-10-06,0 days 15:59:08.246519,1318062,11.04,11.03,13000,31224,-4478,5435
175,AMCR,2020-10-06,0 days 15:59:39.247371,1395339,11.03,11.02,21536,10088,14100,-11250
176,AMCR,2020-10-06,0 days 15:59:44.247782,1391239,11.02,11.01,12100,29055,-4100,45100
177,AMCR,2020-10-06,0 days 15:59:47.249031,1391710,11.02,11.01,11150,26574,-3629,5171
178,AMCR,2020-10-06,0 days 15:59:48.249000,1395339,11.02,11.01,10500,29834,4211,-3629
179,AMCR,2020-10-06,0 days 15:59:50.252065,1363972,11.02,11.01,8868,30724,-31367,7633
180,AMT,2020-10-06,0 days 15:55:00.088224,342699,241.05,240.75,100,100,-2219,94121
181,AMT,2020-10-06,0 days 15:55:01.087327,341118,241.1,240.78,300,400,1581,-2219
182,AMT,2020-10-06,0 days 15:55:10.087835,338616,241.19,240.86,100,500,-2502,1540
183,AMT,2020-10-06,0 days 15:55:11.087774,337418,241.21,240.94,300,100,1198,-2502
184,AMT,2020-10-06,0 days 15:58:05.095050,340815,241.34,241.26,100,178,-2449,2433
185,AMT,2020-10-06,0 days 15:58:06.093795,336764,241.36,241.26,100,178,4051,-2449
186,AMT,2020-10-06,0 days 15:58:09.093092,340815,241.45,241.26,400,178,-2649,751
187,AMT,2020-10-06,0 days 15:58:11.092673,340264,241.38,241.26,392,178,551,-2549
188,AMT,2020-10-06,0 days 15:58:20.093434,340898,241.37,241.23,321,302,-5309,1191
189,AMT,2020-10-06,0 days 15:58:21.093612,336807,241.35,241.23,300,100,4091,-5309
190,AMT,2020-10-06,0 days 15:58:45.095684,343198,241.3,241.21,100,100,-6312,888
191,AMT,2020-10-06,0 days 15:59:07.101085,350663,241.35,241.17,300,100,-991,1946
192,AMT,2020-10-06,0 days 15:59:08.096732,351954,241.37,241.18,100,100,1237,-991
193,AMT,2020-10-06,0 days 15:59:18.098581,345121,241.26,241.12,400,100,8597,-2203
194,AMT,2020-10-06,0 days 15:59:22.097973,353718,241.33,241.15,200,300,-2279,897
195,AMT,2020-10-06,0 days 15:59:59.096410,365213,241.26,240.8,300,300,3973,-9310
196,AMWL,2020-10-06,0 days 15:58:01.242571,33032,35.72,35.65,400,100,1604,-140
197,AMX,2020-10-06,0 days 15:58:11.248459,48694,12.39,12.38,25550,9250,953,-1547
198,AMX,2020-10-06,0 days 15:59:06.250731,50257,12.39,12.38,10400,22200,-518,825
199,ANF,2020-10-06,0 days 15:55:38.298788,154385,15.59,15.58,1516,2017,4820,-456
200,ANF,2020-10-06,0 days 15:56:05.300947,161482,15.61,15.6,2944,612,-1990,756
201,ANF,2020-10-06,0 days 15:56:06.300997,155839,15.6,15.59,3632,881,843,-1990
202,ANF,2020-10-06,0 days 15:56:19.301153,163282,15.58,15.57,1576,910,-193,4253
203,ANF,2020-10-06,0 days 15:56:24.300950,156676,15.58,15.57,1998,1123,5406,-193
204,ANF,2020-10-06,0 days 15:56:37.301688,164482,15.58,15.57,595,3456,-340,4806
205,ANF,2020-10-06,0 days 15:57:19.293495,165322,15.58,15.57,3352,493,883,-340
206,ANF,2020-10-06,0 days 15:57:20.293575,163305,15.58,15.57,3552,403,-2017,883
207,ANF,2020-10-06,0 days 15:57:21.293532,166022,15.58,15.57,3241,303,883,-2017
208,ANF,2020-10-06,0 days 15:57:59.296391,166222,15.59,15.58,320,3132,1383,-317
209,ANF,2020-10-06,0 days 15:58:00.297573,165905,15.59,15.58,2081,1092,-317,1383
210,ANF,2020-10-06,0 days 15:58:03.296482,166222,15.58,15.57,1380,1401,3483,-317
211,ANF,2020-10-06,0 days 15:58:04.296340,165905,15.58,15.57,2116,2301,-317,3483
212,ANF,2020-10-06,0 days 15:58:23.297334,165830,15.57,15.55,6024,1286,3575,-1825
213,ANF,2020-10-06,0 days 15:58:24.297551,164005,15.56,15.55,665,1416,-1825,3575
214,ANF,2020-10-06,0 days 15:59:01.299900,165230,15.56,15.55,1302,2921,199,-825
215,ANF,2020-10-06,0 days 15:59:31.299303,179627,15.57,15.56,2918,819,-340,976
216,ANF,2020-10-06,0 days 15:59:38.299634,179067,15.56,15.55,3616,202,560,-2340
217,ANF,2020-10-06,0 days 15:59:45.300400,182377,15.55,15.54,100,5147,-2379,3675
218,ANF,2020-10-06,0 days 15:59:46.300868,182056,15.55,15.54,354,2700,3055,-2379
219,AR,2020-10-06,0 days 15:56:27.090776,440910,3.14,3.13,8504,56527,4054,-4011
220,AR,2020-10-06,0 days 15:56:28.089773,438664,3.14,3.13,7182,57427,-746,4054
221,AR,2020-10-06,0 days 15:59:06.095777,449064,3.13,3.12,7519,57553,11772,-3680
222,ASAN,2020-10-06,0 days 15:58:36.250129,1587175,25.85,25.74,100,1100,299072,-1249141
223,ASAN,2020-10-06,0 days 15:59:29.249712,1692443,26.15,25.99,500,300,511,-3089
224,ASAN,2020-10-06,0 days 15:59:37.252886,1674554,26.15,25.97,500,300,-19889,92734
225,ATUS,2020-10-06,0 days 15:57:21.293426,166314,26.45,26.44,2978,1418,2721,-779
226,ATUS,2020-10-06,0 days 15:57:22.292957,165435,26.45,26.44,2878,918,-79,2721
227,ATUS,2020-10-06,0 days 15:59:04.299533,200699,26.48,26.47,781,3000,1754,-3346
228,ATUS,2020-10-06,0 days 15:59:05.300626,198153,26.48,26.47,400,4496,-1346,1754
229,ATUS,2020-10-06,0 days 15:59:29.298453,216904,26.47,26.46,5150,2100,-3166,3034
230,ATUS,2020-10-06,0 days 15:59:39.299963,213675,26.44,26.43,4050,3295,-1995,3905
231,ATUS,2020-10-06,0 days 15:59:43.299696,215670,26.44,26.43,3192,2200,2833,-1149
232,ATUS,2020-10-06,0 days 15:59:44.299891,214003,26.44,26.43,2870,3439,-1667,2833
233,ATUS,2020-10-06,0 days 15:59:50.303692,212699,26.43,26.42,791,4062,-2971,976
234,AVYA,2020-10-06,0 days 15:55:00.233005,83465,17.46,17.45,725,219,1119,-32668
235,AVYA,2020-10-06,0 days 15:55:01.234065,83084,17.46,17.45,765,525,-381,1119
236,AVYA,2020-10-06,0 days 15:55:45.235315,88045,17.45,17.44,500,1605,841,-859
237,AVYA,2020-10-06,0 days 15:55:46.235354,87386,17.45,17.44,300,1614,-659,841
238,AVYA,2020-10-06,0 days 15:59:16.244315,97621,17.47,17.46,535,480,745,-1675
239,AVYA,2020-10-06,0 days 15:59:17.244823,96866,17.47,17.46,435,280,-755,745
240,AXL,2020-10-06,0 days 15:55:36.228261,126223,6.2,6.19,7000,3484,6899,-2401
241,AXP,2020-10-06,0 days 15:55:41.244387,243363,101.81,101.77,200,100,-1191,1813
242,AXP,2020-10-06,0 days 15:55:42.243734,240054,101.79,101.75,300,710,3309,-1191
243,AXP,2020-10-06,0 days 15:56:08.244579,245258,101.91,101.88,120,303,-166,3009
244,AXP,2020-10-06,0 days 15:56:18.244816,245436,101.86,101.82,200,300,-1188,12
245,AXP,2020-10-06,0 days 15:56:19.244927,242624,101.85,101.82,100,110,2928,-1188
246,AXP,2020-10-06,0 days 15:56:30.245455,241658,101.9,101.85,100,200,-1658,2042
247,AXP,2020-10-06,0 days 15:56:31.245201,239216,101.93,101.87,200,300,2346,-1658
248,AXP,2020-10-06,0 days 15:56:35.245445,241562,101.94,101.9,300,200,-4160,2315
249,AXP,2020-10-06,0 days 15:56:36.245543,243022,101.93,101.89,121,300,2240,-4160
250,AXP,2020-10-06,0 days 15:58:15.249972,248361,101.89,101.86,300,221,-1091,2492
251,AXP,2020-10-06,0 days 15:58:16.249834,246252,101.89,101.87,100,221,1992,-1091
252,AXP,2020-10-06,0 days 15:58:30.251678,248439,101.87,101.85,200,300,-1553,2069
253,AXP,2020-10-06,0 days 15:58:31.250992,246392,101.88,101.86,100,201,1969,-1553
254,AXP,2020-10-06,0 days 15:58:39.250471,248167,101.95,101.91,1000,300,-1253,2230
255,AXP,2020-10-06,0 days 15:58:40.250477,246120,101.93,101.91,300,100,2047,-1253
256,AXP,2020-10-06,0 days 15:58:57.251569,252139,101.91,101.89,200,110,-1690,3326
257,AXP,2020-10-06,0 days 15:58:58.251132,249829,101.89,101.86,300,510,2232,-1690
258,AXP,2020-10-06,0 days 15:59:01.252528,252139,101.87,101.86,100,329,-1049,2210
259,AXP,2020-10-06,0 days 15:59:02.251531,249092,101.87,101.85,200,300,2969,-1049
260,AXP,2020-10-06,0 days 15:59:07.253451,252584,101.92,101.88,254,100,-4798,218
261,AXP,2020-10-06,0 days 15:59:08.251523,251304,101.91,101.88,100,300,2461,-4798
262,AXP,2020-10-06,0 days 15:59:14.252069,251871,101.98,101.95,200,413,-642,1058
263,AXP,2020-10-06,0 days 15:59:17.250479,251279,101.96,101.93,800,300,2546,-6654
264,AXP,2020-10-06,0 days 15:59:30.253155,254023,101.89,101.87,400,500,-695,977
265,AXP,2020-10-06,0 days 15:59:31.251187,253818,101.89,101.87,400,500,205,-695
266,AXP,2020-10-06,0 days 15:59:39.250896,259312,101.83,101.82,200,100,-2069,5416
267,AXP,2020-10-06,0 days 15:59:42.251756,253981,101.86,101.83,400,300,237,-2463
268,AXP,2020-10-06,0 days 15:59:43.251432,254218,101.88,101.84,300,100,-263,237
269,AXP,2020-10-06,0 days 15:59:44.251755,253981,101.86,101.83,100,1100,237,-263
270,AXP,2020-10-06,0 days 15:59:47.251836,254218,101.84,101.81,100,550,-577,159
271,AXP,2020-10-06,0 days 15:59:48.252571,255209,101.81,101.78,600,400,4103,-577
272,AXP,2020-10-06,0 days 15:59:50.254923,256834,101.85,101.81,700,300,-3875,2103
273,AXP,2020-10-06,0 days 15:59:51.254189,260509,101.83,101.78,776,350,1204,-3875
274,AXTA,2020-10-06,0 days 15:58:04.247362,120238,24.81,24.8,1436,600,-3260,2140
275,AXTA,2020-10-06,0 days 15:59:24.250456,126638,24.82,24.81,3926,101,-132,613
276,AYX,2020-10-06,0 days 15:55:39.238329,86334,146.15,146.05,613,100,682,-3306
277,AYX,2020-10-06,0 days 15:55:40.238624,83516,146.15,146.01,613,100,-2818,682
278,AYX,2020-10-06,0 days 15:56:02.238910,86334,146.27,146.16,525,100,2732,-2099
279,AYX,2020-10-06,0 days 15:56:03.239493,83847,146.31,146.23,140,100,-2487,2732
280,AYX,2020-10-06,0 days 15:59:26.247619,95213,146.14,146.02,369,800,562,-838
281,AYX,2020-10-06,0 days 15:59:40.248313,94089,146.11,146.02,400,100,-1124,3276
282,BA,2020-10-06,0 days 15:59:42.299968,469627,159.78,159.72,100,100,4302,-12772
283,BA,2020-10-06,0 days 15:59:43.299884,461129,159.89,159.79,400,807,-8498,4302
284,BA,2020-10-06,0 days 15:59:45.300450,470123,159.75,159.72,100,301,2306,-3494
285,BA,2020-10-06,0 days 15:59:47.300821,465329,159.69,159.6,450,508,-394,4506
286,BA,2020-10-06,0 days 15:59:48.300936,463497,159.62,159.6,473,401,2867,-394
287,BA,2020-10-06,0 days 15:59:49.300627,461264,159.63,159.54,1000,400,-559,2867
288,BABA,2020-10-06,0 days 15:55:01.034206,247451,292.42,292.31,200,200,41160,-10202
289,BABA,2020-10-06,0 days 15:57:24.033926,300951,293.28,293.27,200,705,-4230,1802
290,BABA,2020-10-06,0 days 15:57:25.034423,299681,293.28,293.23,413,700,1270,-4230
291,BABA,2020-10-06,0 days 15:57:33.034284,300951,293.26,293.2,200,400,-4197,1836
292,BABA,2020-10-06,0 days 15:57:35.034860,300020,293.27,293.17,100,200,931,-1869
293,BABA,2020-10-06,0 days 15:57:37.035040,300951,293.27,293.21,100,300,-69,931
294,BABA,2020-10-06,0 days 15:57:38.034994,300120,293.26,293.21,100,300,831,-69
295,BABA,2020-10-06,0 days 15:57:44.036697,300951,293.3,293.28,100,300,-6202,1131
296,BABA,2020-10-06,0 days 15:57:45.036028,298650,293.28,293.21,595,300,2301,-6202
297,BABA,2020-10-06,0 days 15:57:49.035169,300951,293.27,293.22,400,500,-1499,1
298,BABA,2020-10-06,0 days 15:57:50.035329,300550,293.27,293.24,300,300,401,-1499
299,BABA,2020-10-06,0 days 15:57:51.035201,305351,293.28,293.26,400,500,-499,401
300,BABA,2020-10-06,0 days 15:57:55.035420,306350,293.28,293.27,302,500,3701,-499
301,BABA,2020-10-06,0 days 15:57:56.035311,305851,293.3,293.28,100,119,-499,3701
302,BABA,2020-10-06,0 days 15:58:04.036678,307593,293.33,293.32,390,200,999,-401
303,BABA,2020-10-06,0 days 15:58:05.037606,306792,293.32,293.3,100,200,-768,999
304,BABA,2020-10-06,0 days 15:58:11.036539,307593,293.37,293.31,400,300,1747,-753
305,BABA,2020-10-06,0 days 15:58:15.036506,302540,293.29,293.25,100,100,-510,3590
306,BABA,2020-10-06,0 days 15:58:18.036862,301717,293.22,293.18,100,200,2623,-510
307,BABA,2020-10-06,0 days 15:58:28.037051,298040,293.06,293.02,300,200,-882,984
308,BABA,2020-10-06,0 days 15:58:29.038055,297056,293.09,293.03,300,600,984,-882
309,BABA,2020-10-06,0 days 15:58:30.038066,298040,293.09,293.07,300,400,-1682,984
310,BABA,2020-10-06,0 days 15:58:31.036981,297056,293.09,293.07,400,152,984,-1682
311,BABA,2020-10-06,0 days 15:58:43.037500,298040,293.14,293.09,100,500,-3526,984
312,BABA,2020-10-06,0 days 15:58:44.038744,297399,293.14,293.09,200,500,641,-3526
313,BABA,2020-10-06,0 days 15:59:03.040399,298101,292.93,292.88,100,300,-8566,288
314,BABA,2020-10-06,0 days 15:59:04.039608,306048,292.86,292.81,100,200,12453,-8566
315,BABA,2020-10-06,0 days 15:59:05.039633,306146,292.89,292.84,100,300,-439,12453
316,BABA,2020-10-06,0 days 15:59:18.037266,328190,292.89,292.86,216,100,2827,-1749
317,BABA,2020-10-06,0 days 15:59:19.037084,326217,292.91,292.86,300,100,-2095,2827
318,BABA,2020-10-06,0 days 15:59:34.037331,329599,292.98,292.92,200,400,2167,-2343
319,BABA,2020-10-06,0 days 15:59:35.037666,327566,293.0,292.94,400,200,-6576,2167
320,BABA,2020-10-06,0 days 15:59:39.039216,328066,293.07,292.99,950,100,-6076,2867
321,BABA,2020-10-06,0 days 15:59:40.039430,328733,292.89,292.77,950,100,3733,-6076
322,BABA,2020-10-06,0 days 15:59:41.039127,327266,293.03,292.87,500,500,-2300,3733
323,BAC,2020-10-06,0 days 15:59:16.251784,6270069,24.44,24.43,51967,56569,-11764,1463115
324,BAC,2020-10-06,0 days 15:59:17.250731,6249133,24.43,24.42,90414,26525,20936,-11764
325,BAC,2020-10-06,0 days 15:59:19.250239,6387434,24.42,24.41,70587,38636,-157758,83116
326,BAC,2020-10-06,0 days 15:59:20.250049,6377992,24.42,24.41,51625,9100,9442,-157758
327,BAC,2020-10-06,0 days 15:59:47.245999,6591374,24.39,24.38,86111,5700,-29978,38239
328,BB,2020-10-06,0 days 15:57:19.237456,39206,4.55,4.54,48900,84341,-900,7012
329,BB,2020-10-06,0 days 15:59:05.242751,48056,4.55,4.54,46837,83267,2138,-3855
330,BB,2020-10-06,0 days 15:59:36.243989,52147,4.55,4.54,51237,96885,-1585,3015
331,BB,2020-10-06,0 days 15:59:37.244912,51732,4.55,4.54,51237,96885,215,-1585
332,BBD,2020-10-06,0 days 15:56:11.239585,264534,3.53,3.52,345359,473163,-21424,58576
333,BBD,2020-10-06,0 days 15:59:05.245904,314116,3.54,3.53,535529,429543,46889,-34618
334,BBD,2020-10-06,0 days 15:59:36.247663,385838,3.54,3.53,310035,573199,-60820,71380
335,BBD,2020-10-06,0 days 15:59:37.248873,382258,3.54,3.53,309335,564499,3580,-60820
336,BBVA,2020-10-06,0 days 15:55:00.232860,19852,2.83,2.82,51701,416205,-7805,8454
337,BBVA,2020-10-06,0 days 15:58:49.241920,27657,2.84,2.83,326999,331934,251,-75
338,BBY,2020-10-06,0 days 15:56:30.246443,113439,112.71,112.63,292,201,1451,-659
339,BBY,2020-10-06,0 days 15:56:31.246256,112880,112.7,112.63,100,201,-559,1451
340,BBY,2020-10-06,0 days 15:56:47.251469,115689,112.8,112.7,100,312,691,-999
341,BBY,2020-10-06,0 days 15:56:48.250760,115080,112.77,112.71,100,205,-609,691
342,BBY,2020-10-06,0 days 15:57:34.247958,117216,112.66,112.58,121,100,9,-791
343,BBY,2020-10-06,0 days 15:57:35.247635,116625,112.69,112.6,100,100,-591,9
344,BBY,2020-10-06,0 days 15:57:44.248815,117316,112.67,112.58,100,100,609,-391
345,BBY,2020-10-06,0 days 15:57:45.247746,117025,112.65,112.58,100,200,-291,609
346,BBY,2020-10-06,0 days 15:57:47.247367,117316,112.63,112.55,100,1012,109,-291
347,BBY,2020-10-06,0 days 15:57:48.247339,117025,112.63,112.56,100,100,-291,109
348,BBY,2020-10-06,0 days 15:57:49.247537,117316,112.63,112.55,100,712,9,-291
349,BBY,2020-10-06,0 days 15:57:50.248601,117125,112.63,112.55,200,404,-191,9
350,BBY,2020-10-06,0 days 15:57:51.247585,117316,112.63,112.55,265,405,9,-191
351,BBY,2020-10-06,0 days 15:57:52.248156,115625,112.62,112.55,251,608,-1691,9
352,BBY,2020-10-06,0 days 15:58:00.252030,115152,112.59,112.53,201,300,3773,-227
353,BBY,2020-10-06,0 days 15:58:01.250044,112709,112.59,112.53,332,203,-2443,3773
354,BBY,2020-10-06,0 days 15:58:02.248703,115152,112.55,112.45,200,100,2757,-2443
355,BBY,2020-10-06,0 days 15:58:15.249430,119781,112.53,112.45,100,100,1353,-847
356,BBY,2020-10-06,0 days 15:58:17.249080,119134,112.55,112.46,523,200,-647,153
357,BBY,2020-10-06,0 days 15:58:21.250326,122081,112.5,112.42,100,200,1853,-747
358,BBY,2020-10-06,0 days 15:58:22.249126,121534,112.5,112.42,100,200,-547,1853
359,BBY,2020-10-06,0 days 15:58:24.250099,122081,112.48,112.41,100,1100,53,-547
360,BBY,2020-10-06,0 days 15:58:25.249734,121534,112.48,112.44,244,100,-547,53
361,BBY,2020-10-06,0 days 15:58:30.251659,119881,112.48,112.41,244,200,4153,-747
362,BBY,2020-10-06,0 days 15:58:31.250465,119534,112.48,112.41,245,200,-347,4153
363,BBY,2020-10-06,0 days 15:58:33.254191,119881,112.48,112.41,246,200,1353,-347
364,BBY,2020-10-06,0 days 15:58:34.250654,116834,112.55,112.41,405,200,-3047,1353
365,BBY,2020-10-06,0 days 15:58:38.249786,122081,112.53,112.45,100,200,153,-847
366,BBY,2020-10-06,0 days 15:58:42.250144,116934,112.52,112.45,100,100,-5147,1653
367,BBY,2020-10-06,0 days 15:58:49.250110,122181,112.51,112.42,189,100,2853,-847
368,BBY,2020-10-06,0 days 15:58:50.251107,121734,112.48,112.42,100,106,-447,2853
369,BBY,2020-10-06,0 days 15:58:57.251412,122181,112.48,112.42,286,124,553,-547
370,BBY,2020-10-06,0 days 15:58:58.250434,121734,112.48,112.42,272,118,-447,553
371,BBY,2020-10-06,0 days 15:59:08.251984,123824,112.58,112.47,700,100,6572,-754
372,BBY,2020-10-06,0 days 15:59:24.250332,127234,112.7,112.63,100,200,-173,97
373,BBY,2020-10-06,0 days 15:59:25.250340,127407,112.69,112.59,100,100,1317,-173
374,BE,2020-10-06,0 days 15:55:01.034630,96153,19.39,19.37,603,539,4568,-6535
375,BE,2020-10-06,0 days 15:55:39.032153,98853,19.48,19.46,800,400,528,-932
376,BE,2020-10-06,0 days 15:56:13.032815,99969,19.48,19.47,100,664,2935,-488
377,BE,2020-10-06,0 days 15:57:14.034352,102669,19.52,19.51,200,100,2235,-365
378,BE,2020-10-06,0 days 15:57:50.036073,105969,19.55,19.54,600,200,435,-465
379,BE,2020-10-06,0 days 15:57:51.035560,105604,19.55,19.54,600,200,-365,435
380,BE,2020-10-06,0 days 15:59:14.043262,106372,19.59,19.5,3031,198,-1930,2545
381,BE,2020-10-06,0 days 15:59:17.037788,108302,19.57,19.54,100,195,296,-230
382,BEKE,2020-10-06,0 days 15:56:19.249111,27772,64.49,64.14,700,300,-443,194
383,BEKE,2020-10-06,0 days 15:56:20.249228,27215,64.49,64.14,700,300,557,-443
384,BEKE,2020-10-06,0 days 15:57:39.247237,28003,64.56,64.27,2100,100,-12,88
385,BEKE,2020-10-06,0 days 15:57:45.246969,28015,64.49,64.27,303,100,188,-12
386,BEKE,2020-10-06,0 days 15:57:50.247934,28203,64.49,64.27,303,100,-12,88
387,BEKE,2020-10-06,0 days 15:57:55.246806,27715,64.49,64.27,303,200,488,-112
388,BEKE,2020-10-06,0 days 15:58:00.250668,27559,64.56,64.28,1800,100,-456,288
389,BEKE,2020-10-06,0 days 15:58:01.249422,27215,64.56,64.27,200,100,344,-456
390,BEKE,2020-10-06,0 days 15:58:20.249698,26928,64.47,64.28,124,400,-70,561
391,BEKE,2020-10-06,0 days 15:58:21.250909,26498,64.47,64.28,124,400,430,-70
392,BEKE,2020-10-06,0 days 15:59:09.251275,27481,64.74,64.33,1600,300,-4994,145
393,BEN,2020-10-06,0 days 15:59:07.301837,432914,20.9,20.89,2881,3500,5635,-2498
394,BEN,2020-10-06,0 days 15:59:08.300396,424049,20.9,20.89,981,4050,-8865,5635
395,BEN,2020-10-06,0 days 15:59:09.300029,432914,20.9,20.89,1181,4440,1964,-8865
396,BHC,2020-10-06,0 days 15:57:06.034569,125364,15.31,15.3,5521,2707,1251,-694
397,BHC,2020-10-06,0 days 15:57:07.034106,123415,15.31,15.3,5021,3007,-1149,1251
398,BHC,2020-10-06,0 days 15:59:38.038436,130491,15.32,15.31,5887,1964,5579,-1073
399,BHC,2020-10-06,0 days 15:59:46.039594,130917,15.31,15.3,5152,4574,-1102,113
400,BJ,2020-10-06,0 days 15:56:20.249187,150981,40.76,40.75,211,256,-2614,886
401,BJ,2020-10-06,0 days 15:58:03.247757,154597,40.87,40.86,233,400,-2198,1202
402,BJ,2020-10-06,0 days 15:58:08.248464,160875,40.87,40.86,100,300,1239,-2598
403,BJ,2020-10-06,0 days 15:58:09.249334,158614,40.87,40.86,100,322,-2261,1239
404,BJ,2020-10-06,0 days 15:58:24.250522,160075,40.81,40.8,100,270,439,-1461
405,BJ,2020-10-06,0 days 15:58:25.250005,158314,40.81,40.79,311,100,-1761,439
406,BJ,2020-10-06,0 days 15:59:06.250654,179303,40.81,40.79,100,100,2222,-2739
407,BJ,2020-10-06,0 days 15:59:07.252689,176119,40.85,40.81,900,286,-3984,2222
408,BJ,2020-10-06,0 days 15:59:38.251786,179569,40.8,40.79,400,100,-1352,4748
409,BJ,2020-10-06,0 days 15:59:46.251806,181058,40.81,40.8,100,276,581,-258
410,BJ,2020-10-06,0 days 15:59:48.246395,180486,40.81,40.79,200,275,-572,581
411,BJ,2020-10-06,0 days 15:59:59.245366,177292,40.8,40.72,294,800,-3766,16275
412,BK,2020-10-06,0 days 15:55:01.034544,381402,35.3,35.29,1948,1400,38549,-40140
413,BK,2020-10-06,0 days 15:55:02.030328,380951,35.3,35.29,2875,800,-451,38549
414,BK,2020-10-06,0 days 15:55:39.032111,391449,35.3,35.29,1205,2300,8989,-1148
415,BK,2020-10-06,0 days 15:56:21.032868,411676,35.3,35.29,4019,676,-334,14209
416,BK,2020-10-06,0 days 15:57:46.035809,426119,35.31,35.3,316,5805,2626,-1474
417,BK,2020-10-06,0 days 15:57:47.035990,425783,35.32,35.31,3314,1800,-40,2626
418,BK,2020-10-06,0 days 15:58:01.036773,426119,35.31,35.3,3002,3207,3926,-4840
419,BK,2020-10-06,0 days 15:58:02.039370,423083,35.31,35.3,4402,1807,-2740,3926
420,BK,2020-10-06,0 days 15:58:09.037030,429731,35.31,35.3,5052,1100,1052,-1948
421,BK,2020-10-06,0 days 15:58:10.037654,428483,35.31,35.3,4482,1300,-10598,1052
422,BK,2020-10-06,0 days 15:58:23.037490,439081,35.31,35.3,4860,2525,1602,-5998
423,BK,2020-10-06,0 days 15:58:24.037210,436983,35.31,35.3,5360,2639,-2098,1602
424,BK,2020-10-06,0 days 15:59:04.039795,442712,35.32,35.31,5167,1618,-780,1370
425,BK,2020-10-06,0 days 15:59:24.037402,490415,35.31,35.3,4590,1504,-4296,2704
426,BK,2020-10-06,0 days 15:59:30.039292,491097,35.29,35.28,5124,500,-3799,3101
427,BK,2020-10-06,0 days 15:59:35.038023,491697,35.27,35.26,1875,3984,-3199,5601
428,BKR,2020-10-06,0 days 15:55:04.242631,689209,12.81,12.8,4870,3031,-36047,6553
429,BKR,2020-10-06,0 days 15:55:35.244075,689343,12.79,12.78,3590,4450,-1480,6199
430,BKR,2020-10-06,0 days 15:55:36.243651,683923,12.79,12.78,3599,4150,5796,-1480
431,BKR,2020-10-06,0 days 15:55:52.244336,689719,12.8,12.79,3200,6300,-85427,2373
432,BKR,2020-10-06,0 days 15:58:07.249760,704220,12.78,12.77,2900,6584,5114,-1186
433,BKR,2020-10-06,0 days 15:58:14.249722,715125,12.77,12.76,4220,5792,-4126,1574
434,BKR,2020-10-06,0 days 15:58:15.250011,700151,12.77,12.76,4520,5692,16674,-4126
435,BKR,2020-10-06,0 days 15:58:17.249788,716825,12.77,12.76,4220,5879,-6726,9774
436,BKR,2020-10-06,0 days 15:58:18.251492,715151,12.77,12.76,4720,5779,1674,-6726
437,BKR,2020-10-06,0 days 15:58:22.249795,716825,12.77,12.76,4520,4351,-1126,1674
438,BKR,2020-10-06,0 days 15:58:24.251133,715151,12.77,12.76,5128,3640,1674,-2626
439,BKR,2020-10-06,0 days 15:58:44.250445,596851,12.76,12.75,3500,5706,142874,-4526
440,BKR,2020-10-06,0 days 15:58:59.251148,716825,12.77,12.76,3100,8508,-133826,13574
441,BKR,2020-10-06,0 days 15:59:05.252037,596851,12.76,12.75,7208,6957,144135,-3635
442,BLL,2020-10-06,0 days 15:57:34.248013,314259,84.43,84.41,481,400,2927,-2273
443,BLL,2020-10-06,0 days 15:57:35.247723,311686,84.47,84.43,100,253,-2573,2927
444,BLL,2020-10-06,0 days 15:58:03.248835,312550,84.45,84.43,767,125,1362,-820
445,BLL,2020-10-06,0 days 15:58:04.249054,308112,84.44,84.43,200,100,-4438,1362
446,BLL,2020-10-06,0 days 15:58:25.249843,315021,84.45,84.43,200,735,24,-4076
447,BLL,2020-10-06,0 days 15:58:54.250149,312349,84.43,84.41,600,630,-2672,428
448,BLL,2020-10-06,0 days 15:59:02.251487,312679,84.44,84.41,100,630,137,-2341
449,BLL,2020-10-06,0 days 15:59:03.253709,312313,84.44,84.41,100,1230,-366,137
450,BLL,2020-10-06,0 days 15:59:07.254600,326893,84.45,84.43,400,300,70,-2652
451,BLL,2020-10-06,0 days 15:59:08.252223,326963,84.47,84.43,200,500,-2130,70
452,BLL,2020-10-06,0 days 15:59:14.252396,329208,84.48,84.45,100,300,1426,-1534
453,BLL,2020-10-06,0 days 15:59:15.250527,326934,84.48,84.45,200,300,-2274,1426
454,BLL,2020-10-06,0 days 15:59:39.250697,331584,84.42,84.37,1000,100,2609,-1500
455,BLL,2020-10-06,0 days 15:59:40.252328,330643,84.45,84.41,100,850,-941,2609
456,BMY,2020-10-06,0 days 15:55:00.299068,729652,57.71,57.7,2270,1520,5053,-2529
457,BMY,2020-10-06,0 days 15:57:34.294574,914178,57.82,57.81,801,4012,-4551,3860
458,BMY,2020-10-06,0 days 15:57:35.295210,900029,57.83,57.82,2300,810,12212,-4551
459,BMY,2020-10-06,0 days 15:57:38.294429,914178,57.83,57.82,600,3900,-2073,2290
460,BMY,2020-10-06,0 days 15:57:39.294896,904651,57.83,57.82,400,4300,7590,-2073
461,BMY,2020-10-06,0 days 15:59:08.300396,960226,57.78,57.77,300,4900,-110576,283
462,BMY,2020-10-06,0 days 15:59:09.300029,955680,57.78,57.77,2882,1400,8346,-110576
463,BMY,2020-10-06,0 days 15:59:30.300413,984633,57.75,57.74,3765,500,3980,-5520
464,BMY,2020-10-06,0 days 15:59:39.300053,989243,57.75,57.74,580,5000,-21590,4010
465,BMY,2020-10-06,0 days 15:59:48.300818,978405,57.75,57.74,1765,1800,10538,-2601
466,BMY,2020-10-06,0 days 15:59:50.303908,987013,57.77,57.76,1425,2900,-132,2398
467,BMY^,2020-10-06,0 days 15:58:08.233003,428,2.71,2.7,2650,6800,-2455,385
468,BNS,2020-10-06,0 days 15:55:00.038240,29824,42.03,42.02,1000,1607,-1024,3406
469,BNS,2020-10-06,0 days 15:59:07.041482,34572,42.08,42.07,1100,600,-178,122
470,BP,2020-10-06,0 days 15:55:36.228216,77231,16.95,16.94,8989,42551,2304,-10450
471,BP,2020-10-06,0 days 15:59:06.235866,105478,16.94,16.93,46904,30091,-17872,15101
472,BP,2020-10-06,0 days 15:59:48.238110,121050,16.94,16.93,45800,46356,751,-13549
473,BP,2020-10-06,0 days 15:59:49.238485,120401,16.94,16.93,28900,47196,-149,751
474,BRK.B,2020-10-06,0 days 15:52:23.228310,382078,210.22,210.16,303,400,-397,214
475,BRK.B,2020-10-06,0 days 15:53:35.229680,382475,210.19,210.15,600,403,163,-310
476,BRK.B,2020-10-06,0 days 15:53:37.229127,381605,210.24,210.19,1027,300,-870,163
477,BRK.B,2020-10-06,0 days 15:54:33.230731,382165,210.19,210.12,600,100,-310,1815
478,BRK.B,2020-10-06,0 days 15:59:05.242559,539593,210.46,210.37,100,698,59964,-27824
479,BRX,2020-10-06,0 days 15:59:07.301936,520592,12.59,12.58,2522,7759,-14459,3958
480,BRX,2020-10-06,0 days 15:59:08.300495,516951,12.59,12.58,789,12559,3641,-14459
481,BRX,2020-10-06,0 days 15:59:15.299446,520592,12.61,12.6,5900,3700,-4307,3012
482,BRX,2020-10-06,0 days 15:59:16.298908,518199,12.6,12.59,10949,7900,2393,-4307
483,BRX,2020-10-06,0 days 15:59:39.300149,520722,12.6,12.59,2300,10719,-18560,2509
484,BRX,2020-10-06,0 days 15:59:48.301037,519201,12.61,12.6,4740,6286,1621,-679
485,BSX,2020-10-06,0 days 15:56:23.234250,466427,39.33,39.32,2817,1500,398,-333
486,BSX,2020-10-06,0 days 15:58:10.239085,480541,39.35,39.34,3393,2568,9530,-5372
487,BSX,2020-10-06,0 days 15:58:11.239062,469671,39.35,39.34,3693,2468,-10870,9530
488,BSX,2020-10-06,0 days 15:59:05.240924,495034,39.33,39.32,200,3803,17794,-4505
489,BSX,2020-10-06,0 days 15:59:07.243093,493633,39.36,39.35,3900,2500,-2452,10636
490,BSX,2020-10-06,0 days 15:59:15.242679,496309,39.39,39.38,1600,3815,58344,-8704
491,BSX,2020-10-06,0 days 15:59:16.242397,495416,39.41,39.4,2800,1583,-909,58344
492,BSX,2020-10-06,0 days 15:59:43.242971,502234,39.36,39.34,2100,5034,1515,-254
493,BTU,2020-10-06,0 days 15:59:46.233519,91082,2.13,2.11,11644,16174,2232,-11732
494,BX,2020-10-06,0 days 15:55:00.234097,147442,53.98,53.93,500,320,5225,-5411
495,BX,2020-10-06,0 days 15:58:21.242200,152727,54.05,54.03,100,200,-233,1067
496,BX,2020-10-06,0 days 15:58:22.241286,151660,54.05,54.03,100,200,1067,-233
497,BX,2020-10-06,0 days 15:59:09.243592,153010,54.07,54.04,259,398,966,-74
498,BX,2020-10-06,0 days 15:59:22.243755,154068,54.07,54.01,200,900,-2204,558
499,BX,2020-10-06,0 days 15:59:23.244148,153272,54.07,54.01,200,900,796,-2204
500,C,2020-10-06,0 days 15:59:15.250000,1800833,44.48,44.47,1200,4807,91414,-345080
501,C,2020-10-06,0 days 15:59:16.251578,1767519,44.5,44.49,700,6445,-68267,91414
502,C,2020-10-06,0 days 15:59:17.250584,1835786,44.48,44.47,3000,2337,24435,-68267
503,C,2020-10-06,0 days 15:59:18.251028,1714296,44.48,44.47,1795,3200,-110490,24435
504,CAG,2020-10-06,0 days 15:55:01.034433,165986,36.91,36.9,200,2406,39366,-27430
505,CAG,2020-10-06,0 days 15:58:34.039066,234371,36.93,36.92,125,2310,-201,2199
506,CAG,2020-10-06,0 days 15:59:01.040640,236111,36.94,36.92,1200,1386,-18804,403
507,CAG,2020-10-06,0 days 15:59:02.039757,233314,36.92,36.91,1407,542,2797,-18804
508,CAG,2020-10-06,0 days 15:59:08.040883,236112,36.93,36.92,303,1510,-1623,777
509,CAG,2020-10-06,0 days 15:59:09.040561,235764,36.93,36.92,1103,810,348,-1623
510,CAG,2020-10-06,0 days 15:59:28.037972,236318,36.92,36.91,1674,258,-4296,76
511,CAH,2020-10-06,0 days 15:59:07.249020,214331,46.5,46.48,100,492,1751,-8936
512,CAH,2020-10-06,0 days 15:59:08.246860,210382,46.53,46.49,100,713,-7853,1751
513,CAH,2020-10-06,0 days 15:59:25.248068,218266,46.53,46.47,300,200,5133,-2767
514,CAH,2020-10-06,0 days 15:59:26.247682,214899,46.53,46.48,300,496,-3367,5133
515,CARR,2020-10-06,0 days 15:55:40.235120,240355,31.58,31.56,891,700,510,-1642
516,CARR,2020-10-06,0 days 15:55:41.235526,238965,31.58,31.56,991,700,-1390,510
517,CARR,2020-10-06,0 days 15:56:23.235892,248560,31.58,31.56,1484,200,943,-2295
518,CARR,2020-10-06,0 days 15:56:24.236693,246703,31.58,31.56,1484,300,-3857,943
519,CARR,2020-10-06,0 days 15:57:27.237852,251004,31.6,31.59,400,1354,2394,-1906
520,CARR,2020-10-06,0 days 15:57:28.237758,249109,31.62,31.6,500,600,-1895,2394
521,CARR,2020-10-06,0 days 15:57:34.239394,251004,31.61,31.59,400,1030,605,-1895
522,CARR,2020-10-06,0 days 15:57:35.238976,249109,31.61,31.59,419,990,-1895,605
523,CARR,2020-10-06,0 days 15:58:16.240935,258239,31.56,31.55,200,400,3858,-2442
524,CARR,2020-10-06,0 days 15:58:17.240908,255997,31.57,31.55,731,500,-2242,3858
525,CARR,2020-10-06,0 days 15:58:58.242386,273349,31.59,31.57,400,840,1128,-5372
526,CARR,2020-10-06,0 days 15:59:06.243271,270597,31.57,31.55,126,740,3059,-2741
527,CARR,2020-10-06,0 days 15:59:07.245154,267285,31.59,31.55,100,1740,-3312,3059
528,CARR,2020-10-06,0 days 15:59:15.244882,286742,31.61,31.59,700,300,2718,-1952
529,CARR,2020-10-06,0 days 15:59:17.244869,284860,31.61,31.59,916,800,-1882,9118
530,CARR,2020-10-06,0 days 15:59:25.244172,282055,31.59,31.57,500,400,3485,-115
531,CARR,2020-10-06,0 days 15:59:26.244119,280540,31.6,31.57,300,500,-1515,3485
532,CARR,2020-10-06,0 days 15:59:49.245725,282055,31.58,31.55,800,100,834,-1066
533,CARR,2020-10-06,0 days 15:59:50.248800,271189,31.58,31.55,483,600,-10866,834
534,CAT,2020-10-06,0 days 15:55:00.233695,212601,151.6,151.51,100,336,-2019,23342
535,CAT,2020-10-06,0 days 15:57:34.239394,219257,151.77,151.73,100,100,322,-3211
536,CAT,2020-10-06,0 days 15:57:35.238957,216979,151.85,151.76,100,100,-2278,322
537,CAT,2020-10-06,0 days 15:58:01.242532,219622,151.76,151.71,100,100,2885,-1282
538,CAT,2020-10-06,0 days 15:58:02.240853,216687,151.75,151.63,100,500,-2935,2885
539,CAT,2020-10-06,0 days 15:58:04.240607,219622,151.67,151.59,200,100,1232,-35
540,CAT,2020-10-06,0 days 15:58:05.240678,217921,151.68,151.59,100,100,-1701,1232
541,CAT,2020-10-06,0 days 15:59:03.243059,221851,151.78,151.7,100,100,2178,-2122
542,CAT,2020-10-06,0 days 15:59:04.242986,221163,151.71,151.63,200,100,-645,2178
543,CAT,2020-10-06,0 days 15:59:06.243260,221077,151.72,151.63,200,200,65,-599
544,CAT,2020-10-06,0 days 15:59:07.245125,220275,151.79,151.69,200,100,-6030,65
545,CAT,2020-10-06,0 days 15:59:12.243401,226305,151.87,151.83,100,313,2260,-748
546,CAT,2020-10-06,0 days 15:59:13.244060,225365,151.91,151.82,100,100,-940,2260
547,CAT,2020-10-06,0 days 15:59:25.244156,227029,151.85,151.77,100,200,10,-456
548,CAT,2020-10-06,0 days 15:59:48.245710,227432,151.7,151.64,200,250,3869,-165
549,CCL,2020-10-06,0 days 15:55:26.244220,339281,15.22,15.21,13304,8500,563,-3337
550,CCL,2020-10-06,0 days 15:55:27.244531,336044,15.22,15.21,16600,7100,-3237,563
551,CCL,2020-10-06,0 days 15:55:44.244432,332696,15.2,15.19,11030,10231,-6683,18517
552,CCL,2020-10-06,0 days 15:56:02.246031,339281,15.2,15.19,10049,9129,6520,-6583
553,CCL,2020-10-06,0 days 15:56:10.245831,357656,15.19,15.18,13749,10187,-11925,17775
554,CCL,2020-10-06,0 days 15:56:11.246226,355981,15.19,15.18,13106,8175,1675,-11925
555,CCL,2020-10-06,0 days 15:56:15.246037,362956,15.19,15.18,20706,4287,-2225,2475
556,CCL,2020-10-06,0 days 15:56:21.245828,394317,15.19,15.18,19380,7268,2639,-4261
557,CCL,2020-10-06,0 days 15:56:30.246496,366196,15.2,15.19,9717,8000,-1021,2179
558,CCL,2020-10-06,0 days 15:56:33.246235,367217,15.2,15.19,7517,7800,2179,-1021
559,CCL,2020-10-06,0 days 15:57:26.246744,364666,15.21,15.2,13800,12092,-24151,5002
560,CCL,2020-10-06,0 days 15:57:36.247209,367717,15.21,15.2,11906,7460,3049,-3051
561,CCL,2020-10-06,0 days 15:58:04.249032,390517,15.21,15.2,10071,12740,2418,-11482
562,CCL,2020-10-06,0 days 15:58:10.249475,393035,15.21,15.2,7368,12329,-3282,1918
563,CCL,2020-10-06,0 days 15:58:11.249293,390617,15.21,15.2,8472,9229,2418,-3282
564,CCL,2020-10-06,0 days 15:58:28.250133,419483,15.2,15.19,12849,7600,-22434,10866
565,CCL,2020-10-06,0 days 15:58:29.250507,414017,15.2,15.19,9947,10500,5466,-22434
566,CCL,2020-10-06,0 days 15:58:30.251723,416283,15.2,15.19,10847,10500,-1034,5466
567,CCL,2020-10-06,0 days 15:58:31.250552,414317,15.2,15.19,10147,11700,1966,-1034
568,CCL,2020-10-06,0 days 15:59:07.254546,394981,15.21,15.2,552,23789,-22898,3550
569,CCL,2020-10-06,0 days 15:59:36.250468,477172,15.21,15.2,9646,17738,11582,-5916
570,CCL,2020-10-06,0 days 15:59:39.250672,475602,15.2,15.19,19253,5756,-16067,23330
571,CCL,2020-10-06,0 days 15:59:43.250939,491669,15.2,15.19,22434,1356,3333,-2467
572,CCL,2020-10-06,0 days 15:59:44.251207,489502,15.2,15.19,15565,4356,-2167,3333
573,CCL,2020-10-06,0 days 15:59:57.252967,448814,15.21,15.2,2800,8100,-44905,13059
574,CCX,2020-10-06,0 days 15:59:01.246585,501,10.24,10.19,409,304,-264,436
575,CCX,2020-10-06,0 days 15:59:02.245660,465,10.24,10.19,209,300,36,-264
576,CCXX,2020-10-06,0 days 15:55:00.038118,5884,10.06,10.03,413,500,457,-1631
577,CCXX,2020-10-06,0 days 15:58:48.039878,6341,10.09,10.07,200,123,-873,329
578,CCXX,2020-10-06,0 days 15:58:49.038610,6114,10.09,10.06,200,135,227,-873
579,CDE,2020-10-06,0 days 15:55:00.087981,109458,7.24,7.23,1684,5628,-77429,6068
580,CDE,2020-10-06,0 days 15:55:01.087294,107387,7.24,7.23,1784,5836,2071,-77429
581,CDE,2020-10-06,0 days 15:55:40.087895,109458,7.23,7.22,3569,3325,-1471,2071
582,CDE,2020-10-06,0 days 15:55:41.088245,107729,7.23,7.22,3787,4025,1729,-1471
583,CDE,2020-10-06,0 days 15:55:45.088649,109458,7.23,7.22,3298,4125,-771,1729
584,CDE,2020-10-06,0 days 15:55:46.090441,107929,7.23,7.22,3298,4125,1529,-771
585,CFG,2020-10-06,0 days 15:59:16.250719,458204,27.22,27.21,2144,4095,22646,-2812
586,CGC,2020-10-06,0 days 15:59:39.251074,27327,14.33,14.32,100,3809,3526,-274
587,CGC,2020-10-06,0 days 15:59:40.251941,26853,14.33,14.32,100,3909,-74,3526
588,CHWY,2020-10-06,0 days 15:56:15.249323,55521,56.16,56.11,396,100,-159,341
589,CHWY,2020-10-06,0 days 15:59:06.250731,62991,56.19,56.12,300,100,-8437,230
590,CIG,2020-10-06,0 days 15:59:09.246674,211571,1.92,1.91,102317,263647,2918,-3682
591,CIG,2020-10-06,0 days 15:59:21.247100,214489,1.92,1.91,101317,267747,-2470,2430
592,CIG,2020-10-06,0 days 15:59:22.247094,212259,1.92,1.91,101317,265746,2230,-2470
593,CIG,2020-10-06,0 days 15:59:44.247827,214489,1.92,1.91,109581,295347,-1970,2230
594,CIG,2020-10-06,0 days 15:59:48.249082,210759,1.92,1.91,180774,262403,3730,-1970
595,CIM,2020-10-06,0 days 15:59:02.242944,127754,8.62,8.61,17134,13498,5011,-855
596,CIM,2020-10-06,0 days 15:59:03.242904,124455,8.62,8.61,16634,13498,-3299,5011
597,CIM,2020-10-06,0 days 15:59:41.244511,130224,8.62,8.61,8737,20244,14,-696
598,CIM,2020-10-06,0 days 15:59:48.245424,127938,8.62,8.61,11591,20555,-2286,14
599,CL,2020-10-06,0 days 15:55:00.087063,301981,77.54,77.52,201,200,-5498,35598
600,CL,2020-10-06,0 days 15:55:01.087036,296879,77.55,77.52,558,1097,5102,-5498
601,CL,2020-10-06,0 days 15:58:09.092971,318131,77.68,77.66,623,200,-4195,3251
602,CL,2020-10-06,0 days 15:58:10.093967,315626,77.68,77.66,623,500,6438,-4195
603,CL,2020-10-06,0 days 15:59:00.099545,322069,77.69,77.68,600,253,-10125,2231
604,CL,2020-10-06,0 days 15:59:01.098046,320276,77.67,77.65,750,100,1855,-10125
605,CLDR,2020-10-06,0 days 15:57:45.092276,341492,10.76,10.75,3599,6800,-2088,4112
606,CLDR,2020-10-06,0 days 15:58:39.093377,344048,10.74,10.73,4118,5556,3044,-2356
607,CLDR,2020-10-06,0 days 15:59:22.097898,347132,10.74,10.73,5003,3361,573,-4327
608,CLDR,2020-10-06,0 days 15:59:44.097355,357204,10.74,10.73,6862,1928,805,-3595
609,CLF,2020-10-06,0 days 15:55:46.228745,538591,7.24,7.23,11438,26839,34980,-16920
610,CLF,2020-10-06,0 days 15:55:47.229476,526771,7.24,7.23,10138,28888,-21501,34980
611,CLF,2020-10-06,0 days 15:56:24.229573,548272,7.25,7.24,29413,8616,199,-19601
612,CLF,2020-10-06,0 days 15:56:38.229634,548471,7.25,7.24,8610,26286,-2001,199
613,CLF,2020-10-06,0 days 15:57:14.229870,550472,7.25,7.24,32168,16700,3797,-9503
614,CLF,2020-10-06,0 days 15:57:15.230101,540169,7.25,7.24,26181,22006,-10303,3797
615,CLF,2020-10-06,0 days 15:58:12.233619,545846,7.24,7.23,25963,30872,-8220,480
616,CLF,2020-10-06,0 days 15:58:34.234762,537846,7.24,7.23,15863,43013,-7920,6580
617,CLF,2020-10-06,0 days 15:59:06.235972,554866,7.24,7.23,31963,13115,11913,-5087
618,CLF,2020-10-06,0 days 15:59:16.236157,498281,7.25,7.24,35008,32952,-55673,10683
619,CLNY,2020-10-06,0 days 15:55:45.243903,293600,2.93,2.92,33750,20939,8344,-2356
620,CLNY,2020-10-06,0 days 15:55:46.243781,281044,2.93,2.92,33462,22439,-11556,8344
621,CLNY,2020-10-06,0 days 15:56:16.245355,329700,2.93,2.92,25853,26039,844,-11656
622,CLNY,2020-10-06,0 days 15:56:17.245661,325044,2.93,2.92,25853,26639,-3756,844
623,CLNY,2020-10-06,0 days 15:57:48.247972,339100,2.92,2.91,39282,34965,344,-5156
624,CLNY,2020-10-06,0 days 15:58:05.249527,339444,2.92,2.91,26899,36210,-85,344
625,CLNY,2020-10-06,0 days 15:58:56.250841,351721,2.91,2.9,36589,16500,-6058,4442
626,CLNY,2020-10-06,0 days 15:59:01.252490,324969,2.91,2.9,17489,42364,5425,-6058
627,CLNY,2020-10-06,0 days 15:59:02.251484,322994,2.92,2.91,22189,48330,-1975,5425
628,CLNY,2020-10-06,0 days 15:59:40.251697,348006,2.92,2.91,29292,49503,13948,-3652
629,CLNY,2020-10-06,0 days 15:59:41.251690,345777,2.92,2.91,28945,51713,-2229,13948
630,CLNY,2020-10-06,0 days 15:59:44.251755,348006,2.92,2.91,27042,45601,5771,-2229
631,CLNY,2020-10-06,0 days 15:59:45.252421,346177,2.92,2.91,32142,43576,-1829,5771
632,CLR,2020-10-06,0 days 15:55:13.242900,118402,12.7,12.69,1300,1300,16,-2784
633,CLR,2020-10-06,0 days 15:55:42.243682,115896,12.72,12.71,1972,2680,-2506,16
634,CLR,2020-10-06,0 days 15:56:16.245384,123346,12.72,12.71,3842,1912,1755,-2845
635,CLR,2020-10-06,0 days 15:56:17.245692,121001,12.72,12.71,4453,2012,-1607,1755
636,CLR,2020-10-06,0 days 15:58:14.249672,136921,12.71,12.7,1146,2968,1108,-3838
637,CLR,2020-10-06,0 days 15:58:15.249972,133529,12.71,12.7,1446,2968,-3392,1108
638,CLR,2020-10-06,0 days 15:59:08.251523,124543,12.71,12.7,771,1016,211,-2148
639,CLR,2020-10-06,0 days 15:59:09.252353,124354,12.71,12.7,600,2000,-189,211
640,CLR,2020-10-06,0 days 15:59:15.250278,129489,12.73,12.72,1024,1495,1985,-635
641,CLR,2020-10-06,0 days 15:59:19.250430,134149,12.73,12.72,419,1595,-495,4660
642,CNC,2020-10-06,0 days 15:59:20.249990,247289,62.38,62.35,200,423,-6271,12929
643,CNP,2020-10-06,0 days 15:59:15.247010,369503,20.58,20.57,1400,10480,177805,-8080
644,CNX,2020-10-06,0 days 15:55:45.228899,250115,9.65,9.64,1208,9556,-3382,1118
645,CNX,2020-10-06,0 days 15:55:46.228643,248297,9.65,9.64,2198,9339,1818,-3382
646,CNX,2020-10-06,0 days 15:57:16.229937,312624,9.64,9.63,5626,3428,2213,-1036
647,COF,2020-10-06,0 days 15:55:00.226203,164883,75.87,75.85,103,200,3502,-1934
648,COF,2020-10-06,0 days 15:57:30.231017,181545,76.02,76.0,100,236,-159,541
649,COF,2020-10-06,0 days 15:57:31.230751,180004,76.02,76.0,300,336,1541,-159
650,COF,2020-10-06,0 days 15:57:37.231461,181545,76.08,76.04,100,400,-1659,1341
651,COF,2020-10-06,0 days 15:57:38.231090,181204,76.08,76.04,200,500,341,-1659
652,COF,2020-10-06,0 days 15:57:39.231979,180945,76.08,76.04,200,588,-659,341
653,COF,2020-10-06,0 days 15:57:40.231295,180204,76.08,76.04,426,602,741,-659
654,COF,2020-10-06,0 days 15:57:59.232614,181545,76.05,76.02,214,400,-1959,4141
655,COF,2020-10-06,0 days 15:58:00.236477,180604,76.03,76.01,100,100,941,-1959
656,COF,2020-10-06,0 days 15:58:13.233734,182445,75.93,75.92,220,100,-4094,328
657,COF,2020-10-06,0 days 15:58:14.233349,181139,75.92,75.91,200,200,1306,-4094
658,COF,2020-10-06,0 days 15:59:09.235811,184437,75.87,75.84,100,400,-10024,94
659,COF,2020-10-06,0 days 15:59:19.235646,197150,75.87,75.82,100,300,9744,-11778
660,COF,2020-10-06,0 days 15:59:20.235569,195172,75.85,75.81,200,300,-2378,9744
661,COF,2020-10-06,0 days 15:59:48.237972,206985,75.69,75.68,324,300,-290,1797
662,COG,2020-10-06,0 days 15:59:15.250393,482605,17.67,17.66,2907,6297,9992,-3635
663,COG,2020-10-06,0 days 15:59:16.251006,473297,17.68,17.67,5185,3851,-9308,9992
664,COG,2020-10-06,0 days 15:59:24.250556,483205,17.67,17.66,6306,1322,2693,-4675
665,COG,2020-10-06,0 days 15:59:37.252245,467298,17.66,17.65,7880,1124,-5007,16293
666,COG,2020-10-06,0 days 15:59:39.250981,472305,17.65,17.64,5027,700,22653,-1319
667,COG,2020-10-06,0 days 15:59:40.251832,470658,17.64,17.63,900,5700,-1647,22653
668,COP,2020-10-06,0 days 15:55:16.031272,371602,33.32,33.31,311,1343,9,-4134
669,COP,2020-10-06,0 days 15:55:25.031260,369392,33.32,33.31,800,604,-2210,9
670,COP,2020-10-06,0 days 15:55:28.033160,368402,33.32,33.31,381,1605,990,-2210
671,COP,2020-10-06,0 days 15:55:29.031544,366492,33.33,33.32,855,200,-1910,990
672,COP,2020-10-06,0 days 15:57:11.033998,382561,33.32,33.31,1000,500,5155,-945
673,COP,2020-10-06,0 days 15:57:12.034358,380616,33.32,33.31,800,800,-1945,5155
674,COP,2020-10-06,0 days 15:57:37.035392,385361,33.39,33.37,400,1700,316,-684
675,COP,2020-10-06,0 days 15:57:38.035446,384777,33.39,33.37,400,1705,-584,316
676,COP,2020-10-06,0 days 15:58:02.039519,385361,33.37,33.36,1416,500,4416,-284
677,COP,2020-10-06,0 days 15:58:03.037371,385328,33.36,33.35,1970,800,-33,4416
678,COP,2020-10-06,0 days 15:58:09.037129,386636,33.35,33.34,914,699,-60,2732
679,COP,2020-10-06,0 days 15:58:10.037765,386696,33.34,33.32,1004,600,1440,-60
680,COP,2020-10-06,0 days 15:58:20.037026,411510,33.33,33.32,632,2005,-1877,723
681,COP,2020-10-06,0 days 15:58:28.037829,413387,33.32,33.31,200,1100,490,-2910
682,COP,2020-10-06,0 days 15:58:47.038652,412277,33.3,33.29,286,2640,-810,5290
683,COP,2020-10-06,0 days 15:59:01.040901,387431,33.32,33.31,600,1231,11546,-2710
684,COTY,2020-10-06,0 days 15:58:00.243841,266562,3.06,3.05,28180,83683,-1868,432
685,CPB,2020-10-06,0 days 15:55:59.245022,189002,48.64,48.61,200,766,-61,2329
686,CPB,2020-10-06,0 days 15:56:09.245542,189063,48.61,48.59,1047,300,440,-61
687,CPB,2020-10-06,0 days 15:57:06.252321,189746,48.6,48.59,300,244,-26,90
688,CPB,2020-10-06,0 days 15:57:13.245337,191772,48.59,48.58,700,200,1743,-557
689,CPB,2020-10-06,0 days 15:57:37.247117,195958,48.65,48.63,300,200,-43,1857
690,CPB,2020-10-06,0 days 15:57:38.246483,193101,48.65,48.63,300,300,2857,-43
691,CPB,2020-10-06,0 days 15:58:12.248734,197239,48.64,48.62,200,137,-359,1831
692,CPB,2020-10-06,0 days 15:58:13.249666,195498,48.64,48.62,300,238,1741,-359
693,CPB,2020-10-06,0 days 15:59:01.252331,197239,48.63,48.61,407,300,-122,451
694,CPRI,2020-10-06,0 days 15:55:50.226016,234860,19.53,19.52,1278,500,32711,-5947
695,CPRI,2020-10-06,0 days 15:55:51.226044,229371,19.53,19.52,542,403,-5489,32711
696,CPRI,2020-10-06,0 days 15:58:04.229233,244158,19.6,19.58,3445,584,21004,-1764
697,CPRI,2020-10-06,0 days 15:58:05.229710,235862,19.6,19.58,1212,400,-8296,21004
698,CPRI,2020-10-06,0 days 15:59:05.231006,262004,19.58,19.57,300,400,-4596,5273
699,CPRI,2020-10-06,0 days 15:59:14.232059,280148,19.61,19.59,1137,600,579,-3682
700,CRK,2020-10-06,0 days 15:55:00.246802,34791,4.83,4.82,3274,6340,-1081,8842
701,CRK,2020-10-06,0 days 15:55:59.248587,36113,4.86,4.85,4800,5539,578,-1322
702,CRK,2020-10-06,0 days 15:56:00.249939,35191,4.86,4.85,4900,5539,-922,578
703,CRK,2020-10-06,0 days 15:58:11.248459,52843,4.84,4.83,4302,1908,615,-2673
704,CRK,2020-10-06,0 days 15:58:12.248427,51658,4.84,4.83,5120,600,-1185,615
705,CRK,2020-10-06,0 days 15:58:52.249096,51150,4.84,4.83,5117,1900,-1693,807
706,CRK,2020-10-06,0 days 15:59:00.253202,53874,4.84,4.83,4864,2300,3565,-1693
707,CRK,2020-10-06,0 days 15:59:02.250427,49239,4.84,4.83,3447,3000,-662,3038
708,CRK,2020-10-06,0 days 15:59:19.250249,52429,4.85,4.84,3653,629,1505,-620
709,CRK,2020-10-06,0 days 15:59:41.251353,53634,4.83,4.82,3200,3407,-787,190
710,CRK,2020-10-06,0 days 15:59:42.251496,54421,4.83,4.82,3200,3907,513,-787
711,CRK,2020-10-06,0 days 15:59:43.252072,54334,4.83,4.82,2500,4107,-87,513
712,CRK,2020-10-06,0 days 15:59:52.246062,53768,4.82,4.81,900,754,1466,-1187
713,CRM,2020-10-06,0 days 15:59:49.253911,351918,250.32,250.14,507,450,-761,171
714,CS,2020-10-06,0 days 15:56:19.236470,33963,10.31,10.3,49327,52520,-1856,44
715,CS,2020-10-06,0 days 15:59:03.243073,38113,10.32,10.31,92021,3151,-250,358
716,CS,2020-10-06,0 days 15:59:36.244174,42859,10.31,10.3,32300,93299,3954,-4746
717,CS,2020-10-06,0 days 15:59:37.245172,42613,10.31,10.3,32300,90699,-246,3954
718,CTVA,2020-10-06,0 days 15:55:34.228663,594606,30.12,30.11,700,1700,45888,-11712
719,CTVA,2020-10-06,0 days 15:55:35.229263,540594,30.13,30.12,1700,200,-54012,45888
720,CTVA,2020-10-06,0 days 15:59:39.236277,634081,30.14,30.13,3300,3131,6332,-1556
721,CTVA,2020-10-06,0 days 15:59:40.237547,642213,30.14,30.13,900,3331,-707,6332
722,CTVA,2020-10-06,0 days 15:59:50.241093,641940,30.13,30.12,100,2749,-4600,8100
723,CTVA,2020-10-06,0 days 15:59:54.240477,646540,30.11,30.09,700,771,5000,-4300
724,CVE,2020-10-06,0 days 15:59:36.244160,50339,3.8,3.79,20045,380881,18787,-23813
725,CVS,2020-10-06,0 days 15:59:37.252886,435979,58.3,58.29,500,557,1247,-653
726,CVS,2020-10-06,0 days 15:59:49.250069,437973,58.3,58.28,200,600,4009,-2664
727,CVS,2020-10-06,0 days 15:59:50.253139,427482,58.3,58.29,500,500,-10491,4009
728,CVX,2020-10-06,0 days 15:59:37.245185,857037,72.4,72.38,562,300,7743,-4731
729,CVX,2020-10-06,0 days 15:59:38.244257,838306,72.42,72.41,162,500,-18731,7743
730,CVX,2020-10-06,0 days 15:59:39.244176,857037,72.4,72.38,100,700,40795,-18731
731,CVX,2020-10-06,0 days 15:59:40.244876,849665,72.41,72.4,300,680,-8452,40795
732,CVX,2020-10-06,0 days 15:59:42.244596,858117,72.4,72.38,300,400,7148,-20926
733,CVX,2020-10-06,0 days 15:59:44.244756,852588,72.38,72.37,1588,300,-5629,9343
734,CVX,2020-10-06,0 days 15:59:47.244920,855192,72.35,72.34,2173,800,-5279,14375
735,CX,2020-10-06,0 days 15:59:36.300444,50164,3.86,3.85,131961,65813,20139,-24661
736,CX,2020-10-06,0 days 15:59:37.301718,49603,3.86,3.85,130961,66713,-561,20139
737,DAL,2020-10-06,0 days 15:55:05.242087,283689,31.12,31.11,2875,2336,-868,4711
738,DAL,2020-10-06,0 days 15:55:06.242212,280057,31.12,31.11,2035,2642,3632,-868
739,DAL,2020-10-06,0 days 15:56:12.246728,291438,31.08,31.07,4713,1434,-923,5777
740,DAL,2020-10-06,0 days 15:56:13.245987,287346,31.07,31.06,2231,4502,4092,-923
741,DAL,2020-10-06,0 days 15:58:11.249304,324389,31.1,31.09,5920,2495,-10280,3632
742,DAL,2020-10-06,0 days 15:58:12.249494,317269,31.1,31.09,3020,5079,4220,-10280
743,DAL,2020-10-06,0 days 15:59:43.250939,325766,31.08,31.07,2039,4501,-3077,95
744,DB,2020-10-06,0 days 15:59:08.252245,80585,9.04,9.03,95427,16747,16216,-22247
745,DB,2020-10-06,0 days 15:59:09.252377,78701,9.04,9.03,93518,23622,-984,16216
746,DB,2020-10-06,0 days 15:59:45.252823,79382,9.02,9.01,46907,46442,-2369,10431
747,DD,2020-10-06,0 days 15:59:21.098371,567664,56.26,56.25,500,500,21974,-13126
748,DD,2020-10-06,0 days 15:59:22.097973,526538,56.31,56.29,220,100,-56484,21974
749,DD,2020-10-06,0 days 15:59:31.100186,600538,56.26,56.24,100,199,-3318,4782
750,DD,2020-10-06,0 days 15:59:47.096458,616518,56.24,56.23,200,403,181,-419
751,DD,2020-10-06,0 days 15:59:48.101379,612596,56.23,56.22,1400,100,-3722,181
752,DD,2020-10-06,0 days 15:59:56.098485,602340,56.17,56.12,100,100,4831,-69
753,DE,2020-10-06,0 days 15:56:23.245130,91778,226.28,226.13,100,200,578,-422
754,DE,2020-10-06,0 days 15:56:24.245460,90665,226.28,226.13,100,200,-1113,578
755,DE,2020-10-06,0 days 15:59:02.251627,113238,226.47,226.27,400,200,14146,-2877
756,DE,2020-10-06,0 days 15:59:03.253763,112089,226.38,226.22,120,100,-1149,14146
757,DE,2020-10-06,0 days 15:59:04.251786,113038,226.33,226.22,100,222,402,-1149
758,DE,2020-10-06,0 days 15:59:06.251712,111853,226.42,226.22,200,122,-1380,2926
759,DE,2020-10-06,0 days 15:59:37.252245,114681,226.32,226.19,120,100,818,-82
760,DE,2020-10-06,0 days 15:59:44.251857,114293,226.39,226.22,200,100,-388,312
761,DE,2020-10-06,0 days 15:59:45.252545,114681,226.36,226.22,100,100,1412,-388
762,DE,2020-10-06,0 days 15:59:46.251331,114393,226.34,226.23,400,100,-288,1412
763,DELL,2020-10-06,0 days 15:55:00.300324,108933,67.42,67.35,410,100,740,-2578
764,DELL,2020-10-06,0 days 15:55:49.300948,109673,67.46,67.4,100,100,-89,111
765,DELL,2020-10-06,0 days 15:55:54.300396,106221,67.46,67.41,100,100,3452,-1048
766,DELL,2020-10-06,0 days 15:57:36.294544,110449,67.55,67.51,223,100,-624,1076
767,DELL,2020-10-06,0 days 15:57:37.294920,107373,67.55,67.51,223,100,3076,-624
768,DELL,2020-10-06,0 days 15:57:56.295721,108473,67.57,67.52,353,312,1976,-1224
769,DELL,2020-10-06,0 days 15:59:15.299517,110661,67.54,67.51,100,100,-957,1707
770,DELL,2020-10-06,0 days 15:59:16.298928,109518,67.54,67.51,100,100,1143,-957
771,DELL,2020-10-06,0 days 15:59:29.299157,109788,67.63,67.53,100,498,873,-1427
772,DELL,2020-10-06,0 days 15:59:39.300159,110661,67.57,67.47,800,600,-3822,773
773,DELL,2020-10-06,0 days 15:59:40.300201,110383,67.57,67.47,961,600,278,-3822
774,DELL,2020-10-06,0 days 15:59:43.299894,110661,67.57,67.52,744,100,-722,278
775,DFS,2020-10-06,0 days 15:55:39.234945,300704,61.24,61.22,400,200,-1588,871
776,DFS,2020-10-06,0 days 15:55:40.235109,298792,61.23,61.21,800,201,1912,-1588
777,DFS,2020-10-06,0 days 15:56:23.235875,301531,61.25,61.22,566,200,-41,617
778,DFS,2020-10-06,0 days 15:56:25.237105,299853,61.24,61.21,389,207,1678,-622
779,DFS,2020-10-06,0 days 15:56:38.236794,301531,61.3,61.27,200,300,-1122,1478
780,DFS,2020-10-06,0 days 15:56:39.236609,300153,61.3,61.27,300,300,1378,-1122
781,DFS,2020-10-06,0 days 15:57:26.238142,301798,61.38,61.34,505,400,-655,45
782,DFS,2020-10-06,0 days 15:57:27.237830,300553,61.38,61.34,705,500,1245,-655
783,DFS,2020-10-06,0 days 15:57:34.239333,301798,61.38,61.34,546,500,-3855,1245
784,DFS,2020-10-06,0 days 15:57:35.238878,300553,61.38,61.35,686,300,1345,-3855
785,DFS,2020-10-06,0 days 15:57:37.238821,301798,61.39,61.36,327,380,-1860,1145
786,DFS,2020-10-06,0 days 15:57:39.238755,301558,61.39,61.36,327,380,240,-1860
787,DFS,2020-10-06,0 days 15:57:42.238800,304298,61.39,61.36,427,401,-260,240
788,DFS,2020-10-06,0 days 15:57:52.240085,316358,61.46,61.41,700,300,140,-960
789,DFS,2020-10-06,0 days 15:57:56.240096,314598,61.43,61.41,292,163,-260,1140
790,DFS,2020-10-06,0 days 15:58:10.240970,322362,61.35,61.3,580,1227,1234,-1266
791,DFS,2020-10-06,0 days 15:58:11.240837,320796,61.35,61.3,530,1227,-1266,1234
792,DFS,2020-10-06,0 days 15:58:12.241034,319062,61.3,61.28,200,800,1734,-1266
793,DFS,2020-10-06,0 days 15:58:13.241702,317796,61.3,61.28,100,120,-1166,1734
794,DFS,2020-10-06,0 days 15:58:20.240887,314636,61.27,61.25,315,300,-926,2274
795,DFS,2020-10-06,0 days 15:58:41.242072,308162,61.25,61.22,200,300,4374,-726
796,DFS,2020-10-06,0 days 15:58:42.241759,307936,61.25,61.22,315,248,-226,4374
797,DFS,2020-10-06,0 days 15:58:55.242502,307964,61.26,61.23,712,500,-198,2602
798,DFS,2020-10-06,0 days 15:59:04.242969,312330,61.27,61.24,100,100,2136,-880
799,DFS,2020-10-06,0 days 15:59:07.245086,312197,61.31,61.28,329,200,-17858,106
800,DFS,2020-10-06,0 days 15:59:15.244778,330451,61.3,61.27,100,100,-992,1108
801,DFS,2020-10-06,0 days 15:59:17.244823,328452,61.29,61.24,100,1054,1999,-1002
802,DFS,2020-10-06,0 days 15:59:18.244346,327751,61.29,61.24,100,254,-701,1999
803,DFS,2020-10-06,0 days 15:59:24.243934,326352,61.27,61.23,404,100,1399,-701
804,DFS,2020-10-06,0 days 15:59:26.244080,322951,61.26,61.22,224,100,-401,2399
805,DFS,2020-10-06,0 days 15:59:30.246198,323352,61.26,61.2,200,200,2399,-601
806,DFS,2020-10-06,0 days 15:59:31.244411,322951,61.26,61.23,100,206,-401,2399
807,DFS,2020-10-06,0 days 15:59:47.244882,328951,61.19,61.14,400,200,-517,2083
808,DFS,2020-10-06,0 days 15:59:48.245597,326868,61.14,61.11,100,100,1983,-517
809,DFS,2020-10-06,0 days 15:59:49.245668,326451,61.14,61.08,400,200,-417,1983
810,DHI,2020-10-06,0 days 15:56:23.244801,181591,75.24,75.21,400,815,762,-734
811,DHI,2020-10-06,0 days 15:56:24.244575,179653,75.24,75.21,400,815,-1938,762
812,DHI,2020-10-06,0 days 15:57:21.246614,180863,75.23,75.2,600,300,-848,10652
813,DHI,2020-10-06,0 days 15:58:14.249393,189916,75.26,75.24,200,300,6311,-465
814,DHI,2020-10-06,0 days 15:58:15.249723,187927,75.26,75.24,400,300,-1889,6311
815,DHI,2020-10-06,0 days 15:58:19.249745,189516,75.22,75.19,300,300,9334,-1689
816,DHI,2020-10-06,0 days 15:58:20.249475,188550,75.22,75.19,300,300,-966,9334
817,DHI,2020-10-06,0 days 15:59:01.252360,194616,75.24,75.22,400,197,1072,-2228
818,DHI,2020-10-06,0 days 15:59:02.251326,192788,75.23,75.21,200,700,-1641,1072
819,DHI,2020-10-06,0 days 15:59:05.251693,182513,75.24,75.21,200,200,-11916,9507
820,DHI,2020-10-06,0 days 15:59:15.250009,200295,75.28,75.24,917,200,8874,-982
821,DHI,2020-10-06,0 days 15:59:19.250130,196762,75.26,75.22,100,200,-233,267
822,DHI,2020-10-06,0 days 15:59:38.250605,197095,75.27,75.25,300,298,3532,-353
823,DHI,2020-10-06,0 days 15:59:39.250569,201827,75.26,75.22,200,300,-193,3532
824,DIS,2020-10-06,0 days 15:55:21.244632,536093,120.97,120.94,247,300,831,-549
825,DIS,2020-10-06,0 days 15:55:22.243944,534924,120.97,120.94,163,300,-1169,831
826,DIS,2020-10-06,0 days 15:55:26.244236,536093,120.93,120.91,332,100,29,-1169
827,DIS,2020-10-06,0 days 15:55:35.244772,536058,120.95,120.92,1022,200,-35,29
828,DIS,2020-10-06,0 days 15:55:36.244522,536093,120.93,120.91,678,200,29,-35
829,DIS,2020-10-06,0 days 15:55:37.244707,536122,120.93,120.91,678,200,-387,29
830,DIS,2020-10-06,0 days 15:55:38.244661,536509,120.89,120.87,378,100,568,-387
831,DIS,2020-10-06,0 days 15:55:39.244731,535517,120.89,120.87,278,100,-992,568
832,DIS,2020-10-06,0 days 15:55:41.245016,536509,120.87,120.83,100,200,608,-992
833,DIS,2020-10-06,0 days 15:55:42.245493,535617,120.87,120.84,400,1500,-892,608
834,DIS,2020-10-06,0 days 15:56:12.246728,539448,120.92,120.89,200,200,653,-302
835,DIS,2020-10-06,0 days 15:56:13.245987,538301,120.9,120.88,207,2030,-2647,653
836,DIS,2020-10-06,0 days 15:56:49.251122,540834,121.04,121.02,379,524,-425,179
837,DIS,2020-10-06,0 days 15:57:07.253230,542414,120.98,120.95,400,100,-1145,655
838,DIS,2020-10-06,0 days 15:57:30.247143,543975,121.06,121.03,1500,100,2287,-3853
839,DIS,2020-10-06,0 days 15:57:31.246454,542962,121.06,121.03,100,1745,-1013,2287
840,DIS,2020-10-06,0 days 15:57:37.247316,553075,121.09,121.07,200,496,526,-1322
841,DIS,2020-10-06,0 days 15:57:39.247536,551801,121.12,121.09,272,200,-1274,3526
842,DIS,2020-10-06,0 days 15:57:45.247863,554652,121.11,121.09,102,100,2049,-3555
843,DIS,2020-10-06,0 days 15:57:46.247906,553201,121.11,121.07,400,675,-1451,2049
844,DIS,2020-10-06,0 days 15:58:20.249133,563631,121.03,121.02,508,100,-1350,3454
845,DIS,2020-10-06,0 days 15:58:43.250066,557412,120.99,120.96,310,500,-7569,5431
846,DIS,2020-10-06,0 days 15:58:46.250064,564981,120.97,120.94,400,100,4431,-1869
847,DIS,2020-10-06,0 days 15:58:48.250685,564046,120.95,120.93,300,200,-935,2965
848,DIS,2020-10-06,0 days 15:59:00.254426,561185,121.02,120.99,300,216,2630,-8141
849,DIS,2020-10-06,0 days 15:59:03.253694,551515,120.96,120.92,300,200,-10190,4610
850,DIS,2020-10-06,0 days 15:59:05.251595,561705,120.97,120.94,600,400,16442,-556
851,DIS,2020-10-06,0 days 15:59:08.252173,571311,121.05,121.02,100,1100,-1277,2823
852,DIS,2020-10-06,0 days 15:59:13.251832,577005,121.08,121.04,100,766,1461,-619
853,DIS,2020-10-06,0 days 15:59:14.252378,577443,121.08,121.04,100,615,-62,1461
854,DIS,2020-10-06,0 days 15:59:15.250499,577505,121.08,121.04,100,1138,1184,-62
855,DIS,2020-10-06,0 days 15:59:16.250706,577417,121.07,121.05,100,100,-10024,1184
856,DIS,2020-10-06,0 days 15:59:27.251200,583107,121.05,121.02,100,1480,-193,6824
857,DIS,2020-10-06,0 days 15:59:33.250353,588700,121.05,121.02,400,500,2551,-1149
858,DIS,2020-10-06,0 days 15:59:36.250468,585505,121.03,121.0,297,105,4646,-3054
859,DIS,2020-10-06,0 days 15:59:38.250698,585128,121.03,120.98,100,400,-377,1623
860,DIS,2020-10-06,0 days 15:59:39.250688,585505,121.04,120.98,100,1050,452,-377
861,DIS,2020-10-06,0 days 15:59:40.252306,585557,121.05,121.02,100,538,-5598,452
862,DIS,2020-10-06,0 days 15:59:52.250236,586477,121.06,121.0,300,100,-11287,349
863,DIS,2020-10-06,0 days 15:59:55.251998,587764,121.02,120.94,300,100,8030,-11287
864,DOW,2020-10-06,0 days 15:56:01.228925,762305,47.94,47.92,598,1401,591,-24409
865,DOW,2020-10-06,0 days 15:56:08.228763,755071,47.96,47.95,1100,589,-7365,460
866,DOW,2020-10-06,0 days 15:57:46.231611,763676,47.98,47.97,200,800,40391,-58109
867,DOW,2020-10-06,0 days 15:57:47.231932,745867,48.01,47.99,500,1000,-19509,40391
868,DOW,2020-10-06,0 days 15:58:03.232938,763676,47.98,47.95,509,400,886,-4214
869,DOW,2020-10-06,0 days 15:58:04.232698,759562,47.97,47.95,400,300,-8028,886
870,DOW,2020-10-06,0 days 15:59:47.237457,919975,47.93,47.91,500,814,-5082,16118
871,DT,2020-10-06,0 days 15:55:01.035171,63223,40.08,40.04,200,318,487,-1613
872,DT,2020-10-06,0 days 15:57:26.035369,67008,40.08,40.06,200,102,-171,829
873,DT,2020-10-06,0 days 15:57:27.034796,66379,40.08,40.06,200,102,629,-171
874,DT,2020-10-06,0 days 15:59:06.041374,75118,40.06,40.02,100,200,-1813,1197
875,DT,2020-10-06,0 days 15:59:39.039720,78146,40.1,40.08,100,335,577,-2538
876,DUK,2020-10-06,0 days 15:55:28.033165,284288,90.78,90.75,200,100,24383,-4706
877,DUK,2020-10-06,0 days 15:55:29.031544,283871,90.8,90.75,200,600,-417,24383
878,DUK,2020-10-06,0 days 15:55:30.032188,283288,90.77,90.72,300,400,694,-417
879,DUK,2020-10-06,0 days 15:55:31.031503,282982,90.77,90.74,200,175,-306,694
880,DUK,2020-10-06,0 days 15:57:34.036048,319721,90.95,90.91,100,500,2105,-2795
881,DUK,2020-10-06,0 days 15:57:35.035347,311546,91.0,90.95,200,597,-8384,2105
882,DUK,2020-10-06,0 days 15:57:41.035392,319930,91.0,90.96,520,401,3484,-3196
883,DUK,2020-10-06,0 days 15:57:42.035239,317414,91.0,90.96,520,501,-2516,3484
884,DUK,2020-10-06,0 days 15:58:11.037034,320147,91.02,90.95,253,500,1372,-4108
885,DUK,2020-10-06,0 days 15:58:13.037369,318219,90.95,90.92,200,264,-1319,7781
886,DUK,2020-10-06,0 days 15:58:17.037279,319538,90.95,90.9,200,100,381,-3119
887,DUK,2020-10-06,0 days 15:58:18.037651,315919,90.95,90.9,238,103,-3619,381
888,DUK,2020-10-06,0 days 15:58:22.037853,319538,90.91,90.89,100,200,4181,-1619
889,DUK,2020-10-06,0 days 15:58:23.037562,317919,90.94,90.91,200,100,-1619,4181
890,DUK,2020-10-06,0 days 15:58:31.037814,318111,90.9,90.86,100,100,5007,-1619
891,DUK,2020-10-06,0 days 15:58:44.039607,318111,90.89,90.84,200,500,5007,-1619
892,DUK,2020-10-06,0 days 15:59:44.039437,351487,90.94,90.9,100,500,-2375,5202
893,DVN,2020-10-06,0 days 15:55:00.227226,364276,9.72,9.71,16280,12362,5577,-32722
894,DVN,2020-10-06,0 days 15:55:45.229001,367655,9.74,9.73,19778,7993,-5705,1995
895,DVN,2020-10-06,0 days 15:57:42.231275,393954,9.76,9.75,12162,20375,1315,-11385
896,DVN,2020-10-06,0 days 15:58:14.233479,393510,9.75,9.74,16655,8810,-18574,4776
897,DVN,2020-10-06,0 days 15:58:28.233652,412084,9.75,9.74,22964,8922,3126,-10474
898,DVN,2020-10-06,0 days 15:58:53.233903,400278,9.74,9.73,9236,17234,-10206,6594
899,DVN,2020-10-06,0 days 15:59:02.235538,392433,9.75,9.74,9000,16772,3934,-2135
900,EAF,2020-10-06,0 days 15:59:01.236334,71165,7.19,7.18,2476,620,-7346,796
901,EAF,2020-10-06,0 days 15:59:28.236195,80865,7.18,7.17,4543,300,-959,1741
902,EGO,2020-10-06,0 days 15:59:01.251126,37522,11.2,11.19,5020,9666,2884,-516
903,EGO,2020-10-06,0 days 15:59:02.250377,36306,11.2,11.19,5020,8801,-1216,2884
904,EIX,2020-10-06,0 days 15:55:00.298983,164101,53.84,53.78,400,210,631,-19214
905,EIX,2020-10-06,0 days 15:55:09.297233,164932,53.84,53.81,321,576,-257,131
906,EIX,2020-10-06,0 days 15:55:16.298539,165889,53.86,53.84,1100,400,94,-56
907,EIX,2020-10-06,0 days 15:55:19.298787,166283,53.86,53.84,800,615,-65,94
908,EIX,2020-10-06,0 days 15:55:47.299861,166663,53.92,53.89,200,1002,1208,-150
909,EIX,2020-10-06,0 days 15:55:48.300966,167871,53.92,53.89,100,1102,-692,1208
910,EIX,2020-10-06,0 days 15:55:49.300802,167663,53.92,53.89,100,1102,208,-692
911,EIX,2020-10-06,0 days 15:55:58.300627,167905,53.99,53.95,100,370,-58,142
912,EIX,2020-10-06,0 days 15:56:00.301501,167263,53.99,53.95,100,872,142,-358
913,EIX,2020-10-06,0 days 15:56:23.300500,171051,53.91,53.89,614,300,-259,2688
914,EIX,2020-10-06,0 days 15:56:24.300917,170710,53.91,53.89,616,300,341,-259
915,EIX,2020-10-06,0 days 15:57:02.301850,173870,53.98,53.95,125,682,-639,561
916,EIX,2020-10-06,0 days 15:57:04.302811,173309,53.97,53.94,111,176,561,-439
917,EIX,2020-10-06,0 days 15:57:34.294500,174114,53.99,53.96,400,201,-495,705
918,EIX,2020-10-06,0 days 15:57:35.295146,173909,53.99,53.96,462,100,205,-495
919,EIX,2020-10-06,0 days 15:58:06.297518,180154,54.01,53.99,400,500,-1721,879
920,EIX,2020-10-06,0 days 15:58:12.297079,182175,54.01,53.99,300,400,6948,-1087
921,EIX,2020-10-06,0 days 15:58:13.296743,180823,54.01,53.99,300,400,-1052,6948
922,EIX,2020-10-06,0 days 15:58:15.296815,179914,54.03,53.97,300,200,909,-1052
923,EIX,2020-10-06,0 days 15:58:17.297287,177723,54.0,53.97,109,300,-2191,309
924,EIX,2020-10-06,0 days 15:58:41.297787,179714,53.99,53.97,300,400,609,-1291
925,EIX,2020-10-06,0 days 15:58:42.298131,179123,53.99,53.97,300,300,-652,609
926,EIX,2020-10-06,0 days 15:59:03.305753,187021,54.03,54.01,400,100,1815,-1226
927,EIX,2020-10-06,0 days 15:59:04.299581,186036,54.03,54.01,344,203,-485,1815
928,EIX,2020-10-06,0 days 15:59:05.300699,183621,54.01,54.0,100,100,5617,-485
929,EIX,2020-10-06,0 days 15:59:06.299513,183038,54.01,54.0,202,272,-5183,5617
930,EIX,2020-10-06,0 days 15:59:21.298917,226737,54.01,53.95,200,300,6336,-1434
931,EIX,2020-10-06,0 days 15:59:22.298946,224073,54.01,53.96,400,200,-2664,6336
932,EIX,2020-10-06,0 days 15:59:30.300337,225837,53.97,53.9,235,500,5496,-1156
933,EIX,2020-10-06,0 days 15:59:31.299232,223233,53.96,53.91,396,100,-2604,5496
934,EIX,2020-10-06,0 days 15:59:38.299551,222737,53.97,53.91,200,100,4885,-2604
935,EIX,2020-10-06,0 days 15:59:39.300013,216933,53.99,53.92,1000,100,-8904,4885
936,EMR,2020-10-06,0 days 15:59:23.099159,266542,67.49,67.43,249,500,-7544,1205
937,ENB,2020-10-06,0 days 15:59:17.037865,74457,28.97,28.96,5500,3302,185,-2798
938,ENB,2020-10-06,0 days 15:59:28.038113,71793,28.98,28.97,5459,800,-1864,1536
939,ENB,2020-10-06,0 days 15:59:46.039580,73657,28.97,28.96,7918,2100,176,-324
940,ENLC,2020-10-06,0 days 15:59:36.250348,22220,2.42,2.41,12290,12539,131,-269
941,ENLC,2020-10-06,0 days 15:59:37.252847,22151,2.42,2.41,16390,9039,-69,131
942,EOG,2020-10-06,0 days 15:58:17.037266,256513,35.94,35.92,1000,100,-10493,3007
943,EOG,2020-10-06,0 days 15:59:15.037795,292054,36.05,36.04,700,131,32247,-1260
944,EOG,2020-10-06,0 days 15:59:16.037506,289876,36.05,36.03,100,240,-2178,32247
945,EOG,2020-10-06,0 days 15:59:20.037600,297117,36.05,36.03,300,200,5170,-630
946,EOG,2020-10-06,0 days 15:59:21.037683,294087,36.03,36.0,200,300,-2632,5170
947,EOG,2020-10-06,0 days 15:59:25.041141,291919,36.03,35.99,640,100,2168,-4332
948,EOG,2020-10-06,0 days 15:59:26.037629,289287,36.03,35.99,1280,100,-2532,2168
949,EOG,2020-10-06,0 days 15:59:47.038524,292464,35.93,35.92,119,292,-1743,9357
950,EPD,2020-10-06,0 days 15:58:48.249389,42968,16.38,16.37,4678,7613,1546,-2518
951,EPD,2020-10-06,0 days 15:58:49.248611,40814,16.38,16.37,4000,3392,-1754,1546
952,EPD,2020-10-06,0 days 15:59:13.251041,47881,16.4,16.39,1099,11201,1238,-1347
953,EPD,2020-10-06,0 days 15:59:14.250497,46119,16.41,16.4,3100,7201,-1562,1238
954,EPR,2020-10-06,0 days 15:50:43.236315,46823,24.36,24.33,200,100,5111,-7533
955,EPR,2020-10-06,0 days 15:52:46.238136,52134,24.31,24.28,103,402,-5933,6611
956,EPR,2020-10-06,0 days 15:53:41.238492,51934,24.36,24.31,100,1248,-7533,5211
957,EPR,2020-10-06,0 days 15:57:31.246272,59113,24.45,24.38,100,1100,13345,-4466
958,EQH,2020-10-06,0 days 15:55:28.244254,136191,19.4,19.39,1132,2283,4594,-206
959,EQH,2020-10-06,0 days 15:55:35.244649,160185,19.39,19.38,2500,1084,-2006,4594
960,EQH,2020-10-06,0 days 15:55:48.246185,152964,19.4,19.39,1026,2001,-9227,6173
961,EQNR,2020-10-06,0 days 15:57:19.241142,42255,14.3,14.29,29672,4900,486,-550
962,EQNR,2020-10-06,0 days 15:57:20.241515,40341,14.3,14.29,30523,4900,-1514,486
963,EQNR,2020-10-06,0 days 15:59:01.246779,42655,14.3,14.29,23945,18988,10110,-13790
964,EQNR,2020-10-06,0 days 15:59:02.245842,41265,14.3,14.29,23845,18488,-990,10110
965,EQNR,2020-10-06,0 days 15:59:36.247643,42856,14.3,14.29,12999,42198,7323,-8877
966,EQNR,2020-10-06,0 days 15:59:37.248860,42279,14.3,14.29,14999,41698,-577,7323
967,EQR,2020-10-06,0 days 15:55:00.087391,346521,55.13,55.06,1500,425,-637,47077
968,EQR,2020-10-06,0 days 15:55:01.087258,342758,55.11,55.07,100,325,3763,-637
969,EQR,2020-10-06,0 days 15:55:05.086840,346521,55.13,55.09,367,342,-3437,3563
970,EQR,2020-10-06,0 days 15:55:06.086480,342758,55.13,55.09,367,342,3763,-3437
971,EQR,2020-10-06,0 days 15:58:25.093350,352851,55.17,55.14,200,207,-43,3157
972,EQR,2020-10-06,0 days 15:58:30.093970,346994,55.17,55.15,845,300,5857,-43
973,EQR,2020-10-06,0 days 15:59:01.098203,347051,55.24,55.21,500,200,-315,57
974,EQR,2020-10-06,0 days 15:59:03.094942,347366,55.22,55.19,200,100,728,-315
975,EQR,2020-10-06,0 days 15:59:24.098659,354520,55.24,55.2,500,100,-4779,791
976,EQR,2020-10-06,0 days 15:59:25.099907,353299,55.21,55.19,100,100,1221,-4779
977,EQR,2020-10-06,0 days 15:59:46.097575,354920,55.21,55.2,110,100,-4306,1094
978,EQR,2020-10-06,0 days 15:59:47.096413,354026,55.23,55.2,400,200,694,-4306
979,EQT,2020-10-06,0 days 15:59:04.251816,332101,13.51,13.5,2288,3196,1580,-5953
980,EQT,2020-10-06,0 days 15:59:41.251478,320984,13.5,13.49,643,2157,-3653,8047
981,EQT,2020-10-06,0 days 15:59:44.251228,324681,13.49,13.48,2972,2400,44,-3697
982,EQT,2020-10-06,0 days 15:59:47.252659,316044,13.48,13.47,1005,3300,-2842,11958
983,ET,2020-10-06,0 days 15:55:00.245118,55700,5.39,5.38,41606,34331,-28418,30401
984,ET,2020-10-06,0 days 15:57:19.245404,117553,5.39,5.38,38787,36680,2703,-7953
985,ET,2020-10-06,0 days 15:57:20.246015,113186,5.39,5.38,37992,36680,-4367,2703
986,ET,2020-10-06,0 days 15:57:46.245760,117653,5.4,5.39,25219,36210,3447,-36523
987,ET,2020-10-06,0 days 15:57:47.246288,100930,5.4,5.39,27219,37160,-16623,3447
988,ET,2020-10-06,0 days 15:59:18.250634,135971,5.4,5.39,47085,29961,3653,-2441
989,ET,2020-10-06,0 days 15:59:19.249604,134024,5.4,5.39,45685,29961,-1947,3653
990,ETRN,2020-10-06,0 days 15:57:03.245950,229135,8.27,8.26,2600,6924,-9464,2879
991,ETRN,2020-10-06,0 days 15:57:04.246260,226413,8.27,8.26,3200,6924,8333,-9464
992,ETRN,2020-10-06,0 days 15:59:33.250055,231571,8.28,8.27,3289,4816,6610,-990
993,EXPR,2020-10-06,0 days 15:59:28.038098,17564,0.67,0.66,200,10310,3212,-47491
994,FBP,2020-10-06,0 days 15:59:48.300818,282326,6.03,6.02,9254,5253,-4456,2244
995,FDX,2020-10-06,0 days 15:59:08.300280,132465,259.84,259.69,100,100,774,-5148
996,FDX,2020-10-06,0 days 15:59:09.299905,130796,259.84,259.67,100,300,-3107,774
997,FDX,2020-10-06,0 days 15:59:25.302143,131559,259.74,259.57,100,100,581,-346
998,FDX,2020-10-06,0 days 15:59:31.299214,128440,259.72,259.49,926,300,-1119,2581
999,FDX,2020-10-06,0 days 15:59:38.299551,129559,259.46,259.38,300,100,1270,-1119
1000,FDX,2020-10-06,0 days 15:59:39.300013,126440,259.53,259.38,100,300,-3119,1270
1001,FDX,2020-10-06,0 days 15:59:42.299814,129629,259.52,259.38,400,100,1600,-789
1002,FDX,2020-10-06,0 days 15:59:43.299744,128929,259.5,259.35,400,200,-700,1600
1003,FDX,2020-10-06,0 days 15:59:44.299916,129629,259.53,259.35,100,200,200,-700
1004,FDX,2020-10-06,0 days 15:59:48.300698,129129,259.44,259.3,200,300,-500,200
1005,FE,2020-10-06,0 days 15:59:42.236987,366456,30.49,30.48,1754,300,263,-37
1006,FE,2020-10-06,0 days 15:59:47.237529,354372,30.49,30.47,2389,2438,-12740,10744
1007,FEAC,2020-10-06,0 days 15:59:17.244869,5275,12.05,11.98,1700,200,-2115,270
1008,FHN,2020-10-06,0 days 15:55:41.088136,391296,10.34,10.33,16919,13615,23871,-6894
1009,FHN,2020-10-06,0 days 15:55:42.087976,388167,10.34,10.33,17119,14215,-3129,23871
1010,FHN,2020-10-06,0 days 15:57:19.089535,403642,10.36,10.35,23577,5358,2073,-3427
1011,FHN,2020-10-06,0 days 15:57:20.089602,402595,10.36,10.35,22540,6058,-1047,2073
1012,FHN,2020-10-06,0 days 15:58:01.095642,406502,10.37,10.36,28767,19014,1312,-807
1013,FHN,2020-10-06,0 days 15:58:02.094387,404914,10.37,10.36,30761,11500,-1588,1312
1014,FHN,2020-10-06,0 days 15:59:41.099137,420662,10.37,10.36,13741,25221,-337,1463
1015,FIS,2020-10-06,0 days 15:59:15.037727,237927,144.59,144.53,100,300,9978,-20467
1016,FIS,2020-10-06,0 days 15:59:16.037387,198005,144.62,144.54,300,696,-39922,9978
1017,FIS,2020-10-06,0 days 15:59:37.039112,246753,144.48,144.41,1000,133,375,-1125
1018,FIS,2020-10-06,0 days 15:59:39.039571,244793,144.47,144.42,600,427,-1960,375
1019,FIT,2020-10-06,0 days 15:58:01.251412,111470,6.86,6.85,33346,36648,1463,-474
1020,FIT,2020-10-06,0 days 15:58:02.249722,107233,6.86,6.85,36846,36539,-4237,1463
1021,FL,2020-10-06,0 days 15:59:50.045776,95245,36.54,36.5,200,415,1434,-91
1022,FL,2020-10-06,0 days 15:59:55.044004,95279,36.54,36.5,100,100,-91,1132
1023,FL,2020-10-06,0 days 15:59:59.040551,95179,36.62,36.5,800,100,-191,1332
1024,FLR,2020-10-06,0 days 15:55:48.250547,198323,9.5,9.49,1177,1791,19594,-6006
1025,FLR,2020-10-06,0 days 15:55:49.249759,194817,9.5,9.49,500,2670,-3506,19594
1026,FLR,2020-10-06,0 days 15:59:41.251227,225792,9.52,9.51,4600,1743,1822,-1626
1027,FNB,2020-10-06,0 days 15:55:47.250016,265496,7.24,7.23,15066,20778,54163,-4411
1028,FNB,2020-10-06,0 days 15:58:04.247313,285646,7.26,7.25,32797,12011,5029,-13014
1029,FNB,2020-10-06,0 days 15:59:15.250110,305225,7.27,7.26,13734,20741,667,-1139
1030,FNB,2020-10-06,0 days 15:59:44.251855,319149,7.26,7.25,6850,35722,6043,-8277
1031,FNB,2020-10-06,0 days 15:59:45.252802,317392,7.26,7.25,6900,29805,-1977,6043
1032,FSLY,2020-10-06,0 days 15:55:16.298539,94896,100.98,100.78,600,1818,-5837,8263
1033,FSLY,2020-10-06,0 days 15:55:17.298093,93773,100.8,100.53,200,100,1123,-5837
1034,FSLY,2020-10-06,0 days 15:58:06.297543,100297,100.63,100.4,200,100,-2469,1217
1035,FSLY,2020-10-06,0 days 15:58:07.297152,98866,100.59,100.4,100,100,831,-2469
1036,FSLY,2020-10-06,0 days 15:58:08.296553,99697,100.81,100.53,500,100,-569,831
1037,FSLY,2020-10-06,0 days 15:58:09.296556,98466,100.77,100.53,500,100,1231,-569
1038,FSLY,2020-10-06,0 days 15:58:12.297111,99697,100.66,100.54,100,200,-245,1231
1039,FSLY,2020-10-06,0 days 15:58:14.296792,98742,100.65,100.54,366,200,1089,-245
1040,FSLY,2020-10-06,0 days 15:58:28.297021,99831,100.65,100.3,200,100,-311,1289
1041,FSLY,2020-10-06,0 days 15:58:29.297361,98742,100.57,100.3,100,100,1689,-311
1042,FSLY,2020-10-06,0 days 15:58:40.297677,99831,100.66,100.58,100,100,-1711,1289
1043,FSLY,2020-10-06,0 days 15:58:41.297787,98842,100.66,100.52,260,100,989,-1711
1044,FSLY,2020-10-06,0 days 15:59:00.300611,90633,100.67,100.52,212,100,-9509,1347
1045,FSLY,2020-10-06,0 days 15:59:02.298993,89042,100.67,100.53,100,100,199,-2609
1046,FSLY,2020-10-06,0 days 15:59:13.299992,89742,100.81,100.64,200,625,1764,-1136
1047,FSLY,2020-10-06,0 days 15:59:15.299220,90011,100.77,100.66,300,525,-3618,369
1048,FSLY,2020-10-06,0 days 15:59:39.299986,97467,100.68,100.53,400,144,-4203,554
1049,FSLY,2020-10-06,0 days 15:59:40.300033,97170,100.64,100.52,264,144,297,-4203
1050,FSLY,2020-10-06,0 days 15:59:46.300788,97467,100.6,100.33,400,1100,-2603,397
1051,FSLY,2020-10-06,0 days 15:59:47.300721,95770,100.6,100.35,400,1500,3297,-2603
1052,FSM,2020-10-06,0 days 15:59:36.099299,26043,6.17,6.16,67088,4817,-755,1345
1053,FTCH,2020-10-06,0 days 15:55:47.250016,43835,26.48,26.47,138,1122,7651,-1949
1054,FTCH,2020-10-06,0 days 15:57:50.247893,53049,26.51,26.49,957,200,3172,-835
1055,FTI,2020-10-06,0 days 15:58:48.250629,227489,6.54,6.53,4965,33831,3474,-76
1056,FTI,2020-10-06,0 days 15:58:49.250100,221563,6.54,6.53,4664,34731,-5926,3474
1057,FTV,2020-10-06,0 days 15:58:28.250133,128783,78.81,78.76,300,37025,-4473,761
1058,FTV,2020-10-06,0 days 15:58:29.250480,126156,78.81,78.76,400,37125,2627,-4473
1059,FTV,2020-10-06,0 days 15:58:30.251701,128783,78.81,78.76,300,36925,-273,2627
1060,FTV,2020-10-06,0 days 15:58:31.250538,126356,78.8,78.76,640,37025,7661,-273
1061,FTV,2020-10-06,0 days 15:58:34.250736,128783,78.83,78.8,100,200,-2473,2861
1062,FTV,2020-10-06,0 days 15:58:35.250754,126556,78.83,78.8,100,200,2227,-2473
1063,FTV,2020-10-06,0 days 15:59:18.250108,132332,78.93,78.9,100,43836,-4705,1795
1064,FTV,2020-10-06,0 days 15:59:39.250659,134732,78.85,78.78,491,200,-2550,517
1065,FTV,2020-10-06,0 days 15:59:40.252295,134482,78.85,78.78,491,200,250,-2550
1066,FTV,2020-10-06,0 days 15:59:41.251444,134732,78.85,78.78,100,200,-1750,250
1067,GEO,2020-10-06,0 days 15:59:26.235867,133156,11.22,11.21,500,1300,4799,-1401
1068,GEO,2020-10-06,0 days 15:59:27.236098,132155,11.22,11.21,400,2101,-1001,4799
1069,GGB,2020-10-06,0 days 15:59:36.300647,31593,3.84,3.83,181577,261146,-7957,9743
1070,GGB,2020-10-06,0 days 15:59:37.301942,31250,3.84,3.83,181477,267000,343,-7957
1071,GIS,2020-10-06,0 days 15:57:49.243038,262753,61.38,61.36,400,1102,413,-2887
1072,GIS,2020-10-06,0 days 15:57:50.243486,259866,61.38,61.36,604,1307,-2887,413
1073,GIS,2020-10-06,0 days 15:59:04.246052,271824,61.3,61.28,500,901,-3818,2389
1074,GIS,2020-10-06,0 days 15:59:08.246768,282452,61.35,61.34,400,177,2344,-4738
1075,GLW,2020-10-06,0 days 15:55:01.227285,285939,33.69,33.68,2500,2563,4230,-1870
1076,GLW,2020-10-06,0 days 15:56:37.230159,301994,33.68,33.67,1701,3200,-16052,2948
1077,GLW,2020-10-06,0 days 15:56:38.229574,297965,33.67,33.66,1147,2600,4029,-16052
1078,GLW,2020-10-06,0 days 15:56:45.230771,301994,33.68,33.67,805,3065,-2907,3793
1079,GLW,2020-10-06,0 days 15:56:46.230036,299501,33.69,33.68,2447,2800,2493,-2907
1080,GLW,2020-10-06,0 days 15:57:11.230511,307806,33.67,33.66,2354,3200,-495,3505
1081,GLW,2020-10-06,0 days 15:57:12.229916,304801,33.67,33.66,2554,1600,3005,-495
1082,GLW,2020-10-06,0 days 15:57:26.230793,305706,33.69,33.68,1450,3274,-1700,400
1083,GLW,2020-10-06,0 days 15:57:27.230447,303106,33.69,33.68,1650,3374,2600,-1700
1084,GLW,2020-10-06,0 days 15:57:46.231757,305706,33.7,33.69,500,3502,-4400,4400
1085,GLW,2020-10-06,0 days 15:57:47.232027,304906,33.7,33.69,900,3002,800,-4400
1086,GLW,2020-10-06,0 days 15:58:38.234351,313753,33.69,33.68,2202,3799,-1247,353
1087,GLW,2020-10-06,0 days 15:59:07.238625,323310,33.69,33.68,2000,1823,-3656,1144
1088,GLW,2020-10-06,0 days 15:59:08.235677,322581,33.69,33.68,3131,2100,729,-3656
1089,GLW,2020-10-06,0 days 15:59:16.236058,323374,33.69,33.68,1030,4794,-25,453
1090,GLW,2020-10-06,0 days 15:59:21.235714,324599,33.69,33.68,3630,2131,598,-25
1091,GLW,2020-10-06,0 days 15:59:39.236263,327297,33.65,33.64,1000,4800,-4411,1498
1092,GLW,2020-10-06,0 days 15:59:40.237478,326908,33.65,33.64,1129,5700,389,-4411
1093,GM,2020-10-06,0 days 15:55:02.086872,479254,30.43,30.42,4600,936,21649,-32951
1094,GM,2020-10-06,0 days 15:55:03.086946,476103,30.44,30.43,5300,2429,-3151,21649
1095,GM,2020-10-06,0 days 15:58:01.095563,554331,30.45,30.44,5061,4400,627,-9875
1096,GM,2020-10-06,0 days 15:58:21.093505,560423,30.42,30.41,7500,100,435,-12465
1097,GM,2020-10-06,0 days 15:58:24.093417,549658,30.42,30.41,1600,7203,-10765,435
1098,GM,2020-10-06,0 days 15:58:45.095573,555858,30.44,30.43,4600,3900,-4565,1835
1099,GM,2020-10-06,0 days 15:59:03.094804,549637,30.43,30.42,5783,2400,-1846,12142
1100,GM,2020-10-06,0 days 15:59:15.097963,574192,30.45,30.44,3194,6500,24349,-2385
1101,GM,2020-10-06,0 days 15:59:16.098139,569941,30.45,30.44,2194,6980,-4251,24349
1102,GM,2020-10-06,0 days 15:59:21.098209,580621,30.46,30.45,695,11600,-9056,5963
1103,GM,2020-10-06,0 days 15:59:39.099750,579721,30.44,30.43,10000,300,-2449,651
1104,GM,2020-10-06,0 days 15:59:40.100624,579251,30.43,30.42,2500,7400,1520,-2449
1105,GM,2020-10-06,0 days 15:59:45.097838,582186,30.44,30.43,8247,1600,-3265,4535
1106,GM,2020-10-06,0 days 15:59:46.097410,581651,30.44,30.43,7125,3300,1015,-3265
1107,GME,2020-10-06,0 days 15:55:49.246536,179202,9.15,9.14,2350,4363,5955,-2145
1108,GME,2020-10-06,0 days 15:55:50.245205,177157,9.15,9.14,2350,4563,-2045,5955
1109,GME,2020-10-06,0 days 15:59:44.251090,205441,9.16,9.14,8500,1920,2662,-2238
1110,GME,2020-10-06,0 days 15:59:45.252642,203403,9.16,9.14,7887,1920,-2038,2662
1111,GME,2020-10-06,0 days 15:59:50.253096,184903,9.15,9.14,1000,5900,-20138,62
1112,GNW,2020-10-06,0 days 15:55:00.243518,278914,3.43,3.42,2100,35398,334,-13760
1113,GNW,2020-10-06,0 days 15:55:45.244642,313348,3.43,3.42,25426,11700,-2127,5973
1114,GNW,2020-10-06,0 days 15:55:46.245071,310875,3.43,3.42,23426,11301,2473,-2127
1115,GOLD,2020-10-06,0 days 15:55:00.243659,330308,27.1,27.09,12500,16688,-80910,109241
1116,GOLD,2020-10-06,0 days 15:55:01.243837,320318,27.1,27.09,9900,17118,9990,-80910
1117,GOLD,2020-10-06,0 days 15:59:44.251228,343879,27.08,27.07,24856,2900,745,-10455
1118,GOLD,2020-10-06,0 days 15:59:46.251442,347924,27.08,27.07,24521,5002,-1495,745
1119,GOLD,2020-10-06,0 days 15:59:50.253650,310049,27.07,27.06,5568,10201,34575,-1422
1120,GPS,2020-10-06,0 days 15:55:00.242351,247554,18.67,18.66,1200,5591,5057,-60177
1121,GPS,2020-10-06,0 days 15:55:40.243892,254675,18.65,18.64,7259,1485,-1277,423
1122,GPS,2020-10-06,0 days 15:55:46.243867,255952,18.66,18.65,4444,2800,623,-1277
1123,GPS,2020-10-06,0 days 15:55:52.244375,257280,18.67,18.66,4600,4466,-23743,1328
1124,GPS,2020-10-06,0 days 15:56:06.244669,281288,18.66,18.65,2761,5400,2992,-22708
1125,GPS,2020-10-06,0 days 15:56:19.245015,284380,18.64,18.63,8287,1200,-1208,692
1126,GPS,2020-10-06,0 days 15:59:07.253585,319789,18.63,18.62,800,9310,435,-10423
1127,GPS,2020-10-06,0 days 15:59:11.251952,320974,18.65,18.64,3400,5341,-15,485
1128,GPS,2020-10-06,0 days 15:59:12.252166,320989,18.65,18.64,4900,5241,371,-15
1129,GS,2020-10-06,0 days 15:55:42.087490,253231,201.52,201.34,200,400,853,-3083
1130,GS,2020-10-06,0 days 15:55:43.088912,250284,201.53,201.33,100,400,-2947,853
1131,GS,2020-10-06,0 days 15:56:10.089493,257733,201.42,201.3,100,700,328,-8259
1132,GS,2020-10-06,0 days 15:56:11.089253,254561,201.41,201.3,100,384,-2972,328
1133,GS,2020-10-06,0 days 15:57:51.090551,265084,201.61,201.48,219,611,848,-4139
1134,GS,2020-10-06,0 days 15:57:52.091453,256950,201.67,201.54,100,100,-8739,848
1135,GS,2020-10-06,0 days 15:58:24.092985,263607,201.38,201.3,700,100,334,-1517
1136,GS,2020-10-06,0 days 15:58:25.092818,260541,201.38,201.3,800,100,-3066,334
1137,GS,2020-10-06,0 days 15:59:04.095616,259513,201.39,201.27,185,200,3809,-1509
1138,GS,2020-10-06,0 days 15:59:05.094745,257622,201.43,201.27,1000,300,-1891,3809
1139,GS,2020-10-06,0 days 15:59:18.098350,261321,201.4,201.3,524,300,862,-2147
1140,GS,2020-10-06,0 days 15:59:19.098352,257432,201.48,201.36,200,100,-3889,862
1141,GS,2020-10-06,0 days 15:59:24.098474,261321,201.36,201.31,100,100,2406,-2245
1142,GS,2020-10-06,0 days 15:59:25.099633,259668,201.36,201.27,300,100,-1653,2406
1143,GS,2020-10-06,0 days 15:59:29.097509,261321,201.4,201.27,600,100,1093,-4294
1144,GS,2020-10-06,0 days 15:59:30.102121,259714,201.35,201.27,237,100,-1607,1093
1145,GS,2020-10-06,0 days 15:59:32.097773,261321,201.31,201.16,200,100,2595,-105
1146,GS,2020-10-06,0 days 15:59:33.098741,259967,201.22,201.16,100,200,-1354,2595
1147,GS,2020-10-06,0 days 15:59:39.099681,261321,201.17,201.01,650,200,5328,-1303
1148,GS,2020-10-06,0 days 15:59:40.100542,261049,201.16,201.01,200,100,-272,5328
1149,GS,2020-10-06,0 days 15:59:50.100541,257261,201.16,201.02,100,1008,-4060,6828
1150,GSK,2020-10-06,0 days 15:55:09.242156,50916,36.82,36.81,2631,6988,1256,-144
1151,GSK,2020-10-06,0 days 15:57:26.246766,52101,36.85,36.84,5830,5233,276,-24
1152,GSK,2020-10-06,0 days 15:57:57.247748,50701,36.86,36.85,4990,5125,576,-424
1153,GSK,2020-10-06,0 days 15:58:04.249054,51277,36.86,36.85,6180,3179,-24,76
1154,GSK,2020-10-06,0 days 15:58:08.249294,46774,36.86,36.85,3890,6559,4503,-124
1155,GSK,2020-10-06,0 days 15:58:12.249507,51835,36.86,36.85,4490,5685,-1913,1461
1156,GSK,2020-10-06,0 days 15:58:13.249939,51148,36.86,36.85,4190,4859,687,-1913
1157,GSK,2020-10-06,0 days 15:59:05.251618,51592,36.86,36.85,4106,4153,241,-57
1158,HAL,2020-10-06,0 days 15:55:49.239479,433585,11.85,11.84,8361,25537,862,-8413
1159,HAL,2020-10-06,0 days 15:58:25.244627,478978,11.84,11.83,5243,28200,7042,-9245
1160,HAL,2020-10-06,0 days 15:58:26.244430,468620,11.84,11.83,6543,28189,-10358,7042
1161,HAL,2020-10-06,0 days 15:59:01.246540,423364,11.85,11.84,16187,27056,33309,-7429
1162,HAL,2020-10-06,0 days 15:59:15.247302,418697,11.86,11.85,5862,39402,17422,-2639
1163,HAL,2020-10-06,0 days 15:59:16.247058,417119,11.87,11.86,11400,26702,-14678,17422
1164,HAL,2020-10-06,0 days 15:59:19.246641,431797,11.87,11.86,21400,8800,4729,-2478
1165,HAL,2020-10-06,0 days 15:59:20.246514,429826,11.87,11.86,20900,10740,-1971,4729
1166,HAL,2020-10-06,0 days 15:59:40.248189,450348,11.87,11.86,30200,30066,-685,27415
1167,HBI,2020-10-06,0 days 15:55:28.088970,289682,16.66,16.65,257,8148,18221,-15379
1168,HBI,2020-10-06,0 days 15:55:29.088463,278903,16.67,16.66,3113,2200,-10779,18221
1169,HD,2020-10-06,0 days 15:50:17.236326,234801,276.35,276.18,226,100,357,-343
1170,HD,2020-10-06,0 days 15:51:25.237620,234801,276.33,276.15,100,100,393,-371
1171,HD,2020-10-06,0 days 15:51:48.237912,234458,276.38,276.27,100,504,-343,393
1172,HD,2020-10-06,0 days 15:52:08.237879,234458,276.55,276.38,100,229,-343,393
1173,HD,2020-10-06,0 days 15:52:34.238022,234801,276.39,276.29,200,101,393,-371
1174,HD,2020-10-06,0 days 15:55:08.242493,282486,276.75,276.5,100,1011,-310,513
1175,HD,2020-10-06,0 days 15:55:09.242090,282196,276.75,276.5,100,1239,290,-310
1176,HD,2020-10-06,0 days 15:55:10.242228,282042,276.8,276.51,550,300,-154,290
1177,HD,2020-10-06,0 days 15:55:48.246185,292923,276.86,276.67,100,320,-546,342
1178,HD,2020-10-06,0 days 15:55:49.246626,291969,276.8,276.67,194,320,193,-546
1179,HD,2020-10-06,0 days 15:56:17.246956,305976,276.82,276.69,210,183,-1629,310
1180,HD,2020-10-06,0 days 15:56:18.245748,304405,276.82,276.69,200,183,810,-1629
1181,HD,2020-10-06,0 days 15:56:30.246485,303579,276.87,276.73,100,100,-1028,672
1182,HD,2020-10-06,0 days 15:56:31.246297,302407,276.92,276.71,800,200,1272,-1028
1183,HD,2020-10-06,0 days 15:57:34.247958,311157,277.24,277.05,500,100,-3123,110
1184,HD,2020-10-06,0 days 15:57:35.247669,309680,277.25,277.05,100,100,1477,-3123
1185,HD,2020-10-06,0 days 15:57:36.247145,311157,277.24,277.04,438,104,-1523,1477
1186,HD,2020-10-06,0 days 15:57:37.247252,309980,277.24,277.04,238,104,1177,-1523
1187,HD,2020-10-06,0 days 15:57:39.247509,311157,277.22,277.09,100,100,-923,77
1188,HD,2020-10-06,0 days 15:57:41.252275,308980,277.22,277.09,344,100,2177,-123
1189,HD,2020-10-06,0 days 15:57:44.248878,311157,277.3,277.1,100,148,-4323,4021
1190,HD,2020-10-06,0 days 15:57:45.247781,311080,277.3,277.06,100,200,77,-4323
1191,HD,2020-10-06,0 days 15:57:47.247402,311157,277.29,277.06,200,105,-423,77
1192,HD,2020-10-06,0 days 15:57:48.247339,310580,277.22,277.06,100,430,577,-423
1193,HD,2020-10-06,0 days 15:57:54.248493,310777,277.29,277.12,200,100,-88,292
1194,HD,2020-10-06,0 days 15:57:55.247969,309165,277.27,277.15,100,400,1992,-88
1195,HD,2020-10-06,0 days 15:57:58.248025,311157,277.29,277.15,100,200,-3508,292
1196,HD,2020-10-06,0 days 15:57:59.248168,310865,277.29,277.15,100,200,292,-3508
1197,HD,2020-10-06,0 days 15:58:00.252068,309457,277.29,277.15,100,300,-1408,292
1198,HD,2020-10-06,0 days 15:58:01.250079,308365,277.22,277.03,120,300,1892,-1408
1199,HD,2020-10-06,0 days 15:58:03.248758,310601,277.2,277.03,400,400,-1800,2799
1200,HD,2020-10-06,0 days 15:58:09.250483,315026,277.13,277.03,500,300,570,-103
1201,HD,2020-10-06,0 days 15:58:10.249423,314496,277.13,276.9,599,688,-530,570
1202,HD,2020-10-06,0 days 15:58:21.250361,315026,276.98,276.94,148,500,215,-2430
1203,HD,2020-10-06,0 days 15:58:22.249163,313941,277.0,276.94,200,600,-2185,215
1204,HD,2020-10-06,0 days 15:58:35.250702,314938,277.13,276.99,220,400,1258,-1377
1205,HD,2020-10-06,0 days 15:58:36.250180,314761,277.13,276.99,390,200,-177,1258
1206,HD,2020-10-06,0 days 15:58:45.251800,314938,277.04,276.84,1903,100,1358,-277
1207,HD,2020-10-06,0 days 15:58:46.250021,314861,277.04,276.86,1503,288,-77,1358
1208,HD,2020-10-06,0 days 15:58:49.250127,314638,276.96,276.84,120,600,1003,-77
1209,HD,2020-10-06,0 days 15:58:57.251429,314841,277.02,276.89,100,500,-627,73
1210,HD,2020-10-06,0 days 15:59:05.251495,325257,276.96,276.77,220,300,-770,430
1211,HD,2020-10-06,0 days 15:59:18.250070,336892,277.13,276.94,200,100,64,-709
1212,HD,2020-10-06,0 days 15:59:21.250426,336576,277.18,277.03,256,200,-316,64
1213,HD,2020-10-06,0 days 15:59:37.252964,338580,276.86,276.75,100,100,258,-858
1214,HD,2020-10-06,0 days 15:59:39.250578,340418,276.98,276.72,200,200,-676,638
1215,HD,2020-10-06,0 days 15:59:41.251360,334211,276.63,276.42,396,200,9595,-231
1216,HD,2020-10-06,0 days 15:59:42.251508,332960,276.8,276.53,456,800,-3034,9595
1217,HD,2020-10-06,0 days 15:59:43.250882,334294,276.67,276.53,300,500,2689,-3034
1218,HD,2020-10-06,0 days 16:00:00.251941,335537,276.68,276.29,100,100,363,-290
1219,HES,2020-10-06,0 days 15:59:38.038181,204712,38.02,37.99,300,420,22121,-13175
1220,HES,2020-10-06,0 days 15:59:40.039798,172868,38.02,37.99,500,305,-31944,7356
1221,HES,2020-10-06,0 days 15:59:41.039430,204712,38.02,37.99,200,200,29206,-31944
1222,HES,2020-10-06,0 days 15:59:42.039453,172948,38.02,37.99,200,200,-31864,29206
1223,HES,2020-10-06,0 days 15:59:45.039339,205448,38.01,37.98,200,300,-315,29336
1224,HES,2020-10-06,0 days 15:59:46.039394,205763,38.01,37.97,300,500,5172,-315
1225,HES,2020-10-06,0 days 15:59:50.045101,202367,37.98,37.94,300,534,-2846,68
1226,HES,2020-10-06,0 days 16:00:00.094609,204124,38.0,37.92,300,100,-1639,551
1227,HFC,2020-10-06,0 days 15:59:50.100910,189371,20.14,20.13,114,600,-14899,1201
1228,HIG,2020-10-06,0 days 15:55:00.300234,253918,38.0,37.99,312,100,-3877,41259
1229,HIG,2020-10-06,0 days 15:58:04.296409,272464,38.0,37.99,275,300,1331,-9769
1230,HIG,2020-10-06,0 days 15:58:05.296563,268427,38.01,38.0,100,415,-4037,1331
1231,HIG,2020-10-06,0 days 15:59:38.299696,295502,37.99,37.97,786,500,-1258,7042
1232,HIG,2020-10-06,0 days 15:59:49.300643,299360,37.97,37.96,1100,100,906,-4404
1233,HIG,2020-10-06,0 days 15:59:50.304567,292846,37.99,37.98,874,797,-6514,906
1234,HIG,2020-10-06,0 days 15:59:52.301482,299360,37.96,37.94,2500,1000,506,-844
1235,HL,2020-10-06,0 days 15:55:00.232780,252117,5.04,5.03,19392,67017,-82221,22343
1236,HLX,2020-10-06,0 days 15:59:02.251247,164879,2.51,2.5,29138,7550,-209,783
1237,HLX,2020-10-06,0 days 15:59:07.254292,165088,2.51,2.5,27938,6979,2138,-209
