,Symbol,Timestamp,TIME,iPaired,Ask_P,Bid_P,Ask_S,Bid_S,iShares,PreviShares
0,AA,2020-02-13,0 days 15:57:08.510038,155213,15.77,15.76,21306,7081,-1807,2093
1,AA,2020-02-13,0 days 15:57:09.512400,153120,15.76,15.75,9026,8000,1545,-1807
2,AA,2020-02-13,0 days 15:57:10.514407,154665,15.76,15.75,11203,8000,-1023,1545
3,AA,2020-02-13,0 days 15:57:11.517131,152888,15.76,15.75,12519,8100,1777,-1023
4,AA,2020-02-13,0 days 15:57:26.550723,167179,15.76,15.75,17530,8177,-7896,2169
5,AA,2020-02-13,0 days 15:57:27.552720,164275,15.76,15.75,17450,6504,517,-7896
6,AA,2020-02-13,0 days 15:59:15.812368,180329,15.76,15.75,10252,16319,-33732,1926
7,ABBV,2020-02-13,0 days 15:55:05.123920,660674,95.66,95.65,922,1130,-224230,45317
8,ABBV,2020-02-13,0 days 15:57:36.488466,821808,95.26,95.25,1000,3422,1904,-5196
9,ABBV,2020-02-13,0 days 15:57:37.490625,817712,95.26,95.25,1200,3522,-4096,1904
10,ABBV,2020-02-13,0 days 15:57:38.492882,821808,95.26,95.25,700,3922,4604,-4096
11,ABBV,2020-02-13,0 days 15:57:39.495338,814112,95.26,95.25,1000,3753,-7696,4604
12,ABBV,2020-02-13,0 days 15:57:40.497994,819808,95.26,95.25,1000,4092,10104,-7696
13,ABBV,2020-02-13,0 days 15:57:41.500835,817512,95.26,95.25,1000,4045,-2296,10104
14,ABBV,2020-02-13,0 days 15:57:42.502979,819808,95.26,95.25,1000,4045,104,-2296
15,ABBV,2020-02-13,0 days 15:57:45.510310,813505,95.3,95.29,1320,703,-7903,2504
16,ABBV,2020-02-13,0 days 15:58:11.575288,810199,95.34,95.33,1300,4,602,-7114
17,ABBV,2020-02-13,0 days 15:58:12.577105,805485,95.33,95.32,200,1735,-4714,602
18,ABBV,2020-02-13,0 days 15:58:19.594055,810199,95.33,95.32,2270,1009,7666,-2634
19,ABBV,2020-02-13,0 days 15:58:20.596382,806765,95.33,95.32,2210,883,-3434,7666
20,ABBV,2020-02-13,0 days 15:58:49.666392,807500,95.33,95.32,1100,2129,581,-2335
21,ABBV,2020-02-13,0 days 15:58:50.669328,805165,95.33,95.32,2010,1338,-2833,581
22,ABBV,2020-02-13,0 days 15:59:08.714241,803993,95.42,95.41,300,300,-5152,6132
23,ABBV,2020-02-13,0 days 15:59:11.721187,809145,95.39,95.37,1500,1113,11748,-489
24,ABBV,2020-02-13,0 days 15:59:25.751238,816925,95.37,95.35,1241,300,-290,193
25,ABBV,2020-02-13,0 days 15:59:29.761280,817115,95.35,95.33,1607,862,1310,-104
26,ABEV,2020-02-13,0 days 15:55:01.022895,329410,3.73,3.72,583218,256618,31366,-260896
27,ABEV,2020-02-13,0 days 15:55:02.022674,306276,3.73,3.72,658318,272618,-23134,31366
28,ABEV,2020-02-13,0 days 15:57:02.312606,329410,3.73,3.72,726153,136925,9458,-23134
29,ABEV,2020-02-13,0 days 15:57:03.314997,108368,3.73,3.72,726153,136920,-221042,9458
30,ABEV,2020-02-13,0 days 15:58:15.489388,340694,3.73,3.72,906270,39657,57799,-222801
31,ABEV,2020-02-13,0 days 15:58:16.491778,324393,3.73,3.72,909370,27957,-16301,57799
32,ABEV,2020-02-13,0 days 15:59:04.608185,389022,3.73,3.72,566699,787047,58216,-19079
33,ABEV,2020-02-13,0 days 15:59:05.611025,375038,3.73,3.72,561299,787047,-13984,58216
34,ABT,2020-02-13,0 days 15:55:01.022772,417275,88.83,88.82,560,603,-82148,83432
35,ABT,2020-02-13,0 days 15:55:43.121874,441079,88.85,88.84,883,2119,1356,-1680
36,ABT,2020-02-13,0 days 15:55:44.123926,440935,88.86,88.85,198,400,-144,1356
37,ABT,2020-02-13,0 days 15:56:02.167508,442564,88.82,88.81,1171,924,71,-281
38,ABT,2020-02-13,0 days 15:56:03.169612,442335,88.82,88.81,2201,388,-129,71
39,ABT,2020-02-13,0 days 15:56:15.198309,441212,88.78,88.77,707,893,123,-129
40,ABT,2020-02-13,0 days 15:56:35.246814,442361,88.74,88.73,606,931,-351,149
41,ABT,2020-02-13,0 days 15:57:15.343435,444167,88.72,88.71,1322,1232,-1358,562
42,ABT,2020-02-13,0 days 15:57:31.381944,444959,88.68,88.67,1200,1618,156,-192
43,ABT,2020-02-13,0 days 15:57:32.383890,444815,88.68,88.67,1001,2042,-144,156
44,ABT,2020-02-13,0 days 15:57:33.386195,447559,88.68,88.67,1001,2048,356,-144
45,ABT,2020-02-13,0 days 15:57:39.401107,461015,88.69,88.68,869,1519,-1744,2517
46,ABT,2020-02-13,0 days 15:57:40.403248,459459,88.69,88.68,1631,1543,1217,-1744
47,ABT,2020-02-13,0 days 15:57:58.447297,462446,88.69,88.68,596,1386,1530,-2331
48,ABT,2020-02-13,0 days 15:58:22.506215,465896,88.69,88.68,1000,700,-2984,1121
49,ABT,2020-02-13,0 days 15:58:23.508919,465180,88.69,88.68,1071,728,716,-2984
50,ABT,2020-02-13,0 days 15:59:20.647323,502499,88.67,88.66,600,1822,-1621,4079
51,ABT,2020-02-13,0 days 15:59:34.681692,502697,88.66,88.65,1940,2269,-1561,2969
52,ADM,2020-02-13,0 days 15:55:00.085947,174543,45.23,45.22,2076,1956,354,-21140
53,ADM,2020-02-13,0 days 15:55:01.088072,174297,45.24,45.23,1187,3512,-246,354
54,ADM,2020-02-13,0 days 15:57:04.385939,196687,45.2,45.19,4344,437,806,-94
55,ADM,2020-02-13,0 days 15:57:05.388117,189093,45.2,45.19,5544,437,-7594,806
56,ADM,2020-02-13,0 days 15:58:04.532224,196872,45.2,45.19,3187,617,372,-36
57,ADM,2020-02-13,0 days 15:58:05.534077,195244,45.2,45.19,2987,2172,-1628,372
58,ADM,2020-02-13,0 days 15:58:43.626620,198203,45.21,45.2,2314,3414,1441,-759
59,ADM,2020-02-13,0 days 15:58:44.629615,196764,45.21,45.2,1315,4814,-1439,1441
60,ADM,2020-02-13,0 days 15:59:01.669824,197054,45.2,45.19,2014,4764,155,-45
61,ADM,2020-02-13,0 days 15:59:04.677486,196121,45.2,45.19,1589,5722,-833,1067
62,ADM,2020-02-13,0 days 15:59:05.683754,197054,45.21,45.2,4123,1691,122,-833
63,ADSW,2020-02-13,0 days 15:59:16.725151,348391,33.03,33.02,12693,22962,89949,-95034
64,ADT,2020-02-13,0 days 15:59:25.658884,122478,6.95,6.94,6770,6212,1371,-26
65,ADT,2020-02-13,0 days 15:59:29.669264,121849,6.95,6.94,5870,6612,-5229,371
66,AEG,2020-02-13,0 days 15:59:36.714578,32655,4.07,4.06,154672,5491,-387,1713
67,AEO,2020-02-13,0 days 15:57:04.386075,333601,14.78,14.77,10742,10643,-14475,4181
68,AEO,2020-02-13,0 days 15:57:05.388708,331076,14.78,14.77,13302,8044,2625,-14475
69,AEO,2020-02-13,0 days 15:58:04.532347,336323,14.78,14.77,12475,9621,-1121,2401
70,AEO,2020-02-13,0 days 15:58:05.534603,334244,14.78,14.77,13075,9021,8679,-1121
71,AEO,2020-02-13,0 days 15:58:10.546688,342923,14.78,14.77,12966,11419,-2821,2679
72,AEO,2020-02-13,0 days 15:58:11.549333,334944,14.78,14.77,13189,11119,7979,-2821
73,AEO,2020-02-13,0 days 15:58:15.558934,342923,14.78,14.77,13889,10216,-2821,2679
74,AEO,2020-02-13,0 days 15:58:16.561188,340244,14.78,14.77,14389,9716,2679,-2821
75,AEO,2020-02-13,0 days 15:58:45.631722,342923,14.78,14.77,12114,14914,-3821,2679
76,AEO,2020-02-13,0 days 15:58:46.633164,340844,14.78,14.77,13217,13258,2079,-3821
77,AEO,2020-02-13,0 days 15:58:59.664372,336323,14.78,14.77,13564,13468,-4679,1921
78,AEO,2020-02-13,0 days 15:59:01.670145,335482,14.78,14.77,14432,13703,841,-459
79,AEO,2020-02-13,0 days 15:59:06.683011,336323,14.78,14.77,10809,15920,-349,141
80,AEO,2020-02-13,0 days 15:59:07.685501,335572,14.78,14.77,14969,15139,751,-349
81,AEO,2020-02-13,0 days 15:59:30.741030,352278,14.78,14.77,24149,10989,-5731,11295
82,AEO,2020-02-13,0 days 15:59:31.743626,350909,14.78,14.77,28908,16080,1369,-5731
83,AEO,2020-02-13,0 days 15:59:38.761811,355846,14.78,14.77,29708,15932,-3872,2037
84,AEO,2020-02-13,0 days 15:59:39.763699,350518,14.78,14.77,30040,15310,5328,-3872
85,AEO,2020-02-13,0 days 15:59:51.791949,355846,14.77,14.76,22759,14516,-3761,8349
86,AES,2020-02-13,0 days 15:56:36.317083,292665,20.84,20.83,15221,23657,120,-1880
87,AES,2020-02-13,0 days 15:56:56.365749,292185,20.84,20.83,16344,17031,-480,7020
88,AES,2020-02-13,0 days 15:57:05.388089,292665,20.84,20.83,27284,5921,106,-26
89,AES,2020-02-13,0 days 15:58:25.582484,301785,20.82,20.81,22606,16450,-2040,1460
90,AES,2020-02-13,0 days 15:58:40.618885,292910,20.82,20.81,9420,31951,8875,-2040
91,AES,2020-02-13,0 days 15:59:32.744399,318180,20.83,20.82,35456,6192,1255,-31845
92,AES,2020-02-13,0 days 15:59:34.749128,319435,20.83,20.82,34910,6794,-7545,1255
93,AES,2020-02-13,0 days 15:59:35.752278,318487,20.83,20.82,37190,5674,948,-7545
94,AES,2020-02-13,0 days 15:59:44.773792,319615,20.83,20.82,32993,24303,-32743,257
95,AFL,2020-02-13,0 days 15:59:41.726245,419783,52.46,52.45,677,4211,-3926,8285
96,AG,2020-02-13,0 days 15:57:11.402486,67861,9.62,9.61,10078,40719,-875,1128
97,AG,2020-02-13,0 days 15:57:12.405130,63936,9.62,9.61,13340,40519,3925,-875
98,AG,2020-02-13,0 days 15:58:40.618987,63928,9.62,9.61,32665,25551,-8,3925
99,AG,2020-02-13,0 days 15:59:01.669802,61236,9.62,9.61,33032,19641,2692,-1508
100,AG,2020-02-13,0 days 15:59:39.761677,66205,9.62,9.61,1554,57972,-1735,1439
101,AGN,2020-02-13,0 days 15:57:27.472900,304032,199.28,199.2,900,400,10247,-12453
102,AGN,2020-02-13,0 days 15:57:28.475685,300679,199.26,199.21,400,132,-3353,10247
103,AGN,2020-02-13,0 days 15:57:36.495193,304032,199.21,199.18,700,15,1147,-1553
104,AGN,2020-02-13,0 days 15:57:37.497177,301979,199.2,199.17,400,20,-2053,1147
105,AGN,2020-02-13,0 days 15:59:03.707529,306425,199.25,199.22,400,12,1735,-422
106,AGN,2020-02-13,0 days 15:59:04.710159,301060,199.25,199.2,402,108,-5365,1735
107,AGN,2020-02-13,0 days 15:59:07.718582,306425,199.42,199.27,650,1268,1804,-4665
108,AGN,2020-02-13,0 days 15:59:25.761038,307160,199.32,199.28,40,45,-1492,1208
109,AGN,2020-02-13,0 days 15:59:26.763080,308652,199.32,199.27,340,225,2508,-1492
110,AGN,2020-02-13,0 days 15:59:27.766411,306160,199.32,199.27,340,70,-2492,2508
111,AGN,2020-02-13,0 days 15:59:29.771356,308652,199.32,199.25,733,209,8379,-121
112,AGN,2020-02-13,0 days 15:59:33.780577,306731,199.27,199.24,825,400,-1921,1079
113,AIG,2020-02-13,0 days 15:56:56.365888,1261738,50.97,50.96,1371,915,-6307,10526
114,AIG,2020-02-13,0 days 15:56:57.368195,1251576,50.97,50.96,2271,2715,10162,-6307
115,AIG,2020-02-13,0 days 15:58:02.526566,1298374,50.99,50.98,900,10105,-5546,9554
116,AIG,2020-02-13,0 days 15:58:03.529367,1280720,50.99,50.98,700,10267,16354,-5546
117,AIG,2020-02-13,0 days 15:58:43.626649,1303852,51.02,51.0,500,540,-11877,5353
118,AIG,2020-02-13,0 days 15:58:44.629615,1293039,51.02,51.01,20,885,10513,-11877
119,AIG,2020-02-13,0 days 15:59:04.677546,1302813,50.99,50.98,200,900,-68050,6644
120,AIG,2020-02-13,0 days 15:59:05.683829,1300322,51.0,50.99,900,585,2522,-68050
121,AKS,2020-02-13,0 days 15:59:08.799472,64215,3.05,3.04,436283,61641,-8774,23574
122,AKS,2020-02-13,0 days 15:59:24.832732,75289,3.05,3.04,432487,21252,4396,-8848
123,AKS,2020-02-13,0 days 15:59:27.839864,79685,3.05,3.04,429697,20954,-4604,4396
124,ALEX,2020-02-13,0 days 15:56:58.403063,49527,22.83,22.82,1092,2184,-120,761
125,ALEX,2020-02-13,0 days 15:56:59.405226,47747,22.83,22.82,1092,2284,1780,-120
126,ALEX,2020-02-13,0 days 15:59:09.722852,56348,22.83,22.81,1635,1519,-51,1840
127,ALEX,2020-02-13,0 days 15:59:15.737080,52827,22.83,22.81,1106,2881,3521,-851
128,ALEX,2020-02-13,0 days 15:59:31.775899,59239,22.84,22.83,100,1221,9,-591
129,ALEX,2020-02-13,0 days 15:59:39.795226,60148,22.81,22.79,900,1357,-230,2059
130,ALEX,2020-02-13,0 days 15:59:50.822371,59314,22.82,22.79,2615,2187,1360,-1040
131,ALLY,2020-02-13,0 days 15:55:00.086995,177213,33.08,33.07,5041,4635,22498,-25249
132,ALLY,2020-02-13,0 days 15:56:18.274172,200913,33.08,33.07,5007,5219,-1177,1823
133,ALLY,2020-02-13,0 days 15:56:57.368878,187635,33.09,33.08,3396,6543,2050,-1050
134,ALLY,2020-02-13,0 days 15:57:08.395667,200195,33.09,33.08,3206,6944,-3861,1539
135,ALLY,2020-02-13,0 days 15:57:39.470767,204068,33.1,33.09,4918,8941,327,-1273
136,ALLY,2020-02-13,0 days 15:57:40.473127,202795,33.1,33.09,4063,9747,-1273,327
137,ALLY,2020-02-13,0 days 15:57:56.512051,190468,33.1,33.09,3915,10948,627,-1373
138,ALLY,2020-02-13,0 days 15:58:05.534632,203595,33.11,33.1,9847,3973,-1373,627
139,ALLY,2020-02-13,0 days 15:58:14.556091,204968,33.11,33.1,15175,2009,2427,-1373
140,ALLY,2020-02-13,0 days 15:58:15.558962,203595,33.1,33.09,3564,8757,-1373,2427
141,ALLY,2020-02-13,0 days 15:59:24.726505,226028,33.07,33.06,10444,4940,-337,40
142,ALLY,2020-02-13,0 days 15:59:33.749184,230096,33.07,33.06,14897,10910,2055,-345
143,ALLY,2020-02-13,0 days 15:59:45.777829,231184,33.07,33.06,17162,1968,153,-9398
144,ALLY,2020-02-13,0 days 15:59:49.787156,229626,33.07,33.06,11477,5237,-1558,744
145,AMCR,2020-02-13,0 days 15:59:15.662667,701250,10.15,10.14,12299,28494,-135850,114438
146,AMCR,2020-02-13,0 days 15:59:16.665209,694185,10.15,10.14,3880,32581,7065,-135850
147,ANTM,2020-02-13,0 days 15:57:18.350530,171248,298.5,298.4,164,301,4149,-151
148,ANTM,2020-02-13,0 days 15:57:35.391454,179197,298.48,298.4,328,300,-1351,649
149,ANTM,2020-02-13,0 days 15:57:36.395305,178548,298.47,298.4,717,200,649,-1351
150,ANTM,2020-02-13,0 days 15:57:39.401216,184397,298.47,298.4,254,300,-551,149
151,ANTM,2020-02-13,0 days 15:57:40.403333,183848,298.47,298.4,254,301,549,-551
152,ANTM,2020-02-13,0 days 15:57:41.406420,184695,298.47,298.43,154,201,-53,549
153,ANTM,2020-02-13,0 days 15:57:42.408484,184248,298.47,298.43,154,301,447,-53
154,ANTM,2020-02-13,0 days 15:57:49.425660,184695,298.5,298.43,512,504,-453,347
155,ANTM,2020-02-13,0 days 15:57:50.428330,184248,298.5,298.43,512,504,447,-453
156,ANTM,2020-02-13,0 days 15:58:00.455016,184695,298.49,298.44,228,605,-537,363
157,ANTM,2020-02-13,0 days 15:58:01.455853,184332,298.49,298.44,228,605,363,-537
158,ANTM,2020-02-13,0 days 15:58:05.465710,184845,298.43,298.36,269,500,-11178,513
159,ANTM,2020-02-13,0 days 15:58:06.467817,191523,298.43,298.36,269,500,322,-11178
160,ANTM,2020-02-13,0 days 15:58:34.535148,192637,298.44,298.35,700,504,108,-792
161,ANTM,2020-02-13,0 days 15:58:35.537836,191945,298.44,298.35,700,504,-692,108
162,ANTM,2020-02-13,0 days 15:58:50.574056,185746,298.51,298.43,485,302,505,-292
163,ANTM,2020-02-13,0 days 15:58:53.581505,186251,298.55,298.48,23,300,-395,505
164,ANTM,2020-02-13,0 days 15:58:54.583456,185746,298.55,298.48,23,301,405,-395
165,ANTM,2020-02-13,0 days 15:59:06.614113,187578,298.54,298.43,456,504,-90,1432
166,ANTM,2020-02-13,0 days 15:59:07.616070,187668,298.54,298.43,466,404,43,-90
167,ANTM,2020-02-13,0 days 15:59:09.620972,187588,298.54,298.44,742,400,-80,20
168,ANTM,2020-02-13,0 days 15:59:10.623181,187668,298.54,298.48,734,200,1820,-80
169,ANTM,2020-02-13,0 days 15:59:24.656557,190177,298.53,298.46,340,133,-691,709
170,ANTM,2020-02-13,0 days 15:59:25.658856,189968,298.53,298.46,100,132,109,-691
171,ANTM,2020-02-13,0 days 15:59:27.663594,190077,298.54,298.47,311,200,-1191,109
172,ANTM,2020-02-13,0 days 15:59:28.665927,189968,298.57,298.51,84,200,698,-1191
173,ANTM,2020-02-13,0 days 15:59:29.669264,192110,298.57,298.46,8,3,-377,698
174,ANTM,2020-02-13,0 days 15:59:35.683701,192287,298.51,298.44,435,1,179,-277
175,ANTM,2020-02-13,0 days 15:59:36.685896,192779,298.61,298.52,399,800,-108,179
176,ANTM,2020-02-13,0 days 15:59:45.708510,195887,298.61,298.55,105,200,2321,-108
177,APA,2020-02-13,0 days 15:55:00.085696,677293,27.92,27.91,1205,3004,-36347,7019
178,APA,2020-02-13,0 days 15:55:01.088182,674340,27.92,27.91,1855,3078,2953,-36347
179,APA,2020-02-13,0 days 15:57:32.452904,692506,27.88,27.87,4027,3648,-73,427
180,APA,2020-02-13,0 days 15:57:36.462782,692579,27.88,27.87,6307,2002,4507,-73
181,APA,2020-02-13,0 days 15:57:50.496718,700955,27.88,27.87,381,5530,-2724,4476
182,APA,2020-02-13,0 days 15:57:51.498982,697179,27.88,27.87,181,5332,1476,-2724
183,APA,2020-02-13,0 days 15:59:06.681906,702052,27.89,27.88,1400,6154,977,-1157
184,APA,2020-02-13,0 days 15:59:17.709191,704105,27.9,27.89,3102,3844,-2,498
185,APA,2020-02-13,0 days 15:59:21.717781,704507,27.9,27.89,1559,6724,498,-2
186,APA,2020-02-13,0 days 15:59:26.730129,711946,27.91,27.9,2900,4904,-2561,7439
187,APA,2020-02-13,0 days 15:59:27.732908,709707,27.91,27.9,800,7381,1039,-2561
188,APA,2020-02-13,0 days 15:59:28.735059,711946,27.92,27.91,3200,1928,-5050,1039
189,APA,2020-02-13,0 days 15:59:29.738260,702896,27.91,27.9,3700,5691,7850,-5050
190,APA,2020-02-13,0 days 15:59:38.760417,714824,27.91,27.9,2583,9427,-1772,4628
191,APA,2020-02-13,0 days 15:59:39.762687,713496,27.91,27.9,1971,9217,128,-1772
192,APA,2020-02-13,0 days 15:59:44.774554,712631,27.92,27.91,8197,2892,1193,-1407
193,APO,2020-02-13,0 days 15:56:04.240477,69900,45.87,45.85,900,1300,24,-1286
194,APO,2020-02-13,0 days 15:56:05.242879,68924,45.87,45.85,904,1300,-976,24
195,APO,2020-02-13,0 days 15:56:30.303223,70177,45.87,45.86,467,4400,1847,-1253
196,APO,2020-02-13,0 days 15:56:31.305435,69524,45.87,45.86,567,4400,-653,1847
197,APO,2020-02-13,0 days 15:57:05.388736,70186,45.91,45.89,100,300,737,-562
198,APO,2020-02-13,0 days 15:57:06.390657,70523,45.89,45.86,158,500,-691,737
199,APO,2020-02-13,0 days 15:57:30.448906,71214,45.82,45.8,904,500,2439,-591
200,APO,2020-02-13,0 days 15:57:31.451409,70853,45.82,45.8,704,500,-361,2439
201,APO,2020-02-13,0 days 15:58:09.543947,71214,45.82,45.81,500,1148,954,-361
202,APO,2020-02-13,0 days 15:58:10.546706,70968,45.83,45.81,2311,1348,-246,954
203,APO,2020-02-13,0 days 15:58:44.629087,71214,45.84,45.82,2998,3227,1654,-246
204,APO,2020-02-13,0 days 15:58:45.631722,70968,45.84,45.82,3098,3427,-246,1654
205,APO,2020-02-13,0 days 15:59:03.675198,75014,45.83,45.81,3191,1323,370,-206
206,APO,2020-02-13,0 days 15:59:05.682693,75384,45.83,45.81,3190,1221,-235,370
207,APO,2020-02-13,0 days 15:59:06.683060,75119,45.83,45.81,2890,1495,265,-235
208,APO,2020-02-13,0 days 15:59:48.785134,76435,45.78,45.77,500,300,-2602,429
209,APO,2020-02-13,0 days 15:59:49.787156,76137,45.78,45.75,3350,2852,3329,-2602
210,APO,2020-02-13,0 days 15:59:56.803712,76435,45.79,45.77,2727,2100,-1902,1129
211,AR,2020-02-13,0 days 15:58:12.550318,1945319,1.77,1.76,115861,110665,23195,-3405
212,ARMK,2020-02-13,0 days 15:59:16.777640,569454,41.64,41.63,2066,1976,12423,-323961
213,ARMK,2020-02-13,0 days 15:59:17.779225,551932,41.66,41.65,400,1563,-19748,12423
214,ARMK,2020-02-13,0 days 15:59:32.815767,571254,41.64,41.62,722,1714,23347,-1713
215,ARMK,2020-02-13,0 days 15:59:33.818011,566381,41.65,41.63,1953,611,-4873,23347
216,ARMK,2020-02-13,0 days 15:59:39.832683,577187,41.65,41.63,1546,300,818,-361
217,ARMK,2020-02-13,0 days 15:59:48.854267,577187,41.65,41.64,2101,505,20117,-1813
218,ARNC,2020-02-13,0 days 15:59:48.743309,249766,32.96,32.95,755,5793,-52151,95326
219,ASX,2020-02-13,0 days 15:59:19.714083,21960,5.17,5.16,3143,14037,167,-733
220,ATUS,2020-02-13,0 days 15:59:08.688247,507961,28.02,28.01,2824,3900,4272,-11655
221,ATUS,2020-02-13,0 days 15:59:09.690169,497635,28.04,28.03,136,4100,-10326,4272
222,ATUS,2020-02-13,0 days 15:59:35.753571,620776,28.01,28.0,5059,2801,-14639,6173
223,AU,2020-02-13,0 days 15:56:36.317156,64086,19.52,19.51,7516,6142,1096,-364
224,AU,2020-02-13,0 days 15:56:37.320263,63082,19.52,19.51,7016,6614,-1004,1096
225,AU,2020-02-13,0 days 15:58:16.560643,67773,19.51,19.5,10141,4191,1112,-1906
226,AU,2020-02-13,0 days 15:58:17.563450,66085,19.51,19.5,10010,4891,-1688,1112
227,AU,2020-02-13,0 days 15:59:04.677455,73011,19.5,19.49,11038,1762,262,-1868
228,AU,2020-02-13,0 days 15:59:23.721909,76030,19.52,19.51,4400,8258,1564,-657
229,AU,2020-02-13,0 days 15:59:24.724630,71994,19.52,19.51,4000,8908,-4036,1564
230,AU,2020-02-13,0 days 15:59:35.752473,76030,19.52,19.51,6500,10417,163,-342
231,AVTR,2020-02-13,0 days 15:57:04.417665,51059,17.73,17.72,1582,1100,2174,-517
232,AVTR,2020-02-13,0 days 15:57:05.420141,50633,17.73,17.72,2064,800,-426,2174
233,AVTR,2020-02-13,0 days 15:57:10.431900,51059,17.74,17.73,1501,200,304,-426
234,AVTR,2020-02-13,0 days 15:57:11.434101,49863,17.74,17.72,1301,2759,-1196,304
235,AVTR,2020-02-13,0 days 15:59:03.706819,54066,17.7,17.69,5010,322,7215,-1974
236,AVTR,2020-02-13,0 days 15:59:04.709877,50181,17.69,17.68,700,4300,-3885,7215
237,AVTR,2020-02-13,0 days 15:59:08.720951,54066,17.69,17.68,805,4200,115,-385
238,AVTR,2020-02-13,0 days 15:59:09.721918,53681,17.69,17.68,1346,4445,-385,115
239,AVYA,2020-02-13,0 days 15:57:05.420751,76585,13.56,13.55,22223,22341,1963,-1637
240,AVYA,2020-02-13,0 days 15:57:18.451529,78548,13.56,13.55,22223,23634,-837,1963
241,AVYA,2020-02-13,0 days 15:57:19.454159,76785,13.56,13.55,21723,24134,1763,-837
242,AVYA,2020-02-13,0 days 15:58:03.561643,80448,13.53,13.52,16327,2199,-1550,3147
243,AVYA,2020-02-13,0 days 15:58:04.564128,78998,13.53,13.52,16819,2091,1450,-1550
244,AVYA,2020-02-13,0 days 15:59:51.824462,90419,13.54,13.53,10283,25345,-15524,584
245,AXP,2020-02-13,0 days 15:59:16.724934,414172,134.43,134.42,500,100,25757,-4205
246,AXP,2020-02-13,0 days 15:59:57.817277,442681,134.47,134.43,2800,1109,-6456,2682
247,AXP,2020-02-13,0 days 15:59:58.817444,435029,134.46,134.4,300,194,8252,-6456
248,AYX,2020-02-13,0 days 15:55:00.055231,41270,144.51,144.45,200,100,-338,3516
249,AYX,2020-02-13,0 days 15:56:32.267284,41245,144.56,144.5,100,409,2636,-72364
250,AYX,2020-02-13,0 days 15:57:03.343097,45243,144.59,144.5,100,491,-71326,1474
251,AYX,2020-02-13,0 days 15:57:23.390168,41569,144.5,144.45,400,161,4533,-70467
252,AYX,2020-02-13,0 days 15:57:25.394792,46102,144.61,144.45,200,361,-74567,433
253,AYX,2020-02-13,0 days 15:58:58.622245,48369,144.6,144.51,200,902,668,-68432
254,AYX,2020-02-13,0 days 15:59:03.634139,48037,144.56,144.5,378,376,-69582,218
255,AYX,2020-02-13,0 days 15:59:20.674396,41519,144.28,144.26,207,100,70685,-4715
256,AZN,2020-02-13,0 days 15:55:00.199047,31760,49.42,49.41,1057,5422,-1970,1604
257,AZN,2020-02-13,0 days 15:55:01.201424,30330,49.42,49.41,1357,5922,1430,-1970
258,AZN,2020-02-13,0 days 15:55:15.236838,31760,49.42,49.41,3692,5672,-8691,1430
259,AZN,2020-02-13,0 days 15:55:16.239798,31251,49.42,49.41,3692,5172,509,-8691
260,AZN,2020-02-13,0 days 15:55:22.254235,31760,49.42,49.41,3714,5952,-4691,509
261,AZN,2020-02-13,0 days 15:55:23.256063,31251,49.42,49.41,4419,5552,509,-4691
262,AZN,2020-02-13,0 days 15:55:39.295213,31760,49.42,49.41,3240,5511,-206,509
263,AZN,2020-02-13,0 days 15:55:40.296996,31266,49.42,49.41,3845,5711,494,-206
264,AZN,2020-02-13,0 days 15:56:05.357582,31760,49.42,49.41,2501,6517,-4706,494
265,AZN,2020-02-13,0 days 15:56:06.359500,31266,49.42,49.41,3606,6816,494,-4706
266,AZN,2020-02-13,0 days 15:56:10.369485,31760,49.42,49.41,2737,8421,-94,494
267,AZN,2020-02-13,0 days 15:56:11.371240,31354,49.42,49.41,2737,8521,406,-94
268,AZN,2020-02-13,0 days 15:56:36.431715,32495,49.4,49.39,3240,5156,-579,41
269,AZN,2020-02-13,0 days 15:56:37.434633,32174,49.4,49.39,3440,5056,225,-579
270,AZN,2020-02-13,0 days 15:57:03.497584,38980,49.38,49.37,6100,543,-4294,1006
271,AZN,2020-02-13,0 days 15:57:04.500043,37674,49.37,49.36,3601,1300,1306,-4294
272,AZN,2020-02-13,0 days 15:58:20.682005,36472,49.37,49.36,607,4381,-2302,979
273,AZN,2020-02-13,0 days 15:58:21.684662,35774,49.37,49.36,707,4581,202,-2302
274,AZN,2020-02-13,0 days 15:59:06.794677,39930,49.37,49.36,3043,6089,-1329,241
275,AZN,2020-02-13,0 days 15:59:57.913975,42728,49.32,49.31,900,1782,867,-1248
276,BA,2020-02-13,0 days 15:58:39.616374,171584,342.89,342.81,213,938,881,-419
277,BA,2020-02-13,0 days 15:58:40.619060,168465,342.91,342.88,1,439,-3177,881
278,BA,2020-02-13,0 days 15:59:07.685501,179611,342.89,342.84,44,7,7033,-5758
279,BA,2020-02-13,0 days 15:59:08.688533,178044,342.85,342.82,33,45,-1893,7033
280,BA,2020-02-13,0 days 15:59:20.717859,179937,342.86,342.82,14,6915,8026,-786
281,BA,2020-02-13,0 days 15:59:21.718748,171111,342.89,342.82,508,6492,-9250,8026
282,BA,2020-02-13,0 days 15:59:36.764501,180361,342.9,342.84,2,400,229,-230
283,BA,2020-02-13,0 days 15:59:40.766211,180262,342.89,342.86,500,50,-99,229
284,BA,2020-02-13,0 days 15:59:42.770680,180361,342.88,342.82,202,1918,201,-99
285,BA,2020-02-13,0 days 15:59:43.772723,170790,342.89,342.85,166,50,-9571,201
286,BA,2020-02-13,0 days 15:59:44.775556,180361,342.88,342.82,502,1491,8801,-9571
287,BA,2020-02-13,0 days 15:59:45.777805,180162,342.87,342.82,60,1448,-199,8801
288,BA,2020-02-13,0 days 15:59:47.782468,180361,342.91,342.85,1,328,1158,-199
289,BA,2020-02-13,0 days 15:59:48.785129,171547,342.91,342.83,101,500,-8814,1158
290,BAX,2020-02-13,0 days 15:55:01.022895,201746,92.74,92.73,725,396,44245,-22311
291,BAX,2020-02-13,0 days 15:55:33.097616,246024,92.72,92.69,891,766,-1,544
292,BAX,2020-02-13,0 days 15:55:36.104889,241739,92.72,92.69,926,1102,4285,-4315
293,BAX,2020-02-13,0 days 15:56:24.220231,187224,92.63,92.62,300,375,-19293,1907
294,BAX,2020-02-13,0 days 15:56:41.261538,243617,92.57,92.54,899,212,4263,-16237
295,BAX,2020-02-13,0 days 15:58:05.465585,256414,92.6,92.57,739,637,-3958,92
296,BAX,2020-02-13,0 days 15:58:06.467767,252472,92.59,92.57,300,727,3642,-3958
297,BAX,2020-02-13,0 days 15:58:37.542614,256694,92.6,92.58,354,788,-3683,2117
298,BAX,2020-02-13,0 days 15:58:38.545241,253577,92.6,92.58,551,788,2817,-3683
299,BAX,2020-02-13,0 days 15:59:03.605645,257030,92.59,92.56,753,609,-5377,1382
300,BAX,2020-02-13,0 days 15:59:04.608185,255007,92.59,92.56,853,313,1723,-5377
301,BAX,2020-02-13,0 days 15:59:07.615957,257030,92.6,92.59,320,209,-9687,1092
302,BAX,2020-02-13,0 days 15:59:08.618997,255679,92.6,92.59,349,160,1051,-9687
303,BAX,2020-02-13,0 days 15:59:12.628639,256730,92.6,92.58,78,605,-180,1051
304,BAX,2020-02-13,0 days 15:59:17.640074,256494,92.61,92.59,295,205,236,-3488
305,BAX,2020-02-13,0 days 15:59:27.663477,258088,92.62,92.58,347,15,-29205,1294
306,BBD,2020-02-13,0 days 15:57:31.409797,589830,7.61,7.6,193853,313805,-10862,38
307,BBD,2020-02-13,0 days 15:57:32.411887,572292,7.61,7.6,194353,313305,17538,-10862
308,BBD,2020-02-13,0 days 15:57:37.424101,589830,7.61,7.6,213543,317606,-3662,17538
309,BBD,2020-02-13,0 days 15:57:38.426884,574292,7.61,7.6,229043,315488,15538,-3662
310,BBD,2020-02-13,0 days 15:57:40.431546,589830,7.61,7.6,232643,314911,-5662,15538
311,BBVA,2020-02-13,0 days 15:59:00.700189,30407,5.7,5.69,75840,500931,-4061,6739
312,BBVA,2020-02-13,0 days 15:59:05.713894,34468,5.7,5.69,68927,504931,3593,-4061
313,BBVA,2020-02-13,0 days 15:59:26.763055,37561,5.71,5.7,364330,485321,-229,3093
314,BBVA,2020-02-13,0 days 15:59:36.789986,37995,5.71,5.7,373580,668492,15,-34
315,BCS,2020-02-13,0 days 15:57:25.453947,65752,9.13,9.12,63801,33386,-2446,2354
316,BCS,2020-02-13,0 days 15:57:26.456626,63398,9.13,9.12,65301,32448,2354,-2446
317,BCS,2020-02-13,0 days 15:58:00.541267,62152,9.14,9.13,83733,65687,-3346,2354
318,BCS,2020-02-13,0 days 15:58:01.543382,42398,9.14,9.13,90633,85625,19754,-3346
319,BCS,2020-02-13,0 days 15:59:06.701568,71925,9.14,9.13,26253,94397,-3401,950
320,BCS,2020-02-13,0 days 15:59:07.704213,70026,9.14,9.13,25301,95059,5951,-3401
321,BDN,2020-02-13,0 days 15:56:36.317176,77443,15.96,15.95,21027,4202,-150,1850
322,BDN,2020-02-13,0 days 15:57:02.381260,77593,15.95,15.94,19776,6842,250,-150
323,BDN,2020-02-13,0 days 15:58:04.532268,80260,15.94,15.93,14875,9532,-3560,1767
324,BDN,2020-02-13,0 days 15:58:53.650242,77790,15.94,15.93,4501,16770,2470,-5230
325,BDN,2020-02-13,0 days 15:59:05.683829,80260,15.94,15.93,5309,16923,-5213,90
326,BDN,2020-02-13,0 days 15:59:07.685398,98771,15.94,15.93,5874,15915,1190,-5711
327,BDX,2020-02-13,0 days 15:58:04.532224,120272,254.18,254.14,99,100,2610,-1790
328,BDX,2020-02-13,0 days 15:58:05.534111,118582,254.19,254.14,780,100,-1690,2610
329,BDX,2020-02-13,0 days 15:59:04.677506,118749,254.05,253.97,507,201,717,-483
330,BDX,2020-02-13,0 days 15:59:05.683754,117966,254.04,253.97,406,615,-927,717
331,BDX,2020-02-13,0 days 15:59:06.682742,120693,254.1,254.03,152,686,4057,-927
332,BEN,2020-02-13,0 days 15:58:37.611518,399788,24.2,24.19,5969,13272,-1646,7254
333,BEN,2020-02-13,0 days 15:58:38.614070,397334,24.2,24.19,5968,13428,2454,-1646
334,BEN,2020-02-13,0 days 15:58:39.616374,399788,24.2,24.19,5965,13515,-4646,2454
335,BEN,2020-02-13,0 days 15:58:40.619006,398234,24.2,24.19,6165,13623,1554,-4646
336,BEN,2020-02-13,0 days 15:59:05.682616,401625,24.2,24.19,2675,15392,-19949,1865
337,BG,2020-02-13,0 days 15:55:00.085856,100902,55.76,55.75,2635,246,13785,-5405
338,BG,2020-02-13,0 days 15:55:07.103722,114287,55.75,55.74,1401,200,-9815,13585
339,BG,2020-02-13,0 days 15:55:08.104902,113002,55.75,55.74,1425,300,1285,-9815
340,BG,2020-02-13,0 days 15:55:40.182642,114287,55.73,55.72,700,779,-5300,1272
341,BG,2020-02-13,0 days 15:55:41.184613,113598,55.71,55.69,617,364,689,-5300
342,BG,2020-02-13,0 days 15:56:14.264251,114911,55.7,55.69,400,172,-1087,1213
343,BG,2020-02-13,0 days 15:56:15.266729,114298,55.7,55.68,700,139,613,-1087
344,BG,2020-02-13,0 days 15:59:02.673294,123074,55.63,55.62,1419,840,-259,116
345,BG,2020-02-13,0 days 15:59:03.674920,122333,55.63,55.62,1199,938,741,-259
346,BG,2020-02-13,0 days 15:59:30.739628,122377,55.68,55.65,962,2552,505,-416
347,BG,2020-02-13,0 days 15:59:36.763232,126817,55.67,55.65,2160,2303,-460,1505
348,BGG,2020-02-13,0 days 15:57:04.457658,65174,3.42,3.41,9760,4102,-2957,743
349,BGG,2020-02-13,0 days 15:57:05.460178,62531,3.42,3.41,9760,4102,2643,-2957
350,BHC,2020-02-13,0 days 15:59:04.703714,241644,27.39,27.38,984,7190,-4564,7639
351,BHC,2020-02-13,0 days 15:59:21.741163,241562,27.39,27.38,4579,2039,682,-3064
352,BHC,2020-02-13,0 days 15:59:22.743391,243144,27.39,27.38,3679,2139,-20418,682
353,BHC,2020-02-13,0 days 15:59:23.746417,240962,27.39,27.38,2500,5100,1282,-20418
354,BHC,2020-02-13,0 days 15:59:25.751268,247844,27.39,27.38,900,6200,-1504,382
355,BHC,2020-02-13,0 days 15:59:29.761372,240348,27.39,27.38,628,8506,8396,-804
356,BHC,2020-02-13,0 days 15:59:50.810718,234432,27.43,27.42,2100,4344,14312,-1388
357,BHC,2020-02-13,0 days 15:59:57.828195,246244,27.44,27.43,4047,6606,-454,5645
358,BK,2020-02-13,0 days 15:55:00.111210,309127,46.03,46.02,1778,1700,9245,-80725
359,BK,2020-02-13,0 days 15:55:01.113179,304872,46.04,46.03,3674,2583,-4255,9245
360,BK,2020-02-13,0 days 15:55:34.194710,309891,46.06,46.05,1084,6743,5140,-5760
361,BK,2020-02-13,0 days 15:55:35.196564,305431,46.06,46.05,884,7083,-4460,5140
362,BK,2020-02-13,0 days 15:56:28.324049,313511,46.05,46.04,4591,4114,272,-2022
363,BK,2020-02-13,0 days 15:56:36.343121,310623,46.05,46.04,5841,2803,-2895,165
364,BK,2020-02-13,0 days 15:57:46.512623,315518,46.04,46.03,5452,8001,6881,-3018
365,BK,2020-02-13,0 days 15:57:47.514827,311899,46.04,46.03,5852,8001,-3619,6881
366,BK,2020-02-13,0 days 15:57:56.537082,312696,46.04,46.03,7189,7907,1028,-3897
367,BK,2020-02-13,0 days 15:57:57.539454,309524,46.04,46.03,5069,10204,-3172,1028
368,BK,2020-02-13,0 days 15:58:43.651906,316128,46.06,46.05,1573,16524,5409,-2091
369,BK,2020-02-13,0 days 15:58:44.655239,312867,46.07,46.06,1300,8442,-3261,5409
370,BK,2020-02-13,0 days 15:59:09.715914,310817,46.06,46.05,9656,703,-5611,3789
371,BK,2020-02-13,0 days 15:59:15.727665,315047,46.04,46.03,4804,5532,-1381,619
372,BKR,2020-02-13,0 days 15:55:00.103296,692019,22.05,22.04,4778,3635,-50823,169530
373,BKR,2020-02-13,0 days 15:55:01.105860,687542,22.05,22.04,6332,6855,4477,-50823
374,BKR,2020-02-13,0 days 15:57:02.398691,699887,22.07,22.06,15428,5810,-1709,5598
375,BKR,2020-02-13,0 days 15:57:03.401199,698096,22.07,22.06,18194,2169,1791,-1709
376,BKR,2020-02-13,0 days 15:57:15.429916,700576,22.07,22.06,18487,1669,-8020,2480
377,BKR,2020-02-13,0 days 15:57:16.432521,698796,22.07,22.06,19659,1066,1780,-8020
378,BKR,2020-02-13,0 days 15:57:56.530047,709709,22.06,22.05,21311,400,-1103,8297
379,BKR,2020-02-13,0 days 15:57:57.532541,707012,22.06,22.05,19990,3900,2697,-1103
380,BKR,2020-02-13,0 days 15:58:00.541331,709709,22.06,22.05,19490,3700,-803,2697
381,BKR,2020-02-13,0 days 15:58:01.543421,707012,22.06,22.05,20590,3800,2697,-803
382,BKR,2020-02-13,0 days 15:58:09.563001,710417,22.06,22.05,17596,6120,-3177,723
383,BKR,2020-02-13,0 days 15:58:10.565744,707894,22.06,22.05,16575,5820,2523,-3177
384,BKR,2020-02-13,0 days 15:58:42.642326,710417,22.06,22.05,20738,1528,-232,2368
385,BKR,2020-02-13,0 days 15:58:43.644941,709249,22.06,22.05,21038,1328,1168,-232
386,BKR,2020-02-13,0 days 15:59:00.686486,710375,22.05,22.04,1786,7732,2765,-3990
387,BKR,2020-02-13,0 days 15:59:35.764460,766868,22.08,22.07,1238,15877,3414,-1386
388,BKR,2020-02-13,0 days 15:59:50.801009,762585,22.09,22.08,10222,2805,9194,-7106
389,BKR,2020-02-13,0 days 15:59:51.802868,772379,22.09,22.08,9611,4223,-6636,9194
390,BMY,2020-02-13,0 days 15:55:00.086826,365242,66.16,66.15,1900,5920,-2784,35722
391,BMY,2020-02-13,0 days 15:55:17.128231,369241,66.14,66.13,5423,4721,1443,-199
392,BMY,2020-02-13,0 days 15:55:18.131663,366884,66.14,66.13,5415,4321,-2357,1443
393,BMY,2020-02-13,0 days 15:55:51.209178,372746,66.15,66.14,4685,1334,3196,-904
394,BMY,2020-02-13,0 days 15:56:33.310505,378189,66.12,66.11,5279,2237,906,-746
395,BMY,2020-02-13,0 days 15:56:34.312523,378004,66.12,66.11,5079,2337,-185,906
396,BMY,2020-02-13,0 days 15:56:58.371292,385405,66.12,66.11,9195,5463,2553,-2283
397,BMY,2020-02-13,0 days 15:56:59.373750,384658,66.12,66.11,8595,6514,-816,2553
398,BMY,2020-02-13,0 days 15:57:02.381126,388639,66.12,66.11,11000,6893,378,-859
399,BMY,2020-02-13,0 days 15:57:33.456165,389426,66.11,66.1,14058,1337,-2326,1174
400,BMY,2020-02-13,0 days 15:57:45.485212,397452,66.1,66.09,4565,9522,1174,-826
401,BMY,2020-02-13,0 days 15:57:46.487445,398826,66.1,66.09,4665,6822,-1769,1174
402,BMY,2020-02-13,0 days 15:59:06.682919,433996,66.12,66.11,2245,2473,-15002,378
403,BMY,2020-02-13,0 days 15:59:37.758374,516176,66.11,66.1,7052,7171,6083,-15317
404,BMY,2020-02-13,0 days 15:59:38.761766,511859,66.11,66.1,6555,7581,-4317,6083
405,BP,2020-02-13,0 days 15:56:05.314325,172871,36.18,36.17,43066,13708,-2697,6003
406,BP,2020-02-13,0 days 15:56:06.316626,166868,36.18,36.17,44066,13608,6003,-2697
407,BP,2020-02-13,0 days 15:56:08.321342,172871,36.18,36.17,45366,15608,-2497,6003
408,BP,2020-02-13,0 days 15:56:09.323700,166868,36.17,36.16,36364,18100,6003,-2497
409,BP,2020-02-13,0 days 15:56:15.339259,172871,36.16,36.15,41046,15807,-595,2641
410,BP,2020-02-13,0 days 15:56:19.347933,173466,36.16,36.15,42746,11807,1512,-595
411,BP,2020-02-13,0 days 15:58:14.628706,190731,36.14,36.13,55153,11011,-2022,9178
412,BP,2020-02-13,0 days 15:58:15.631134,184253,36.14,36.13,52653,10711,6478,-2022
413,BP,2020-02-13,0 days 15:59:03.747830,192906,36.14,36.13,38539,16424,-1574,4223
414,BP,2020-02-13,0 days 15:59:12.770776,184680,36.15,36.14,34255,23055,4132,-4668
415,BP,2020-02-13,0 days 15:59:17.779360,188812,36.15,36.14,33126,20555,-13168,12732
416,BP,2020-02-13,0 days 15:59:19.784540,184680,36.15,36.14,33573,19155,4132,-4868
417,BP,2020-02-13,0 days 15:59:36.825468,172592,36.16,36.15,37900,24653,10891,-5909
418,BP,2020-02-13,0 days 15:59:39.832823,183483,36.16,36.15,36158,27753,-7209,1991
419,BP,2020-02-13,0 days 15:59:40.835651,181492,36.16,36.15,38373,27153,1991,-7209
420,BRK.B,2020-02-13,0 days 15:55:00.117472,331946,226.42,226.39,10,428,36421,-1193
421,BRK.B,2020-02-13,0 days 15:59:04.709926,387229,226.34,226.32,135,102,-4250,12404
422,BRK.B,2020-02-13,0 days 15:59:08.720951,384579,226.42,226.39,725,400,7049,-550
423,BRK.B,2020-02-13,0 days 15:59:16.739984,391935,226.34,226.33,200,3,-24462,2759
424,BRK.B,2020-02-13,0 days 15:59:17.741675,381097,226.31,226.29,200,225,14038,-24462
425,BRK.B,2020-02-13,0 days 15:59:20.748528,395135,226.33,226.31,100,227,-985,1238
426,BRK.B,2020-02-13,0 days 15:59:23.755120,391120,226.32,226.3,15,125,4015,-2085
427,BRK.B,2020-02-13,0 days 15:59:24.758732,391935,226.36,226.34,335,244,-2961,4015
428,BRK.B,2020-02-13,0 days 15:59:26.762269,390222,226.37,226.35,100,125,1713,-387
429,BRK.B,2020-02-13,0 days 15:59:28.768154,388810,226.44,226.42,125,98,-2412,628
430,BRK.B,2020-02-13,0 days 15:59:29.770663,388322,226.45,226.43,225,200,488,-2412
431,BRK.B,2020-02-13,0 days 15:59:50.822249,389750,226.47,226.43,1646,548,660,-140
432,BRX,2020-02-13,0 days 15:55:00.086964,178387,20.53,20.52,4344,4006,15925,-33146
433,BRX,2020-02-13,0 days 15:56:33.310544,195744,20.52,20.51,13792,2500,-4755,7245
434,BRX,2020-02-13,0 days 15:56:34.312578,193899,20.51,20.5,4208,8406,617,-4755
435,BRX,2020-02-13,0 days 15:56:36.317569,194516,20.51,20.5,3708,8806,-1383,617
436,BRX,2020-02-13,0 days 15:56:37.319976,194099,20.51,20.5,5785,8306,417,-1383
437,BRX,2020-02-13,0 days 15:56:56.366282,227546,20.51,20.5,12737,788,-5653,2285
438,BRX,2020-02-13,0 days 15:58:00.521785,233199,20.49,20.48,8580,6089,157,-3043
439,BRX,2020-02-13,0 days 15:58:01.524796,231856,20.49,20.48,6313,7089,-1343,157
440,BRX,2020-02-13,0 days 15:58:03.530230,233199,20.49,20.48,7413,7709,3163,-1343
441,BRX,2020-02-13,0 days 15:58:04.532377,232265,20.49,20.48,7613,7409,-934,3163
442,BRX,2020-02-13,0 days 15:58:05.534603,233199,20.49,20.48,7613,7409,866,-934
443,BRX,2020-02-13,0 days 15:58:06.536634,232265,20.49,20.48,8313,6518,-934,866
444,BRX,2020-02-13,0 days 15:58:08.541888,233206,20.49,20.48,8585,6518,59,-934
445,BRX,2020-02-13,0 days 15:58:10.546706,229665,20.49,20.48,5914,9633,-3541,59
446,BRX,2020-02-13,0 days 15:58:13.553553,233206,20.49,20.48,6489,9473,859,-941
447,BRX,2020-02-13,0 days 15:58:14.556091,232265,20.49,20.48,6889,9253,-941,859
448,BSX,2020-02-13,0 days 15:56:05.273722,351304,42.21,42.2,6396,4910,3866,-4621
449,BSX,2020-02-13,0 days 15:56:06.275767,341670,42.21,42.2,6901,4210,-9634,3866
450,BSX,2020-02-13,0 days 15:57:37.495782,354755,42.18,42.17,10117,1223,263,-837
451,BSX,2020-02-13,0 days 15:57:39.500817,351690,42.17,42.16,5463,2204,-3065,263
452,BSX,2020-02-13,0 days 15:59:06.714131,357841,42.19,42.18,3501,4639,-2183,1666
453,BSX,2020-02-13,0 days 15:59:32.776745,360524,42.19,42.18,7774,3490,8367,-1182
454,BSX,2020-02-13,0 days 15:59:33.778918,356191,42.19,42.18,7974,3921,-4333,8367
455,BSX,2020-02-13,0 days 15:59:35.784263,360524,42.18,42.17,8604,998,667,-4333
456,BSX,2020-02-13,0 days 15:59:36.788337,361191,42.18,42.17,8504,3358,-7244,667
457,BSX,2020-02-13,0 days 15:59:47.812918,368435,42.17,42.16,4748,8782,1559,-1644
458,BWA,2020-02-13,0 days 15:55:41.210479,185973,35.09,35.08,2691,2694,-933,2263
459,BWA,2020-02-13,0 days 15:55:42.213140,184006,35.09,35.08,2591,2794,1967,-933
460,BWA,2020-02-13,0 days 15:56:13.287593,197052,35.12,35.11,5101,1364,-803,2897
461,BWA,2020-02-13,0 days 15:56:14.289531,194155,35.12,35.11,5101,1164,3478,-803
462,BWA,2020-02-13,0 days 15:56:57.394037,199955,35.04,35.03,6298,2003,-1003,2097
463,BWA,2020-02-13,0 days 15:56:58.396421,197458,35.04,35.03,6398,2003,2333,-1003
464,BWA,2020-02-13,0 days 15:57:34.483393,201767,35.03,35.02,4875,2112,-301,1499
465,BWA,2020-02-13,0 days 15:57:35.485708,199568,35.03,35.02,4775,2112,2199,-301
466,BWA,2020-02-13,0 days 15:58:11.575173,215833,35.09,35.08,2934,1700,-610,484
467,BWA,2020-02-13,0 days 15:58:12.577028,213243,35.09,35.08,2336,300,2590,-610
468,BWA,2020-02-13,0 days 15:58:28.615999,216233,35.09,35.08,3552,2627,-410,1190
469,BWA,2020-02-13,0 days 15:58:29.618240,213843,35.09,35.08,5352,2127,2390,-410
470,BWA,2020-02-13,0 days 15:58:40.644566,201833,35.08,35.07,2729,1600,-12010,2790
471,BWA,2020-02-13,0 days 15:58:41.646964,199143,35.07,35.06,1200,3300,2490,-12010
472,BWA,2020-02-13,0 days 15:58:43.651834,201833,35.07,35.06,300,4404,-210,2490
473,BWA,2020-02-13,0 days 15:58:45.657275,200043,35.07,35.06,700,4506,1590,-610
474,BWA,2020-02-13,0 days 15:58:50.669202,201833,35.07,35.06,4551,6009,-1910,1590
475,BWA,2020-02-13,0 days 15:58:51.671314,199843,35.07,35.06,4251,6109,1990,-1910
476,BWA,2020-02-13,0 days 15:58:55.681116,199901,35.1,35.09,1901,1800,1332,-3668
477,BWA,2020-02-13,0 days 15:59:07.711709,205042,35.09,35.08,2265,1300,-1364,1304
478,BWA,2020-02-13,0 days 15:59:25.751099,209596,35.08,35.07,300,3069,-4266,5696
479,BX,2020-02-13,0 days 15:55:15.154708,97691,63.0,62.99,1095,300,-18023,1725
480,BX,2020-02-13,0 days 15:55:26.183053,96914,63.02,63.01,810,1340,784,-216
481,BX,2020-02-13,0 days 15:56:24.320786,100274,62.98,62.96,1909,1267,-4763,1437
482,BX,2020-02-13,0 days 15:56:53.390630,100437,62.95,62.94,2223,1111,405,-1505
483,BX,2020-02-13,0 days 15:57:01.410158,100842,62.93,62.92,1299,500,-195,405
484,BX,2020-02-13,0 days 15:57:02.413048,100737,62.93,62.92,1599,500,105,-195
485,BX,2020-02-13,0 days 15:57:39.502293,101342,62.92,62.91,699,1300,-95,205
486,BX,2020-02-13,0 days 15:57:40.505059,101137,62.93,62.92,3721,200,205,-95
487,BX,2020-02-13,0 days 15:57:59.550734,99432,62.95,62.93,1906,1469,-934,176
488,BX,2020-02-13,0 days 15:58:04.564317,100366,62.95,62.94,2190,1072,2107,-934
489,BX,2020-02-13,0 days 15:58:09.576025,102473,62.96,62.95,1097,3272,-366,282
490,BX,2020-02-13,0 days 15:58:37.644131,104739,62.93,62.92,2785,590,2634,-366
491,BX,2020-02-13,0 days 15:59:04.710205,107373,62.91,62.9,2190,1746,-1966,34
492,BX,2020-02-13,0 days 15:59:05.714039,107139,62.91,62.9,2090,1746,234,-1966
493,BX,2020-02-13,0 days 15:59:32.778453,115923,62.91,62.9,2506,704,892,-18592
494,BX,2020-02-13,0 days 15:59:35.786038,117515,62.9,62.89,1956,674,-1008,26592
495,BX,2020-02-13,0 days 15:59:41.800777,119881,62.92,62.91,496,1627,643,-23908
496,C,2020-02-13,0 days 15:59:14.814141,859480,78.98,78.97,2000,88727,-43521,15707
497,C,2020-02-13,0 days 15:59:15.812163,850476,78.98,78.97,5217,72971,9004,-43521
498,C,2020-02-13,0 days 15:59:16.814190,859580,78.98,78.97,7613,40827,-115020,9004
499,C,2020-02-13,0 days 15:59:45.883951,978758,78.94,78.93,2300,2405,16671,-1848
500,C,2020-02-13,0 days 15:59:46.886403,977909,78.97,78.96,300,5867,-2599,16671
501,CAG,2020-02-13,0 days 15:56:16.294763,826400,32.6,32.59,2304,5768,-12019,9081
502,CAG,2020-02-13,0 days 15:56:17.296864,819219,32.6,32.59,4924,1570,7181,-12019
503,CAG,2020-02-13,0 days 15:57:38.492821,831726,32.55,32.54,4063,2605,-102,2498
504,CAG,2020-02-13,0 days 15:57:41.500771,819728,32.55,32.54,4958,1919,11998,-102
505,CAG,2020-02-13,0 days 15:57:57.539454,831874,32.56,32.55,3670,602,-315,11985
506,CAG,2020-02-13,0 days 15:58:02.552881,828889,32.56,32.55,3000,2237,2885,-315
507,CAG,2020-02-13,0 days 15:58:45.657333,822314,32.56,32.55,454,4160,7852,-6548
508,CAG,2020-02-13,0 days 15:58:56.683060,830258,32.56,32.55,1092,5022,-556,7944
509,CAG,2020-02-13,0 days 15:59:06.709534,813769,32.54,32.53,5491,2326,77789,-68064
510,CAG,2020-02-13,0 days 15:59:51.812181,884242,32.59,32.58,2546,4272,-3781,18211
511,CAH,2020-02-13,0 days 15:55:56.180960,161857,59.47,59.46,698,230,-167,44
512,CAH,2020-02-13,0 days 15:56:02.195217,160614,59.47,59.46,778,375,1243,-167
513,CAH,2020-02-13,0 days 15:59:04.636758,171228,59.46,59.45,1118,184,-6484,3223
514,CAT,2020-02-13,0 days 15:56:39.356858,278885,139.63,139.6,505,495,133,-368
515,CAT,2020-02-13,0 days 15:56:44.368843,279018,139.65,139.62,597,774,-3,133
516,CAT,2020-02-13,0 days 15:56:55.395325,279021,139.64,139.6,613,402,97,-3
517,CAT,2020-02-13,0 days 15:56:56.398209,279118,139.64,139.6,833,473,-1103,97
518,CAT,2020-02-13,0 days 15:58:04.564188,296422,139.61,139.57,807,310,3652,-6171
519,CAT,2020-02-13,0 days 15:58:05.566715,293174,139.59,139.57,200,171,-1748,3652
520,CAT,2020-02-13,0 days 15:59:04.710179,302086,139.59,139.55,1006,120,2563,-1419
521,CAT,2020-02-13,0 days 15:59:06.716047,300193,139.59,139.57,417,20,-1893,6236
522,CAT,2020-02-13,0 days 15:59:07.718615,305758,139.61,139.59,228,20,14102,-1893
523,CAT,2020-02-13,0 days 15:59:08.721248,305014,139.61,139.6,100,16,-744,14102
524,CAT,2020-02-13,0 days 15:59:23.756331,305960,139.63,139.62,50,243,925,-142
525,CAT,2020-02-13,0 days 15:59:24.758966,303785,139.64,139.62,246,1169,-2175,925
526,CAT,2020-02-13,0 days 15:59:29.771382,305960,139.69,139.65,127,1022,4925,-6975
527,CAT,2020-02-13,0 days 15:59:30.773621,305185,139.68,139.65,117,1122,-775,4925
528,CAT,2020-02-13,0 days 15:59:32.778453,305960,139.68,139.67,293,101,225,-775
529,CAT,2020-02-13,0 days 15:59:33.780601,305074,139.67,139.65,200,916,-886,225
530,CAT,2020-02-13,0 days 15:59:36.790051,305960,139.67,139.64,209,16,368,-786
531,CAT,2020-02-13,0 days 15:59:46.814123,305328,139.66,139.62,179,700,-632,2968
532,CC,2020-02-13,0 days 15:56:05.242730,165811,15.77,15.76,2516,307,294,-2847
533,CC,2020-02-13,0 days 15:56:11.256972,165819,15.77,15.76,424,1500,-528,8
534,CC,2020-02-13,0 days 15:56:14.264300,166347,15.77,15.76,2635,1000,304,-528
535,CC,2020-02-13,0 days 15:56:19.276312,161894,15.77,15.76,2735,1300,-4453,3247
536,CC,2020-02-13,0 days 15:57:40.472978,176484,15.72,15.71,5054,2330,-823,77
537,CC,2020-02-13,0 days 15:58:40.618923,177512,15.72,15.71,5162,1237,19986,-5388
538,CC,2020-02-13,0 days 15:58:41.621044,172298,15.72,15.71,2516,837,-5214,19986
539,CC,2020-02-13,0 days 15:59:48.784976,197839,15.7,15.69,1106,437,76,-1378
540,CC,2020-02-13,0 days 15:59:49.786976,194715,15.7,15.69,1806,704,-3124,76
541,CCJ,2020-02-13,0 days 15:57:46.445918,25397,9.31,9.3,62220,30329,179,-221
542,CCJ,2020-02-13,0 days 15:58:04.491130,25576,9.31,9.3,57711,35526,-2600,179
543,CCJ,2020-02-13,0 days 15:58:40.577707,25666,9.31,9.3,60818,37173,635,-2144
544,CCJ,2020-02-13,0 days 15:59:00.626981,26301,9.31,9.3,51587,46556,-1246,243
545,CCJ,2020-02-13,0 days 15:59:07.643489,27547,9.31,9.3,37952,67456,1694,-1246
546,CCJ,2020-02-13,0 days 15:59:40.724470,32541,9.31,9.3,2265,72011,-4487,3013
547,CCL,2020-02-13,0 days 15:55:01.023194,201093,43.25,43.24,2122,5232,-17423,89110
548,CCL,2020-02-13,0 days 15:55:02.022750,197316,43.24,43.23,1957,1916,3777,-17423
549,CCL,2020-02-13,0 days 15:56:02.167597,201093,43.18,43.17,3431,3001,-5819,2712
550,CCL,2020-02-13,0 days 15:56:03.169668,197612,43.18,43.17,2400,1901,3481,-5819
551,CCL,2020-02-13,0 days 15:56:55.295048,204731,43.19,43.18,6721,2811,-4917,319
552,CCL,2020-02-13,0 days 15:56:56.297813,202149,43.19,43.18,8021,2717,2662,-4917
553,CCL,2020-02-13,0 days 15:58:43.556855,208926,43.18,43.17,4163,2722,1860,-940
554,CCL,2020-02-13,0 days 15:58:47.566345,210786,43.18,43.17,3928,4180,-3940,2060
555,CCL,2020-02-13,0 days 15:58:48.568951,208726,43.18,43.17,3766,4280,2060,-3940
556,CCL,2020-02-13,0 days 15:59:29.669241,225852,43.19,43.18,338,6478,-6106,229
557,CCL,2020-02-13,0 days 15:59:37.688454,225752,43.18,43.17,1295,3976,-675,1694
558,CCL,2020-02-13,0 days 15:59:43.703206,224694,43.19,43.18,410,4426,858,-1542
559,CCL,2020-02-13,0 days 15:59:57.732306,233052,43.21,43.2,5000,3878,-519,5059
560,CDE,2020-02-13,0 days 15:59:05.683754,158389,6.11,6.1,20697,46320,756,-14760
561,CDE,2020-02-13,0 days 15:59:08.688793,159145,6.11,6.1,18397,49206,-2512,756
562,CDE,2020-02-13,0 days 15:59:09.690169,154407,6.11,6.1,19197,46885,4738,-2512
563,CF,2020-02-13,0 days 15:55:01.022844,255166,39.44,39.43,100,120,-80419,76269
564,CF,2020-02-13,0 days 15:56:15.198359,323094,39.35,39.34,1300,100,782,-4518
565,CF,2020-02-13,0 days 15:56:16.201093,318176,39.35,39.34,1185,1600,-4918,782
566,CF,2020-02-13,0 days 15:56:37.251793,312634,39.3,39.29,89,475,-4207,2293
567,CF,2020-02-13,0 days 15:57:10.331920,316233,39.27,39.24,875,220,189,-4020
568,CF,2020-02-13,0 days 15:57:12.336982,313522,39.25,39.22,475,3700,-3807,645
569,CF,2020-02-13,0 days 15:57:22.360384,349248,39.29,39.28,200,765,1146,-6912
570,CF,2020-02-13,0 days 15:57:23.362166,343194,39.27,39.25,200,500,-4654,1146
571,CF,2020-02-13,0 days 15:57:37.395890,349630,39.25,39.24,32,729,2864,-2936
572,CF,2020-02-13,0 days 15:57:38.398391,344494,39.25,39.24,132,329,-5136,2864
573,CF,2020-02-13,0 days 15:57:45.415844,349649,39.28,39.25,575,1175,4645,-455
574,CF,2020-02-13,0 days 15:57:46.418173,345394,39.28,39.25,1443,775,-4255,4645
575,CF,2020-02-13,0 days 15:58:05.465536,358133,39.3,39.29,375,2448,26261,-3106
576,CF,2020-02-13,0 days 15:58:18.496454,348752,39.25,39.24,508,100,-755,2526
577,CF,2020-02-13,0 days 15:58:26.516948,349507,39.19,39.18,403,900,3045,-955
578,CF,2020-02-13,0 days 15:58:27.518538,348852,39.19,39.18,134,1359,-655,3045
579,CF,2020-02-13,0 days 15:58:31.527819,349507,39.24,39.21,405,1022,745,-855
580,CF,2020-02-13,0 days 15:58:32.530217,349052,39.24,39.21,405,1038,-455,745
581,CF,2020-02-13,0 days 15:58:59.595435,349372,39.2,39.19,907,630,-135,365
582,CF,2020-02-13,0 days 15:59:02.603554,349807,39.22,39.2,550,2322,2754,-65
583,CF,2020-02-13,0 days 15:59:03.605610,350961,39.28,39.23,500,730,-1382,2754
584,CF,2020-02-13,0 days 15:59:06.613928,369147,39.25,39.23,1240,630,1337,-182
585,CF,2020-02-13,0 days 15:59:15.635110,382328,39.24,39.23,1204,629,-8297,1907
586,CF,2020-02-13,0 days 15:59:28.665772,376325,39.3,39.29,325,21,396,-3904
587,CF,2020-02-13,0 days 15:59:30.671260,383421,39.32,39.3,375,4427,-6104,7096
588,CF,2020-02-13,0 days 15:59:31.673477,382625,39.31,39.3,831,2112,226,-6104
589,CF,2020-02-13,0 days 15:59:36.685726,388378,39.31,39.29,831,941,-26,5753
590,CF,2020-02-13,0 days 15:59:39.693100,374804,39.3,39.29,1075,1886,13975,-195
591,CFG,2020-02-13,0 days 15:55:48.133817,237419,38.94,38.93,7137,10544,-1084,5656
592,CFG,2020-02-13,0 days 15:55:49.136159,232003,38.94,38.93,8931,5359,5416,-1084
593,CFG,2020-02-13,0 days 15:59:05.611209,257883,38.92,38.91,17685,2876,-1210,5540
594,CFG,2020-02-13,0 days 15:59:06.614113,259693,38.92,38.91,16545,3357,2909,-1210
595,CFG,2020-02-13,0 days 15:59:15.635246,262602,38.92,38.91,14844,4332,-9781,2909
596,CFG,2020-02-13,0 days 15:59:16.637648,258783,38.92,38.91,18088,2365,7995,-9781
597,CFG,2020-02-13,0 days 15:59:24.656557,266778,38.91,38.9,8759,7155,-588,413
598,CFG,2020-02-13,0 days 15:59:35.683674,263505,38.93,38.92,12101,5807,2243,-9227
599,CGC,2020-02-13,0 days 15:57:37.577251,97365,19.53,19.52,2634,6429,-1534,166
600,CHGG,2020-02-13,0 days 15:56:54.321031,134632,39.81,39.8,2026,1533,-680,20
601,CHGG,2020-02-13,0 days 15:56:59.333293,135312,39.8,39.79,805,2210,196,-647
602,CHGG,2020-02-13,0 days 15:57:04.345612,132094,39.8,39.79,1423,2106,-8790,672
603,CHGG,2020-02-13,0 days 15:57:30.407074,140884,39.8,39.79,2234,3346,923,-377
604,CHGG,2020-02-13,0 days 15:57:31.409797,138007,39.8,39.79,2234,3346,-2877,923
605,CHGG,2020-02-13,0 days 15:59:03.634190,150740,39.87,39.86,2720,36,12056,-2373
606,CHGG,2020-02-13,0 days 15:59:07.644311,150963,39.87,39.86,2896,1173,13513,-4256
607,CHS,2020-02-13,0 days 15:56:31.322931,75999,4.01,4.0,46849,13742,-10717,1283
608,CHS,2020-02-13,0 days 15:56:32.325330,73616,4.01,4.0,46870,13763,2383,-10717
609,CHS,2020-02-13,0 days 15:59:07.704413,97167,4.01,4.0,59976,20987,-4743,9757
610,CHS,2020-02-13,0 days 15:59:08.707263,94410,4.01,4.0,67577,17260,2757,-4743
611,CHS,2020-02-13,0 days 15:59:36.769552,101567,4.01,4.0,77731,12628,-1630,907
612,CHS,2020-02-13,0 days 15:59:38.771198,103197,4.01,4.0,78459,13025,3866,-1630
613,CI,2020-02-13,0 days 15:55:00.118017,224578,222.24,222.21,5,391,-7852,66508
614,CI,2020-02-13,0 days 15:56:15.298771,235557,222.26,222.18,100,20,106,-894
615,CI,2020-02-13,0 days 15:56:16.301377,234435,222.26,222.18,100,20,-1130,106
616,CI,2020-02-13,0 days 15:57:43.512290,240693,221.82,221.78,446,30,1781,-219
617,CI,2020-02-13,0 days 15:57:44.514676,239374,221.81,221.78,50,45,-1319,1781
618,CI,2020-02-13,0 days 15:57:51.532095,240695,221.85,221.8,360,472,1079,-1321
619,CI,2020-02-13,0 days 15:57:52.533769,239474,221.86,221.83,150,1,-1221,1079
620,CI,2020-02-13,0 days 15:59:05.714039,241586,221.93,221.84,788,747,4972,-816
621,CI,2020-02-13,0 days 15:59:06.716077,240958,221.98,221.94,31,200,-628,4972
622,CI,2020-02-13,0 days 15:59:20.749288,242255,221.98,221.94,200,119,50,-1281
623,CI,2020-02-13,0 days 15:59:23.756361,241632,221.98,221.94,4,419,-623,50
624,CI,2020-02-13,0 days 15:59:36.790051,241814,221.88,221.82,200,400,763,-978
625,CI,2020-02-13,0 days 15:59:37.790477,241377,221.89,221.82,510,531,-437,763
626,CI,2020-02-13,0 days 15:59:39.795408,241814,221.88,221.83,774,10,22463,-437
627,CI,2020-02-13,0 days 15:59:40.798718,241377,221.88,221.8,310,1105,-437,22463
628,CI,2020-02-13,0 days 15:59:42.802742,241914,221.88,221.8,327,1305,501,-537
629,CI,2020-02-13,0 days 15:59:43.804787,241270,221.92,221.86,66,600,-26121,501
630,CI,2020-02-13,0 days 15:59:44.807632,244776,221.91,221.81,200,800,20401,-26121
631,CI,2020-02-13,0 days 15:59:47.814563,242677,221.91,221.81,359,810,-1398,2
632,CI,2020-02-13,0 days 15:59:49.819397,243214,221.91,221.81,128,810,22622,-24055
633,CI,2020-02-13,0 days 15:59:50.822644,241536,221.91,221.83,8,900,-25955,22622
634,CIG,2020-02-13,0 days 15:59:35.711677,118802,3.36,3.35,126858,217519,-6358,1742
635,CIG,2020-02-13,0 days 15:59:36.714520,105160,3.36,3.35,126858,212519,12942,-6358
636,CL,2020-02-13,0 days 15:59:04.677288,327986,76.31,76.3,652,2942,8022,-6619
637,CL,2020-02-13,0 days 15:59:05.683555,323408,76.32,76.31,1871,300,-4578,8022
638,CL,2020-02-13,0 days 15:59:14.701911,327657,76.33,76.32,1207,500,46827,-4749
639,CL,2020-02-13,0 days 15:59:15.704008,326784,76.33,76.32,1376,300,-1480,46827
640,CL,2020-02-13,0 days 15:59:17.708378,333222,76.32,76.31,1924,1723,697,-4631
641,CL,2020-02-13,0 days 15:59:18.711882,332219,76.32,76.31,2726,1698,-1003,697
642,CL,2020-02-13,0 days 15:59:36.763128,340402,76.28,76.27,5299,1042,4263,-1413
643,CL,2020-02-13,0 days 15:59:37.756626,337065,76.28,76.27,2337,1116,-3337,4263
644,CL,2020-02-13,0 days 15:59:42.768498,342502,76.31,76.3,753,2609,1972,-1837
645,CL,2020-02-13,0 days 15:59:43.770857,341774,76.32,76.3,1475,2274,-728,1972
646,CL,2020-02-13,0 days 15:59:45.775605,342502,76.31,76.3,293,1621,881,-728
647,CL,2020-02-13,0 days 15:59:46.779542,341883,76.32,76.31,911,2375,-619,881
648,CL,2020-02-13,0 days 15:59:47.780052,342502,76.32,76.31,911,2475,990,-619
649,CL,2020-02-13,0 days 15:59:49.784974,341802,76.32,76.31,336,2442,-700,1456
650,CLDR,2020-02-13,0 days 15:59:14.701945,260601,10.9,10.89,14542,28023,117437,-7447
651,CLDR,2020-02-13,0 days 15:59:35.752410,274514,10.91,10.9,25285,14551,-3887,4488
652,CLDR,2020-02-13,0 days 15:59:36.763144,274201,10.91,10.9,28280,27274,313,-3887
653,CLDR,2020-02-13,0 days 15:59:38.759368,274514,10.91,10.9,26438,30314,-690,313
654,CLDR,2020-02-13,0 days 15:59:51.790485,282967,10.91,10.9,29071,24977,131,-7753
655,CLF,2020-02-13,0 days 15:59:06.756869,131292,7.65,7.64,61685,24653,1018,-751
656,CLF,2020-02-13,0 days 15:59:44.844992,165307,7.65,7.64,22171,134523,-41190,2838
657,CLR,2020-02-13,0 days 15:59:16.724934,509543,26.81,26.78,800,806,-21615,161829
658,CNC,2020-02-13,0 days 15:55:01.022895,288879,65.97,65.94,100,1121,-80717,49880
659,CNC,2020-02-13,0 days 15:58:38.545241,403338,65.92,65.9,997,1400,542,-15758
660,CNC,2020-02-13,0 days 15:58:50.573957,393080,65.91,65.9,1964,400,-10258,4942
661,CNC,2020-02-13,0 days 15:59:40.696439,426022,65.92,65.91,1621,1768,-784,104
662,CNC,2020-02-13,0 days 15:59:48.713121,426201,65.92,65.91,951,4979,-605,595
663,CNO,2020-02-13,0 days 15:56:36.249246,147558,19.74,19.73,10450,3980,1355,-645
664,CNO,2020-02-13,0 days 15:56:37.251851,146913,19.74,19.73,10450,3980,-645,1355
665,CNO,2020-02-13,0 days 15:57:40.403282,162227,19.76,19.75,3527,9026,657,-1843
666,CNO,2020-02-13,0 days 15:57:41.406321,160384,19.76,19.75,3527,8645,-1843,657
667,CNO,2020-02-13,0 days 15:57:58.447297,162227,19.76,19.75,2168,10292,657,-1843
668,CNO,2020-02-13,0 days 15:57:59.449552,160384,19.76,19.75,2157,10245,-1843,657
669,CNO,2020-02-13,0 days 15:58:07.470831,162227,19.76,19.75,2946,11770,1234,-1166
670,CNO,2020-02-13,0 days 15:58:08.473104,161061,19.76,19.75,3446,11570,-1166,1234
671,CNO,2020-02-13,0 days 15:58:43.556830,162227,19.77,19.76,7387,6435,857,-1743
672,CNO,2020-02-13,0 days 15:58:44.559692,160684,19.77,19.76,5039,8883,-1543,857
673,CNO,2020-02-13,0 days 15:59:06.613959,162824,19.77,19.76,3476,11550,1816,-2140
674,CNO,2020-02-13,0 days 15:59:07.615957,161840,19.77,19.76,1812,13863,-984,1816
675,CNO,2020-02-13,0 days 15:59:24.656462,163106,19.77,19.76,16440,10954,3034,-961
676,CNO,2020-02-13,0 days 15:59:25.658735,162945,19.77,19.76,4340,10467,-161,3034
677,CNO,2020-02-13,0 days 15:59:47.712749,164606,19.77,19.76,18490,6721,3780,-5620
678,CNO,2020-02-13,0 days 15:59:48.713121,163786,19.77,19.76,10709,9340,-820,3780
679,CNP,2020-02-13,0 days 15:55:01.047958,221380,27.17,27.16,5824,6713,-35916,48794
680,CNP,2020-02-13,0 days 15:55:02.050012,217296,27.17,27.16,5631,8858,4084,-35916
681,CNP,2020-02-13,0 days 15:56:58.330352,221732,27.17,27.16,18336,3781,-870,932
682,CNP,2020-02-13,0 days 15:56:59.332622,218102,27.17,27.16,18736,4381,3630,-870
683,CNP,2020-02-13,0 days 15:59:01.628426,225337,27.18,27.17,4000,11701,450,-1450
684,CNP,2020-02-13,0 days 15:59:43.730260,255967,27.18,27.17,363,17823,-620,7880
685,CNP,2020-02-13,0 days 15:59:48.742666,251987,27.19,27.18,2816,13417,2580,-2020
686,CNQ,2020-02-13,0 days 15:55:35.171083,35944,29.36,29.35,900,16624,-498,103
687,CNQ,2020-02-13,0 days 15:55:36.173428,34942,29.36,29.35,1100,16824,1002,-498
688,CNQ,2020-02-13,0 days 15:56:36.317569,35952,29.35,29.34,6453,9345,-530,890
689,CNQ,2020-02-13,0 days 15:56:37.319976,35082,29.35,29.34,6453,9345,870,-530
690,CNQ,2020-02-13,0 days 15:58:52.647820,45112,29.34,29.33,13275,3703,-361,1666
691,CNQ,2020-02-13,0 days 15:58:53.650613,43673,29.34,29.33,12070,4603,1339,-361
692,CNX,2020-02-13,0 days 15:55:00.156566,333792,6.17,6.16,22933,13516,-5964,30295
693,CNX,2020-02-13,0 days 15:55:01.158683,332256,6.17,6.16,23433,18616,1536,-5964
694,CNX,2020-02-13,0 days 15:57:17.489431,343505,6.17,6.16,41475,15557,-7529,871
695,CNX,2020-02-13,0 days 15:57:18.491954,330434,6.17,6.16,41375,15657,12771,-7529
696,CNX,2020-02-13,0 days 15:57:25.509083,353805,6.17,6.16,39972,16564,-7029,12971
697,CNX,2020-02-13,0 days 15:58:06.609254,347610,6.17,6.16,44421,16939,-13073,11327
698,CNX,2020-02-13,0 days 15:58:07.611829,335244,6.17,6.16,45324,16742,12366,-13073
699,CNX,2020-02-13,0 days 15:58:10.619199,354090,6.16,6.15,32248,17981,-7454,12366
700,CNX,2020-02-13,0 days 15:58:11.622099,352144,6.16,6.15,31778,10297,2109,-7454
701,CNX,2020-02-13,0 days 15:58:42.696179,362553,6.16,6.15,29190,23372,-7891,2109
702,CNX,2020-02-13,0 days 15:59:06.756723,356613,6.16,6.15,28187,27468,776,-2360
703,CNX,2020-02-13,0 days 15:59:08.761556,357389,6.16,6.15,23578,34789,-1046,776
704,CNX,2020-02-13,0 days 15:59:29.808953,362888,6.17,6.16,29615,25424,721,-11579
705,COG,2020-02-13,0 days 15:56:58.388712,511471,15.1,15.09,17374,13448,1024,-1847
706,COG,2020-02-13,0 days 15:56:59.391460,504027,15.1,15.09,17243,14148,-7444,1024
707,COG,2020-02-13,0 days 15:57:20.442274,518225,15.08,15.07,31710,9607,112436,-12564
708,COG,2020-02-13,0 days 15:57:21.444652,510913,15.08,15.07,19493,16707,-7312,112436
709,COG,2020-02-13,0 days 15:59:00.686511,559850,15.07,15.06,17564,10643,132547,-4922
710,COG,2020-02-13,0 days 15:59:01.688982,552597,15.07,15.06,11304,16244,-853,132547
711,COG,2020-02-13,0 days 15:59:14.721061,561735,15.07,15.06,23080,14595,19654,-326
712,COP,2020-02-13,0 days 15:55:00.111520,501988,58.79,58.78,7993,676,-77845,49758
713,COP,2020-02-13,0 days 15:55:35.196629,503957,58.78,58.77,9762,3503,2042,-1869
714,COP,2020-02-13,0 days 15:55:57.248982,505100,58.81,58.8,7900,5270,799,-33901
715,COP,2020-02-13,0 days 15:56:02.261045,502288,58.81,58.8,9927,4261,-2812,799
716,COP,2020-02-13,0 days 15:56:08.275280,505100,58.81,58.8,9215,5528,2865,-668
717,COP,2020-02-13,0 days 15:57:06.416091,548200,58.77,58.76,7100,2108,-22113,6022
718,COP,2020-02-13,0 days 15:57:32.478491,574429,58.78,58.77,10707,2976,33,-1167
719,COP,2020-02-13,0 days 15:57:33.481066,570462,58.78,58.77,10906,2945,-3967,33
720,COP,2020-02-13,0 days 15:57:37.490656,573129,58.76,58.75,985,3289,233,-1067
721,COP,2020-02-13,0 days 15:57:39.495338,572462,58.75,58.74,3010,2467,-667,2333
722,COP,2020-02-13,0 days 15:57:51.525192,574429,58.76,58.75,10908,2797,1228,-964
723,COP,2020-02-13,0 days 15:57:52.527360,569957,58.76,58.75,10108,2997,-4472,1228
724,COP,2020-02-13,0 days 15:57:56.537146,573493,58.76,58.75,9208,5196,2064,-636
725,COP,2020-02-13,0 days 15:57:57.539510,572857,58.76,58.75,9008,5596,-636,2064
726,COP,2020-02-13,0 days 15:58:02.552913,573493,58.77,58.76,17721,4404,3564,-936
727,COP,2020-02-13,0 days 15:58:03.555170,572557,58.77,58.76,16534,6002,-936,3564
728,COP,2020-02-13,0 days 15:58:04.557893,573493,58.77,58.76,16186,6102,1624,-936
729,COP,2020-02-13,0 days 15:58:05.560485,575992,58.77,58.76,17586,5488,-4201,1624
730,COP,2020-02-13,0 days 15:58:06.562599,574793,58.77,58.76,16986,5880,1199,-4201
731,COP,2020-02-13,0 days 15:58:51.671378,582861,58.7,58.69,15744,1400,-9931,3529
732,COP,2020-02-13,0 days 15:58:52.673548,582092,58.7,58.69,15767,2002,1127,-9931
733,COP,2020-02-13,0 days 15:59:07.711965,634081,58.75,58.74,10346,4000,-10820,13893
734,COP,2020-02-13,0 days 15:59:08.714311,630186,58.75,58.74,10846,4902,2762,-10820
735,COP,2020-02-13,0 days 15:59:16.732731,628597,58.79,58.78,616,2800,-3389,2762
736,COP,2020-02-13,0 days 15:59:18.735354,624942,58.8,58.79,3948,280,7052,-3645
737,COP,2020-02-13,0 days 15:59:25.751268,595587,58.82,58.81,1425,1239,-33755,3445
738,COP,2020-02-13,0 days 15:59:26.753435,594842,58.81,58.8,1100,4700,745,-33755
739,COP,2020-02-13,0 days 15:59:32.768626,593142,58.82,58.81,1036,2800,545,-2855
740,COP,2020-02-13,0 days 15:59:35.775849,595587,58.82,58.81,4140,4600,-56955,4145
741,COTY,2020-02-13,0 days 15:59:05.713730,779514,11.56,11.55,10433,31991,70979,-35605
742,COTY,2020-02-13,0 days 15:59:06.715746,744895,11.57,11.56,12800,35409,-33448,70979
743,COTY,2020-02-13,0 days 15:59:41.800623,802571,11.56,11.55,23912,14200,9008,-68882
744,CPG,2020-02-13,0 days 15:58:24.579834,8112,3.2,3.19,308148,151700,1187,-2429
745,CPRI,2020-02-13,0 days 15:59:42.838547,201912,29.67,29.66,3940,7736,-3589,411
746,CRC,2020-02-13,0 days 15:57:04.500063,63063,6.59,6.57,3448,3348,775,-425
747,CRC,2020-02-13,0 days 15:57:05.502534,62738,6.59,6.57,3448,3348,-1742,775
748,CRC,2020-02-13,0 days 15:59:38.866738,71928,6.57,6.56,2109,3278,-139,555
749,CRM,2020-02-13,0 days 15:55:00.055015,191653,188.69,188.66,2,322,-5125,34859
750,CRM,2020-02-13,0 days 15:59:45.735670,260189,188.51,188.49,100,30,39911,-21470
751,CRM,2020-02-13,0 days 15:59:46.739496,255989,188.64,188.59,300,1500,-56800,39911
752,CTST,2020-02-13,0 days 15:57:13.521720,1000,0.8,0.79,5700,24282,-500,1000
753,CTST,2020-02-13,0 days 15:57:27.552720,1500,0.8,0.79,5600,23282,419,-500
754,CTVA,2020-02-13,0 days 15:55:00.156996,397821,30.66,30.65,2750,1331,-6316,71797
755,CTVA,2020-02-13,0 days 15:57:00.447778,402757,30.6,30.59,2672,2993,1213,-2929
756,CTVA,2020-02-13,0 days 15:57:01.450885,396870,30.6,30.59,2772,2993,-6147,1213
757,CTVA,2020-02-13,0 days 15:58:11.622209,406169,30.61,30.6,400,2195,37507,-2693
758,CTVA,2020-02-13,0 days 15:58:12.623865,405276,30.61,30.6,2315,2406,-893,37507
759,CTVA,2020-02-13,0 days 15:58:13.626178,406169,30.61,30.6,2400,3306,807,-893
760,CTVA,2020-02-13,0 days 15:58:14.628724,404376,30.61,30.6,2300,3306,-1793,807
761,CTVA,2020-02-13,0 days 15:58:37.684259,406169,30.61,30.6,4900,2907,5207,-1793
762,CTVA,2020-02-13,0 days 15:58:38.687204,406076,30.61,30.6,4796,2907,-93,5207
763,CTVA,2020-02-13,0 days 15:59:15.776239,459193,30.61,30.6,607,1974,-7269,2339
764,CTVA,2020-02-13,0 days 15:59:16.777926,456362,30.61,30.6,607,2174,1631,-7269
765,CTVA,2020-02-13,0 days 15:59:23.794077,459193,30.61,30.6,869,3232,-2690,1631
766,CTVA,2020-02-13,0 days 15:59:24.796604,456783,30.61,30.6,1647,3965,1210,-2690
767,CVE,2020-02-13,0 days 15:58:52.680013,166809,8.99,8.98,14403,125017,1993,-6735
768,CVE,2020-02-13,0 days 15:58:53.682735,158902,8.99,8.98,14103,128720,-4307,1993
769,CVE,2020-02-13,0 days 15:59:00.700201,166809,8.99,8.98,11064,128101,2843,-4307
770,CVE,2020-02-13,0 days 15:59:01.702551,161352,8.99,8.98,16364,132701,-1857,2843
771,CVS,2020-02-13,0 days 15:55:01.022844,345260,72.14,72.13,200,1561,-37998,86507
772,CVS,2020-02-13,0 days 15:55:02.022609,333058,72.13,72.12,100,1200,12502,-37998
773,CVS,2020-02-13,0 days 15:56:41.261538,366486,72.12,72.1,1558,2101,-3851,9249
774,CVS,2020-02-13,0 days 15:56:42.263816,356937,72.12,72.11,1458,200,9249,-3851
775,CVS,2020-02-13,0 days 15:58:11.479953,386497,72.1,72.09,1800,10061,-23351,1642
776,CVS,2020-02-13,0 days 15:58:12.482373,375048,72.1,72.09,2400,8161,6615,-23351
777,CVS,2020-02-13,0 days 15:59:06.613928,407063,72.08,72.07,963,2031,-17934,13106
778,CVS,2020-02-13,0 days 15:59:07.615957,400097,72.08,72.07,3324,700,7478,-17934
779,CVS,2020-02-13,0 days 15:59:10.623117,410048,72.08,72.07,2534,300,-90749,7278
780,CVS,2020-02-13,0 days 15:59:16.637559,410848,72.07,72.06,722,4840,-649,251
781,CVS,2020-02-13,0 days 15:59:47.712699,428566,72.02,72.01,1329,1441,-143058,136011
782,CVS,2020-02-13,0 days 15:59:55.729586,382993,71.95,71.94,200,6500,111157,-49787
783,CVX,2020-02-13,0 days 15:57:01.410158,741901,111.63,111.61,312,1505,-3300,2213
784,CVX,2020-02-13,0 days 15:57:02.413048,734401,111.62,111.61,1091,1805,7400,-3300
785,CVX,2020-02-13,0 days 15:57:06.422680,741801,111.63,111.62,210,899,-6655,1148
786,CVX,2020-02-13,0 days 15:57:07.425259,736799,111.63,111.62,299,866,4402,-6655
787,CVX,2020-02-13,0 days 15:57:35.492682,742721,111.65,111.63,2050,1900,-418,4682
788,CVX,2020-02-13,0 days 15:57:37.497209,737664,111.63,111.62,322,981,5057,-6918
789,CVX,2020-02-13,0 days 15:57:38.499859,742721,111.63,111.62,644,1381,-2545,5057
790,CVX,2020-02-13,0 days 15:57:39.502293,738466,111.63,111.62,1433,1581,4255,-2545
791,CVX,2020-02-13,0 days 15:57:50.529603,742721,111.66,111.64,1525,2575,-1596,8404
792,CVX,2020-02-13,0 days 15:57:51.532095,739319,111.66,111.64,1714,4275,3402,-1596
793,CVX,2020-02-13,0 days 15:57:52.533769,742721,111.66,111.64,225,3875,-1025,3402
794,CVX,2020-02-13,0 days 15:57:53.536276,739446,111.66,111.65,114,1670,3275,-1025
795,CVX,2020-02-13,0 days 15:57:54.538791,742721,111.66,111.65,189,2380,-2125,3275
796,CVX,2020-02-13,0 days 15:57:55.541499,739446,111.66,111.65,389,1380,3275,-2125
797,CVX,2020-02-13,0 days 15:58:04.564317,742721,111.65,111.64,2407,1168,-11725,3275
798,CVX,2020-02-13,0 days 15:58:05.566715,740146,111.64,111.63,4402,423,2575,-11725
799,CVX,2020-02-13,0 days 15:58:37.644131,747559,111.63,111.62,207,1031,-5545,6507
800,CVX,2020-02-13,0 days 15:58:38.646908,744104,111.63,111.61,405,1103,3455,-5545
801,CVX,2020-02-13,0 days 15:58:55.687260,748483,111.67,111.65,868,500,2416,-2484
802,CVX,2020-02-13,0 days 15:59:04.710205,750199,111.69,111.67,2350,1177,-786,314
803,CVX,2020-02-13,0 days 15:59:07.718642,748282,111.7,111.69,1321,802,1644,-1656
804,CVX,2020-02-13,0 days 15:59:16.741018,833663,111.7,111.68,1040,502,-14371,4055
805,CVX,2020-02-13,0 days 15:59:17.741925,831334,111.7,111.68,1645,404,1729,-14371
806,CVX,2020-02-13,0 days 15:59:27.766465,832674,111.73,111.71,615,500,-11153,447
807,CVX,2020-02-13,0 days 15:59:28.768426,824227,111.72,111.7,500,795,8847,-11153
808,CVX,2020-02-13,0 days 15:59:37.790477,834277,111.69,111.66,530,1500,-3853,1637
809,CVX,2020-02-13,0 days 15:59:39.795408,834643,111.65,111.64,700,400,334,-1953
810,CVX,2020-02-13,0 days 15:59:40.798718,834277,111.67,111.66,200,800,-3353,334
811,CX,2020-02-13,0 days 15:57:10.399677,127093,3.96,3.95,277743,87043,2007,-15412
812,CX,2020-02-13,0 days 15:58:36.608823,129215,3.95,3.94,116382,243091,-665,6035
813,CXW,2020-02-13,0 days 15:57:29.445317,100751,16.86,16.85,607,904,3432,-168
814,CXW,2020-02-13,0 days 15:59:06.682742,106268,16.86,16.85,1229,2628,-1053,1473
815,CXW,2020-02-13,0 days 15:59:13.699951,104070,16.86,16.84,2678,3055,-451,1747
816,CXW,2020-02-13,0 days 15:59:20.714658,104521,16.86,16.84,2478,2300,1746,-451
817,CXW,2020-02-13,0 days 15:59:37.756700,106267,16.86,16.85,174,3638,-1386,616
818,CXW,2020-02-13,0 days 15:59:46.779590,104966,16.86,16.85,1335,2427,1301,-4899
819,CYH,2020-02-13,0 days 15:57:01.410158,26743,4.79,4.78,12839,15403,-417,1245
820,CYH,2020-02-13,0 days 15:57:02.413044,25660,4.79,4.78,12605,15103,1083,-417
821,CYH,2020-02-13,0 days 15:57:13.439709,26743,4.79,4.78,13705,15303,-17,1083
822,CYH,2020-02-13,0 days 15:57:14.442061,25760,4.79,4.78,14005,15003,983,-17
823,CYH,2020-02-13,0 days 15:57:49.526675,26743,4.79,4.78,14499,14920,-949,683
824,CYH,2020-02-13,0 days 15:57:50.529603,25992,4.79,4.78,14799,14820,832,-949
825,CYH,2020-02-13,0 days 15:59:08.721248,28048,4.78,4.77,15122,38572,-2424,331
826,CYH,2020-02-13,0 days 15:59:09.723007,27634,4.78,4.77,13711,39065,414,-2424
827,CYH,2020-02-13,0 days 15:59:37.790451,27221,4.78,4.77,24052,33600,327,-4273
828,D,2020-02-13,0 days 15:57:36.535269,274636,86.12,86.11,2106,827,2078,-1922
829,D,2020-02-13,0 days 15:57:38.540279,270314,86.12,86.11,1958,989,-4322,978
830,D,2020-02-13,0 days 15:57:41.547722,274636,86.12,86.11,2427,870,378,-622
831,D,2020-02-13,0 days 15:57:43.552154,270314,86.13,86.12,3972,718,-4322,978
832,D,2020-02-13,0 days 15:58:37.684182,275325,86.18,86.17,3158,1200,3789,-2311
833,D,2020-02-13,0 days 15:58:38.687106,271714,86.18,86.17,3258,1700,-3611,3789
834,D,2020-02-13,0 days 15:59:04.750835,275884,86.2,86.19,1807,1100,3239,-4136
835,D,2020-02-13,0 days 15:59:05.754860,267223,86.2,86.19,844,1711,-8817,3239
836,D,2020-02-13,0 days 15:59:43.842614,275885,86.19,86.18,1347,800,-666,4234
837,D,2020-02-13,0 days 15:59:44.844899,276551,86.19,86.18,1140,1008,1318,-666
838,D,2020-02-13,0 days 15:59:57.877445,278173,86.24,86.21,1036,6090,1342,-3272
839,D,2020-02-13,0 days 15:59:58.878065,273415,86.26,86.22,7645,100,-3272,1342
840,DAL,2020-02-13,0 days 15:59:15.635215,312535,59.13,59.12,3513,200,-26292,39485
841,DAL,2020-02-13,0 days 15:59:20.647413,313786,59.11,59.1,3085,550,-2221,1870
842,DAL,2020-02-13,0 days 15:59:27.663574,312490,59.14,59.13,3720,2227,407,-2624
843,DAL,2020-02-13,0 days 15:59:36.685866,313181,59.13,59.12,4577,422,-2781,1691
844,DB,2020-02-13,0 days 15:59:35.683701,136251,11.03,11.02,83508,171779,1297,-546
845,DB,2020-02-13,0 days 15:59:40.696521,132148,11.03,11.02,77264,185331,-2503,2897
846,DBD,2020-02-13,0 days 15:56:35.347408,88628,8.77,8.76,1510,4026,698,-1662
847,DBD,2020-02-13,0 days 15:56:36.349678,86926,8.77,8.76,810,4326,-1702,698
848,DBD,2020-02-13,0 days 15:59:07.718504,112081,8.78,8.77,3682,564,11047,-19453
849,DBD,2020-02-13,0 days 15:59:08.721134,109128,8.78,8.77,3182,700,-1453,11047
850,DBD,2020-02-13,0 days 15:59:39.795361,121446,8.79,8.78,6993,4692,10791,-2552
851,DBD,2020-02-13,0 days 15:59:40.798601,119437,8.78,8.77,2000,2654,-2009,10791
852,DD,2020-02-13,0 days 15:55:35.170411,264855,53.26,53.25,1401,2855,-382,1623
853,DD,2020-02-13,0 days 15:55:36.172809,261037,53.26,53.25,701,3509,3718,-382
854,DD,2020-02-13,0 days 15:57:10.400172,271392,53.22,53.21,4054,2134,-1290,1567
855,DD,2020-02-13,0 days 15:57:11.402534,267682,53.22,53.21,3954,2134,6910,-1290
856,DD,2020-02-13,0 days 15:58:05.534111,282942,53.21,53.2,5204,764,-13051,1900
857,DD,2020-02-13,0 days 15:59:28.734334,411095,53.21,53.2,1567,5982,42113,-83704
858,DD,2020-02-13,0 days 15:59:29.736910,404308,53.23,53.22,700,5193,-7839,42113
859,DD,2020-02-13,0 days 15:59:42.768635,429098,53.25,53.24,1226,3358,183,-796
860,DD,2020-02-13,0 days 15:59:45.775763,425939,53.25,53.24,1706,1292,-1738,8841
861,DDD,2020-02-13,0 days 15:56:11.256018,157441,12.11,12.1,2163,5403,167,-959
862,DDD,2020-02-13,0 days 15:56:30.301468,154856,12.1,12.09,10694,1140,-2485,267
863,DDD,2020-02-13,0 days 15:59:04.676332,174655,12.11,12.1,9990,4812,7043,-2259
864,DELL,2020-02-13,0 days 15:59:21.718789,163077,52.56,52.55,2296,336,303,-926
865,DELL,2020-02-13,0 days 15:59:22.721100,162370,52.56,52.55,1956,336,-707,303
866,DELL,2020-02-13,0 days 15:59:29.739327,166044,52.56,52.55,1828,384,7336,-1174
867,DELL,2020-02-13,0 days 15:59:30.741091,165406,52.56,52.55,2528,330,-638,7336
868,DELL,2020-02-13,0 days 15:59:40.766224,174566,52.56,52.55,4479,342,-692,6208
869,DHI,2020-02-13,0 days 15:59:17.720575,1054531,61.72,61.71,2838,1181,-58065,511944
870,DHI,2020-02-13,0 days 15:59:18.722783,1010900,61.68,61.67,1126,1731,50631,-58065
871,DHI,2020-02-13,0 days 15:59:19.724767,1054531,61.71,61.7,4885,200,-673,50631
872,DHI,2020-02-13,0 days 15:59:20.727446,1055204,61.69,61.68,3484,100,6455,-673
873,DHI,2020-02-13,0 days 15:59:22.731503,1065302,61.71,61.7,4160,700,-7592,17908
874,DHI,2020-02-13,0 days 15:59:23.734443,1059394,61.68,61.67,1341,957,12908,-7592
875,DHI,2020-02-13,0 days 15:59:27.744922,1065302,61.69,61.68,5649,3448,-34003,1259
876,DHI,2020-02-13,0 days 15:59:28.747247,1060305,61.67,61.66,1004,3250,11997,-34003
877,DHI,2020-02-13,0 days 15:59:31.754079,1065302,61.69,61.68,3434,400,-3101,22499
878,DHI,2020-02-13,0 days 15:59:32.756458,1061303,61.67,61.66,1741,1118,11034,-3101
879,DHI,2020-02-13,0 days 15:59:48.795410,1077129,61.67,61.66,2021,4468,-28983,982
880,DHR,2020-02-13,0 days 15:55:00.156401,214935,163.42,163.38,200,100,-10679,17325
881,DHR,2020-02-13,0 days 15:55:39.251745,223052,163.41,163.39,1,425,2764,-1117
882,DHR,2020-02-13,0 days 15:55:40.253922,222616,163.42,163.39,636,425,-436,2764
883,DHR,2020-02-13,0 days 15:56:29.371881,223322,163.27,163.25,936,215,453,-191
884,DHR,2020-02-13,0 days 15:56:30.375013,222875,163.27,163.25,936,317,-447,453
885,DHR,2020-02-13,0 days 15:57:02.452843,223405,163.28,163.26,438,225,1994,-119
886,DHR,2020-02-13,0 days 15:57:03.455278,223199,163.26,163.25,76,10,-206,1994
887,DHR,2020-02-13,0 days 15:57:11.474270,223708,163.28,163.26,596,315,282,-209
888,DHR,2020-02-13,0 days 15:57:12.476557,223490,163.28,163.26,597,315,-218,282
889,DHR,2020-02-13,0 days 15:57:16.486535,223708,163.26,163.25,161,145,561,-18
890,DHR,2020-02-13,0 days 15:57:17.489353,223669,163.25,163.24,161,573,-137,561
891,DHR,2020-02-13,0 days 15:58:49.713325,233553,163.24,163.21,400,326,457,-343
892,DHR,2020-02-13,0 days 15:58:50.716057,232710,163.25,163.23,100,515,-843,457
893,DHR,2020-02-13,0 days 15:58:51.718075,224324,163.25,163.23,100,515,486,-843
894,DHR,2020-02-13,0 days 15:59:01.742772,248812,163.3,163.29,668,1,-18982,24816
895,DHR,2020-02-13,0 days 15:59:02.745148,246894,163.3,163.29,668,1,1985,-18982
896,DHR,2020-02-13,0 days 15:59:04.750779,249019,163.3,163.27,663,319,-20923,2225
897,DHR,2020-02-13,0 days 15:59:05.754589,243242,163.3,163.27,467,423,5868,-20923
898,DHR,2020-02-13,0 days 15:59:40.835531,253041,163.28,163.26,142,5,-159,141
899,DHT,2020-02-13,0 days 15:55:01.022895,102756,5.89,5.88,19776,5990,-89499,58035
900,DHT,2020-02-13,0 days 15:55:19.064037,98955,5.89,5.88,22723,5845,3801,-89499
901,DHT,2020-02-13,0 days 15:58:32.530217,114855,5.9,5.89,29545,30441,4601,-2599
902,DHT,2020-02-13,0 days 15:58:41.552280,112403,5.9,5.89,30422,32646,-2452,4601
903,DHT,2020-02-13,0 days 15:58:42.554665,108455,5.9,5.89,28826,33366,3948,-2452
904,DHT,2020-02-13,0 days 15:59:08.618997,112403,5.9,5.89,31947,28159,-7577,899
905,DHT,2020-02-13,0 days 15:59:09.620920,110280,5.9,5.89,33847,27559,2123,-7577
906,DHT,2020-02-13,0 days 15:59:15.635154,112403,5.9,5.89,32376,33303,-1560,2123
907,DHT,2020-02-13,0 days 15:59:16.637603,110563,5.9,5.89,33876,32403,1840,-1560
908,DHT,2020-02-13,0 days 15:59:20.647361,112403,5.9,5.89,31698,33907,-2160,1840
909,DHT,2020-02-13,0 days 15:59:21.649339,110763,5.9,5.89,31577,35690,1640,-2160
910,DIS,2020-02-13,0 days 15:58:39.547551,446341,140.9,140.88,1427,2118,6188,-7412
911,DIS,2020-02-13,0 days 15:58:40.550385,440829,140.9,140.88,1227,2118,-5512,6188
912,DLPH,2020-02-13,0 days 15:55:00.103015,64859,15.57,15.56,3872,905,568,-2333
913,DLPH,2020-02-13,0 days 15:57:30.466305,65672,15.56,15.55,3635,1018,-1512,88
914,DLPH,2020-02-13,0 days 15:57:31.468984,65484,15.56,15.55,4135,718,188,-1512
915,DLPH,2020-02-13,0 days 15:58:07.558303,66220,15.58,15.57,500,3203,-844,204
916,DLPH,2020-02-13,0 days 15:58:08.560789,65764,15.58,15.57,500,2281,456,-844
917,DLPH,2020-02-13,0 days 15:58:10.565632,66220,15.58,15.57,300,2881,-1144,456
918,DLPH,2020-02-13,0 days 15:58:11.567994,65764,15.58,15.57,300,3457,456,-1144
919,DLPH,2020-02-13,0 days 15:58:15.576945,66220,15.58,15.57,4100,1829,-1144,456
920,DLPH,2020-02-13,0 days 15:58:16.579177,65764,15.58,15.57,4100,2129,456,-1144
921,DLPH,2020-02-13,0 days 15:59:27.745059,69906,15.59,15.58,565,3008,4241,-359
922,DO,2020-02-13,0 days 15:57:03.408915,97521,3.82,3.81,14222,18997,1661,-215
923,DO,2020-02-13,0 days 15:57:04.411117,95782,3.82,3.81,14222,18997,-1776,1661
924,DO,2020-02-13,0 days 15:57:07.418724,97558,3.82,3.81,12122,19609,624,-1776
925,DO,2020-02-13,0 days 15:57:08.421270,95782,3.82,3.81,11689,19709,-1776,624
926,DO,2020-02-13,0 days 15:57:25.461625,99336,3.82,3.81,17536,24048,546,-1776
927,DO,2020-02-13,0 days 15:57:26.463920,97382,3.82,3.81,17536,24248,-1954,546
928,DO,2020-02-13,0 days 15:58:36.635217,97565,3.81,3.8,23698,35990,117,-1683
929,DO,2020-02-13,0 days 15:58:37.637690,96082,3.81,3.8,22807,37404,-1483,117
930,DOW,2020-02-13,0 days 15:59:15.775242,344069,48.31,48.3,150,300,-19852,83526
931,DOW,2020-02-13,0 days 15:59:16.777640,340204,48.29,48.28,800,81,5365,-19852
932,DOW,2020-02-13,0 days 15:59:28.806766,346210,48.32,48.31,720,689,-752,2148
933,DOW,2020-02-13,0 days 15:59:31.812891,345758,48.32,48.31,640,832,452,-2252
934,DOW,2020-02-13,0 days 15:59:32.815838,348010,48.31,48.3,640,400,-1647,452
935,DOW,2020-02-13,0 days 15:59:33.818011,346457,48.3,48.29,2380,226,1553,-1647
936,DRE,2020-02-13,0 days 15:56:57.386205,273837,37.93,37.92,8989,1718,-1605,1695
937,DRE,2020-02-13,0 days 15:56:58.388693,267742,37.93,37.92,8989,1618,6451,-1605
938,DRE,2020-02-13,0 days 15:59:03.693860,296667,37.91,37.9,3117,6774,-6278,8737
939,DRE,2020-02-13,0 days 15:59:04.696496,291645,37.91,37.9,4017,6174,5022,-6278
940,DRE,2020-02-13,0 days 15:59:35.764522,293500,37.92,37.91,1074,16405,3359,-4588
941,DT,2020-02-13,0 days 15:57:11.428589,70101,35.94,35.91,440,366,622,-90
942,DT,2020-02-13,0 days 15:57:12.430954,66923,35.94,35.91,445,358,-3178,622
943,DT,2020-02-13,0 days 15:57:34.483610,70101,35.92,35.89,36,200,8522,-1478
944,DT,2020-02-13,0 days 15:57:35.485922,68123,35.92,35.88,36,532,-1978,8522
945,DT,2020-02-13,0 days 15:58:30.620371,70101,35.94,35.92,310,95,818,-382
946,DT,2020-02-13,0 days 15:58:31.622781,68419,35.94,35.92,310,95,-1682,818
947,DT,2020-02-13,0 days 15:58:40.644625,70101,35.94,35.89,224,320,213,-1387
948,DT,2020-02-13,0 days 15:58:41.647052,68614,35.94,35.89,224,320,-1487,213
949,DT,2020-02-13,0 days 15:59:04.703664,70168,35.93,35.89,1146,894,7186,-1454
950,DT,2020-02-13,0 days 15:59:05.707271,69754,35.93,35.89,1146,894,-624,7186
951,DT,2020-02-13,0 days 15:59:08.714241,70378,35.93,35.89,1046,994,28002,-624
952,DUK,2020-02-13,0 days 15:55:12.140167,435716,100.07,100.06,500,419,-1156,1270
953,DUK,2020-02-13,0 days 15:55:13.142279,434772,100.06,100.04,900,649,944,-1156
954,DUK,2020-02-13,0 days 15:56:13.287713,435716,100.07,100.06,300,901,-4961,594
955,DUK,2020-02-13,0 days 15:56:14.289751,435377,100.07,100.06,1961,483,339,-4961
956,DUK,2020-02-13,0 days 15:56:28.324073,433989,100.11,100.09,902,1319,1727,-288
957,DUK,2020-02-13,0 days 15:56:36.343167,435716,100.09,100.06,700,213,-1494,470
958,DUK,2020-02-13,0 days 15:56:37.345692,435360,100.09,100.06,700,413,361,-1494
959,DUK,2020-02-13,0 days 15:56:55.389054,435721,100.1,100.08,1763,1300,-475,125
960,DUK,2020-02-13,0 days 15:57:04.411167,444321,100.07,100.06,1429,613,2751,-8249
961,DUK,2020-02-13,0 days 15:57:05.413921,443872,100.07,100.06,1243,613,-449,2751
962,DUK,2020-02-13,0 days 15:57:14.435716,446680,100.04,100.02,700,531,2877,-623
963,DUK,2020-02-13,0 days 15:57:15.437953,446557,100.04,100.02,1300,831,-123,2877
964,DUK,2020-02-13,0 days 15:57:28.468682,460697,99.96,99.94,775,1100,2260,-14340
965,DUK,2020-02-13,0 days 15:57:29.470970,459357,99.95,99.94,400,633,-1040,2260
966,DUK,2020-02-13,0 days 15:57:33.481066,460397,99.93,99.92,1500,709,460,-1040
967,DUK,2020-02-13,0 days 15:57:34.483610,459557,99.92,99.91,900,200,-840,460
968,DUK,2020-02-13,0 days 15:57:37.490656,442361,99.89,99.88,500,200,14880,-220
969,DUK,2020-02-13,0 days 15:57:45.510336,461797,99.91,99.89,500,500,1760,-340
970,DUK,2020-02-13,0 days 15:57:46.512682,461057,99.9,99.89,188,124,-740,1760
971,DUK,2020-02-13,0 days 15:57:48.517673,443761,99.88,99.87,100,713,17880,-120
972,DUK,2020-02-13,0 days 15:57:54.532267,456441,99.89,99.87,2403,201,-362,138
973,DUK,2020-02-13,0 days 15:58:00.548434,462039,99.92,99.9,926,300,3018,-682
974,DUK,2020-02-13,0 days 15:58:02.552913,461357,99.92,99.9,551,1310,-682,518
975,DUK,2020-02-13,0 days 15:58:04.557921,462139,99.96,99.94,713,800,38318,-682
976,DUK,2020-02-13,0 days 15:58:22.601469,494254,99.97,99.95,500,500,3424,-3576
977,DUK,2020-02-13,0 days 15:58:39.642001,500654,99.98,99.96,815,888,3024,-4576
978,DUK,2020-02-13,0 days 15:58:41.647079,467078,99.98,99.97,600,50,-45276,16524
979,DUK,2020-02-13,0 days 15:58:42.649702,466954,99.98,99.97,404,9,124,-45276
980,DUK,2020-02-13,0 days 15:58:44.655330,467088,99.99,99.98,813,200,-3566,4224
981,DUK,2020-02-13,0 days 15:59:03.702144,469187,100.05,100.03,1143,1858,536,-90
982,DUK,2020-02-13,0 days 15:59:08.714311,520705,100.05,100.03,1151,524,3549,-1207
983,DUK,2020-02-13,0 days 15:59:15.727868,524354,100.05,100.03,2015,710,-1573,2619
984,DUK,2020-02-13,0 days 15:59:16.732731,523128,100.03,100.01,500,417,1226,-1573
985,DUK,2020-02-13,0 days 15:59:17.732346,524354,100.03,100.01,1300,553,-927,1226
986,DUK,2020-02-13,0 days 15:59:18.735354,523681,100.04,100.02,548,400,673,-927
987,DUK,2020-02-13,0 days 15:59:35.775849,527102,100.04,100.01,500,292,-579,5420
988,DUK,2020-02-13,0 days 15:59:36.780179,527681,100.04,100.01,139,492,4820,-579
989,DUK,2020-02-13,0 days 15:59:37.780394,530502,100.04,100.01,629,692,-1179,4820
990,DUK,2020-02-13,0 days 15:59:38.782907,529381,100.04,100.01,349,1011,1121,-1179
991,DUK,2020-02-13,0 days 15:59:44.797261,532067,100.09,100.06,1341,900,-514,1694
992,DVN,2020-02-13,0 days 15:55:00.156929,323732,23.31,23.3,529,8545,-43262,5368
993,DVN,2020-02-13,0 days 15:56:35.387075,367348,23.3,23.29,8366,4911,568,-2552
994,DVN,2020-02-13,0 days 15:57:15.484949,376148,23.31,23.3,3687,11849,-7147,1053
995,DVN,2020-02-13,0 days 15:57:16.486649,375095,23.31,23.3,3487,12008,1053,-7147
996,DVN,2020-02-13,0 days 15:57:19.493853,371733,23.31,23.3,3952,12145,-3362,1053
997,DVN,2020-02-13,0 days 15:57:20.496255,371095,23.31,23.3,4052,12645,638,-3362
998,DVN,2020-02-13,0 days 15:57:36.535337,375402,23.31,23.3,6825,6057,-2393,4307
999,DVN,2020-02-13,0 days 15:57:41.547781,374395,23.3,23.29,8184,8001,1007,-793
1000,DVN,2020-02-13,0 days 15:58:00.594286,375540,23.3,23.29,6939,10797,-1483,517
1001,DVN,2020-02-13,0 days 15:58:01.597146,375023,23.3,23.29,7552,10497,517,-1483
1002,DVN,2020-02-13,0 days 15:59:03.747927,378664,23.27,23.26,2228,13010,-729,496
1003,DVN,2020-02-13,0 days 15:59:04.751004,378093,23.27,23.26,1928,12510,571,-729
1004,DVN,2020-02-13,0 days 15:59:31.813069,408829,23.3,23.29,732,11998,252,-1348
1005,DVN,2020-02-13,0 days 15:59:43.842668,410581,23.3,23.29,928,14357,-116,6884
1006,DVN,2020-02-13,0 days 15:59:50.859694,409698,23.31,23.3,8560,3506,783,-517
1007,DXC,2020-02-13,0 days 15:59:05.683829,337117,30.64,30.63,1708,7291,14681,-28575
1008,DXC,2020-02-13,0 days 15:59:06.682807,331198,30.64,30.63,1076,7591,-5919,14681
1009,DXC,2020-02-13,0 days 15:59:15.704353,341247,30.65,30.64,814,6693,64291,-9649
1010,DXC,2020-02-13,0 days 15:59:16.707510,340308,30.66,30.65,1087,1939,-939,64291
1011,DXC,2020-02-13,0 days 15:59:32.744568,346548,30.66,30.65,6816,2743,759,-2140
1012,EAF,2020-02-13,0 days 15:57:17.489460,262499,10.07,10.06,17221,21229,-53,1947
1013,EAF,2020-02-13,0 days 15:57:31.523623,260752,10.07,10.06,17621,21536,1747,-2953
1014,EAF,2020-02-13,0 days 15:57:46.559383,267799,10.07,10.06,14638,35172,-9053,2147
1015,EAF,2020-02-13,0 days 15:57:47.562016,265552,10.07,10.06,14638,35072,2247,-9053
1016,EAF,2020-02-13,0 days 15:59:36.825527,267803,10.08,10.07,5370,18830,-2029,116
1017,EL,2020-02-13,0 days 15:59:03.634166,263358,214.97,214.95,82,57,2245,-1684
1018,EL,2020-02-13,0 days 15:59:04.636688,261003,214.97,214.95,82,57,-1855,2245
1019,EL,2020-02-13,0 days 15:59:07.644286,263476,215.01,215.0,440,253,9263,-1973
1020,EL,2020-02-13,0 days 15:59:08.648295,261239,215.03,214.97,500,300,-1737,9263
1021,EL,2020-02-13,0 days 15:59:33.706446,263246,214.9,214.84,1506,300,1936,-164
1022,EL,2020-02-13,0 days 15:59:34.709546,262123,214.89,214.83,2022,119,-923,1936
1023,EL,2020-02-13,0 days 15:59:41.726510,263163,214.89,214.85,330,994,3828,-272
1024,EL,2020-02-13,0 days 15:59:42.729354,262291,214.94,214.84,900,800,-972,3828
1025,ELAN,2020-02-13,0 days 15:55:00.086682,121661,31.18,31.17,1609,3992,-9553,68212
1026,ELAN,2020-02-13,0 days 15:55:01.088957,117614,31.18,31.17,1247,5692,4047,-9553
1027,ELAN,2020-02-13,0 days 15:55:40.183118,122241,31.18,31.17,1796,5179,-1073,4627
1028,ELAN,2020-02-13,0 days 15:55:41.185211,120614,31.18,31.17,2898,4979,1627,-1073
1029,ELAN,2020-02-13,0 days 15:56:53.358770,124497,31.18,31.17,5140,1560,-732,1597
1030,ELAN,2020-02-13,0 days 15:56:54.361129,123429,31.18,31.17,5087,1560,1068,-732
1031,ELAN,2020-02-13,0 days 15:59:00.667378,129295,31.16,31.15,7605,16223,-28571,1429
1032,ELY,2020-02-13,0 days 15:55:00.054509,45236,19.54,19.53,1023,653,-537,394
1033,ELY,2020-02-13,0 days 15:57:32.411757,53189,19.54,19.53,2145,2065,1614,-430
1034,ELY,2020-02-13,0 days 15:57:33.414032,52303,19.54,19.53,2245,2165,-886,1614
1035,ELY,2020-02-13,0 days 15:57:38.426254,53189,19.54,19.53,2945,2086,1114,-886
1036,ELY,2020-02-13,0 days 15:57:39.428529,52303,19.54,19.53,1545,2599,-886,1114
1037,ELY,2020-02-13,0 days 15:59:04.636204,55698,19.53,19.52,1710,3121,9249,-1220
1038,ELY,2020-02-13,0 days 15:59:05.638745,55447,19.53,19.52,743,2929,-549,9249
1039,ELY,2020-02-13,0 days 15:59:35.711497,57647,19.53,19.52,7518,1200,-168,432
1040,ELY,2020-02-13,0 days 15:59:39.720984,57815,19.53,19.52,8590,990,1650,-68
1041,EMR,2020-02-13,0 days 15:59:08.688503,302077,73.12,73.11,1158,1973,11278,-7496
1042,EMR,2020-02-13,0 days 15:59:09.689958,297655,73.12,73.11,1458,1790,-4422,11278
1043,EMR,2020-02-13,0 days 15:59:15.703965,302166,73.12,73.11,569,1439,83603,-4511
1044,EMR,2020-02-13,0 days 15:59:25.726387,322101,73.21,73.19,1001,1923,-1770,1617
1045,EMR,2020-02-13,0 days 15:59:26.729249,323871,73.2,73.19,100,1727,530,-1770
1046,EMR,2020-02-13,0 days 15:59:27.732009,323101,73.21,73.19,850,1831,-770,530
1047,EMR,2020-02-13,0 days 15:59:32.744325,323832,73.18,73.17,605,527,14269,-79
1048,ENB,2020-02-13,0 days 15:56:57.394219,149488,42.0,41.99,30087,2530,-702,543
1049,ENB,2020-02-13,0 days 15:56:58.396602,144190,42.0,41.99,29279,2530,5298,-702
1050,ENB,2020-02-13,0 days 15:59:04.703688,162673,41.97,41.96,29121,15531,-10935,5851
1051,ENB,2020-02-13,0 days 15:59:05.707311,158908,41.97,41.96,27823,16730,4058,-10935
1052,ENB,2020-02-13,0 days 15:59:28.758510,167966,41.99,41.98,1665,15573,-982,218
1053,ENB,2020-02-13,0 days 15:59:34.773764,163350,42.0,41.99,5411,16137,2416,-2184
1054,ENIA,2020-02-13,0 days 15:56:35.429471,65449,9.34,9.33,17405,12292,1029,-1541
1055,ENIA,2020-02-13,0 days 15:56:36.431746,62778,9.34,9.33,17905,12092,-2671,1029
1056,ENIA,2020-02-13,0 days 15:58:00.637926,64954,9.34,9.33,15667,15126,-2685,115
1057,ENIA,2020-02-13,0 days 15:58:12.662954,67639,9.34,9.33,16835,16620,815,-2685
1058,ENIA,2020-02-13,0 days 15:58:13.665925,65454,9.34,9.33,16835,16620,-2185,815
1059,ENLC,2020-02-13,0 days 15:57:11.334678,92805,4.57,4.56,7577,22372,1107,-29959
1060,ENLC,2020-02-13,0 days 15:57:12.336783,90412,4.57,4.56,7574,22372,-2393,1107
1061,ENLC,2020-02-13,0 days 15:59:24.656382,105489,4.58,4.57,26861,13048,2130,-2582
1062,ENLC,2020-02-13,0 days 15:59:25.658648,103119,4.58,4.57,27561,12948,-2370,2130
1063,ENLC,2020-02-13,0 days 15:59:29.669194,105489,4.58,4.57,27042,8980,4130,-2370
1064,ENLC,2020-02-13,0 days 15:59:30.671217,103519,4.58,4.57,26142,17252,-1970,4130
1065,EOG,2020-02-13,0 days 15:55:00.111379,285203,75.55,75.54,739,452,-28238,58829
1066,EOG,2020-02-13,0 days 15:56:39.350216,293064,75.51,75.5,490,707,57,-194
1067,EOG,2020-02-13,0 days 15:57:07.418724,299246,75.53,75.51,571,656,-5559,341
1068,EOG,2020-02-13,0 days 15:57:08.421270,298905,75.53,75.52,136,388,341,-5559
1069,EOG,2020-02-13,0 days 15:57:33.481023,299015,75.59,75.57,699,1639,-690,10
1070,EOG,2020-02-13,0 days 15:57:34.483610,298705,75.59,75.57,1299,1639,310,-690
1071,EOG,2020-02-13,0 days 15:57:37.490625,299015,75.56,75.54,681,100,-1090,3010
1072,EOG,2020-02-13,0 days 15:57:39.495338,298905,75.56,75.54,1123,100,110,-190
1073,EOG,2020-02-13,0 days 15:57:45.510310,299015,75.56,75.53,916,1495,-290,210
1074,EOG,2020-02-13,0 days 15:57:47.514869,298905,75.56,75.53,1216,1397,110,-1490
1075,EOG,2020-02-13,0 days 15:58:00.548381,299015,75.57,75.56,416,1067,-684,1116
1076,EOG,2020-02-13,0 days 15:58:01.550042,298899,75.57,75.56,616,1101,116,-684
1077,EOG,2020-02-13,0 days 15:58:08.567733,305497,75.55,75.53,309,896,-1502,1498
1078,EOG,2020-02-13,0 days 15:58:09.569480,304699,75.55,75.53,609,834,698,-1502
1079,EOG,2020-02-13,0 days 15:58:50.669312,315056,75.49,75.46,1107,762,56,-744
1080,EOG,2020-02-13,0 days 15:58:57.685860,312056,75.53,75.51,400,564,5356,-1944
1081,EPD,2020-02-13,0 days 15:57:28.555679,195972,26.1,26.09,16134,10366,1003,-2369
1082,EPD,2020-02-13,0 days 15:58:39.728456,195972,26.11,26.1,19320,5868,192,-4397
1083,EPD,2020-02-13,0 days 15:58:40.730616,188875,26.11,26.1,21820,2968,-7097,192
1084,EPD,2020-02-13,0 days 15:59:05.792181,198420,26.11,26.1,22141,4280,444,-3056
1085,EQH,2020-02-13,0 days 15:56:04.172062,214843,26.98,26.97,5489,2168,2636,-4464
1086,EQH,2020-02-13,0 days 15:56:05.174580,207479,26.98,26.97,5889,2168,-7364,2636
1087,EQH,2020-02-13,0 days 15:56:29.232555,214843,26.96,26.95,4703,1400,20955,-3520
1088,EQH,2020-02-13,0 days 15:56:30.234852,207898,26.96,26.95,900,4911,-6945,20955
1089,EQH,2020-02-13,0 days 15:56:35.246814,214843,26.97,26.96,4649,2308,395,-6945
1090,EQH,2020-02-13,0 days 15:56:40.259153,206435,26.97,26.96,4343,3008,-8408,395
1091,EQH,2020-02-13,0 days 15:59:05.610972,263298,26.96,26.95,2234,3917,8530,-25205
1092,EQH,2020-02-13,0 days 15:59:06.613928,259828,26.96,26.95,1245,5417,-3470,8530
1093,EQH,2020-02-13,0 days 15:59:15.635154,263298,26.96,26.95,387,6797,120947,-3470
1094,EQT,2020-02-13,0 days 15:59:15.635215,1367826,5.4,5.39,7273,72475,200643,-146046
1095,ET,2020-02-13,0 days 15:55:00.198687,388482,12.85,12.84,35891,49433,1067334,-53792
1096,ET,2020-02-13,0 days 15:59:17.815147,1487414,12.84,12.83,43139,57829,-38789,760233
1097,ET,2020-02-13,0 days 15:59:18.818299,1483203,12.83,12.82,60072,51610,4211,-38789
1098,ET,2020-02-13,0 days 15:59:21.824762,1487414,12.83,12.82,64872,39534,-51958,4870
1099,ET,2020-02-13,0 days 15:59:43.878739,1495676,12.82,12.81,76278,10000,1128,-6872
1100,ET,2020-02-13,0 days 15:59:47.887968,1496804,12.82,12.81,25656,46368,-82464,2752
1101,ETRN,2020-02-13,0 days 15:56:12.275782,981119,8.74,8.73,8517,3024,-3701,35899
1102,ETRN,2020-02-13,0 days 15:59:41.778709,1076503,8.72,8.71,5766,10505,-5366,25134
1103,F,2020-02-13,0 days 15:57:35.478894,3952534,8.27,8.26,820656,354800,-8029,15371
1104,F,2020-02-13,0 days 15:58:39.634815,4040247,8.27,8.26,965699,249287,-4143,31357
1105,F,2020-02-13,0 days 15:59:05.701239,4108077,8.27,8.26,1039297,201636,97387,-66813
1106,F,2020-02-13,0 days 15:59:07.704413,4206744,8.27,8.26,1024630,197350,-102603,97387
1107,FCAU,2020-02-13,0 days 15:59:06.709802,58731,13.45,13.44,50196,37198,19,-1278
1108,FCAU,2020-02-13,0 days 15:59:27.756402,51250,13.45,13.44,40208,37386,-7630,19
1109,FCAU,2020-02-13,0 days 15:59:29.761372,58880,13.45,13.44,42008,36293,870,-830
1110,FCAU,2020-02-13,0 days 15:59:30.763391,58050,13.45,13.44,42608,37241,-830,870
1111,FCAU,2020-02-13,0 days 15:59:39.785602,58880,13.45,13.44,55611,46185,11613,-587
1112,FCAU,2020-02-13,0 days 15:59:40.788839,58293,13.45,13.44,53611,46769,-587,11613
1113,FCX,2020-02-13,0 days 15:57:08.395609,1375718,12.65,12.64,125812,65142,-1529,20571
1114,FCX,2020-02-13,0 days 15:57:09.404156,1357647,12.64,12.63,71093,54645,18071,-1529
1115,FCX,2020-02-13,0 days 15:57:37.464717,1383500,12.64,12.63,92993,59917,-10383,3217
1116,FCX,2020-02-13,0 days 15:57:38.466807,1368183,12.64,12.63,93893,54321,15317,-10383
1117,FDX,2020-02-13,0 days 15:59:03.675009,152710,161.7,161.68,539,175,5076,-2299
1118,FDX,2020-02-13,0 days 15:59:04.677288,150861,161.7,161.68,539,750,-1849,5076
1119,FDX,2020-02-13,0 days 15:59:37.758291,159443,161.57,161.54,292,1350,1539,-4761
1120,FDX,2020-02-13,0 days 15:59:38.761704,157982,161.56,161.54,2962,400,-661,1539
1121,FDX,2020-02-13,0 days 15:59:49.787025,156096,161.52,161.51,377,200,-844,353
1122,FE,2020-02-13,0 days 15:56:13.333825,187305,51.97,51.96,3976,944,455,-1175
1123,FE,2020-02-13,0 days 15:56:14.335857,184560,51.97,51.96,5330,887,-2745,455
1124,FE,2020-02-13,0 days 15:57:14.481735,191793,51.93,51.92,5752,1706,594,-906
1125,FE,2020-02-13,0 days 15:57:15.484877,189955,51.93,51.92,6427,2006,-1838,594
1126,FE,2020-02-13,0 days 15:57:33.527846,192944,51.91,51.9,5862,2323,122,-1578
1127,FE,2020-02-13,0 days 15:57:34.530319,190566,51.91,51.9,5462,2523,-2378,122
1128,FE,2020-02-13,0 days 15:58:06.609222,193123,51.93,51.92,7378,3005,243,-157
1129,FE,2020-02-13,0 days 15:58:07.611797,190966,51.92,51.91,3500,4475,-2157,243
1130,FE,2020-02-13,0 days 15:58:22.648409,193123,51.94,51.93,5585,1544,3174,-2022
1131,FE,2020-02-13,0 days 15:58:23.651066,191497,51.94,51.93,3610,3620,-1626,3174
1132,FE,2020-02-13,0 days 15:59:05.754730,194359,51.97,51.96,6777,2918,8654,-2262
1133,FE,2020-02-13,0 days 15:59:06.756723,190013,51.97,51.96,5963,3512,-6159,8654
1134,FE,2020-02-13,0 days 15:59:35.825154,196742,51.95,51.94,1069,6146,113,-203
1135,FE,2020-02-13,0 days 15:59:44.844942,197361,51.96,51.95,6375,3994,394,-406
1136,FE,2020-02-13,0 days 15:59:45.847540,197155,51.96,51.95,2092,4672,-206,394
1137,FG,2020-02-13,0 days 15:55:42.119419,60237,12.09,12.08,8861,6179,2309,-649
1138,FG,2020-02-13,0 days 15:55:43.121948,57246,12.09,12.08,8860,6079,-2991,2309
1139,FG,2020-02-13,0 days 15:59:39.693187,102433,12.07,12.06,25845,36086,205,-3441
1140,FHN,2020-02-13,0 days 15:55:00.085789,106935,16.65,16.64,9441,42787,-13456,3222
1141,FHN,2020-02-13,0 days 15:59:00.667526,135298,16.66,16.65,19720,40553,106,-1994
1142,FHN,2020-02-13,0 days 15:59:04.677348,135714,16.66,16.65,15641,41453,-3006,116
1143,FHN,2020-02-13,0 days 15:59:08.688676,138720,16.66,16.65,9321,43998,5491,-1306
1144,FHN,2020-02-13,0 days 15:59:09.690068,138111,16.66,16.65,12592,43598,-609,5491
1145,FHN,2020-02-13,0 days 15:59:24.724511,138720,16.66,16.65,4477,47264,3000,-9
1146,FHN,2020-02-13,0 days 15:59:25.726515,131220,16.66,16.65,3077,49107,-7500,3000
1147,FHN,2020-02-13,0 days 15:59:28.734197,138720,16.66,16.65,1807,46283,1392,-600
1148,FHN,2020-02-13,0 days 15:59:29.736772,133212,16.66,16.65,6427,48586,-5508,1392
1149,FHN,2020-02-13,0 days 15:59:33.746876,140820,16.66,16.65,13896,50336,5392,-7308
1150,FHN,2020-02-13,0 days 15:59:34.749218,140212,16.66,16.65,13463,53436,-608,5392
1151,FIS,2020-02-13,0 days 15:55:00.111005,475992,154.69,154.67,915,1002,30058,-28540
1152,FIS,2020-02-13,0 days 15:55:01.113179,472950,154.68,154.67,395,1802,-3042,30058
1153,FIS,2020-02-13,0 days 15:55:37.201121,476329,154.73,154.71,151,817,4525,-1775
1154,FIS,2020-02-13,0 days 15:55:38.203672,473354,154.73,154.71,151,817,-2975,4525
1155,FIS,2020-02-13,0 days 15:57:00.401454,480632,154.5,154.48,615,480,86,-87
1156,FIS,2020-02-13,0 days 15:57:07.418686,480718,154.47,154.44,705,797,-1214,86
1157,FIS,2020-02-13,0 days 15:57:35.485889,484432,154.49,154.48,653,2121,395,-2505
1158,FIS,2020-02-13,0 days 15:57:36.488437,482527,154.49,154.48,633,2321,-1805,395
1159,FIS,2020-02-13,0 days 15:57:38.492821,484432,154.49,154.48,440,2421,1795,-505
1160,FIS,2020-02-13,0 days 15:57:39.495281,483827,154.49,154.48,640,2421,-505,1795
1161,FIS,2020-02-13,0 days 15:57:40.497962,484432,154.49,154.48,848,2621,795,-505
1162,FIS,2020-02-13,0 days 15:57:41.500810,483527,154.49,154.48,848,2622,-805,795
1163,FIS,2020-02-13,0 days 15:57:44.507821,480791,154.48,154.47,300,143,3436,-105
1164,FIS,2020-02-13,0 days 15:57:45.510242,480527,154.49,154.48,10,380,-264,3436
1165,FIS,2020-02-13,0 days 15:58:05.560415,485206,154.52,154.51,307,1511,947,-953
1166,FIS,2020-02-13,0 days 15:58:06.562538,484353,154.5,154.49,307,463,-853,947
1167,FIS,2020-02-13,0 days 15:58:11.575218,485206,154.51,154.5,625,1100,1652,-448
1168,FIS,2020-02-13,0 days 15:58:12.577086,484258,154.51,154.5,725,1110,-948,1652
1169,FIS,2020-02-13,0 days 15:58:14.582483,485206,154.51,154.5,825,820,2952,-948
1170,FIS,2020-02-13,0 days 15:58:15.584243,484258,154.51,154.5,1147,920,-948,2952
1171,FIS,2020-02-13,0 days 15:58:43.651906,485958,154.41,154.39,200,815,-761,39
1172,FIS,2020-02-13,0 days 15:58:50.669288,486719,154.35,154.33,400,200,3539,-761
1173,FIS,2020-02-13,0 days 15:58:51.671348,486358,154.35,154.33,355,415,-361,3539
1174,FIS,2020-02-13,0 days 15:59:00.693775,487355,154.35,154.33,100,1000,3403,-886
1175,FIS,2020-02-13,0 days 15:59:01.696028,486958,154.37,154.34,1302,200,-866,3403
1176,FIS,2020-02-13,0 days 15:59:06.709585,488882,154.36,154.34,150,115,4205,-574
1177,FIS,2020-02-13,0 days 15:59:07.711786,488787,154.36,154.34,500,830,-502,4205
1178,FIS,2020-02-13,0 days 15:59:25.751180,521690,154.3,154.26,440,1500,527,-2173
1179,FLR,2020-02-13,0 days 15:55:00.199079,536402,19.93,19.92,910,2103,-2640,21681
1180,FLR,2020-02-13,0 days 15:56:58.485524,539163,19.92,19.91,1612,2215,393,-297
1181,FLR,2020-02-13,0 days 15:56:59.488214,537956,19.93,19.92,1200,3383,-1807,393
1182,FLR,2020-02-13,0 days 15:57:33.567914,543094,19.92,19.91,810,2717,3956,-844
1183,FLR,2020-02-13,0 days 15:57:34.570034,542150,19.92,19.91,910,2617,-944,3956
1184,FLR,2020-02-13,0 days 15:57:36.575024,543094,19.92,19.91,681,2617,3856,-944
1185,FLR,2020-02-13,0 days 15:57:38.579637,542650,19.92,19.91,681,3017,-444,4256
1186,FLR,2020-02-13,0 days 15:58:03.640911,543107,19.92,19.91,2137,500,9743,-819
1187,FLR,2020-02-13,0 days 15:58:10.658126,544293,19.92,19.91,1096,2103,1820,-459
1188,FLR,2020-02-13,0 days 15:58:19.679498,544293,19.92,19.91,1397,2509,4020,-280
1189,FLR,2020-02-13,0 days 15:58:20.682005,544013,19.92,19.91,1096,2709,-280,4020
1190,FLR,2020-02-13,0 days 15:58:42.735316,546303,19.93,19.92,1127,3351,310,-742
1191,FLR,2020-02-13,0 days 15:58:43.739742,544913,19.93,19.92,1127,3351,-1390,310
1192,FLR,2020-02-13,0 days 15:59:08.799472,550504,19.95,19.94,1792,1575,40030,-609
1193,FLR,2020-02-13,0 days 15:59:36.862031,585817,19.96,19.95,7740,1418,-2240,1798
1194,FLR,2020-02-13,0 days 15:59:37.864152,584257,19.95,19.94,3435,900,1560,-2240
1195,FLR,2020-02-13,0 days 15:59:43.879551,584587,19.97,19.96,1740,1526,830,-5970
1196,FLR,2020-02-13,0 days 15:59:45.884019,588585,19.97,19.96,8985,1093,-3007,3598
1197,FLR,2020-02-13,0 days 15:59:46.886439,587192,19.96,19.95,3580,3164,1393,-3007
1198,FNF,2020-02-13,0 days 15:55:53.213455,279956,45.22,45.21,1220,1192,-12897,1503
1199,FNF,2020-02-13,0 days 15:56:31.305172,295459,45.13,45.11,401,1700,628,-372
1200,FNF,2020-02-13,0 days 15:56:53.358432,296454,45.17,45.15,918,2000,-323,636
1201,FNF,2020-02-13,0 days 15:56:54.360864,295877,45.17,45.15,1118,2100,577,-323
1202,FNF,2020-02-13,0 days 15:57:12.405130,297897,45.17,45.16,1335,1200,-5009,1123
1203,FNF,2020-02-13,0 days 15:57:13.407229,297806,45.16,45.15,800,720,91,-5009
1204,FNF,2020-02-13,0 days 15:57:19.421218,305092,45.16,45.15,611,3040,-2014,1091
1205,FNF,2020-02-13,0 days 15:57:20.423554,304306,45.16,45.15,611,3140,786,-2014
1206,FNF,2020-02-13,0 days 15:57:23.430670,302664,45.16,45.15,622,4243,-1642,786
1207,FNF,2020-02-13,0 days 15:57:24.433194,302106,45.16,45.15,745,4043,558,-1642
1208,FNF,2020-02-13,0 days 15:57:33.455109,306055,45.16,45.15,932,6023,-51,658
1209,FNF,2020-02-13,0 days 15:57:34.457354,305406,45.16,45.15,632,5371,649,-51
1210,FNF,2020-02-13,0 days 15:57:44.481966,309675,45.13,45.12,500,356,-311,969
1211,FNF,2020-02-13,0 days 15:57:45.484167,308886,45.14,45.12,1656,402,789,-311
1212,FNF,2020-02-13,0 days 15:58:01.523964,313368,45.13,45.12,1457,2993,-1053,1447
1213,FNF,2020-02-13,0 days 15:58:02.526566,312041,45.15,45.14,1000,1500,1227,-1053
1214,FNF,2020-02-13,0 days 15:58:44.629615,319601,45.12,45.11,543,2,-24891,31509
1215,FNF,2020-02-13,0 days 15:58:45.631242,316592,45.13,45.1,713,899,3009,-24891
1216,FNF,2020-02-13,0 days 15:59:14.702030,329985,45.12,45.11,806,1810,-4514,2971
1217,FNF,2020-02-13,0 days 15:59:15.704246,327699,45.12,45.11,706,2210,2186,-4514
1218,FNF,2020-02-13,0 days 15:59:42.768603,345132,45.19,45.14,900,740,-353,2447
1219,FNF,2020-02-13,0 days 15:59:48.783805,340237,45.19,45.16,100,43,4895,-1005
1220,FNF,2020-02-13,0 days 15:59:49.785121,345132,45.2,45.16,1452,43,-605,4895
1221,FNF,2020-02-13,0 days 15:59:50.788847,327437,45.2,45.13,1246,300,17695,-605
1222,FPAC,2020-02-13,0 days 15:58:51.645412,7652,10.8,10.78,35415,600,1236,-724
1223,FPAC,2020-02-13,0 days 15:58:52.646990,7188,10.8,10.78,35415,600,-364,1236
1224,FSK,2020-02-13,0 days 15:59:00.667378,179438,6.19,6.18,144125,39171,-6357,2643
1225,FSK,2020-02-13,0 days 15:59:01.669636,162995,6.19,6.18,143725,40271,16443,-6357
1226,FTCH,2020-02-13,0 days 15:56:13.376578,38940,12.63,12.62,5118,3118,205,-555
1227,FTCH,2020-02-13,0 days 15:57:06.505030,42035,12.61,12.6,5931,1532,-985,295
1228,FTCH,2020-02-13,0 days 15:57:15.525378,44453,12.61,12.6,6631,1435,1299,-718
1229,FTCH,2020-02-13,0 days 15:57:16.527229,44052,12.61,12.6,6631,1435,-401,1299
1230,FTCH,2020-02-13,0 days 15:57:30.560565,44453,12.6,12.59,2832,1803,499,-401
