,Symbol,Timestamp,TIME,iPaired,Ask_P,Bid_P,Ask_S,Bid_S,iShares,PreviShares
0,ABBV,2020-03-27,0 days 15:57:36.916050,1107949,72.77,72.72,800,928,-15644,11162
1,ABBV,2020-03-27,0 days 15:57:50.950075,1122593,72.68,72.65,700,100,26081,-2430
2,AEE,2020-03-27,0 days 15:59:51.214333,254064,73.98,73.93,100,100,4281,-5667
3,AEP,2020-03-27,0 days 15:51:06.965888,328194,82.72,82.58,307,400,6880,-4264
4,AEP,2020-03-27,0 days 15:51:11.977122,330590,83.09,82.9,100,300,-8390,2145
5,AEP,2020-03-27,0 days 15:51:17.989334,338130,83.09,82.89,100,100,-850,6165
6,AEP,2020-03-27,0 days 15:51:42.047225,331929,83.04,82.89,100,100,6065,-1250
7,AEP,2020-03-27,0 days 15:51:46.056665,337730,82.9,82.89,400,100,-1250,6065
8,AEP,2020-03-27,0 days 15:51:48.063030,331929,83.09,82.89,100,100,6265,-1350
9,AEP,2020-03-27,0 days 15:51:49.064216,337730,83.09,82.89,100,100,-1250,6265
10,AEP,2020-03-27,0 days 15:51:56.080830,331929,82.91,82.89,100,100,6465,-1250
11,AEP,2020-03-27,0 days 15:52:04.101399,337630,83.09,83.02,100,100,-1350,6865
12,AEP,2020-03-27,0 days 15:52:05.102640,338980,83.09,82.94,100,100,4514,-1350
13,AEP,2020-03-27,0 days 15:53:54.362340,337473,83.39,83.19,900,100,-1507,557
14,AEP,2020-03-27,0 days 15:53:59.374443,338980,83.24,83.19,404,100,857,-1107
15,AEP,2020-03-27,0 days 15:58:49.063994,338980,83.36,83.29,209,100,16087,-22477
16,AEP,2020-03-27,0 days 15:59:02.095201,350503,83.46,83.38,200,200,-22477,15587
17,AEP,2020-03-27,0 days 15:59:09.112394,338980,83.41,83.32,200,300,13887,-21777
18,AEP,2020-03-27,0 days 15:59:10.114207,350903,83.45,83.37,308,300,-22077,13887
19,AEP,2020-03-27,0 days 15:59:17.130955,338980,83.5,83.36,200,100,13387,-22077
20,AEP,2020-03-27,0 days 15:59:18.133064,349501,83.49,83.37,336,100,-23479,13387
21,AEP,2020-03-27,0 days 15:59:19.135550,338980,83.48,83.34,1200,200,12987,-23479
22,AEP,2020-03-27,0 days 15:59:20.137808,349501,83.48,83.35,381,100,-23479,12987
23,AEP,2020-03-27,0 days 15:59:24.147697,338980,83.47,83.3,1910,200,16087,-22077
24,AEP,2020-03-27,0 days 15:59:25.149870,351203,83.47,83.3,1974,200,-21777,16087
25,AEP,2020-03-27,0 days 15:59:26.155903,338980,83.46,83.28,200,600,16087,-21777
26,AEP,2020-03-27,0 days 15:59:31.166970,350903,83.42,83.3,484,600,-22077,13887
27,AEP,2020-03-27,0 days 15:59:32.168353,338980,83.42,83.32,1085,500,14432,-22077
28,AEP,2020-03-27,0 days 15:59:34.173354,351148,83.42,83.32,2934,757,-21832,14132
29,AEP,2020-03-27,0 days 15:59:35.176309,338980,83.35,83.3,384,200,16332,-21832
30,AEP,2020-03-27,0 days 15:59:46.203218,350348,83.51,83.32,1200,300,-22632,13632
31,AEP,2020-03-27,0 days 15:59:50.213102,338980,83.47,83.36,400,405,13632,-22232
32,AEP,2020-03-27,0 days 15:59:51.214498,354655,83.47,83.37,432,100,-18325,13632
33,AEP,2020-03-27,0 days 15:59:52.215450,338980,83.47,83.37,815,100,18141,-18325
34,AEP,2020-03-27,0 days 15:59:53.218910,355257,83.47,83.36,760,300,-17723,18141
35,AFL,2020-03-27,0 days 15:59:54.237804,832351,35.35,35.34,200,100,1230,-1851
36,AFL,2020-03-27,0 days 15:59:56.239932,831400,35.34,35.3,1509,427,-951,1230
37,AL,2020-03-27,0 days 15:50:18.875544,5373,21.06,21.01,1600,735,37079,-1427
38,AL,2020-03-27,0 days 15:50:26.893617,5373,20.99,20.97,900,100,37079,-1427
39,AL,2020-03-27,0 days 15:50:39.924873,43133,21.06,20.97,1600,100,-1427,37079
40,AL,2020-03-27,0 days 15:50:52.955832,5373,21.06,21.03,1600,200,37079,-1427
41,AL,2020-03-27,0 days 15:51:42.071057,5373,20.9,20.86,1800,100,37079,-1427
42,AL,2020-03-27,0 days 15:51:44.076204,43133,20.9,20.86,700,400,-1427,37079
43,AL,2020-03-27,0 days 15:51:58.108900,5373,20.85,20.81,1500,276,37079,-1427
44,AL,2020-03-27,0 days 15:53:36.341095,43133,20.91,20.86,400,212,-1427,37079
45,AL,2020-03-27,0 days 15:53:58.393960,43133,20.85,20.82,800,100,-1427,37079
46,AL,2020-03-27,0 days 15:54:22.461639,5373,20.91,20.87,400,300,37079,-1427
47,AL,2020-03-27,0 days 15:54:28.465553,43133,20.87,20.85,200,100,-1427,37079
48,AL,2020-03-27,0 days 15:55:05.553187,43133,20.88,20.87,100,1730,-1427,37079
49,AL,2020-03-27,0 days 15:55:11.567540,5473,20.93,20.92,200,300,36979,-1427
50,AL,2020-03-27,0 days 15:58:08.984602,6073,21.06,21.05,700,625,36379,-1427
51,AL,2020-03-27,0 days 15:58:42.062562,42989,21.12,21.07,739,2395,-1571,36135
52,AL,2020-03-27,0 days 15:58:51.084182,6173,21.11,21.09,200,582,36135,-1571
53,AL,2020-03-27,0 days 15:59:33.185255,43133,20.97,20.95,311,900,-1427,36579
54,AL,2020-03-27,0 days 15:59:53.234233,43133,21.01,20.93,400,860,-1427,36879
55,AMCR,2020-03-27,0 days 15:57:00.822948,1268558,7.82,7.81,15948,5804,1420,-1857
56,AR,2020-03-27,0 days 15:51:56.110518,3894383,0.86,0.85,47600,9299,-842034,456211
57,AR,2020-03-27,0 days 15:51:58.115954,3438172,0.85,0.84,700,940,456211,-842034
58,AR,2020-03-27,0 days 15:52:06.134390,3894383,0.86,0.85,47200,6777,-954435,456211
59,AR,2020-03-27,0 days 15:52:44.225453,3550773,0.85,0.84,1400,956,343610,-954435
60,BA,2020-03-27,0 days 15:52:36.200182,739767,162.19,162.1,1620,1527,-2772,49880
61,BA,2020-03-27,0 days 15:52:44.222149,736209,161.82,161.62,100,100,3568,-4126
62,BA,2020-03-27,0 days 15:53:01.269112,739767,162.13,161.8,200,200,-7143,57603
63,BA,2020-03-27,0 days 15:53:04.273031,689887,162.19,162.08,520,100,49880,-11361
64,BA,2020-03-27,0 days 15:53:05.272577,739777,162.11,161.92,100,200,-8451,49880
65,BA,2020-03-27,0 days 15:53:07.271343,682074,161.83,161.63,200,252,57703,-738
66,BA,2020-03-27,0 days 15:53:10.278528,739777,161.8,161.71,795,100,-1392,57703
67,BA,2020-03-27,0 days 15:53:12.287137,682074,161.98,161.76,200,100,57703,-2115
68,BA,2020-03-27,0 days 15:53:23.310086,689887,162.02,161.94,1763,200,49880,-9828
69,BA,2020-03-27,0 days 15:53:25.314609,736867,162.14,162.03,100,401,-13435,49880
70,BA,2020-03-27,0 days 15:53:27.321175,689887,162.14,162.03,100,110,49880,-13435
71,BA,2020-03-27,0 days 15:53:28.335981,739777,162.04,161.94,100,200,-11173,49880
72,BA,2020-03-27,0 days 15:53:34.336727,739767,162.14,162.01,100,600,-11845,49880
73,BA,2020-03-27,0 days 15:53:38.353261,689887,162.56,162.53,200,100,40966,-21393
74,BA,2020-03-27,0 days 15:53:46.370191,689887,162.34,162.25,100,100,46980,-15379
75,BA,2020-03-27,0 days 15:53:47.367518,730953,162.5,162.34,450,100,-21293,46980
76,BA,2020-03-27,0 days 15:53:59.396282,689887,162.26,162.22,100,400,46980,-16051
77,BA,2020-03-27,0 days 15:54:02.408480,734887,162.42,162.24,100,400,-18031,45000
78,BA,2020-03-27,0 days 15:54:03.410897,689887,162.42,162.35,200,400,41066,-18031
79,BA,2020-03-27,0 days 15:54:04.408235,734887,162.35,162.28,100,459,-18031,41066
80,BA,2020-03-27,0 days 15:54:25.458542,730853,162.46,162.32,100,200,-22782,49880
81,BA,2020-03-27,0 days 15:54:45.503554,689887,162.2,162.0,200,1483,49880,-16768
82,BA,2020-03-27,0 days 15:54:52.521446,736867,162.22,162.15,500,100,-16768,49880
83,BA,2020-03-27,0 days 15:55:04.556641,739767,162.11,162.02,100,200,-19568,49880
84,BA,2020-03-27,0 days 15:55:05.553318,695587,162.24,162.16,100,100,41280,-19568
85,BA,2020-03-27,0 days 15:55:09.562558,734887,162.33,162.29,100,100,-24448,41280
86,BA,2020-03-27,0 days 15:55:10.564724,695587,162.33,162.31,100,200,39300,-24448
87,BA,2020-03-27,0 days 15:55:11.567585,730953,162.39,162.37,368,100,-28382,39300
88,BA,2020-03-27,0 days 15:55:14.578517,695587,162.39,162.32,397,400,39300,-28382
89,BA,2020-03-27,0 days 15:55:15.577785,730853,162.47,162.41,100,400,-28482,39300
90,BA,2020-03-27,0 days 15:55:16.579805,695587,162.5,162.45,2137,500,35266,-28482
91,BA,2020-03-27,0 days 15:55:17.582498,730953,162.44,162.35,100,600,-28382,35266
92,BA,2020-03-27,0 days 15:55:33.627374,730853,162.5,162.43,100,200,-29682,35266
93,BA,2020-03-27,0 days 15:55:36.627649,695587,162.47,162.46,200,100,35266,-29582
94,BA,2020-03-27,0 days 15:55:37.629838,730853,162.56,162.48,100,200,-29682,35266
95,BA,2020-03-27,0 days 15:55:42.642095,730853,162.56,162.46,100,800,-29682,35266
96,BA,2020-03-27,0 days 15:55:49.658914,730953,162.39,162.33,200,500,-29582,39300
97,BA,2020-03-27,0 days 15:56:08.712243,730853,162.5,162.46,100,400,-29682,35266
98,BA,2020-03-27,0 days 15:56:24.742717,695587,162.68,162.54,400,100,35266,-29682
99,BA,2020-03-27,0 days 15:56:39.778400,695587,162.41,162.4,397,1708,35366,-29682
100,BA,2020-03-27,0 days 15:57:00.829679,696512,162.29,162.23,1190,100,40355,-25648
101,BA,2020-03-27,0 days 15:57:11.854684,697424,162.6,162.54,2052,100,33429,-32443
102,BA,2020-03-27,0 days 15:57:12.868609,730953,162.42,162.32,200,100,-32343,33429
103,BA,2020-03-27,0 days 15:57:16.866690,697424,162.38,162.37,100,163,33529,-32343
104,BA,2020-03-27,0 days 15:57:18.871504,730953,162.5,162.41,100,300,-34202,37463
105,BA,2020-03-27,0 days 15:57:21.878541,699283,162.5,162.42,223,400,31670,-34202
106,BA,2020-03-27,0 days 15:57:22.880809,730853,162.52,162.46,100,200,-34302,31670
107,BA,2020-03-27,0 days 15:57:40.915825,699981,162.63,162.56,293,300,30872,-100900
108,BA,2020-03-27,0 days 15:57:41.936939,730853,162.59,162.46,900,300,-98300,30872
109,BA,2020-03-27,0 days 15:57:50.939887,734887,162.29,162.26,280,198,-79566,34906
110,BA,2020-03-27,0 days 15:57:51.941866,699981,162.5,162.45,200,2109,30872,-79566
111,BA,2020-03-27,0 days 15:57:54.958753,730953,162.39,162.3,338,100,-83600,30872
112,BA,2020-03-27,0 days 15:57:59.976392,699981,162.3,162.26,200,498,34906,-79666
113,BA,2020-03-27,0 days 15:58:05.975677,699981,162.23,162.15,100,834,36886,-77586
114,BA,2020-03-27,0 days 15:58:12.992136,699981,162.43,162.37,100,100,30972,-83600
115,BA,2020-03-27,0 days 15:58:13.997362,734887,162.37,162.33,300,500,-79666,30972
116,BA,2020-03-27,0 days 15:58:15.999230,699981,162.21,162.15,100,134,36886,-77586
117,BA,2020-03-27,0 days 15:58:18.004094,739767,162.15,162.1,300,1434,-74686,36886
118,BA,2020-03-27,0 days 15:58:19.006513,699981,162.15,162.1,500,1534,39786,-74686
119,BA,2020-03-27,0 days 15:58:20.008876,739767,162.07,162.03,200,225,-67386,39786
120,BA,2020-03-27,0 days 15:58:24.018134,699981,162.15,162.07,200,500,39786,-74686
121,BA,2020-03-27,0 days 15:58:28.028043,739767,162.11,162.07,200,100,-74686,39786
122,BA,2020-03-27,0 days 15:58:33.040456,739767,162.15,162.06,303,500,-74686,39786
123,BA,2020-03-27,0 days 15:58:36.052750,699981,162.18,162.14,100,200,36886,-74686
124,BA,2020-03-27,0 days 15:58:37.052022,736867,162.22,162.14,139,580,-77586,36886
125,BA,2020-03-27,0 days 15:58:54.091327,734887,162.25,162.23,2823,200,-80192,36886
126,BA,2020-03-27,0 days 15:58:59.102761,699981,162.3,162.27,991,100,34906,-80192
127,BA,2020-03-27,0 days 15:59:00.110899,734887,162.3,162.29,894,200,-80192,34906
128,BA,2020-03-27,0 days 15:59:01.115513,699981,162.34,162.31,831,100,34906,-80192
129,BA,2020-03-27,0 days 15:59:05.121807,699981,162.28,162.27,200,200,34906,-80192
130,BA,2020-03-27,0 days 15:59:11.136463,734887,162.29,162.27,1183,121,-80192,36886
131,BA,2020-03-27,0 days 15:59:17.153282,699981,162.24,162.21,216,191,36886,-80192
132,BA,2020-03-27,0 days 15:59:19.151313,739767,162.08,162.05,403,100,-75312,39786
133,BA,2020-03-27,0 days 15:59:25.173788,699981,162.05,162.01,200,411,39786,-75312
134,BA,2020-03-27,0 days 15:59:31.183486,699981,162.03,162.02,1362,832,39786,-63712
135,BA,2020-03-27,0 days 15:59:41.204777,700131,162.01,162.0,3295,20565,39636,-63862
136,BA,2020-03-27,0 days 15:59:44.212097,739767,162.01,162.0,230,17797,-63862,39636
137,BA,2020-03-27,0 days 15:59:45.214438,700131,162.01,162.0,549,17971,39636,-63862
138,BA,2020-03-27,0 days 15:59:47.218597,739767,162.01,162.0,100,14420,-75462,39636
139,BA,2020-03-27,0 days 15:59:53.234390,739767,162.01,162.0,100,12084,-65473,39636
140,BA,2020-03-27,0 days 15:59:54.238194,700131,162.01,162.0,300,8515,39636,-65473
141,BA,2020-03-27,0 days 15:59:58.246903,739777,162.01,161.99,100,100,-63563,39636
142,BA,2020-03-27,0 days 15:59:59.251793,700231,162.02,161.99,2025,100,39546,-63563
143,BAC,2020-03-27,0 days 15:57:30.446543,4825621,21.48,21.47,14228,14976,7884,-8987
144,BAC,2020-03-27,0 days 15:58:10.539580,4839935,21.56,21.55,5900,13294,-3586,119900
145,BAC,2020-03-27,0 days 15:58:15.551164,4835821,21.55,21.54,18606,7540,6627,-28319
146,BAC,2020-03-27,0 days 15:58:28.582446,4839935,21.56,21.55,4579,10000,-3586,6627
147,BAC,2020-03-27,0 days 15:59:52.785628,4847921,21.6,21.59,9478,2600,4172,-5213
148,BAC,2020-03-27,0 days 15:59:55.793100,4852093,21.61,21.6,15658,10242,-3280,4512
149,BAC,2020-03-27,0 days 15:59:56.795740,4847921,21.59,21.58,16769,5400,4512,-3280
150,BBL,2020-03-27,0 days 15:58:51.070421,228907,28.93,28.92,3662,2900,134,-1355
151,BBY,2020-03-27,0 days 15:59:34.173162,211460,62.44,62.33,1400,305,1381,-6344
152,BBY,2020-03-27,0 days 15:59:38.181409,209841,62.43,62.35,200,364,-1619,881
153,BBY,2020-03-27,0 days 15:59:39.184340,211460,62.37,62.32,1095,200,881,-1619
154,BHC,2020-03-27,0 days 15:50:41.931224,754261,14.54,14.53,865,2355,27853,-69139
155,BHP,2020-03-27,0 days 15:51:10.998169,35325,35.56,35.55,300,1000,-3355,260
156,BHP,2020-03-27,0 days 15:53:05.272577,35325,35.55,35.54,800,431,-3355,260
157,BHP,2020-03-27,0 days 15:53:11.282531,35065,35.52,35.51,400,1100,260,-3355
158,BP,2020-03-27,0 days 15:59:51.246887,183488,22.37,22.36,5189,2400,-27876,4350
159,BRK.B,2020-03-27,0 days 15:59:29.162892,1595553,179.52,179.44,200,7881,4703,-21702
160,BRK.B,2020-03-27,0 days 15:59:31.171855,1576151,179.56,179.5,100,203,-19402,1403
161,BRK.B,2020-03-27,0 days 15:59:33.173578,1595553,179.5,179.44,100,8301,15903,-21702
162,BSX,2020-03-27,0 days 15:59:54.223613,2090787,30.58,30.56,100,1963,-17618,2182
163,C,2020-03-27,0 days 15:57:34.454413,1583359,43.61,43.6,2078,2256,3970,-11030
164,C,2020-03-27,0 days 15:57:36.457803,1563265,43.69,43.68,600,800,-20094,3970
165,C,2020-03-27,0 days 15:57:43.474477,1587329,43.65,43.64,1200,300,9936,-3394
166,CBL,2020-03-27,0 days 15:52:33.733998,27777,0.25,0.24,200,77089,65071,-1065
167,CBL,2020-03-27,0 days 15:53:35.883765,92848,0.25,0.24,18400,73189,-1065,65071
168,CBL,2020-03-27,0 days 15:57:42.472714,92848,0.25,0.24,31800,60814,-1065,65071
169,CBL,2020-03-27,0 days 15:59:04.669271,27777,0.25,0.24,47530,5300,65071,-1065
170,CBL,2020-03-27,0 days 15:59:06.674367,92848,0.25,0.24,47430,5300,-1065,65071
171,CBL,2020-03-27,0 days 15:59:13.690439,27777,0.25,0.24,47430,4700,65071,-1065
172,CBL,2020-03-27,0 days 15:59:14.693350,92848,0.25,0.24,44900,4700,-1065,65071
173,CBL,2020-03-27,0 days 15:59:23.714807,27777,0.25,0.24,44900,4600,65071,-1065
174,CBL,2020-03-27,0 days 15:59:27.724257,92848,0.25,0.24,46877,4400,-1065,65071
175,CBL,2020-03-27,0 days 15:59:33.739517,27777,0.25,0.24,46000,18500,66971,-1065
176,CFG,2020-03-27,0 days 15:59:34.173354,594502,19.94,19.93,6421,176,5598,-2202
177,CI,2020-03-27,0 days 15:57:32.890899,547983,160.8,160.41,100,200,3013,-3596
178,CI,2020-03-27,0 days 15:59:16.131784,549999,161.33,161.27,100,337,-346,6573
179,CI,2020-03-27,0 days 15:59:17.136602,550385,161.26,161.2,300,238,6573,-346
180,CLR,2020-03-27,0 days 15:50:18.882974,469719,8.66,8.65,1719,494,50967,-110831
181,CLR,2020-03-27,0 days 15:50:49.952934,464919,8.59,8.58,825,200,56267,-105531
182,CLR,2020-03-27,0 days 15:51:07.995666,521186,8.56,8.53,800,708,-101931,55767
183,CLR,2020-03-27,0 days 15:51:18.019834,464019,8.57,8.55,200,549,57167,-102431
184,CLR,2020-03-27,0 days 15:52:02.125456,464019,8.57,8.56,100,1500,57167,-105531
185,CMC,2020-03-27,0 days 15:58:52.102276,163226,13.45,13.44,910,667,244,-11139
186,CNK,2020-03-27,0 days 15:51:09.994815,56239,12.29,12.26,1632,100,35636,-14251
187,CNK,2020-03-27,0 days 15:51:44.074924,91875,12.19,12.16,804,800,-6423,35636
188,CNK,2020-03-27,0 days 15:53:52.381185,91875,12.04,12.01,820,600,-5366,36693
189,CNK,2020-03-27,0 days 15:54:24.457315,91875,12.07,12.05,400,501,-5466,36593
190,CNK,2020-03-27,0 days 15:54:28.467262,55282,12.07,12.05,300,679,36593,-5466
191,CNK,2020-03-27,0 days 15:54:38.491110,91875,12.09,12.06,500,974,-5466,36593
192,CNK,2020-03-27,0 days 15:56:06.702673,91875,12.23,12.21,400,603,-6423,35636
193,CNK,2020-03-27,0 days 15:56:10.711783,56239,12.22,12.21,343,579,35636,-6423
194,CNK,2020-03-27,0 days 15:56:24.745203,91875,12.22,12.19,300,779,-6423,35636
195,CNK,2020-03-27,0 days 15:56:37.776995,56239,12.22,12.2,715,679,35636,-6423
196,CNK,2020-03-27,0 days 15:58:53.097774,84047,12.28,12.26,454,2104,-14251,27808
197,CNK,2020-03-27,0 days 15:59:16.153174,56239,12.29,12.28,1114,747,27808,-14251
198,CNP,2020-03-27,0 days 15:50:49.955323,479556,16.14,16.13,800,2072,136,-3824
199,CNP,2020-03-27,0 days 15:50:59.978254,479556,16.14,16.13,2664,346,136,-1364
200,CNP,2020-03-27,0 days 15:51:27.024488,484812,16.24,16.23,1300,900,-29494,8856
201,CNP,2020-03-27,0 days 15:52:21.155040,479556,16.21,16.2,1000,1264,21556,-16794
202,CNP,2020-03-27,0 days 15:52:27.167641,497512,16.24,16.23,100,1985,-16794,21556
203,CNP,2020-03-27,0 days 15:53:01.249458,503574,16.23,16.22,1200,526,-10732,25456
204,CNP,2020-03-27,0 days 15:53:34.327363,503574,16.25,16.24,700,700,-10732,27618
205,CNP,2020-03-27,0 days 15:53:39.338863,479556,16.21,16.2,2900,600,27618,-10732
206,CNP,2020-03-27,0 days 15:55:15.569980,503617,16.24,16.23,1100,1849,-10689,31461
207,CNP,2020-03-27,0 days 15:55:45.642269,479856,16.21,16.2,2200,607,27361,-10689
208,CNP,2020-03-27,0 days 15:59:51.227867,514606,16.3,16.29,2833,1207,4025,-7265
209,CNXM,2020-03-27,0 days 15:54:43.510645,116460,7.0,6.99,100,3800,-39734,39083
210,CNXM,2020-03-27,0 days 15:56:08.716865,77377,7.01,7.0,600,2400,39083,-39734
211,COP,2020-03-27,0 days 15:50:23.888174,723850,29.05,29.04,1279,200,78875,-107597
212,COP,2020-03-27,0 days 15:50:40.929745,802725,29.09,29.07,1338,748,-107597,78875
213,COP,2020-03-27,0 days 15:50:53.961669,802725,29.17,29.12,1200,500,-109997,78875
214,COP,2020-03-27,0 days 15:51:05.988927,802725,29.12,29.09,750,401,-107597,78875
215,COP,2020-03-27,0 days 15:51:16.007801,802725,29.13,29.11,100,500,-109997,78875
216,COP,2020-03-27,0 days 15:51:28.036692,723850,29.19,29.18,200,100,78875,-109997
217,COP,2020-03-27,0 days 15:51:32.045980,802725,29.19,29.15,700,200,-109997,78875
218,COP,2020-03-27,0 days 15:51:47.082934,723850,29.17,29.15,400,1200,78875,-109997
219,COP,2020-03-27,0 days 15:52:27.178748,723850,29.24,29.22,300,400,78875,-109997
220,COP,2020-03-27,0 days 15:52:28.178942,802725,29.25,29.22,100,700,-109997,78875
221,COP,2020-03-27,0 days 15:55:07.561183,802725,29.24,29.22,2800,1197,-118497,71075
222,COP,2020-03-27,0 days 15:55:11.570758,802725,29.22,29.2,200,1100,-118497,71075
223,COP,2020-03-27,0 days 15:56:10.711757,802725,29.25,29.24,889,160,-118497,71075
224,COP,2020-03-27,0 days 15:56:11.714184,731650,29.26,29.25,600,615,71075,-118497
225,CPE,2020-03-27,0 days 16:00:00.265635,8475688,0.59,0.57,475,93049,163057,-453825
226,CPRI,2020-03-27,0 days 15:50:22.888215,203167,11.55,11.54,800,200,12329,-24546
227,CPRI,2020-03-27,0 days 15:50:29.906705,218856,11.53,11.51,500,600,-24546,12329
228,CPRI,2020-03-27,0 days 15:50:43.940022,203167,11.52,11.51,600,500,13029,-23446
229,CPRI,2020-03-27,0 days 15:51:29.045834,203167,11.55,11.54,590,800,12729,-24546
230,CPRI,2020-03-27,0 days 15:51:31.051639,218856,11.53,11.52,200,900,-24546,12329
231,CPRI,2020-03-27,0 days 15:51:40.072820,203167,11.55,11.54,600,600,12329,-24546
232,CSLT,2020-03-27,0 days 15:57:03.846625,18516,0.74,0.73,800,1201,271,-22847
233,CSLT,2020-03-27,0 days 15:58:57.113681,19087,0.74,0.73,1400,900,-22547,271
234,CSLT,2020-03-27,0 days 15:59:02.127196,18516,0.74,0.73,1000,100,271,-22547
235,CSLT,2020-03-27,0 days 15:59:18.164446,19087,0.74,0.72,1300,2800,-22547,271
236,CSLT,2020-03-27,0 days 15:59:19.166787,18516,0.74,0.72,1300,2800,271,-22547
237,CVS,2020-03-27,0 days 15:54:21.426919,924766,58.6,58.57,500,800,-4765,2330
238,CVS,2020-03-27,0 days 15:54:26.438826,925265,58.55,58.52,1000,300,307,-4765
239,CVS,2020-03-27,0 days 15:54:41.474861,926578,58.44,58.42,10254,100,-532,507
240,CVX,2020-03-27,0 days 15:51:01.972285,1276640,69.09,68.87,200,300,-615118,188656
241,CVX,2020-03-27,0 days 15:51:08.989415,1102005,69.0,68.96,1808,100,242571,-545882
242,CVX,2020-03-27,0 days 15:51:10.995874,1331881,69.41,69.3,100,300,-573199,221354
243,CVX,2020-03-27,0 days 15:51:22.011288,1114827,69.3,69.25,297,100,242011,-531757
244,CVX,2020-03-27,0 days 15:51:27.022999,1354501,69.51,69.43,400,200,-550579,238074
245,CVX,2020-03-27,0 days 15:51:51.081099,1114827,69.26,69.21,500,190,242011,-548142
246,CVX,2020-03-27,0 days 15:51:56.096446,1356838,69.29,69.24,200,100,-548142,242011
247,CVX,2020-03-27,0 days 15:51:59.099695,1114827,69.26,69.22,500,103,242011,-548142
248,CVX,2020-03-27,0 days 15:52:01.105513,1386008,69.29,69.21,400,600,-518972,271181
249,CVX,2020-03-27,0 days 15:53:02.250629,1397471,69.16,69.08,200,600,-507109,297466
250,CVX,2020-03-27,0 days 15:53:07.261363,1102005,69.02,68.97,400,100,342000,-449953
251,CVX,2020-03-27,0 days 15:53:09.266073,1441805,69.07,68.99,500,800,-449953,342000
252,CVX,2020-03-27,0 days 15:53:21.295395,1102005,68.78,68.75,596,135,361221,-432032
253,CVX,2020-03-27,0 days 15:53:22.297924,1459726,68.81,68.77,1100,100,-432032,361221
254,CVX,2020-03-27,0 days 15:53:38.338188,1444005,68.98,68.95,200,100,-447753,340900
255,CVX,2020-03-27,0 days 15:53:48.359481,1452968,68.86,68.81,900,510,-438790,357277
256,CVX,2020-03-27,0 days 15:53:57.381561,1081588,68.67,68.63,100,100,391801,-399452
257,CVX,2020-03-27,0 days 15:54:10.412509,1102005,68.79,68.76,100,1096,360784,-425969
258,CVX,2020-03-27,0 days 15:54:13.419672,1464389,68.79,68.74,100,200,-427369,360784
259,CVX,2020-03-27,0 days 15:54:26.450142,1102005,68.8,68.76,200,200,360784,-433876
260,CVX,2020-03-27,0 days 15:54:34.469765,1470989,68.74,68.67,700,400,-400352,391001
261,CVX,2020-03-27,0 days 15:54:37.477287,1081588,68.67,68.64,400,200,392501,-397252
262,CVX,2020-03-27,0 days 15:54:38.478426,1472589,68.68,68.66,200,200,-398752,392501
263,CVX,2020-03-27,0 days 15:54:45.489432,1081588,68.78,68.71,200,200,389901,-423169
264,CVX,2020-03-27,0 days 15:54:51.505915,1471489,68.74,68.69,1259,200,-399852,367984
265,CVX,2020-03-27,0 days 15:55:03.533735,1455868,68.89,68.85,100,300,-435890,364484
266,CVX,2020-03-27,0 days 15:55:15.565558,1438910,69.28,69.21,423,1200,-466070,325646
267,CVX,2020-03-27,0 days 15:55:19.573835,1114827,69.31,69.28,200,469,324083,-466070
268,CVX,2020-03-27,0 days 15:55:20.576163,1438803,69.33,69.3,100,436,-466177,324083
269,CVX,2020-03-27,0 days 15:55:25.588340,1114827,69.43,69.42,797,457,321846,-468407
270,CVX,2020-03-27,0 days 15:55:26.592897,1436673,69.43,69.4,200,504,-468407,321846
271,CVX,2020-03-27,0 days 15:55:49.649131,1114827,69.35,69.31,500,200,324883,-466707
272,CVX,2020-03-27,0 days 15:56:15.708144,1114827,69.25,69.21,100,300,330783,-457807
273,CVX,2020-03-27,0 days 15:56:20.720352,1102005,69.13,69.11,500,518,346768,-456607
274,CVX,2020-03-27,0 days 15:56:21.722643,1447673,69.19,69.1,400,402,-456907,346768
275,CVX,2020-03-27,0 days 15:56:30.743758,1452768,69.09,69.01,800,900,-438990,350763
276,CVX,2020-03-27,0 days 15:56:39.768395,1445610,69.24,69.16,200,670,-459370,346768
277,CVX,2020-03-27,0 days 15:57:15.854026,1102005,68.92,68.9,100,400,358863,-432190
278,CVX,2020-03-27,0 days 15:57:20.863527,1102005,68.86,68.85,500,139,362863,-428190
279,CVX,2020-03-27,0 days 15:57:22.868274,1460868,68.92,68.88,300,400,-430890,362863
280,CVX,2020-03-27,0 days 15:57:30.886776,1102005,68.86,68.85,700,200,377463,-428190
281,CVX,2020-03-27,0 days 15:57:31.889027,1495168,68.88,68.85,806,900,-396590,377463
282,CVX,2020-03-27,0 days 15:57:57.945242,1546682,68.82,68.78,400,325,-345076,444677
283,CVX,2020-03-27,0 days 15:58:01.957874,1102005,68.89,68.84,615,200,433663,-345076
284,CVX,2020-03-27,0 days 15:58:11.978633,1102005,68.78,68.76,600,353,470584,-319669
285,CVX,2020-03-27,0 days 15:58:29.019206,1587989,68.75,68.74,400,6352,-303769,485984
286,CVX,2020-03-27,0 days 15:58:30.021640,1102005,68.75,68.74,902,5899,485984,-303769
287,CVX,2020-03-27,0 days 15:59:12.122590,1590562,68.78,68.74,468,100,-301196,488557
288,CVX,2020-03-27,0 days 15:59:23.148559,1586162,68.78,68.75,3771,1015,-305596,494957
289,CVX,2020-03-27,0 days 15:59:33.173840,1102005,68.8,68.79,1184,100,479169,-310584
290,CVX,2020-03-27,0 days 15:59:42.194717,1081588,68.68,68.65,1800,927,559866,-229887
291,CVX,2020-03-27,0 days 15:59:47.207878,1102005,68.76,68.72,378,1000,504821,-241215
292,CXO,2020-03-27,0 days 15:59:51.244524,409101,42.08,42.02,100,104,1060,-21304
293,CXO,2020-03-27,0 days 15:59:52.247132,407561,42.08,42.05,100,100,-2387,1060
294,CXO,2020-03-27,0 days 15:59:54.250938,409101,42.08,42.05,100,104,3060,-2387
295,CXO,2020-03-27,0 days 15:59:55.252727,407561,42.08,42.04,100,100,-2387,3060
296,DCP,2020-03-27,0 days 15:50:50.952258,191013,3.6,3.56,950,2063,-28774,33266
297,DCP,2020-03-27,0 days 15:52:15.138179,191013,3.53,3.51,538,1200,-6681,33266
298,DCP,2020-03-27,0 days 15:56:31.747452,191013,3.5,3.47,300,900,-6681,33266
299,DCP,2020-03-27,0 days 15:56:40.767477,157747,3.5,3.49,300,600,33266,-6681
300,DHI,2020-03-27,0 days 15:50:10.863778,463341,37.13,37.11,200,100,14633,-76644
301,DHI,2020-03-27,0 days 15:50:56.969718,461541,37.03,37.01,640,294,19990,-70696
302,DHI,2020-03-27,0 days 15:50:59.977033,481914,37.0,36.97,200,100,-68896,19990
303,DHI,2020-03-27,0 days 15:52:04.132480,494034,37.05,37.03,500,602,-56776,32110
304,DHI,2020-03-27,0 days 15:52:56.250231,461541,37.03,36.97,433,200,32110,-56776
305,DHI,2020-03-27,0 days 15:53:03.267661,461541,37.05,37.0,500,200,32110,-56776
306,DHI,2020-03-27,0 days 15:53:22.312395,494134,36.88,36.85,376,100,-54247,32558
307,DHI,2020-03-27,0 days 15:53:44.365432,494162,36.93,36.87,300,100,-54219,32310
308,DHI,2020-03-27,0 days 15:54:12.432653,461541,37.0,36.96,200,400,32138,-56748
309,DHI,2020-03-27,0 days 15:54:16.441676,494062,36.95,36.92,200,100,-56748,32138
310,DHI,2020-03-27,0 days 15:54:28.471311,494162,36.91,36.88,200,100,-54467,32338
311,DHI,2020-03-27,0 days 15:54:29.473337,461441,36.92,36.9,100,200,32338,-54467
312,DHI,2020-03-27,0 days 15:54:30.475993,494062,36.95,36.89,200,200,-56748,32338
313,DHI,2020-03-27,0 days 15:54:35.488179,461193,36.93,36.89,100,200,32586,-54467
314,DHI,2020-03-27,0 days 15:54:51.526497,494062,36.92,36.91,102,300,-56748,32338
315,DHI,2020-03-27,0 days 15:55:04.560960,461441,36.91,36.89,256,591,40138,-46667
316,DHI,2020-03-27,0 days 15:55:07.568153,501862,36.96,36.92,200,778,-48948,40138
317,DHI,2020-03-27,0 days 15:55:34.630992,501862,36.97,36.93,308,300,-48948,40138
318,DHI,2020-03-27,0 days 15:55:39.641670,461441,36.97,36.9,308,200,40138,-48948
319,DHI,2020-03-27,0 days 15:55:44.653379,501962,36.89,36.87,200,100,-46419,40386
320,DHI,2020-03-27,0 days 15:55:51.671825,501862,36.97,36.92,308,300,-48948,40386
321,DHI,2020-03-27,0 days 15:56:17.732714,503062,37.01,37.0,371,200,-47748,41138
322,DHI,2020-03-27,0 days 15:56:55.826128,461541,37.05,37.01,100,100,41138,-47748
323,DHI,2020-03-27,0 days 15:57:01.840038,503062,37.01,36.95,700,500,-47748,41138
324,DHI,2020-03-27,0 days 15:57:10.861942,503067,37.01,36.95,1311,200,-47743,41143
325,DHI,2020-03-27,0 days 15:57:18.880587,461193,36.89,36.83,396,400,41591,-45462
326,DHI,2020-03-27,0 days 15:57:21.887858,503267,36.84,36.8,300,200,-45114,41591
327,DHI,2020-03-27,0 days 15:57:26.899403,461193,36.85,36.8,400,200,41591,-45114
328,DHI,2020-03-27,0 days 15:57:45.942382,461193,36.85,36.83,400,200,59691,-27014
329,DHI,2020-03-27,0 days 15:58:51.098837,530792,36.79,36.75,200,1444,-17589,68616
330,DHI,2020-03-27,0 days 15:59:54.250579,461193,36.92,36.85,1011,514,64347,-22458
331,DIS,2020-03-27,0 days 15:51:15.984445,1144961,96.41,96.37,695,800,8513,-13447
332,DK,2020-03-27,0 days 15:50:17.884618,180251,13.84,13.82,400,200,-75287,6872
333,DK,2020-03-27,0 days 15:50:33.919345,168582,13.76,13.74,400,500,8172,-72187
334,DK,2020-03-27,0 days 15:52:04.134215,168582,13.86,13.83,4700,100,6872,-74087
335,DK,2020-03-27,0 days 15:54:18.447446,183851,13.74,13.71,300,1000,-71687,9272
336,DK,2020-03-27,0 days 15:54:37.494035,168582,13.75,13.74,500,200,8572,-71687
337,DK,2020-03-27,0 days 15:54:49.520791,182951,13.78,13.74,665,400,-72587,7772
338,DK,2020-03-27,0 days 15:55:56.684153,168582,13.71,13.7,800,500,9272,-69587
339,DK,2020-03-27,0 days 15:57:06.852529,185051,13.68,13.66,1200,700,-69587,10172
340,DK,2020-03-27,0 days 15:58:12.004987,182951,13.79,13.76,200,2136,-72587,8172
341,DK,2020-03-27,0 days 15:58:49.094394,168582,13.74,13.72,1700,350,8872,-71387
342,DK,2020-03-27,0 days 15:59:35.205578,168582,13.75,13.74,964,300,8572,-71787
343,DNR,2020-03-27,0 days 15:59:02.099736,1145013,0.23,0.22,63700,499,67058,-348802
344,DNR,2020-03-27,0 days 15:59:16.131753,1212071,0.23,0.22,63700,220,-348802,67058
345,DXC,2020-03-27,0 days 15:50:42.950880,1565447,14.18,14.17,100,300,61904,-108453
346,DXC,2020-03-27,0 days 15:51:00.993269,1565447,14.19,14.17,100,300,61904,-8253
347,DXC,2020-03-27,0 days 15:53:44.369151,1636796,14.24,14.22,100,100,10641,-88089
348,DXC,2020-03-27,0 days 15:55:16.591383,1657229,14.28,14.27,500,801,-49096,19141
349,DXC,2020-03-27,0 days 15:58:52.102101,1636796,14.24,14.23,1346,200,35783,-38754
350,EAT,2020-03-27,0 days 15:51:32.047230,41798,11.1,11.09,400,1300,-12147,7939
351,EAT,2020-03-27,0 days 15:51:58.108979,41798,11.06,11.04,400,400,-12147,7939
352,EAT,2020-03-27,0 days 15:55:17.582469,41798,11.16,11.13,100,200,-12147,7939
353,EAT,2020-03-27,0 days 15:55:19.586644,32595,11.14,11.13,344,330,7939,-12147
354,EAT,2020-03-27,0 days 15:59:29.174792,41798,11.03,11.01,300,900,-12147,7939
355,ED,2020-03-27,0 days 15:50:08.860672,237459,77.1,77.04,100,100,17146,-4054
356,ED,2020-03-27,0 days 15:52:27.186566,256505,77.07,76.9,100,400,-3954,17246
357,ED,2020-03-27,0 days 15:52:41.214768,237459,77.04,76.87,100,400,17346,-4554
358,ED,2020-03-27,0 days 15:55:15.586072,256305,77.1,76.99,100,200,-4154,17646
359,ED,2020-03-27,0 days 15:55:26.612862,256505,77.11,77.07,100,100,-3954,16746
360,ED,2020-03-27,0 days 15:55:30.623042,237459,77.04,77.0,200,300,17246,-3954
361,ED,2020-03-27,0 days 15:57:41.933640,256505,77.1,77.08,100,310,-3954,16946
362,ED,2020-03-27,0 days 15:57:42.936137,237459,77.12,77.06,215,406,16846,-3954
363,ED,2020-03-27,0 days 15:58:08.997741,256505,77.12,77.01,100,300,-3954,16946
364,ED,2020-03-27,0 days 15:58:17.016650,237459,77.11,77.0,324,1206,16946,-3954
365,ED,2020-03-27,0 days 15:59:04.130582,256005,77.17,77.11,100,200,-4554,16646
366,EIX,2020-03-27,0 days 15:50:31.905730,204476,55.05,54.95,100,100,481,-23473
367,EQM,2020-03-27,0 days 15:51:44.074949,209329,10.04,10.02,539,100,-32200,51083
368,EQM,2020-03-27,0 days 15:52:59.254228,209329,10.06,10.04,100,300,-32600,51083
369,EQM,2020-03-27,0 days 15:54:50.518769,209329,10.07,10.03,600,400,-32400,51083
370,EQM,2020-03-27,0 days 15:55:00.543267,158367,10.07,10.03,600,600,45883,-32600
371,EQM,2020-03-27,0 days 15:55:09.566161,209329,10.07,10.04,800,400,-37800,45883
372,EQM,2020-03-27,0 days 15:55:12.572778,158467,10.07,10.06,711,100,45783,-37800
373,EQM,2020-03-27,0 days 15:55:25.604206,209329,10.05,10.02,100,1400,-37600,45783
374,EQM,2020-03-27,0 days 15:55:41.642809,158367,10.05,10.04,100,300,45883,-37600
375,EQM,2020-03-27,0 days 15:56:00.688446,158467,10.07,10.06,400,200,45783,-37600
376,EQM,2020-03-27,0 days 15:56:12.716292,209329,10.07,10.06,100,500,-38000,45783
377,EQM,2020-03-27,0 days 15:57:31.905882,161596,10.09,10.07,500,1800,42654,-41129
378,EQM,2020-03-27,0 days 15:58:11.999228,161596,10.1,10.07,3800,1900,42654,-41129
379,EQM,2020-03-27,0 days 15:58:24.027620,161596,10.1,10.08,3039,1200,42654,-41429
380,EQM,2020-03-27,0 days 15:59:20.163159,161596,10.1,10.08,2776,879,42654,-41429
381,EQM,2020-03-27,0 days 15:59:21.164967,209329,10.1,10.08,2676,879,-41429,42654
382,EQM,2020-03-27,0 days 15:59:22.167620,161596,10.1,10.08,2676,979,42654,-41429
383,EQM,2020-03-27,0 days 15:59:40.212613,209329,10.1,10.08,3146,381,-41429,42654
384,ES,2020-03-27,0 days 15:59:51.214114,283098,81.18,81.07,176,100,-2109,6810
385,EVRG,2020-03-27,0 days 15:59:51.245924,241208,57.45,57.39,591,300,3244,-3436
386,EXG,2020-03-27,0 days 15:50:29.454061,2136,6.54,6.53,1600,800,5397,-827
387,EXG,2020-03-27,0 days 15:59:24.717578,1409,6.56,6.55,9887,3107,-827,2335
388,FIS,2020-03-27,0 days 15:59:42.215808,432473,119.89,119.82,1225,100,2283,-12986
389,FIS,2020-03-27,0 days 15:59:43.218074,424656,119.88,119.84,125,100,-7817,2283
390,FIS,2020-03-27,0 days 15:59:51.239247,432473,119.97,119.9,253,125,4846,-4117
391,FND,2020-03-27,0 days 15:50:01.852577,34018,33.49,33.44,800,17323,4859,-6545
392,FND,2020-03-27,0 days 15:50:09.872118,39095,33.49,33.44,700,17175,-6345,4859
393,FND,2020-03-27,0 days 15:50:27.918865,34018,33.59,33.48,100,100,4422,-6545
394,FND,2020-03-27,0 days 15:50:28.918784,38895,33.59,33.48,200,200,-6545,4422
395,FND,2020-03-27,0 days 15:50:29.921392,34018,33.59,33.5,200,300,4422,-6545
396,FND,2020-03-27,0 days 15:51:26.038470,34018,33.92,33.89,300,500,3985,-6982
397,FND,2020-03-27,0 days 15:51:36.062480,38458,33.92,33.86,300,400,-6982,3985
398,FND,2020-03-27,0 days 15:52:04.135096,34018,33.79,33.71,400,200,4185,-6782
399,FND,2020-03-27,0 days 15:52:08.139760,38658,33.71,33.69,108,246,-6782,4185
400,FND,2020-03-27,0 days 15:52:29.189549,34018,33.65,33.6,100,439,4422,-6782
401,FND,2020-03-27,0 days 15:54:09.429865,34018,33.21,33.16,300,200,5059,-5608
402,FND,2020-03-27,0 days 15:54:12.437138,39532,33.21,33.14,400,200,-5608,5059
403,FND,2020-03-27,0 days 15:54:58.546560,34018,32.97,32.93,100,100,5796,-4871
404,FND,2020-03-27,0 days 15:54:59.549145,40269,32.97,32.93,500,100,-4871,5796
405,FND,2020-03-27,0 days 15:55:02.557222,40569,32.92,32.88,200,200,-4571,5796
406,FND,2020-03-27,0 days 15:55:05.566055,34018,33.06,32.96,300,100,5696,-4671
407,FND,2020-03-27,0 days 15:55:31.628183,39969,33.06,32.94,100,100,-5171,5259
408,FND,2020-03-27,0 days 15:55:58.694626,34018,33.07,33.04,107,227,5496,-5171
409,FND,2020-03-27,0 days 15:56:02.702669,39969,33.09,33.05,100,100,-5171,5496
410,FND,2020-03-27,0 days 15:56:11.724707,34018,33.07,33.06,300,200,5496,-5171
411,FND,2020-03-27,0 days 15:56:58.834686,39969,33.08,33.06,186,205,-5171,5496
412,FND,2020-03-27,0 days 15:57:11.866735,34018,33.09,33.08,715,200,5496,-5171
413,FND,2020-03-27,0 days 15:57:12.868543,39969,33.09,33.06,815,200,-5171,5496
414,FND,2020-03-27,0 days 15:57:22.893049,34018,33.09,33.08,700,200,5496,-5171
415,FND,2020-03-27,0 days 15:57:23.894629,39969,33.09,33.06,700,200,-5171,5496
416,FND,2020-03-27,0 days 15:57:28.906783,34018,33.09,33.08,400,200,5496,-5171
417,FND,2020-03-27,0 days 15:57:37.925532,34018,33.07,33.03,100,100,5496,-5171
418,FND,2020-03-27,0 days 15:57:38.926934,39969,33.07,33.05,100,300,-5171,5496
419,FND,2020-03-27,0 days 15:58:32.053111,40869,32.94,32.86,500,2850,-3382,6785
420,FND,2020-03-27,0 days 15:58:42.077671,33129,32.9,32.86,400,200,6785,-3282
421,FND,2020-03-27,0 days 15:58:44.082643,40669,32.9,32.86,200,400,-4471,6785
422,FND,2020-03-27,0 days 15:59:17.162731,40269,33.01,32.95,209,648,-4871,5696
423,FND,2020-03-27,0 days 15:59:18.164502,34018,33.01,32.97,109,400,5496,-4871
424,FND,2020-03-27,0 days 15:59:19.166812,40069,33.01,32.97,109,448,-5071,5496
425,FND,2020-03-27,0 days 15:59:32.199128,34018,33.11,33.07,300,216,5496,-5171
426,FND,2020-03-27,0 days 15:59:33.201263,39969,33.1,33.04,250,137,-5171,5496
427,FND,2020-03-27,0 days 15:59:50.243807,41431,33.09,33.05,595,116,-3709,5496
428,FND,2020-03-27,0 days 15:59:51.245820,34018,33.12,33.08,493,200,5496,-3709
429,FND,2020-03-27,0 days 15:59:52.248724,40024,33.12,33.05,588,193,-5116,5496
430,FND,2020-03-27,0 days 15:59:58.260771,34018,33.12,33.11,100,246,5259,-4294
431,FNF,2020-03-27,0 days 15:59:51.245850,259908,26.33,26.3,235,300,718,-6805
432,FNF,2020-03-27,0 days 15:59:56.257970,259026,26.33,26.3,400,572,-323,418
433,FTI,2020-03-27,0 days 15:59:51.214180,554088,7.11,7.1,8376,20905,11700,-15133
434,GD,2020-03-27,0 days 15:59:51.246859,292053,130.26,130.19,100,100,-4326,2085
435,GD,2020-03-27,0 days 15:59:57.260159,290779,130.26,130.01,100,100,2974,-2926
436,GFI,2020-03-27,0 days 15:59:41.220516,852919,5.02,5.01,30100,19300,5458,-7384
437,GLW,2020-03-27,0 days 15:59:51.246887,608778,20.71,20.7,390,3917,6472,-6843
438,GM,2020-03-27,0 days 15:57:06.854422,973863,21.39,21.38,2982,3834,391,-398
439,GOLD,2020-03-27,0 days 15:58:49.063968,200734,19.21,19.2,4000,6476,-2650,1698
440,GS,2020-03-27,0 days 15:50:04.859838,293145,159.61,159.42,100,100,-52338,20962
441,GS,2020-03-27,0 days 15:50:07.869207,271883,159.24,159.2,100,100,21282,-52338
442,GS,2020-03-27,0 days 15:50:15.887386,293145,159.76,159.51,200,200,-52338,20562
443,GS,2020-03-27,0 days 15:50:19.896550,272583,159.69,159.36,200,253,20562,-52338
444,GS,2020-03-27,0 days 15:51:14.012657,300785,159.57,159.39,200,200,-44698,28202
445,GS,2020-03-27,0 days 15:51:15.015841,272583,159.47,159.3,300,100,28202,-44698
446,HES,2020-03-27,0 days 15:59:51.239189,398130,34.03,34.02,405,400,3210,-5392
447,HOG,2020-03-27,0 days 15:50:26.893667,124541,17.74,17.71,1061,400,23639,-17629
448,HOG,2020-03-27,0 days 15:50:29.903358,156441,17.7,17.68,300,500,-18029,23439
449,HOG,2020-03-27,0 days 15:50:51.959825,124541,17.7,17.68,200,400,25939,-14429
450,HOG,2020-03-27,0 days 15:50:54.966613,156841,17.7,17.69,300,100,-17629,23639
451,HOG,2020-03-27,0 days 15:51:56.105345,159441,17.67,17.66,300,400,-15029,25939
452,HOG,2020-03-27,0 days 15:52:37.202792,160341,17.64,17.63,300,100,-14093,26239
453,HOG,2020-03-27,0 days 15:52:51.237245,160041,17.68,17.65,749,805,-14429,25939
454,HOG,2020-03-27,0 days 15:53:56.389227,160641,17.62,17.6,500,335,-13793,26239
455,HOG,2020-03-27,0 days 15:54:25.458513,160341,17.62,17.6,400,1200,-14093,26239
456,HOG,2020-03-27,0 days 15:55:19.586676,124541,17.7,17.69,400,400,23739,-17629
457,HON,2020-03-27,0 days 15:59:52.241138,489935,131.17,131.04,990,597,1138,-1053
458,HON,2020-03-27,0 days 15:59:58.254933,488640,131.19,131.08,200,1868,-1295,531
459,HRB,2020-03-27,0 days 15:52:59.244804,217101,14.91,14.9,2500,900,120,-1094
460,HRB,2020-03-27,0 days 15:59:51.218025,233862,15.09,15.07,700,2736,3144,-1658
461,HXL,2020-03-27,0 days 15:56:05.709225,79194,38.63,38.62,117,127,665,-3837
462,HXL,2020-03-27,0 days 15:56:19.744602,78299,38.7,38.65,100,425,-895,665
463,HXL,2020-03-27,0 days 15:56:47.809033,79194,38.64,38.6,100,300,865,-1899
464,HXL,2020-03-27,0 days 15:59:04.129895,82095,38.48,38.44,100,1012,-41,2423
465,HXL,2020-03-27,0 days 15:59:07.139080,79194,38.48,38.45,100,482,2423,-41
466,HXL,2020-03-27,0 days 15:59:18.163920,80437,38.56,38.48,552,1045,-1699,865
467,HXL,2020-03-27,0 days 15:59:36.207939,80437,38.54,38.51,172,1187,-1699,2423
468,HXL,2020-03-27,0 days 15:59:41.220167,79194,38.58,38.52,100,356,865,-1699
469,HXL,2020-03-27,0 days 15:59:50.243343,80437,38.58,38.53,100,1020,-1699,865
470,IBM,2020-03-27,0 days 15:50:06.853285,670625,108.62,108.57,100,100,3006,-2755
471,ICE,2020-03-27,0 days 15:59:58.246603,495561,81.31,81.2,100,100,-11556,1920
472,INVH,2020-03-27,0 days 15:59:51.245641,438456,20.81,20.79,165,600,13375,-6384
473,IP,2020-03-27,0 days 15:58:05.959626,298310,30.57,30.55,550,300,6778,-2722
474,JCI,2020-03-27,0 days 15:57:30.902540,605382,25.88,25.87,1658,6658,4227,-373
475,JEF,2020-03-27,0 days 15:59:54.791522,299743,14.34,14.31,400,500,795,-1505
476,JPM,2020-03-27,0 days 15:58:05.527359,1847311,90.81,90.8,1822,227,539,-4861
477,JPM,2020-03-27,0 days 15:58:07.531944,1846050,90.83,90.81,877,200,-1261,539
478,JPM,2020-03-27,0 days 15:58:08.535029,1847311,90.83,90.8,836,1056,539,-1261
479,JPM,2020-03-27,0 days 15:58:09.536719,1828768,90.9,90.88,200,307,-18543,539
480,JPM,2020-03-27,0 days 15:59:54.791492,1855118,91.04,91.03,600,200,13141,-15288
481,JPM,2020-03-27,0 days 15:59:55.792982,1836725,91.17,91.11,1093,536,-18393,13141
482,KEY,2020-03-27,0 days 15:57:43.931916,773362,11.16,11.15,10901,6233,2487,-3495
483,KIM,2020-03-27,0 days 16:00:00.264980,477907,10.4,10.39,52860,43869,-2040,4999
484,KMB,2020-03-27,0 days 15:58:32.037478,294066,124.31,124.26,100,100,4579,-1810
485,KMB,2020-03-27,0 days 15:59:02.110281,292091,124.41,124.31,201,345,-1975,314
486,KMX,2020-03-27,0 days 15:50:02.842597,88826,59.03,58.94,537,221,-6108,28393
487,KMX,2020-03-27,0 days 15:50:05.855706,60433,59.04,59.0,200,500,28393,-6710
488,KMX,2020-03-27,0 days 15:50:08.857888,88826,59.01,58.95,300,100,-6710,28393
489,KMX,2020-03-27,0 days 15:50:16.877178,60433,59.05,59.02,100,200,28393,-7211
490,KMX,2020-03-27,0 days 15:50:21.888909,60433,58.99,58.94,100,344,28393,-7211
491,KMX,2020-03-27,0 days 15:51:05.993157,88826,59.05,59.01,200,660,-7812,28393
492,KMX,2020-03-27,0 days 15:51:54.088913,60433,59.03,59.0,200,1175,28393,-7211
493,KMX,2020-03-27,0 days 15:52:05.115848,88826,59.04,59.01,100,241,-7211,28393
494,KMX,2020-03-27,0 days 15:52:08.122488,60433,59.02,59.01,708,100,28393,-7211
495,KMX,2020-03-27,0 days 15:52:35.187634,60433,59.01,59.0,200,368,28393,-7311
496,KMX,2020-03-27,0 days 15:52:38.195023,88826,59.01,58.96,500,200,-6710,28393
497,KMX,2020-03-27,0 days 15:53:09.267796,88826,59.02,58.96,710,100,-6710,28393
498,KMX,2020-03-27,0 days 15:53:10.270016,60433,59.08,59.03,100,100,28393,-6710
499,KMX,2020-03-27,0 days 15:53:11.273531,88826,59.08,59.01,100,100,-6710,28393
500,KMX,2020-03-27,0 days 15:54:21.440154,60433,58.6,58.56,100,200,28393,-3321
501,KMX,2020-03-27,0 days 15:54:24.446949,88826,58.6,58.57,100,100,-3421,28393
502,KMX,2020-03-27,0 days 15:55:15.570681,60433,58.44,58.4,100,300,28393,-2321
503,KMX,2020-03-27,0 days 15:55:16.573483,88826,58.44,58.4,100,200,-3121,28393
504,KMX,2020-03-27,0 days 15:55:31.608841,60433,58.3,58.24,100,200,28393,-2321
505,KMX,2020-03-27,0 days 15:55:38.626055,88826,58.42,58.35,200,100,-3121,28393
506,KMX,2020-03-27,0 days 15:55:56.669302,60433,58.44,58.42,100,200,28393,-3121
507,KMX,2020-03-27,0 days 15:55:59.676580,88826,58.44,58.43,100,100,-3221,28393
508,KMX,2020-03-27,0 days 15:56:07.695202,60433,58.43,58.42,600,100,28393,-3121
509,KMX,2020-03-27,0 days 15:56:09.701733,88826,58.41,58.38,300,400,-3121,28393
510,KMX,2020-03-27,0 days 15:56:18.721803,60433,58.38,58.33,221,100,28393,-3121
511,KMX,2020-03-27,0 days 15:56:19.724551,88826,58.35,58.31,701,100,-2921,28393
512,KMX,2020-03-27,0 days 15:57:00.823069,88826,58.43,58.36,201,500,-3121,28393
513,KMX,2020-03-27,0 days 15:57:08.841678,60433,58.43,58.39,719,300,28393,-2921
514,KMX,2020-03-27,0 days 15:57:12.850937,88826,58.39,58.37,200,100,-2921,28393
515,KMX,2020-03-27,0 days 15:58:03.969413,88826,58.73,58.63,418,262,-3521,28393
516,KMX,2020-03-27,0 days 15:58:52.085139,60433,58.88,58.83,100,100,28393,-4406
517,KMX,2020-03-27,0 days 15:59:06.118444,60433,58.93,58.91,402,500,28393,-5607
518,KMX,2020-03-27,0 days 15:59:10.128258,60433,58.94,58.93,387,500,28393,-5106
519,KMX,2020-03-27,0 days 15:59:13.135410,88826,58.97,58.96,200,419,-6710,28393
520,KSS,2020-03-27,0 days 15:58:05.975646,250039,17.42,17.41,3749,200,1122,-14027
521,LHX,2020-03-27,0 days 15:59:51.244278,453565,185.16,184.93,500,100,-2949,2569
522,LLY,2020-03-27,0 days 15:57:24.885466,634769,133.91,133.85,200,100,120,-91
523,LLY,2020-03-27,0 days 15:57:25.898932,634889,133.91,133.85,200,100,-91,120
524,LLY,2020-03-27,0 days 15:57:33.905134,635191,134.1,133.99,700,100,1698,-291
525,LLY,2020-03-27,0 days 15:57:35.910082,634332,134.17,134.15,100,200,-1275,1698
526,LLY,2020-03-27,0 days 15:57:42.920960,635341,134.12,134.0,200,200,1291,-909
527,LLY,2020-03-27,0 days 15:57:51.941892,634432,134.09,134.06,500,500,-909,1291
528,LLY,2020-03-27,0 days 15:57:52.944867,635341,134.09,134.01,600,300,1291,-909
529,LLY,2020-03-27,0 days 15:57:53.946776,634432,134.08,133.97,300,110,-909,1291
530,LLY,2020-03-27,0 days 15:57:55.952012,635341,134.04,133.96,800,100,1548,-909
531,LUV,2020-03-27,0 days 15:50:02.837304,279409,36.39,36.37,100,600,-91047,6268
532,LUV,2020-03-27,0 days 15:50:18.877505,279409,36.36,36.35,200,100,-90947,6268
533,LUV,2020-03-27,0 days 15:50:21.884400,273141,36.25,36.23,300,786,6368,-90847
534,LUV,2020-03-27,0 days 15:50:23.888093,279509,36.25,36.23,300,472,-87163,6368
535,LUV,2020-03-27,0 days 15:50:27.898782,273141,36.28,36.22,567,628,6368,-87163
536,LUV,2020-03-27,0 days 15:50:30.906025,279609,36.2,36.19,465,200,-87063,6368
537,LUV,2020-03-27,0 days 15:50:32.909337,273141,36.22,36.2,400,300,6468,-87063
538,LUV,2020-03-27,0 days 15:50:37.923814,279509,36.27,36.25,300,200,-87163,6368
539,LUV,2020-03-27,0 days 15:50:44.938657,273141,36.21,36.17,540,700,6468,-87063
540,LUV,2020-03-27,0 days 15:50:47.946639,279609,36.19,36.16,900,200,-87063,6468
541,LUV,2020-03-27,0 days 15:50:49.950936,273141,36.21,36.18,600,300,6468,-87063
542,LUV,2020-03-27,0 days 15:50:55.964577,273141,36.15,36.12,400,500,6568,-87063
543,LUV,2020-03-27,0 days 15:51:11.998732,279509,36.28,36.27,100,500,-90847,6368
544,LUV,2020-03-27,0 days 15:51:13.001015,273141,36.28,36.27,100,500,6368,-90847
545,LUV,2020-03-27,0 days 15:51:21.019616,279409,36.28,36.27,100,1110,-90947,6368
546,LUV,2020-03-27,0 days 15:51:56.103661,279509,36.23,36.2,300,2120,-87163,6368
547,LUV,2020-03-27,0 days 15:52:01.115264,273141,36.21,36.2,300,400,6468,-87163
548,LUV,2020-03-27,0 days 15:52:19.157301,280109,36.13,36.11,300,200,-86563,6568
549,LUV,2020-03-27,0 days 15:52:27.178620,273141,36.19,36.14,300,840,6468,-86963
550,LUV,2020-03-27,0 days 15:52:38.204252,279609,36.19,36.16,909,1003,-87063,6468
551,LUV,2020-03-27,0 days 15:52:45.220268,273141,36.15,36.12,800,1100,6568,-87063
552,LUV,2020-03-27,0 days 15:52:51.235913,279609,36.17,36.14,200,1400,-87063,6468
553,LUV,2020-03-27,0 days 15:53:03.263746,279609,36.2,36.17,100,720,-87063,6468
554,LUV,2020-03-27,0 days 15:53:11.282824,279609,36.18,36.16,305,100,-87063,6468
555,LUV,2020-03-27,0 days 15:53:17.297375,273141,36.15,36.11,891,200,6568,-87063
556,LUV,2020-03-27,0 days 15:53:25.316275,279609,36.17,36.15,315,500,-87063,6468
557,LUV,2020-03-27,0 days 15:53:39.349680,279609,36.2,36.16,590,1132,-87063,6468
558,LUV,2020-03-27,0 days 15:53:45.364048,273141,36.14,36.13,100,800,6568,-87063
559,LUV,2020-03-27,0 days 15:53:46.369886,279609,36.15,36.14,100,301,-87063,6568
560,LUV,2020-03-27,0 days 15:54:25.460100,279609,36.16,36.15,400,280,-87063,6468
561,LUV,2020-03-27,0 days 15:54:26.462259,273141,36.15,36.14,800,1151,6468,-87063
562,LUV,2020-03-27,0 days 15:55:29.613542,273241,36.28,36.27,1000,500,6268,-90847
563,LUV,2020-03-27,0 days 15:55:32.621092,279509,36.26,36.25,1214,200,-87163,6268
564,LUV,2020-03-27,0 days 15:56:00.688353,279509,36.23,36.22,100,600,-87163,6368
565,LUV,2020-03-27,0 days 15:56:11.714127,273141,36.23,36.2,899,600,6468,-87063
566,LUV,2020-03-27,0 days 15:56:12.716253,279509,36.23,36.2,599,1115,-87163,6468
567,LUV,2020-03-27,0 days 15:56:23.743292,279609,36.21,36.19,400,400,-87063,6368
568,LUV,2020-03-27,0 days 15:56:57.825237,273141,36.22,36.21,2000,500,6368,-87163
569,LUV,2020-03-27,0 days 15:57:36.915908,279509,36.28,36.26,300,1605,-87163,6468
570,LUV,2020-03-27,0 days 15:57:41.927747,273241,36.29,36.28,1100,1970,6268,-90847
571,LVS,2020-03-27,0 days 15:50:29.908291,265187,42.11,42.07,592,100,-7406,32418
572,LVS,2020-03-27,0 days 15:50:35.921292,218669,42.06,42.05,100,200,38518,-7406
573,LVS,2020-03-27,0 days 15:50:53.966268,271287,42.04,42.02,100,400,-1306,32418
574,LVS,2020-03-27,0 days 15:51:17.018552,218669,42.03,42.01,100,700,38518,-1306
575,LVS,2020-03-27,0 days 15:51:28.045070,271287,42.05,42.02,400,600,-1306,38518
576,LVS,2020-03-27,0 days 15:51:44.083329,218669,42.02,42.0,1200,10555,38518,-1306
577,LVS,2020-03-27,0 days 15:51:50.098002,271287,42.04,42.01,400,1000,-1306,38518
578,LVS,2020-03-27,0 days 15:52:30.191347,218669,42.04,42.02,500,755,38518,-1306
579,LVS,2020-03-27,0 days 15:52:59.260173,271287,42.04,42.02,501,565,-1306,38518
580,LVS,2020-03-27,0 days 15:53:05.276381,271287,42.05,42.02,500,1076,-1306,32418
581,LVS,2020-03-27,0 days 15:53:37.352481,271287,42.04,42.01,500,700,-1306,38518
582,LVS,2020-03-27,0 days 15:53:56.397913,271287,42.02,42.0,1400,5022,-1306,38518
583,LVS,2020-03-27,0 days 15:53:58.403263,218669,42.01,42.0,1915,4406,38518,-1306
584,LVS,2020-03-27,0 days 15:54:00.407855,271287,42.02,42.0,100,4807,-1306,38518
585,LVS,2020-03-27,0 days 15:54:34.489666,271287,42.04,42.01,800,100,-1306,38518
586,LVS,2020-03-27,0 days 15:54:38.498783,218669,42.04,42.03,555,300,38518,-1306
587,LVS,2020-03-27,0 days 15:55:10.576036,265187,42.17,42.13,1000,1700,-7406,32418
588,LVS,2020-03-27,0 days 15:55:22.606257,265087,42.22,42.21,200,600,-7506,32318
589,LVS,2020-03-27,0 days 15:55:27.620104,265087,42.21,42.2,300,417,-7506,32218
590,LVS,2020-03-27,0 days 15:55:44.658029,218669,42.15,42.14,853,629,32418,-7406
591,LVS,2020-03-27,0 days 15:56:04.706265,218769,42.2,42.18,1650,199,32318,-7406
592,LVS,2020-03-27,0 days 15:56:10.720428,265187,42.18,42.16,677,300,-7406,32318
593,LVS,2020-03-27,0 days 15:57:36.925494,265187,42.19,42.18,300,300,-7406,32418
594,LVS,2020-03-27,0 days 15:57:37.927195,218769,42.19,42.18,403,200,32318,-7406
595,LVS,2020-03-27,0 days 15:58:13.011388,265187,42.21,42.18,600,200,-7406,32318
596,LVS,2020-03-27,0 days 15:59:04.132788,265187,42.07,42.05,700,300,-7406,32418
597,LVS,2020-03-27,0 days 15:59:05.135582,218669,42.07,42.05,1000,200,38518,-7406
598,LVS,2020-03-27,0 days 15:59:07.141570,265187,42.06,42.05,100,400,-7406,38518
599,LVS,2020-03-27,0 days 15:59:31.201238,265187,42.09,42.07,1400,1034,-7406,32418
600,LVS,2020-03-27,0 days 15:59:44.228826,271287,42.05,42.03,1201,300,-1306,38518
601,LVS,2020-03-27,0 days 15:59:53.251054,218669,42.08,42.06,100,1698,32418,-2458
602,LVS,2020-03-27,0 days 15:59:58.263638,270135,42.1,42.06,1400,1671,-2458,32418
603,MA,2020-03-27,0 days 15:58:53.104453,785868,247.32,247.16,200,300,6276,-10224
604,MA,2020-03-27,0 days 15:58:57.113589,775644,247.52,247.34,100,101,-10224,5976
605,MA,2020-03-27,0 days 15:59:16.159136,785915,247.82,247.73,100,100,1076,-19002
606,MA,2020-03-27,0 days 15:59:17.162515,778591,247.84,247.69,1700,100,-7324,1076
607,MA,2020-03-27,0 days 15:59:20.169420,785915,247.8,247.66,100,100,1376,-924
608,MA,2020-03-27,0 days 15:59:24.178334,778461,247.98,247.83,100,400,-7454,1276
609,MA,2020-03-27,0 days 15:59:26.184077,785915,247.66,247.5,415,1405,8376,-2624
610,MA,2020-03-27,0 days 15:59:31.199899,785291,247.94,247.71,500,500,-624,8776
611,MA,2020-03-27,0 days 15:59:32.198905,785915,247.78,247.54,300,500,1676,-624
612,MCD,2020-03-27,0 days 15:58:12.004804,601634,163.9,163.79,200,200,-12942,20593
613,MCD,2020-03-27,0 days 15:58:16.014111,619676,163.9,163.8,200,200,117,-2327
614,MCD,2020-03-27,0 days 15:58:17.016487,611949,163.9,163.82,200,100,-2627,117
615,MCD,2020-03-27,0 days 15:58:18.019074,619676,163.9,163.82,200,100,1617,-2627
616,MCD,2020-03-27,0 days 15:58:19.020923,612293,163.9,163.86,200,316,-2283,1617
617,MCD,2020-03-27,0 days 15:58:23.031250,619676,163.86,163.79,100,582,117,-2283
618,MCD,2020-03-27,0 days 15:58:55.108937,612593,163.9,163.73,200,100,-1983,6615
619,MCD,2020-03-27,0 days 15:59:05.132950,619676,163.92,163.76,200,100,2615,-1683
620,MCD,2020-03-27,0 days 15:59:06.135207,612593,163.96,163.82,549,400,-1983,2615
621,MCD,2020-03-27,0 days 15:59:07.138371,619676,163.94,163.77,100,100,1617,-1983
622,MRK,2020-03-27,0 days 15:54:05.402530,1592024,71.65,71.61,300,600,30,-3474
623,MRK,2020-03-27,0 days 15:54:09.412287,1588550,71.67,71.64,725,600,-3474,133
624,MRK,2020-03-27,0 days 15:54:11.416207,1592024,71.65,71.63,400,100,30,-3474
625,MRK,2020-03-27,0 days 15:54:13.421091,1590158,71.7,71.67,100,400,-1866,1638
626,MRK,2020-03-27,0 days 15:54:16.428182,1592024,71.63,71.61,500,600,1638,-1866
627,MRK,2020-03-27,0 days 15:54:21.440122,1588700,71.74,71.72,200,500,-3324,1638
628,MRK,2020-03-27,0 days 15:54:34.471338,1592024,71.64,71.63,200,100,1741,-1866
629,MRK,2020-03-27,0 days 15:54:47.500803,1590158,71.68,71.65,1450,130,-1866,1741
630,MRK,2020-03-27,0 days 15:54:48.503333,1592024,71.65,71.62,300,935,3043,-1866
631,MRK,2020-03-27,0 days 15:54:50.508177,1591563,71.7,71.67,300,700,-461,3043
632,MRK,2020-03-27,0 days 15:55:30.607780,1592617,71.78,71.76,400,300,3281,-3922
633,MRK,2020-03-27,0 days 15:55:32.611555,1589833,71.92,71.88,700,300,-2784,62
634,MRK,2020-03-27,0 days 15:56:10.702058,1592617,71.95,71.94,1300,100,2084,-1456
635,MRK,2020-03-27,0 days 15:56:11.704580,1591161,71.96,71.95,600,961,-1456,2084
636,MRK,2020-03-27,0 days 15:56:26.740412,1592617,71.95,71.93,800,200,3527,-13
637,MRK,2020-03-27,0 days 15:56:34.759828,1592604,71.96,71.94,200,458,-13,3527
638,MRK,2020-03-27,0 days 15:56:35.761956,1592617,71.94,71.92,300,400,3527,-13
639,MRK,2020-03-27,0 days 15:56:38.769416,1592617,72.01,72.0,300,200,305,-712
640,MRO,2020-03-27,0 days 15:58:41.059529,1423003,3.52,3.51,371227,149113,17972,-1531
641,NEM,2020-03-27,0 days 15:58:48.076513,980211,46.43,46.41,1200,720,-3386,9180
642,NEM,2020-03-27,0 days 15:59:47.218569,981375,46.37,46.36,1100,600,-3339,2563
643,NIO,2020-03-27,0 days 15:58:05.960276,426077,2.84,2.83,144586,388032,15843,-15857
644,NKE,2020-03-27,0 days 15:59:51.214437,1368697,83.32,83.29,1152,100,-27672,11030
645,NKE,2020-03-27,0 days 15:59:54.223071,1366419,83.29,83.27,100,500,4328,-23357
646,NKE,2020-03-27,0 days 15:59:57.227656,1370747,83.31,83.27,100,200,-3369,4328
647,NLY,2020-03-27,0 days 15:59:52.247056,1803622,6.13,6.12,23629,8277,647,-6770
648,NMFC,2020-03-27,0 days 15:59:51.217900,129236,8.26,8.25,462,3906,7736,-16984
649,NTG,2020-03-27,0 days 15:58:12.991198,520,1.0,0.98,8142,6482,3243,-400
650,NTG,2020-03-27,0 days 15:58:57.096577,100,1.0,0.98,8142,6782,-400,3243
651,NYCB,2020-03-27,0 days 15:57:36.906278,313731,9.47,9.46,12500,2600,-6207,5449
652,NYCB,2020-03-27,0 days 15:58:59.101593,303831,9.48,9.47,14087,2775,-16107,149
653,O,2020-03-27,0 days 15:53:56.397913,2084290,56.5,56.43,314,200,29504,-186596
654,O,2020-03-27,0 days 15:53:57.401767,2111794,56.62,56.45,500,100,-75596,29504
655,O,2020-03-27,0 days 15:54:16.446252,2084290,56.47,56.43,317,200,28204,-79696
656,O,2020-03-27,0 days 15:54:21.458222,2109894,56.6,56.51,100,700,-80296,28204
657,OHI,2020-03-27,0 days 15:59:34.188434,190976,28.18,28.17,496,200,-121,1095
658,ORCL,2020-03-27,0 days 15:57:48.933419,1615991,49.76,49.75,800,400,4120,-1805
659,ORI,2020-03-27,0 days 15:59:51.239216,193150,15.02,15.01,400,2188,5891,-4325
660,OVV,2020-03-27,0 days 15:58:05.989869,161436,2.67,2.66,87407,39738,-7177,31923
661,PAA,2020-03-27,0 days 16:00:00.235501,745084,5.55,5.54,22931,9210,-8673,4864
662,PCG,2020-03-27,0 days 15:58:00.982034,268321,9.6,9.59,5519,3981,-1126,12005
663,PCI,2020-03-27,0 days 15:51:31.046765,204,16.89,16.88,400,800,106,-194
664,PFE,2020-03-27,0 days 15:59:51.783927,7667193,30.85,30.84,8053,7685,16172,-3416
665,PLNT,2020-03-27,0 days 15:50:17.892023,24627,50.02,50.0,200,400,6962,-4377
666,PLNT,2020-03-27,0 days 15:50:19.896655,31589,50.0,49.96,100,100,-4377,6962
667,PLNT,2020-03-27,0 days 15:50:27.918666,24527,49.98,49.96,422,200,7062,-4277
668,PLNT,2020-03-27,0 days 15:50:28.918651,31589,50.13,49.97,1700,200,-4377,7062
669,PLNT,2020-03-27,0 days 15:50:32.926111,24527,50.05,49.91,200,200,7062,-4277
670,PLNT,2020-03-27,0 days 15:50:49.967554,31589,50.0,49.91,534,428,-4277,7062
671,PLNT,2020-03-27,0 days 15:51:10.004588,31589,49.95,49.92,800,216,-4277,7062
672,PLNT,2020-03-27,0 days 15:51:44.082450,23999,49.91,49.89,800,152,7590,-3749
673,PLNT,2020-03-27,0 days 15:51:52.101392,31589,49.91,49.89,1140,152,-3749,7590
674,PLNT,2020-03-27,0 days 15:52:04.134914,24627,50.09,50.02,100,301,6962,-3749
675,PLNT,2020-03-27,0 days 15:52:53.247591,31589,50.28,50.26,100,900,-8906,5362
676,PLNT,2020-03-27,0 days 15:53:10.287527,26327,50.39,50.28,1200,919,5262,-8906
677,PLNT,2020-03-27,0 days 15:53:15.299942,31589,50.33,50.27,700,409,-8906,5262
678,PLNT,2020-03-27,0 days 15:54:09.429756,26127,50.2,50.13,1445,205,5462,-5462
679,PLNT,2020-03-27,0 days 15:54:18.450472,31589,50.19,50.13,900,405,-6248,5462
680,PLNT,2020-03-27,0 days 15:54:42.508220,26127,50.17,50.13,100,274,5462,-5462
681,PLNT,2020-03-27,0 days 15:54:51.529885,31589,50.16,50.13,921,406,-6248,5462
682,PLNT,2020-03-27,0 days 15:55:17.594955,31589,50.3,50.24,882,1100,-8806,5262
683,PLNT,2020-03-27,0 days 15:55:23.608539,26327,50.3,50.28,1082,500,5262,-8806
684,PLNT,2020-03-27,0 days 15:55:24.611143,31589,50.3,50.28,847,300,-8906,5262
685,PLNT,2020-03-27,0 days 15:55:30.627077,31589,50.4,50.36,800,308,-12935,4962
686,PLNT,2020-03-27,0 days 15:56:08.716800,31589,50.65,50.58,206,400,-17464,4462
687,PLNT,2020-03-27,0 days 15:56:37.784706,27127,50.65,50.58,1382,789,4462,-17464
688,PLNT,2020-03-27,0 days 15:56:48.810749,31589,50.65,50.61,1590,300,-17464,4462
689,PLNT,2020-03-27,0 days 15:56:50.815832,27327,50.69,50.66,155,301,4262,-17464
690,PLNT,2020-03-27,0 days 15:56:51.819013,31589,50.78,50.69,100,420,-17764,4262
691,PLNT,2020-03-27,0 days 15:57:24.896948,27427,50.76,50.69,1267,334,4162,-18064
692,PLNT,2020-03-27,0 days 15:57:35.921144,31589,50.75,50.71,300,300,-17664,4162
693,PLNT,2020-03-27,0 days 15:57:49.953269,27527,50.85,50.74,100,200,4062,-17764
694,PLNT,2020-03-27,0 days 15:57:50.955629,31589,50.79,50.7,100,600,-17864,4062
695,PLNT,2020-03-27,0 days 15:59:13.152790,31589,50.7,50.69,100,434,-17664,4162
696,PXD,2020-03-27,0 days 15:59:51.218121,228712,68.66,68.55,100,400,5646,-6765
697,RTN,2020-03-27,0 days 15:59:52.250629,275626,141.96,141.93,100,121,598,-8058
698,RTN,2020-03-27,0 days 15:59:57.260129,273124,141.96,141.93,100,969,-2502,598
699,SEAS,2020-03-27,0 days 15:50:36.927002,33156,13.77,13.75,345,700,-15402,6825
700,SEAS,2020-03-27,0 days 15:51:37.065622,25361,13.8,13.79,1297,1793,6725,-15602
701,SEAS,2020-03-27,0 days 15:52:11.145547,33156,13.76,13.72,1172,300,-15402,6725
702,SEAS,2020-03-27,0 days 15:52:54.245815,33156,13.74,13.72,533,100,-14902,5625
703,SEAS,2020-03-27,0 days 15:54:21.454579,33156,13.72,13.69,300,419,-14902,5725
704,SEAS,2020-03-27,0 days 15:54:35.488390,33156,13.69,13.68,240,388,-14902,5725
705,SEAS,2020-03-27,0 days 15:54:40.500465,26061,13.69,13.68,526,100,6025,-14902
706,SEAS,2020-03-27,0 days 15:54:42.504371,33156,13.69,13.68,700,100,-14902,5725
707,SEAS,2020-03-27,0 days 15:55:05.562052,33156,13.59,13.55,400,3302,-14502,6625
708,SEAS,2020-03-27,0 days 15:55:06.563545,25461,13.61,13.59,748,200,6625,-14502
709,SEAS,2020-03-27,0 days 15:55:18.593020,33156,13.57,13.55,300,200,-14502,6425
710,SEAS,2020-03-27,0 days 15:55:23.604695,25361,13.6,13.58,166,500,6725,-14502
711,SEAS,2020-03-27,0 days 15:55:30.622833,33156,13.56,13.55,300,600,-14502,6625
712,SEAS,2020-03-27,0 days 15:58:16.014111,33156,13.78,13.76,1300,2504,-15402,5625
713,SEAS,2020-03-27,0 days 15:59:49.238075,33156,13.69,13.67,100,1000,-14902,5725
714,SKX,2020-03-27,0 days 15:59:51.228817,111074,24.76,24.72,200,245,3898,-1557
715,SNAP,2020-03-27,0 days 15:50:15.845244,3029522,12.08,12.07,11400,1900,-22707,119842
716,SNAP,2020-03-27,0 days 15:52:06.103074,3055959,12.2,12.19,2090,8843,9288,-17800
717,SPG,2020-03-27,0 days 15:59:20.136768,254412,58.27,58.26,826,735,55175,-2098
718,STT,2020-03-27,0 days 15:59:36.180711,338759,48.58,48.56,1566,328,2652,-3448
719,STT,2020-03-27,0 days 15:59:40.240520,337561,48.61,48.57,300,600,-1198,2952
720,T,2020-03-27,0 days 15:57:32.896909,5897858,29.71,29.7,5000,805,7732,-57340
721,TAP,2020-03-27,0 days 15:59:51.244631,192262,38.1,38.09,200,200,-2454,7162
722,TDOC,2020-03-27,0 days 15:56:55.797208,56574,165.48,164.88,1300,100,547,-233
723,TGT,2020-03-27,0 days 15:59:42.191220,526926,94.65,94.54,900,100,7189,-4369
724,TGT,2020-03-27,0 days 15:59:43.193555,527615,94.65,94.59,686,100,-1311,7189
725,TGT,2020-03-27,0 days 15:59:51.214150,536115,94.69,94.59,900,600,11741,-2476
726,TJX,2020-03-27,0 days 15:58:32.026439,939276,46.61,46.59,4119,1200,-432,1468
727,TPX,2020-03-27,0 days 15:51:09.972739,43955,45.86,45.85,900,170,-3895,4496
728,TPX,2020-03-27,0 days 15:51:47.058883,39459,45.97,45.82,100,100,4396,-3895
729,TPX,2020-03-27,0 days 15:51:50.066736,43955,45.98,45.82,228,100,-3895,4396
730,TPX,2020-03-27,0 days 15:51:54.075319,39459,45.98,45.87,689,203,4396,-3895
731,TPX,2020-03-27,0 days 15:52:10.112289,43855,45.99,45.91,200,200,-3995,4096
732,TPX,2020-03-27,0 days 15:52:27.154694,39459,46.08,45.93,300,100,4396,-3995
733,TPX,2020-03-27,0 days 15:53:01.236341,43855,46.0,45.96,300,100,-3995,4396
734,TPX,2020-03-27,0 days 15:54:20.424205,43855,46.0,45.95,100,200,-4295,4396
735,TPX,2020-03-27,0 days 15:55:12.549078,39459,46.0,45.92,400,100,4396,-3995
736,TPX,2020-03-27,0 days 15:55:13.551833,43855,46.0,45.92,629,200,-3995,4396
737,TPX,2020-03-27,0 days 15:56:14.698088,43855,46.0,45.97,360,200,-3995,4396
738,TPX,2020-03-27,0 days 15:56:19.710728,39459,45.97,45.93,110,100,4396,-3995
739,TPX,2020-03-27,0 days 15:56:22.716832,43855,46.15,45.99,1700,333,-4295,4396
740,TPX,2020-03-27,0 days 15:57:00.809079,39759,46.12,46.03,100,728,4096,-4295
741,TPX,2020-03-27,0 days 15:57:36.891667,43855,46.15,46.1,1700,359,-4295,4096
742,TPX,2020-03-27,0 days 15:59:06.104493,39459,45.98,45.93,300,400,4396,-3895
743,TPX,2020-03-27,0 days 15:59:08.109494,43955,45.98,45.92,356,100,-3895,4396
744,TPX,2020-03-27,0 days 15:59:09.112106,39459,45.98,45.92,253,372,4396,-3895
745,TPX,2020-03-27,0 days 15:59:13.121254,43855,46.0,45.93,300,450,-3995,4396
746,TPX,2020-03-27,0 days 15:59:26.153073,39759,46.01,46.0,218,200,4096,-3995
747,TRV,2020-03-27,0 days 15:59:51.246991,308380,100.03,99.99,400,400,-3720,3468
748,TRV,2020-03-27,0 days 15:59:56.258036,307069,100.03,99.96,1068,100,1611,-4020
749,TRV,2020-03-27,0 days 16:00:00.268373,308380,99.99,99.96,3500,100,-4581,411
750,TSN,2020-03-27,0 days 15:59:40.212467,653227,58.54,58.53,200,549,22,-458
751,TSN,2020-03-27,0 days 15:59:46.225666,650646,58.56,58.54,553,200,-2581,2222
752,TSN,2020-03-27,0 days 15:59:51.239291,653227,58.61,58.59,2092,200,4844,-2581
753,TWTR,2020-03-27,0 days 15:52:05.666528,1171866,25.35,25.34,900,2600,15595,-2102
754,UNH,2020-03-27,0 days 15:53:15.299994,576220,242.76,242.42,150,100,117,-1132
755,UNH,2020-03-27,0 days 15:53:18.306710,576084,242.76,242.42,250,100,-536,117
756,UNH,2020-03-27,0 days 15:57:35.921207,576720,242.84,242.73,100,200,15494,-663
757,UNP,2020-03-27,0 days 15:58:45.085734,831749,138.89,138.84,300,100,3832,-6093
758,UNP,2020-03-27,0 days 15:58:54.106700,827856,138.92,138.81,100,600,-4393,3832
759,UNP,2020-03-27,0 days 15:59:39.215199,831749,138.87,138.77,200,210,7132,-3093
760,UNP,2020-03-27,0 days 15:59:40.218943,831346,138.87,138.77,100,210,-903,7132
761,UNP,2020-03-27,0 days 15:59:44.227391,829184,138.81,138.77,200,210,11682,-1408
762,UNP,2020-03-27,0 days 15:59:46.232437,830841,138.93,138.79,235,300,-1408,11682
763,UNP,2020-03-27,0 days 15:59:50.243701,832249,138.93,138.77,407,210,717,-5648
764,URI,2020-03-27,0 days 15:50:15.844740,65596,90.4,90.32,100,200,5297,-25609
765,URI,2020-03-27,0 days 15:50:16.845826,70893,90.4,90.36,100,100,-25609,5297
766,URI,2020-03-27,0 days 15:51:04.962179,65596,90.4,90.16,100,270,5297,-25609
767,URI,2020-03-27,0 days 15:51:10.975208,70893,90.4,90.34,100,870,-25609,5297
768,URI,2020-03-27,0 days 15:51:20.996561,65596,90.4,90.36,100,330,5297,-25609
769,URI,2020-03-27,0 days 15:51:33.025593,70893,90.4,90.29,100,100,-25609,5297
770,URI,2020-03-27,0 days 15:52:19.133275,65596,90.32,90.21,100,100,5297,-25609
771,URI,2020-03-27,0 days 15:52:23.143099,65596,90.25,90.14,100,100,5297,-25609
772,URI,2020-03-27,0 days 15:52:50.209049,70893,90.4,90.32,391,200,-25609,4497
773,URI,2020-03-27,0 days 15:52:59.230523,66296,90.25,90.08,100,400,4597,-25609
774,URI,2020-03-27,0 days 15:53:02.237317,70893,90.34,90.17,100,204,-25609,4497
775,URI,2020-03-27,0 days 15:53:03.241680,66496,90.4,90.17,506,100,4397,-25609
776,URI,2020-03-27,0 days 15:53:04.242465,70893,90.4,90.18,600,100,-25609,4397
777,URI,2020-03-27,0 days 15:54:25.436481,66496,90.34,90.24,300,300,4397,-25609
778,URI,2020-03-27,0 days 15:54:28.444159,70893,90.24,90.17,100,200,-25609,4397
779,URI,2020-03-27,0 days 15:54:47.488224,66496,90.33,90.23,546,300,4397,-25609
780,URI,2020-03-27,0 days 15:54:51.500450,70893,90.26,90.24,200,100,-25609,4397
781,URI,2020-03-27,0 days 15:54:52.501983,66596,90.32,90.28,100,200,4297,-25609
782,URI,2020-03-27,0 days 15:55:14.555620,66696,90.53,90.4,100,100,4197,-25609
783,URI,2020-03-27,0 days 15:55:17.561760,70893,90.53,90.37,200,100,-25609,4097
784,URI,2020-03-27,0 days 15:55:40.617314,66596,90.44,90.33,201,100,4297,-25609
785,URI,2020-03-27,0 days 15:55:41.619043,70893,90.53,90.37,100,100,-25609,4297
786,URI,2020-03-27,0 days 15:55:53.647905,66696,90.46,90.33,600,200,4197,-25609
787,URI,2020-03-27,0 days 15:56:55.796630,70893,90.26,90.21,220,100,-25609,4297
788,URI,2020-03-27,0 days 15:57:35.890895,66296,90.14,90.1,100,200,4597,-25609
789,URI,2020-03-27,0 days 15:57:36.891627,70893,90.19,90.13,100,200,-25609,4597
790,URI,2020-03-27,0 days 15:57:43.907729,66496,90.3,90.22,351,300,4397,-25609
791,URI,2020-03-27,0 days 15:57:44.910210,70893,90.3,90.22,251,300,-25609,4397
792,URI,2020-03-27,0 days 15:57:47.917048,66496,90.3,90.22,151,700,4397,-25609
793,URI,2020-03-27,0 days 15:57:50.924842,70893,90.29,90.12,200,100,-25609,4397
794,URI,2020-03-27,0 days 15:58:21.998597,66496,90.33,90.25,100,300,4397,-25609
795,URI,2020-03-27,0 days 15:58:26.007695,70893,90.31,90.18,749,500,-25609,4397
796,URI,2020-03-27,0 days 16:00:00.234698,66396,90.2,90.14,4525,2156,4497,-25001
797,USFD,2020-03-27,0 days 15:50:14.874613,102426,17.91,17.89,6200,154,-2347,255
798,USFD,2020-03-27,0 days 15:50:22.891364,104873,17.83,17.8,300,200,1855,-746
799,USFD,2020-03-27,0 days 15:50:37.926412,102426,17.88,17.86,200,400,-2347,255
800,USFD,2020-03-27,0 days 15:50:56.969675,104973,17.87,17.84,1600,200,255,-5347
801,USFD,2020-03-27,0 days 15:50:59.976976,102426,17.87,17.84,800,600,-2347,255
802,UTX,2020-03-27,0 days 15:52:43.217436,827000,96.65,96.53,100,100,3216,-3779
803,UTX,2020-03-27,0 days 15:52:54.241793,827000,96.64,96.56,200,100,1378,-4779
804,UTX,2020-03-27,0 days 15:52:58.253048,827678,96.58,96.55,116,310,-3779,1378
805,UTX,2020-03-27,0 days 15:52:59.254202,827000,96.57,96.53,100,100,1178,-3779
806,UTX,2020-03-27,0 days 15:53:01.260212,826678,96.7,96.68,100,200,-4779,1178
807,UTX,2020-03-27,0 days 15:57:30.903505,831457,96.68,96.64,100,615,5990,-1910
808,UTX,2020-03-27,0 days 15:59:48.230551,831304,97.05,97.0,100,700,-159,7761
809,V,2020-03-27,0 days 15:58:46.086651,1399318,161.34,161.31,100,300,11512,-16033
810,V,2020-03-27,0 days 15:58:47.088913,1395030,161.44,161.38,100,100,-4288,11512
811,V,2020-03-27,0 days 15:59:16.158382,1401818,161.45,161.36,100,400,23522,-48631
812,V,2020-03-27,0 days 15:59:24.177454,1383263,161.66,161.51,200,1200,-16155,26922
813,V,2020-03-27,0 days 15:59:25.181173,1401818,161.47,161.34,200,100,42667,-16155
814,V,2020-03-27,0 days 15:59:31.199468,1382863,161.64,161.58,100,100,-16555,65501
815,V,2020-03-27,0 days 15:59:33.200621,1403318,161.49,161.39,537,700,2100,-16045
816,VTR,2020-03-27,0 days 15:51:41.060117,429241,30.74,30.66,200,400,-425,7427
817,VTR,2020-03-27,0 days 15:51:43.063732,433537,30.65,30.58,300,200,7327,-425
818,VTR,2020-03-27,0 days 15:51:50.080277,429241,30.68,30.61,100,200,-225,6623
819,VTR,2020-03-27,0 days 15:51:54.088913,434137,30.61,30.58,1200,200,6727,-425
820,VTR,2020-03-27,0 days 15:52:05.115907,429241,30.68,30.62,1100,400,-6225,923
821,WM,2020-03-27,0 days 15:57:31.881087,715928,95.09,94.89,304,300,1288,-8669
822,WMB,2020-03-27,0 days 15:59:51.247024,1318097,13.91,13.9,11082,2937,16802,-74105
823,WRK,2020-03-27,0 days 15:50:16.878277,215722,28.04,27.97,100,1970,-7341,1176
824,WRK,2020-03-27,0 days 15:50:19.885657,223846,28.0,27.94,200,540,1176,-7341
825,WRK,2020-03-27,0 days 15:59:04.130555,215722,28.0,27.99,4017,212,-8137,1036
826,WRK,2020-03-27,0 days 15:59:05.133038,223986,28.0,27.97,4034,808,1036,-8137
827,WRK,2020-03-27,0 days 15:59:34.203339,215722,28.01,28.0,1712,4100,-7341,1036
828,WRK,2020-03-27,0 days 15:59:35.205578,223986,27.98,27.95,500,418,1036,-7341
829,XEC,2020-03-27,0 days 15:50:06.847759,242940,15.96,15.93,300,1500,-45962,14945
830,XEC,2020-03-27,0 days 15:50:10.857754,227089,15.94,15.93,1000,300,14945,-45962
831,XEC,2020-03-27,0 days 15:50:29.904153,242940,15.97,15.95,200,500,-45962,14945
832,XEC,2020-03-27,0 days 15:51:23.024757,227089,15.97,15.94,303,700,14945,-45962
833,XEC,2020-03-27,0 days 15:51:33.048107,242940,15.95,15.92,300,300,-45962,14945
834,XEC,2020-03-27,0 days 15:52:24.169306,242940,15.97,15.95,300,706,-45962,14945
835,XEC,2020-03-27,0 days 15:53:17.297407,227089,15.92,15.91,1027,300,15858,-44949
836,XEC,2020-03-27,0 days 15:53:26.318522,242940,15.97,15.96,100,895,-45962,14945
837,XEC,2020-03-27,0 days 15:53:56.390555,242940,16.08,16.03,302,1100,-45962,14945
838,XEC,2020-03-27,0 days 15:56:15.723886,227995,16.12,16.11,400,200,14039,-45962
839,XEC,2020-03-27,0 days 15:56:19.734242,242940,16.12,16.09,504,200,-45962,14039
840,XEC,2020-03-27,0 days 15:59:56.249399,227089,15.94,15.92,300,1000,14945,-45962
841,XOM,2020-03-27,0 days 15:50:31.457114,5866367,36.4,36.38,1403,1361,87933,-862067
842,YUM,2020-03-27,0 days 15:51:10.004015,280713,68.25,68.15,100,100,-14218,29404
843,YUM,2020-03-27,0 days 15:51:21.028291,282997,68.32,68.24,100,100,-11934,29588
844,YUM,2020-03-27,0 days 15:51:31.053431,283297,68.3,68.23,100,200,-11634,30088
845,YUM,2020-03-27,0 days 15:51:36.063772,284853,68.29,68.18,300,100,-10078,31544
846,YUM,2020-03-27,0 days 15:51:37.066212,253109,68.29,68.2,300,200,31644,-10078
847,YUM,2020-03-27,0 days 15:51:38.068465,284953,68.27,68.18,200,200,-9978,31644
848,YUM,2020-03-27,0 days 15:51:40.074529,253109,68.27,68.2,100,100,31644,-9978
849,YUM,2020-03-27,0 days 15:51:41.076159,284953,68.24,68.16,200,100,-9978,31644
850,YUM,2020-03-27,0 days 15:51:51.099899,253109,68.32,68.22,100,400,31344,-10278
851,YUM,2020-03-27,0 days 15:51:57.113141,284653,68.23,68.16,200,175,-10278,31344
852,YUM,2020-03-27,0 days 15:52:03.129053,253109,68.28,68.23,100,100,31344,-10278
853,YUM,2020-03-27,0 days 15:52:05.133217,282797,68.23,68.22,100,890,-12134,31344
854,YUM,2020-03-27,0 days 15:52:39.213590,253109,68.33,68.28,100,340,34188,-7934
855,YUM,2020-03-27,0 days 15:52:41.218058,287497,68.33,68.26,200,200,-7434,34188
856,YUM,2020-03-27,0 days 15:52:50.239781,286997,68.33,68.3,100,200,-7934,34688
857,YUM,2020-03-27,0 days 15:53:01.267389,253109,68.33,68.31,100,200,33888,-7934
858,YUM,2020-03-27,0 days 15:53:05.276466,286997,68.32,68.29,200,100,-7934,33888
859,YUM,2020-03-27,0 days 15:53:14.298648,253109,68.31,68.25,100,368,34488,-7134
860,YUM,2020-03-27,0 days 15:53:15.299942,287797,68.3,68.25,100,100,-7134,34488
861,YUM,2020-03-27,0 days 15:53:59.405514,287922,68.27,68.23,100,100,-7009,34713
862,YUM,2020-03-27,0 days 15:54:23.462588,253109,68.39,68.36,300,200,33113,-7309
863,YUM,2020-03-27,0 days 15:54:28.475675,286422,68.39,68.34,300,200,-8509,33113
864,YUM,2020-03-27,0 days 15:54:58.546334,253109,68.39,68.32,300,501,35213,-17809
865,YUM,2020-03-27,0 days 15:55:02.556565,288022,68.35,68.33,400,401,-6909,35213
866,YUM,2020-03-27,0 days 15:55:16.590671,281933,68.69,68.66,100,300,-24784,19124
867,YUM,2020-03-27,0 days 15:55:47.665883,284533,68.62,68.56,300,100,-22184,21524
868,YUM,2020-03-27,0 days 15:55:53.680038,263009,68.73,68.64,500,100,19224,-24384
869,YUM,2020-03-27,0 days 15:55:54.682472,282133,68.71,68.66,100,108,-24584,19224
870,YUM,2020-03-27,0 days 15:56:13.727579,263009,68.58,68.53,200,254,22924,-24284
871,YUM,2020-03-27,0 days 15:56:35.780759,286333,68.5,68.46,100,200,-18498,23124
872,YUM,2020-03-27,0 days 15:57:11.868109,289122,68.39,68.34,200,100,-5809,25513
873,YUM,2020-03-27,0 days 15:57:37.927260,263009,68.73,68.52,200,600,31024,-8098
874,YUM,2020-03-27,0 days 15:57:43.940659,287133,68.63,68.55,300,3152,-19584,30124
875,YUM,2020-03-27,0 days 15:58:04.990833,293233,68.55,68.53,300,1410,-11598,30124
876,YUM,2020-03-27,0 days 15:59:32.201886,301387,68.49,68.42,100,100,-3444,651
877,YUM,2020-03-27,0 days 15:59:57.260159,303047,68.5,68.42,100,1325,-1784,9205
878,ZTS,2020-03-27,0 days 15:59:58.260730,347102,111.66,111.57,300,1726,-3489,2064
