,Symbol,Timestamp,TIME,iPaired,Ask_P,Bid_P,Ask_S,Bid_S,iShares,PreviShares
0,AA,2020-09-10,0 days 15:55:39.249406,84916,13.83,13.82,9146,9305,340,-326
1,AA,2020-09-10,0 days 15:55:41.250093,85256,13.83,13.82,6440,14772,-10054,340
2,AA,2020-09-10,0 days 15:55:45.250035,95310,13.83,13.82,9199,12834,5746,-1054
3,AA,2020-09-10,0 days 15:57:13.251009,108292,13.81,13.8,11239,16762,-25,75
4,AA,2020-09-10,0 days 15:57:15.246669,108317,13.81,13.8,3685,20856,375,-25
5,AA,2020-09-10,0 days 15:57:44.246928,110864,13.81,13.8,15270,9222,-553,1247
6,AA,2020-09-10,0 days 15:57:45.246680,110017,13.81,13.8,16570,9622,847,-553
7,AA,2020-09-10,0 days 15:57:47.247476,110864,13.81,13.8,15470,9090,-253,747
8,AA,2020-09-10,0 days 15:57:48.247290,105017,13.81,13.8,15567,9671,5847,-253
9,AA,2020-09-10,0 days 15:59:04.251957,110564,13.82,13.81,16714,5137,-2593,350
10,AA,2020-09-10,0 days 15:59:37.253769,131534,13.8,13.79,21467,5744,-51,194
11,AA,2020-09-10,0 days 15:59:46.253862,131585,13.79,13.78,17817,26259,3806,-51
12,AA,2020-09-10,0 days 15:59:47.253121,130791,13.79,13.78,10775,26849,-794,3806
13,ABB,2020-09-10,0 days 15:59:46.126610,39126,25.98,25.97,18071,33576,1997,-1308
14,ABB,2020-09-10,0 days 15:59:47.125763,38115,25.98,25.97,26063,18452,-916,1997
15,ABBV,2020-09-10,0 days 15:56:04.989956,664613,89.89,89.88,1200,787,-1745,2283
16,ABBV,2020-09-10,0 days 15:56:05.990374,657958,89.89,89.88,1936,618,6655,-1745
17,ABBV,2020-09-10,0 days 15:57:34.992578,672386,89.79,89.78,809,1390,-4206,1377
18,ABBV,2020-09-10,0 days 15:57:35.992521,666792,89.79,89.78,2048,700,5594,-4206
19,ABBV,2020-09-10,0 days 15:57:36.993392,672386,89.79,89.78,1795,600,-5613,5594
20,ABBV,2020-09-10,0 days 15:57:37.992687,668199,89.79,89.78,3148,600,4187,-5613
21,ABBV,2020-09-10,0 days 15:58:15.996793,671219,89.76,89.75,334,1057,-4,3541
22,ABBV,2020-09-10,0 days 15:58:16.995326,663323,89.76,89.75,1425,1123,7896,-4
23,ABBV,2020-09-10,0 days 15:58:20.995230,671219,89.76,89.75,1201,1357,-2304,2796
24,ABBV,2020-09-10,0 days 15:58:21.995345,667723,89.75,89.74,1271,967,3496,-2304
25,ABBV,2020-09-10,0 days 15:59:21.999085,677529,89.71,89.7,1300,411,11138,-13603
26,ABBV,2020-09-10,0 days 15:59:22.997167,688770,89.72,89.71,260,1100,-244,11138
27,ABBV,2020-09-10,0 days 15:59:24.997280,689014,89.71,89.7,300,400,773,-347
28,ABBV,2020-09-10,0 days 15:59:25.997598,688770,89.71,89.69,981,1153,-244,773
29,ABBV,2020-09-10,0 days 15:59:28.997423,688314,89.7,89.68,1203,920,1473,-3744
30,ABBV,2020-09-10,0 days 15:59:44.999025,691173,89.67,89.66,313,1450,-46215,28871
31,ABEV,2020-09-10,0 days 15:55:00.235282,58393,2.35,2.34,1014433,91530,-24196,741
32,ABEV,2020-09-10,0 days 15:59:36.244944,131889,2.34,2.33,511514,1155094,34172,-40128
33,ABEV,2020-09-10,0 days 15:59:37.246305,129861,2.34,2.33,784242,1144294,-2028,34172
34,ABT,2020-09-10,0 days 15:54:49.233657,429769,104.51,104.47,200,300,-537,335
35,ABT,2020-09-10,0 days 15:54:51.232609,430306,104.48,104.44,552,100,335,-537
36,ABT,2020-09-10,0 days 15:55:15.235334,521548,104.5,104.48,400,200,1397,-203
37,ABT,2020-09-10,0 days 15:55:55.237152,528383,104.42,104.37,900,500,-8123,916
38,ABT,2020-09-10,0 days 15:55:56.237092,528106,104.42,104.39,100,400,277,-8123
39,ABT,2020-09-10,0 days 15:56:02.237375,526210,104.45,104.43,200,200,1299,-723
40,ABT,2020-09-10,0 days 15:56:24.238801,536600,104.47,104.43,400,400,-590,1710
41,ABT,2020-09-10,0 days 15:56:25.238703,536090,104.44,104.42,100,1100,510,-590
42,ABT,2020-09-10,0 days 15:56:33.238992,539023,104.46,104.44,300,300,-567,1033
43,ABT,2020-09-10,0 days 15:56:35.238676,537490,104.44,104.42,200,603,659,-141
44,ABT,2020-09-10,0 days 15:57:38.240192,554497,104.2,104.18,512,818,-1116,2284
45,ABT,2020-09-10,0 days 15:57:39.240175,552213,104.2,104.18,212,1041,4484,-1116
46,ABT,2020-09-10,0 days 15:57:44.240983,556697,104.21,104.19,100,400,-528,4272
47,ABT,2020-09-10,0 days 15:57:45.240767,548325,104.24,104.21,400,622,5298,-528
48,ABT,2020-09-10,0 days 15:57:51.240838,557697,104.24,104.2,1252,500,-5667,33
49,ABT,2020-09-10,0 days 15:57:52.241097,555364,104.24,104.2,1052,500,2333,-5667
50,ABT,2020-09-10,0 days 15:57:56.244002,554497,104.25,104.22,664,600,-3767,2333
51,ABT,2020-09-10,0 days 15:57:57.241079,552464,104.25,104.23,764,200,1159,-3767
52,ABT,2020-09-10,0 days 15:57:58.241425,554497,104.25,104.23,700,110,-13667,1159
53,ABT,2020-09-10,0 days 15:58:01.242563,551754,104.24,104.21,900,321,1869,-241
54,ABT,2020-09-10,0 days 15:58:24.242821,567252,104.16,104.14,1475,200,-3102,1998
55,ABT,2020-09-10,0 days 15:58:25.243113,564964,104.16,104.14,775,640,2288,-3102
56,ABT,2020-09-10,0 days 15:58:36.243020,567252,104.21,104.18,1741,2050,-802,1998
57,ABT,2020-09-10,0 days 15:58:42.247029,553978,104.25,104.22,600,300,-2576,6424
58,ABT,2020-09-10,0 days 15:58:44.243494,552954,104.27,104.24,427,400,150,-1350
59,ABT,2020-09-10,0 days 15:59:04.245001,570008,104.18,104.15,700,600,9762,-277
60,ABT,2020-09-10,0 days 15:59:19.244334,569217,104.19,104.17,100,500,-3216,6988
61,ABT,2020-09-10,0 days 15:59:20.245329,572433,104.2,104.19,100,500,184,-3216
62,ABT,2020-09-10,0 days 15:59:27.244433,569217,104.19,104.16,632,400,-4216,5858
63,ABT,2020-09-10,0 days 15:59:28.244123,573433,104.17,104.13,600,730,10058,-4216
64,ABT,2020-09-10,0 days 15:59:34.244214,580265,104.12,104.09,200,1159,-3487,5858
65,ABT,2020-09-10,0 days 15:59:37.246200,583691,104.12,104.11,400,500,-174,700
66,ABT,2020-09-10,0 days 15:59:38.244325,583865,104.11,104.08,337,453,1600,-174
67,ACI,2020-09-10,0 days 15:59:28.244189,81956,14.18,14.17,7669,6592,1601,-60
68,ACI,2020-09-10,0 days 15:59:29.244289,78557,14.18,14.17,8669,5230,-1860,1601
69,ADM,2020-09-10,0 days 15:59:08.123807,461620,46.09,46.08,900,2775,1723,-8133
70,ADM,2020-09-10,0 days 15:59:17.124645,459485,46.11,46.1,329,3129,-2400,3058
71,ADM,2020-09-10,0 days 15:59:47.125854,463718,46.09,46.08,3486,834,-232,8068
72,ADM,2020-09-10,0 days 15:59:48.129459,462652,46.09,46.08,1031,2045,2198,-232
73,ADM,2020-09-10,0 days 15:59:50.131793,455283,46.07,46.06,1445,2170,-8054,946
74,ADM,2020-09-10,0 days 15:59:54.129362,463337,46.03,46.02,974,1659,1135,-65
75,AEO,2020-09-10,0 days 15:55:00.289095,175213,13.24,13.23,9824,14091,921,-62770
76,AEO,2020-09-10,0 days 15:55:33.292362,176434,13.23,13.22,11153,14667,-761,1139
77,AEO,2020-09-10,0 days 15:55:34.291606,175595,13.23,13.22,11053,14467,839,-761
78,AEO,2020-09-10,0 days 15:56:05.292354,195389,13.23,13.22,13841,18852,-1691,2415
79,AEO,2020-09-10,0 days 15:56:06.292028,193280,13.23,13.22,14641,17952,2109,-1691
80,AEO,2020-09-10,0 days 15:58:00.285571,198301,13.2,13.19,15310,16955,-4738,2168
81,AEO,2020-09-10,0 days 15:58:01.284987,195639,13.2,13.19,17825,12309,2662,-4738
82,AEO,2020-09-10,0 days 15:58:07.285665,198301,13.2,13.19,23210,9359,-438,2662
83,AEO,2020-09-10,0 days 15:58:08.285494,195639,13.2,13.19,25990,8759,2662,-438
84,AEO,2020-09-10,0 days 15:58:48.286527,198301,13.2,13.19,20706,8438,-138,462
85,AEO,2020-09-10,0 days 15:58:50.287460,198480,13.2,13.19,23186,7738,3521,-138
86,AEO,2020-09-10,0 days 15:59:09.288638,203582,13.2,13.19,21111,4201,-572,128
87,AEO,2020-09-10,0 days 15:59:10.288830,204154,13.2,13.19,24246,3451,1911,-572
88,AEP,2020-09-10,0 days 15:59:24.244554,156693,78.57,78.55,300,505,117,-683
89,AEP,2020-09-10,0 days 15:59:31.244841,155910,78.56,78.54,946,800,-683,217
90,AEP,2020-09-10,0 days 15:59:34.244349,156593,78.55,78.54,600,697,2121,-683
91,AEP,2020-09-10,0 days 15:59:35.244760,156114,78.55,78.54,200,1044,-479,2121
92,AEP,2020-09-10,0 days 15:59:40.248220,156993,78.58,78.56,685,100,221,-3179
93,AEP,2020-09-10,0 days 15:59:45.247796,154494,78.58,78.56,400,100,-2399,5429
94,AEP,2020-09-10,0 days 15:59:46.246682,156893,78.55,78.54,300,200,172,-2399
95,AES,2020-09-10,0 days 15:57:50.118304,267545,17.41,17.4,6140,14682,-41,763
96,AES,2020-09-10,0 days 15:57:51.118296,257286,17.41,17.4,13457,10764,10259,-41
97,AFL,2020-09-10,0 days 15:55:23.234917,294122,36.36,36.35,3393,400,577,-1323
98,AFL,2020-09-10,0 days 15:55:24.236120,293799,36.36,36.35,2540,2509,-323,577
99,AFL,2020-09-10,0 days 15:55:34.235797,293899,36.36,36.35,4138,1044,-283,417
100,AFL,2020-09-10,0 days 15:55:48.235835,295048,36.34,36.33,3708,700,383,-300
101,AFL,2020-09-10,0 days 15:55:49.235059,294831,36.34,36.33,3608,1119,-217,383
102,AFL,2020-09-10,0 days 15:57:12.238678,305085,36.28,36.27,1801,3947,2,-215
103,AFL,2020-09-10,0 days 15:57:22.238760,305085,36.28,36.27,2791,855,19,-381
104,AFL,2020-09-10,0 days 15:57:34.239911,303604,36.26,36.25,1043,3411,-1481,19
105,AFL,2020-09-10,0 days 15:57:36.240002,305085,36.27,36.26,3591,510,1119,-781
106,AFL,2020-09-10,0 days 15:57:38.239991,304504,36.27,36.26,3272,767,-581,1319
107,AFL,2020-09-10,0 days 15:57:46.242491,305085,36.25,36.24,800,2073,1319,-80
108,AFL,2020-09-10,0 days 15:57:47.243687,303404,36.25,36.24,2506,1173,-1680,1319
109,AFL,2020-09-10,0 days 15:57:53.242857,305085,36.25,36.24,1162,2511,619,-480
110,AFL,2020-09-10,0 days 15:57:54.242446,305404,36.25,36.24,1925,2511,-1038,619
111,AFL,2020-09-10,0 days 15:58:06.242310,304121,36.26,36.25,2061,2518,-4122,2478
112,AFL,2020-09-10,0 days 15:58:08.242972,306937,36.26,36.25,2301,1737,784,-316
113,AFL,2020-09-10,0 days 15:58:28.243445,306937,36.27,36.26,1148,3584,1484,-616
114,AFL,2020-09-10,0 days 15:58:29.243438,306621,36.27,36.26,3049,1602,-316,1484
115,AFL,2020-09-10,0 days 15:59:07.245274,316878,36.25,36.24,5193,438,360,-490
116,AFL,2020-09-10,0 days 15:59:16.246886,316438,36.24,36.23,1418,6266,-519,806
117,AFL,2020-09-10,0 days 15:59:35.244970,316938,36.24,36.23,5281,1308,-19,581
118,AFL,2020-09-10,0 days 15:59:39.245108,318767,36.24,36.23,7497,683,271,-29
119,AFL,2020-09-10,0 days 15:59:40.248182,318738,36.24,36.23,5000,800,-29,271
120,AFL,2020-09-10,0 days 15:59:43.244670,318767,36.23,36.22,7839,2021,471,-29
121,AG,2020-09-10,0 days 15:59:01.124668,59566,11.67,11.66,6876,18773,-21729,5559
122,AG,2020-09-10,0 days 15:59:19.125099,76757,11.67,11.66,16002,18609,17726,-3446
123,AGI,2020-09-10,0 days 15:55:00.991428,47020,10.02,10.01,15204,15255,-27911,34121
124,AGI,2020-09-10,0 days 15:55:01.987673,44531,10.02,10.01,15996,18455,2489,-27911
125,AGI,2020-09-10,0 days 15:59:27.997732,188872,10.01,10.0,2767,68629,-365,210
126,AGI,2020-09-10,0 days 15:59:33.997582,179737,10.01,10.0,19099,58231,9135,-5065
127,AIG,2020-09-10,0 days 15:58:54.120882,479165,28.29,28.28,4114,2906,11218,-17808
128,AIG,2020-09-10,0 days 15:58:55.121583,461583,28.29,28.28,1672,4860,-17582,11218
129,AIG,2020-09-10,0 days 15:59:45.129155,461371,28.25,28.24,2715,4388,-2549,2651
130,AIG,2020-09-10,0 days 15:59:46.126880,463920,28.25,28.24,4711,3288,16578,-2549
131,AIG,2020-09-10,0 days 15:59:47.125991,461258,28.25,28.24,1949,6065,-2662,16578
132,ALK,2020-09-10,0 days 15:55:00.991098,84946,41.12,41.11,200,504,-41263,41531
133,ALK,2020-09-10,0 days 15:56:16.990795,104942,41.08,41.06,600,400,-1703,32
134,ALK,2020-09-10,0 days 15:59:33.997561,190506,40.95,40.94,674,336,-5840,4960
135,ALLY,2020-09-10,0 days 15:59:46.291554,479796,23.67,23.66,4138,12400,-1169,6402
136,AM,2020-09-10,0 days 15:56:32.253843,114864,5.55,5.54,13874,17634,482,-1449
137,AM,2020-09-10,0 days 15:56:33.253195,113815,5.55,5.54,13850,18334,-1049,482
138,AM,2020-09-10,0 days 15:57:11.253780,114878,5.55,5.54,8424,25079,179,-794
139,AM,2020-09-10,0 days 15:59:20.253174,118400,5.54,5.53,22192,36611,-2436,2542
140,AM,2020-09-10,0 days 15:59:27.251596,120836,5.53,5.52,29967,19596,2542,-2436
141,AMC,2020-09-10,0 days 15:59:39.245446,154766,5.94,5.93,34826,13649,-8090,1110
142,AMC,2020-09-10,0 days 15:59:40.247884,153856,5.94,5.93,34269,13149,910,-8090
143,AMCR,2020-09-10,0 days 15:59:15.246718,2078779,11.14,11.13,43236,33657,-285721,344771
144,AMCR,2020-09-10,0 days 15:59:36.244529,2126575,11.13,11.12,55730,9524,4025,-11475
145,AMCR,2020-09-10,0 days 15:59:43.244713,2130600,11.13,11.12,36644,39206,-11670,1465
146,AMT,2020-09-10,0 days 15:55:01.113129,154665,249.33,249.12,708,125,791,-3509
147,AMT,2020-09-10,0 days 15:55:47.114490,155537,249.55,249.37,225,100,-3485,744
148,AMT,2020-09-10,0 days 15:55:48.114770,155122,249.55,249.37,246,100,415,-3485
149,AMT,2020-09-10,0 days 15:56:01.115469,155537,249.55,249.47,126,180,-18,282
150,AMT,2020-09-10,0 days 15:56:02.115355,155155,249.62,249.47,100,280,382,-18
151,AMT,2020-09-10,0 days 15:56:22.116776,155737,249.44,249.35,365,291,-23,169
152,AMT,2020-09-10,0 days 15:56:23.115812,155360,249.44,249.37,365,125,377,-23
153,AMT,2020-09-10,0 days 15:57:34.116765,156453,249.03,248.89,225,382,-507,693
154,AMT,2020-09-10,0 days 15:57:36.116523,156060,249.03,248.89,201,382,393,-1007
155,AMT,2020-09-10,0 days 15:57:44.118415,156504,249.02,248.92,107,125,-515,385
156,AMT,2020-09-10,0 days 15:57:45.117553,155719,249.02,248.92,107,282,785,-515
157,AMT,2020-09-10,0 days 15:57:53.118384,156504,249.03,248.9,100,350,-311,18
158,AMT,2020-09-10,0 days 15:57:54.118567,154115,249.01,248.91,305,100,2389,-311
159,AMT,2020-09-10,0 days 15:57:57.119118,156504,249.03,248.94,200,225,-211,289
160,AMT,2020-09-10,0 days 15:57:58.119200,156215,249.03,248.96,200,125,289,-211
161,AMT,2020-09-10,0 days 15:57:59.118843,156504,249.03,248.96,200,325,-511,289
162,AMT,2020-09-10,0 days 15:58:00.120948,156215,249.03,248.95,200,611,289,-511
163,AMT,2020-09-10,0 days 15:58:01.119901,156060,249.03,248.95,300,677,-155,289
164,AMT,2020-09-10,0 days 15:58:02.120243,154515,248.95,248.86,100,100,1545,-155
165,AMT,2020-09-10,0 days 15:58:10.120612,158601,248.84,248.76,220,111,-142,458
166,AMT,2020-09-10,0 days 15:58:11.121751,158143,248.98,248.82,800,590,458,-142
167,AMT,2020-09-10,0 days 15:58:16.120508,158601,248.85,248.78,100,111,-932,468
168,AMT,2020-09-10,0 days 15:58:17.120446,158133,248.87,248.78,100,111,468,-932
169,AMT,2020-09-10,0 days 15:58:43.122261,156060,249.03,248.88,125,225,-3045,368
170,AMT,2020-09-10,0 days 15:58:44.121269,156005,249.02,248.84,100,225,55,-3045
171,AMT,2020-09-10,0 days 15:58:47.121138,156060,248.93,248.77,225,100,-645,855
172,AMT,2020-09-10,0 days 15:58:48.121681,155323,248.91,248.69,125,100,737,-645
173,AMT,2020-09-10,0 days 15:58:53.121139,158601,248.91,248.79,116,200,-549,378
174,AMT,2020-09-10,0 days 15:58:54.120882,158350,248.9,248.79,125,200,251,-549
175,AMT,2020-09-10,0 days 15:59:00.124029,158601,248.91,248.83,402,777,-833,251
176,AMT,2020-09-10,0 days 15:59:05.124341,163093,248.8,248.67,430,307,360,-120
177,AMT,2020-09-10,0 days 15:59:13.124743,166137,248.69,248.57,200,325,-1708,314
178,AMT,2020-09-10,0 days 15:59:14.125259,167645,248.72,248.57,420,111,992,-1708
179,AMT,2020-09-10,0 days 15:59:17.124645,166537,248.72,248.67,518,312,-2375,125
180,AMT,2020-09-10,0 days 15:59:30.128720,168112,248.61,248.48,705,464,1474,-1066
181,AMT,2020-09-10,0 days 15:59:54.129362,170886,248.52,248.31,400,100,4001,-539
182,AMT,2020-09-10,0 days 15:59:56.128322,170462,248.5,248.23,600,2000,-424,4001
183,AMT,2020-09-10,0 days 15:59:57.130794,170886,248.35,248.23,499,1236,4801,-424
184,AMX,2020-09-10,0 days 15:55:06.246115,75858,12.32,12.31,16631,31839,118,-1714
185,AMX,2020-09-10,0 days 15:55:07.246671,74376,12.32,12.31,17831,31639,-1482,118
186,AMX,2020-09-10,0 days 15:56:13.251357,76483,12.33,12.32,39992,34564,116,-1784
187,AMX,2020-09-10,0 days 15:56:14.251196,62699,12.33,12.32,39992,30164,-14076,116
188,AMX,2020-09-10,0 days 15:59:05.252679,87428,12.32,12.31,42997,20833,703,-2244
189,AMX,2020-09-10,0 days 15:59:06.252244,78813,12.32,12.31,42787,22333,-8615,703
190,AMX,2020-09-10,0 days 15:59:46.253935,87502,12.32,12.31,16541,47811,4229,-71
191,ANF,2020-09-10,0 days 15:56:13.292669,95020,14.39,14.38,8833,2055,-1259,641
192,ANF,2020-09-10,0 days 15:57:23.282237,106201,14.35,14.34,3792,6431,325,-936
193,ANF,2020-09-10,0 days 15:57:24.282812,105226,14.35,14.34,3392,6931,-336,325
194,ANF,2020-09-10,0 days 15:58:15.285321,105962,14.34,14.33,5923,9797,945,-2416
195,ANF,2020-09-10,0 days 15:58:20.286788,101007,14.34,14.33,18854,7609,-2416,1584
196,ANF,2020-09-10,0 days 15:59:01.288547,103177,14.34,14.33,23199,9001,861,-1231
197,ANF,2020-09-10,0 days 15:59:02.290493,102938,14.34,14.33,21799,9601,-239,861
198,ANF,2020-09-10,0 days 15:59:04.288835,103293,14.34,14.33,12914,9363,445,-239
199,ANF,2020-09-10,0 days 15:59:12.288736,103738,14.34,14.33,13046,10861,-195,275
200,ANF,2020-09-10,0 days 15:59:38.289393,106827,14.34,14.33,14725,18254,74,-126
201,ANF,2020-09-10,0 days 15:59:39.290271,108001,14.34,14.33,6634,26554,-247,74
202,APH,2020-09-10,0 days 15:55:00.112375,101828,104.8,104.76,150,150,12063,-16116
203,APH,2020-09-10,0 days 15:59:00.123924,141027,104.7,104.67,150,482,-16079,22356
204,APH,2020-09-10,0 days 15:59:01.124600,139006,104.59,104.55,150,576,5571,-16079
205,APH,2020-09-10,0 days 15:59:19.125071,148490,104.67,104.63,100,516,-287,913
206,APH,2020-09-10,0 days 15:59:27.123757,144977,104.66,104.65,229,300,1513,-287
207,APH,2020-09-10,0 days 15:59:39.126975,146490,104.7,104.66,600,1450,-572,1428
208,APH,2020-09-10,0 days 15:59:41.126197,147062,104.66,104.63,832,350,1428,-572
209,APLE,2020-09-10,0 days 15:55:00.884358,142331,10.25,10.24,9285,5002,-40897,19900
210,APLE,2020-09-10,0 days 15:59:10.890329,166147,10.2,10.19,16636,4488,-576,1327
211,APLE,2020-09-10,0 days 15:59:46.890334,167896,10.2,10.19,12203,12331,103,-1193
212,APLE,2020-09-10,0 days 15:59:47.890390,167799,10.2,10.19,12803,12131,-97,103
213,AR,2020-09-10,0 days 15:58:40.121244,296084,2.67,2.66,69132,120491,1162,-3338
214,AR,2020-09-10,0 days 15:59:01.124404,297246,2.67,2.66,32187,129997,-9797,1067
215,AR,2020-09-10,0 days 15:59:13.124502,313102,2.67,2.66,70534,91196,8632,-11068
216,AR,2020-09-10,0 days 15:59:14.125090,303334,2.67,2.66,70634,91196,-9768,8632
217,AR,2020-09-10,0 days 15:59:46.126409,313502,2.66,2.65,131903,62222,1805,-495
218,AR,2020-09-10,0 days 15:59:48.129200,310307,2.66,2.65,126432,57745,-3195,1805
219,ARMK,2020-09-10,0 days 15:57:36.239121,148292,27.82,27.81,673,100,1000,-6849
220,ARMK,2020-09-10,0 days 15:57:37.239109,145392,27.83,27.82,300,971,-2900,1000
221,ARMK,2020-09-10,0 days 15:57:44.239845,148292,27.83,27.82,858,1036,100,-1500
222,ARMK,2020-09-10,0 days 15:57:45.239467,145792,27.83,27.82,758,1122,-2500,100
223,ATI,2020-09-10,0 days 15:57:46.284688,143332,8.54,8.53,7348,3251,1211,-975
224,ATI,2020-09-10,0 days 15:57:47.285175,142143,8.54,8.53,7158,3151,-675,1211
225,ATI,2020-09-10,0 days 15:58:51.287487,144935,8.54,8.53,24817,3515,5812,-1278
226,ATI,2020-09-10,0 days 15:58:52.287490,144147,8.54,8.53,22905,4179,-274,5812
227,ATI,2020-09-10,0 days 15:59:01.288562,142535,8.54,8.53,11787,2732,1412,-988
228,ATI,2020-09-10,0 days 15:59:02.290519,141947,8.54,8.53,11366,2557,-588,1412
229,ATUS,2020-09-10,0 days 15:57:47.284996,283255,26.51,26.5,6050,3769,645,-2555
230,ATUS,2020-09-10,0 days 15:57:48.283819,281500,26.51,26.5,5450,5603,-1755,645
231,ATUS,2020-09-10,0 days 15:58:11.285609,276101,26.5,26.49,2266,8495,-1354,9346
232,ATUS,2020-09-10,0 days 15:59:11.290893,292328,26.5,26.49,7204,2402,-2079,2821
233,ATUS,2020-09-10,0 days 15:59:12.288617,294407,26.5,26.49,8004,3202,3097,-2079
234,ATUS,2020-09-10,0 days 15:59:18.289402,301307,26.51,26.5,4678,6407,3016,-8825
235,ATUS,2020-09-10,0 days 15:59:19.292225,300823,26.52,26.51,4801,6112,-484,3016
236,ATUS,2020-09-10,0 days 15:59:40.290871,304362,26.51,26.5,10234,1366,811,-7239
237,ATUS,2020-09-10,0 days 15:59:41.290902,303973,26.51,26.5,9834,1292,-389,811
238,AUY,2020-09-10,0 days 15:57:03.237824,454785,6.16,6.15,501660,214174,-10110,47020
239,AUY,2020-09-10,0 days 15:57:05.238807,438595,6.16,6.15,491760,245470,16190,-8710
240,AUY,2020-09-10,0 days 15:59:01.245586,461585,6.16,6.15,423227,429767,-79386,177914
241,AUY,2020-09-10,0 days 15:59:02.243519,443671,6.16,6.15,451327,424652,17914,-79386
242,AUY,2020-09-10,0 days 15:59:25.245348,435354,6.16,6.15,330518,530313,28062,-38
243,AUY,2020-09-10,0 days 15:59:46.247017,463416,6.16,6.15,561157,234111,-9934,7162
244,AUY,2020-09-10,0 days 15:59:47.246347,454750,6.16,6.15,608557,77324,8666,-9934
245,AVTR,2020-09-10,0 days 15:55:00.239520,283927,21.77,21.76,2025,1712,26044,-22382
246,AVTR,2020-09-10,0 days 15:59:19.250364,312437,21.77,21.76,1111,13880,2387,-33413
247,AVTR,2020-09-10,0 days 15:59:30.253299,310424,21.81,21.8,3911,3928,-7531,2387
248,AVTR,2020-09-10,0 days 15:59:31.249648,308755,21.81,21.8,3811,4228,1669,-7531
249,AVTR,2020-09-10,0 days 15:59:37.251256,310756,21.81,21.8,939,13189,-2099,1969
250,AVTR,2020-09-10,0 days 15:59:38.248868,309655,21.81,21.8,1239,3600,1101,-2099
251,AVTR,2020-09-10,0 days 15:59:46.252043,310756,21.81,21.8,344,14655,-3202,1101
252,AVTR,2020-09-10,0 days 15:59:47.250568,279230,21.81,21.8,475,14455,31526,-3202
253,AVYA,2020-09-10,0 days 15:55:33.242965,67632,14.42,14.41,4362,2335,2325,-75
254,AVYA,2020-09-10,0 days 15:55:34.242770,66357,14.42,14.41,4562,2335,-1275,2325
255,AVYA,2020-09-10,0 days 15:56:13.243995,73087,14.42,14.41,5002,4224,590,-1310
256,AVYA,2020-09-10,0 days 15:56:14.244306,71677,14.42,14.41,4632,4162,-1410,590
257,AXP,2020-09-10,0 days 15:55:00.884327,499001,103.01,102.99,885,200,113540,-83025
258,AXP,2020-09-10,0 days 15:59:21.888682,634985,102.9,102.89,202,100,6774,-4526
259,AXP,2020-09-10,0 days 15:59:33.889308,647859,102.9,102.87,1000,424,-421,10698
260,AXP,2020-09-10,0 days 15:59:40.890760,648280,102.88,102.85,600,400,4540,-421
261,AXTA,2020-09-10,0 days 15:55:15.249080,112497,22.92,22.91,1182,5918,2088,-912
262,AXTA,2020-09-10,0 days 15:55:16.248949,111885,22.92,22.91,1182,6018,-612,2088
263,AXTA,2020-09-10,0 days 15:55:52.251253,113082,22.92,22.91,2793,6285,1832,-268
264,AXTA,2020-09-10,0 days 15:57:42.246758,118643,22.88,22.87,8289,3217,-28,1072
265,AXTA,2020-09-10,0 days 15:57:46.247565,118671,22.87,22.86,4557,1750,2172,-28
266,AXTA,2020-09-10,0 days 15:57:47.247476,120843,22.87,22.86,4665,851,-228,2172
267,AXTA,2020-09-10,0 days 15:57:48.247276,118671,22.87,22.86,4354,2251,2172,-228
268,AXTA,2020-09-10,0 days 15:57:49.246514,120843,22.88,22.87,2708,3259,-228,2172
269,AXTA,2020-09-10,0 days 15:57:50.247090,118671,22.88,22.87,2608,4556,2172,-228
270,AXTA,2020-09-10,0 days 15:57:59.247273,120843,22.88,22.87,2025,5822,-2628,2172
271,AXTA,2020-09-10,0 days 15:58:00.249307,118671,22.88,22.87,2231,5822,2172,-2628
272,AXTA,2020-09-10,0 days 15:58:02.248299,120805,22.88,22.87,4431,3422,-166,2134
273,AXTA,2020-09-10,0 days 15:58:03.249974,118671,22.88,22.87,6133,1668,2134,-166
274,AXTA,2020-09-10,0 days 15:58:09.249539,120807,22.87,22.86,5967,701,-2064,2136
275,AXTA,2020-09-10,0 days 15:58:10.250162,118671,22.87,22.86,5060,2200,2136,-2064
276,AXTA,2020-09-10,0 days 15:58:13.248843,120807,22.88,22.87,4601,3479,-1464,2136
277,AXTA,2020-09-10,0 days 15:58:14.248846,120571,22.88,22.87,4301,5879,236,-1464
278,AXTA,2020-09-10,0 days 15:58:19.249345,120807,22.88,22.87,5282,2300,-464,2136
279,AXTA,2020-09-10,0 days 15:58:20.249524,118671,22.88,22.87,5282,2300,2136,-464
280,AXTA,2020-09-10,0 days 15:58:26.249489,120807,22.88,22.87,6384,1741,-464,236
281,AXTA,2020-09-10,0 days 15:58:27.249027,120571,22.88,22.87,2824,7541,236,-464
282,AXTA,2020-09-10,0 days 15:59:02.251761,120807,22.88,22.87,7696,1434,-447,1054
283,AXTA,2020-09-10,0 days 15:59:11.252227,134564,22.84,22.83,10764,4690,-2068,272
284,AXTA,2020-09-10,0 days 15:59:28.251628,138466,22.84,22.83,6601,1472,1047,-633
285,AXTA,2020-09-10,0 days 15:59:29.251566,137513,22.84,22.83,6501,1172,-953,1047
286,AXTA,2020-09-10,0 days 15:59:39.253255,141081,22.84,22.83,7664,7976,2932,-868
287,AXTA,2020-09-10,0 days 15:59:40.256791,140213,22.84,22.83,8662,544,-868,2932
288,AXTA,2020-09-10,0 days 15:59:43.254200,141081,22.83,22.82,6826,3578,85,-868
289,AXTA,2020-09-10,0 days 15:59:49.254311,140653,22.83,22.82,7267,2678,-428,272
290,AZEK,2020-09-10,0 days 15:57:56.246387,20893,34.15,34.12,350,700,2933,-767
291,AZEK,2020-09-10,0 days 15:57:57.244217,19426,34.16,34.12,443,700,-1467,2933
292,AZEK,2020-09-10,0 days 15:59:46.252166,21471,34.18,34.15,280,186,17,-806
293,AZEK,2020-09-10,0 days 15:59:48.255393,20788,34.18,34.15,233,300,-683,17
294,AZN,2020-09-10,0 days 15:56:32.253789,49925,53.19,53.18,2290,294,143,-1353
295,AZN,2020-09-10,0 days 15:56:33.253148,48268,53.2,53.19,3310,1197,-1657,143
296,AZN,2020-09-10,0 days 15:58:54.251802,48165,53.12,53.11,2000,1100,-1119,789
297,AZN,2020-09-10,0 days 15:59:19.252465,52418,53.1,53.09,900,2337,67,-4033
298,AZN,2020-09-10,0 days 15:59:24.251895,51385,53.09,53.08,200,1700,-1033,567
299,AZN,2020-09-10,0 days 15:59:46.253723,52418,53.1,53.09,1781,3745,3504,-133
300,AZN,2020-09-10,0 days 15:59:47.253003,52122,53.1,53.09,1481,3945,-296,3504
301,AZUL,2020-09-10,0 days 15:55:33.237261,38142,14.91,14.9,5803,1842,-74,1426
302,AZUL,2020-09-10,0 days 15:55:45.236880,38216,14.91,14.9,4255,2500,1126,-74
303,AZUL,2020-09-10,0 days 15:56:13.238148,39342,14.9,14.89,2797,2319,-1028,872
304,AZUL,2020-09-10,0 days 15:56:14.237793,37970,14.9,14.89,2597,2519,1372,-1028
305,AZUL,2020-09-10,0 days 15:59:46.246351,40975,14.9,14.89,14526,100,-1542,894
306,AZUL,2020-09-10,0 days 15:59:47.245828,40581,14.9,14.89,2500,5689,394,-1542
307,BA,2020-09-10,0 days 15:57:03.284521,236695,158.11,158.03,731,800,14068,-830
308,BA,2020-09-10,0 days 15:57:04.283755,232563,158.07,158.03,515,326,-4132,14068
309,BA,2020-09-10,0 days 15:57:22.282054,236695,158.2,158.14,301,300,2221,-6527
310,BA,2020-09-10,0 days 15:57:23.282276,232516,158.2,158.12,701,300,-4179,2221
311,BA,2020-09-10,0 days 15:58:03.285987,245147,158.09,158.04,608,100,856,-1344
312,BA,2020-09-10,0 days 15:58:04.286520,240403,158.11,158.05,200,300,-6944,856
313,BABA,2020-09-10,0 days 15:59:56.997323,517375,267.57,267.49,566,1011,858,-515
314,BABA,2020-09-10,0 days 15:59:57.997391,513920,267.64,267.49,234,1111,-3329,858
315,BAC,2020-09-10,0 days 15:55:00.246723,2805266,25.24,25.23,79618,67828,-8053,52650
316,BAC,2020-09-10,0 days 15:55:01.246330,2789019,25.24,25.23,114699,34828,11410,-8053
317,BAC,2020-09-10,0 days 15:57:49.246514,2843557,25.21,25.2,88723,88423,-937,8063
318,BAC,2020-09-10,0 days 15:57:51.246700,2832494,25.21,25.2,87191,109334,11063,-937
319,BAC,2020-09-10,0 days 15:57:58.247660,2830235,25.22,25.21,52365,137695,4853,-41547
320,BAC,2020-09-10,0 days 15:58:10.250172,2871346,25.2,25.19,91414,139100,-12644,12056
321,BAC,2020-09-10,0 days 15:58:11.249370,2865990,25.21,25.2,142631,83144,1489,-12644
322,BAC,2020-09-10,0 days 15:58:18.249152,2880491,25.2,25.19,125151,36919,-8299,1156
323,BAC,2020-09-10,0 days 15:58:19.249357,2870090,25.2,25.19,156066,7650,1256,-8299
324,BAC,2020-09-10,0 days 15:58:42.254686,2867479,25.21,25.2,5200,178235,-3311,11756
325,BAC,2020-09-10,0 days 15:58:45.252965,2852190,25.21,25.2,110581,111719,6820,-44180
326,BAC,2020-09-10,0 days 15:58:55.252279,2859941,25.21,25.2,137793,85372,7538,-1162
327,BAC,2020-09-10,0 days 15:59:15.253252,2840623,25.19,25.18,112131,110085,-827,7560
328,BAC,2020-09-10,0 days 15:59:16.251681,2831550,25.19,25.18,116196,111385,9073,-827
329,BAC,2020-09-10,0 days 15:59:18.251843,2840623,25.19,25.18,50470,134346,-23925,8382
330,BAC,2020-09-10,0 days 15:59:21.251429,2864553,25.2,25.19,86567,104729,25,-8475
331,BAC,2020-09-10,0 days 15:59:41.255314,2990428,25.19,25.18,122904,53710,1645,-3618
332,BAC,2020-09-10,0 days 15:59:46.253862,2994132,25.19,25.18,113691,66896,9829,-2059
333,BAC,2020-09-10,0 days 15:59:50.258597,2993931,25.17,25.16,152024,34666,-3053,4264
334,BAC,2020-09-10,0 days 15:59:51.254701,2980284,25.16,25.15,136408,99873,21909,-3053
335,BB,2020-09-10,0 days 15:56:07.243508,62093,4.82,4.81,42434,131406,1449,-2435
336,BB,2020-09-10,0 days 15:56:08.243224,57742,4.82,4.81,41984,130806,-4351,1449
337,BB,2020-09-10,0 days 15:59:01.249720,66932,4.82,4.81,131021,87092,27902,-38578
338,BB,2020-09-10,0 days 15:59:48.255355,64289,4.81,4.8,156349,126395,-1690,1010
339,BBD,2020-09-10,0 days 15:59:06.245443,379270,3.91,3.9,1286190,515004,-50253,31713
340,BBD,2020-09-10,0 days 15:59:36.244750,456354,3.91,3.9,1224987,526873,65616,-77084
341,BBD,2020-09-10,0 days 15:59:37.245991,452470,3.91,3.9,1221487,526282,-3884,65616
342,BBD,2020-09-10,0 days 15:59:46.246884,456354,3.91,3.9,1190392,499603,616,-3884
343,BBD,2020-09-10,0 days 15:59:47.245502,456970,3.91,3.9,1188992,500903,-26070,616
344,BBVA,2020-09-10,0 days 15:59:36.250037,108505,2.91,2.9,667537,44103,-53215,62885
345,BBVA,2020-09-10,0 days 15:59:37.251615,105620,2.91,2.9,661447,48303,2885,-53215
346,BBVA,2020-09-10,0 days 15:59:47.250820,108505,2.91,2.9,635743,61032,-18314,1135
347,BBVA,2020-09-10,0 days 15:59:48.255517,105919,2.91,2.9,635543,59532,2586,-18314
348,BBY,2020-09-10,0 days 15:55:00.235239,134792,107.72,107.6,302,100,1964,-5401
349,BBY,2020-09-10,0 days 15:59:23.244058,162616,107.49,107.46,113,200,-2345,760
350,BBY,2020-09-10,0 days 15:59:24.244438,160661,107.51,107.47,100,200,734,-2345
351,BBY,2020-09-10,0 days 15:59:34.244214,165016,107.49,107.44,300,277,-654,4960
352,BBY,2020-09-10,0 days 15:59:39.245599,161996,107.51,107.47,100,413,599,-3054
353,BBY,2020-09-10,0 days 15:59:44.246576,160502,107.54,107.51,209,200,893,-4186
354,BBY,2020-09-10,0 days 15:59:48.245993,158752,107.55,107.52,122,300,643,-1136
355,BCS,2020-09-10,0 days 15:59:45.890524,51968,5.31,5.3,199959,211606,-447,253
356,BCS,2020-09-10,0 days 15:59:46.890255,51815,5.31,5.3,200859,217963,153,-447
357,BE,2020-09-10,0 days 15:55:00.991098,83083,13.78,13.77,301,3207,-15067,15217
358,BE,2020-09-10,0 days 15:55:01.987616,78950,13.78,13.77,463,3607,4133,-15067
359,BEKE,2020-09-10,0 days 15:55:00.247012,33212,49.51,49.5,300,900,-865,7067
360,BEKE,2020-09-10,0 days 15:55:43.249968,34077,49.47,49.41,200,228,52,-582
361,BEKE,2020-09-10,0 days 15:55:44.249767,33329,49.47,49.41,200,228,-748,52
362,BEKE,2020-09-10,0 days 15:59:08.252859,34360,49.49,49.44,200,853,7391,-422
363,BEN,2020-09-10,0 days 15:59:06.288401,238703,20.13,20.12,12570,4417,-4387,574
364,BEN,2020-09-10,0 days 15:59:34.289734,254791,20.13,20.12,13789,5460,6567,-6807
365,BEN,2020-09-10,0 days 15:59:35.289650,251044,20.13,20.12,9489,10239,-3747,6567
366,BHC,2020-09-10,0 days 15:55:00.992088,48964,15.68,15.67,16478,4889,-55468,35241
367,BHC,2020-09-10,0 days 15:55:01.988102,46832,15.68,15.67,18678,6389,2132,-55468
368,BHC,2020-09-10,0 days 15:57:10.992171,69590,15.68,15.67,13333,4864,-515,2893
369,BHC,2020-09-10,0 days 15:57:11.992029,65605,15.68,15.67,13033,5564,1527,-515
370,BHC,2020-09-10,0 days 15:59:46.998431,77243,15.66,15.65,15666,11975,-7192,143
371,BHC,2020-09-10,0 days 15:59:48.001912,75835,15.66,15.65,20159,4400,1408,-7192
372,BJ,2020-09-10,0 days 15:55:04.246668,81277,42.07,42.06,200,1007,2006,-809
373,BJ,2020-09-10,0 days 15:55:05.246021,80783,42.07,42.06,100,1620,-494,2006
374,BJ,2020-09-10,0 days 15:55:39.249395,81391,42.1,42.08,700,1440,861,-239
375,BJ,2020-09-10,0 days 15:55:40.251536,80952,42.1,42.09,700,900,-439,861
376,BJ,2020-09-10,0 days 15:57:11.253756,81717,42.01,41.99,200,851,1280,-343
377,BK,2020-09-10,0 days 15:55:00.991064,330898,35.71,35.7,5029,2107,32085,-82340
378,BK,2020-09-10,0 days 15:55:02.987307,330206,35.71,35.7,6863,1748,-692,59785
379,BK,2020-09-10,0 days 15:59:00.997298,383653,35.62,35.61,7664,1390,5669,-2747
380,BK,2020-09-10,0 days 15:59:03.996859,381482,35.61,35.6,3024,4370,840,-1793
381,BK,2020-09-10,0 days 15:59:26.997492,379887,35.61,35.6,4318,4898,-588,4312
382,BK,2020-09-10,0 days 15:59:27.997682,380475,35.61,35.6,7389,2067,1589,-588
383,BK,2020-09-10,0 days 15:59:28.997358,380064,35.61,35.6,6689,2567,-411,1589
384,BK,2020-09-10,0 days 15:59:43.998194,380173,35.59,35.58,3350,4600,-402,5698
385,BK,2020-09-10,0 days 15:59:48.999971,382811,35.59,35.58,5586,4912,2193,-348
386,BK,2020-09-10,0 days 15:59:50.005611,382704,35.59,35.58,6828,3422,-107,2193
387,BKR,2020-09-10,0 days 15:55:00.884371,409190,13.85,13.84,13857,5737,93481,-110231
388,BKR,2020-09-10,0 days 15:55:01.881140,405771,13.85,13.84,12469,12313,-3419,93481
389,BKR,2020-09-10,0 days 15:57:05.885854,463947,13.87,13.86,28620,9022,8060,-2276
390,BKR,2020-09-10,0 days 15:57:06.885741,462607,13.87,13.86,28820,9931,-1340,8060
391,BKR,2020-09-10,0 days 15:57:41.886503,519467,13.87,13.86,13657,20756,5540,-4960
392,BKR,2020-09-10,0 days 15:57:50.887325,514671,13.89,13.88,9001,9295,-7340,4696
393,BKR,2020-09-10,0 days 15:57:51.887325,512511,13.88,13.87,9927,18289,2160,-7340
394,BKR,2020-09-10,0 days 15:57:59.888052,514571,13.9,13.89,19242,9947,-1040,3160
395,BKR,2020-09-10,0 days 15:58:01.888441,513711,13.9,13.89,21011,9586,860,-40
396,BKR,2020-09-10,0 days 15:58:11.889213,513438,13.89,13.88,9919,31424,-4828,2772
397,BKR,2020-09-10,0 days 15:58:45.890127,512066,13.9,13.89,17993,21750,1845,-13655
398,BKR,2020-09-10,0 days 15:59:06.891222,520670,13.9,13.89,26039,23362,-362,293
399,BKR,2020-09-10,0 days 15:59:07.890961,561832,13.9,13.89,26539,22462,4985,-362
400,BKR,2020-09-10,0 days 15:59:46.890334,719400,13.91,13.9,28541,17412,9803,-11396
401,BKR,2020-09-10,0 days 15:59:47.890390,713403,13.92,13.91,37352,11096,-10535,9803
402,BMY,2020-09-10,0 days 15:55:55.291669,1346695,58.37,58.36,3509,1483,112609,-36159
403,BMY,2020-09-10,0 days 15:55:56.291921,1342204,58.38,58.37,1318,5752,-4491,112609
404,BMY,2020-09-10,0 days 15:57:41.283756,1373989,58.27,58.26,8362,1667,7125,-5075
405,BMY,2020-09-10,0 days 15:57:42.283435,1360489,58.27,58.26,6528,2899,-13500,7125
406,BMY,2020-09-10,0 days 15:57:56.285727,1376725,58.29,58.28,3415,3100,5189,-7536
407,BMY,2020-09-10,0 days 15:57:57.284485,1363214,58.29,58.28,700,5731,-13511,5189
408,BMY,2020-09-10,0 days 15:58:07.285590,1376725,58.29,58.28,7415,2404,10132,-511
409,BMY,2020-09-10,0 days 15:58:08.285432,1369157,58.29,58.28,7115,2934,-7568,10132
410,BMY,2020-09-10,0 days 15:58:15.285321,1376725,58.29,58.28,7958,4474,1132,-13068
411,BMY,2020-09-10,0 days 15:58:16.286249,1372257,58.29,58.28,5143,5865,-4468,1132
412,BMY,2020-09-10,0 days 15:58:24.286351,1348135,58.25,58.24,1598,4982,-5790,18507
413,BMY,2020-09-10,0 days 15:58:49.286986,1352135,58.25,58.24,4300,3209,-2402,20695
414,BMY,2020-09-10,0 days 15:59:36.289424,1411014,58.24,58.23,4043,3501,-22419,68588
415,BMY,2020-09-10,0 days 15:59:37.290415,1409322,58.25,58.24,2487,5784,2346,-22419
416,BMY,2020-09-10,0 days 15:59:39.290271,1409865,58.27,58.26,2757,5382,-667,543
417,BMY,2020-09-10,0 days 15:59:41.290995,1410132,58.27,58.26,9874,4973,333,-22867
418,BMY,2020-09-10,0 days 15:59:42.290164,1410139,58.27,58.26,8074,4662,-622,333
419,BMY,2020-09-10,0 days 15:59:44.290963,1386961,58.25,58.24,346,7521,23514,-786
420,BMY,2020-09-10,0 days 15:59:59.291183,1423545,58.3,58.29,124,300,-1369,78174
421,BMY^,2020-09-10,0 days 15:55:26.235930,601,2.04,2.02,2500,8415,-1800,400
422,BP,2020-09-10,0 days 15:56:07.236526,499176,19.92,19.91,39917,50802,18447,-3500
423,BP,2020-09-10,0 days 15:56:08.236416,484523,19.92,19.91,39588,55302,-14653,18447
424,BP,2020-09-10,0 days 15:57:44.239974,504576,19.9,19.89,24068,61696,20295,-19005
425,BP,2020-09-10,0 days 15:57:45.239561,485571,19.9,19.89,21947,62796,-19805,20295
426,BP,2020-09-10,0 days 15:57:58.240465,509276,19.91,19.9,50984,72091,15295,-19105
427,BP,2020-09-10,0 days 15:57:59.240469,486771,19.91,19.9,48184,74191,-19105,15295
428,BP,2020-09-10,0 days 15:58:02.240762,509276,19.91,19.9,85979,42609,18895,-22505
429,BP,2020-09-10,0 days 15:58:03.242167,506771,19.91,19.9,96179,15309,-2505,18895
430,BP,2020-09-10,0 days 15:58:04.243195,509276,19.9,19.89,93933,41526,1284,-2505
431,BP,2020-09-10,0 days 15:58:05.241990,487260,19.9,19.89,93133,43926,-18616,1284
432,BP,2020-09-10,0 days 15:59:36.245491,520793,19.9,19.89,13954,77753,-4234,11466
433,BRK.B,2020-09-10,0 days 15:55:36.241704,461713,218.43,218.4,100,201,714,-1537
434,BRK.B,2020-09-10,0 days 15:55:37.242509,460671,218.4,218.38,1533,109,-1042,714
435,BRK.B,2020-09-10,0 days 15:56:30.243977,467075,218.44,218.39,474,205,945,-1255
436,BRK.B,2020-09-10,0 days 15:56:31.243522,465772,218.45,218.39,400,205,-1303,945
437,BRK.B,2020-09-10,0 days 15:56:36.244480,467075,218.45,218.39,100,705,748,-2114
438,BRK.B,2020-09-10,0 days 15:56:37.244297,465823,218.5,218.43,300,333,-1252,748
439,BRK.B,2020-09-10,0 days 15:56:45.244835,467170,218.32,218.3,100,200,246,-228
440,BRK.B,2020-09-10,0 days 15:56:46.244128,466016,218.35,218.3,106,490,-1154,246
441,BRK.B,2020-09-10,0 days 15:56:51.245924,466895,218.26,218.22,200,300,211,-1049
442,BRK.B,2020-09-10,0 days 15:56:52.244452,465949,218.26,218.22,200,300,-946,211
443,BRK.B,2020-09-10,0 days 15:57:25.246439,468766,218.14,218.05,200,300,-827,181
444,BRK.B,2020-09-10,0 days 15:57:31.245099,471245,218.09,218.02,500,626,164,-3187
445,BRK.B,2020-09-10,0 days 15:57:32.245728,470253,218.08,218.02,450,626,-992,164
446,BRK.B,2020-09-10,0 days 15:57:34.246729,472893,218.08,218.04,228,533,477,-992
447,BRK.B,2020-09-10,0 days 15:57:35.245820,471418,218.08,218.04,328,204,-6175,477
448,BRK.B,2020-09-10,0 days 15:57:37.246040,475941,218.02,217.97,671,100,411,-4841
449,BRK.B,2020-09-10,0 days 15:57:38.245876,474253,218.01,217.96,100,100,-1688,411
450,BRK.B,2020-09-10,0 days 15:57:44.243858,482241,218.04,217.98,309,329,1611,-1830
451,BRK.B,2020-09-10,0 days 15:57:45.243845,482953,218.04,217.99,309,100,-888,1611
452,BRK.B,2020-09-10,0 days 15:58:03.246825,491042,218.06,218.0,340,250,3416,-854
453,BRK.B,2020-09-10,0 days 15:58:04.247301,487909,217.98,217.93,200,100,-3152,3416
454,BRK.B,2020-09-10,0 days 15:58:16.245858,486361,217.93,217.88,200,400,4949,-252
455,BRK.B,2020-09-10,0 days 15:58:34.248604,505966,218.12,218.01,400,400,-32317,21878
456,BRK.B,2020-09-10,0 days 15:58:42.250794,505449,218.09,218.04,100,300,-34486,19878
457,BRK.B,2020-09-10,0 days 15:58:47.247248,493131,218.01,217.96,199,423,63378,-30
458,BRK.B,2020-09-10,0 days 15:58:56.247004,503379,218.04,217.99,100,423,3079,-1017
459,BRK.B,2020-09-10,0 days 15:59:20.249938,513389,218.14,218.01,1200,900,-31418,18633
460,BRK.B,2020-09-10,0 days 15:59:21.248846,512607,218.08,217.99,600,400,782,-31418
461,BRX,2020-09-10,0 days 15:55:00.289476,188193,12.23,12.22,8779,4866,-2580,49170
462,BRX,2020-09-10,0 days 15:55:01.288467,186473,12.23,12.22,10527,8050,1720,-2580
463,BRX,2020-09-10,0 days 15:58:54.287228,209407,12.19,12.18,17840,29061,-101,662
464,BRX,2020-09-10,0 days 15:59:20.290364,209807,12.2,12.19,10232,13038,-684,2045
465,BRX,2020-09-10,0 days 15:59:22.289185,204791,12.2,12.19,15668,5500,2816,-2884
466,BRX,2020-09-10,0 days 15:59:46.291523,212175,12.19,12.18,15878,20779,-6739,5381
467,BRX,2020-09-10,0 days 15:59:47.291455,210714,12.19,12.18,17878,20272,1461,-6739
468,BSX,2020-09-10,0 days 15:55:01.238258,423475,41.09,41.08,5090,2235,4192,-6508
469,BSX,2020-09-10,0 days 15:56:17.244438,430531,41.1,41.09,2035,3825,-150,776
470,BSX,2020-09-10,0 days 15:56:23.242486,430681,41.11,41.1,1269,5856,20250,-150
471,BSX,2020-09-10,0 days 15:58:43.246218,457168,41.01,41.0,718,8272,5700,-4200
472,BSX,2020-09-10,0 days 15:59:34.247938,481012,40.99,40.98,10268,2478,-9381,266
473,BSX,2020-09-10,0 days 15:59:35.248860,479093,40.99,40.98,7096,4505,1219,-9381
474,BSX,2020-09-10,0 days 15:59:39.250460,480312,41.0,40.99,1592,10619,-5581,1219
475,BSX,2020-09-10,0 days 15:59:40.255871,479093,40.99,40.98,2800,4870,1969,-5581
476,BTI,2020-09-10,0 days 15:59:45.247602,36626,33.63,33.62,6801,12536,-544,356
477,BX,2020-09-10,0 days 15:55:52.243722,168741,51.64,51.62,603,700,1039,-10561
478,BX,2020-09-10,0 days 15:55:53.243109,166380,51.64,51.62,603,700,-2361,1039
479,BX,2020-09-10,0 days 15:59:08.249456,171873,51.43,51.42,400,400,50,-850
480,BX,2020-09-10,0 days 15:59:10.250714,171923,51.44,51.43,139,638,-372,50
481,BX,2020-09-10,0 days 15:59:39.252144,173723,51.51,51.47,599,1100,-1472,1328
482,C,2020-09-10,0 days 15:59:21.251278,1337830,51.0,50.99,6230,5774,11635,-146179
483,C,2020-09-10,0 days 15:59:22.251293,1277336,51.0,50.99,700,9846,-60494,11635
484,C,2020-09-10,0 days 15:59:35.252920,1336681,51.01,51.0,4781,8911,-1249,38551
485,CAG,2020-09-10,0 days 15:55:00.990966,286746,34.76,34.75,1600,2238,-702,1311
486,CAG,2020-09-10,0 days 15:55:01.987510,284948,34.76,34.75,2100,2438,1798,-702
487,CAG,2020-09-10,0 days 15:55:22.988852,286748,34.78,34.77,3386,2587,79,-2
488,CAG,2020-09-10,0 days 15:56:04.989877,293657,34.79,34.78,4553,2142,-2934,3244
489,CAG,2020-09-10,0 days 15:56:05.990226,292497,34.79,34.78,4653,2442,1160,-2934
490,CAG,2020-09-10,0 days 15:58:26.995929,310479,34.75,34.74,6102,1418,2585,-1615
491,CAG,2020-09-10,0 days 15:59:09.998102,322129,34.73,34.72,3200,4445,-3549,467
492,CAG,2020-09-10,0 days 15:59:42.998747,323591,34.75,34.74,14990,4569,1205,-961
493,CARR,2020-09-10,0 days 15:59:46.252466,563222,29.19,29.18,2209,1200,3317,-31922
494,CARR,2020-09-10,0 days 15:59:48.255648,556224,29.19,29.18,1926,1118,-6998,3317
495,CARR,2020-09-10,0 days 15:59:49.252157,563222,29.18,29.17,2590,5348,8802,-6998
496,CARR,2020-09-10,0 days 15:59:50.257057,499155,29.18,29.16,2290,6030,-64067,8802
497,CAT,2020-09-10,0 days 15:59:49.252146,402137,149.98,149.92,1100,259,2893,-817
498,CAT,2020-09-10,0 days 15:59:50.256821,376430,150.0,149.94,300,700,-26817,2893
499,CCL,2020-09-10,0 days 15:55:33.237279,331215,17.93,17.92,13165,20750,1052,-2348
500,CCL,2020-09-10,0 days 15:55:47.236829,332267,17.94,17.93,26089,6092,-929,815
501,CCL,2020-09-10,0 days 15:57:47.241485,389163,17.91,17.9,21156,25863,1109,-1691
502,CCL,2020-09-10,0 days 15:57:57.241212,394472,17.91,17.9,12106,26205,-991,2109
503,CCL,2020-09-10,0 days 15:57:58.241551,392963,17.91,17.9,11706,22755,1509,-991
504,CCL,2020-09-10,0 days 15:59:15.245104,422415,17.89,17.88,5427,45445,-727,1973
505,CDE,2020-09-10,0 days 15:55:40.116182,133130,8.04,8.03,1938,28572,-2827,22853
506,CDE,2020-09-10,0 days 15:55:41.114748,131457,8.04,8.03,5111,25652,1673,-2827
507,CDE,2020-09-10,0 days 15:57:21.116689,134246,8.03,8.02,15083,23716,-958,489
508,CDE,2020-09-10,0 days 15:57:22.115892,132804,8.03,8.02,16783,21663,1442,-958
509,CDE,2020-09-10,0 days 15:57:48.118190,134246,8.02,8.01,23090,14770,-746,454
510,CFG,2020-09-10,0 days 15:59:07.246406,481325,26.63,26.62,6872,1890,19980,-16390
511,CFG,2020-09-10,0 days 15:59:08.245586,475105,26.63,26.62,6794,1941,-4220,19980
512,CGC,2020-09-10,0 days 15:56:13.251238,35008,16.43,16.42,3134,2219,-458,1442
513,CGC,2020-09-10,0 days 15:56:14.251118,33566,16.43,16.42,3134,2219,1442,-458
514,CGC,2020-09-10,0 days 15:59:39.253118,35381,16.42,16.41,157,14112,-3669,1050
515,CGC,2020-09-10,0 days 15:59:47.252962,35093,16.44,16.43,110,12573,288,-610
516,CHGG,2020-09-10,0 days 15:55:00.233554,57939,65.65,65.6,200,305,-561,17027
517,CHGG,2020-09-10,0 days 15:57:41.240658,105987,65.57,65.53,500,416,235,-265
518,CHGG,2020-09-10,0 days 15:57:42.240409,102322,65.57,65.54,277,100,-3665,235
519,CHGG,2020-09-10,0 days 15:59:09.246832,108040,65.75,65.72,790,628,1022,-4118
520,CHGG,2020-09-10,0 days 15:59:34.244386,107662,65.65,65.63,336,3437,-343,357
521,CHGG,2020-09-10,0 days 15:59:48.245805,108443,65.64,65.63,641,636,-747,353
522,CHWY,2020-09-10,0 days 15:55:31.250820,54368,60.29,60.26,400,188,-933,2767
523,CHWY,2020-09-10,0 days 15:55:32.250914,52401,60.29,60.24,860,300,1967,-933
524,CHWY,2020-09-10,0 days 15:55:56.250724,59268,60.31,60.28,400,200,-685,3415
525,CHWY,2020-09-10,0 days 15:55:57.250740,56853,60.31,60.28,400,601,2415,-685
526,CHWY,2020-09-10,0 days 15:56:00.251034,59268,60.34,60.28,700,334,-1285,6515
527,CHWY,2020-09-10,0 days 15:56:01.250570,56853,60.34,60.3,200,533,2415,-1285
528,CHWY,2020-09-10,0 days 15:56:21.252282,66821,60.36,60.26,604,207,-257465,212
529,CIEN,2020-09-10,0 days 15:55:00.885136,219303,40.71,40.7,457,124,-48178,125724
530,CIEN,2020-09-10,0 days 15:55:01.881384,218981,40.71,40.69,1188,1113,322,-48178
531,CIEN,2020-09-10,0 days 15:55:09.888330,228587,40.73,40.72,500,884,-294,6
532,CIEN,2020-09-10,0 days 15:55:10.882325,227681,40.74,40.73,813,1318,906,-294
533,CIEN,2020-09-10,0 days 15:55:55.882818,242721,40.73,40.71,610,2660,-3498,3017
534,CIEN,2020-09-10,0 days 15:55:56.883178,241219,40.73,40.72,300,400,1202,-3498
535,CIEN,2020-09-10,0 days 15:59:14.891400,287142,40.65,40.64,450,553,-3710,1655
536,CIEN,2020-09-10,0 days 15:59:15.890616,285791,40.65,40.64,450,872,1351,-3710
537,CIEN,2020-09-10,0 days 15:59:40.890947,287242,40.66,40.64,539,800,-240,106
538,CIEN,2020-09-10,0 days 15:59:44.890083,292413,40.65,40.63,200,448,-1071,6420
539,CIEN,2020-09-10,0 days 15:59:50.892049,274859,40.64,40.61,1024,2411,7994,-277
540,CIG,2020-09-10,0 days 15:59:36.244571,66275,2.13,2.12,573108,205900,-39228,46372
541,CIG,2020-09-10,0 days 15:59:37.245870,63803,2.13,2.12,579308,204550,2472,-39228
542,CLDR,2020-09-10,0 days 15:55:06.112693,125572,11.19,11.18,2666,26435,-307,893
543,CLDR,2020-09-10,0 days 15:55:07.114063,124679,11.19,11.18,6086,9059,893,-307
544,CLDR,2020-09-10,0 days 15:55:33.115473,126772,11.2,11.19,8143,12460,-1707,993
545,CLDR,2020-09-10,0 days 15:55:34.114423,126079,11.2,11.19,8143,12560,693,-1707
546,CLDR,2020-09-10,0 days 15:56:13.116108,130575,11.2,11.19,14787,20343,-850,1050
547,CLDR,2020-09-10,0 days 15:56:14.115538,129725,11.2,11.19,14310,20243,850,-850
548,CLDR,2020-09-10,0 days 15:57:10.118786,130982,11.18,11.17,19437,3362,-1892,921
549,CLDR,2020-09-10,0 days 15:57:11.117966,125174,11.18,11.17,20045,8542,5808,-1892
550,CLDR,2020-09-10,0 days 15:57:42.117178,131582,11.17,11.16,11917,11997,-4825,6675
551,CLDR,2020-09-10,0 days 15:57:43.117300,130807,11.17,11.16,12017,18057,175,-4825
552,CLDR,2020-09-10,0 days 15:57:57.119050,131582,11.17,11.16,11556,21180,-4912,6502
553,CLDR,2020-09-10,0 days 15:57:58.119097,124480,11.17,11.16,11056,21180,6502,-4912
554,CLDR,2020-09-10,0 days 15:58:03.126930,131582,11.17,11.16,15579,13649,-5212,6502
555,CLDR,2020-09-10,0 days 15:58:04.120134,130880,11.17,11.16,15579,13849,102,-5212
556,CLDR,2020-09-10,0 days 15:59:47.125763,134902,11.17,11.16,18109,27403,-1536,395
557,CLDR,2020-09-10,0 days 15:59:48.129370,134538,11.17,11.16,20003,5661,364,-1536
558,CLF,2020-09-10,0 days 15:59:06.244261,191439,6.13,6.12,124842,8021,-1060,1760
559,CLNY,2020-09-10,0 days 15:55:00.884289,179258,2.55,2.54,39886,21783,10000,-9980
560,CLNY,2020-09-10,0 days 15:58:07.889211,201227,2.55,2.54,47893,80056,-5122,19918
561,CLNY,2020-09-10,0 days 15:59:13.890468,241514,2.55,2.54,52132,77449,3574,-50926
562,CLNY,2020-09-10,0 days 15:59:34.889732,258215,2.55,2.54,73965,64284,-3699,1501
563,CLNY,2020-09-10,0 days 15:59:35.889313,256714,2.55,2.54,74065,61884,1501,-3699
564,CLR,2020-09-10,0 days 15:55:00.884327,134540,13.33,13.32,1900,1921,31070,-40973
565,CLR,2020-09-10,0 days 15:55:01.881069,131410,13.33,13.32,2200,2046,-3130,31070
566,CLR,2020-09-10,0 days 15:59:19.891794,167468,13.28,13.27,459,9911,-382,1118
567,CLR,2020-09-10,0 days 15:59:39.890094,167850,13.28,13.27,8187,5927,3833,-167
568,CMS,2020-09-10,0 days 15:59:15.123845,209416,60.85,60.83,1117,1234,1317,-5499
569,CMS,2020-09-10,0 days 15:59:32.124662,206533,60.84,60.82,1373,300,-3083,4217
570,CMS,2020-09-10,0 days 15:59:48.129408,207036,60.84,60.82,773,1319,-2580,1620
571,CMS,2020-09-10,0 days 15:59:49.127459,209616,60.81,60.8,1604,531,553,-2580
572,CMS,2020-09-10,0 days 15:59:50.131610,185869,60.8,60.79,506,1969,-23747,553
573,CNC,2020-09-10,0 days 15:55:55.237177,170967,57.15,57.13,821,1000,577,-271
574,CNC,2020-09-10,0 days 15:55:56.237151,170144,57.17,57.15,200,700,-823,577
575,CNC,2020-09-10,0 days 15:57:43.241274,178407,57.08,57.06,200,1479,116,-1484
576,CNC,2020-09-10,0 days 15:57:44.241040,176923,57.09,57.07,635,200,-1484,116
577,CNC,2020-09-10,0 days 15:58:01.242642,177203,57.09,57.08,400,1443,596,-1684
578,CNC,2020-09-10,0 days 15:58:02.241960,174423,57.09,57.08,532,1343,-2780,596
579,CNC,2020-09-10,0 days 15:58:13.242826,212579,57.07,57.06,632,100,2784,-1717
580,CNC,2020-09-10,0 days 15:58:40.244729,190379,57.1,57.08,600,980,24217,-2503
581,CNC,2020-09-10,0 days 15:58:42.247072,161376,57.12,57.11,300,400,-29003,21017
582,CNC,2020-09-10,0 days 15:59:18.244217,240026,57.08,57.07,867,240,3843,-1457
583,CNC,2020-09-10,0 days 15:59:26.244892,193825,57.13,57.11,1200,421,-46609,3435
584,CNC,2020-09-10,0 days 15:59:34.244293,243869,57.09,57.08,886,338,-3357,3525
585,CNC,2020-09-10,0 days 15:59:35.244684,240826,57.09,57.08,700,182,3043,-3357
586,CNC,2020-09-10,0 days 15:59:39.245652,193825,57.12,57.11,148,900,-52654,3019
587,CNC,2020-09-10,0 days 15:59:40.248083,214169,57.11,57.08,1660,100,29676,-52654
588,CNC,2020-09-10,0 days 15:59:44.246613,193825,57.13,57.11,1800,900,-49987,33
589,CNHI,2020-09-10,0 days 15:58:02.241825,64736,8.35,8.34,34936,44664,19648,-17752
590,CNHI,2020-09-10,0 days 15:58:03.243781,62784,8.35,8.34,36236,45764,-1952,19648
591,CNHI,2020-09-10,0 days 15:59:40.247943,64786,8.35,8.34,31820,48912,3949,-1251
592,CNHI,2020-09-10,0 days 15:59:41.246427,63835,8.35,8.34,44333,51499,-951,3949
593,CNHI,2020-09-10,0 days 15:59:45.247509,64786,8.35,8.34,32154,54995,49,-951
594,CNHI,2020-09-10,0 days 15:59:48.245879,63935,8.35,8.34,36054,54895,-851,49
595,CNK,2020-09-10,0 days 15:55:00.992045,111078,12.82,12.81,4394,2532,-35707,21661
596,CNK,2020-09-10,0 days 15:55:01.988052,110485,12.82,12.81,7615,1832,593,-35707
597,CNK,2020-09-10,0 days 15:55:32.990197,111088,12.82,12.81,7203,1224,-397,603
598,CNK,2020-09-10,0 days 15:55:33.989676,110585,12.82,12.81,3054,3750,503,-397
599,CNK,2020-09-10,0 days 15:59:09.998280,135741,12.76,12.75,9777,5076,-33903,2649
600,CNK,2020-09-10,0 days 15:59:46.998411,171807,12.75,12.74,9657,8235,28878,-26814
601,CNK,2020-09-10,0 days 15:59:48.001912,171085,12.76,12.75,2461,7090,-722,28878
602,CNP,2020-09-10,0 days 15:55:01.233036,378636,19.53,19.52,7238,5929,512,-19888
603,CNP,2020-09-10,0 days 15:55:43.235583,379170,19.54,19.53,5000,9418,-1472,353
604,CNP,2020-09-10,0 days 15:55:44.235026,377442,19.53,19.52,7050,8108,1728,-1472
605,CNP,2020-09-10,0 days 15:56:15.236811,379257,19.54,19.53,11192,5516,-481,1412
606,CNP,2020-09-10,0 days 15:56:26.236509,388538,19.54,19.53,5921,9533,1079,-21
607,CNP,2020-09-10,0 days 15:57:20.239275,389705,19.52,19.51,3622,14880,-2834,66
608,CNP,2020-09-10,0 days 15:57:21.238845,388939,19.52,19.51,4775,12580,766,-2834
609,CNP,2020-09-10,0 days 15:57:35.239494,389705,19.5,19.49,5405,13947,-3034,766
610,CNP,2020-09-10,0 days 15:57:36.239745,387539,19.5,19.49,6196,13247,2166,-3034
611,CNP,2020-09-10,0 days 15:57:38.239732,389705,19.5,19.49,9093,10898,-4334,2166
612,CNP,2020-09-10,0 days 15:59:18.244077,418945,19.47,19.46,3800,16051,629,-1371
613,CNQ,2020-09-10,0 days 15:57:12.282768,49474,18.05,18.04,8169,17587,-1361,21
614,CNQ,2020-09-10,0 days 15:59:28.288755,68217,18.07,18.06,6832,13721,530,-970
615,CNQ,2020-09-10,0 days 15:59:47.291432,67347,18.08,18.07,9742,8002,-770,6230
616,CNX,2020-09-10,0 days 15:55:33.235423,208305,10.5,10.49,4983,6636,456,-1344
617,CNX,2020-09-10,0 days 15:56:02.236113,208335,10.51,10.5,1153,9330,47,-173
618,CNX,2020-09-10,0 days 15:56:03.236098,207782,10.51,10.5,1153,9330,-553,47
619,CNX,2020-09-10,0 days 15:57:11.238815,217152,10.5,10.49,10325,4191,10796,-1654
620,CNX,2020-09-10,0 days 15:59:13.244312,239101,10.48,10.47,10601,5416,-1217,3583
621,CNX,2020-09-10,0 days 15:59:21.244938,248071,10.49,10.48,6198,10389,2421,-670
622,CNX,2020-09-10,0 days 15:59:22.244777,247592,10.49,10.48,5998,11589,-479,2421
623,CNX,2020-09-10,0 days 15:59:32.244963,247792,10.48,10.47,14189,3942,-279,2021
624,CNX,2020-09-10,0 days 15:59:40.249605,251978,10.48,10.47,14690,2655,2614,-386
625,CNX,2020-09-10,0 days 15:59:41.246891,251692,10.48,10.47,12190,2955,-286,2614
626,CNX,2020-09-10,0 days 15:59:48.246713,251839,10.49,10.48,9000,5338,-1016,3784
627,COF,2020-09-10,0 days 15:56:45.237934,128599,69.63,69.6,634,469,67,-116
628,COF,2020-09-10,0 days 15:56:51.238325,126691,69.62,69.59,200,752,-1608,392
629,COF,2020-09-10,0 days 15:57:24.238429,128300,69.51,69.48,700,100,491,-1009
630,COF,2020-09-10,0 days 15:57:25.239853,126891,69.49,69.46,300,417,-1409,491
631,COF,2020-09-10,0 days 15:57:35.239322,128300,69.48,69.47,673,321,791,-609
632,COF,2020-09-10,0 days 15:57:36.239157,127091,69.48,69.47,873,217,-1209,791
633,COF,2020-09-10,0 days 15:58:17.241627,129791,69.42,69.39,300,300,1083,-917
634,COF,2020-09-10,0 days 15:58:18.241863,127674,69.42,69.39,400,200,-2117,1083
635,COF,2020-09-10,0 days 15:59:00.247877,132460,69.5,69.47,415,876,6854,-446
636,COF,2020-09-10,0 days 15:59:06.244095,126416,69.46,69.44,1100,699,-206,2467
637,COF,2020-09-10,0 days 15:59:08.244311,126622,69.44,69.41,523,500,1794,-206
638,COF,2020-09-10,0 days 15:59:11.243750,125453,69.44,69.41,304,1217,-1169,494
639,COF,2020-09-10,0 days 15:59:23.244982,134015,69.66,69.62,700,400,-704,496
640,COF,2020-09-10,0 days 15:59:24.245260,133519,69.65,69.62,200,835,996,-704
641,COF,2020-09-10,0 days 15:59:25.245306,132915,69.65,69.63,700,210,-1804,996
642,COF,2020-09-10,0 days 15:59:36.245440,133598,69.66,69.64,1302,210,2203,-783
643,COF,2020-09-10,0 days 15:59:39.246412,134798,69.65,69.63,300,243,103,-1097
644,COG,2020-09-10,0 days 15:55:00.884424,340853,18.22,18.21,2885,7614,43646,-66409
645,COG,2020-09-10,0 days 15:55:01.881169,333199,18.23,18.22,6690,4470,-7654,43646
646,COG,2020-09-10,0 days 15:58:13.889919,369606,18.22,18.21,8837,8366,4354,-9846
647,COG,2020-09-10,0 days 15:58:14.888765,362160,18.22,18.21,8437,8766,-7446,4354
648,COG,2020-09-10,0 days 15:59:46.890394,404881,18.22,18.21,5363,14118,3012,-7608
649,COG,2020-09-10,0 days 15:59:47.890446,402793,18.22,18.21,8700,11676,-2144,3012
650,COG,2020-09-10,0 days 15:59:48.891439,405602,18.22,18.21,12817,10452,2903,-2144
651,COG,2020-09-10,0 days 15:59:49.893175,403705,18.22,18.21,5896,13921,-1897,2903
652,COP,2020-09-10,0 days 15:55:00.991900,758632,32.89,32.88,1004,1473,-84651,280099
653,COP,2020-09-10,0 days 15:55:41.990017,848088,32.97,32.96,3340,2891,2994,-11206
654,COP,2020-09-10,0 days 15:55:42.989509,844327,32.97,32.96,4640,2729,-3761,2994
655,COP,2020-09-10,0 days 15:57:43.993121,915483,32.91,32.9,3967,2927,3239,-161
656,COP,2020-09-10,0 days 15:57:46.993578,930731,32.9,32.89,4818,3687,-252,4277
657,COP,2020-09-10,0 days 15:57:47.993038,929283,32.9,32.89,6037,2265,1510,-252
658,COP,2020-09-10,0 days 15:57:55.995810,945493,32.9,32.89,4614,4861,-11086,2408
659,COP,2020-09-10,0 days 15:57:56.994446,946379,32.9,32.89,5575,3967,2783,-11086
660,COP,2020-09-10,0 days 15:57:57.994337,949293,32.9,32.89,5475,4767,-1986,2783
661,COP,2020-09-10,0 days 15:57:58.994068,946379,32.9,32.89,6275,4167,4983,-1986
662,COP,2020-09-10,0 days 15:58:04.994897,956654,32.88,32.87,5482,4385,-1685,6454
663,COP,2020-09-10,0 days 15:58:05.994559,953039,32.88,32.87,7282,3484,3615,-1685
664,COP,2020-09-10,0 days 15:58:27.996349,946032,32.91,32.9,4617,221,-6242,3580
665,COP,2020-09-10,0 days 15:58:28.995964,943374,32.9,32.89,1617,3425,2919,-6242
666,COP,2020-09-10,0 days 15:58:33.995730,939374,32.92,32.91,2700,7639,6558,-1952
667,COP,2020-09-10,0 days 15:59:00.997495,925117,32.93,32.92,4124,940,22000,-17000
668,COP,2020-09-10,0 days 15:59:05.998334,975406,32.93,32.92,2550,2853,-1842,1884
669,COP,2020-09-10,0 days 15:59:25.997630,977799,32.94,32.93,4822,1509,-969,7231
670,COP,2020-09-10,0 days 15:59:30.998418,977799,32.93,32.92,2000,4548,-1027,17573
671,COP,2020-09-10,0 days 15:59:50.006584,1004016,32.93,32.92,3383,2642,-3136,10164
672,COTY,2020-09-10,0 days 15:59:00.253814,210305,3.67,3.66,233759,57108,17162,-25638
673,COTY,2020-09-10,0 days 15:59:36.249877,246599,3.66,3.65,241402,212934,-27686,32614
674,COTY,2020-09-10,0 days 15:59:37.251509,245234,3.66,3.65,238405,211452,1365,-27686
675,COTY,2020-09-10,0 days 15:59:46.252166,246599,3.66,3.65,152781,217043,-3035,1265
676,COTY,2020-09-10,0 days 15:59:47.250683,245131,3.66,3.65,133553,234443,1968,-3035
677,CPB,2020-09-10,0 days 15:55:26.237332,281251,45.49,45.48,659,989,2203,-897
678,CPB,2020-09-10,0 days 15:55:27.236638,280690,45.5,45.49,320,732,-561,2203
679,CPB,2020-09-10,0 days 15:55:43.237166,281151,45.47,45.46,1171,1027,316,-288
680,CPB,2020-09-10,0 days 15:55:44.236706,280867,45.47,45.46,2371,1572,-284,316
681,CPB,2020-09-10,0 days 15:56:02.237069,281404,45.5,45.49,1390,1809,42,-337
682,CPB,2020-09-10,0 days 15:56:03.236703,281246,45.5,45.49,1990,1809,-58,42
683,CPB,2020-09-10,0 days 15:57:20.239956,289804,45.4,45.39,1609,1290,-421,1679
684,CPB,2020-09-10,0 days 15:57:42.240500,299925,45.36,45.35,1924,1354,8475,-1725
685,CPB,2020-09-10,0 days 15:57:43.241156,299000,45.36,45.35,1474,1254,-925,8475
686,CPB,2020-09-10,0 days 15:57:46.240543,300425,45.36,45.35,2722,2337,175,-1425
687,CPB,2020-09-10,0 days 15:57:47.241281,299400,45.36,45.35,5605,1900,-1025,175
688,CPB,2020-09-10,0 days 15:57:52.240994,300629,45.36,45.35,2888,1410,5871,-1229
689,CPB,2020-09-10,0 days 15:57:53.240628,299600,45.36,45.35,700,1274,-1029,5871
690,CPB,2020-09-10,0 days 15:58:07.242492,297125,45.35,45.34,1103,618,-1404,5696
691,CPB,2020-09-10,0 days 15:58:14.242667,300629,45.36,45.34,1217,1600,718,-3482
692,CPB,2020-09-10,0 days 15:58:15.242486,299047,45.35,45.34,2254,400,-1582,718
693,CPB,2020-09-10,0 days 15:58:48.243470,299147,45.35,45.34,2067,605,-1482,6018
694,CPB,2020-09-10,0 days 15:59:03.245095,303243,45.36,45.35,1134,354,-735,465
695,CPB,2020-09-10,0 days 15:59:05.245371,312378,45.37,45.36,300,500,34618,-735
696,CPRI,2020-09-10,0 days 15:58:09.240657,191141,20.03,20.02,4095,760,5536,-6964
697,CPRI,2020-09-10,0 days 15:58:10.241047,192077,20.03,20.02,4095,1020,-8194,5536
698,CPRI,2020-09-10,0 days 15:59:22.243055,205107,20.06,20.05,3332,1518,-6094,15806
699,CPRI,2020-09-10,0 days 15:59:23.243291,207322,20.03,20.02,1636,2363,640,-6094
700,CPRI,2020-09-10,0 days 15:59:28.243839,207076,20.05,20.04,1474,764,-2525,1440
701,CPRI,2020-09-10,0 days 15:59:30.248185,207322,20.03,20.02,801,700,1411,-2525
702,CPRI,2020-09-10,0 days 15:59:39.245135,200333,20.03,20.02,2491,1180,-7499,5601
703,CPRI,2020-09-10,0 days 15:59:46.246807,202753,20.01,20.0,1052,2165,5406,-1987
704,CPRI,2020-09-10,0 days 15:59:47.245118,200958,20.02,20.01,1257,1226,-2274,5406
705,CRK,2020-09-10,0 days 15:55:33.251407,33387,4.76,4.75,13204,15700,289,-1011
706,CRK,2020-09-10,0 days 15:56:07.250797,41350,4.76,4.75,11018,23963,-256,963
707,CRK,2020-09-10,0 days 15:56:08.250891,35106,4.76,4.75,12129,23963,6244,-256
708,CRK,2020-09-10,0 days 15:59:07.252154,52428,4.77,4.76,11060,17211,-510,1841
709,CRM,2020-09-10,0 days 15:55:01.233308,276315,248.11,248.04,197,533,424,-2207
710,CRM,2020-09-10,0 days 15:55:05.233643,276239,248.29,248.18,400,553,-1378,1024
711,CRM,2020-09-10,0 days 15:55:06.233737,275515,248.29,248.19,200,301,724,-1378
712,CRM,2020-09-10,0 days 15:55:40.236884,275987,248.59,248.48,100,300,-283,219
713,CRM,2020-09-10,0 days 15:55:41.236536,275468,248.53,248.41,200,400,519,-283
714,CRM,2020-09-10,0 days 15:56:09.236678,276194,248.53,248.45,510,332,-270,259
715,CRM,2020-09-10,0 days 15:56:10.236680,275762,248.58,248.48,300,1021,604,-270
716,CRM,2020-09-10,0 days 15:56:20.237602,275431,248.76,248.62,100,511,-168,471
717,CRM,2020-09-10,0 days 15:59:03.245540,309712,248.19,248.11,300,406,-357,1690
718,CRM,2020-09-10,0 days 15:59:04.245083,310867,248.17,248.03,702,280,1662,-357
719,CRM,2020-09-10,0 days 15:59:17.245597,309603,248.29,248.13,100,411,-2111,2216
720,CRM,2020-09-10,0 days 15:59:19.244619,309576,248.21,248.13,219,400,37,-16465
721,CRM,2020-09-10,0 days 15:59:37.245828,314888,247.92,247.85,300,700,-2731,3224
722,CRM,2020-09-10,0 days 15:59:47.245293,315527,248.14,247.91,150,1017,-1497,336
723,CS,2020-09-10,0 days 15:56:13.244034,59595,10.73,10.72,120801,16577,-1079,821
724,CS,2020-09-10,0 days 15:56:14.244358,56174,10.73,10.72,120101,16677,3421,-1079
725,CS,2020-09-10,0 days 15:59:01.249947,59595,10.71,10.7,132098,76353,-19279,27021
726,CS,2020-09-10,0 days 15:59:02.249178,54874,10.71,10.7,137500,76353,4721,-19279
727,CS,2020-09-10,0 days 15:59:43.254161,60516,10.71,10.7,132375,67496,-468,6423
728,CS,2020-09-10,0 days 15:59:47.250849,59184,10.71,10.7,115529,81491,1332,-5868
729,CTL,2020-09-10,0 days 15:55:55.237250,624825,10.61,10.6,19246,58962,136,-3152
730,CTL,2020-09-10,0 days 15:59:01.247425,691402,10.58,10.57,89579,27908,40969,-36668
731,CTL,2020-09-10,0 days 15:59:02.245943,672814,10.58,10.57,73195,30826,-18588,40969
732,CTL,2020-09-10,0 days 15:59:05.245790,691402,10.58,10.57,88068,24852,3864,-14465
733,CTL,2020-09-10,0 days 15:59:13.245334,677697,10.57,10.56,53199,33962,-2406,2863
734,CTL,2020-09-10,0 days 15:59:15.245140,680103,10.57,10.56,49532,38062,12160,-2406
735,CTL,2020-09-10,0 days 15:59:16.245392,667063,10.57,10.56,36103,44312,-19531,12160
736,CTL,2020-09-10,0 days 15:59:45.247782,688455,10.57,10.56,75723,36537,4687,-4861
737,CTVA,2020-09-10,0 days 15:57:58.240529,326622,29.22,29.21,1800,3815,92489,-6024
738,CTVA,2020-09-10,0 days 15:58:16.241328,306492,29.2,29.19,5040,614,-28097,78816
739,CTVA,2020-09-10,0 days 15:59:10.245454,336669,29.21,29.2,10303,4344,22020,-17389
740,CTVA,2020-09-10,0 days 15:59:46.247131,381459,29.22,29.21,3271,5187,-12292,25028
741,CVE,2020-09-10,0 days 15:59:36.250096,53558,4.07,4.06,272995,202191,-2752,3348
742,CVE,2020-09-10,0 days 15:59:37.251704,53310,4.07,4.06,254095,205791,248,-2752
743,CVS,2020-09-10,0 days 15:59:20.245361,562468,58.05,58.04,1000,2661,-5403,3282
744,CVS,2020-09-10,0 days 15:59:21.244050,545771,58.04,58.03,1796,1075,16697,-5403
745,CVS,2020-09-10,0 days 15:59:27.244466,562468,58.05,58.04,3198,800,-245,859
746,CVS,2020-09-10,0 days 15:59:32.244415,562966,58.01,58.0,1348,2000,3402,-500
747,CVS,2020-09-10,0 days 15:59:39.245599,575287,58.04,58.03,500,3320,-56035,5794
748,CVS,2020-09-10,0 days 15:59:40.248039,571620,58.0,57.99,1010,4117,73036,-56035
749,CVS,2020-09-10,0 days 15:59:44.246576,572774,58.02,58.01,781,2386,2713,-56077
750,CVS,2020-09-10,0 days 15:59:45.247633,575487,58.02,58.01,894,2242,-7922,2713
751,CVX,2020-09-10,0 days 15:55:55.243424,898501,78.3,78.27,700,1100,10351,-1184
752,CVX,2020-09-10,0 days 15:55:56.243428,887554,78.32,78.29,400,320,-10947,10351
753,CVX,2020-09-10,0 days 15:56:16.244142,900200,78.27,78.26,365,653,8890,-5310
754,CVX,2020-09-10,0 days 15:56:17.245952,894124,78.28,78.26,501,1478,-6076,8890
755,CVX,2020-09-10,0 days 15:59:10.250714,916451,78.22,78.21,334,1543,29304,-4662
756,CVX,2020-09-10,0 days 15:59:22.249136,913918,78.17,78.13,900,815,138798,-1569
757,CVX,2020-09-10,0 days 15:59:25.249525,993216,78.16,78.14,400,1000,-42702,84851
758,CVX,2020-09-10,0 days 15:59:47.250861,1026492,78.18,78.17,200,1107,-37647,109670
759,CVX,2020-09-10,0 days 15:59:48.255648,929204,78.11,78.1,400,702,142775,-37647
760,CWH,2020-09-10,0 days 15:55:00.239679,128643,35.33,35.3,200,841,63059,-1905
761,CWH,2020-09-10,0 days 15:59:01.249680,123946,35.21,35.19,149,315,-11612,947
762,CWH,2020-09-10,0 days 15:59:07.249384,189456,35.24,35.21,659,400,3304,-10061
763,CWH,2020-09-10,0 days 15:59:12.249934,192960,35.22,35.2,547,624,-7675,3354
764,CWH,2020-09-10,0 days 15:59:13.248807,189469,35.22,35.2,647,331,3291,-7675
765,CWH,2020-09-10,0 days 15:59:19.250556,192660,35.29,35.27,453,1600,-59,3241
766,CWH,2020-09-10,0 days 15:59:24.249054,189519,35.28,35.25,741,610,3141,-59
767,CWH,2020-09-10,0 days 15:59:27.249486,192760,35.28,35.25,2614,452,-38,3141
768,CX,2020-09-10,0 days 15:59:36.289178,126655,3.51,3.5,116567,131800,22044,-26156
769,CX,2020-09-10,0 days 15:59:37.290236,125199,3.51,3.5,108867,129200,-1456,22044
770,CXO,2020-09-10,0 days 15:58:10.890467,385321,45.54,45.5,300,1311,3310,-5190
771,CXO,2020-09-10,0 days 15:58:11.889213,380931,45.54,45.5,408,701,-4390,3310
772,CXO,2020-09-10,0 days 15:58:14.888765,385321,45.54,45.51,500,315,7110,-1390
773,CXO,2020-09-10,0 days 15:58:15.888977,376331,45.55,45.52,100,421,-8990,7110
774,CXO,2020-09-10,0 days 15:58:18.890217,381431,45.51,45.48,1188,729,-3029,2571
775,CXO,2020-09-10,0 days 15:59:17.890866,420572,45.58,45.55,526,200,16770,-3745
776,CXO,2020-09-10,0 days 15:59:18.892424,415742,45.58,45.55,100,333,-4830,16770
777,CXO,2020-09-10,0 days 15:59:34.889821,420572,45.57,45.54,734,841,1920,-2171
778,D,2020-09-10,0 days 15:59:34.244885,445524,78.82,78.81,353,1128,1064,-16471
779,D,2020-09-10,0 days 15:59:43.245977,445524,78.83,78.82,400,400,2664,-436
780,D,2020-09-10,0 days 15:59:46.246966,440756,78.85,78.84,300,1200,-4768,4247
781,DAL,2020-09-10,0 days 15:56:03.237039,268148,31.92,31.91,8645,1838,552,-2861
782,DAL,2020-09-10,0 days 15:56:04.237328,262800,31.91,31.9,8878,7081,-5348,552
783,DAL,2020-09-10,0 days 15:59:50.252134,307149,31.83,31.82,6390,6407,-9219,14019
784,DB,2020-09-10,0 days 15:55:39.236799,36211,9.38,9.37,70805,87048,-305,86
785,DD,2020-09-10,0 days 15:55:00.113417,695249,57.94,57.91,100,1208,-20952,44505
786,DD,2020-09-10,0 days 15:56:16.115811,713725,57.89,57.88,825,370,-907,93
787,DD,2020-09-10,0 days 15:57:34.116776,716491,57.83,57.82,104,400,2967,-817
788,DD,2020-09-10,0 days 15:57:35.116883,715258,57.85,57.84,400,100,-1233,2967
789,DD,2020-09-10,0 days 15:57:38.116742,716491,57.85,57.83,777,418,2753,-747
790,DD,2020-09-10,0 days 15:57:39.117193,715344,57.85,57.83,1077,618,-1147,2753
791,DD,2020-09-10,0 days 15:57:40.117146,716491,57.83,57.81,1024,400,4553,-1147
792,DD,2020-09-10,0 days 15:57:41.118726,715544,57.85,57.83,799,454,-932,4553
793,DD,2020-09-10,0 days 15:57:44.118415,716491,57.85,57.83,829,609,953,-832
794,DD,2020-09-10,0 days 15:57:45.117553,711544,57.85,57.83,1029,509,-4932,953
795,DD,2020-09-10,0 days 15:58:03.127025,715478,57.84,57.83,446,518,5766,-4634
796,DD,2020-09-10,0 days 15:58:04.120275,704844,57.84,57.83,300,500,-8634,5766
797,DD,2020-09-10,0 days 15:58:18.120145,722956,57.84,57.82,660,1223,1531,-1597
798,DD,2020-09-10,0 days 15:58:19.120740,721487,57.83,57.82,400,643,-1054,1531
799,DD,2020-09-10,0 days 15:58:47.121147,737056,57.87,57.86,460,100,815,-8985
800,DD,2020-09-10,0 days 15:58:48.121681,734187,57.87,57.86,400,174,-2869,815
801,DD,2020-09-10,0 days 15:59:13.124743,735625,57.79,57.77,1214,200,3039,-1861
802,DD,2020-09-10,0 days 15:59:14.125259,733864,57.79,57.77,551,400,-1806,3039
803,DD,2020-09-10,0 days 15:59:27.123839,729064,57.8,57.78,300,701,-6606,3394
804,DD,2020-09-10,0 days 15:59:31.126924,734234,57.78,57.77,523,623,-1436,3166
805,DD,2020-09-10,0 days 15:59:49.127538,736117,57.78,57.77,300,218,19,-766
806,DDD,2020-09-10,0 days 15:55:00.111524,51673,5.35,5.34,4196,8800,7797,-1216
807,DELL,2020-09-10,0 days 15:55:00.289601,72793,65.62,65.57,400,400,-1409,2947
808,DELL,2020-09-10,0 days 15:55:01.288467,72702,65.62,65.57,500,500,91,-1409
809,DELL,2020-09-10,0 days 15:55:06.288983,72793,65.63,65.61,725,820,-1409,91
810,DELL,2020-09-10,0 days 15:55:07.289939,72702,65.63,65.61,725,860,91,-1409
811,DELL,2020-09-10,0 days 15:55:33.292388,73793,65.65,65.63,300,300,-109,191
812,DELL,2020-09-10,0 days 15:55:34.291616,73602,65.65,65.63,100,700,191,-109
813,DELL,2020-09-10,0 days 15:56:08.292747,76093,65.66,65.63,200,1080,-809,191
814,DELL,2020-09-10,0 days 15:56:21.292792,76902,65.67,65.64,500,814,592,-297
815,DELL,2020-09-10,0 days 15:56:22.292912,76594,65.67,65.64,600,1534,-308,592
816,DELL,2020-09-10,0 days 15:56:46.293619,77102,65.64,65.62,1010,400,502,-298
817,DELL,2020-09-10,0 days 15:56:47.292953,76969,65.64,65.62,1010,400,-133,502
818,DELL,2020-09-10,0 days 15:57:34.283425,77102,65.55,65.54,500,440,367,-133
819,DELL,2020-09-10,0 days 15:57:35.283308,76969,65.56,65.54,369,535,-133,367
820,DELL,2020-09-10,0 days 15:57:41.283804,77102,65.56,65.54,500,658,67,-33
821,DELL,2020-09-10,0 days 15:57:42.283487,77069,65.56,65.54,600,938,-33,67
822,DELL,2020-09-10,0 days 15:57:52.284333,77102,65.54,65.53,805,440,67,-33
823,DELL,2020-09-10,0 days 15:57:53.284588,77069,65.54,65.53,905,900,-33,67
824,DELL,2020-09-10,0 days 15:57:56.285826,77102,65.56,65.53,303,1301,267,-33
825,DELL,2020-09-10,0 days 15:57:57.284536,76769,65.56,65.53,200,1100,-533,267
826,DELL,2020-09-10,0 days 15:57:59.284484,77102,65.56,65.53,404,2501,367,-33
827,DELL,2020-09-10,0 days 15:58:00.285584,77069,65.56,65.53,303,2501,-33,367
828,DELL,2020-09-10,0 days 15:58:08.285518,77642,65.52,65.5,204,200,114,-308
829,DELL,2020-09-10,0 days 15:58:09.286868,77456,65.52,65.5,104,400,-186,114
830,DELL,2020-09-10,0 days 15:58:14.285926,77711,65.54,65.53,566,152,345,-155
831,DELL,2020-09-10,0 days 15:58:17.285708,77356,65.55,65.53,400,551,-355,445
832,DELL,2020-09-10,0 days 15:58:18.286227,77711,65.55,65.54,300,300,345,-355
833,DELL,2020-09-10,0 days 15:58:21.285751,77556,65.54,65.53,445,600,-155,345
834,DELL,2020-09-10,0 days 15:59:26.289431,84168,65.49,65.47,346,870,-438,562
835,DHI,2020-09-10,0 days 15:55:00.884111,202727,70.01,70.0,610,300,24987,-35616
836,DHI,2020-09-10,0 days 15:55:01.880903,198914,70.03,70.01,827,300,-3813,24987
837,DHI,2020-09-10,0 days 15:57:14.891136,200356,69.93,69.91,338,586,-3049,551
838,DHI,2020-09-10,0 days 15:58:18.889807,203815,69.85,69.84,500,1039,1669,-931
839,DHI,2020-09-10,0 days 15:58:21.888856,202735,69.84,69.83,400,802,-1080,120
840,DHI,2020-09-10,0 days 15:58:23.889023,203815,69.85,69.83,297,800,420,-1080
841,DHI,2020-09-10,0 days 15:58:24.888918,202735,69.85,69.84,100,300,-1080,420
842,DHI,2020-09-10,0 days 15:58:30.889311,203815,69.86,69.84,350,1182,1669,-1231
843,DHI,2020-09-10,0 days 15:58:31.888600,202731,69.86,69.85,350,500,-1084,1669
844,DHI,2020-09-10,0 days 15:58:41.888977,202484,69.89,69.87,1173,637,-1331,869
845,DHI,2020-09-10,0 days 15:58:47.889577,203584,69.87,69.85,320,500,-231,869
846,DHI,2020-09-10,0 days 15:59:30.889843,216663,69.79,69.77,100,500,-1535,1165
847,DHI,2020-09-10,0 days 15:59:44.889623,202594,69.81,69.79,697,900,-15604,5434
848,DHR,2020-09-10,0 days 15:55:00.232839,190087,204.23,204.07,700,200,20362,-65807
849,DHR,2020-09-10,0 days 15:58:00.242248,214418,203.56,203.5,111,200,-662,6140
850,DHR,2020-09-10,0 days 15:58:22.241948,214706,203.42,203.33,515,100,2069,-631
851,DHR,2020-09-10,0 days 15:58:35.242942,214075,203.57,203.44,200,300,-631,1369
852,DHR,2020-09-10,0 days 15:58:44.242683,215134,203.52,203.46,210,100,1641,-359
853,DHR,2020-09-10,0 days 15:58:45.243723,214975,203.5,203.45,200,200,-2159,1641
854,DHR,2020-09-10,0 days 15:58:46.242732,214706,203.49,203.38,210,400,2069,-2159
855,DHR,2020-09-10,0 days 15:59:04.243626,217694,203.4,203.34,116,459,-417,953
856,DHR,2020-09-10,0 days 15:59:44.247156,236031,203.3,203.2,285,795,3785,-615
857,DHR,2020-09-10,0 days 15:59:45.247422,235746,203.32,203.2,600,1494,-285,3785
858,DHR,2020-09-10,0 days 15:59:49.247553,235603,203.22,203.14,600,800,7743,-1485
859,DHR,2020-09-10,0 days 15:59:50.251240,228658,203.26,203.16,400,800,-7373,7743
860,DHR,2020-09-10,0 days 15:59:54.247826,234391,203.25,203.06,695,289,3753,-3387
861,DHR,2020-09-10,0 days 15:59:55.248834,232893,203.25,203.06,395,230,-2710,3753
862,DHR,2020-09-10,0 days 15:59:57.249557,234391,203.24,203.06,400,133,3753,-2710
863,DHT,2020-09-10,0 days 15:57:13.240751,90207,5.37,5.36,28922,20387,-605,1704
864,DHT,2020-09-10,0 days 15:58:08.242557,90207,5.37,5.36,32942,14545,-3946,1167
865,DIS,2020-09-10,0 days 15:55:01.234572,402525,133.48,133.46,341,100,782,-18
866,DIS,2020-09-10,0 days 15:55:04.234615,403207,133.57,133.54,200,100,-1532,782
867,DIS,2020-09-10,0 days 15:55:10.236157,398084,133.63,133.6,300,412,-6143,568
868,DIS,2020-09-10,0 days 15:55:12.235660,398783,133.58,133.54,228,618,4724,-1443
869,DIS,2020-09-10,0 days 15:55:17.235392,398084,133.62,133.6,400,400,-1443,3424
870,DIS,2020-09-10,0 days 15:55:24.238105,398789,133.63,133.59,300,400,3918,-1443
871,DIS,2020-09-10,0 days 15:55:40.238839,398584,133.65,133.61,200,673,-2519,2348
872,DIS,2020-09-10,0 days 15:55:44.237144,400209,133.55,133.52,501,200,6298,-313
873,DIS,2020-09-10,0 days 15:55:46.237392,403807,133.53,133.51,200,500,-31,398
874,DIS,2020-09-10,0 days 15:55:47.236829,403512,133.52,133.48,504,200,295,-31
875,DIS,2020-09-10,0 days 15:55:50.237153,405920,133.52,133.49,1011,401,-1100,708
876,DIS,2020-09-10,0 days 15:55:51.237709,407764,133.56,133.53,300,200,956,-1100
877,DIS,2020-09-10,0 days 15:55:52.237959,406520,133.59,133.57,100,200,-1244,956
878,DIS,2020-09-10,0 days 15:55:55.237238,407764,133.59,133.57,400,100,529,-344
879,DIS,2020-09-10,0 days 15:55:56.237174,407493,133.61,133.58,300,300,-271,529
880,DIS,2020-09-10,0 days 15:56:12.237674,410406,133.54,133.52,383,401,43,-657
881,DIS,2020-09-10,0 days 15:56:14.237814,409449,133.53,133.51,300,200,-213,487
882,DIS,2020-09-10,0 days 15:56:27.238430,409949,133.57,133.55,100,300,-457,2443
883,DIS,2020-09-10,0 days 15:56:36.238636,410406,133.6,133.58,200,265,3693,-1174
884,DIS,2020-09-10,0 days 15:56:37.238626,410199,133.61,133.58,800,100,-207,3693
885,DIS,2020-09-10,0 days 15:56:44.239571,409662,133.51,133.5,340,324,437,-407
886,DIS,2020-09-10,0 days 15:57:10.239751,410357,133.43,133.42,223,369,-717,1973
887,DIS,2020-09-10,0 days 15:57:12.240050,409082,133.44,133.41,1203,100,1275,-461
888,DIS,2020-09-10,0 days 15:57:42.240669,411052,133.32,133.3,855,300,-4913,387
889,DIS,2020-09-10,0 days 15:57:43.241317,406365,133.32,133.3,855,300,4687,-4913
890,DIS,2020-09-10,0 days 15:57:46.241142,411052,133.32,133.3,520,100,-3743,2987
891,DIS,2020-09-10,0 days 15:57:47.241500,412649,133.29,133.28,321,300,803,-3743
892,DIS,2020-09-10,0 days 15:57:56.244155,411052,133.35,133.33,300,200,-2869,1857
893,DIS,2020-09-10,0 days 15:57:57.241227,413921,133.36,133.34,100,300,3331,-2869
894,DIS,2020-09-10,0 days 15:57:58.241566,411052,133.36,133.34,500,470,-3969,3331
895,DIS,2020-09-10,0 days 15:58:03.244029,408549,133.3,133.28,201,100,5379,-5467
896,DIS,2020-09-10,0 days 15:58:04.244692,410628,133.28,133.27,300,210,-421,5379
897,DIS,2020-09-10,0 days 15:58:05.242825,409249,133.3,133.27,1620,400,379,-421
898,DIS,2020-09-10,0 days 15:58:27.243651,410639,133.29,133.26,600,235,-4786,1660
899,DIS,2020-09-10,0 days 15:58:41.243526,410639,133.32,133.28,329,300,-292,4714
900,DIS,2020-09-10,0 days 15:58:45.245107,410931,133.32,133.28,400,200,6608,-164
901,DIS,2020-09-10,0 days 15:59:09.245705,421593,133.21,133.18,345,743,-4966,8334
902,DIS,2020-09-10,0 days 15:59:13.245334,431293,133.2,133.15,365,486,-6417,483
903,DIS,2020-09-10,0 days 15:59:15.245117,437710,133.21,133.18,500,300,7263,-463
904,DIS,2020-09-10,0 days 15:59:59.239110,455555,133.22,133.15,4822,700,-344,29580
905,DKS,2020-09-10,0 days 15:55:33.115584,63455,56.12,56.11,478,200,-14,86
906,DKS,2020-09-10,0 days 15:55:34.114482,63369,56.12,56.1,609,200,86,-14
907,DKS,2020-09-10,0 days 15:56:07.115586,63738,56.11,56.1,211,500,-380,166
908,DKS,2020-09-10,0 days 15:56:08.115224,63618,56.1,56.09,472,300,120,-380
909,DKS,2020-09-10,0 days 15:57:31.116539,65140,56.03,56.01,957,248,-809,191
910,DKS,2020-09-10,0 days 15:57:32.116157,64949,56.01,56.0,694,100,191,-809
911,DKS,2020-09-10,0 days 15:57:35.116883,65140,56.01,55.99,125,400,-3329,191
912,DKS,2020-09-10,0 days 15:57:40.117146,71236,56.01,55.98,549,700,904,-592
913,DKS,2020-09-10,0 days 15:58:19.120727,71804,55.99,55.98,810,300,-55,445
914,DKS,2020-09-10,0 days 15:58:40.121528,71459,55.96,55.94,200,400,345,-55
915,DKS,2020-09-10,0 days 15:58:41.120587,71004,55.96,55.93,1687,200,-455,345
916,DKS,2020-09-10,0 days 15:59:02.122914,69369,55.94,55.93,343,100,3492,-81
917,DKS,2020-09-10,0 days 15:59:12.123733,69624,55.94,55.93,572,400,3437,-3818
918,DKS,2020-09-10,0 days 15:59:13.124743,69961,55.95,55.93,952,475,-58,3437
919,DKS,2020-09-10,0 days 15:59:38.124912,73662,55.96,55.94,931,528,-222,3478
920,DKS,2020-09-10,0 days 15:59:42.125407,69907,55.98,55.94,658,300,-3977,3278
921,DKS,2020-09-10,0 days 15:59:44.127864,73884,55.97,55.94,824,496,2123,-3168
922,DLR,2020-09-10,0 days 15:55:00.884158,161190,145.99,145.93,200,104,-3661,15959
923,DLR,2020-09-10,0 days 15:55:01.880949,158051,145.96,145.89,100,200,3139,-3661
924,DLR,2020-09-10,0 days 15:58:17.889084,164075,145.89,145.8,400,500,-227,2873
925,DLR,2020-09-10,0 days 15:58:21.888944,160302,145.82,145.76,410,100,4473,-227
926,DLR,2020-09-10,0 days 15:59:06.891112,152139,145.84,145.78,1000,100,-266,432
927,DLR,2020-09-10,0 days 15:59:07.890809,152424,145.77,145.7,530,200,641,-266
928,DLR,2020-09-10,0 days 15:59:14.891175,153512,145.77,145.71,234,1061,-2132,65
929,DLR,2020-09-10,0 days 15:59:20.890118,165244,145.87,145.8,600,322,68,-1932
930,DLR,2020-09-10,0 days 15:59:27.889229,165412,145.85,145.79,300,400,-732,868
931,DLR,2020-09-10,0 days 15:59:28.888577,164837,145.85,145.78,400,225,575,-732
932,DLR,2020-09-10,0 days 15:59:45.890472,171397,145.81,145.77,256,1452,-44,916
933,DLR,2020-09-10,0 days 15:59:49.892923,171565,145.77,145.7,600,100,132,-2168
934,DOW,2020-09-10,0 days 15:55:00.232839,484576,49.01,49.0,920,301,3782,-26716
935,DOW,2020-09-10,0 days 15:56:41.240110,510113,48.9,48.87,945,600,-48853,1604
936,DOW,2020-09-10,0 days 15:57:01.238007,558709,48.84,48.82,667,2100,34554,-47546
937,DOW,2020-09-10,0 days 15:57:02.237466,553553,48.85,48.84,585,1400,-5156,34554
938,DOW,2020-09-10,0 days 15:57:35.239277,558709,48.82,48.8,1131,1535,944,-4013
939,DOW,2020-09-10,0 days 15:57:36.239121,555753,48.81,48.8,200,1587,-2956,944
940,DOW,2020-09-10,0 days 15:58:01.241381,559604,48.84,48.83,311,677,889,-4511
941,DOW,2020-09-10,0 days 15:58:23.243533,568952,48.81,48.79,460,2812,-2251,3649
942,DOW,2020-09-10,0 days 15:58:38.243097,567560,48.83,48.81,438,2146,-3643,4557
943,DOW,2020-09-10,0 days 15:58:46.242732,568548,48.81,48.8,400,372,-2655,12645
944,DOW,2020-09-10,0 days 15:58:52.242875,571406,48.8,48.79,861,2476,8742,-2458
945,DOW,2020-09-10,0 days 15:58:53.242927,569148,48.8,48.79,861,2476,-2258,8742
946,DOW,2020-09-10,0 days 15:59:17.244942,544118,48.8,48.79,1000,800,-77838,92203
947,DOW,2020-09-10,0 days 15:59:26.244380,619906,48.76,48.75,280,500,-4301,10899
948,DOW,2020-09-10,0 days 15:59:31.245318,569068,48.76,48.75,477,2100,-55139,91061
949,DOW,2020-09-10,0 days 15:59:43.245903,540507,48.75,48.73,3905,1000,93945,-4827
950,DOW,2020-09-10,0 days 15:59:46.246935,574344,48.78,48.76,700,2370,-77676,30040
951,DT,2020-09-10,0 days 15:56:05.990374,52367,39.29,39.27,584,100,8407,-11493
952,DT,2020-09-10,0 days 15:56:06.990049,51274,39.29,39.27,274,100,-1093,8407
953,DT,2020-09-10,0 days 15:57:40.993016,53967,39.16,39.12,1000,336,59,-835
954,DT,2020-09-10,0 days 15:57:41.992732,53626,39.16,39.12,900,336,-341,59
955,DT,2020-09-10,0 days 15:58:22.995097,55064,39.11,39.09,200,898,457,-595
956,DT,2020-09-10,0 days 15:58:23.995432,54821,39.11,39.09,200,798,-243,457
957,DT,2020-09-10,0 days 15:58:47.995919,54369,39.14,39.1,453,886,-695,105
958,DT,2020-09-10,0 days 15:59:01.997908,55409,39.12,39.1,100,897,880,-740
959,DT,2020-09-10,0 days 15:59:09.998271,57168,39.14,39.1,400,605,-18763,228
960,DT,2020-09-10,0 days 15:59:32.997996,74841,39.12,39.09,374,1688,-990,1810
961,DT,2020-09-10,0 days 15:59:43.998283,75041,39.1,39.09,173,478,-790,810
962,DT,2020-09-10,0 days 15:59:50.006183,73875,39.12,39.08,703,142,-1956,344
963,DUK,2020-09-10,0 days 15:55:00.992099,265799,82.33,82.32,200,600,43253,-101617
964,DUK,2020-09-10,0 days 15:55:01.988102,259052,82.34,82.33,200,314,-6747,43253
965,DUK,2020-09-10,0 days 15:59:45.999690,354451,82.07,82.06,1110,800,487,-66
966,DUK,2020-09-10,0 days 15:59:49.000270,351678,82.06,82.05,400,1218,-2773,2652
967,DVN,2020-09-10,0 days 15:59:02.243698,502091,8.88,8.87,65014,27497,41527,-14043
968,DVN,2020-09-10,0 days 15:59:45.247602,587310,8.87,8.86,27657,53824,8473,-2031
969,DVN,2020-09-10,0 days 15:59:46.247276,563483,8.88,8.87,19494,55594,-24278,8473
970,DXC,2020-09-10,0 days 15:58:38.124383,204280,19.6,19.59,4000,3561,4617,-3142
971,EAF,2020-09-10,0 days 15:56:13.237065,37732,6.18,6.17,8337,8890,-1201,699
972,EAF,2020-09-10,0 days 15:56:14.237224,37233,6.18,6.17,7837,8964,499,-1201
973,EAF,2020-09-10,0 days 15:59:09.244312,45073,6.15,6.14,9266,9844,364,-736
974,EAF,2020-09-10,0 days 15:59:21.245006,46734,6.16,6.15,6867,5943,-861,461
975,EAF,2020-09-10,0 days 15:59:22.244863,46295,6.16,6.15,7967,3859,439,-861
976,EAF,2020-09-10,0 days 15:59:46.247176,47096,6.14,6.13,4507,28021,238,-2662
977,EGO,2020-09-10,0 days 15:55:43.249916,22687,10.9,10.89,19154,11795,-1502,398
978,EGO,2020-09-10,0 days 15:59:08.252806,140975,10.91,10.9,12256,23929,23955,-11145
979,EGO,2020-09-10,0 days 15:59:47.253038,163964,10.91,10.9,23186,16087,-1415,771
980,EGO,2020-09-10,0 days 15:59:49.254242,161215,10.91,10.9,14184,23087,2749,-2303
981,EIX,2020-09-10,0 days 15:58:54.287101,226589,50.59,50.56,400,480,3742,-4158
982,EIX,2020-09-10,0 days 15:58:55.287291,222731,50.57,50.56,300,475,-3858,3742
983,EIX,2020-09-10,0 days 15:59:00.290475,226589,50.57,50.56,100,521,6842,-3558
984,EIX,2020-09-10,0 days 15:59:01.288393,220531,50.56,50.54,487,300,-6058,6842
985,ENB,2020-09-10,0 days 15:56:54.991397,38882,31.13,31.12,13718,800,-5538,1162
986,ENB,2020-09-10,0 days 15:58:01.994745,46020,31.08,31.07,9175,3453,362,-838
987,ENB,2020-09-10,0 days 15:58:02.994185,45382,31.08,31.07,11075,1453,-638,362
988,EOG,2020-09-10,0 days 15:55:01.987673,510181,38.16,38.15,1366,1167,-8843,2257
989,EOG,2020-09-10,0 days 15:56:03.990036,526662,38.18,38.17,2000,1500,38996,-6304
990,EOG,2020-09-10,0 days 15:56:04.989956,520358,38.2,38.19,3707,361,-6304,38996
991,EOG,2020-09-10,0 days 15:57:34.992578,529899,38.16,38.15,4800,2565,1273,-2213
992,EOG,2020-09-10,0 days 15:57:35.992521,523628,38.16,38.15,3449,1001,-9371,1273
993,EOG,2020-09-10,0 days 15:58:23.995418,533702,38.11,38.1,3200,2529,6633,-12281
994,EOG,2020-09-10,0 days 15:58:24.995406,526535,38.11,38.1,1023,3770,-7167,6633
995,EOG,2020-09-10,0 days 15:59:08.998062,582826,38.1,38.09,3068,622,-3060,7840
996,EOG,2020-09-10,0 days 15:59:30.998374,590186,38.06,38.05,903,1410,-1232,4118
997,EPD,2020-09-10,0 days 15:59:02.251602,148188,17.15,17.14,27518,794,1204,-5965
998,EPD,2020-09-10,0 days 15:59:14.251777,138027,17.14,17.13,19126,14390,-7897,1565
999,EQH,2020-09-10,0 days 15:57:41.240507,204434,19.31,19.3,8858,3055,1471,-661
1000,EQH,2020-09-10,0 days 15:57:42.240591,201473,19.3,19.29,2708,3799,-2961,1471
1001,EQH,2020-09-10,0 days 15:57:45.240800,204434,19.3,19.29,1300,5636,471,-361
1002,EQH,2020-09-10,0 days 15:57:46.241049,201573,19.3,19.29,4738,5436,-2861,471
1003,EQNR,2020-09-10,0 days 15:56:13.236955,24465,15.28,15.27,39174,33550,915,-985
1004,EQNR,2020-09-10,0 days 15:56:24.237793,25460,15.28,15.27,5726,58910,-1732,968
1005,EQNR,2020-09-10,0 days 15:56:49.237605,25392,15.29,15.28,34527,41740,68,-2632
1006,EQNR,2020-09-10,0 days 15:56:56.238353,25460,15.29,15.28,28703,37086,-2632,68
1007,EQNR,2020-09-10,0 days 15:57:09.238666,25392,15.29,15.28,16306,42428,68,-2632
1008,EQNR,2020-09-10,0 days 15:57:13.239038,26655,15.29,15.28,15139,44061,-885,1263
1009,EQNR,2020-09-10,0 days 15:59:07.245568,41767,15.3,15.29,66639,21063,5156,-7762
1010,EQNR,2020-09-10,0 days 15:59:08.245900,40723,15.3,15.29,54519,17781,-1044,5156
1011,EQR,2020-09-10,0 days 15:55:00.112513,1651304,55.79,55.76,2167,221,-3424,7376
1012,EQR,2020-09-10,0 days 15:55:01.113092,1650528,55.79,55.76,2461,321,776,-3424
1013,EQR,2020-09-10,0 days 15:55:43.114360,1654304,55.82,55.81,462,624,-824,877
1014,EQR,2020-09-10,0 days 15:55:44.114477,1653228,55.82,55.81,864,553,1076,-824
1015,EQR,2020-09-10,0 days 15:56:32.116232,1680150,55.88,55.87,700,1551,-701,1182
1016,EQR,2020-09-10,0 days 15:56:33.117262,1677051,55.89,55.88,300,1153,3099,-701
1017,EQR,2020-09-10,0 days 15:57:49.118261,1780169,55.88,55.87,1209,814,-9253,11701
1018,EQR,2020-09-10,0 days 15:57:50.118402,1768245,55.87,55.84,1346,722,11924,-9253
1019,EQR,2020-09-10,0 days 15:58:12.120717,1790561,55.86,55.84,2121,1306,-3580,12620
1020,EQR,2020-09-10,0 days 15:58:13.120735,1777941,55.86,55.84,2621,1306,12620,-3580
1021,EQT,2020-09-10,0 days 15:55:00.235942,429046,14.07,14.06,4347,2002,-1021,6999
1022,EQT,2020-09-10,0 days 15:55:52.237949,455240,14.11,14.1,3602,2707,23406,-2494
1023,EQT,2020-09-10,0 days 15:55:53.237102,455046,14.11,14.1,4402,2414,-94,23406
1024,EQT,2020-09-10,0 days 15:57:11.240265,473789,14.09,14.08,5928,3632,325,-1775
1025,EQT,2020-09-10,0 days 15:57:12.240050,473114,14.09,14.08,5107,5032,-675,325
1026,EQT,2020-09-10,0 days 15:57:35.240309,473789,14.08,14.07,8088,2834,925,-336
1027,EQT,2020-09-10,0 days 15:57:37.240969,474714,14.08,14.07,6955,4485,-2475,925
1028,EQT,2020-09-10,0 days 15:57:38.240333,477889,14.08,14.07,7855,2534,3125,-2475
1029,EQT,2020-09-10,0 days 15:57:42.240669,485714,14.08,14.07,6732,5292,-596,1104
1030,EQT,2020-09-10,0 days 15:57:52.241192,489010,14.08,14.07,7597,5908,1604,-2396
1031,EQT,2020-09-10,0 days 15:57:53.241193,490614,14.08,14.07,6725,7032,-2696,1604
1032,EQT,2020-09-10,0 days 15:57:54.241010,489010,14.08,14.07,6525,5932,1604,-2696
1033,EQT,2020-09-10,0 days 15:57:55.241133,490614,14.08,14.07,6810,7032,-2696,1604
1034,EQT,2020-09-10,0 days 15:57:56.244167,489010,14.08,14.07,5016,6933,1604,-2696
1035,EQT,2020-09-10,0 days 15:57:58.241566,490614,14.08,14.07,6154,6933,-3896,1604
1036,EQT,2020-09-10,0 days 15:57:59.241304,489010,14.08,14.07,7350,7433,1604,-3896
1037,EQT,2020-09-10,0 days 15:58:28.244036,501706,14.07,14.06,7507,1731,2974,-4326
1038,EQT,2020-09-10,0 days 15:58:53.244181,501874,14.07,14.06,6875,4190,2806,-4826
1039,EQT,2020-09-10,0 days 15:59:11.245251,520030,14.05,14.04,3650,7957,-3423,9948
1040,EQT,2020-09-10,0 days 15:59:12.245581,517253,14.05,14.04,5350,7557,12634,-3423
1041,EQT,2020-09-10,0 days 15:59:22.244912,513993,14.07,14.06,4702,1900,2519,-4981
1042,EQT,2020-09-10,0 days 15:59:40.248186,516305,14.07,14.06,6807,2487,1488,-14212
1043,EQT,2020-09-10,0 days 15:59:45.247765,519227,14.08,14.07,6646,3800,-13778,2439
1044,EQT,2020-09-10,0 days 15:59:46.246378,517605,14.08,14.07,8986,400,6912,-13778
1045,EROS,2020-09-10,0 days 15:55:52.291829,36935,2.75,2.74,25230,29750,-545,1055
1046,EROS,2020-09-10,0 days 15:55:53.291593,25580,2.75,2.74,25230,29750,11355,-545
1047,EROS,2020-09-10,0 days 15:57:22.281707,36935,2.74,2.73,10009,22830,-5382,11091
1048,ESRT,2020-09-10,0 days 15:55:00.990918,150381,6.05,6.04,10469,16148,95642,-65568
1049,ESRT,2020-09-10,0 days 15:55:01.987461,148723,6.05,6.04,12119,17548,-1658,95642
1050,ESRT,2020-09-10,0 days 15:57:24.991864,158271,6.03,6.02,17093,16131,2878,-991
1051,ESRT,2020-09-10,0 days 15:57:25.992814,157249,6.03,6.02,16943,16431,-1884,2878
1052,ESRT,2020-09-10,0 days 15:57:44.993317,175633,6.03,6.02,19655,17867,2216,-3384
1053,ESRT,2020-09-10,0 days 15:57:45.993016,173049,6.03,6.02,18455,17067,-5184,2216
1054,ESRT,2020-09-10,0 days 15:59:31.997927,181980,6.02,6.01,10717,28288,-583,1517
1055,ESRT,2020-09-10,0 days 15:59:44.998851,182230,6.02,6.01,10917,26949,-333,767
1056,ESRT,2020-09-10,0 days 15:59:46.998154,182563,6.02,6.01,12056,25905,3156,-333
1057,ESRT,2020-09-10,0 days 15:59:48.001742,182419,6.02,6.01,11512,25924,-144,3156
1058,ET,2020-09-10,0 days 15:57:14.246870,154686,5.96,5.95,110754,153834,35641,-15566
1059,ETRN,2020-09-10,0 days 15:55:00.884070,144419,9.48,9.47,4910,7964,63108,-85742
1060,ETRN,2020-09-10,0 days 15:55:01.880903,136727,9.48,9.47,4510,9064,-7692,63108
1061,ETRN,2020-09-10,0 days 15:59:47.889975,179654,9.48,9.47,16681,8189,-2305,4600
1062,EVRI,2020-09-10,0 days 15:55:45.236905,64435,7.62,7.61,2025,3898,-17593,24007
1063,EVRI,2020-09-10,0 days 15:55:46.237400,62228,7.61,7.6,1141,3560,2207,-17593
1064,EVRI,2020-09-10,0 days 15:59:46.246636,77597,7.62,7.61,8256,7233,-1534,1049
1065,EVRI,2020-09-10,0 days 15:59:47.245890,76631,7.62,7.61,8883,7433,966,-1534
1066,EW,2020-09-10,0 days 15:56:21.292782,210671,82.93,82.9,406,1089,288,-218
1067,EW,2020-09-10,0 days 15:56:22.292887,208159,82.93,82.92,400,268,-2220,288
1068,EW,2020-09-10,0 days 15:57:39.283278,210844,82.73,82.69,200,200,165,-1543
1069,EW,2020-09-10,0 days 15:57:40.283331,209234,82.73,82.69,304,405,-1318,165
1070,EW,2020-09-10,0 days 15:57:41.283778,210844,82.71,82.69,156,200,290,-1318
1071,EW,2020-09-10,0 days 15:57:42.283454,209534,82.73,82.71,304,300,-1018,290
1072,EW,2020-09-10,0 days 15:57:47.285175,211593,82.72,82.68,100,100,1641,-867
1073,EW,2020-09-10,0 days 15:58:05.285612,210950,82.71,82.67,230,200,-351,1941
1074,EW,2020-09-10,0 days 15:58:18.286203,211593,82.73,82.69,601,837,985,-323
1075,EW,2020-09-10,0 days 15:58:19.286234,210978,82.73,82.69,701,437,-323,985
1076,EW,2020-09-10,0 days 15:58:20.286819,211593,82.71,82.69,500,251,385,-323
1077,EW,2020-09-10,0 days 15:58:22.285858,211278,82.67,82.65,300,100,-23,2285
1078,EW,2020-09-10,0 days 15:58:26.286082,211593,82.69,82.67,528,196,685,-322
1079,EW,2020-09-10,0 days 15:58:27.286342,211278,82.71,82.68,400,592,-23,685
1080,EW,2020-09-10,0 days 15:58:28.286375,211593,82.71,82.68,400,692,1185,-23
1081,EW,2020-09-10,0 days 15:58:29.286362,211278,82.7,82.69,302,117,-23,1185
1082,EW,2020-09-10,0 days 15:59:01.288578,211786,82.69,82.66,400,100,9288,-1372
1083,EW,2020-09-10,0 days 15:59:02.290536,211174,82.69,82.66,500,193,-320,9288
1084,EW,2020-09-10,0 days 15:59:07.290151,212068,82.67,82.65,100,607,3559,-781
1085,EW,2020-09-10,0 days 15:59:22.289168,220140,82.72,82.67,200,200,1757,-10951
1086,EW,2020-09-10,0 days 15:59:38.289393,219894,82.74,82.72,286,263,-395,713
1087,EW,2020-09-10,0 days 15:59:41.291077,220581,82.75,82.7,1304,400,513,-1995
1088,EW,2020-09-10,0 days 15:59:45.291461,220997,82.75,82.71,404,1530,-292,1216
1089,EW,2020-09-10,0 days 15:59:48.291561,213509,82.72,82.69,200,661,10169,-914
1090,EW,2020-09-10,0 days 15:59:49.291445,215278,82.72,82.7,200,150,-6011,10169
1091,EW,2020-09-10,0 days 15:59:50.295133,213508,82.69,82.65,1700,100,6574,-6011
1092,EXK,2020-09-10,0 days 15:57:36.283367,18136,4.14,4.13,118248,71105,-290,5755
1093,FCAU,2020-09-10,0 days 15:55:00.991999,55607,11.64,11.63,39532,17091,-34999,42932
1094,FCAU,2020-09-10,0 days 15:55:01.988004,53076,11.64,11.63,47132,14691,2531,-34999
1095,FCAU,2020-09-10,0 days 15:55:40.989713,55607,11.64,11.63,26351,50429,-1406,2531
1096,FCAU,2020-09-10,0 days 15:55:41.990017,53413,11.64,11.63,28951,48629,2279,-1406
1097,FCAU,2020-09-10,0 days 15:58:03.994938,45113,11.63,11.62,54000,41951,10757,-10243
1098,FCX,2020-09-10,0 days 15:57:35.116740,685845,15.79,15.78,36542,34600,3387,-2757
1099,FCX,2020-09-10,0 days 15:57:37.116599,684788,15.79,15.78,33639,34200,-1757,2587
1100,FDX,2020-09-10,0 days 15:55:00.288581,124476,225.49,225.39,200,300,1018,-15368
1101,FDX,2020-09-10,0 days 15:56:14.291981,132457,225.23,225.13,325,201,-607,500
1102,FDX,2020-09-10,0 days 15:56:15.293339,131864,225.13,225.07,256,400,593,-607
1103,FDX,2020-09-10,0 days 15:56:24.292791,132466,225.4,225.23,200,200,-38,129
1104,FDX,2020-09-10,0 days 15:56:25.292755,131920,225.4,225.23,200,200,592,-38
1105,FDX,2020-09-10,0 days 15:57:27.283712,132512,225.24,225.15,100,103,-114,686
1106,FDX,2020-09-10,0 days 15:57:28.281892,132026,225.23,225.15,200,103,486,-114
1107,FDX,2020-09-10,0 days 15:57:36.283170,133025,225.16,225.08,100,315,-101,299
1108,FDX,2020-09-10,0 days 15:57:45.283589,136151,225.22,225.13,334,500,774,-426
1109,FDX,2020-09-10,0 days 15:57:46.284565,135725,225.22,225.13,334,605,-716,774
1110,FDX,2020-09-10,0 days 15:57:49.283810,136941,225.2,225.13,100,607,271,-529
1111,FDX,2020-09-10,0 days 15:57:50.284310,136512,225.19,225.13,200,604,-429,271
1112,FDX,2020-09-10,0 days 15:57:53.284443,136941,225.22,225.14,284,300,71,-429
1113,FDX,2020-09-10,0 days 15:57:54.284196,136512,225.21,225.14,288,412,-529,71
1114,FDX,2020-09-10,0 days 15:57:57.284396,137141,225.21,225.15,100,200,284,-616
1115,FDX,2020-09-10,0 days 15:58:00.285409,136625,225.23,225.15,414,316,-516,1284
1116,FDX,2020-09-10,0 days 15:58:08.285342,137141,225.04,224.92,849,100,321,-679
1117,FDX,2020-09-10,0 days 15:58:10.285869,135862,225.02,224.87,472,100,-379,421
1118,FDX,2020-09-10,0 days 15:58:20.286709,134841,225.07,224.95,200,106,1857,-443
1119,FDX,2020-09-10,0 days 15:58:21.285675,134611,225.03,224.95,100,327,-230,1857
1120,FDX,2020-09-10,0 days 15:58:31.286172,134841,225.01,224.91,100,110,157,-243
1121,FDX,2020-09-10,0 days 15:58:32.286920,134598,225.01,224.92,808,100,-243,157
1122,FDX,2020-09-10,0 days 15:59:00.290475,137633,225.11,225.03,225,358,1376,-498
1123,FE,2020-09-10,0 days 15:55:00.232979,748167,29.15,29.14,1807,1103,-38588,255361
1124,FE,2020-09-10,0 days 15:56:23.236925,787678,29.17,29.16,2022,2426,1670,-7588
1125,FE,2020-09-10,0 days 15:56:31.236954,773969,29.18,29.17,477,4219,-13709,277
1126,FE,2020-09-10,0 days 15:57:34.239250,785525,29.11,29.1,2242,2377,130,-4156
1127,FE,2020-09-10,0 days 15:57:35.239358,774869,29.11,29.1,2142,2278,-10656,130
1128,FE,2020-09-10,0 days 15:58:16.241283,786446,29.11,29.1,200,4300,3781,-10905
1129,FE,2020-09-10,0 days 15:58:17.241657,776041,29.12,29.11,3017,100,-10405,3781
1130,FE,2020-09-10,0 days 15:58:23.243577,786446,29.1,29.09,800,1200,8281,-10405
1131,FE,2020-09-10,0 days 15:58:24.241471,773059,29.1,29.09,837,1700,-13387,8281
1132,FE,2020-09-10,0 days 15:59:24.245340,813089,29.1,29.09,3301,300,-7494,9441
1133,FEAC,2020-09-10,0 days 15:56:46.244759,792,12.46,12.44,400,207,314,-486
1134,FEAC,2020-09-10,0 days 15:56:47.244614,706,12.46,12.44,700,307,-86,314
1135,FEAC,2020-09-10,0 days 15:57:37.246248,777,12.39,12.38,935,838,29,-50
1136,FEAC,2020-09-10,0 days 15:57:38.246701,706,12.39,12.38,1690,838,-71,29
1137,FEAC,2020-09-10,0 days 15:59:07.249590,876,12.41,12.38,400,726,56,-70
1138,FEAC,2020-09-10,0 days 15:59:08.249447,832,12.41,12.38,800,726,-44,56
1139,FHN,2020-09-10,0 days 15:58:49.121037,326826,9.18,9.17,38197,32044,5571,-11729
1140,FHN,2020-09-10,0 days 15:58:50.121549,312497,9.18,9.17,35208,36707,-14329,5571
1141,FHN,2020-09-10,0 days 15:59:15.123762,322904,9.18,9.17,51384,36119,1838,-64
1142,FHN,2020-09-10,0 days 15:59:47.125714,323392,9.18,9.17,22250,58366,-5017,21290
1143,FIS,2020-09-10,0 days 15:59:02.997610,252239,146.12,146.08,100,616,-10018,2482
1144,FIS,2020-09-10,0 days 15:59:22.997039,263019,146.11,146.06,202,219,558,-6842
1145,FIS,2020-09-10,0 days 15:59:31.997967,259346,146.03,145.98,1101,712,-3726,3474
1146,FIS,2020-09-10,0 days 15:59:36.997912,263072,146.02,145.98,1219,258,1191,-1709
1147,FIS,2020-09-10,0 days 15:59:37.998374,261363,146.06,146.0,801,323,-1709,1191
1148,FIS,2020-09-10,0 days 15:59:43.998172,258863,146.0,145.97,207,332,-4209,1391
1149,FIS,2020-09-10,0 days 15:59:48.999971,263072,145.99,145.96,519,352,1362,-3238
1150,FIS,2020-09-10,0 days 15:59:50.005587,249634,145.93,145.9,1527,100,-3638,1362
1151,FIS,2020-09-10,0 days 15:59:55.003541,253272,145.86,145.78,400,600,762,-3438
1152,FIS,2020-09-10,0 days 15:59:56.997694,249834,145.88,145.79,400,400,-3438,762
1153,FIS,2020-09-10,0 days 15:59:57.998664,253272,145.88,145.78,1568,274,762,-3438
1154,FIS,2020-09-10,0 days 16:00:00.011736,250874,145.88,145.85,13633,492,-2398,282
1155,FIT,2020-09-10,0 days 15:55:00.884676,103327,6.3,6.29,45077,68927,54619,-72136
1156,FIT,2020-09-10,0 days 15:55:01.881195,98446,6.3,6.29,45077,69427,-4881,54619
1157,FL,2020-09-10,0 days 15:55:46.990465,92434,33.27,33.26,2157,916,-1020,1180
1158,FL,2020-09-10,0 days 15:55:47.990131,91454,33.27,33.26,2057,1016,980,-1020
1159,FL,2020-09-10,0 days 15:56:14.991456,92584,33.23,33.22,1527,700,-205,1043
1160,FL,2020-09-10,0 days 15:56:15.990377,91689,33.23,33.22,2299,1207,895,-205
1161,FL,2020-09-10,0 days 15:56:24.990657,92584,33.24,33.23,1273,480,-605,895
1162,FL,2020-09-10,0 days 15:56:25.991116,91689,33.24,33.23,1674,381,895,-605
1163,FL,2020-09-10,0 days 15:57:38.992699,94497,33.22,33.21,1867,634,-2097,603
1164,FL,2020-09-10,0 days 15:57:39.992943,93694,33.22,33.21,1867,934,803,-2097
1165,FL,2020-09-10,0 days 15:58:06.994411,94509,33.19,33.18,1575,2600,-796,1004
1166,FL,2020-09-10,0 days 15:58:07.994973,93905,33.19,33.18,1975,2400,604,-796
1167,FL,2020-09-10,0 days 15:58:14.994994,93805,33.21,33.2,505,3159,704,-496
1168,FL,2020-09-10,0 days 15:58:15.996805,94509,33.21,33.2,605,3350,-296,704
1169,FL,2020-09-10,0 days 15:58:16.995326,93805,33.21,33.2,2805,828,704,-296
1170,FL,2020-09-10,0 days 15:58:19.995347,94509,33.21,33.2,2405,1167,-596,704
1171,FL,2020-09-10,0 days 15:58:20.995230,93805,33.21,33.2,3310,122,704,-596
1172,FL,2020-09-10,0 days 15:59:23.997812,97682,33.18,33.17,946,1034,-24789,511
1173,FL,2020-09-10,0 days 15:59:51.999394,105304,33.14,33.11,3052,1392,347,-920
1174,FLR,2020-09-10,0 days 15:55:00.246088,118645,8.92,8.91,4511,3197,5997,-8807
1175,FLR,2020-09-10,0 days 15:55:33.251368,125242,8.92,8.91,6271,2846,-4403,297
1176,FLR,2020-09-10,0 days 15:55:34.251119,123845,8.92,8.91,6171,3851,1197,-4403
1177,FLR,2020-09-10,0 days 15:56:15.251552,128119,8.93,8.92,5713,7782,-1929,1571
1178,FLR,2020-09-10,0 days 15:56:16.251123,126348,8.93,8.92,5013,9082,1571,-1929
1179,FLR,2020-09-10,0 days 15:56:17.254335,126274,8.93,8.92,3213,11332,-74,1571
1180,FLR,2020-09-10,0 days 15:58:24.249196,133575,8.9,8.89,10644,7139,-2519,4925
1181,FLR,2020-09-10,0 days 15:58:53.251987,130281,8.91,8.9,7187,6293,2394,-7371
1182,FLR,2020-09-10,0 days 15:59:39.253197,140112,8.91,8.9,8005,13311,-14633,667
1183,FLR,2020-09-10,0 days 15:59:40.256609,140445,8.91,8.9,21155,3120,216,-14633
1184,FNB,2020-09-10,0 days 15:55:00.246068,127890,7.03,7.02,34005,17324,8362,-5461
1185,FNB,2020-09-10,0 days 15:58:09.249505,180377,7.01,7.0,60015,26562,-1846,10405
1186,FNF,2020-09-10,0 days 15:55:00.112902,127194,33.13,33.12,690,800,3293,-2275
1187,FNF,2020-09-10,0 days 15:55:42.114449,129987,33.17,33.16,1055,1248,-1496,189
1188,FNF,2020-09-10,0 days 15:55:43.114374,129783,33.17,33.16,572,1592,204,-1496
1189,FNF,2020-09-10,0 days 15:55:55.114974,129987,33.19,33.18,400,2536,-1396,204
1190,FNF,2020-09-10,0 days 15:55:56.116956,129783,33.19,33.18,110,2523,204,-1396
1191,FNF,2020-09-10,0 days 15:56:13.116247,129987,33.17,33.16,1773,1337,-148,469
1192,FNF,2020-09-10,0 days 15:57:08.117894,131420,33.1,33.09,4455,1406,9442,-758
1193,FNF,2020-09-10,0 days 15:57:44.118402,142820,33.07,33.06,1990,441,327,-402
1194,FNF,2020-09-10,0 days 15:57:55.118611,143010,33.07,33.06,3934,1058,2737,-463
1195,FNF,2020-09-10,0 days 15:58:07.120328,142876,33.06,33.05,2822,1100,-134,1566
1196,FNF,2020-09-10,0 days 15:58:10.120612,144810,33.05,33.04,1440,2300,1127,-1334
1197,FNF,2020-09-10,0 days 15:58:11.121736,145937,33.06,33.05,816,1748,-1773,1127
1198,FNF,2020-09-10,0 days 15:58:12.120742,145110,33.06,33.05,1121,2212,827,-1773
1199,FNF,2020-09-10,0 days 15:58:37.122544,143010,33.07,33.06,200,2070,169,-402
1200,FNF,2020-09-10,0 days 15:59:03.124223,148476,33.06,33.05,2505,2760,-473,727
1201,FNF,2020-09-10,0 days 15:59:28.123942,150746,33.05,33.04,1893,3102,1093,-505
1202,FNF,2020-09-10,0 days 15:59:29.124545,150339,33.05,33.04,1793,3061,-407,1093
1203,FRO,2020-09-10,0 days 15:55:00.990795,101476,7.38,7.37,5789,10509,-6916,13934
1204,FRO,2020-09-10,0 days 15:55:02.987028,99192,7.38,7.37,10189,9570,2284,-5616
1205,FRO,2020-09-10,0 days 15:57:14.992938,107811,7.37,7.36,17903,6769,-7181,5215
1206,FRO,2020-09-10,0 days 15:57:15.992663,104592,7.37,7.36,18803,6769,3788,-7181
1207,FRO,2020-09-10,0 days 15:59:01.997658,121032,7.35,7.34,13392,12352,-7,6693
1208,FRO,2020-09-10,0 days 15:59:03.996717,121039,7.35,7.34,14498,12346,2585,-7
1209,FSLY,2020-09-10,0 days 15:55:00.288581,86344,82.64,82.6,438,201,328,-23336
1210,FSLY,2020-09-10,0 days 15:59:20.290214,102085,82.39,82.36,100,511,-298,1731
1211,FSM,2020-09-10,0 days 15:57:06.118305,71940,7.15,7.14,16043,74693,-9689,2815
1212,FTCH,2020-09-10,0 days 15:59:11.252202,60642,25.97,25.94,1029,1712,-4454,1150
1213,FTCH,2020-09-10,0 days 15:59:12.251740,60304,25.97,25.94,629,1812,338,-4454
1214,FTCH,2020-09-10,0 days 15:59:39.253197,60642,25.97,25.96,1090,1312,-900,238
1215,FTCH,2020-09-10,0 days 15:59:46.253795,58161,25.95,25.93,1078,767,3547,-2900
1216,FTCH,2020-09-10,0 days 15:59:47.253076,61725,25.95,25.93,1178,567,-1930,3547
1217,FTCH,2020-09-10,0 days 15:59:50.258316,59482,25.94,25.9,1848,200,1325,-1153
1218,FTI,2020-09-10,0 days 15:59:40.248039,287634,6.89,6.88,40203,47773,15010,-490
1219,FTI,2020-09-10,0 days 15:59:41.246536,287244,6.89,6.88,20458,66713,-390,15010
1220,FTI,2020-09-10,0 days 15:59:44.246576,287634,6.89,6.88,17429,65761,2923,-477
1221,FTV,2020-09-10,0 days 15:59:00.249337,274136,76.59,76.57,2182,200,534,-2435
1222,FTV,2020-09-10,0 days 15:59:05.245723,275280,76.56,76.54,400,634,-4003,826
1223,FTV,2020-09-10,0 days 15:59:08.245547,279283,76.54,76.51,657,503,2484,-3516
1224,FTV,2020-09-10,0 days 15:59:09.245662,275867,76.54,76.52,509,500,-3416,2484
1225,FTV,2020-09-10,0 days 15:59:35.244715,281496,76.53,76.52,312,200,-1201,7199
1226,FTV,2020-09-10,0 days 15:59:46.246351,282703,76.51,76.49,587,1276,4213,-495
1227,FTV,2020-09-10,0 days 15:59:47.245828,281316,76.51,76.49,595,1043,-1387,4213
1228,GFI,2020-09-10,0 days 15:57:03.117497,268099,13.12,13.11,8933,23303,-39512,6713
1229,GFI,2020-09-10,0 days 15:57:04.117611,267411,13.12,13.11,10581,20126,688,-39512
1230,GFI,2020-09-10,0 days 15:57:41.118713,272185,13.11,13.1,7680,30356,-323,2477
1231,GFI,2020-09-10,0 days 15:57:42.117267,270708,13.11,13.1,6980,27956,1477,-323
