,Symbol,Timestamp,TIME,iPaired,Ask_P,Bid_P,Ask_S,Bid_S,iShares,PreviShares
0,ABT,2020-03-30,0 days 15:56:03.677950,838475,79.49,79.43,1818,1862,4755,-393338
1,ABT,2020-03-30,0 days 15:56:06.685726,843130,79.57,79.54,762,1222,-393338,4555
2,ABT,2020-03-30,0 days 15:56:13.701961,843230,79.52,79.48,397,600,-393142,4555
3,ACB,2020-03-30,0 days 15:51:10.977992,47110,0.9,0.89,12826,18200,-29371,13590
4,ACB,2020-03-30,0 days 15:51:46.062337,81281,0.89,0.88,4299,2697,13590,-5490
5,ACM,2020-03-30,0 days 15:59:17.155644,608317,29.14,29.08,300,101,-121967,318327
6,AES,2020-03-30,0 days 15:59:51.293204,939442,13.64,13.63,2365,7979,22784,-37025
7,ANF,2020-03-30,0 days 15:52:25.188948,79490,9.32,9.3,3047,600,-12615,18917
8,APLE,2020-03-30,0 days 15:54:59.544973,394709,8.76,8.75,1685,1300,-9603,10705
9,ARR,2020-03-30,0 days 15:52:38.185093,57999,9.55,9.53,582,800,-16278,1712
10,ARR,2020-03-30,0 days 15:54:36.467894,57983,9.58,9.57,500,300,-16394,1696
11,ARR,2020-03-30,0 days 15:54:56.515996,57983,9.57,9.55,200,1568,-16294,1696
12,AXTA,2020-03-30,0 days 15:59:51.576036,135470,18.07,18.06,1560,286,5348,-8397
13,AZN,2020-03-30,0 days 15:59:55.584662,119417,44.51,44.49,800,1000,4248,-2848
14,BA,2020-03-30,0 days 15:58:29.049033,494138,152.78,152.65,200,800,-538,12785
15,BA,2020-03-30,0 days 15:58:30.052130,491753,152.74,152.58,900,300,2385,-538
16,BA,2020-03-30,0 days 15:59:07.140185,494138,152.62,152.6,667,200,-5860,2663
17,BA,2020-03-30,0 days 15:59:13.154346,348200,152.66,152.6,200,195,145938,-3502
18,BA,2020-03-30,0 days 15:59:32.200314,494138,152.52,152.35,1700,150,-285,18130
19,BA,2020-03-30,0 days 15:59:33.201988,347336,152.34,152.33,559,693,146945,-285
20,BA,2020-03-30,0 days 15:59:54.253741,351891,152.39,152.29,740,249,142490,-14771
21,BA,2020-03-30,0 days 15:59:56.258240,494230,152.36,152.29,601,335,-14271,140839
22,BA,2020-03-30,0 days 16:00:00.267531,351491,152.33,152.3,27869,100,142890,-14120
23,BABA,2020-03-30,0 days 15:54:31.477360,525510,191.08,191.06,100,300,-8653,13408
24,BABA,2020-03-30,0 days 15:54:35.486304,532811,191.02,190.97,100,500,12570,-8653
25,BABA,2020-03-30,0 days 15:54:40.499728,525502,191.19,191.15,300,400,-8661,12033
26,BABA,2020-03-30,0 days 15:55:32.624258,534178,190.97,190.95,221,200,11203,-9205
27,BABA,2020-03-30,0 days 15:55:36.634926,525502,191.17,191.12,200,200,-10028,10666
28,BABA,2020-03-30,0 days 15:55:42.648122,525510,191.16,191.09,300,300,-10020,10666
29,BABA,2020-03-30,0 days 15:56:12.720315,535178,190.96,190.83,300,126,10203,-11020
30,BABA,2020-03-30,0 days 15:56:19.737183,525510,191.16,191.1,400,526,-14024,7823
31,BABA,2020-03-30,0 days 15:57:26.897489,525502,191.16,191.13,100,200,-15255,5976
32,BABA,2020-03-30,0 days 15:58:23.027527,544505,191.03,191.01,400,500,876,-19532
33,BABA,2020-03-30,0 days 15:58:25.031589,525510,191.09,191.08,116,400,-20347,876
34,BABA,2020-03-30,0 days 15:58:38.062061,545042,191.09,191.02,801,400,339,-19532
35,BABA,2020-03-30,0 days 15:59:17.154877,545381,190.93,190.91,179,716,-404,21812
36,BBL,2020-03-30,0 days 15:54:04.393343,13708,30.06,30.05,2305,2505,-863,437
37,BERY,2020-03-30,0 days 15:59:16.210288,409361,33.93,33.9,100,756,-73529,207066
38,BK,2020-03-30,0 days 15:59:51.239019,596310,33.99,33.98,235,828,16532,-12344
39,BKR,2020-03-30,0 days 15:59:56.248941,979986,10.98,10.94,4319,1988,528848,-2369
40,BMY,2020-03-30,0 days 15:59:51.246318,1254238,54.34,54.33,300,600,2467,-19604
41,BMY,2020-03-30,0 days 15:59:52.249650,1248704,54.38,54.35,200,1100,-5534,2467
42,BMY,2020-03-30,0 days 15:59:58.262768,1252104,54.38,54.35,500,5700,-2134,567
43,BRK.B,2020-03-30,0 days 16:00:00.235593,982008,183.36,183.31,1500,1763,-4519,7568
44,C,2020-03-30,0 days 16:00:00.596049,1504141,44.09,44.08,266289,57967,-3854,13766
45,CBL,2020-03-30,0 days 15:59:26.515843,116724,0.2,0.19,1400,12601,-1158,29053
46,CGC,2020-03-30,0 days 15:51:06.323218,14109,14.55,14.53,457,200,-4545,3364
47,CGC,2020-03-30,0 days 15:51:39.402345,18654,14.53,14.5,2017,700,3364,-2568
48,CI,2020-03-30,0 days 15:52:29.165075,401914,177.12,177.05,200,200,15867,-5538
49,CI,2020-03-30,0 days 15:52:32.174396,417781,177.47,177.14,100,100,-5438,12967
50,CL,2020-03-30,0 days 15:59:05.185064,509295,66.33,66.3,100,400,635,-7061
51,CL,2020-03-30,0 days 15:59:06.186722,502809,66.45,66.42,500,911,-7061,635
52,CLDR,2020-03-30,0 days 15:59:51.293326,130817,8.07,8.06,11050,11846,-9660,361
53,CLF,2020-03-30,0 days 15:57:17.514548,333420,3.68,3.67,8016,30643,-24410,47573
54,CNC,2020-03-30,0 days 15:58:03.961774,390073,57.35,57.34,200,100,2290,-1531
55,CNC,2020-03-30,0 days 15:58:04.963694,386342,57.46,57.36,295,200,-3731,2290
56,CNC,2020-03-30,0 days 15:59:58.232923,390073,57.69,57.66,100,2100,4110,-1796
57,CNK,2020-03-30,0 days 15:50:47.944191,103539,10.21,10.19,812,256,-12459,20245
58,CNK,2020-03-30,0 days 15:50:49.948149,83294,10.2,10.19,400,300,20245,-12459
59,CNK,2020-03-30,0 days 15:52:04.126519,83294,10.12,10.11,3582,700,25384,-7320
60,CNQ,2020-03-30,0 days 15:59:25.182640,212878,11.14,11.13,5405,18554,200,-682
61,COP,2020-03-30,0 days 15:50:00.833473,1080682,29.26,29.21,400,720,-254291,64999
62,COP,2020-03-30,0 days 15:50:01.833557,1019083,29.25,29.23,200,300,61599,-254291
63,COP,2020-03-30,0 days 15:50:09.855105,1080682,29.35,29.34,800,100,-280045,61599
64,COP,2020-03-30,0 days 15:50:13.861938,1019083,29.37,29.35,1611,800,61599,-280045
65,COP,2020-03-30,0 days 15:50:15.866588,1080682,29.37,29.33,2261,500,-280045,61599
66,COP,2020-03-30,0 days 15:50:34.912487,1019083,29.34,29.31,1543,926,61599,-276803
67,COP,2020-03-30,0 days 15:50:35.916347,1080682,29.32,29.31,1020,325,-276803,61599
68,COP,2020-03-30,0 days 15:50:36.917751,1019083,29.34,29.33,1832,100,61599,-276803
69,COP,2020-03-30,0 days 15:50:38.922214,1080682,29.32,29.29,1600,200,-276803,61599
70,COP,2020-03-30,0 days 15:50:51.952945,1080682,29.4,29.38,1000,400,-283045,61599
71,COP,2020-03-30,0 days 15:51:05.987675,1019921,29.41,29.39,400,500,60761,-287978
72,COP,2020-03-30,0 days 15:51:28.039144,1080682,29.39,29.38,1100,300,-287978,60761
73,COP,2020-03-30,0 days 15:51:51.095110,1080682,29.43,29.4,1856,300,-288044,60695
74,COP,2020-03-30,0 days 15:52:34.197035,1080682,29.37,29.36,100,333,-294534,58710
75,COP,2020-03-30,0 days 15:52:39.209247,1021972,29.36,29.35,500,200,58710,-294234
76,COP,2020-03-30,0 days 15:52:54.245381,1080682,29.37,29.35,300,657,-294234,58710
77,COP,2020-03-30,0 days 15:54:52.527838,1080682,29.43,29.41,1700,300,-307809,58710
78,COP,2020-03-30,0 days 15:55:00.547252,1025972,29.41,29.4,500,1302,54710,-311676
79,COP,2020-03-30,0 days 15:55:12.580795,1025972,29.43,29.42,1926,823,54710,-315676
80,COP,2020-03-30,0 days 15:55:51.670813,1080682,29.28,29.27,400,500,-295010,54710
81,COP,2020-03-30,0 days 15:55:53.675878,1025972,29.28,29.27,999,600,54710,-295010
82,COP,2020-03-30,0 days 15:55:57.685068,1080682,29.25,29.22,600,2335,-294710,54710
83,COP,2020-03-30,0 days 15:56:40.787860,1080682,29.4,29.38,200,1832,-334156,54610
84,COP,2020-03-30,0 days 15:57:33.910838,1080682,29.39,29.37,700,2749,-343621,50893
85,COP,2020-03-30,0 days 15:58:08.993469,1080682,29.32,29.3,400,500,-343391,42393
86,COP,2020-03-30,0 days 15:58:17.013372,1080682,29.29,29.27,500,1200,-321179,45310
87,COP,2020-03-30,0 days 15:59:47.228507,1038872,29.31,29.3,888,780,41810,-350550
88,COP,2020-03-30,0 days 15:59:57.252137,1080682,29.29,29.28,300,9395,-355023,41517
89,COP,2020-03-30,0 days 15:59:58.255389,1039165,29.29,29.28,502,8993,41517,-355023
90,CRM,2020-03-30,0 days 15:59:51.218116,433650,149.71,149.69,200,740,-336,2455
91,CVS,2020-03-30,0 days 15:57:30.886015,800135,59.88,59.87,2600,125,-8656,3036
92,CVS,2020-03-30,0 days 15:58:15.989124,802656,59.71,59.69,200,800,-4219,2081
93,CVS,2020-03-30,0 days 15:58:58.089055,800986,59.68,59.67,396,204,1670,-11638
94,CVS,2020-03-30,0 days 15:59:11.120059,802756,59.69,59.65,200,414,-4530,1670
95,CVS,2020-03-30,0 days 15:59:12.123047,800986,59.65,59.62,200,500,1670,-4530
96,D,2020-03-30,0 days 15:57:38.562777,693498,77.21,77.15,5239,300,-4906,1207
97,D,2020-03-30,0 days 15:57:46.583573,686891,77.16,77.12,301,195,6607,-4906
98,DD,2020-03-30,0 days 15:58:04.039346,939973,33.62,33.61,100,800,10401,-7704
99,DD,2020-03-30,0 days 15:58:06.043609,940669,33.64,33.63,300,1100,-4,4896
100,DD,2020-03-30,0 days 15:58:09.050637,939773,33.63,33.58,200,290,14201,-4
101,DD,2020-03-30,0 days 15:59:33.250205,940773,33.64,33.62,8100,200,6193,-907
102,DD,2020-03-30,0 days 15:59:38.262174,939973,33.62,33.59,100,200,16698,-907
103,DIS,2020-03-30,0 days 15:59:55.225358,1589355,99.94,99.82,753,100,-5753,13898
104,DIS,2020-03-30,0 days 15:59:56.228007,1541453,99.89,99.77,600,140,48081,-5753
105,DLR,2020-03-30,0 days 15:50:01.836883,403509,140.08,140.04,100,100,-556,4345
106,DLR,2020-03-30,0 days 15:52:40.216046,399164,140.02,139.66,200,100,4345,-556
107,DLR,2020-03-30,0 days 15:54:14.443053,403509,140.24,140.08,100,414,-556,4345
108,DLR,2020-03-30,0 days 15:54:31.477655,399164,140.04,139.78,100,300,4345,-556
109,DLR,2020-03-30,0 days 15:54:32.480565,403509,140.06,139.79,400,130,-556,4345
110,DLR,2020-03-30,0 days 15:54:33.482290,399164,140.05,139.78,100,500,4345,-556
111,DLR,2020-03-30,0 days 15:54:53.530132,403509,140.06,139.97,300,500,-556,4345
112,DLR,2020-03-30,0 days 15:54:58.543689,399164,140.06,139.66,371,175,4345,-556
113,DLR,2020-03-30,0 days 15:55:22.601671,399164,140.05,139.75,140,200,4345,-556
114,DLR,2020-03-30,0 days 15:56:38.784332,399164,140.04,139.81,200,100,4345,-220
115,DLR,2020-03-30,0 days 15:59:00.119908,399164,139.95,139.86,200,200,4345,-516
116,DLR,2020-03-30,0 days 15:59:11.142984,403509,140.15,140.0,100,450,-1017,4345
117,DLR,2020-03-30,0 days 15:59:16.155386,399164,139.95,139.7,100,100,4345,-180
118,DLR,2020-03-30,0 days 15:59:28.182014,403549,140.18,139.95,100,100,-516,4345
119,DNR,2020-03-30,0 days 15:56:25.730943,339594,0.21,0.2,154767,1520,-161082,2219
120,DNR,2020-03-30,0 days 15:59:27.159415,339594,0.21,0.2,185336,2400,-161082,2219
121,DNR,2020-03-30,0 days 15:59:28.161858,337375,0.21,0.2,185336,2402,2219,-161082
122,DNR,2020-03-30,0 days 15:59:47.206985,337375,0.21,0.2,195890,400,2219,-161082
123,DNR,2020-03-30,0 days 15:59:49.212159,339594,0.21,0.19,195890,227600,-161082,2219
124,DRI,2020-03-30,0 days 15:59:10.477591,225982,57.07,57.04,1900,210,1489,-67485
125,DRI,2020-03-30,0 days 15:59:11.479473,228022,57.08,57.04,3400,255,-67857,1489
126,DRI,2020-03-30,0 days 15:59:21.503657,226956,57.1,57.08,1659,100,-69023,923
127,DRI,2020-03-30,0 days 15:59:27.518118,226956,57.13,57.1,960,100,-69123,423
128,DRI,2020-03-30,0 days 15:59:28.520531,225982,57.1,57.09,5000,1007,423,-69123
129,DRI,2020-03-30,0 days 15:59:46.562148,225982,57.11,57.1,402,323,2829,-66617
130,DRI,2020-03-30,0 days 15:59:47.564128,229362,57.11,57.09,200,100,-66617,2829
131,DUK,2020-03-30,0 days 15:57:48.946057,808597,83.55,83.53,1500,200,4149,-51
132,DUK,2020-03-30,0 days 15:57:49.947688,808546,83.55,83.53,1494,200,-51,4149
133,DUK,2020-03-30,0 days 15:57:51.952501,809497,83.52,83.47,800,500,3249,-51
134,DUK,2020-03-30,0 days 15:58:02.981517,809497,83.56,83.52,100,100,869,-13677
135,DUK,2020-03-30,0 days 15:58:05.987418,798666,83.66,83.58,100,300,-10031,11169
136,DUK,2020-03-30,0 days 15:58:10.999166,809497,83.61,83.57,300,400,6969,-12131
137,DUK,2020-03-30,0 days 15:58:12.002200,805666,83.61,83.57,700,400,-3031,6969
138,DUK,2020-03-30,0 days 15:58:13.003198,809597,83.6,83.57,100,400,6869,-3031
139,EC,2020-03-30,0 days 15:54:56.593638,13782,9.21,9.17,400,4225,-2261,1257
140,EC,2020-03-30,0 days 15:55:08.625063,12525,9.18,9.17,1117,1600,1257,-2261
141,EC,2020-03-30,0 days 15:55:10.628303,13882,9.15,9.12,500,1710,-2161,1257
142,EC,2020-03-30,0 days 15:55:24.661746,12525,9.11,9.1,900,231,1257,-2161
143,EDU,2020-03-30,0 days 15:52:07.772185,111224,109.14,109.03,700,100,537,-2577
144,EOG,2020-03-30,0 days 15:54:04.413442,1574235,35.22,35.2,100,300,-1252,174419
145,EOG,2020-03-30,0 days 15:55:01.549179,1403816,35.15,35.13,500,100,171536,-104
146,EOG,2020-03-30,0 days 15:55:42.648990,1575352,35.1,35.08,255,600,-2858,168816
147,EOG,2020-03-30,0 days 15:55:44.655272,1406836,35.1,35.09,100,740,168516,-2858
148,EOG,2020-03-30,0 days 15:56:25.752856,1575352,35.14,35.08,400,500,-5258,168816
149,EOG,2020-03-30,0 days 15:56:26.754418,1406836,35.14,35.1,515,500,168516,-5258
150,EOG,2020-03-30,0 days 15:56:39.785982,1575086,35.18,35.14,1420,790,-6224,167816
151,EOG,2020-03-30,0 days 15:56:49.809762,1574235,35.26,35.2,500,1328,-11572,166699
152,EOG,2020-03-30,0 days 15:56:51.814416,1408636,35.35,35.32,100,300,165599,-13272
153,EOG,2020-03-30,0 days 15:56:56.826546,1574235,35.2,35.1,832,200,-7175,166699
154,EOG,2020-03-30,0 days 15:57:02.841732,1407388,35.1,35.06,600,400,167964,-7410
155,EOG,2020-03-30,0 days 15:57:14.869551,1574235,35.25,35.19,700,400,-8663,166062
156,EOG,2020-03-30,0 days 15:57:22.888556,1408524,35.12,35.09,720,361,166828,-7646
157,EOG,2020-03-30,0 days 15:57:44.935814,1575086,35.19,35.15,600,660,-35576,162798
158,EOG,2020-03-30,0 days 15:57:45.938361,1412288,35.23,35.19,200,300,161947,-35576
159,EOG,2020-03-30,0 days 15:58:13.003141,1409288,35.07,35.05,408,399,166064,-4613
160,EOG,2020-03-30,0 days 15:58:14.005506,1575352,35.07,35.05,108,399,-9110,166064
161,EOG,2020-03-30,0 days 15:58:16.010912,1409688,35.06,35.03,500,100,165664,-4613
162,EOG,2020-03-30,0 days 15:58:18.014795,1575352,34.99,34.96,300,1000,-3113,166364
163,EOG,2020-03-30,0 days 15:58:24.029827,1575352,35.06,35.0,300,1400,-3513,164964
164,EOG,2020-03-30,0 days 15:58:33.051120,1575352,35.0,34.94,300,1822,-3213,170464
165,EOG,2020-03-30,0 days 15:58:34.053327,1408988,34.99,34.95,300,400,170464,-3213
166,EOG,2020-03-30,0 days 15:58:36.058377,1575352,34.99,34.97,200,200,-3113,166364
167,EOG,2020-03-30,0 days 15:58:39.065523,1409688,35.05,35.03,198,560,165664,-3413
168,EOG,2020-03-30,0 days 15:58:43.074509,1575352,35.06,35.04,300,1003,-5013,165664
169,EOG,2020-03-30,0 days 15:59:00.118435,1575352,35.12,35.08,500,200,-12910,163664
170,EOG,2020-03-30,0 days 15:59:10.141164,1411988,35.11,35.09,200,410,163364,-10110
171,EOG,2020-03-30,0 days 15:59:15.151966,1575352,35.08,35.04,398,667,-9532,165264
172,EOG,2020-03-30,0 days 15:59:17.155644,1411688,35.08,35.07,798,200,163664,-9532
173,EOG,2020-03-30,0 days 15:59:20.163127,1575352,35.07,35.04,630,566,-9532,164264
174,EOG,2020-03-30,0 days 15:59:48.231177,1416896,35.0,34.99,928,310,158456,-2546
175,ET,2020-03-30,0 days 15:58:39.402605,145058,4.56,4.55,19478,12286,-17647,13283
176,FHN,2020-03-30,0 days 16:00:00.313656,272884,8.44,8.43,56451,6504,-9186,5087
177,FL,2020-03-30,0 days 15:50:37.921304,144257,22.55,22.53,800,200,-1050,7026
178,FL,2020-03-30,0 days 15:50:40.927556,145107,22.5,22.46,400,400,56,-450
179,FL,2020-03-30,0 days 15:50:49.948149,144257,22.52,22.48,300,300,-450,56
180,FL,2020-03-30,0 days 15:50:50.951156,136631,22.53,22.52,496,400,7626,-450
181,FL,2020-03-30,0 days 15:51:03.981650,144257,22.55,22.5,800,500,-650,7026
182,FL,2020-03-30,0 days 15:51:09.995675,145107,22.48,22.46,500,100,56,-450
183,FL,2020-03-30,0 days 15:51:18.015419,144257,22.51,22.5,100,500,-650,7026
184,FL,2020-03-30,0 days 15:52:29.185369,137231,22.55,22.54,400,400,7026,-450
185,FL,2020-03-30,0 days 15:52:54.245381,144257,22.57,22.56,300,100,-1050,5826
186,FL,2020-03-30,0 days 15:53:16.299172,145107,22.48,22.44,721,500,56,-450
187,FL,2020-03-30,0 days 15:53:53.387488,144257,22.57,22.55,300,300,-1050,56
188,FL,2020-03-30,0 days 15:54:23.458704,144257,22.5,22.48,302,100,-450,8126
189,FL,2020-03-30,0 days 15:54:37.491712,144257,22.63,22.61,301,300,-2050,3326
190,FL,2020-03-30,0 days 15:55:29.618020,144257,22.57,22.56,952,300,-1250,3826
191,FL,2020-03-30,0 days 15:55:45.656419,138831,22.59,22.58,200,600,5426,-1250
192,FL,2020-03-30,0 days 15:55:48.665650,144257,22.57,22.54,300,400,-1050,5426
193,FL,2020-03-30,0 days 15:56:15.728752,144257,22.56,22.52,400,500,-1050,6026
194,FL,2020-03-30,0 days 15:56:58.832021,144257,22.54,22.51,500,937,-650,7026
195,FL,2020-03-30,0 days 15:57:09.857511,144807,22.49,22.45,500,400,356,-450
196,FL,2020-03-30,0 days 15:57:13.867096,144257,22.51,22.48,300,600,-450,356
197,FL,2020-03-30,0 days 15:57:18.878907,136431,22.51,22.5,400,300,7826,-450
198,FL,2020-03-30,0 days 15:57:19.882631,144257,22.51,22.48,800,600,-450,7826
199,FL,2020-03-30,0 days 15:57:24.893397,136131,22.51,22.49,700,100,8126,-450
200,FL,2020-03-30,0 days 15:57:25.895617,144257,22.5,22.48,400,300,-450,8126
201,G,2020-03-30,0 days 15:59:56.248814,117739,28.54,28.5,100,97112,716,-784
202,GE,2020-03-30,0 days 15:57:31.886796,3930039,7.91,7.9,102943,32533,105797,-8203
203,GLW,2020-03-30,0 days 15:57:47.585110,445747,21.39,21.38,6492,500,12436,-2371
204,GME,2020-03-30,0 days 15:58:05.965243,90131,3.66,3.65,52631,3795,-2315,8785
205,GPK,2020-03-30,0 days 15:59:51.218380,159933,12.32,12.31,8868,10182,-892,73
206,HCA,2020-03-30,0 days 15:50:39.936643,180705,92.26,92.16,200,500,778,-122
207,HD,2020-03-30,0 days 15:53:34.327535,1163335,195.67,195.55,100,400,7640,-4112
208,HD,2020-03-30,0 days 15:53:42.344859,1170945,195.8,195.73,200,100,-3812,7840
209,HD,2020-03-30,0 days 15:53:54.373623,1163335,195.65,195.51,101,200,8840,-2312
210,HD,2020-03-30,0 days 15:53:57.380399,1172245,195.77,195.69,100,500,-2512,8840
211,HD,2020-03-30,0 days 15:54:21.432922,1163335,195.67,195.53,100,100,9140,-2412
212,HD,2020-03-30,0 days 15:54:26.444008,1172245,195.85,195.75,100,300,-2512,8840
213,HD,2020-03-30,0 days 15:56:49.788982,1163335,195.73,195.62,300,316,10904,-448
214,HD,2020-03-30,0 days 15:56:51.793453,1174309,195.73,195.67,100,100,-448,10904
215,HD,2020-03-30,0 days 15:56:55.803188,1163335,195.67,195.62,1600,101,11105,-148
216,HES,2020-03-30,0 days 15:58:07.990477,631406,32.32,32.31,100,525,-5254,16378
217,HES,2020-03-30,0 days 15:58:25.032048,631406,32.38,32.33,300,400,-5854,16678
218,HES,2020-03-30,0 days 15:58:30.043833,598028,32.13,32.1,1100,100,36378,-11454
219,HES,2020-03-30,0 days 15:58:46.081601,631406,32.4,32.33,500,1480,-16647,256319
220,HES,2020-03-30,0 days 15:58:51.093539,375087,32.46,32.45,346,100,256319,-40316
221,HES,2020-03-30,0 days 15:59:12.145248,378587,32.25,32.23,907,100,255819,-455
222,HES,2020-03-30,0 days 15:59:25.174931,634406,32.25,32.23,400,309,-4930,255375
223,HES,2020-03-30,0 days 15:59:26.177733,379031,32.28,32.26,199,688,255375,-4930
224,JCP,2020-03-30,0 days 15:59:20.800808,84888,0.37,0.36,102726,300,-44116,27648
225,JCP,2020-03-30,0 days 15:59:59.895203,124004,0.37,0.36,61986,37192,27648,-44116
226,JNJ,2020-03-30,0 days 15:59:41.222778,1445052,133.32,133.22,700,700,-10279,9663
227,JNJ,2020-03-30,0 days 15:59:43.226809,1437846,133.18,133.15,632,200,7206,-8746
228,JNPR,2020-03-30,0 days 15:58:01.613554,298955,20.26,20.25,720,1747,166,-220
229,JNPR,2020-03-30,0 days 15:59:41.850756,299121,20.29,20.28,800,1300,-220,166
230,JPM,2020-03-30,0 days 15:57:33.246570,1589550,93.76,93.75,439,133,19174,-6926
231,JWN,2020-03-30,0 days 15:51:17.653454,197911,15.87,15.84,289,627,-1577,79638
232,JWN,2020-03-30,0 days 15:52:55.887067,197911,15.84,15.83,1010,300,-8877,71038
233,JWN,2020-03-30,0 days 15:52:56.889375,126173,15.87,15.85,301,400,71738,-8877
234,JWN,2020-03-30,0 days 15:52:57.892119,197911,15.87,15.85,1400,700,-9877,71738
235,JWN,2020-03-30,0 days 15:53:14.932719,125373,15.83,15.81,900,1200,74736,-6255
236,JWN,2020-03-30,0 days 15:53:16.937638,200109,15.8,15.79,400,700,-6255,74736
237,JWN,2020-03-30,0 days 15:54:17.081169,200109,15.75,15.74,100,3110,-4753,74736
238,JWN,2020-03-30,0 days 15:55:01.187106,128573,15.76,15.75,308,200,74836,-8753
239,K,2020-03-30,0 days 15:59:51.575895,249331,60.95,60.88,100,100,-766,7110
240,KBH,2020-03-30,0 days 15:57:02.895997,137052,18.37,18.34,500,300,-7443,528
241,KR,2020-03-30,0 days 15:57:59.951659,765809,29.65,29.64,1313,2600,8310,-30890
242,KR,2020-03-30,0 days 15:58:06.968504,760419,29.68,29.67,3175,200,-5390,17610
243,KR,2020-03-30,0 days 15:58:07.970897,765809,29.66,29.65,1800,900,8110,-5390
244,KR,2020-03-30,0 days 15:59:16.133900,765809,29.69,29.68,1186,2715,397,-5990
245,KSS,2020-03-30,0 days 15:51:12.012893,229833,16.2,16.18,700,696,-20188,71838
246,KSS,2020-03-30,0 days 15:51:36.073242,175937,16.15,16.14,300,200,71938,-946
247,KSS,2020-03-30,0 days 15:51:41.082974,175937,16.14,16.12,500,600,71938,-946
248,KSS,2020-03-30,0 days 15:51:42.085067,247775,16.16,16.14,425,400,-1046,71938
249,KSS,2020-03-30,0 days 15:52:12.157129,247875,16.11,16.1,200,800,-10839,62045
250,KSS,2020-03-30,0 days 15:52:25.188948,247875,16.11,16.1,241,100,-11639,61945
251,KSS,2020-03-30,0 days 15:52:26.191291,187571,16.13,16.12,100,700,60304,-11639
252,KSS,2020-03-30,0 days 15:52:49.245788,189642,16.12,16.11,200,200,58233,-12580
253,KSS,2020-03-30,0 days 15:53:03.279679,247875,16.09,16.07,800,600,-17209,55675
254,KSS,2020-03-30,0 days 15:54:53.542985,192200,16.08,16.07,200,300,55675,-14296
255,LB,2020-03-30,0 days 15:51:24.008529,422679,11.75,11.72,1300,900,-3191,131910
256,LB,2020-03-30,0 days 15:51:25.011983,298847,11.75,11.74,625,100,123832,-3191
257,LB,2020-03-30,0 days 15:52:13.124795,311865,11.84,11.83,2425,100,110013,-22764
258,LB,2020-03-30,0 days 15:52:25.154081,422679,11.73,11.71,300,1037,-13825,113632
259,LB,2020-03-30,0 days 15:52:26.157422,307247,11.73,11.72,400,1300,115432,-13825
260,LB,2020-03-30,0 days 15:53:21.287749,421878,11.9,11.88,400,1100,-33838,98214
261,LB,2020-03-30,0 days 15:53:27.304449,421878,11.88,11.86,100,800,-34186,98214
262,LB,2020-03-30,0 days 15:53:31.313524,421878,11.9,11.88,400,300,-34186,97866
263,LB,2020-03-30,0 days 15:54:37.471168,422679,11.73,11.71,1000,200,-17647,108210
264,LB,2020-03-30,0 days 15:54:38.472387,312669,11.71,11.7,400,500,110010,-17647
265,LEN,2020-03-30,0 days 15:50:02.814402,321852,40.12,40.08,100,300,-340,766
266,LEN,2020-03-30,0 days 15:50:03.817748,321086,40.1,40.0,200,100,766,-340
267,LEN,2020-03-30,0 days 15:50:06.823870,321852,40.12,40.09,100,200,-340,766
268,LEN,2020-03-30,0 days 15:52:41.192433,321086,40.1,40.03,200,200,766,-440
269,LEN,2020-03-30,0 days 15:52:44.199483,321852,40.22,40.13,400,200,-640,766
270,LEN,2020-03-30,0 days 15:53:36.323850,321086,40.14,40.08,200,100,766,-440
271,LEN,2020-03-30,0 days 15:53:42.338933,321852,40.16,40.1,200,200,-340,766
272,LEN,2020-03-30,0 days 15:58:13.986204,321086,40.11,40.07,400,300,766,-330
273,LEN,2020-03-30,0 days 15:58:27.015982,321962,40.15,40.08,500,390,-230,766
274,LEN,2020-03-30,0 days 15:58:34.032931,321086,40.08,40.07,400,300,766,-230
275,LVS,2020-03-30,0 days 15:50:03.476671,366188,43.51,43.5,1855,200,-3087,71974
276,LVS,2020-03-30,0 days 15:50:15.504673,366188,43.71,43.66,300,300,-9863,64323
277,LVS,2020-03-30,0 days 15:50:29.537583,301865,43.72,43.7,318,104,64323,-12903
278,LVS,2020-03-30,0 days 15:50:30.541718,366188,43.67,43.61,300,400,-9863,64323
279,LVS,2020-03-30,0 days 15:50:33.547890,301865,43.72,43.67,100,400,64323,-9863
280,LVS,2020-03-30,0 days 15:50:36.556527,366188,43.76,43.71,200,200,-9863,64323
281,LVS,2020-03-30,0 days 15:51:47.724671,302214,43.68,43.67,400,100,63974,-10253
282,LVS,2020-03-30,0 days 15:51:49.725940,366188,43.71,43.67,653,100,-10253,63974
283,LVS,2020-03-30,0 days 15:51:50.728765,302214,43.71,43.67,353,100,63974,-10253
284,LVS,2020-03-30,0 days 15:51:52.735918,366188,43.67,43.63,400,100,-10253,63974
285,LVS,2020-03-30,0 days 15:52:29.824351,302114,43.45,43.41,300,200,64074,-4088
286,LVS,2020-03-30,0 days 15:52:32.834880,366188,43.49,43.44,100,400,-4088,64074
287,LVS,2020-03-30,0 days 15:52:35.839898,302114,43.54,43.5,300,300,64074,-4088
288,LVS,2020-03-30,0 days 15:52:51.878088,366188,43.47,43.4,366,200,-4088,64074
289,LVS,2020-03-30,0 days 15:52:55.887027,368228,43.41,43.4,400,100,3723,-1588
290,LVS,2020-03-30,0 days 15:52:57.889324,366188,43.44,43.4,400,500,-1588,3723
291,LVS,2020-03-30,0 days 15:53:02.904549,368228,43.38,43.35,200,200,3723,-1588
292,LVS,2020-03-30,0 days 15:53:46.006653,366188,43.44,43.38,100,705,-1588,69837
293,LVS,2020-03-30,0 days 15:53:48.009020,302114,43.44,43.38,306,589,69837,-1588
294,LVS,2020-03-30,0 days 15:53:49.014776,366188,43.44,43.4,200,400,-4088,69837
295,LVS,2020-03-30,0 days 15:53:53.020849,302114,43.42,43.38,300,200,69837,-4088
296,LVS,2020-03-30,0 days 15:54:02.045249,366188,43.5,43.48,100,400,-4088,64074
297,LVS,2020-03-30,0 days 15:54:12.067723,302114,43.52,43.51,100,400,64074,-4088
298,LVS,2020-03-30,0 days 15:54:14.074878,366188,43.52,43.49,567,100,-4088,64074
299,LVS,2020-03-30,0 days 15:54:21.091387,366188,43.53,43.5,653,100,-6481,64074
300,LVS,2020-03-30,0 days 15:54:40.136014,302114,43.6,43.59,200,400,64074,-9321
301,LVS,2020-03-30,0 days 15:55:07.201429,366188,43.58,43.56,300,300,-13321,60074
302,LVS,2020-03-30,0 days 15:55:18.229764,306114,43.37,43.35,400,200,65837,-10481
303,LVS,2020-03-30,0 days 15:55:24.242505,371951,43.45,43.38,100,200,-882,60074
304,LVS,2020-03-30,0 days 15:55:38.275885,371951,43.39,43.36,200,197,-3241,60074
305,LVS,2020-03-30,0 days 15:55:41.283288,306114,43.4,43.37,100,400,65837,-3241
306,LVS,2020-03-30,0 days 15:55:48.300652,306114,43.33,43.29,500,200,65837,-3241
307,LVS,2020-03-30,0 days 15:55:52.308882,371951,43.3,43.26,200,400,-3241,65837
308,LVS,2020-03-30,0 days 15:56:29.399365,366188,43.42,43.39,305,100,-12214,60074
309,LVS,2020-03-30,0 days 15:56:34.407010,306114,43.34,43.28,200,124,65837,-6451
310,LVS,2020-03-30,0 days 15:56:37.416983,371951,43.42,43.3,300,200,-6451,65837
311,LVS,2020-03-30,0 days 15:56:49.447394,371951,43.47,43.37,200,300,-6451,65837
312,LVS,2020-03-30,0 days 15:56:50.448858,306114,43.47,43.41,300,400,65837,-6451
313,LVS,2020-03-30,0 days 15:57:09.490856,366188,43.47,43.44,100,200,-17350,58774
314,LVS,2020-03-30,0 days 15:57:36.557933,366188,43.45,43.41,600,100,-18964,57160
315,LVS,2020-03-30,0 days 15:57:41.569852,309028,43.46,43.35,300,300,62923,-9365
316,LVS,2020-03-30,0 days 15:58:11.636382,371951,43.39,43.36,643,400,-9865,62923
317,LVS,2020-03-30,0 days 15:58:13.640410,309028,43.36,43.34,399,400,62923,-9275
318,LVS,2020-03-30,0 days 15:58:16.647520,366188,43.42,43.37,169,100,-18464,62923
319,LVS,2020-03-30,0 days 15:58:24.666427,309028,43.4,43.35,300,300,62923,-9865
320,LVS,2020-03-30,0 days 15:58:25.669054,371951,43.39,43.35,261,400,-9865,62923
321,LVS,2020-03-30,0 days 15:58:28.677826,309028,43.49,43.41,400,290,62923,-9865
322,LVS,2020-03-30,0 days 15:58:29.679022,371951,43.47,43.37,100,100,-9865,62923
323,LVS,2020-03-30,0 days 15:58:46.719178,309028,43.44,43.43,501,192,57160,-24345
324,LVS,2020-03-30,0 days 15:58:56.743018,366188,43.49,43.43,921,600,-24345,57160
325,LVS,2020-03-30,0 days 15:59:13.785087,372041,43.32,43.31,300,772,-13656,59423
326,LVS,2020-03-30,0 days 15:59:14.786723,312528,43.33,43.32,800,100,59423,-13656
327,LVS,2020-03-30,0 days 15:59:15.789229,372041,43.37,43.36,338,400,-14156,59423
328,LVS,2020-03-30,0 days 15:59:28.820617,366188,43.48,43.46,418,100,-30045,53660
329,LVS,2020-03-30,0 days 15:59:31.827935,366188,43.49,43.47,400,300,-31845,53660
330,LVS,2020-03-30,0 days 15:59:38.844027,312528,43.46,43.45,820,123,53660,-30045
331,LVS,2020-03-30,0 days 15:59:58.892345,317746,43.52,43.48,115,1673,48442,-44934
332,MAS,2020-03-30,0 days 15:52:23.170976,215765,35.12,35.11,1300,200,23571,-24196
333,MAS,2020-03-30,0 days 15:52:36.203511,243603,35.18,35.15,1064,700,-24196,23571
334,MAS,2020-03-30,0 days 15:52:48.232365,243603,35.16,35.14,1000,804,-25214,23571
335,MAS,2020-03-30,0 days 15:52:52.242497,215765,35.12,35.1,600,300,23571,-24196
336,MAS,2020-03-30,0 days 15:54:21.453754,216782,35.14,35.13,800,200,25391,-25214
337,MAS,2020-03-30,0 days 15:54:35.487101,246440,35.17,35.16,700,1600,-23394,25391
338,MAS,2020-03-30,0 days 15:59:12.145379,270851,35.24,35.21,274,5946,862,-1856
339,MAS,2020-03-30,0 days 16:00:00.259456,280035,35.28,35.27,300,32581,2862,-52378
340,MCD,2020-03-30,0 days 15:59:54.245760,845740,168.34,168.02,702,600,-9370,2639
341,MCD,2020-03-30,0 days 15:59:58.254009,840927,168.16,168.02,428,600,6013,-1026
342,MDT,2020-03-30,0 days 15:57:47.924148,958247,92.08,92.0,200,100,3963,-3055
343,MITT,2020-03-30,0 days 15:57:34.556650,77379,2.76,2.75,100,5174,-201,4956
344,MO,2020-03-30,0 days 15:57:31.546695,5126245,37.27,37.26,1082,3484,108196,-51604
345,MPC,2020-03-30,0 days 15:50:23.524730,1312253,24.6,24.58,200,300,-258542,121548
346,MPC,2020-03-30,0 days 15:52:20.802788,1312053,24.64,24.62,300,300,-258942,115748
347,MPC,2020-03-30,0 days 15:53:47.009434,1312253,24.6,24.57,602,1194,-246291,121648
348,MPC,2020-03-30,0 days 15:53:48.012140,1190605,24.6,24.59,300,300,121648,-246291
349,MPC,2020-03-30,0 days 15:54:16.079209,1312053,24.66,24.63,1300,560,-258842,121448
350,MPC,2020-03-30,0 days 15:55:12.215486,1312253,24.54,24.53,500,100,-241607,121648
351,MPC,2020-03-30,0 days 15:55:39.278494,1312353,24.37,24.36,1400,1200,-192263,132648
352,MPC,2020-03-30,0 days 15:55:59.326624,1312353,24.37,24.35,100,600,-192263,132748
353,MPC,2020-03-30,0 days 15:56:13.359748,1179605,24.4,24.39,400,600,132648,-192363
354,MPC,2020-03-30,0 days 15:56:15.364588,1312353,24.39,24.36,400,500,-192263,132648
355,MPC,2020-03-30,0 days 15:56:39.423357,1185105,24.47,24.44,880,400,127148,-192363
356,MPC,2020-03-30,0 days 15:57:08.491497,1312253,24.47,24.46,100,2928,-214798,127148
357,MPC,2020-03-30,0 days 15:57:22.525234,1185105,24.51,24.5,500,400,127148,-214798
358,MPC,2020-03-30,0 days 15:57:35.556447,1312253,24.47,24.43,300,400,-212348,127148
359,MPC,2020-03-30,0 days 15:57:36.558024,1185105,24.47,24.45,300,500,127148,-212348
360,MPC,2020-03-30,0 days 15:57:39.565012,1185105,24.48,24.47,1403,100,127148,-212348
361,MPC,2020-03-30,0 days 15:57:47.585078,1312253,24.5,24.47,200,100,-214798,127148
362,MPC,2020-03-30,0 days 15:57:53.597976,1185105,24.48,24.47,300,400,127148,-214798
363,MPC,2020-03-30,0 days 15:57:57.604180,1312253,24.49,24.46,1400,300,-214798,127148
364,MPC,2020-03-30,0 days 15:58:05.623314,1179605,24.42,24.41,300,236,132648,-192363
365,MPC,2020-03-30,0 days 15:58:09.630823,1312253,24.42,24.38,407,1532,-192363,132648
366,MPC,2020-03-30,0 days 15:58:32.685386,1179605,24.39,24.38,310,100,132648,-192103
367,MPC,2020-03-30,0 days 15:58:44.714271,1179605,24.39,24.38,800,200,132648,-192203
368,MPC,2020-03-30,0 days 15:58:58.748280,1179605,24.4,24.39,482,100,132648,-200313
369,MPC,2020-03-30,0 days 15:59:02.758768,1179605,24.39,24.38,700,1000,132648,-192203
370,MPC,2020-03-30,0 days 15:59:05.766184,1312253,24.53,24.5,953,600,-223756,127148
371,MPC,2020-03-30,0 days 15:59:15.789410,1312413,24.42,24.4,853,900,-192203,127148
372,MPC,2020-03-30,0 days 15:59:36.839619,1179605,24.32,24.31,100,241,132948,-191583
373,MPC,2020-03-30,0 days 15:59:45.860451,1313033,24.31,24.29,550,500,-191583,132948
374,MPC,2020-03-30,0 days 15:59:48.867869,1313033,24.31,24.29,200,300,-191583,132948
375,MPC,2020-03-30,0 days 15:59:56.886958,1179605,24.32,24.31,2035,321,132948,-191583
376,MRK,2020-03-30,0 days 15:58:01.957132,1631844,76.91,76.89,940,294,8220,-3645
377,MRK,2020-03-30,0 days 15:59:39.187959,1611428,76.97,76.96,340,1100,-25016,33184
378,MRK,2020-03-30,0 days 15:59:51.218116,1635308,76.98,76.92,100,900,13810,-1381
379,MS,2020-03-30,0 days 15:54:56.873788,828582,34.93,34.92,1500,590,-891,1309
380,MS,2020-03-30,0 days 15:58:02.315756,831387,34.81,34.8,2201,200,4165,-2705
381,MS,2020-03-30,0 days 15:58:06.324915,828682,34.86,34.85,500,500,-2705,4836
382,MS,2020-03-30,0 days 15:58:09.331644,830716,34.77,34.76,1443,1000,4836,-2705
383,MS,2020-03-30,0 days 15:59:25.513423,828682,34.84,34.83,2300,400,-5063,1807
384,NE,2020-03-30,0 days 15:59:15.131346,147115,0.25,0.24,52400,29003,-29848,119394
385,NEM,2020-03-30,0 days 15:57:35.923108,1133669,46.42,46.41,216,1561,2627,-7050
386,NEM,2020-03-30,0 days 15:57:37.928292,1134779,46.51,46.5,400,300,-41,7136
387,NKE,2020-03-30,0 days 15:58:02.962100,1274364,85.15,85.11,598,100,16179,-3978
388,NKE,2020-03-30,0 days 15:59:58.233314,1279563,85.35,85.29,153,100,10980,-4554
389,NKE,2020-03-30,0 days 15:59:59.235836,1293195,85.38,85.29,5945,100,-4554,10980
390,NLY,2020-03-30,0 days 15:59:54.245823,1152267,5.68,5.67,40320,20286,5634,-1645
391,NVTA,2020-03-30,0 days 15:59:39.208782,38410,14.16,14.15,2153,200,30608,-18072
392,NVTA,2020-03-30,0 days 15:59:44.220955,69018,14.21,14.16,300,782,-21872,26808
393,OKE,2020-03-30,0 days 15:50:05.848924,828130,20.04,20.01,350,400,-79956,165802
394,OKE,2020-03-30,0 days 15:50:06.849072,667609,20.06,20.03,400,400,160521,-79956
395,OKE,2020-03-30,0 days 15:50:10.858696,829911,19.99,19.97,100,100,-74175,160521
396,OKE,2020-03-30,0 days 15:51:14.010105,828130,20.04,20.03,100,200,-84084,165802
397,OKE,2020-03-30,0 days 15:51:17.016129,667609,20.04,20.03,718,1302,160521,-84084
398,OKE,2020-03-30,0 days 15:51:18.020523,828130,20.03,19.97,300,100,-82384,160521
399,OKE,2020-03-30,0 days 15:51:27.041224,663909,19.99,19.98,700,100,167866,-67459
400,OKE,2020-03-30,0 days 15:51:33.055524,829911,19.99,19.97,300,700,-70723,165802
401,OKE,2020-03-30,0 days 15:51:36.066586,664109,20.02,20.0,500,200,165802,-70723
402,OKE,2020-03-30,0 days 15:51:55.109254,663934,19.94,19.93,236,217,167841,-66984
403,OKE,2020-03-30,0 days 15:51:56.111056,831775,19.93,19.91,300,1100,-65584,167841
404,OKE,2020-03-30,0 days 15:51:57.113212,663934,19.98,19.95,200,800,167841,-65584
405,OKE,2020-03-30,0 days 15:52:06.135404,829911,20.0,19.96,500,500,-70748,165777
406,OKE,2020-03-30,0 days 15:52:19.165434,828130,20.06,20.03,600,601,-85957,159748
407,OKE,2020-03-30,0 days 15:52:31.197034,664882,20.01,20.0,400,200,165029,-72696
408,OKE,2020-03-30,0 days 15:52:38.211174,828130,20.04,20.02,400,700,-84357,159748
409,OKE,2020-03-30,0 days 15:52:48.235739,829911,20.01,20.0,200,200,-77376,159748
410,OKE,2020-03-30,0 days 15:52:49.238383,668382,20.04,20.03,100,200,159748,-77376
411,OKE,2020-03-30,0 days 15:53:57.400630,671882,20.14,20.13,300,200,156103,-95382
412,OKE,2020-03-30,0 days 15:54:29.472647,668482,20.11,20.1,8315,801,159503,-95382
413,OKE,2020-03-30,0 days 15:54:48.518483,827985,20.2,20.18,814,400,-105982,156103
414,OKE,2020-03-30,0 days 15:55:12.579417,827985,20.21,20.15,679,500,-108582,152003
415,OKE,2020-03-30,0 days 15:55:31.624155,828130,20.09,20.08,1657,300,-92457,155503
416,OKE,2020-03-30,0 days 15:55:55.679891,673159,20.11,20.1,336,100,154826,-99359
417,OKE,2020-03-30,0 days 15:56:15.728706,827985,20.16,20.14,200,869,-109159,148826
418,OKE,2020-03-30,0 days 15:56:19.738040,827985,20.15,20.09,800,510,-108851,148826
419,OKE,2020-03-30,0 days 15:57:41.930440,680034,20.1,20.09,2010,100,148096,-98701
420,OKE,2020-03-30,0 days 15:58:21.023838,829911,20.01,19.99,1390,972,-82440,156877
421,OKE,2020-03-30,0 days 15:58:26.036308,829911,20.02,20.0,178,400,-86520,156877
422,OKE,2020-03-30,0 days 15:58:37.062355,828130,20.03,20.01,400,600,-92301,156877
423,OKE,2020-03-30,0 days 15:58:58.112291,828130,20.05,20.03,500,200,-94193,151404
424,OKE,2020-03-30,0 days 15:59:24.172703,828130,20.1,20.07,1100,700,-114415,135882
425,OLN,2020-03-30,0 days 16:00:00.267471,133030,11.68,11.65,24103,5757,-2630,3470
426,ORCL,2020-03-30,0 days 15:58:18.997131,1717291,50.27,50.26,1000,700,2177,-7123
427,ORCL,2020-03-30,0 days 15:58:29.021162,1710168,50.3,50.29,1000,2099,-7123,2177
428,PG,2020-03-30,0 days 15:57:34.920451,1463849,115.06,115.01,467,500,-7315,8285
429,PG,2020-03-30,0 days 15:57:35.922059,1454896,115.02,115.0,709,131,8953,-7315
430,PG,2020-03-30,0 days 15:57:42.939230,1463849,115.05,115.02,276,496,-1415,6485
431,PG,2020-03-30,0 days 15:57:43.941403,1455996,114.99,114.96,600,200,133579,-1415
432,PG,2020-03-30,0 days 15:57:52.963493,1463849,115.06,115.0,200,300,-1415,132879
433,PG,2020-03-30,0 days 15:58:00.982734,1455996,114.99,114.93,200,300,133579,-15815
434,PG,2020-03-30,0 days 15:58:29.048127,1463849,115.03,115.02,200,1300,-3515,131479
435,PG,2020-03-30,0 days 15:58:34.060547,1459464,115.01,114.98,400,100,4385,-17915
436,PG,2020-03-30,0 days 15:58:37.067840,1463849,115.04,115.02,163,400,-3515,131479
437,PG,2020-03-30,0 days 15:58:38.069865,1459464,115.04,115.01,363,296,4385,-3515
438,PG,2020-03-30,0 days 15:58:45.087043,1463849,115.04,114.99,1044,1400,-3902,131092
439,PG,2020-03-30,0 days 15:58:47.092160,1459183,114.99,114.98,300,100,4666,-3902
440,PG,2020-03-30,0 days 15:59:12.154590,1463849,115.03,114.98,320,200,-1599,129695
441,PG,2020-03-30,0 days 15:59:13.154081,1456980,114.97,114.92,900,300,132595,-1599
442,PG,2020-03-30,0 days 15:59:21.173046,1463849,115.04,114.98,1000,100,-3599,129495
443,PG,2020-03-30,0 days 15:59:22.175593,1463748,114.99,114.97,100,200,101,-3599
444,PG,2020-03-30,0 days 15:59:23.178458,1463849,115.04,115.0,1300,400,-3599,101
445,PG,2020-03-30,0 days 15:59:24.179230,1462380,114.99,114.97,300,1400,127195,-3599
446,PG,2020-03-30,0 days 15:59:42.223151,1463630,114.98,114.96,103,100,219,-449
447,PG,2020-03-30,0 days 15:59:46.233028,1463883,115.0,114.99,686,226,125692,-34
448,PG,2020-03-30,0 days 15:59:48.237333,1463849,115.01,114.98,505,500,-59,125692
449,PG,2020-03-30,0 days 15:59:50.245259,1463908,115.01,114.98,1468,526,125667,-59
450,PG,2020-03-30,0 days 15:59:51.246055,1463849,115.01,114.98,1431,122,-20902,125667
451,PG,2020-03-30,0 days 15:59:52.249393,1484051,115.01,114.97,600,400,105524,-20902
452,PLNT,2020-03-30,0 days 15:50:46.996717,39203,48.25,48.07,700,300,1054,-150
453,PLNT,2020-03-30,0 days 15:51:13.058426,40257,48.28,48.18,100,100,-6170,22013
454,PLNT,2020-03-30,0 days 15:54:46.569816,40257,48.57,48.51,100,100,-12390,21813
455,PLNT,2020-03-30,0 days 15:55:21.654373,18444,48.53,48.48,201,200,21813,-12390
456,PLNT,2020-03-30,0 days 15:55:29.674288,40357,48.39,48.32,478,100,-6070,22013
457,PLNT,2020-03-30,0 days 15:56:59.889298,40257,48.74,48.68,500,100,-12390,21813
458,PLNT,2020-03-30,0 days 15:58:01.031609,18444,48.71,48.7,600,479,21813,-12390
459,PM,2020-03-30,0 days 15:52:08.774631,997284,72.68,72.65,401,529,660,-1724
460,PM,2020-03-30,0 days 15:52:22.809136,995869,72.7,72.67,341,100,2075,-1724
461,PM,2020-03-30,0 days 15:58:02.616008,996470,72.61,72.6,1000,100,1474,-3698
462,QEP,2020-03-30,0 days 15:51:55.084247,372525,0.32,0.31,81881,600,144234,-1266
463,QEP,2020-03-30,0 days 15:55:42.627597,516759,0.31,0.3,5300,167237,-1266,144234
464,QEP,2020-03-30,0 days 15:58:56.085770,516759,0.31,0.3,200,143350,-1266,144234
465,QEP,2020-03-30,0 days 15:59:04.105994,372525,0.31,0.3,2079,143350,144234,-1266
466,QEP,2020-03-30,0 days 15:59:17.136385,516759,0.31,0.3,1978,143150,-1266,144234
467,QEP,2020-03-30,0 days 15:59:18.138914,372525,0.31,0.3,1978,143150,144234,-1266
468,QEP,2020-03-30,0 days 15:59:25.155398,516759,0.31,0.3,29078,143150,-1266,144234
469,QEP,2020-03-30,0 days 15:59:26.157697,372525,0.31,0.3,29078,143150,144234,-1266
470,QEP,2020-03-30,0 days 15:59:55.227937,456263,0.32,0.3,37466,104520,-61762,144234
471,QEP,2020-03-30,0 days 15:59:57.231704,372525,0.31,0.3,300,104520,144234,-61762
472,QEP,2020-03-30,0 days 15:59:59.237055,456263,0.31,0.3,500,104520,-61762,144234
473,S,2020-03-30,0 days 15:58:14.005476,2403276,8.43,8.42,63352,24550,-11106,61539
474,S,2020-03-30,0 days 15:58:15.008684,2385237,8.42,8.41,65765,21041,61539,-11106
475,SAVE,2020-03-30,0 days 15:57:32.966131,54086,12.19,12.16,851,400,-4788,15424
476,SCHW,2020-03-30,0 days 15:57:32.548678,879997,34.48,34.46,200,700,-5901,3988
477,SCI,2020-03-30,0 days 15:59:51.293204,96025,40.93,40.86,220,100,-912,11422
478,SCI,2020-03-30,0 days 15:59:52.296948,94845,40.9,40.84,100,100,1280,-912
479,SCI,2020-03-30,0 days 15:59:54.301622,96025,40.96,40.87,661,300,-712,1280
480,SMFG,2020-03-30,0 days 15:58:05.987384,97247,5.1,5.09,30290,30546,-2721,2419
481,SO,2020-03-30,0 days 15:57:31.909263,674027,58.22,58.21,100,1283,-9395,6205
482,SO,2020-03-30,0 days 15:57:47.945684,669701,58.11,58.09,1000,100,4404,-9956
483,SO,2020-03-30,0 days 15:58:02.982096,669701,58.07,58.06,300,100,4404,-4435
484,SO,2020-03-30,0 days 15:58:08.995015,674105,58.14,58.11,1400,100,-1696,3543
485,SO,2020-03-30,0 days 15:58:13.004157,668401,58.08,58.07,2000,900,5743,-1696
486,SQ,2020-03-30,0 days 15:57:33.246631,438781,55.15,55.13,1400,200,-9693,2137
487,SQ,2020-03-30,0 days 15:58:15.347561,435968,54.83,54.82,300,100,2813,-217
488,SQ,2020-03-30,0 days 15:58:20.358855,434830,54.83,54.82,232,400,3951,-217
489,SU,2020-03-30,0 days 15:57:18.933944,206039,13.41,13.4,10295,301,8761,-651
490,SYY,2020-03-30,0 days 15:58:18.997259,397802,46.09,46.01,335,530,3468,-1023
491,SYY,2020-03-30,0 days 15:58:25.012682,396870,46.09,46.01,435,300,-1023,3468
492,TAL,2020-03-30,0 days 15:57:07.852588,123059,51.97,51.93,200,600,31419,-5109
493,TAL,2020-03-30,0 days 15:59:49.233238,129804,51.99,51.98,1527,3670,20406,-13362
494,TAL,2020-03-30,0 days 15:59:55.247463,161788,52.03,51.98,895,3871,-12248,9942
495,TAL,2020-03-30,0 days 15:59:58.255176,140768,52.0,51.99,1200,4500,9442,-11100
496,TEL,2020-03-30,0 days 15:50:12.859391,136676,63.63,63.54,300,100,-29388,368
497,TEL,2020-03-30,0 days 15:52:29.185340,166808,63.57,63.48,436,100,368,-29488
498,TEL,2020-03-30,0 days 15:52:33.196967,136676,63.66,63.61,100,100,-29388,368
499,TEL,2020-03-30,0 days 15:58:26.034137,136956,63.7,63.64,100,300,-29108,368
500,TME,2020-03-30,0 days 15:59:57.231285,223728,9.68,9.67,18815,11838,2622,-1078
501,TRV,2020-03-30,0 days 15:59:50.873550,264256,102.84,102.75,300,100,-2349,1558
502,TRV,2020-03-30,0 days 15:59:58.892874,259808,102.8,102.58,7827,573,4448,-4959
503,TRV,2020-03-30,0 days 15:59:59.895510,264256,102.61,102.58,741,1834,-847,4448
504,TSM,2020-03-30,0 days 16:00:00.259690,795729,47.83,47.82,14717,4503,-285,352
505,TWO,2020-03-30,0 days 15:58:05.987062,370383,4.45,4.44,39459,48866,-4685,14915
506,UBER,2020-03-30,0 days 15:53:02.269213,279179,27.8,27.79,1292,512,-26554,85598
507,UBER,2020-03-30,0 days 15:53:03.271518,193105,27.72,27.71,1111,204,85598,-26554
508,UBER,2020-03-30,0 days 15:53:08.282590,279179,27.77,27.76,1400,1000,-26554,85598
509,UBER,2020-03-30,0 days 15:53:09.286374,193105,27.73,27.72,200,2503,85598,-26554
510,UBER,2020-03-30,0 days 15:53:13.294753,274746,28.01,28.0,1100,5000,-61950,85598
511,UBER,2020-03-30,0 days 15:59:35.198828,313463,27.85,27.84,200,3000,-6770,6974
512,VALE,2020-03-30,0 days 16:00:00.259140,550489,8.04,8.03,57454,149483,1283,-4597
513,VLO,2020-03-30,0 days 15:51:08.998659,817112,47.15,47.06,702,300,1402,-6068
514,VLO,2020-03-30,0 days 15:51:12.005547,818514,47.2,47.12,500,500,-6068,1402
515,VLO,2020-03-30,0 days 15:51:31.050780,814859,47.08,47.02,500,200,3655,-851
516,VLO,2020-03-30,0 days 15:52:04.128967,818514,47.21,47.15,500,200,-3814,3955
517,VLO,2020-03-30,0 days 15:52:41.218680,814859,47.07,46.98,1000,400,3655,-851
518,VLO,2020-03-30,0 days 15:53:14.297748,818514,47.13,47.07,200,300,-851,3755
519,VLO,2020-03-30,0 days 15:53:17.305339,814859,47.11,47.04,100,300,3655,-851
520,VLO,2020-03-30,0 days 15:53:23.318686,818514,47.13,47.08,200,200,-851,3655
521,VLO,2020-03-30,0 days 15:53:29.333284,814859,47.12,47.05,300,315,3655,-851
522,VLO,2020-03-30,0 days 15:53:35.347506,814859,47.11,47.04,400,215,3655,-851
523,VLO,2020-03-30,0 days 15:54:40.499315,814859,47.07,47.01,800,300,3655,-3814
524,VLO,2020-03-30,0 days 15:54:47.516433,818514,47.17,47.1,200,600,-851,1402
525,VLO,2020-03-30,0 days 15:54:58.543967,817112,47.16,47.14,400,200,1402,-14718
526,VLO,2020-03-30,0 days 15:55:01.550330,818514,47.15,47.14,400,100,-3814,1402
527,VLO,2020-03-30,0 days 15:55:05.560997,817112,47.14,47.08,300,500,1402,-851
528,VLO,2020-03-30,0 days 15:55:11.576697,818514,47.18,47.08,100,300,-3814,1402
529,VLO,2020-03-30,0 days 15:55:33.628529,814859,47.1,47.03,300,400,3655,-6068
530,VLO,2020-03-30,0 days 15:56:02.697478,818514,47.15,47.11,300,200,-3814,1402
531,VLO,2020-03-30,0 days 15:56:03.699267,817112,47.13,47.08,600,703,1402,-3814
532,VLO,2020-03-30,0 days 15:57:11.863660,817112,47.18,47.12,200,200,1402,-16971
533,VLO,2020-03-30,0 days 15:57:13.867125,818514,47.25,47.17,100,300,-13792,3655
534,VLO,2020-03-30,0 days 15:58:08.994955,817112,47.19,47.17,100,100,1402,-16971
535,VLO,2020-03-30,0 days 15:58:19.018602,818514,47.14,47.1,400,314,-851,3655
536,VLO,2020-03-30,0 days 15:58:21.023766,817112,47.13,47.1,300,226,1402,-851
537,VLO,2020-03-30,0 days 15:59:09.139074,817112,47.18,47.1,400,300,1402,-16971
538,VLO,2020-03-30,0 days 15:59:15.153851,818614,47.17,47.09,600,200,-3714,3655
539,VLO,2020-03-30,0 days 15:59:27.180270,814859,47.05,47.01,300,501,3655,-3714
540,VLO,2020-03-30,0 days 15:59:35.198890,818614,47.18,47.1,294,181,-751,3655
541,VLO,2020-03-30,0 days 15:59:40.211577,818614,47.13,47.07,300,330,-751,1402
542,VMW,2020-03-30,0 days 15:52:27.158821,30367,120.36,120.3,200,100,11818,-2150
543,VMW,2020-03-30,0 days 15:57:09.835347,30367,120.31,120.12,100,430,11818,-2150
544,VMW,2020-03-30,0 days 15:57:10.837665,28217,120.48,120.4,100,217,-2150,11818
545,W,2020-03-30,0 days 15:50:18.853368,36211,52.2,52.06,100,1213,-46,54
546,W,2020-03-30,0 days 15:50:42.910753,36211,52.46,52.39,400,1022,-746,27783
547,W,2020-03-30,0 days 15:51:06.968579,36157,52.32,52.12,900,200,54,-346
548,W,2020-03-30,0 days 15:51:14.987779,36211,52.4,52.33,475,200,-646,28383
549,W,2020-03-30,0 days 15:52:15.131622,36211,52.46,52.41,100,510,-846,27883
550,W,2020-03-30,0 days 15:52:48.212353,36211,52.89,52.72,400,200,-1046,24183
551,W,2020-03-30,0 days 15:53:11.265714,36211,52.94,52.8,400,227,-1046,23283
552,W,2020-03-30,0 days 15:53:16.277898,12928,52.91,52.8,400,266,23283,-1046
553,W,2020-03-30,0 days 15:53:29.308631,36211,52.97,52.84,523,400,-1046,23283
554,W,2020-03-30,0 days 15:53:37.327750,12928,52.89,52.88,500,200,23283,-1046
555,W,2020-03-30,0 days 15:53:46.349553,36211,52.99,52.91,400,600,-1046,23283
556,W,2020-03-30,0 days 15:53:55.370480,36111,53.2,53.12,201,500,-1146,23183
557,W,2020-03-30,0 days 15:54:08.402130,13028,53.24,53.18,100,200,23083,-1146
558,W,2020-03-30,0 days 15:54:09.404719,36111,53.23,53.12,600,400,-1146,23083
559,W,2020-03-30,0 days 15:54:15.419255,35786,53.85,53.79,100,200,-1471,23083
560,W,2020-03-30,0 days 15:54:30.455704,36086,53.32,53.22,234,550,-1171,23083
561,W,2020-03-30,0 days 15:54:51.504427,13028,53.52,53.5,100,455,22758,-1471
562,W,2020-03-30,0 days 15:54:55.513959,35786,53.52,53.4,100,200,-1471,22758
563,W,2020-03-30,0 days 15:55:20.575935,35786,53.52,53.4,100,200,-1471,22758
564,W,2020-03-30,0 days 15:55:31.603690,36211,53.2,53.0,400,700,-1046,23058
565,W,2020-03-30,0 days 15:56:00.672038,36311,52.41,52.3,299,200,-546,25683
566,W,2020-03-30,0 days 15:56:11.698121,10428,52.3,52.23,500,200,25783,-446
567,W,2020-03-30,0 days 15:56:21.721421,36311,52.41,52.34,100,200,-646,25483
568,W,2020-03-30,0 days 15:56:38.764692,10728,52.31,52.29,500,167,25483,-646
569,W,2020-03-30,0 days 15:57:09.835535,10128,52.2,52.16,600,246,26083,-46
570,WELL,2020-03-30,0 days 16:00:00.313686,897431,47.24,47.13,153195,3901,-8741,65878
571,WFC,2020-03-30,0 days 15:57:35.251372,2604133,30.05,30.03,2179,8687,-22456,23618
572,WFC,2020-03-30,0 days 15:57:40.262777,2603815,30.03,30.02,3176,5458,318,-25956
573,WFC,2020-03-30,0 days 15:58:02.315862,2582715,30.0,29.99,3748,1030,21418,-51456
574,WY,2020-03-30,0 days 15:59:51.237371,525009,16.95,16.94,3323,1200,-13811,4358
575,XOM,2020-03-30,0 days 15:58:09.331842,5951746,37.44,37.43,2700,2200,22168,-136344
576,XOM,2020-03-30,0 days 15:58:10.335027,5924615,37.48,37.47,1600,4016,-27131,22168
577,XOM,2020-03-30,0 days 15:58:13.342775,5951746,37.43,37.42,2171,700,22168,-19731
578,XOM,2020-03-30,0 days 15:58:16.348397,5924615,37.47,37.46,760,3596,-27131,22168
579,XOM,2020-03-30,0 days 15:58:17.351008,5951746,37.44,37.43,703,3069,22168,-27131
580,XOM,2020-03-30,0 days 15:58:24.367667,5932015,37.45,37.44,3350,400,-19731,22168
581,XOM,2020-03-30,0 days 15:58:59.450737,5951746,37.44,37.43,2902,578,25772,-16127
582,XOM,2020-03-30,0 days 15:59:00.454824,5928319,37.48,37.47,1799,1600,-23427,25772
583,YUM,2020-03-30,0 days 15:59:51.875043,425935,70.54,70.49,335,809,6439,-42711
584,YUM,2020-03-30,0 days 16:00:00.896320,426635,70.72,70.66,35419,48920,1611,-36764
