,Symbol,Timestamp,TIME,iPaired,Ask_P,Bid_P,Ask_S,Bid_S,iShares,PreviShares
0,AA,2020-11-05,0 days 15:55:00.250781,172806,14.12,14.11,5439,4581,-1878,5866
1,AA,2020-11-05,0 days 15:57:36.255044,178889,14.06,14.05,9293,1058,6412,-2524
2,AA,2020-11-05,0 days 15:57:37.254185,177201,14.06,14.05,6558,4558,-1688,6412
3,AA,2020-11-05,0 days 15:58:12.257741,179189,14.06,14.05,1606,9238,117,-1583
4,AA,2020-11-05,0 days 15:58:13.257316,176006,14.06,14.05,1799,9738,-3183,117
5,AA,2020-11-05,0 days 15:58:14.257380,179189,14.06,14.05,2599,8938,117,-3183
6,AA,2020-11-05,0 days 15:58:15.257069,177606,14.06,14.05,2406,8838,-1583,117
7,AA,2020-11-05,0 days 15:58:17.256290,179189,14.06,14.05,3771,7038,617,-1583
8,AA,2020-11-05,0 days 15:58:18.256479,177606,14.06,14.05,3278,7657,-1583,617
9,AA,2020-11-05,0 days 15:59:03.257125,179314,14.06,14.05,6238,2300,8418,-1260
10,AA,2020-11-05,0 days 15:59:04.255608,178532,14.06,14.05,1282,6100,-782,8418
11,AA,2020-11-05,0 days 15:59:08.255261,178876,14.07,14.06,6800,4600,6755,-9618
12,AA,2020-11-05,0 days 15:59:37.244985,175431,14.06,14.05,497,10378,-667,14033
13,AA,2020-11-05,0 days 15:59:39.244662,170998,14.05,14.04,6500,1720,30333,-667
14,ABBV,2020-11-05,0 days 15:59:30.115070,542504,93.71,93.7,205,600,2795,-15495
15,ABBV,2020-11-05,0 days 15:59:31.112540,542513,93.78,93.76,450,800,-1799,2795
16,ABBV,2020-11-05,0 days 15:59:36.111445,544312,93.78,93.75,100,200,6144,-1799
17,ABEV,2020-11-05,0 days 15:58:28.248335,69656,2.42,2.41,302130,593524,23492,-9513
18,ABEV,2020-11-05,0 days 15:59:36.246188,125258,2.42,2.41,62765,797766,-21130,35570
19,ABT,2020-11-05,0 days 15:59:44.246700,464980,113.68,113.67,100,100,305,-136
20,ABT,2020-11-05,0 days 15:59:49.247827,458584,113.69,113.65,200,1600,-1094,5304
21,ABT,2020-11-05,0 days 16:00:00.242807,451346,113.65,113.45,300,700,25,-468
22,ACM,2020-11-05,0 days 15:55:19.102646,50777,46.39,46.38,797,100,23220,-1280
23,ACM,2020-11-05,0 days 15:55:20.103029,50697,46.39,46.38,126,425,-80,23220
24,ACM,2020-11-05,0 days 15:55:46.104065,52477,46.34,46.32,1300,900,133,-67
25,ACM,2020-11-05,0 days 15:56:20.104428,54748,46.32,46.31,100,103,86,-214
26,ACM,2020-11-05,0 days 15:56:21.104276,54734,46.31,46.3,100,100,-14,86
27,ACM,2020-11-05,0 days 15:59:30.114989,84490,46.36,46.33,100,300,2107,-1987
28,ACM,2020-11-05,0 days 15:59:31.112485,83197,46.36,46.34,100,959,-1493,2107
29,ACM,2020-11-05,0 days 15:59:36.111377,112890,46.41,46.35,600,459,6684,-3493
30,ACM,2020-11-05,0 days 15:59:41.111895,112809,46.39,46.36,100,200,-191,296
31,ACM,2020-11-05,0 days 15:59:46.112859,116000,46.39,46.36,100,200,770,-1627
32,ACM,2020-11-05,0 days 15:59:48.111900,114846,46.4,46.36,100,100,-1154,770
33,ACM,2020-11-05,0 days 15:59:55.115322,90200,46.34,46.33,2188,396,15880,-9720
34,ADM,2020-11-05,0 days 15:59:06.255812,300722,47.93,47.92,100,701,98,-3436
35,ADM,2020-11-05,0 days 15:59:16.256184,305333,47.95,47.94,200,1338,-7069,5731
36,ADM,2020-11-05,0 days 15:59:37.256082,312760,47.94,47.93,1438,300,2168,-435
37,ADM,2020-11-05,0 days 15:59:54.258589,301554,47.93,47.91,535,900,-1136,1599
38,ADT,2020-11-05,0 days 15:57:22.245057,83329,7.22,7.21,10471,8121,3110,-490
39,ADT,2020-11-05,0 days 15:57:44.244332,86739,7.22,7.21,10679,7343,-90,3410
40,AEG,2020-11-05,0 days 15:59:36.236996,9281,2.85,2.84,150674,225783,701,-999
41,AEG,2020-11-05,0 days 15:59:37.237930,9182,2.85,2.84,127409,225783,-99,701
42,AEO,2020-11-05,0 days 15:56:05.301344,142168,14.66,14.65,2414,3726,4289,-411
43,AEO,2020-11-05,0 days 15:56:06.301089,138457,14.66,14.65,1814,4103,-3711,4289
44,AEO,2020-11-05,0 days 15:57:35.304318,146233,14.68,14.67,4515,4279,1037,-3663
45,AEO,2020-11-05,0 days 15:57:36.303626,142970,14.68,14.67,4545,4812,-4163,1037
46,AEO,2020-11-05,0 days 15:59:10.306391,162104,14.69,14.68,4483,2947,1866,-7080
47,AEO,2020-11-05,0 days 15:59:11.306391,159070,14.69,14.68,3483,3947,-634,1866
48,AES,2020-11-05,0 days 15:55:36.247735,303983,20.98,20.97,10009,5604,-4342,2962
49,AES,2020-11-05,0 days 15:55:37.247530,301672,20.98,20.97,8879,7506,2311,-4342
50,AES,2020-11-05,0 days 15:55:55.248139,311601,21.0,20.99,5994,7058,-1371,2029
51,AES,2020-11-05,0 days 15:55:56.248169,308972,21.0,20.99,6094,7258,2629,-1371
52,AES,2020-11-05,0 days 15:57:33.250973,318962,20.98,20.97,10046,2763,-481,372
53,AES,2020-11-05,0 days 15:57:34.251237,316390,20.98,20.97,9746,3880,2572,-481
54,AES,2020-11-05,0 days 15:58:18.253214,318932,20.98,20.97,7802,2427,-59,2741
55,AES,2020-11-05,0 days 15:58:20.253261,315791,20.98,20.97,8002,2434,3141,-59
56,AES,2020-11-05,0 days 15:58:26.254143,318932,20.98,20.97,8299,1934,-59,3141
57,AES,2020-11-05,0 days 15:58:27.253788,316095,20.98,20.97,9113,2838,2837,-59
58,AES,2020-11-05,0 days 15:59:02.256398,326332,20.99,20.98,2600,11194,-313,1087
59,AES,2020-11-05,0 days 15:59:03.255930,340645,20.99,20.98,4100,10494,481,-313
60,AG,2020-11-05,0 days 15:59:00.257939,69050,11.69,11.68,13400,3994,-2786,194
61,AG,2020-11-05,0 days 15:59:21.256065,69224,11.66,11.65,4494,300,204,-1192
62,AG,2020-11-05,0 days 15:59:24.256122,67028,11.66,11.65,8204,500,-1196,204
63,AGI,2020-11-05,0 days 15:59:38.113149,157258,10.02,10.01,64951,4124,-1819,6481
64,AGI,2020-11-05,0 days 15:59:50.117046,121824,10.02,10.01,54091,10065,35225,-2075
65,AIG,2020-11-05,0 days 15:55:34.247580,473776,33.31,33.3,1111,1305,-2680,9788
66,AIG,2020-11-05,0 days 15:55:35.247544,467256,33.3,33.29,1221,666,6520,-2680
67,AIG,2020-11-05,0 days 15:57:20.250700,480547,33.32,33.31,1833,2065,-2206,1094
68,AIG,2020-11-05,0 days 15:57:21.251160,474153,33.32,33.31,1337,2265,6394,-2206
69,AIG,2020-11-05,0 days 15:58:01.253598,475856,33.32,33.31,2722,2644,-7797,3604
70,AIG,2020-11-05,0 days 15:58:02.253033,469653,33.32,33.31,3806,2344,6203,-7797
71,AIG,2020-11-05,0 days 15:58:45.254594,487323,33.29,33.28,245,2068,-30,70
72,AIG,2020-11-05,0 days 15:58:49.254638,487153,33.3,33.28,849,2989,170,-30
73,ALK,2020-11-05,0 days 15:56:19.104323,64022,39.23,39.2,620,400,-3730,470
74,ALK,2020-11-05,0 days 15:56:20.104408,63852,39.23,39.2,620,400,170,-3730
75,ALK,2020-11-05,0 days 15:58:43.108687,75555,39.18,39.16,100,488,1165,-1488
76,ALK,2020-11-05,0 days 15:59:02.110533,72881,39.18,39.16,415,300,474,-2626
77,ALK,2020-11-05,0 days 15:59:06.110846,72916,39.18,39.16,200,300,-3608,768
78,ALK,2020-11-05,0 days 15:59:07.111531,72424,39.18,39.16,200,400,492,-3608
79,ALL,2020-11-05,0 days 15:55:24.247227,171377,90.37,90.3,100,202,74,-269
80,ALL,2020-11-05,0 days 15:55:25.247074,168951,90.37,90.3,100,302,-2426,74
81,ALL,2020-11-05,0 days 15:55:37.247586,171377,90.41,90.35,100,504,363,-637
82,ALL,2020-11-05,0 days 15:55:38.248424,169240,90.41,90.35,100,604,-2137,363
83,ALL,2020-11-05,0 days 15:56:30.249670,173823,90.41,90.35,781,482,167,-672
84,ALL,2020-11-05,0 days 15:56:31.248806,171990,90.38,90.35,381,482,-1833,167
85,ALL,2020-11-05,0 days 15:57:34.251313,174092,90.39,90.34,500,365,1055,-1745
86,ALL,2020-11-05,0 days 15:57:36.251178,173997,90.38,90.34,100,592,-95,355
87,ALL,2020-11-05,0 days 15:57:41.251096,174092,90.38,90.34,400,165,1005,-95
88,ALL,2020-11-05,0 days 15:57:42.251406,173497,90.38,90.29,200,171,-595,1005
89,ALL,2020-11-05,0 days 15:57:55.251592,174092,90.36,90.32,100,315,805,-895
90,ALL,2020-11-05,0 days 15:57:56.251999,173297,90.37,90.32,100,315,-795,805
91,ALL,2020-11-05,0 days 15:58:12.253697,173683,90.38,90.34,200,200,2054,-2856
92,ALL,2020-11-05,0 days 15:58:13.253310,172637,90.37,90.33,100,521,-1046,2054
93,ALL,2020-11-05,0 days 15:58:30.254188,174849,90.33,90.29,200,171,1046,-754
94,ALL,2020-11-05,0 days 15:58:31.253762,174295,90.33,90.31,275,117,-554,1046
95,ALL,2020-11-05,0 days 15:58:53.254734,174795,90.37,90.27,393,100,-54,346
96,ALL,2020-11-05,0 days 15:59:04.255866,174859,90.39,90.34,500,200,1441,-659
97,ALL,2020-11-05,0 days 15:59:09.256107,171231,90.44,90.4,100,1000,-3628,666
98,ALL,2020-11-05,0 days 15:59:10.256374,174859,90.42,90.4,561,200,772,-3628
99,ALL,2020-11-05,0 days 15:59:23.255375,174859,90.46,90.41,640,668,3860,-368
100,ALL,2020-11-05,0 days 15:59:40.257178,182851,90.52,90.43,100,300,-3044,456
101,ALL,2020-11-05,0 days 15:59:41.256096,182395,90.47,90.4,240,400,4074,-3044
102,AM,2020-11-05,0 days 15:55:00.251278,298575,5.79,5.78,9206,4791,1175,-259552
103,AM,2020-11-05,0 days 15:57:09.253919,310808,5.79,5.78,1918,9130,-1577,723
104,AM,2020-11-05,0 days 15:57:10.253916,307085,5.79,5.78,2218,9130,3723,-1577
105,AM,2020-11-05,0 days 15:57:41.252058,316108,5.79,5.78,5165,7418,-777,2523
106,AM,2020-11-05,0 days 15:57:42.252930,315285,5.79,5.78,5465,6992,823,-777
107,AM,2020-11-05,0 days 15:57:45.253715,316108,5.79,5.78,4450,7262,-977,823
108,AM,2020-11-05,0 days 15:57:46.251104,315285,5.79,5.78,4950,7090,823,-977
109,AM,2020-11-05,0 days 15:57:57.256755,318508,5.79,5.78,7360,4293,-1177,1023
110,AM,2020-11-05,0 days 15:57:58.256324,317485,5.79,5.78,7360,4593,1023,-1177
111,AM,2020-11-05,0 days 15:58:07.257497,317419,5.79,5.78,8805,3736,1489,-1611
112,AM,2020-11-05,0 days 15:58:09.257758,318908,5.79,5.78,8805,3736,-8211,1489
113,AM,2020-11-05,0 days 15:58:10.257267,317419,5.79,5.78,8805,3636,1489,-8211
114,AM,2020-11-05,0 days 15:58:36.252682,317519,5.79,5.78,10477,2458,1453,-1247
115,AM,2020-11-05,0 days 15:59:05.255179,320845,5.79,5.78,4295,7939,-1245,1055
116,AMC,2020-11-05,0 days 15:59:00.250436,54283,2.47,2.46,3204,17487,750,-5918
117,AMC,2020-11-05,0 days 15:59:01.247317,52433,2.47,2.46,4504,13687,-1850,750
118,AMC,2020-11-05,0 days 15:59:33.250854,54283,2.47,2.46,36872,6317,351,-131
119,AMCR,2020-11-05,0 days 15:58:12.235089,526635,11.5,11.49,18448,10865,-2400,15223
120,AMCR,2020-11-05,0 days 15:58:13.235495,513235,11.5,11.49,19353,6165,13400,-2400
121,AMCR,2020-11-05,0 days 15:58:27.235558,540635,11.49,11.48,17452,3825,-1291,14789
122,AMCR,2020-11-05,0 days 15:58:28.236240,527426,11.49,11.48,10389,12573,13209,-1291
123,AMCR,2020-11-05,0 days 15:58:41.236548,526635,11.5,11.49,6836,17848,-5491,8509
124,AMCR,2020-11-05,0 days 15:58:42.237060,514026,11.5,11.49,6736,17394,12609,-5491
125,AMCR,2020-11-05,0 days 15:58:58.237571,527765,11.5,11.49,6735,19028,-2185,1439
126,AMCR,2020-11-05,0 days 15:58:59.239228,517650,11.5,11.49,7202,18128,10115,-2185
127,AMCR,2020-11-05,0 days 15:59:14.237534,547372,11.5,11.49,6768,20015,-5813,4036
128,AMCR,2020-11-05,0 days 15:59:15.236701,541085,11.5,11.49,7374,19015,3087,-5813
129,AMT,2020-11-05,0 days 15:58:54.254979,131894,239.89,239.81,300,100,1422,-1078
130,AMT,2020-11-05,0 days 15:58:55.255217,129016,240.0,239.82,600,100,-2878,1422
131,AMT,2020-11-05,0 days 15:59:06.255834,131598,240.13,239.99,100,100,323,-1077
132,AMT,2020-11-05,0 days 15:59:11.255932,131173,240.07,240.03,339,104,-737,6963
133,AMT,2020-11-05,0 days 15:59:25.256553,131910,240.05,239.92,200,100,3551,-123
134,AMT,2020-11-05,0 days 15:59:26.255994,131061,240.18,239.92,100,200,-849,3551
135,AMT,2020-11-05,0 days 15:59:37.256100,132872,240.03,239.9,200,100,8007,-1101
136,AMT,2020-11-05,0 days 15:59:38.256330,132479,240.07,239.96,200,130,-639,8007
137,AMT,2020-11-05,0 days 15:59:45.258039,133359,240.06,239.9,100,100,1310,-739
138,AMT,2020-11-05,0 days 15:59:46.256946,133069,240.03,239.9,300,100,-290,1310
139,AMT,2020-11-05,0 days 15:59:47.257010,133218,240.03,239.88,440,100,521,-290
140,AMT,2020-11-05,0 days 15:59:55.257751,133239,240.03,239.88,100,400,-120,1262
141,AMT,2020-11-05,0 days 15:59:58.259061,131977,240.03,239.68,100,200,1262,-120
142,AMWL,2020-11-05,0 days 15:56:50.229723,83404,29.5,29.48,900,700,3070,-17230
143,AMWL,2020-11-05,0 days 15:57:19.230714,91804,29.63,29.49,400,130,3970,-17830
144,AMWL,2020-11-05,0 days 15:58:45.234182,91178,29.5,29.47,1625,298,4696,-22604
145,AMWL,2020-11-05,0 days 16:00:00.237780,100736,29.56,29.4,400,401,-8753,18251
146,ANTM,2020-11-05,0 days 15:55:00.240415,87272,320.76,320.61,458,200,160,-20308
147,ANTM,2020-11-05,0 days 15:55:01.238834,85332,320.75,320.61,310,100,-1940,160
148,AON,2020-11-05,0 days 15:55:51.300918,112368,185.82,185.72,110,244,35,-2132
149,AON,2020-11-05,0 days 15:56:12.301725,105998,185.81,185.72,100,361,-6770,39
150,AON,2020-11-05,0 days 15:57:35.304365,112979,185.75,185.62,100,100,119,-4281
151,AON,2020-11-05,0 days 15:57:36.303649,110498,185.75,185.64,100,101,-2481,119
152,AON,2020-11-05,0 days 15:58:12.303995,113726,185.74,185.58,100,258,1108,-607
153,AON,2020-11-05,0 days 15:58:28.305804,114834,185.86,185.64,400,200,-694,1106
154,AON,2020-11-05,0 days 15:58:32.304251,115528,185.74,185.64,100,200,122,-326
155,AON,2020-11-05,0 days 15:58:54.306307,115873,185.76,185.58,430,258,-21993,95
156,AON,2020-11-05,0 days 15:59:02.305879,138306,185.74,185.59,480,100,1215,-133
157,AON,2020-11-05,0 days 15:59:03.306450,136328,185.85,185.7,200,200,-3778,1215
158,AON,2020-11-05,0 days 15:59:10.306427,138306,185.77,185.59,502,100,5382,-356
159,AON,2020-11-05,0 days 15:59:11.306411,134388,185.87,185.66,200,100,-5718,5382
160,AON,2020-11-05,0 days 15:59:45.308404,147237,185.64,185.55,205,200,128,-1842
161,AON,2020-11-05,0 days 15:59:47.307288,147865,185.64,185.55,205,100,-302,128
162,AON,2020-11-05,0 days 15:59:49.307755,149270,185.59,185.44,105,600,724,-3005
163,AON,2020-11-05,0 days 15:59:50.311804,148094,185.57,185.48,100,100,-1176,724
164,APH,2020-11-05,0 days 15:55:14.246406,105506,119.55,119.52,100,100,77,-323
165,APH,2020-11-05,0 days 15:55:15.246570,104183,119.55,119.52,100,100,-1323,77
166,APH,2020-11-05,0 days 15:55:43.248149,105610,119.55,119.52,700,142,134,-42
167,APH,2020-11-05,0 days 15:55:44.247593,104444,119.55,119.52,700,142,-1166,134
168,APH,2020-11-05,0 days 15:58:26.254172,106417,119.4,119.39,445,100,205,-1075
169,APH,2020-11-05,0 days 15:58:27.253915,106022,119.4,119.39,200,100,-397,205
170,APH,2020-11-05,0 days 15:58:54.254935,108119,119.5,119.43,500,200,2057,-1070
171,APH,2020-11-05,0 days 15:58:55.255144,107376,119.5,119.43,300,200,-743,2057
172,APH,2020-11-05,0 days 15:59:06.255646,110434,119.55,119.49,100,100,5253,-276
173,APH,2020-11-05,0 days 15:59:31.256186,117876,119.65,119.59,698,407,-501,71
174,APH,2020-11-05,0 days 15:59:38.256175,120199,119.63,119.58,100,818,664,-2323
175,APH,2020-11-05,0 days 15:59:39.256082,119863,119.63,119.58,100,818,-336,664
176,APH,2020-11-05,0 days 15:59:44.256906,118699,119.6,119.55,450,200,1164,-536
177,APH,2020-11-05,0 days 15:59:45.257882,118363,119.6,119.55,200,200,-336,1164
178,APH,2020-11-05,0 days 15:59:46.256719,118699,119.6,119.53,300,200,895,-336
179,APH,2020-11-05,0 days 15:59:47.256894,118494,119.63,119.55,100,800,-205,895
180,APLE,2020-11-05,0 days 15:55:00.101649,30319,10.91,10.9,3452,3052,-4849,15254
181,APLE,2020-11-05,0 days 15:55:01.103173,29868,10.91,10.9,4040,2852,451,-4849
182,APLE,2020-11-05,0 days 15:55:46.105044,30319,10.91,10.9,1688,3887,-79,451
183,APLE,2020-11-05,0 days 15:55:48.104979,29911,10.91,10.9,3081,3487,408,-792
184,APLE,2020-11-05,0 days 15:56:45.105292,30465,10.94,10.93,200,3713,187,-113
185,APLE,2020-11-05,0 days 15:57:51.102246,30652,11.0,10.99,8235,2116,-1513,187
186,APTV,2020-11-05,0 days 15:55:00.249996,103256,104.95,104.87,461,291,5219,-35667
187,APTV,2020-11-05,0 days 15:55:01.249525,100675,104.97,104.88,200,203,-2581,5219
188,APTV,2020-11-05,0 days 15:59:04.255463,115376,104.94,104.85,710,400,3534,-913
189,APTV,2020-11-05,0 days 15:59:05.255013,113610,104.94,104.87,710,124,-1766,3534
190,APTV,2020-11-05,0 days 15:59:45.245596,128302,105.0,104.9,400,200,2434,-456
191,APTV,2020-11-05,0 days 15:59:46.244411,127532,105.0,104.92,100,100,-770,2434
192,AROC,2020-11-05,0 days 15:57:19.230629,62460,6.49,6.48,921,8691,-535,365
193,AROC,2020-11-05,0 days 15:57:20.230935,62395,6.49,6.48,2021,7991,65,-535
194,ATI,2020-11-05,0 days 15:55:00.302712,51532,10.15,10.14,1600,180,1759,-2966
195,ATI,2020-11-05,0 days 15:56:21.301874,58162,10.15,10.14,2821,553,-885,594
196,ATI,2020-11-05,0 days 15:56:22.301103,57747,10.15,10.14,2821,453,15,-885
197,ATI,2020-11-05,0 days 15:58:26.304276,58267,10.15,10.14,1304,1354,-407,517
198,ATI,2020-11-05,0 days 15:58:27.304385,57874,10.15,10.14,2007,954,93,-407
199,ATI,2020-11-05,0 days 15:59:01.305883,52127,10.16,10.15,450,2669,-6894,1045
200,ATI,2020-11-05,0 days 15:59:02.305776,55221,10.16,10.15,940,1301,3106,-6894
201,ATI,2020-11-05,0 days 15:59:03.306381,55027,10.16,10.15,1340,986,-194,3106
202,ATI,2020-11-05,0 days 15:59:21.306073,57321,10.16,10.15,1399,2151,119,-294
203,ATI,2020-11-05,0 days 15:59:27.306192,57540,10.16,10.15,118,3884,-143,19
204,ATUS,2020-11-05,0 days 15:58:00.303329,140064,29.34,29.33,2523,1993,-13072,6293
205,ATUS,2020-11-05,0 days 15:58:01.303960,135436,29.34,29.33,4530,1148,2028,-13072
206,ATUS,2020-11-05,0 days 15:58:03.303456,128263,29.35,29.34,4418,1870,-7173,2028
207,ATUS,2020-11-05,0 days 15:58:04.303287,124236,29.35,29.34,4925,1000,1427,-7173
208,ATUS,2020-11-05,0 days 15:58:05.304523,125663,29.35,29.34,3825,1400,-4929,1427
209,ATUS,2020-11-05,0 days 15:58:06.303728,123792,29.35,29.34,4433,750,1871,-4929
210,ATUS,2020-11-05,0 days 15:58:42.304826,130727,29.36,29.35,3212,529,1627,-773
211,ATUS,2020-11-05,0 days 15:58:54.306147,132354,29.36,29.35,3173,1976,-159,350
212,ATUS,2020-11-05,0 days 15:58:55.305187,130913,29.36,29.35,3273,1179,1441,-159
213,ATUS,2020-11-05,0 days 15:58:58.305656,134954,29.35,29.34,1974,2537,-762,1441
214,ATUS,2020-11-05,0 days 15:59:40.307290,156537,29.37,29.36,1577,2787,1641,-19559
215,ATUS,2020-11-05,0 days 15:59:43.306709,158178,29.37,29.36,4353,2418,-2402,1641
216,ATUS,2020-11-05,0 days 15:59:44.306747,155880,29.36,29.35,4810,300,24402,-2402
217,ATUS,2020-11-05,0 days 15:59:45.308017,180282,29.36,29.35,5910,1084,-10140,24402
218,ATUS,2020-11-05,0 days 15:59:46.306973,178322,29.36,29.35,4390,1734,1960,-10140
219,ATUS,2020-11-05,0 days 15:59:49.307460,179675,29.36,29.35,4929,552,607,-2587
220,ATUS,2020-11-05,0 days 15:59:54.309421,158178,29.38,29.37,2900,2291,-17391,3597
221,AUY,2020-11-05,0 days 15:58:02.024280,144127,5.97,5.96,244213,278226,-2234,3996
222,AVTR,2020-11-05,0 days 15:55:00.225206,292341,25.38,25.37,1199,9422,-33811,3647
223,AVTR,2020-11-05,0 days 15:55:01.225402,274742,25.38,25.37,2505,9681,16999,-33811
224,AVTR,2020-11-05,0 days 15:57:35.231374,307055,25.37,25.36,1074,4068,-1933,2667
225,AVTR,2020-11-05,0 days 15:58:10.232104,307055,25.37,25.36,2671,6466,-466,4467
226,AVTR,2020-11-05,0 days 15:58:11.233516,303821,25.37,25.36,2666,6666,3234,-466
227,AVTR,2020-11-05,0 days 15:58:24.233502,307055,25.37,25.36,2889,6535,-3866,3234
228,AVTR,2020-11-05,0 days 15:58:26.234788,303624,25.37,25.36,3839,6335,3473,-5627
229,AVTR,2020-11-05,0 days 15:59:04.235306,307109,25.37,25.36,1417,6551,-4568,1832
230,AXL,2020-11-05,0 days 15:55:01.020401,71669,7.16,7.15,4023,517,-60543,37362
231,AXL,2020-11-05,0 days 15:56:27.020576,72702,7.16,7.15,3512,2893,-121,1299
232,AXL,2020-11-05,0 days 15:56:28.020009,72123,7.16,7.15,3312,2593,579,-121
233,AXL,2020-11-05,0 days 15:58:27.025362,75397,7.16,7.15,5730,691,-12592,2086
234,AXP,2020-11-05,0 days 15:59:31.106924,386630,98.13,98.11,100,300,-3324,9379
235,AXP,2020-11-05,0 days 15:59:32.106097,379557,98.12,98.09,900,900,7073,-3324
236,AXTA,2020-11-05,0 days 15:55:00.250634,112759,26.63,26.62,2653,2199,-18683,49771
237,AXTA,2020-11-05,0 days 15:56:16.252725,129457,26.58,26.57,1916,1300,413,-687
238,AXTA,2020-11-05,0 days 15:56:17.252637,128970,26.58,26.57,2916,1300,-487,413
239,AXTA,2020-11-05,0 days 15:57:35.254565,131039,26.61,26.6,2827,1236,432,-668
240,AXTA,2020-11-05,0 days 15:57:36.255044,130771,26.6,26.59,3600,1410,-268,432
241,AXTA,2020-11-05,0 days 15:57:58.256312,131160,26.6,26.59,3700,3644,111,-2789
242,AXTA,2020-11-05,0 days 15:57:59.256727,130871,26.6,26.59,2978,4539,-289,111
243,AXTA,2020-11-05,0 days 15:58:07.257474,131790,26.6,26.59,3390,3144,69,-2031
244,AXTA,2020-11-05,0 days 15:58:08.256862,131259,26.6,26.59,3990,2844,-531,69
245,AXTA,2020-11-05,0 days 15:59:14.252087,135872,26.6,26.59,2500,1518,2697,-1215
246,AXTA,2020-11-05,0 days 15:59:15.251316,134969,26.6,26.59,400,3790,-903,2697
247,AXTA,2020-11-05,0 days 15:59:35.244382,138865,26.59,26.58,3169,2069,-947,1153
248,AXTA,2020-11-05,0 days 15:59:36.244972,139812,26.59,26.58,2269,1569,1613,-947
249,AZUL,2020-11-05,0 days 15:58:01.246555,19710,13.82,13.81,209,4600,20,-80
250,AZUL,2020-11-05,0 days 15:58:03.246745,18830,13.83,13.81,3952,5200,-864,36
251,AZUL,2020-11-05,0 days 15:59:24.247228,21125,13.82,13.81,1550,2180,758,-574
252,AZUL,2020-11-05,0 days 15:59:25.247762,20583,13.82,13.81,1366,2480,-542,758
253,AZUL,2020-11-05,0 days 15:59:46.247842,21147,13.82,13.81,3028,1880,1048,-344
254,AZUL,2020-11-05,0 days 15:59:47.247681,20795,13.82,13.81,3328,2080,-352,1048
255,BA,2020-11-05,0 days 15:59:25.305544,553594,157.38,157.35,998,762,-15039,214935
256,BA,2020-11-05,0 days 15:59:26.305739,544211,157.32,157.28,800,215,9383,-15039
257,BA,2020-11-05,0 days 15:59:38.307389,552594,157.36,157.33,400,232,-10163,13
258,BA,2020-11-05,0 days 15:59:39.306458,535635,157.3,157.27,720,100,19459,-10163
259,BA,2020-11-05,0 days 15:59:40.307651,553594,157.36,157.29,1100,325,-801,19459
260,BA,2020-11-05,0 days 15:59:41.307070,552338,157.34,157.29,400,225,1256,-801
261,BA,2020-11-05,0 days 15:59:47.307258,555737,157.33,157.28,300,549,-17228,3903
262,BA,2020-11-05,0 days 15:59:48.308850,555265,157.3,157.28,455,111,472,-17228
263,BA,2020-11-05,0 days 15:59:57.309413,560937,157.26,157.15,100,100,-9982,9249
264,BABA,2020-11-05,0 days 15:59:07.110973,1220417,287.99,287.81,500,168,-7257,5279
265,BABA,2020-11-05,0 days 15:59:09.112288,1229057,287.99,287.89,500,500,171,-10850
266,BABA,2020-11-05,0 days 15:59:14.109870,1233622,287.84,287.74,300,200,-8526,191720
267,BABA,2020-11-05,0 days 15:59:15.109658,1231848,287.88,287.76,400,300,1774,-8526
268,BABA,2020-11-05,0 days 15:59:29.109538,1233722,287.99,287.75,500,500,-95209,105559
269,BABA,2020-11-05,0 days 15:59:39.111321,1146365,287.74,287.7,800,100,122714,-79219
270,BABA,2020-11-05,0 days 15:59:40.111555,1239775,287.86,287.8,100,1200,-106740,122714
271,BABA,2020-11-05,0 days 15:59:46.112450,1147513,287.77,287.7,1173,300,123702,-76838
272,BABA,2020-11-05,0 days 15:59:53.112002,1244475,287.81,287.65,100,109,-123513,77027
273,BABA,2020-11-05,0 days 15:59:55.115135,1167994,287.78,287.54,400,2070,77021,-123513
274,BAC,2020-11-05,0 days 15:59:39.244662,3164632,24.63,24.62,30555,80700,-229,5888
275,BAC,2020-11-05,0 days 15:59:54.245689,3123971,24.63,24.62,68750,35787,-42987,30583
276,BAM,2020-11-05,0 days 15:55:00.027646,38911,33.64,33.63,1800,592,-897,9642
277,BAM,2020-11-05,0 days 15:55:45.019302,45218,33.61,33.6,400,3600,11759,-1751
278,BAM,2020-11-05,0 days 15:55:46.019506,44477,33.61,33.6,187,4305,-741,11759
279,BAM,2020-11-05,0 days 15:55:48.019417,47118,33.62,33.61,1700,3200,239,-741
280,BAM,2020-11-05,0 days 15:57:35.022637,50318,33.6,33.59,1010,4300,327,-283
281,BAM,2020-11-05,0 days 15:58:12.023895,50645,33.59,33.58,3100,1041,-332,793
282,BAM,2020-11-05,0 days 15:58:13.024639,50277,33.59,33.58,1900,1641,368,-332
283,BAM,2020-11-05,0 days 15:58:22.025581,50645,33.59,33.57,3300,5462,-732,768
284,BAM,2020-11-05,0 days 15:58:23.024833,50177,33.59,33.57,3400,4762,468,-732
285,BAM,2020-11-05,0 days 15:59:00.030006,51554,33.63,33.62,800,985,-23,177
286,BAM,2020-11-05,0 days 15:59:02.027290,51917,33.63,33.62,900,785,385,-63
287,BAM,2020-11-05,0 days 15:59:35.027669,52717,33.66,33.65,1300,1270,304,-496
288,BAM,2020-11-05,0 days 15:59:36.027260,53021,33.66,33.65,700,2170,-662,304
289,BAX,2020-11-05,0 days 15:55:34.241216,218720,77.77,77.74,600,844,2171,-827
290,BAX,2020-11-05,0 days 15:55:35.241417,214433,77.77,77.75,500,772,-4287,2171
291,BAX,2020-11-05,0 days 15:58:20.246212,228993,77.76,77.74,245,200,511,-1789
292,BAX,2020-11-05,0 days 15:58:21.246560,226504,77.76,77.75,200,110,-2489,511
293,BAX,2020-11-05,0 days 15:58:54.247587,229882,77.82,77.8,764,200,721,-1884
294,BAX,2020-11-05,0 days 15:58:55.248038,228303,77.82,77.8,200,300,-1579,721
295,BAX,2020-11-05,0 days 15:59:14.247124,232434,77.83,77.82,400,526,579,-1349
296,BAX,2020-11-05,0 days 15:59:15.247792,231213,77.84,77.83,300,400,-1221,579
297,BAX,2020-11-05,0 days 15:59:25.247726,232434,77.83,77.81,364,400,6153,-2551
298,BAX,2020-11-05,0 days 15:59:26.247625,230267,77.83,77.81,264,400,-2267,6153
299,BAX,2020-11-05,0 days 15:59:45.249382,232534,77.86,77.82,400,300,489,-23
300,BAX,2020-11-05,0 days 15:59:46.247715,232323,77.86,77.82,400,300,-211,489
301,BAX,2020-11-05,0 days 15:59:47.247596,232534,77.84,77.81,400,100,571,-211
302,BBD,2020-11-05,0 days 15:59:36.237108,434232,3.79,3.78,840770,540181,-120904,148082
303,BBD,2020-11-05,0 days 15:59:37.238033,425936,3.79,3.78,840570,538081,8296,-120904
304,BBVA,2020-11-05,0 days 15:59:36.234568,21345,3.01,3.0,70770,361398,-3761,5239
305,BEN,2020-11-05,0 days 15:55:52.301390,206263,20.13,20.12,1616,5519,-6345,255
306,BEN,2020-11-05,0 days 15:55:53.300822,204108,20.13,20.12,2016,5719,2155,-6345
307,BEN,2020-11-05,0 days 15:57:36.303595,220181,20.12,20.11,4710,3109,-2276,224
308,BEN,2020-11-05,0 days 15:57:37.303552,218057,20.12,20.11,5110,2500,1624,-2276
309,BEN,2020-11-05,0 days 15:58:22.303852,232762,20.1,20.09,3759,4118,-103,4597
310,BEN,2020-11-05,0 days 15:58:23.303569,229665,20.1,20.09,3388,4276,3097,-103
311,BEN,2020-11-05,0 days 15:58:26.304245,232762,20.1,20.09,3888,4076,-103,3097
312,BEN,2020-11-05,0 days 15:58:27.304353,229667,20.1,20.09,4588,3876,5056,-103
313,BEN,2020-11-05,0 days 15:58:53.304879,229667,20.11,20.1,3033,3943,624,-5444
314,BEN,2020-11-05,0 days 15:59:14.305678,242138,20.14,20.12,5100,8133,-1737,4650
315,BEN,2020-11-05,0 days 15:59:15.306138,240545,20.14,20.12,5400,7873,1193,-1737
316,BEN,2020-11-05,0 days 15:59:46.307196,249507,20.14,20.13,3567,6793,-5763,867
317,BEN,2020-11-05,0 days 15:59:47.307189,248170,20.14,20.13,3767,6393,1337,-5763
318,BHC,2020-11-05,0 days 15:56:56.104251,57435,16.74,16.73,3102,9308,1760,-840
319,BHC,2020-11-05,0 days 15:56:57.104454,56895,16.74,16.73,3802,9008,-540,1760
320,BHC,2020-11-05,0 days 15:57:27.105555,64556,16.74,16.73,2165,9395,1839,-940
321,BHC,2020-11-05,0 days 15:57:28.105394,63395,16.74,16.73,10218,6631,-1161,1839
322,BHC,2020-11-05,0 days 15:57:38.105765,64556,16.74,16.73,3165,7831,339,-1161
323,BHC,2020-11-05,0 days 15:57:39.105841,63295,16.74,16.73,3450,9456,-1261,339
324,BHC,2020-11-05,0 days 15:59:46.113063,71880,16.74,16.73,6993,2869,473,-925
325,BHP,2020-11-05,0 days 15:58:12.303943,55185,50.04,50.03,5344,1859,1356,-1219
326,BHP,2020-11-05,0 days 15:58:13.303882,53441,50.04,50.03,5144,1859,-1744,1356
327,BHP,2020-11-05,0 days 15:59:36.306111,56102,50.09,50.08,3800,500,2606,-391
328,BHP,2020-11-05,0 days 15:59:37.306321,55208,50.09,50.08,2800,600,-94,2606
329,BHP,2020-11-05,0 days 15:59:46.307237,57722,50.1,50.09,1794,600,431,-2514
330,BHP,2020-11-05,0 days 15:59:48.308802,56853,50.1,50.09,3794,200,-869,431
331,BK,2020-11-05,0 days 15:56:29.104692,399638,35.63,35.62,4100,3833,426,-983
332,BK,2020-11-05,0 days 15:56:37.104109,392864,35.63,35.62,2606,5876,-6774,1326
333,BK,2020-11-05,0 days 15:57:37.107309,414098,35.59,35.58,6604,2000,2231,-4569
334,BK,2020-11-05,0 days 15:57:38.105700,408829,35.59,35.58,3569,3513,-4806,2231
335,BK,2020-11-05,0 days 15:57:41.105680,414098,35.59,35.58,1808,3561,431,-4806
336,BK,2020-11-05,0 days 15:57:43.105523,409129,35.6,35.59,5421,2359,-4506,431
337,BK,2020-11-05,0 days 15:58:30.109092,412631,35.56,35.55,978,4613,-3995,805
338,BK,2020-11-05,0 days 15:59:04.110580,417618,35.58,35.57,4170,1200,3440,-1753
339,BK,2020-11-05,0 days 15:59:05.110198,415034,35.58,35.57,3400,1700,-2584,3440
340,BK,2020-11-05,0 days 15:59:06.110710,411814,35.59,35.58,300,4600,9493,-2584
341,BK,2020-11-05,0 days 15:59:07.111484,410107,35.6,35.59,2028,4451,-2264,9493
342,BK,2020-11-05,0 days 15:59:28.110225,412903,35.62,35.61,3714,1726,1005,-2389
343,BK,2020-11-05,0 days 15:59:34.111427,413908,35.63,35.62,5128,575,-2337,1005
344,BK,2020-11-05,0 days 15:59:44.111760,421939,35.62,35.61,4288,1743,-2232,4668
345,BK,2020-11-05,0 days 15:59:48.111802,424171,35.62,35.61,5548,783,2368,-1182
346,BK,2020-11-05,0 days 15:59:54.114306,423172,35.64,35.63,1400,2839,-999,17836
347,BKR,2020-11-05,0 days 15:55:01.103173,534060,15.73,15.72,8833,600,9930,-19570
348,BKR,2020-11-05,0 days 15:56:19.105010,545027,15.71,15.7,7568,1100,-14455,1345
349,BKR,2020-11-05,0 days 15:56:20.104801,537282,15.7,15.69,3690,4210,7745,-14455
350,BKR,2020-11-05,0 days 15:58:18.103938,536062,15.75,15.74,4822,1800,-7348,3852
351,BKR,2020-11-05,0 days 15:59:08.107066,563991,15.72,15.71,8700,1519,-48690,30072
352,BLL,2020-11-05,0 days 15:55:00.240508,102796,97.26,97.23,100,100,-665,10264
353,BLL,2020-11-05,0 days 15:55:01.238834,102561,97.23,97.18,100,100,235,-665
354,BLL,2020-11-05,0 days 15:55:02.239026,102096,97.22,97.17,205,197,-465,235
355,BLL,2020-11-05,0 days 15:55:18.240414,102561,97.17,97.13,417,100,33,-262
356,BLL,2020-11-05,0 days 15:55:19.240711,102194,97.17,97.13,417,100,-367,33
357,BLL,2020-11-05,0 days 15:55:23.240883,102661,97.17,97.12,500,109,1623,-467
358,BLL,2020-11-05,0 days 15:55:24.240720,102530,97.17,97.12,400,109,-131,1623
359,BLL,2020-11-05,0 days 15:55:35.241492,102661,97.17,97.13,492,200,226,-131
360,BLL,2020-11-05,0 days 15:55:36.241598,102487,97.17,97.13,492,200,-174,226
361,BLL,2020-11-05,0 days 15:55:46.242035,103819,97.15,97.11,289,103,48,-227
362,BLL,2020-11-05,0 days 15:55:47.241684,103667,97.17,97.11,300,103,-152,48
363,BLL,2020-11-05,0 days 15:56:14.243073,103819,97.17,97.1,400,341,444,-154
364,BLL,2020-11-05,0 days 15:57:25.246536,105012,97.25,97.2,100,200,-743,357
365,BLL,2020-11-05,0 days 15:57:26.244986,104655,97.24,97.13,100,900,957,-743
366,BLL,2020-11-05,0 days 15:57:34.246088,105112,97.21,97.18,100,100,-1243,357
367,BLL,2020-11-05,0 days 15:57:42.243642,110655,97.2,97.1,373,100,757,-1143
368,BLL,2020-11-05,0 days 15:57:43.244412,110112,97.2,97.14,373,370,-543,757
369,BLL,2020-11-05,0 days 15:57:56.244917,111155,97.2,97.14,648,473,157,-443
370,BLL,2020-11-05,0 days 15:57:57.245028,110512,97.2,97.14,648,373,-643,157
371,BLL,2020-11-05,0 days 15:58:01.246664,110202,97.2,97.14,637,573,310,-643
372,BLL,2020-11-05,0 days 15:58:02.246170,109612,97.2,97.14,637,573,-590,310
373,BLL,2020-11-05,0 days 15:58:03.246766,110202,97.2,97.14,637,573,110,-590
374,BLL,2020-11-05,0 days 15:58:04.246627,109612,97.2,97.14,537,673,-590,110
375,BLL,2020-11-05,0 days 15:58:08.246315,108802,97.15,97.08,100,206,1710,-490
376,BLL,2020-11-05,0 days 15:58:15.246708,108002,97.11,97.08,111,290,356,-1044
377,BLL,2020-11-05,0 days 15:58:19.246526,106705,97.1,97.02,200,400,-197,303
378,BLL,2020-11-05,0 days 15:58:29.248105,107704,97.11,97.04,100,100,801,-199
379,BLL,2020-11-05,0 days 15:58:30.247242,107405,97.11,97.05,200,100,-299,801
380,BLL,2020-11-05,0 days 15:59:04.248890,110430,97.17,97.08,300,103,328,-885
381,BLL,2020-11-05,0 days 15:59:06.248265,109463,97.17,97.13,100,103,-967,328
382,BLL,2020-11-05,0 days 15:59:40.246984,114458,97.29,97.17,700,594,-283,817
383,BLL,2020-11-05,0 days 15:59:50.251782,114386,97.19,97.1,351,400,672,-228
384,BMY,2020-11-05,0 days 15:55:23.300362,696451,63.7,63.69,1728,1190,1826,-1115
385,BMY,2020-11-05,0 days 15:55:24.299956,688336,63.7,63.69,1428,1390,-8115,1826
386,BMY,2020-11-05,0 days 15:58:26.304245,739091,63.91,63.89,995,2100,-11765,3435
387,BMY,2020-11-05,0 days 15:59:15.306138,784382,63.99,63.98,100,800,19780,-8736
388,BMY,2020-11-05,0 days 15:59:26.305678,776599,63.98,63.97,700,1100,-8715,25994
389,BMY^,2020-11-05,0 days 15:55:01.020401,5420,1.2,1.19,1500,34458,109880,-320
390,BMY^,2020-11-05,0 days 15:58:23.024792,100,1.28,1.25,200,29000,-34628,80572
391,BP,2020-11-05,0 days 15:55:01.020265,151138,15.84,15.83,41700,42761,-41931,60838
392,BP,2020-11-05,0 days 15:55:02.017572,144069,15.84,15.83,55910,33639,7069,-41931
393,BP,2020-11-05,0 days 15:55:35.018795,151138,15.84,15.83,64985,20948,-4345,6169
394,BP,2020-11-05,0 days 15:55:36.019020,145183,15.84,15.83,63885,23496,5955,-4345
395,BP,2020-11-05,0 days 15:59:08.028153,162685,15.82,15.81,31600,79824,-20027,7919
396,BP,2020-11-05,0 days 15:59:09.026460,159812,15.82,15.81,27261,82624,2873,-20027
397,BP,2020-11-05,0 days 15:59:46.025680,162685,15.82,15.81,5765,79601,-19159,2148
398,BRK.B,2020-11-05,0 days 15:58:27.234027,469153,207.0,206.98,8056,292,24722,-15278
399,BRK.B,2020-11-05,0 days 15:58:30.233933,458642,207.36,207.2,250,100,-19133,1813
400,BRK.B,2020-11-05,0 days 15:58:39.234522,476699,207.28,207.19,600,112,84243,-7953
401,BRK.B,2020-11-05,0 days 15:58:41.235145,508642,207.37,207.33,200,550,-11900,42043
402,BRK.B,2020-11-05,0 days 15:58:42.234650,490893,207.34,207.23,213,550,17749,-11900
403,BRK.B,2020-11-05,0 days 15:58:45.233956,501542,207.4,207.3,501,500,-23018,72161
404,BRK.B,2020-11-05,0 days 15:58:46.233549,485060,207.4,207.32,501,450,16482,-23018
405,BRK.B,2020-11-05,0 days 15:58:59.235243,452542,207.45,207.37,283,550,-44783,12932
406,BRX,2020-11-05,0 days 15:56:26.301345,242031,11.63,11.62,20100,7589,-1219,2308
407,BRX,2020-11-05,0 days 15:56:27.301711,239650,11.63,11.62,19400,7405,2381,-1219
408,BRX,2020-11-05,0 days 15:58:14.303620,257803,11.62,11.61,5100,7575,-2092,4708
409,BRX,2020-11-05,0 days 15:58:15.303752,254095,11.62,11.61,5500,7440,3708,-2092
410,BRX,2020-11-05,0 days 15:59:07.306811,268799,11.62,11.61,6429,7314,-89349,2854
411,BRX,2020-11-05,0 days 15:59:39.306458,342959,11.61,11.6,6497,2755,-2931,6269
412,BRX,2020-11-05,0 days 15:59:44.306935,350744,11.61,11.6,7114,470,-4037,1600
413,BRX,2020-11-05,0 days 15:59:48.308880,347588,11.61,11.6,2536,4200,1413,-4891
414,BRX,2020-11-05,0 days 15:59:49.307734,344801,11.61,11.6,2836,4100,-2787,1413
415,BSAC,2020-11-05,0 days 15:55:52.248153,24384,15.28,15.27,602,700,-94,202
416,BSAC,2020-11-05,0 days 15:55:53.248207,23278,15.28,15.27,602,400,1106,-94
417,BSAC,2020-11-05,0 days 15:57:47.251256,26984,15.3,15.29,300,100,-1147,408
418,BSAC,2020-11-05,0 days 15:57:48.251372,26731,15.3,15.29,300,100,153,-1147
419,BSAC,2020-11-05,0 days 15:58:27.253950,27184,15.29,15.27,827,200,-1276,1004
420,BSAC,2020-11-05,0 days 15:58:28.254863,27660,15.3,15.28,300,300,736,-1276
421,BSX,2020-11-05,0 days 15:59:27.231833,1262225,35.25,35.24,1981,3633,-12015,7676
422,BTI,2020-11-05,0 days 15:57:53.023025,13966,32.7,32.69,3219,2044,1569,-2459
423,BTI,2020-11-05,0 days 15:57:54.022847,13635,32.7,32.69,2200,2944,-31,1569
424,BTI,2020-11-05,0 days 15:58:10.024669,13966,32.68,32.67,1500,2900,2068,-2832
425,BTI,2020-11-05,0 days 15:58:11.024759,11434,32.68,32.67,5100,2400,-2332,2068
426,BTI,2020-11-05,0 days 15:59:06.027919,13891,32.67,32.65,2010,7377,175,-292
427,BTI,2020-11-05,0 days 15:59:07.026536,13666,32.66,32.65,200,6277,-225,175
428,BTI,2020-11-05,0 days 15:59:36.027223,14091,32.67,32.66,5215,3089,2655,-861
429,BWA,2020-11-05,0 days 15:55:00.100861,126800,37.09,37.08,1672,1025,6946,-39620
430,BWA,2020-11-05,0 days 15:55:01.102078,126446,37.08,37.07,900,1125,-354,6946
431,BWA,2020-11-05,0 days 15:55:48.103617,129593,37.04,37.03,871,801,544,-556
432,BWA,2020-11-05,0 days 15:55:50.103935,128937,37.07,37.06,800,403,-656,544
433,BWA,2020-11-05,0 days 15:57:28.105303,133117,37.06,37.05,748,600,1161,-739
434,BWA,2020-11-05,0 days 15:57:29.104867,132378,37.06,37.05,300,800,-739,1161
435,BWA,2020-11-05,0 days 15:57:37.107194,135317,37.04,37.03,273,1000,201,-799
436,BWA,2020-11-05,0 days 15:57:38.105628,134518,37.04,37.03,573,800,-799,201
437,BWA,2020-11-05,0 days 15:59:37.111053,167212,37.07,37.06,600,500,499,-6301
438,BWA,2020-11-05,0 days 15:59:41.111758,162941,37.07,37.06,600,901,-4180,1561
439,BWA,2020-11-05,0 days 15:59:43.111472,167212,37.07,37.05,1400,1000,919,-1480
440,BWA,2020-11-05,0 days 15:59:46.112546,166485,37.06,37.05,1068,558,-636,1996
441,BX,2020-11-05,0 days 15:55:00.226783,146684,57.46,57.45,300,500,-1296,4027
442,BX,2020-11-05,0 days 15:55:01.225726,145780,57.46,57.45,1690,276,904,-1296
443,BX,2020-11-05,0 days 15:58:12.233211,158874,57.49,57.48,1281,1347,-1341,1507
444,BX,2020-11-05,0 days 15:58:13.233636,157015,57.49,57.48,1156,1347,1859,-1341
445,BX,2020-11-05,0 days 15:59:04.235590,158874,57.45,57.44,985,2095,-271,1629
446,BX,2020-11-05,0 days 15:59:06.235621,157989,57.45,57.44,980,1516,885,-270
447,C,2020-11-05,0 days 15:59:30.247270,831997,43.12,43.11,426,9900,17736,-19753
448,C,2020-11-05,0 days 15:59:40.243738,834445,43.13,43.12,2312,10400,-32548,8398
449,C,2020-11-05,0 days 15:59:49.244105,867093,43.13,43.12,12000,1634,505,-2127
450,CAG,2020-11-05,0 days 15:58:54.109076,250146,36.17,36.16,1500,918,1178,-20322
451,CAG,2020-11-05,0 days 15:59:14.110332,262304,36.21,36.2,600,2200,3998,-145
452,CAG,2020-11-05,0 days 15:59:26.110673,276164,36.22,36.2,2500,1500,-16779,524
453,CAH,2020-11-05,0 days 15:59:25.237522,286464,53.16,53.08,100,400,52895,-952
454,CAH,2020-11-05,0 days 15:59:26.236829,284059,53.16,53.11,100,800,-3905,52895
455,CAH,2020-11-05,0 days 15:59:37.238075,292837,53.16,53.09,100,200,-135,1478
456,CAH,2020-11-05,0 days 15:59:38.237503,289186,53.09,53.03,750,100,27651,-135
457,CAH,2020-11-05,0 days 15:59:39.237496,288470,53.09,53.03,100,500,-216,27651
458,CAH,2020-11-05,0 days 15:59:40.237831,288686,53.13,53.04,200,640,84,-216
459,CAH,2020-11-05,0 days 15:59:41.237750,288737,53.13,53.04,200,600,-449,84
460,CAH,2020-11-05,0 days 15:59:49.237613,292933,53.15,53.09,320,800,-1031,2969
461,CAH,2020-11-05,0 days 16:00:00.239023,288586,53.08,52.96,200,700,2305,-1542
462,CARR,2020-11-05,0 days 15:57:04.230230,683861,38.25,38.24,1161,422,-8835,19734
463,CARR,2020-11-05,0 days 15:57:05.230163,679596,38.25,38.23,2280,600,4265,-8835
464,CARR,2020-11-05,0 days 15:57:34.231904,685061,38.29,38.28,1000,111,-542,2858
465,CARR,2020-11-05,0 days 15:57:35.231690,683603,38.29,38.28,900,111,958,-542
466,CARR,2020-11-05,0 days 15:57:36.231545,685061,38.29,38.28,900,111,-142,958
467,CARR,2020-11-05,0 days 15:57:37.232328,682803,38.29,38.28,1100,511,1758,-142
468,CARR,2020-11-05,0 days 15:58:28.234865,706193,38.25,38.24,120,1600,-194,2706
469,CARR,2020-11-05,0 days 15:58:29.234463,702787,38.25,38.24,1117,100,3406,-194
470,CARR,2020-11-05,0 days 15:59:06.235608,705857,38.24,38.23,900,300,-250079,1182
471,CARR,2020-11-05,0 days 15:59:36.234698,1090581,38.18,38.17,900,300,9408,-9052
472,CARR,2020-11-05,0 days 15:59:37.235001,1085461,38.18,38.17,1200,300,-5120,9408
473,CARR,2020-11-05,0 days 15:59:45.237154,1102920,38.21,38.19,300,700,8125,-6806
474,CARR,2020-11-05,0 days 15:59:46.235060,1098345,38.21,38.19,100,700,-5229,8125
475,CARR,2020-11-05,0 days 15:59:47.234507,1104574,38.22,38.2,1000,100,25679,-5229
476,CARR,2020-11-05,0 days 15:59:49.235374,1103323,38.22,38.2,693,900,-968,5938
477,CAT,2020-11-05,0 days 15:59:15.234538,260895,163.24,163.15,100,700,2141,-4932
478,CAT,2020-11-05,0 days 15:59:16.233749,216356,163.26,163.16,100,500,-44626,2141
479,CAT,2020-11-05,0 days 15:59:36.234660,261311,163.26,163.13,899,200,18193,-2985
480,CAT,2020-11-05,0 days 15:59:37.234948,258728,163.3,163.23,306,100,-2881,18193
481,CAT,2020-11-05,0 days 15:59:44.234381,261642,163.25,163.17,500,500,32820,-10094
482,CAT,2020-11-05,0 days 15:59:48.237185,262127,163.29,163.17,200,100,-314,541
483,CCJ,2020-11-05,0 days 15:56:27.232051,62766,9.27,9.26,19403,10166,-1222,1198
484,CDE,2020-11-05,0 days 15:55:30.247690,109968,8.6,8.59,13609,200,136,-2598
485,CDE,2020-11-05,0 days 15:55:31.247283,107514,8.6,8.59,6419,3876,-2454,136
486,CDE,2020-11-05,0 days 15:55:36.247912,111268,8.6,8.59,6569,4799,386,-3754
487,CDE,2020-11-05,0 days 15:55:37.247725,109664,8.6,8.59,6569,5348,-1604,386
488,CDE,2020-11-05,0 days 15:56:31.248849,111496,8.6,8.59,22387,1866,6024,-1177
489,CDE,2020-11-05,0 days 15:56:32.249155,102420,8.6,8.59,21087,3466,-9076,6024
490,CDE,2020-11-05,0 days 15:57:13.250474,111496,8.57,8.56,7920,7854,9534,-9066
491,CDE,2020-11-05,0 days 15:57:14.250899,102430,8.57,8.56,7920,7854,-9066,9534
492,CFG,2020-11-05,0 days 15:55:00.240300,380052,28.95,28.94,3157,2663,57419,-23391
493,CFG,2020-11-05,0 days 15:56:11.243329,400827,28.93,28.92,2162,3266,266,-4534
494,CFG,2020-11-05,0 days 15:56:12.242617,399093,28.93,28.92,1962,4366,-1734,266
495,CFG,2020-11-05,0 days 15:57:34.246088,402227,28.93,28.92,5344,7269,3198,-2802
496,CFG,2020-11-05,0 days 15:58:41.247433,423505,28.91,28.9,890,4310,-3209,3691
497,CFG,2020-11-05,0 days 15:58:42.249000,421914,28.91,28.9,1890,2962,1591,-3209
498,CFG,2020-11-05,0 days 15:59:05.247822,426706,28.91,28.9,2566,2323,2573,-5927
499,CHWY,2020-11-05,0 days 15:56:27.253119,28362,67.78,67.7,100,200,-325,975
500,CHWY,2020-11-05,0 days 15:56:28.252660,27487,67.78,67.7,100,300,875,-325
501,CHWY,2020-11-05,0 days 15:57:20.254378,28462,67.68,67.65,1007,413,-11,189
502,CHWY,2020-11-05,0 days 15:57:21.255730,27673,67.68,67.65,907,409,1260,-11
503,CHWY,2020-11-05,0 days 15:59:10.252426,30194,67.73,67.69,310,916,-7783,1285
504,CHWY,2020-11-05,0 days 15:59:11.252763,29976,67.72,67.67,585,800,218,-7783
505,CHWY,2020-11-05,0 days 15:59:36.245071,30393,67.76,67.71,200,188,-2491,401
506,CHWY,2020-11-05,0 days 15:59:57.246893,32586,67.62,67.58,100,188,54,-246
507,CHWY,2020-11-05,0 days 16:00:00.246478,32540,67.67,67.47,600,600,-246,54
508,CI,2020-11-05,0 days 15:58:08.232907,174850,214.92,214.72,100,100,1287,-1113
509,CI,2020-11-05,0 days 15:58:10.232834,176137,215.18,214.74,400,100,-1216,1287
510,CI,2020-11-05,0 days 15:59:10.235626,178172,214.89,214.79,300,732,-276,1524
511,CI,2020-11-05,0 days 15:59:25.234290,182189,214.6,214.44,235,100,3809,-114
512,CI,2020-11-05,0 days 15:59:49.235403,176208,214.22,214.06,496,100,-732,268
513,CIM,2020-11-05,0 days 15:57:51.231767,139693,9.08,9.07,16934,18134,1232,-6968
514,CIM,2020-11-05,0 days 15:57:52.232037,137025,9.08,9.07,19495,18136,-2668,1232
515,CIM,2020-11-05,0 days 15:59:01.235424,139093,9.09,9.08,17484,21695,366,-1826
516,CIM,2020-11-05,0 days 15:59:05.234945,137559,9.09,9.08,16584,23495,-1534,366
517,CIM,2020-11-05,0 days 15:59:24.234350,138908,9.09,9.08,21610,19784,2225,-1349
518,CIM,2020-11-05,0 days 15:59:25.234102,137633,9.09,9.08,21410,19384,-1275,2225
519,CIM,2020-11-05,0 days 15:59:33.237665,139314,9.09,9.08,22821,17972,5319,-1681
520,CIT,2020-11-05,0 days 15:57:56.251999,225343,32.01,32.0,400,436,-46319,5381
521,CIT,2020-11-05,0 days 15:57:57.252129,222162,32.0,31.99,400,1000,3181,-46319
522,CIT,2020-11-05,0 days 15:58:28.254785,227583,32.0,31.99,448,869,-779,3821
523,CIT,2020-11-05,0 days 15:59:41.256096,229850,32.01,32.0,400,815,392,-2008
524,CL,2020-11-05,0 days 15:56:19.249203,336982,83.08,83.06,500,200,3415,-5985
525,CL,2020-11-05,0 days 15:57:27.250748,339349,83.17,83.15,100,344,-4979,699
526,CL,2020-11-05,0 days 15:57:34.251269,344328,83.17,83.16,603,100,1099,-4379
527,CL,2020-11-05,0 days 15:57:41.251060,328849,83.17,83.15,603,357,-15779,5899
528,CL,2020-11-05,0 days 15:57:42.251370,340206,83.12,83.11,400,100,6343,-15779
529,CL,2020-11-05,0 days 15:57:43.250980,332049,83.15,83.13,300,100,-10757,6343
530,CL,2020-11-05,0 days 15:58:14.253218,339841,83.05,83.03,500,200,-1401,399
531,CL,2020-11-05,0 days 15:58:15.252957,342117,83.03,83.02,100,300,1824,-1401
532,CL,2020-11-05,0 days 15:58:18.253227,339441,83.01,83.0,300,200,-876,1224
533,CL,2020-11-05,0 days 15:58:34.253974,343065,83.05,83.02,200,501,-1262,538
534,CL,2020-11-05,0 days 15:59:03.255930,346133,83.08,83.06,800,100,1703,-3834
535,CL,2020-11-05,0 days 15:59:04.255819,345667,83.07,83.05,300,100,-466,1703
536,CL,2020-11-05,0 days 15:59:21.255926,360360,83.11,83.09,500,100,3584,-9841
537,CL,2020-11-05,0 days 15:59:22.255800,357844,83.11,83.09,500,200,-2516,3584
538,CL,2020-11-05,0 days 15:59:25.256306,360360,83.09,83.07,100,200,3879,-911
539,CL,2020-11-05,0 days 15:59:26.255807,359362,83.09,83.07,200,200,-998,3879
540,CLDR,2020-11-05,0 days 15:59:21.256015,172042,10.49,10.48,5086,6516,1035,-574
541,CLDR,2020-11-05,0 days 15:59:22.255876,170177,10.49,10.48,1900,6779,-1865,1035
542,CLF,2020-11-05,0 days 15:55:00.027608,157798,8.25,8.24,15897,16647,-2539,8721
543,CLF,2020-11-05,0 days 15:59:00.030006,188251,8.24,8.23,1327,46983,-17641,2427
544,CLF,2020-11-05,0 days 15:59:22.026536,203098,8.25,8.24,14574,41228,3129,-3352
545,CLNY,2020-11-05,0 days 15:57:16.106508,199655,3.74,3.73,23579,3685,26,-1152
546,CLNY,2020-11-05,0 days 15:57:17.106850,193881,3.73,3.72,24669,21464,-5774,26
547,CLNY,2020-11-05,0 days 15:59:32.106063,201791,3.73,3.72,17195,14146,1710,-442
548,CLR,2020-11-05,0 days 15:56:03.104862,90683,13.28,13.27,1824,1000,877,-823
549,CLR,2020-11-05,0 days 15:56:05.104971,91760,13.26,13.25,1924,1388,-3176,3699
550,CLR,2020-11-05,0 days 15:56:06.104318,91036,13.27,13.26,2173,2288,724,-3176
551,CLR,2020-11-05,0 days 15:56:21.104893,92160,13.26,13.25,4468,2351,-95,1124
552,CLR,2020-11-05,0 days 15:56:22.104964,91455,13.26,13.25,4468,2251,705,-95
553,CLR,2020-11-05,0 days 15:56:29.104913,92160,13.26,13.25,3883,3043,-564,705
554,CLR,2020-11-05,0 days 15:56:30.105724,91624,13.26,13.25,3983,2943,436,-564
555,CLR,2020-11-05,0 days 15:56:34.105540,92160,13.28,13.27,1210,1800,-2086,436
556,CLR,2020-11-05,0 days 15:56:35.105477,91846,13.28,13.27,1210,1804,114,-2086
557,CLR,2020-11-05,0 days 15:56:36.106552,66871,13.31,13.3,1000,3000,-24975,114
558,CLR,2020-11-05,0 days 15:57:31.106858,131274,13.3,13.29,1591,400,-944,2056
559,CLR,2020-11-05,0 days 15:58:23.103668,117384,13.3,13.29,714,3354,-327,873
560,CLR,2020-11-05,0 days 15:59:10.107171,112063,13.31,13.3,1498,100,-315,12985
561,CLR,2020-11-05,0 days 15:59:30.109097,117577,13.31,13.3,1577,400,4030,-5474
562,CLR,2020-11-05,0 days 15:59:31.106924,121607,13.31,13.3,517,1400,-2970,4030
563,CMC,2020-11-05,0 days 15:55:01.019745,61309,19.5,19.49,920,551,-2458,2830
564,CMC,2020-11-05,0 days 15:55:02.017286,60167,19.49,19.47,686,300,1142,-2458
565,CMC,2020-11-05,0 days 15:55:37.019238,62368,19.45,19.44,289,500,-199,2201
566,CMC,2020-11-05,0 days 15:55:38.018373,61467,19.45,19.44,489,300,901,-199
567,CMC,2020-11-05,0 days 15:55:50.019696,62976,19.46,19.45,1042,900,-127,1509
568,CMC,2020-11-05,0 days 15:55:51.019240,62103,19.46,19.45,641,776,873,-127
569,CMC,2020-11-05,0 days 15:56:31.020166,62976,19.45,19.43,987,956,-991,309
570,CMC,2020-11-05,0 days 15:56:32.020676,62767,19.44,19.43,311,1075,209,-991
571,CMC,2020-11-05,0 days 15:57:23.021198,64676,19.44,19.43,918,200,-291,209
572,CMC,2020-11-05,0 days 15:59:02.026725,73144,19.47,19.46,1210,400,-213,1793
573,CMC,2020-11-05,0 days 15:59:03.025759,72557,19.47,19.45,1410,400,116,-213
574,CMC,2020-11-05,0 days 15:59:06.027532,73144,19.46,19.45,295,1741,-2557,587
575,CNC,2020-11-05,0 days 15:55:00.239391,218459,67.84,67.78,210,100,7472,-37529
576,CNC,2020-11-05,0 days 15:55:34.241216,226320,67.82,67.77,600,500,-977,2759
577,CNC,2020-11-05,0 days 15:55:35.241417,224197,67.8,67.79,100,4166,2123,-977
578,CNC,2020-11-05,0 days 15:57:35.246027,243657,67.8,67.78,200,310,-1119,2931
579,CNC,2020-11-05,0 days 15:57:36.244751,241076,67.8,67.78,400,210,2641,-1119
580,CNC,2020-11-05,0 days 15:58:05.247119,243275,67.9,67.87,100,330,-3481,4101
581,CNC,2020-11-05,0 days 15:58:06.246380,238556,67.88,67.85,100,301,4719,-3481
582,CNC,2020-11-05,0 days 15:58:39.247093,244563,67.89,67.87,200,200,-3674,326
583,CNC,2020-11-05,0 days 15:58:40.247148,242437,67.88,67.87,500,200,2126,-3674
584,CNC,2020-11-05,0 days 15:58:50.247458,242937,67.89,67.85,100,200,1626,-2874
585,CNC,2020-11-05,0 days 15:59:01.247613,244563,67.92,67.9,2800,110,-140,1460
586,CNC,2020-11-05,0 days 15:59:02.247982,245210,67.91,67.89,400,300,218,-140
587,CNC,2020-11-05,0 days 15:59:04.248741,245428,67.92,67.9,3000,300,-1182,218
588,CNC,2020-11-05,0 days 15:59:05.247679,245910,67.91,67.89,1784,200,4795,-1182
589,CNC,2020-11-05,0 days 15:59:09.247215,261619,67.9,67.86,785,300,-17515,11944
590,CNC,2020-11-05,0 days 15:59:10.247628,261408,67.9,67.86,991,100,211,-17515
591,CNC,2020-11-05,0 days 15:59:16.246678,260245,67.96,67.92,100,675,999,-601
592,CNC,2020-11-05,0 days 15:59:24.247203,261244,67.96,67.91,100,100,-9678,999
593,CNC,2020-11-05,0 days 15:59:25.247762,259722,67.96,67.89,200,100,2207,-9678
594,CNC,2020-11-05,0 days 15:59:26.247625,261554,67.97,67.88,200,200,-1968,2207
595,CNC,2020-11-05,0 days 15:59:27.247159,261322,67.97,67.91,200,100,232,-1968
596,CNC,2020-11-05,0 days 15:59:28.247100,261554,67.96,67.91,100,100,-1168,232
597,CNC,2020-11-05,0 days 15:59:45.249382,272752,67.93,67.86,100,100,4880,-7645
598,CNC,2020-11-05,0 days 16:00:00.242945,277632,67.93,67.77,100,1100,-1720,5180
599,CNHI,2020-11-05,0 days 15:55:00.239049,67296,9.1,9.09,6271,4780,2429,-12827
600,CNHI,2020-11-05,0 days 15:59:33.250956,78602,9.11,9.1,1971,10300,-1353,3647
601,CNHI,2020-11-05,0 days 15:59:34.246465,76755,9.11,9.1,3171,9200,1847,-1353
602,CNHI,2020-11-05,0 days 15:59:38.245883,78602,9.11,9.1,3171,10760,-3753,1847
603,CNHI,2020-11-05,0 days 15:59:39.246093,77255,9.11,9.1,3171,10300,1347,-3753
604,CNK,2020-11-05,0 days 15:58:58.109878,167202,9.07,9.06,1658,3349,-2325,660
605,CNK,2020-11-05,0 days 15:59:20.110820,173171,9.06,9.05,2620,757,-1075,1725
606,CNK,2020-11-05,0 days 15:59:47.113230,173671,9.07,9.06,1600,400,-2143,1125
607,CNK,2020-11-05,0 days 15:59:58.115333,169214,9.07,9.06,300,400,1657,-2291
608,CNP,2020-11-05,0 days 15:55:35.231029,347456,22.65,22.64,1249,1078,35455,-4023
609,CNP,2020-11-05,0 days 15:55:36.230970,340527,22.65,22.64,1341,1042,-6929,35455
610,CNP,2020-11-05,0 days 15:57:36.235067,359435,22.72,22.71,2359,2852,1578,-2022
611,CNP,2020-11-05,0 days 15:57:37.235066,351513,22.72,22.71,2359,2852,-7922,1578
612,CNP,2020-11-05,0 days 15:59:06.238504,369408,22.7,22.68,700,4265,542,-215
613,CNP,2020-11-05,0 days 15:59:26.236110,380095,22.72,22.71,1600,3117,-594,24906
614,CNP,2020-11-05,0 days 15:59:37.237366,387366,22.7,22.69,600,2300,-4519,6512
615,CNP,2020-11-05,0 days 15:59:39.236583,401454,22.69,22.68,1320,1821,33012,-4519
616,CNQ,2020-11-05,0 days 15:56:05.301373,47233,16.79,16.78,9851,2237,-1432,1026
617,CNQ,2020-11-05,0 days 15:56:06.301089,44765,16.79,16.78,9851,1676,2468,-1432
618,CNQ,2020-11-05,0 days 15:56:26.301345,47233,16.79,16.78,10145,2297,-1761,2468
619,CNQ,2020-11-05,0 days 15:56:27.301692,45094,16.79,16.78,10145,2297,2139,-1761
620,CNQ,2020-11-05,0 days 15:57:20.303705,47233,16.79,16.78,10724,1031,-761,139
621,CNQ,2020-11-05,0 days 15:57:21.303578,45517,16.78,16.77,4023,4340,1716,-761
622,CNQ,2020-11-05,0 days 15:57:28.303500,48902,16.79,16.78,10526,3233,-1015,2939
623,CNQ,2020-11-05,0 days 15:57:29.303621,46917,16.79,16.78,10233,4433,1985,-1015
624,CNQ,2020-11-05,0 days 15:59:38.307389,51999,16.79,16.78,4542,9105,-4416,315
625,CNQ,2020-11-05,0 days 15:59:46.307314,52199,16.79,16.78,12000,8327,-3566,65
626,CNX,2020-11-05,0 days 15:55:01.020265,165218,8.89,8.88,6157,2814,95354,-75335
627,CNX,2020-11-05,0 days 15:55:02.017525,161472,8.89,8.88,5766,2764,-3736,95354
628,CNX,2020-11-05,0 days 15:56:02.020250,167839,8.9,8.89,6050,4500,1356,-2829
629,CNX,2020-11-05,0 days 15:56:03.020148,165095,8.9,8.89,6050,4500,-2744,1356
630,CNX,2020-11-05,0 days 15:57:37.022580,180962,8.89,8.88,1980,6000,-2426,1274
631,CNX,2020-11-05,0 days 15:57:55.022965,180562,8.89,8.88,7141,7434,-2826,474
632,CNX,2020-11-05,0 days 15:59:32.026656,191091,8.92,8.91,2100,11087,555,-4507
633,CNX,2020-11-05,0 days 15:59:41.027952,191591,8.92,8.91,5065,9087,831,-1969
634,CNX,2020-11-05,0 days 15:59:48.027512,190459,8.92,8.91,5102,7387,-1132,13368
635,COF,2020-11-05,0 days 15:55:01.019948,138333,78.65,78.61,114,120,36765,-34232
636,COF,2020-11-05,0 days 15:55:02.017435,134698,78.64,78.63,100,831,-2435,36765
637,COF,2020-11-05,0 days 15:55:11.017360,137533,78.62,78.61,200,382,1315,-803
638,COF,2020-11-05,0 days 15:55:12.017547,134348,78.62,78.61,700,376,-2785,1315
639,COF,2020-11-05,0 days 15:55:22.017901,137513,78.59,78.58,800,508,609,-2587
640,COF,2020-11-05,0 days 15:55:24.018116,135194,78.59,78.58,800,624,-2019,2281
641,COF,2020-11-05,0 days 15:55:35.018680,137413,78.59,78.57,941,600,9837,-1122
642,COF,2020-11-05,0 days 15:55:36.018908,136250,78.58,78.57,400,800,-1163,9837
643,COF,2020-11-05,0 days 15:56:24.020136,138659,78.67,78.62,100,200,49285,-715
644,COF,2020-11-05,0 days 15:59:06.027633,213482,78.67,78.65,300,403,2084,-107
645,COF,2020-11-05,0 days 15:59:42.027178,194755,78.79,78.74,220,429,23493,-20607
646,COF,2020-11-05,0 days 15:59:44.027116,194848,78.79,78.74,129,1129,-23353,1447
647,COF,2020-11-05,0 days 15:59:49.026730,194614,78.74,78.72,100,200,23634,-466
648,COF,2020-11-05,0 days 15:59:58.027279,213514,78.74,78.7,400,100,4734,-19066
649,COG,2020-11-05,0 days 15:55:37.104755,359785,16.53,16.52,5419,5326,28378,-1436
650,COG,2020-11-05,0 days 15:55:38.104312,351163,16.53,16.52,5118,5755,-3983,28378
651,COP,2020-11-05,0 days 15:59:49.113852,774513,30.16,30.15,6522,2193,1801,-1878
652,COP,2020-11-05,0 days 15:59:50.117183,684966,30.15,30.14,7342,1200,-86992,1801
653,COTY,2020-11-05,0 days 15:56:00.231809,159688,3.35,3.34,33815,13129,-6338,12562
654,COTY,2020-11-05,0 days 15:56:01.228826,157526,3.35,3.34,38910,12029,1062,-6338
655,COTY,2020-11-05,0 days 15:58:02.232631,164838,3.35,3.34,14641,42353,-188,14112
656,COTY,2020-11-05,0 days 15:58:03.232645,154841,3.35,3.34,14641,42353,9997,-188
657,COTY,2020-11-05,0 days 15:58:18.233036,166888,3.35,3.34,16396,30728,-2153,12047
658,COTY,2020-11-05,0 days 15:58:19.233283,154841,3.35,3.34,16821,30358,12047,-2153
659,COTY,2020-11-05,0 days 15:59:01.235321,166888,3.35,3.34,10901,45991,-7780,11120
660,COTY,2020-11-05,0 days 15:59:02.235497,166221,3.35,3.34,11372,45591,667,-7780
661,COTY,2020-11-05,0 days 15:59:06.235349,167088,3.35,3.34,12007,45541,-4309,667
662,COTY,2020-11-05,0 days 15:59:16.233620,162117,3.35,3.34,22632,41582,4371,-4309
663,COTY,2020-11-05,0 days 15:59:24.234350,166888,3.35,3.34,12953,44621,-13633,17367
664,COTY,2020-11-05,0 days 15:59:25.234087,165621,3.35,3.34,12953,44821,1267,-13633
665,CPE,2020-11-05,0 days 15:58:12.253651,14946,5.65,5.64,3971,8266,3625,-4975
666,CPE,2020-11-05,0 days 15:58:13.253268,9971,5.65,5.64,4371,8266,-4975,3625
667,CPE,2020-11-05,0 days 15:59:01.255553,14979,5.65,5.64,7195,1746,3792,-5008
668,CPE,2020-11-05,0 days 15:59:02.256398,14671,5.65,5.64,6895,1746,-631,3792
669,CPE,2020-11-05,0 days 15:59:13.255675,15302,5.65,5.64,7837,1006,2316,-3184
670,CPE,2020-11-05,0 days 15:59:14.255995,15118,5.65,5.64,7937,1006,-184,2316
671,CPRI,2020-11-05,0 days 15:55:01.019618,140794,25.37,25.36,1357,400,57289,-50518
672,CPRI,2020-11-05,0 days 15:55:02.017184,137623,25.37,25.36,1157,1600,-3171,57289
673,CPRI,2020-11-05,0 days 15:59:40.027751,153610,25.3,25.29,409,1900,-1703,22497
674,CPRI,2020-11-05,0 days 15:59:46.024907,155313,25.3,25.29,899,1196,8885,-453
675,CPRI,2020-11-05,0 days 15:59:47.024085,154098,25.3,25.29,699,1196,-1215,8885
676,CRM,2020-11-05,0 days 15:59:46.237247,404081,260.6,260.52,400,400,5907,-1556
677,CRM,2020-11-05,0 days 15:59:48.240115,398780,260.59,260.52,400,400,-1318,2882
678,CRM,2020-11-05,0 days 15:59:49.237301,394161,260.54,260.41,1096,100,4619,-1318
679,CRM,2020-11-05,0 days 15:59:50.240331,382590,260.54,260.35,696,100,-11571,4619
680,CS,2020-11-05,0 days 15:55:51.228323,51272,10.51,10.5,89567,11495,-452,2448
681,CS,2020-11-05,0 days 15:56:02.228497,49277,10.51,10.5,115289,1000,1995,-452
682,CS,2020-11-05,0 days 15:56:27.229154,51272,10.5,10.49,97849,48653,-425,1995
683,CS,2020-11-05,0 days 15:59:09.235959,54131,10.49,10.48,36052,106284,1721,-1635
684,CS,2020-11-05,0 days 15:59:36.234674,73441,10.5,10.49,86600,79663,-2990,5244
685,CS,2020-11-05,0 days 15:59:37.234948,72431,10.5,10.49,86600,78863,1010,-2990
686,CTVA,2020-11-05,0 days 15:59:16.026016,311693,34.04,34.03,100,600,6044,-4056
687,CTVA,2020-11-05,0 days 15:59:17.026366,303937,34.04,34.02,300,200,-7756,6044
688,CVS,2020-11-05,0 days 15:52:52.237775,439312,61.51,61.5,1143,800,-2393,889
689,CVS,2020-11-05,0 days 15:53:38.238428,438423,61.5,61.49,1234,205,889,-2393
690,CVS,2020-11-05,0 days 15:55:03.239340,516560,61.48,61.46,1700,500,-969,2131
691,CVS,2020-11-05,0 days 15:55:48.242441,524966,61.45,61.44,1200,500,-519,329
692,CVS,2020-11-05,0 days 15:55:49.241621,524542,61.45,61.44,700,1300,2781,-519
693,CVS,2020-11-05,0 days 15:56:04.242413,527335,61.42,61.41,342,1100,-5407,693
694,CVS,2020-11-05,0 days 15:57:53.244785,557009,61.4,61.39,1281,300,4563,-5737
695,CVS,2020-11-05,0 days 15:57:55.244987,555672,61.4,61.39,616,1303,-1337,1642
696,CVS,2020-11-05,0 days 15:58:01.246434,557009,61.4,61.38,1692,1205,1563,-3837
697,CVS,2020-11-05,0 days 15:58:02.246051,527869,61.4,61.39,1072,1000,-29040,1563
698,CVS,2020-11-05,0 days 15:58:26.247363,558607,61.33,61.32,800,523,7866,-55
699,CVS,2020-11-05,0 days 15:58:27.246697,556273,61.33,61.32,808,273,-2343,7866
700,CVS,2020-11-05,0 days 15:59:06.247941,618004,61.45,61.44,206,1100,-3817,4201
701,CVS,2020-11-05,0 days 15:59:08.247148,614096,61.46,61.45,100,600,3401,-5599
702,CVS,2020-11-05,0 days 15:59:10.247628,617497,61.46,61.44,700,509,-6920,13001
703,CVS,2020-11-05,0 days 15:59:12.246885,614908,61.45,61.44,100,909,2989,-2111
704,CVS,2020-11-05,0 days 15:59:15.247751,605277,61.47,61.45,375,1110,17720,-1271
705,CVS,2020-11-05,0 days 15:59:17.247011,622997,61.46,61.45,100,503,-4467,3720
706,CVS,2020-11-05,0 days 15:59:18.246908,619864,61.46,61.45,100,600,3133,-4467
707,CVX,2020-11-05,0 days 15:59:58.237639,919043,72.17,72.13,200,100,9476,-14388
708,CVX,2020-11-05,0 days 16:00:00.237829,911078,72.2,72.1,300,300,-7965,28305
709,CX,2020-11-05,0 days 15:59:34.306914,144394,4.13,4.12,30585,140869,9255,-17754
710,CXO,2020-11-05,0 days 15:59:26.106182,463002,43.72,43.71,937,714,-24100,154421
711,D,2020-11-05,0 days 15:59:48.027556,259175,83.19,83.15,100,200,806,-1451
712,D,2020-11-05,0 days 15:59:49.026730,258881,83.19,83.15,100,200,-294,806
713,D,2020-11-05,0 days 15:59:51.028407,259175,83.14,83.07,500,300,506,-194
714,DAL,2020-11-05,0 days 15:55:00.240020,282763,32.12,32.11,2300,7300,-2582,23820
715,DAL,2020-11-05,0 days 15:55:03.239405,274863,32.1,32.09,6439,1200,-1774,6526
716,DAL,2020-11-05,0 days 15:56:19.243178,277682,32.05,32.04,5193,12438,-19478,322
717,DAL,2020-11-05,0 days 15:56:23.245201,292082,32.03,32.02,3765,6972,-1490,1810
718,DAL,2020-11-05,0 days 15:56:29.242689,295772,32.03,32.02,6118,6612,1806,-1690
719,DAL,2020-11-05,0 days 15:56:30.242925,294378,32.03,32.02,7918,4212,-1394,1806
720,DAL,2020-11-05,0 days 15:57:20.245337,294278,32.01,32.0,714,7419,-1894,2006
721,DAL,2020-11-05,0 days 15:57:33.245509,299472,32.01,32.0,8826,1644,906,-294
722,DAL,2020-11-05,0 days 15:57:41.244043,299519,32.01,32.0,5032,2218,3579,-321
723,DAL,2020-11-05,0 days 15:57:56.244907,315798,32.01,32.0,3009,5798,-14,1686
724,DAL,2020-11-05,0 days 15:58:01.246639,315547,32.01,32.0,5142,7538,251,-11
725,DAL,2020-11-05,0 days 15:58:03.246745,315798,32.01,32.0,5581,4598,-149,251
726,DAL,2020-11-05,0 days 15:58:04.246606,314347,32.01,32.0,6236,2398,1451,-149
727,DAL,2020-11-05,0 days 15:58:05.247183,315798,32.01,32.0,3105,7198,-346,1451
728,DAL,2020-11-05,0 days 15:58:06.246480,314344,32.01,32.0,6309,2998,1454,-346
729,DAL,2020-11-05,0 days 15:58:40.247231,316314,32.01,32.0,5203,3894,-2634,1666
730,DAL,2020-11-05,0 days 15:59:33.251219,345540,32.0,31.99,7500,5200,-1091,2806
731,DAL,2020-11-05,0 days 15:59:37.246359,343271,31.99,31.98,3880,5000,2606,-38131
732,DAR,2020-11-05,0 days 15:57:34.254883,81501,45.79,45.77,200,136,1782,-118
733,DAR,2020-11-05,0 days 15:57:35.254565,80483,45.79,45.77,200,136,-1018,1782
734,DAR,2020-11-05,0 days 15:59:15.251316,88989,45.78,45.75,200,100,5708,-1070
735,DAR,2020-11-05,0 days 15:59:16.250739,87497,45.78,45.75,200,100,-1492,5708
736,DAR,2020-11-05,0 days 15:59:28.244399,89489,45.78,45.76,100,100,508,-1692
737,DAR,2020-11-05,0 days 15:59:30.247484,87497,45.78,45.75,100,300,-1492,1008
738,DAR,2020-11-05,0 days 15:59:41.244126,92832,45.78,45.75,100,743,1516,-1184
739,DAR,2020-11-05,0 days 15:59:42.244768,91848,45.8,45.76,100,100,-984,1516
740,DAR,2020-11-05,0 days 15:59:45.245718,93332,45.79,45.76,100,100,2,-1484
741,DAR,2020-11-05,0 days 15:59:48.246330,92534,45.8,45.72,100,100,-798,2202
742,DB,2020-11-05,0 days 15:58:37.246873,38993,10.06,10.05,60790,26620,-2518,2449
743,DB,2020-11-05,0 days 15:58:48.247937,41511,10.06,10.05,39811,74077,2421,-2518
744,DD,2020-11-05,0 days 15:59:25.256553,965174,60.27,60.26,111,600,26906,-105111
745,DD,2020-11-05,0 days 15:59:26.256007,947480,60.34,60.3,200,700,-18649,26906
746,DD,2020-11-05,0 days 15:59:30.259520,965174,60.3,60.26,200,500,9289,-8683
747,DD,2020-11-05,0 days 15:59:31.256366,957263,60.3,60.26,300,400,-7911,9289
748,DD,2020-11-05,0 days 15:59:57.258935,979906,60.23,60.18,800,200,4830,-24972
749,DDD,2020-11-05,0 days 15:55:00.244925,86965,6.54,6.53,2684,6902,-24843,457
750,DDD,2020-11-05,0 days 15:57:08.249115,114584,6.52,6.51,5879,3596,72,-1728
751,DDD,2020-11-05,0 days 15:57:09.249035,113756,6.52,6.51,4979,4101,-828,72
752,DDD,2020-11-05,0 days 15:59:00.256918,118784,6.51,6.5,2032,5395,93,-68
753,DDD,2020-11-05,0 days 15:59:01.255048,113231,6.51,6.5,3632,3927,-1353,93
754,DDD,2020-11-05,0 days 15:59:06.254868,114584,6.52,6.51,3200,4857,2271,-553
755,DDD,2020-11-05,0 days 15:59:09.254787,120455,6.52,6.51,3500,5153,-304,2271
756,DDD,2020-11-05,0 days 15:59:14.254851,120759,6.52,6.51,3186,4953,696,-304
757,DDD,2020-11-05,0 days 15:59:15.255049,117855,6.52,6.51,4418,4553,-2904,696
758,DDD,2020-11-05,0 days 15:59:23.254241,128159,6.52,6.51,2285,5592,612,-2904
759,DEI,2020-11-05,0 days 15:55:00.102228,81658,26.08,26.06,885,500,1249,-51209
760,DEI,2020-11-05,0 days 15:55:01.102314,81107,26.08,26.06,785,700,-551,1249
761,DEI,2020-11-05,0 days 15:56:53.104438,83952,26.1,26.08,500,1480,13606,-270
762,DEI,2020-11-05,0 days 15:57:41.105761,98058,26.1,26.09,1300,1114,-417,283
763,DEI,2020-11-05,0 days 15:57:42.105617,97275,26.1,26.09,1300,1214,783,-417
764,DEI,2020-11-05,0 days 15:57:45.105865,96258,26.12,26.11,400,1320,-1017,783
765,DEI,2020-11-05,0 days 15:57:46.105635,96275,26.11,26.09,1200,500,1783,-1017
766,DEI,2020-11-05,0 days 15:57:55.106460,98065,26.11,26.1,1200,443,-1510,490
767,DEI,2020-11-05,0 days 15:57:56.106151,97375,26.1,26.09,784,1114,690,-1510
768,DEI,2020-11-05,0 days 15:58:21.108369,98108,26.08,26.07,1953,800,-291,1609
769,DEI,2020-11-05,0 days 15:58:22.107887,97899,26.08,26.07,1453,800,209,-291
770,DEI,2020-11-05,0 days 15:59:19.110398,102002,26.13,26.12,1360,460,344,-725
771,DEI,2020-11-05,0 days 15:59:28.110318,102346,26.13,26.12,1162,100,-478,144
772,DEI,2020-11-05,0 days 15:59:32.111624,102946,26.13,26.12,1370,100,-212,222
773,DFS,2020-11-05,0 days 15:55:25.227561,180997,68.66,68.63,309,1341,100,-477
774,DFS,2020-11-05,0 days 15:55:39.227792,180997,68.66,68.64,599,502,27,-293
775,DFS,2020-11-05,0 days 15:55:40.227861,180624,68.66,68.64,499,802,-173,27
776,DFS,2020-11-05,0 days 15:57:00.230129,183256,68.72,68.69,961,200,432,-68
777,DFS,2020-11-05,0 days 15:57:34.231853,183874,68.61,68.59,931,100,-929,871
778,DFS,2020-11-05,0 days 15:57:43.231455,192103,68.57,68.55,344,600,791,-709
779,DFS,2020-11-05,0 days 15:58:04.232945,193506,68.52,68.5,100,100,385,-4193
780,DFS,2020-11-05,0 days 15:58:05.233942,192640,68.53,68.5,701,200,-866,385
781,DFS,2020-11-05,0 days 15:58:12.233179,193506,68.51,68.49,292,300,912,-866
782,DFS,2020-11-05,0 days 15:58:13.233600,192718,68.51,68.49,200,500,-788,912
783,DFS,2020-11-05,0 days 15:58:55.234898,194794,68.49,68.47,612,200,1253,-1068
784,DFS,2020-11-05,0 days 15:58:56.234470,193947,68.49,68.48,712,100,-847,1253
785,DFS,2020-11-05,0 days 15:59:14.235299,196100,68.58,68.55,500,200,596,-393
786,DFS,2020-11-05,0 days 15:59:24.234479,196100,68.58,68.56,346,300,13,-704
787,DFS,2020-11-05,0 days 15:59:46.234942,196957,68.6,68.55,100,200,3784,-946
788,DFS,2020-11-05,0 days 15:59:50.238238,196257,68.56,68.49,400,100,1506,-316
789,DFS,2020-11-05,0 days 15:59:54.235923,196646,68.59,68.48,600,600,-211,3084
790,DFS,2020-11-05,0 days 15:59:57.237358,196257,68.56,68.49,100,100,389,-1316
791,DHI,2020-11-05,0 days 15:55:00.101335,142011,72.94,72.92,800,207,33334,-26301
792,DHI,2020-11-05,0 days 15:55:15.102179,175645,72.93,72.91,200,518,-24266,33734
793,DHI,2020-11-05,0 days 15:55:16.100884,172911,72.93,72.91,100,518,2734,-24266
794,DHI,2020-11-05,0 days 15:57:20.107610,182878,72.96,72.94,808,491,-963,267
795,DHI,2020-11-05,0 days 15:57:21.106400,181141,72.96,72.94,391,691,1737,-963
796,DHI,2020-11-05,0 days 15:58:01.102958,184347,72.99,72.97,100,1100,-3886,2714
797,DHI,2020-11-05,0 days 15:58:02.104178,183032,72.98,72.97,100,601,1076,-3886
798,DHI,2020-11-05,0 days 15:58:03.102884,174441,72.98,72.97,210,101,-6791,1076
799,DHI,2020-11-05,0 days 15:58:04.102889,173832,72.97,72.96,100,200,609,-6791
800,DHI,2020-11-05,0 days 15:58:06.103442,174586,72.97,72.96,100,200,-1032,2709
801,DHI,2020-11-05,0 days 15:58:07.102905,169618,72.95,72.93,401,304,4968,-1032
802,DHI,2020-11-05,0 days 15:58:20.103432,182198,72.94,72.93,100,2125,-272,1328
803,DHI,2020-11-05,0 days 15:58:21.103598,178470,72.95,72.93,620,2426,3728,-272
804,DHI,2020-11-05,0 days 15:58:28.105299,182198,72.98,72.96,100,188,-1474,1326
805,DHI,2020-11-05,0 days 15:58:29.104151,181072,72.97,72.94,100,200,1126,-1474
806,DHI,2020-11-05,0 days 15:58:31.104153,182198,72.98,72.94,400,618,-574,1126
807,DHI,2020-11-05,0 days 15:58:32.104403,181072,72.98,72.94,400,2518,1126,-574
808,DHI,2020-11-05,0 days 15:58:37.104092,174586,72.98,72.96,400,2384,-4086,726
809,DHI,2020-11-05,0 days 15:58:39.104691,174372,73.0,72.98,100,400,214,-2387
810,DHI,2020-11-05,0 days 15:58:44.102729,181114,73.01,73.0,100,2078,3767,-7333
811,DHI,2020-11-05,0 days 15:59:06.106821,182234,73.04,73.01,300,100,-1428,2254
812,DHI,2020-11-05,0 days 15:59:14.106300,192155,73.03,73.01,109,618,1234,-821
813,DHI,2020-11-05,0 days 15:59:15.105735,191489,73.03,73.01,109,618,-666,1234
814,DHI,2020-11-05,0 days 15:59:17.105240,192155,73.03,73.01,510,373,1209,-666
815,DHI,2020-11-05,0 days 15:59:18.105234,191664,73.03,73.02,110,348,-491,1209
816,DHI,2020-11-05,0 days 15:59:26.105880,194958,73.03,73.02,568,300,4260,-694
817,DHR,2020-11-05,0 days 15:59:31.026973,437553,240.41,240.25,200,800,10027,-38
818,DHR,2020-11-05,0 days 15:59:41.027835,444445,240.41,240.36,200,580,-3711,343
819,DHR,2020-11-05,0 days 15:59:42.027162,440302,240.42,240.25,500,271,4143,-3711
820,DHR,2020-11-05,0 days 15:59:56.027540,450892,240.35,240.08,100,500,-1310,2209
821,DHR,2020-11-05,0 days 16:00:00.076036,448524,240.32,240.01,100,100,2409,-1310
822,DIS,2020-11-05,0 days 15:59:33.251250,519672,127.06,127.04,700,200,811,-2142
823,DIS,2020-11-05,0 days 15:59:35.246160,498683,127.08,127.06,738,2500,-20989,330
824,DIS,2020-11-05,0 days 15:59:39.246329,519672,127.06,127.03,200,300,27441,-5240
825,DIS,2020-11-05,0 days 15:59:40.246970,491513,127.08,127.05,350,100,-28159,27441
826,DIS,2020-11-05,0 days 15:59:47.247741,519772,127.07,127.05,100,253,578,-13573
827,DIS,2020-11-05,0 days 15:59:48.250745,519001,127.06,127.03,800,100,-377,578
828,DIS,2020-11-05,0 days 15:59:58.244488,517444,127.02,126.94,391,100,4698,-7100
829,DIS,2020-11-05,0 days 16:00:00.244444,511442,127.02,126.85,200,600,-6919,4698
830,DLR,2020-11-05,0 days 15:55:01.103089,96214,148.11,147.97,400,100,-601,2199
831,DLR,2020-11-05,0 days 15:55:20.103686,97418,147.97,147.87,300,200,1915,-450
832,DLR,2020-11-05,0 days 15:55:21.103054,97033,147.97,147.87,300,100,-385,1915
833,DLR,2020-11-05,0 days 15:55:49.104293,97995,148.11,148.01,200,268,1103,-327
834,DLR,2020-11-05,0 days 15:55:50.104600,97498,148.11,148.01,200,100,-497,1103
835,DLR,2020-11-05,0 days 15:55:52.104275,97995,148.1,148.02,300,100,402,-497
836,DLR,2020-11-05,0 days 15:55:53.104103,97597,148.1,148.01,300,100,-398,402
837,DLR,2020-11-05,0 days 15:56:05.104788,97758,148.04,147.96,323,100,-83,1312
838,DLR,2020-11-05,0 days 15:56:14.105172,98033,148.03,147.94,220,100,82,-75
839,DLR,2020-11-05,0 days 15:56:15.104506,97915,148.03,147.94,120,169,-118,82
840,DLR,2020-11-05,0 days 15:56:24.104852,98033,148.03,147.94,240,477,9082,-118
841,DLR,2020-11-05,0 days 15:56:28.104501,95450,148.13,148.01,100,100,-2583,6717
842,DLR,2020-11-05,0 days 15:56:48.105400,97750,148.14,148.02,100,100,-283,7317
843,DLR,2020-11-05,0 days 15:57:20.107734,128160,147.99,147.87,320,200,9355,-745
844,DLR,2020-11-05,0 days 15:57:21.106466,126115,147.99,147.87,320,200,-2045,9355
845,DLR,2020-11-05,0 days 15:58:22.102741,126769,147.7,147.58,300,200,1716,-2784
846,DLR,2020-11-05,0 days 15:58:23.103041,125585,147.7,147.61,500,100,-1184,1716
847,DLR,2020-11-05,0 days 15:58:29.104173,126771,147.74,147.61,200,305,2814,-5686
848,DLR,2020-11-05,0 days 15:58:30.104555,125585,147.74,147.61,200,401,-1186,2814
849,DLR,2020-11-05,0 days 15:58:52.105407,126771,147.79,147.64,300,107,2814,-1686
850,DLR,2020-11-05,0 days 15:58:53.105094,125585,147.78,147.64,500,110,-1186,2814
851,DLR,2020-11-05,0 days 15:58:54.106041,126771,147.7,147.62,100,105,1314,-1186
852,DLR,2020-11-05,0 days 15:58:56.105983,125911,147.7,147.63,100,100,-860,440
853,DLR,2020-11-05,0 days 15:59:02.106042,126908,147.7,147.57,235,400,3868,-866
854,DLR,2020-11-05,0 days 15:59:03.107024,125176,147.7,147.57,235,300,-1728,3868
855,DLR,2020-11-05,0 days 15:59:04.106455,126904,147.7,147.59,135,100,972,-1728
856,DLR,2020-11-05,0 days 15:59:06.106831,131599,147.79,147.69,100,100,-1832,1310
857,DLR,2020-11-05,0 days 15:59:12.106473,146050,147.77,147.66,200,200,1449,-1651
858,DLR,2020-11-05,0 days 15:59:13.106730,145999,147.81,147.66,100,100,-51,1449
859,DLR,2020-11-05,0 days 15:59:15.105771,139523,147.76,147.67,100,100,5076,-51
860,DLR,2020-11-05,0 days 15:59:24.106733,139523,147.78,147.64,100,102,1876,-4024
861,DLR,2020-11-05,0 days 15:59:25.106361,135499,147.79,147.66,100,200,-4024,1876
862,DLR,2020-11-05,0 days 15:59:31.106816,139554,147.76,147.67,200,317,3033,-833
863,DLR,2020-11-05,0 days 15:59:32.105959,138687,147.8,147.67,100,317,-867,3033
864,DLR,2020-11-05,0 days 15:59:34.106521,139554,147.66,147.49,133,200,8014,-3967
865,DLR,2020-11-05,0 days 15:59:35.106285,134787,147.71,147.39,200,300,-4967,8014
866,DLR,2020-11-05,0 days 15:59:38.106893,145090,147.59,147.47,377,600,2051,-5903
867,DLR,2020-11-05,0 days 15:59:40.107355,144641,147.58,147.47,100,731,-449,2651
868,DLR,2020-11-05,0 days 15:59:42.106813,145090,147.56,147.47,333,130,3906,-4830
869,DLR,2020-11-05,0 days 15:59:43.106848,142099,147.63,147.51,400,452,-2991,3906
870,DLR,2020-11-05,0 days 15:59:51.108161,145290,147.63,147.4,100,200,2052,-1648
871,DOW,2020-11-05,0 days 15:58:33.024601,304382,48.89,48.87,300,300,129,-8884
872,DOW,2020-11-05,0 days 15:58:35.024780,301211,48.89,48.87,1667,913,-3171,929
873,DOW,2020-11-05,0 days 15:59:03.025833,304303,48.9,48.87,800,177,2734,-7753
874,DOW,2020-11-05,0 days 15:59:04.026304,303347,48.88,48.87,100,300,-956,2734
875,DOW,2020-11-05,0 days 15:59:09.026394,305858,48.91,48.89,200,500,-1572,311
876,DOW,2020-11-05,0 days 15:59:16.025883,309304,48.93,48.9,200,100,11771,-3446
877,DOW,2020-11-05,0 days 15:59:17.025331,308365,48.93,48.9,100,200,-939,11771
878,DOW,2020-11-05,0 days 15:59:23.027121,309304,48.94,48.93,100,100,2583,-1332
879,DOW,2020-11-05,0 days 15:59:24.026576,308187,48.95,48.93,500,200,-1117,2583
880,DOW,2020-11-05,0 days 15:59:26.027269,309304,48.96,48.94,100,100,24069,-504
881,DOW,2020-11-05,0 days 15:59:44.027073,327862,48.97,48.96,100,200,-3105,475
882,DOW,2020-11-05,0 days 15:59:45.028747,326562,48.96,48.94,100,400,1300,-3105
883,DOW,2020-11-05,0 days 15:59:58.027246,329583,48.97,48.93,500,300,5501,-27751
884,DRE,2020-11-05,0 days 15:55:02.102351,159757,40.64,40.63,600,1600,-1004,3296
885,DRE,2020-11-05,0 days 15:55:21.103258,160811,40.63,40.62,1900,3327,231,-319
886,DRE,2020-11-05,0 days 15:55:22.102892,159842,40.63,40.62,3700,2322,-969,231
887,DRE,2020-11-05,0 days 15:55:40.104488,162283,40.63,40.62,2913,2763,159,-941
888,DRE,2020-11-05,0 days 15:55:41.104540,161342,40.63,40.62,3013,3263,-941,159
889,DRE,2020-11-05,0 days 15:55:52.104544,162284,40.63,40.62,2282,5443,1660,-942
890,DRE,2020-11-05,0 days 15:55:53.104352,164544,40.63,40.62,2782,4958,-1056,1660
891,DRE,2020-11-05,0 days 15:57:24.107244,167201,40.64,40.63,3981,3791,1165,-1135
892,DRE,2020-11-05,0 days 15:57:25.110555,166066,40.64,40.63,5401,3002,-935,1165
893,DRE,2020-11-05,0 days 15:57:50.102229,167026,40.63,40.62,2287,4702,2960,-540
894,DRE,2020-11-05,0 days 15:57:51.102246,166386,40.63,40.62,2287,4726,-640,2960
895,DRE,2020-11-05,0 days 15:57:55.102111,167026,40.63,40.62,3587,4183,360,-640
896,DRE,2020-11-05,0 days 15:57:56.103027,166386,40.63,40.62,2387,4699,-640,360
897,DRE,2020-11-05,0 days 15:58:05.102952,167026,40.63,40.62,3529,4498,392,-2208
898,DRE,2020-11-05,0 days 15:58:07.103221,166318,40.63,40.62,4429,4105,-1013,687
899,DRE,2020-11-05,0 days 15:58:13.104024,167331,40.63,40.62,4717,1938,201,-2199
900,DRE,2020-11-05,0 days 15:58:14.104270,166532,40.62,40.61,7664,588,-799,201
901,DRE,2020-11-05,0 days 15:58:15.104096,167331,40.61,40.6,2335,2200,3801,-799
902,DRE,2020-11-05,0 days 15:58:18.103976,166832,40.61,40.6,4417,2124,-499,101
903,DRE,2020-11-05,0 days 15:58:20.104187,167331,40.61,40.6,4624,2087,201,-499
904,DRE,2020-11-05,0 days 15:58:22.103512,166832,40.61,40.6,5824,101,-499,1101
905,DRE,2020-11-05,0 days 15:58:23.103722,167331,40.61,40.6,5724,2001,501,-499
906,DRE,2020-11-05,0 days 15:58:24.104171,166832,40.61,40.6,5517,2001,-499,501
907,DRE,2020-11-05,0 days 15:58:36.104301,168532,40.61,40.6,1381,3586,-593,1007
908,DRE,2020-11-05,0 days 15:59:06.107061,167677,40.59,40.58,500,4440,3993,-417
909,DRE,2020-11-05,0 days 15:59:07.107224,171901,40.59,40.58,300,2790,-404,3993
910,DRE,2020-11-05,0 days 15:59:08.107112,171605,40.6,40.58,3581,4482,296,-404
911,DRE,2020-11-05,0 days 15:59:28.105640,172856,40.6,40.59,3449,652,-2642,379
912,DRE,2020-11-05,0 days 15:59:29.105868,172698,40.6,40.59,3249,552,158,-2642
913,DRI,2020-11-05,0 days 15:55:06.250344,71100,101.16,101.12,722,200,6365,-35
914,DRI,2020-11-05,0 days 15:55:07.249750,67865,101.19,101.14,301,100,-3235,6365
915,DRI,2020-11-05,0 days 15:59:02.255026,91496,101.33,101.25,300,200,773,-5232
916,DRI,2020-11-05,0 days 15:59:03.256817,88022,101.33,101.25,300,100,-2374,773
917,DRI,2020-11-05,0 days 15:59:14.251936,101965,101.36,101.31,600,300,159,-924
918,DRI,2020-11-05,0 days 15:59:16.250526,97302,101.36,101.31,847,300,-4263,159
919,DRI,2020-11-05,0 days 15:59:38.244816,102224,101.36,101.31,800,300,2628,-1854
920,DRI,2020-11-05,0 days 15:59:39.244350,99752,101.36,101.31,800,300,-2072,2628
921,DT,2020-11-05,0 days 15:59:09.112860,183657,38.67,38.62,242,200,-2922,17710
922,DT,2020-11-05,0 days 15:59:10.111500,181126,38.67,38.58,560,3700,2531,-2922
923,DT,2020-11-05,0 days 15:59:21.110708,183557,38.75,38.67,200,100,-3445,2430
924,DT,2020-11-05,0 days 15:59:23.110394,166802,38.73,38.67,603,100,3755,-8345
925,DT,2020-11-05,0 days 15:59:26.110932,170657,38.71,38.62,300,100,-1775,3755
926,DT,2020-11-05,0 days 15:59:27.110899,167084,38.8,38.62,1400,100,4949,-1775
927,DT,2020-11-05,0 days 15:59:35.110917,180223,38.79,38.66,100,301,3334,-2866
928,DT,2020-11-05,0 days 15:59:39.111785,183557,38.75,38.68,200,600,-98,1034
929,DT,2020-11-05,0 days 15:59:57.113996,183557,38.77,38.67,100,200,-1213,2405
930,DUK,2020-11-05,0 days 15:59:38.113185,222319,94.38,94.27,512,400,1463,-2606
931,DUK,2020-11-05,0 days 15:59:40.112044,220778,94.44,94.38,100,200,-2106,394
932,DVN,2020-11-05,0 days 15:59:28.027321,478676,10.08,10.07,27570,20177,-8435,6165
933,DVN,2020-11-05,0 days 15:59:43.027037,487184,10.08,10.07,38611,7295,3594,-5106
934,EAF,2020-11-05,0 days 15:56:26.020153,42064,6.56,6.55,2221,3799,-3866,834
935,EAF,2020-11-05,0 days 15:58:01.025180,47950,6.56,6.55,2306,4919,714,-5486
936,EAF,2020-11-05,0 days 15:58:02.024423,47384,6.56,6.55,1618,6911,-566,714
937,EAF,2020-11-05,0 days 15:58:25.024715,55050,6.56,6.55,2746,3604,3387,-1121
938,EAF,2020-11-05,0 days 15:58:26.025218,54337,6.56,6.55,3746,5294,-713,3387
939,EAF,2020-11-05,0 days 15:58:27.025420,55050,6.56,6.55,3646,3604,87,-713
940,EAF,2020-11-05,0 days 15:58:28.025857,54337,6.56,6.55,2146,5392,-713,87
941,EAF,2020-11-05,0 days 15:59:36.027223,58793,6.57,6.56,2990,2956,445,-586
942,EAF,2020-11-05,0 days 15:59:38.027146,53138,6.57,6.56,105,5356,-5555,2345
943,EGO,2020-11-05,0 days 15:55:00.250053,94667,14.26,14.25,5665,6190,952,-12865
944,EGO,2020-11-05,0 days 15:57:13.254627,99659,14.25,14.24,9445,4560,-3,597
945,EGO,2020-11-05,0 days 15:57:26.254164,96490,14.25,14.24,10782,3894,3169,-31
946,EGO,2020-11-05,0 days 15:58:05.259657,97859,14.27,14.26,5600,7006,-2231,269
947,EGO,2020-11-05,0 days 15:58:06.257323,97090,14.27,14.26,7100,4787,769,-2231
948,EGO,2020-11-05,0 days 15:59:01.255424,98003,14.27,14.26,5383,5442,-3701,4999
949,EGO,2020-11-05,0 days 15:59:02.255163,97661,14.27,14.26,4982,5242,342,-3701
950,EGO,2020-11-05,0 days 15:59:03.257018,98003,14.27,14.26,7983,1449,-58,342
951,EGO,2020-11-05,0 days 15:59:05.255013,96761,14.26,14.25,9601,900,3042,-58
952,ELAN,2020-11-05,0 days 15:59:30.307259,1067383,32.62,32.58,300,500,5739,-28173
953,ELAN,2020-11-05,0 days 15:59:31.306184,956318,32.78,32.67,1700,300,-166765,5739
954,ELAN,2020-11-05,0 days 15:59:57.309285,1058767,32.61,32.57,400,250,7048,-43138
955,ELAN,2020-11-05,0 days 16:00:00.307675,1035284,32.66,32.51,100,800,-38083,11494
956,ELY,2020-11-05,0 days 15:55:26.231177,92383,17.32,17.31,1643,1327,78,-1322
957,ELY,2020-11-05,0 days 15:55:29.231226,92461,17.32,17.31,1643,1324,-22,78
958,ELY,2020-11-05,0 days 15:55:46.231564,92483,17.32,17.31,1643,1284,111,-1020
959,ELY,2020-11-05,0 days 15:55:47.232793,91594,17.32,17.31,1643,1284,-889,111
960,ELY,2020-11-05,0 days 15:56:33.232406,92622,17.31,17.3,1210,731,180,-620
961,ELY,2020-11-05,0 days 15:56:34.232182,92002,17.31,17.3,1110,731,-620,180
962,ELY,2020-11-05,0 days 15:59:32.236866,97234,17.33,17.32,100,1256,250,-668
963,ELY,2020-11-05,0 days 15:59:33.241146,96584,17.33,17.32,100,1356,-650,250
964,ELY,2020-11-05,0 days 15:59:36.236781,97234,17.33,17.32,100,1456,5891,-650
965,ELY,2020-11-05,0 days 15:59:37.237699,97225,17.34,17.32,700,1456,-9,5891
966,ELY,2020-11-05,0 days 15:59:40.237405,97234,17.33,17.32,956,1256,7291,-9
967,ELY,2020-11-05,0 days 15:59:41.237313,97225,17.33,17.32,315,1456,-9,7291
968,ELY,2020-11-05,0 days 15:59:46.237094,97234,17.33,17.32,678,948,4757,-43
969,EMR,2020-11-05,0 days 15:58:19.253389,233214,70.45,70.41,120,2400,-1927,1973
970,EMR,2020-11-05,0 days 15:58:35.253667,232714,70.47,70.44,100,492,-2431,1869
971,EMR,2020-11-05,0 days 15:58:37.253886,235145,70.46,70.44,100,400,69,-2431
972,EMR,2020-11-05,0 days 15:58:55.255047,233030,70.51,70.48,392,309,-3115,169
973,EMR,2020-11-05,0 days 15:59:03.255897,236637,70.54,70.51,100,200,1093,-5694
974,EMR,2020-11-05,0 days 15:59:04.255778,236530,70.54,70.51,196,200,-107,1093
975,EMR,2020-11-05,0 days 15:59:09.255970,233718,70.58,70.55,100,200,6834,-5488
976,EMR,2020-11-05,0 days 15:59:10.256273,231320,70.62,70.56,200,100,-2398,6834
977,EMR,2020-11-05,0 days 15:59:29.255038,245360,70.56,70.54,200,300,104,-2796
978,EMR,2020-11-05,0 days 15:59:30.259137,245464,70.57,70.55,200,400,-11555,104
979,EMR,2020-11-05,0 days 15:59:37.255864,261304,70.56,70.55,200,200,398,-7631
980,EMR,2020-11-05,0 days 15:59:47.256786,259259,70.55,70.54,260,100,-3517,5204
981,EMR,2020-11-05,0 days 15:59:50.260271,265089,70.51,70.47,900,1500,2404,-2362
982,ENB,2020-11-05,0 days 15:55:00.101817,59707,28.41,28.4,10359,100,-1924,22507
983,ENB,2020-11-05,0 days 15:55:43.103309,90838,28.39,28.38,1844,16587,96,-1839
984,ENB,2020-11-05,0 days 15:55:44.103360,90934,28.39,28.38,2887,14147,-1663,96
985,ENB,2020-11-05,0 days 15:57:08.104511,94297,28.4,28.39,7611,2831,166,-2434
986,ENB,2020-11-05,0 days 15:57:22.105644,91763,28.4,28.39,6736,7914,-2534,266
987,ENB,2020-11-05,0 days 15:59:04.110639,99083,28.42,28.41,10915,1402,565,-3035
988,ENB,2020-11-05,0 days 15:59:10.111500,85148,28.42,28.41,7934,11679,-1100,13400
989,ENB,2020-11-05,0 days 15:59:28.110286,87500,28.42,28.41,6468,2979,758,-2352
990,ENB,2020-11-05,0 days 15:59:29.110437,86558,28.42,28.41,6168,2379,-942,758
991,ENB,2020-11-05,0 days 15:59:48.111951,97585,28.41,28.4,9860,16100,5321,-1646
992,ENB,2020-11-05,0 days 15:59:49.113824,96806,28.41,28.4,2860,20320,-779,5321
993,EOG,2020-11-05,0 days 15:59:33.111303,735952,35.51,35.5,1875,645,33242,-2685
994,EOG,2020-11-05,0 days 15:59:34.111505,731586,35.58,35.56,400,3158,-4584,33242
995,EPD,2020-11-05,0 days 15:59:48.246103,154390,17.06,17.05,801,15000,1771,-544
996,EQH,2020-11-05,0 days 15:55:37.242116,126319,23.01,23.0,1995,464,126,-540
997,EQH,2020-11-05,0 days 15:55:38.242495,123845,23.01,23.0,1965,564,-2474,126
998,EQH,2020-11-05,0 days 15:55:52.242201,126319,23.01,23.0,1394,1298,1897,-2129
999,EQH,2020-11-05,0 days 15:55:53.242199,124316,23.01,23.0,1394,1298,-2003,1897
1000,EQH,2020-11-05,0 days 15:59:26.247574,184523,22.99,22.98,700,500,1469,-531
1001,EQH,2020-11-05,0 days 15:59:36.246141,184523,23.01,23.0,1514,501,3777,-522
1002,EQH,2020-11-05,0 days 15:59:37.246237,183700,23.01,23.0,1514,101,-823,3777
1003,EQH,2020-11-05,0 days 15:59:43.246982,184523,23.01,23.0,1667,900,1539,-1569
1004,EQH,2020-11-05,0 days 15:59:47.247596,182616,23.01,23.0,1692,800,-2124,10876
1005,EQNR,2020-11-05,0 days 15:59:00.240154,44239,13.46,13.45,15682,26622,476,-2381
1006,EQR,2020-11-05,0 days 15:55:01.245102,291808,52.19,52.16,600,300,5383,-3217
1007,EQR,2020-11-05,0 days 15:58:54.254963,302539,52.06,52.05,300,200,-9435,1865
1008,EQR,2020-11-05,0 days 15:58:55.255207,300655,52.06,52.05,100,386,1884,-9435
1009,EQR,2020-11-05,0 days 15:59:06.255729,307525,52.12,52.1,100,300,-2027,805
1010,EQR,2020-11-05,0 days 15:59:08.255962,306109,52.11,52.09,200,400,1416,-9139
1011,EQR,2020-11-05,0 days 15:59:14.256085,307625,52.1,52.09,253,500,-1463,1416
1012,EQR,2020-11-05,0 days 15:59:15.256281,306988,52.1,52.09,253,292,637,-1463
1013,EQR,2020-11-05,0 days 15:59:21.256085,307625,52.11,52.09,200,592,-4593,637
1014,EQR,2020-11-05,0 days 15:59:43.256131,330793,52.09,52.08,456,348,657,-743
1015,EQR,2020-11-05,0 days 15:59:46.256792,330014,52.08,52.06,400,400,-1431,6921
1016,EQR,2020-11-05,0 days 15:59:48.259227,331445,52.08,52.05,740,300,290,-1431
1017,EQR,2020-11-05,0 days 15:59:49.257233,330735,52.08,52.05,740,300,-710,290
1018,EQT,2020-11-05,0 days 15:59:25.247844,535833,14.3,14.29,1800,2550,26487,-171500
1019,EQT,2020-11-05,0 days 15:59:26.247693,525820,14.31,14.3,2100,3798,-10613,26487
1020,EQT,2020-11-05,0 days 15:59:30.249585,536433,14.31,14.3,4480,1300,4912,-1128
1021,EQT,2020-11-05,0 days 15:59:31.246944,530345,14.31,14.3,4300,2100,-6088,4912
1022,EQT,2020-11-05,0 days 15:59:39.246348,537233,14.31,14.3,5885,1170,124,-7966
1023,EQT,2020-11-05,0 days 15:59:45.249549,540935,14.31,14.3,4475,2093,-21853,424
1024,EQT,2020-11-05,0 days 15:59:47.247725,561388,14.29,14.28,2923,1800,14337,-15217
1025,EQT,2020-11-05,0 days 15:59:48.250728,557425,14.3,14.29,4460,1400,-3963,14337
1026,ERJ,2020-11-05,0 days 15:59:01.026992,18218,4.7,4.69,10121,24366,8044,-11506
1027,ET,2020-11-05,0 days 15:55:00.249515,255209,5.34,5.33,15100,37984,-88721,186555
1028,ET,2020-11-05,0 days 15:55:01.249083,236130,5.34,5.33,17500,34884,19079,-88721
1029,ET,2020-11-05,0 days 15:58:43.251911,238630,5.36,5.35,11850,37441,16769,-4731
1030,ETRN,2020-11-05,0 days 15:55:31.104105,181196,7.06,7.05,7941,8165,-561,6639
1031,ETRN,2020-11-05,0 days 15:56:03.102898,178400,7.06,7.05,2967,10218,3396,-204
1032,EV,2020-11-05,0 days 15:59:46.026126,64251,62.17,62.16,100,500,510,-2099
1033,EV,2020-11-05,0 days 15:59:48.027676,63261,62.19,62.16,451,500,-990,510
1034,EVRI,2020-11-05,0 days 15:55:37.242296,51651,10.33,10.32,300,5500,2594,-1113
1035,EVRI,2020-11-05,0 days 15:55:38.242570,50645,10.33,10.32,300,5400,-506,2594
1036,EVRI,2020-11-05,0 days 15:56:19.243178,51751,10.33,10.32,3280,1818,494,-506
1037,EVRI,2020-11-05,0 days 15:56:20.242886,50945,10.33,10.32,2680,1818,-206,494
1038,EVRI,2020-11-05,0 days 15:58:52.247590,61982,10.41,10.4,2400,271,981,-1372
1039,EVRI,2020-11-05,0 days 15:58:53.247811,60763,10.41,10.4,2000,371,-619,981
1040,EVRI,2020-11-05,0 days 15:59:46.248099,68122,10.42,10.41,2834,900,1889,-1059
1041,EW,2020-11-05,0 days 15:59:20.306342,238067,77.63,77.59,962,700,1183,-7857
1042,F,2020-11-05,0 days 15:59:26.106249,1748830,7.99,7.98,401175,321316,26956,-111188
1043,F,2020-11-05,0 days 15:59:30.109208,1775786,7.99,7.98,416076,312016,-23057,26956
1044,F,2020-11-05,0 days 15:59:52.107730,1849151,7.99,7.98,339737,375723,3759,-3841
1045,FCAU,2020-11-05,0 days 15:57:56.106151,52050,13.52,13.51,44044,12373,-19854,12546
1046,FCAU,2020-11-05,0 days 15:57:57.106226,39504,13.52,13.51,44044,12373,12546,-19854
1047,FCAU,2020-11-05,0 days 15:59:36.111501,50516,13.52,13.51,2140,38270,-3483,4517
1048,FCAU,2020-11-05,0 days 15:59:37.111349,50099,13.52,13.51,2140,38270,417,-3483
1049,FCAU,2020-11-05,0 days 15:59:46.113023,52308,13.52,13.51,13628,39760,-230,3226
1050,FCX,2020-11-05,0 days 15:55:00.245274,409190,18.86,18.85,22057,4465,-6353,20980
1051,FCX,2020-11-05,0 days 15:55:20.247197,417128,18.86,18.85,23137,9276,4171,-7429
1052,FCX,2020-11-05,0 days 15:57:14.250805,433560,18.84,18.83,16174,21206,-531,6529
1053,FCX,2020-11-05,0 days 15:57:35.251267,441587,18.82,18.81,22244,6615,373,-2727
1054,FCX,2020-11-05,0 days 15:58:52.254716,448959,18.83,18.82,14595,17891,3419,-158
1055,FCX,2020-11-05,0 days 15:59:06.255605,466942,18.83,18.82,5818,31095,-7333,323
1056,FCX,2020-11-05,0 days 15:59:08.255858,459274,18.83,18.82,14486,24595,641,-7559
1057,FCX,2020-11-05,0 days 15:59:11.255817,467715,18.83,18.82,19644,9000,-47539,8041
1058,FCX,2020-11-05,0 days 15:59:14.255995,510256,18.83,18.82,30573,5600,7556,-12863
1059,FCX,2020-11-05,0 days 15:59:15.256225,507412,18.83,18.82,30851,6782,-2844,7556
1060,FCX,2020-11-05,0 days 15:59:16.256101,453052,18.83,18.82,33251,6498,18660,-2844
1061,FCX,2020-11-05,0 days 15:59:36.256155,505668,18.83,18.82,26165,13298,-1307,43916
1062,FCX,2020-11-05,0 days 15:59:38.256123,509360,18.83,18.82,33995,8892,73608,-1307
1063,FCX,2020-11-05,0 days 15:59:50.260428,509920,18.82,18.81,35866,12100,9698,-326
1064,FCX,2020-11-05,0 days 15:59:54.258432,511818,18.84,18.83,3402,22695,-326,9698
1065,FDX,2020-11-05,0 days 15:55:00.302215,59946,279.13,279.01,100,300,15,-8031
1066,FDX,2020-11-05,0 days 15:55:06.298507,60161,279.21,279.09,400,100,-85,115
1067,FDX,2020-11-05,0 days 15:55:21.299942,60727,279.18,279.1,100,391,239,-121
1068,FDX,2020-11-05,0 days 15:55:22.299899,60666,279.19,279.1,100,391,-61,239
1069,FDX,2020-11-05,0 days 15:55:40.300376,60791,279.38,279.28,100,207,79,-31
1070,FDX,2020-11-05,0 days 15:55:41.300300,60770,279.39,279.28,100,307,-21,79
1071,FDX,2020-11-05,0 days 15:55:54.300834,61425,279.28,279.2,775,100,233,-29
1072,FDX,2020-11-05,0 days 15:57:15.302611,63147,279.58,279.33,200,100,-92,308
1073,FDX,2020-11-05,0 days 15:57:16.302922,62939,279.47,279.34,100,200,208,-92
1074,FDX,2020-11-05,0 days 15:57:49.302661,63163,279.29,279.22,400,200,-9,85
1075,FDX,2020-11-05,0 days 15:58:01.303998,62944,279.34,279.28,448,101,219,-9
1076,FDX,2020-11-05,0 days 15:58:10.303575,63431,279.31,279.17,225,100,-486,187
1077,FDX,2020-11-05,0 days 15:58:11.303784,63317,279.2,278.99,462,100,114,-486
1078,FDX,2020-11-05,0 days 15:58:16.303639,63531,279.06,278.99,100,233,-86,614
1079,FDX,2020-11-05,0 days 15:58:18.304038,63303,278.99,278.84,100,100,228,-786
1080,FDX,2020-11-05,0 days 15:58:23.303569,63617,279.05,278.89,100,200,-1086,314
1081,FDX,2020-11-05,0 days 15:58:24.303615,63403,279.04,278.89,100,200,214,-1086
1082,FDX,2020-11-05,0 days 15:58:28.305526,63519,279.33,278.98,125,100,-286,216
1083,FDX,2020-11-05,0 days 15:58:29.304663,63305,279.33,278.98,100,100,214,-286
1084,FDX,2020-11-05,0 days 15:58:31.304611,63519,279.31,279.07,100,200,-486,214
1085,FDX,2020-11-05,0 days 15:58:32.304138,63405,279.3,278.98,200,200,114,-486
1086,FDX,2020-11-05,0 days 15:59:03.306221,63758,279.26,279.13,252,100,-3334,66
1087,FDX,2020-11-05,0 days 15:59:06.306033,68656,279.48,279.2,100,100,299,-960
1088,FDX,2020-11-05,0 days 15:59:10.306171,69567,279.36,279.25,100,100,-3445,111
1089,FDX,2020-11-05,0 days 15:59:11.306283,71712,279.36,279.25,540,456,1055,-3445
1090,FDX,2020-11-05,0 days 15:59:12.306435,71467,279.36,279.25,200,456,-245,1055
1091,FDX,2020-11-05,0 days 15:59:14.305577,71712,279.36,279.24,100,100,356,-245
1092,FDX,2020-11-05,0 days 15:59:15.306049,71568,279.36,279.26,300,100,-144,356
1093,FDX,2020-11-05,0 days 15:59:37.306132,73767,279.23,279.12,200,100,601,-442
1094,FDX,2020-11-05,0 days 15:59:38.307177,73568,279.25,279.14,100,100,-1432,601
1095,FDX,2020-11-05,0 days 15:59:39.306260,73957,279.25,279.14,100,100,711,-1432
1096,FDX,2020-11-05,0 days 15:59:41.306859,74668,279.29,279.12,200,100,-332,4568
1097,FDX,2020-11-05,0 days 15:59:45.308053,73957,279.21,279.07,404,100,1009,-334
1098,FDX,2020-11-05,0 days 15:59:47.307095,73799,279.16,279.06,100,200,-158,942
1099,FDX,2020-11-05,0 days 15:59:50.311079,72957,279.11,278.91,763,200,542,-158
1100,FDX,2020-11-05,0 days 15:59:54.309456,73399,279.24,278.85,100,100,-558,542
1101,FE,2020-11-05,0 days 15:55:01.020126,248744,29.49,29.48,2841,950,-56998,25550
1102,FE,2020-11-05,0 days 15:55:09.017229,252752,29.5,29.49,714,670,41092,-17986
1103,FHN,2020-11-05,0 days 15:55:00.245295,337421,11.01,11.0,20912,6163,-69382,76747
1104,FHN,2020-11-05,0 days 15:55:01.245023,329503,11.01,11.0,22823,4090,7918,-69382
1105,FHN,2020-11-05,0 days 15:56:02.248585,340544,11.0,10.99,18090,11766,-23324,11367
1106,FHN,2020-11-05,0 days 15:56:03.248410,332368,11.0,10.99,17799,11511,8176,-23324
1107,FHN,2020-11-05,0 days 15:59:14.256030,392528,10.99,10.98,10000,22868,1380,-16020
1108,FIS,2020-11-05,0 days 15:55:11.101860,199280,132.42,132.39,300,300,-2555,1335
1109,FIS,2020-11-05,0 days 15:55:12.102197,197935,132.42,132.39,500,100,1345,-2555
1110,FIS,2020-11-05,0 days 15:55:49.103698,200747,132.42,132.39,400,933,-170,683
1111,FIS,2020-11-05,0 days 15:55:50.104033,199517,132.42,132.4,300,747,1230,-170
1112,FIS,2020-11-05,0 days 15:56:59.104829,201435,132.52,132.48,100,700,-25,34
1113,FIS,2020-11-05,0 days 15:57:00.104957,200460,132.52,132.48,306,914,975,-25
1114,FIS,2020-11-05,0 days 15:57:57.106137,202500,132.6,132.56,200,200,-427,673
1115,FIS,2020-11-05,0 days 15:57:58.106015,201827,132.6,132.56,200,100,673,-427
1116,FIS,2020-11-05,0 days 15:58:00.106799,202422,132.61,132.59,100,317,-705,673
1117,FIS,2020-11-05,0 days 15:58:02.107824,197427,132.6,132.58,100,500,2199,-1701
1118,FIS,2020-11-05,0 days 15:58:03.107601,195735,132.61,132.6,200,100,-1692,2199
1119,FIS,2020-11-05,0 days 15:58:13.107987,197817,132.58,132.55,100,200,196,-704
1120,FIS,2020-11-05,0 days 15:58:14.108143,197113,132.63,132.57,200,289,-704,196
1121,FIS,2020-11-05,0 days 15:58:32.108186,197253,132.58,132.52,200,619,-568,132
1122,FIS,2020-11-05,0 days 15:58:45.108764,197821,132.6,132.56,100,1338,732,-646
1123,FIS,2020-11-05,0 days 15:58:46.108525,197175,132.61,132.56,100,1737,-1946,732
1124,FIS,2020-11-05,0 days 15:58:53.108866,197253,132.6,132.57,534,200,-568,132
1125,FIS,2020-11-05,0 days 15:59:06.110710,205430,132.64,132.61,100,200,1267,-755
1126,FIS,2020-11-05,0 days 15:59:16.110141,207728,132.71,132.67,100,335,-5469,678
1127,FIS,2020-11-05,0 days 15:59:17.109871,207497,132.72,132.61,360,500,554,-5469
1128,FIS,2020-11-05,0 days 15:59:30.114884,208051,132.71,132.65,100,560,-1707,254
1129,FIS,2020-11-05,0 days 15:59:50.116756,211826,132.64,132.6,300,100,164,-36
1130,FIT,2020-11-05,0 days 15:57:11.106852,107709,7.05,7.04,50651,469759,-2698,2022
1131,FNB,2020-11-05,0 days 15:55:00.250021,154141,7.73,7.72,12060,9768,2767,-25099
1132,FNB,2020-11-05,0 days 15:56:18.252689,157477,7.71,7.7,6959,19274,-879,3636
1133,FNB,2020-11-05,0 days 15:57:21.255678,158356,7.71,7.7,22066,146,721,-879
1134,FNF,2020-11-05,0 days 15:55:35.247534,84234,33.4,33.39,800,125,6514,-8886
1135,FNF,2020-11-05,0 days 15:55:36.247901,83448,33.4,33.38,609,200,-786,6514
1136,FNF,2020-11-05,0 days 15:55:37.247711,84234,33.4,33.38,709,200,7728,-786
1137,FNF,2020-11-05,0 days 15:55:38.248479,83962,33.4,33.38,709,300,-272,7728
1138,FNF,2020-11-05,0 days 15:55:43.248178,84234,33.4,33.38,600,200,528,-272
1139,FNF,2020-11-05,0 days 15:55:50.248279,84822,33.4,33.38,500,403,-1891,583
1140,FNF,2020-11-05,0 days 15:56:28.248881,91291,33.4,33.39,938,584,628,-272
1141,FNF,2020-11-05,0 days 15:56:29.249357,89919,33.4,33.39,871,584,-1372,628
1142,FNF,2020-11-05,0 days 15:56:58.249327,91291,33.4,33.39,713,604,2028,-1172
1143,FNF,2020-11-05,0 days 15:56:59.249274,90119,33.4,33.39,593,504,-1172,2028
1144,FNF,2020-11-05,0 days 15:58:37.253988,92561,33.46,33.43,100,342,5445,-3159
1145,FNF,2020-11-05,0 days 15:58:38.254118,90406,33.46,33.43,200,442,-1955,5445
1146,FNF,2020-11-05,0 days 15:59:08.255987,94635,33.48,33.45,316,313,4971,-2881
1147,FNF,2020-11-05,0 days 15:59:09.256240,92706,33.48,33.45,416,100,-829,4971
1148,FNF,2020-11-05,0 days 15:59:23.255514,94735,33.51,33.47,500,323,20871,-1829
1149,FNF,2020-11-05,0 days 15:59:24.256227,92506,33.51,33.47,500,323,-3147,20871
1150,FNF,2020-11-05,0 days 15:59:41.256198,97923,33.46,33.42,400,727,31000,-700
1151,FNF,2020-11-05,0 days 15:59:42.256795,75123,33.48,33.46,300,1200,-25000,31000
1152,FNF,2020-11-05,0 days 15:59:45.257992,97823,33.47,33.42,200,100,32375,-821
1153,FNF,2020-11-05,0 days 15:59:58.259044,85156,33.48,33.36,500,500,-17809,14591
1154,FSLY,2020-11-05,0 days 15:59:23.305872,76327,74.19,74.16,100,300,-2151,842
1155,FSLY,2020-11-05,0 days 15:59:29.305416,76071,74.21,74.18,700,400,256,-944
1156,FSLY,2020-11-05,0 days 15:59:45.308101,76327,74.15,74.1,700,200,-790,1372
1157,FSLY,2020-11-05,0 days 15:59:48.308643,76117,74.15,74.1,688,200,210,-90
1158,FSM,2020-11-05,0 days 15:55:51.248006,28484,7.78,7.77,4902,47799,1329,-1248
1159,FSM,2020-11-05,0 days 15:59:36.256333,34698,7.79,7.78,79417,800,-2810,3580
1160,FSR,2020-11-05,0 days 15:59:03.256638,9738,11.03,11.02,300,100,-122,394
1161,FSR,2020-11-05,0 days 15:59:07.256389,10138,11.03,11.0,800,2921,-4834,248
1162,FTCH,2020-11-05,0 days 15:56:48.253534,86654,37.85,37.82,100,2200,-86,1582
1163,FTCH,2020-11-05,0 days 15:56:49.252835,84240,37.85,37.82,200,1300,2414,-86
1164,FTCH,2020-11-05,0 days 15:57:52.256950,84671,37.86,37.84,1000,100,-16093,3290
1165,FTCH,2020-11-05,0 days 15:58:12.257715,86754,37.86,37.83,100,911,-202,633
1166,FTCH,2020-11-05,0 days 15:58:13.257292,85856,37.86,37.83,206,911,798,-202
1167,FTCH,2020-11-05,0 days 15:58:58.252967,86654,37.86,37.84,849,100,-730,231
1168,FTCH,2020-11-05,0 days 15:58:59.254991,86384,37.86,37.84,746,100,270,-730
1169,FTCH,2020-11-05,0 days 15:59:09.253034,86216,37.83,37.81,600,600,538,-15362
1170,FTCH,2020-11-05,0 days 15:59:22.251043,86754,37.84,37.81,300,200,-9957,2443
1171,FTCH,2020-11-05,0 days 15:59:23.250709,85211,37.84,37.78,200,100,1543,-9957
1172,FTCH,2020-11-05,0 days 15:59:32.244732,85211,37.84,37.81,200,400,1543,-9957
1173,FTCH,2020-11-05,0 days 15:59:45.245596,88024,37.83,37.8,518,200,-28550,2021
1174,FTCH,2020-11-05,0 days 15:59:50.247450,82474,37.81,37.78,577,200,23225,-1161
1175,FTI,2020-11-05,0 days 15:55:00.239248,211456,6.06,6.05,28631,9417,-61089,9265
1176,FTI,2020-11-05,0 days 15:59:07.247589,231600,6.05,6.04,32233,24988,4114,-1714
1177,GDDY,2020-11-05,0 days 15:55:00.229560,265381,75.9,75.85,463,300,2725,-37927
1178,GDDY,2020-11-05,0 days 15:55:37.231667,283973,75.8,75.76,100,400,-2700,2100
1179,GDDY,2020-11-05,0 days 15:55:38.231986,282273,75.83,75.78,200,200,1700,-2700
1180,GDDY,2020-11-05,0 days 15:58:16.235024,293509,75.73,75.7,100,300,-8209,4791
1181,GDDY,2020-11-05,0 days 15:58:17.235001,290060,75.73,75.7,100,202,3449,-8209
1182,GDDY,2020-11-05,0 days 15:58:20.235176,293509,75.75,75.73,200,100,-351,1449
1183,GDDY,2020-11-05,0 days 15:58:21.235168,290360,75.76,75.72,200,100,3149,-351
1184,GDDY,2020-11-05,0 days 15:58:23.235480,293509,75.74,75.7,100,200,-2851,1449
1185,GDDY,2020-11-05,0 days 15:58:24.235098,292060,75.73,75.7,105,200,1449,-2851
1186,GDDY,2020-11-05,0 days 15:58:29.236499,294009,75.72,75.65,123,500,-851,549
1187,GDDY,2020-11-05,0 days 15:58:30.235509,292560,75.72,75.66,202,100,949,-851
1188,GDDY,2020-11-05,0 days 15:59:00.240072,298331,75.64,75.6,212,299,-5629,8224
1189,GDDY,2020-11-05,0 days 15:59:01.238589,296360,75.64,75.6,283,299,1483,-5629
1190,GDDY,2020-11-05,0 days 15:59:05.238104,295043,75.65,75.61,100,300,-1334,1483
1191,GDDY,2020-11-05,0 days 15:59:09.239042,294477,75.71,75.63,100,300,1198,-4902
1192,GDDY,2020-11-05,0 days 15:59:15.236828,293277,75.88,75.77,600,235,498,-2102
1193,GDDY,2020-11-05,0 days 15:59:18.236917,293775,75.83,75.77,224,235,-1102,598
1194,GDDY,2020-11-05,0 days 15:59:19.236096,293277,75.83,75.77,224,235,498,-1102
1195,GDDY,2020-11-05,0 days 15:59:23.238405,293775,75.88,75.79,600,335,-816,498
1196,GDDY,2020-11-05,0 days 15:59:32.237176,296626,75.88,75.79,600,300,-3071,229
1197,GDDY,2020-11-05,0 days 15:59:49.237436,301004,75.81,75.77,415,200,-6869,609
1198,GE,2020-11-05,0 days 15:59:15.234478,1738713,8.0,7.99,101296,414435,79012,-14840
1199,GE,2020-11-05,0 days 15:59:16.233694,1723725,8.0,7.99,101229,414415,-14988,79012
1200,GE,2020-11-05,0 days 15:59:30.236749,1662412,8.0,7.99,113870,398845,-83941,39259
1201,GE,2020-11-05,0 days 15:59:49.235322,1742953,8.0,7.99,254576,262701,-4000,8400
1202,GFI,2020-11-05,0 days 15:58:52.254806,95433,12.71,12.7,26554,1548,1018,-696
1203,GFI,2020-11-05,0 days 15:58:53.254802,91051,12.71,12.7,26564,1401,-4382,1018
1204,GFI,2020-11-05,0 days 15:58:58.255001,95433,12.71,12.7,21536,4401,878,-2282
1205,GFI,2020-11-05,0 days 15:58:59.255886,91711,12.71,12.7,3528,28101,-2822,878
1206,GGB,2020-11-05,0 days 15:57:20.303719,18235,4.04,4.03,212909,118063,1359,-1341
1207,GGB,2020-11-05,0 days 15:59:36.306174,36463,4.04,4.03,292646,101556,-10150,12050
1208,GGB,2020-11-05,0 days 15:59:37.306411,35813,4.04,4.03,293346,101156,650,-10150
1209,GIS,2020-11-05,0 days 15:59:11.238683,272405,60.61,60.6,649,500,910,-8069
1210,GIS,2020-11-05,0 days 15:59:13.238032,266515,60.6,60.59,103,300,-1690,5110
1211,GIS,2020-11-05,0 days 15:59:31.237781,267422,60.6,60.59,200,1300,-783,1717
1212,GIS,2020-11-05,0 days 15:59:37.238000,269017,60.58,60.57,2200,900,2769,-1595
1213,GIS,2020-11-05,0 days 15:59:38.237450,267686,60.59,60.58,1350,500,-1331,2769
1214,GIS,2020-11-05,0 days 15:59:50.240763,261195,60.58,60.56,800,1300,-7822,7978
1215,GIS,2020-11-05,0 days 15:59:54.238562,263566,60.59,60.58,265,300,-5451,1084
1216,GM,2020-11-05,0 days 15:56:29.249188,910827,37.13,37.12,1612,210,-5699,7101
1217,GM,2020-11-05,0 days 15:56:30.249568,881026,37.12,37.11,701,521,32601,-5699
1218,GM,2020-11-05,0 days 15:57:40.251046,902722,37.15,37.14,1011,510,11223,-1877
1219,GM,2020-11-05,0 days 15:58:28.254646,911615,37.15,37.14,1573,500,-2299,13101
1220,GM,2020-11-05,0 days 15:58:29.254440,903114,37.15,37.14,1573,100,7003,-2299
1221,GM,2020-11-05,0 days 15:59:06.255553,915250,37.18,37.16,1100,600,-217,937
1222,GM,2020-11-05,0 days 15:59:11.255769,907814,37.17,37.16,403,1500,7436,-2236
1223,GM,2020-11-05,0 days 15:59:25.256306,912073,37.18,37.17,806,1307,877,-1123
1224,GM,2020-11-05,0 days 15:59:34.256650,914850,37.18,37.17,2847,703,-6895,3343
1225,GM,2020-11-05,0 days 15:59:36.256063,913545,37.17,37.16,3013,100,1305,-6895
1226,GM,2020-11-05,0 days 15:59:41.256039,919650,37.17,37.16,913,100,700,-3100
1227,GM,2020-11-05,0 days 15:59:45.257771,920350,37.17,37.16,846,4003,-382,700
1228,GME,2020-11-05,0 days 15:55:17.239925,75733,11.49,11.48,10361,834,-1743,1157
1229,GME,2020-11-05,0 days 15:55:18.240276,74776,11.49,11.48,10669,700,557,-1743
1230,GNW,2020-11-05,0 days 15:57:48.244743,270387,4.25,4.24,5621,8523,4343,-2157
1231,GNW,2020-11-05,0 days 15:59:08.247264,430834,4.26,4.25,9442,229,129536,-156402
1232,GNW,2020-11-05,0 days 15:59:09.247300,421559,4.26,4.25,8323,229,-8575,129536
1233,GNW,2020-11-05,0 days 15:59:56.244260,280705,4.25,4.23,26472,13204,119371,-53876
1234,GPN,2020-11-05,0 days 15:56:02.228506,99377,174.28,174.18,100,100,12265,-2935
1235,GPN,2020-11-05,0 days 15:56:03.228588,97742,174.27,174.19,100,100,-1635,12265
1236,GPN,2020-11-05,0 days 15:57:20.231065,100496,174.28,174.18,200,239,11376,-3824
1237,GPN,2020-11-05,0 days 15:57:21.231943,98872,174.28,174.18,207,139,-1624,11376
1238,GPN,2020-11-05,0 days 15:58:45.234196,104502,174.35,174.2,328,136,20966,-18034
1239,GPN,2020-11-05,0 days 15:58:46.234267,88068,174.35,174.26,100,100,-16734,20966
1240,GPN,2020-11-05,0 days 15:58:56.234492,108702,174.24,174.13,100,200,12606,-2894
1241,GPN,2020-11-05,0 days 15:58:57.235458,107108,174.2,174.12,100,167,-94,12606
1242,GPN,2020-11-05,0 days 15:59:06.235621,108589,174.23,174.09,205,300,78,-2122
1243,GPN,2020-11-05,0 days 15:59:33.237876,96253,174.42,174.27,100,1308,-13737,2463
