,Symbol,Timestamp,TIME,iPaired,Ask_P,Bid_P,Ask_S,Bid_S,iShares,PreviShares
0,AA,2020-08-11,0 days 15:56:10.420172,128414,14.92,14.91,18433,1958,4072,-1428
1,AA,2020-08-11,0 days 15:59:05.844622,134905,14.9,14.89,25799,2419,-2074,2085
2,AA,2020-08-11,0 days 15:59:06.848404,132779,14.9,14.89,25325,6055,2126,-2074
3,AA,2020-08-11,0 days 15:59:40.929979,147478,14.9,14.89,14026,23927,-1470,33930
4,AA,2020-08-11,0 days 15:59:41.930967,145676,14.9,14.89,16860,21988,1802,-1470
5,AA,2020-08-11,0 days 15:59:45.944556,147678,14.9,14.89,19677,14563,-11213,1202
6,AA,2020-08-11,0 days 15:59:46.944049,146491,14.9,14.89,33961,1817,2800,-11213
7,AA,2020-08-11,0 days 15:59:48.948580,149491,14.9,14.89,22274,2492,-100,2800
8,AA,2020-08-11,0 days 15:59:49.955638,148291,14.9,14.89,12072,13360,1000,-100
9,ABBV,2020-08-11,0 days 15:58:32.689838,490853,92.7,92.69,1002,1684,-705,173
10,ABBV,2020-08-11,0 days 15:59:12.787053,520002,92.69,92.68,200,1453,-7140,11560
11,ABBV,2020-08-11,0 days 15:59:13.790559,518362,92.7,92.69,2914,394,2680,-7140
12,ABBV,2020-08-11,0 days 15:59:27.821801,526987,92.68,92.67,1163,1604,-78,2103
13,ABBV,2020-08-11,0 days 15:59:30.830436,506553,92.68,92.67,3354,1057,333,-2766
14,ABBV,2020-08-11,0 days 15:59:38.846933,522856,92.68,92.67,3206,1945,4373,-11347
15,ABBV,2020-08-11,0 days 15:59:45.863630,527029,92.68,92.67,140,1502,-1290,1437
16,ABBV,2020-08-11,0 days 15:59:46.866158,519178,92.68,92.67,1210,449,7851,-1290
17,ABR,2020-08-11,0 days 15:55:00.214983,55265,11.63,11.62,5688,3630,-1576,8958
18,ABR,2020-08-11,0 days 15:59:07.815175,56465,11.68,11.67,7561,1433,636,-3564
19,ABR,2020-08-11,0 days 15:59:08.818131,55501,11.68,11.67,6405,1533,-964,636
20,ABT,2020-08-11,0 days 15:55:23.133025,770474,98.92,98.91,200,527,-609,291
21,ABT,2020-08-11,0 days 15:55:24.135360,769083,98.91,98.89,500,327,1391,-609
22,ABT,2020-08-11,0 days 15:55:41.178461,771790,98.88,98.85,300,1000,-174,766
23,ABT,2020-08-11,0 days 15:55:42.178645,770364,98.88,98.85,700,600,1426,-174
24,ABT,2020-08-11,0 days 15:56:11.249597,777590,98.85,98.84,300,100,-494,46
25,ABT,2020-08-11,0 days 15:56:12.251394,776284,98.82,98.78,600,521,2246,-494
26,ABT,2020-08-11,0 days 15:57:33.446828,786943,98.86,98.84,1829,1330,1953,-747
27,ABT,2020-08-11,0 days 15:57:44.473518,815612,98.83,98.81,1000,632,-2631,10193
28,ABT,2020-08-11,0 days 15:57:45.475933,811143,98.83,98.82,1150,1223,4393,-2631
29,ABT,2020-08-11,0 days 15:57:57.504983,810696,98.85,98.84,1025,1230,-4047,1353
30,ABT,2020-08-11,0 days 15:57:58.508265,806743,98.85,98.84,1125,1856,2153,-4047
31,ABT,2020-08-11,0 days 15:58:00.514431,808896,98.86,98.85,1401,400,-2247,2153
32,ABT,2020-08-11,0 days 15:58:01.516229,805143,98.86,98.85,1602,423,3753,-2247
33,ABT,2020-08-11,0 days 15:58:03.520871,795066,98.86,98.84,2502,735,-17477,3753
34,ABT,2020-08-11,0 days 15:58:04.523248,791703,98.85,98.83,700,640,3363,-17477
35,ABT,2020-08-11,0 days 15:58:42.614995,807086,98.89,98.87,500,501,-517,1283
36,ABT,2020-08-11,0 days 15:58:43.617886,804903,98.89,98.88,900,120,2183,-517
37,ABT,2020-08-11,0 days 15:59:09.681883,811185,98.95,98.93,603,1181,-111,958
38,ABT,2020-08-11,0 days 15:59:11.686256,809167,98.94,98.93,437,440,2139,-1550
39,ABT,2020-08-11,0 days 15:59:20.707282,830877,98.96,98.95,2126,886,-3135,10225
40,ABT,2020-08-11,0 days 15:59:22.712543,823737,99.0,98.99,100,1110,43373,-5675
41,ABT,2020-08-11,0 days 15:59:23.715096,875844,99.01,99.0,711,104,-9693,43373
42,ABT,2020-08-11,0 days 15:59:24.717006,869637,99.0,98.99,671,500,6104,-9693
43,ABT,2020-08-11,0 days 15:59:37.749241,894100,99.03,99.02,1038,700,-13157,6106
44,ABT,2020-08-11,0 days 15:59:38.752873,892095,99.04,99.03,323,2700,2551,-13157
45,ABT,2020-08-11,0 days 15:59:39.754025,894646,99.04,99.03,1800,800,-6449,2551
46,ABT,2020-08-11,0 days 15:59:40.758586,892576,99.04,99.03,1386,700,2070,-6449
47,ABT,2020-08-11,0 days 15:59:42.761948,894646,99.05,99.04,1374,1776,-2651,2070
48,ABT,2020-08-11,0 days 15:59:46.772150,891931,99.05,99.04,1749,629,3068,-13185
49,ACB,2020-08-11,0 days 15:59:38.795904,7848,10.03,10.02,1973,6897,-2685,15
50,ACB,2020-08-11,0 days 15:59:39.797706,7833,10.03,10.02,1973,6497,15,-2685
51,ADT,2020-08-11,0 days 15:59:10.687750,127039,11.63,11.62,6076,10533,3480,-5020
52,ADT,2020-08-11,0 days 15:59:45.770213,131505,11.63,11.62,7772,12942,-10835,600
53,ADT,2020-08-11,0 days 15:59:46.772649,130540,11.63,11.62,8972,7518,3335,-10835
54,AEO,2020-08-11,0 days 15:59:00.819133,129179,11.56,11.55,13801,14816,1038,-10552
55,AEO,2020-08-11,0 days 15:59:15.854009,128664,11.56,11.55,15535,15240,-515,4585
56,AEO,2020-08-11,0 days 15:59:45.927884,146982,11.56,11.55,12079,29347,2295,-1653
57,AEO,2020-08-11,0 days 15:59:48.933863,136977,11.56,11.55,13325,32165,-1337,6963
58,AEP,2020-08-11,0 days 15:59:45.770292,519422,83.29,83.28,616,458,17660,-3021
59,AEP,2020-08-11,0 days 15:59:46.772698,515892,83.32,83.31,1300,350,-8549,17660
60,AES,2020-08-11,0 days 15:59:40.806347,625076,17.02,17.01,18202,17083,474,-1476
61,AES,2020-08-11,0 days 15:59:43.815592,623550,17.03,17.02,16858,16184,-1526,474
62,AES,2020-08-11,0 days 15:59:44.814710,625076,17.02,17.01,6977,19164,2530,-1526
63,AES,2020-08-11,0 days 15:59:46.819396,617301,17.02,17.01,17032,16252,-15591,25225
64,AFL,2020-08-11,0 days 15:59:06.726659,355484,37.99,37.98,4658,3903,21412,-9578
65,AFL,2020-08-11,0 days 15:59:07.728340,329196,37.99,37.98,1714,8375,-26859,21412
66,AFL,2020-08-11,0 days 15:59:15.748136,358745,37.99,37.98,2901,4313,17605,-6333
67,AFL,2020-08-11,0 days 15:59:16.750292,357450,37.99,37.98,1683,5013,-1295,17605
68,AFL,2020-08-11,0 days 15:59:22.765128,363545,38.01,38.0,1876,5438,31137,-1071
69,AFL,2020-08-11,0 days 15:59:43.808605,387879,38.02,38.01,9508,3334,-14090,18010
70,AFL,2020-08-11,0 days 15:59:44.810980,386666,38.02,38.01,3103,4752,1213,-14090
71,AIG,2020-08-11,0 days 15:56:30.351228,344030,31.88,31.87,2445,4399,710,-1790
72,AIG,2020-08-11,0 days 15:56:31.355601,336240,31.9,31.89,1600,2579,-7790,710
73,AIG,2020-08-11,0 days 15:59:16.750784,363124,31.98,31.97,14365,5186,82431,-3429
74,ALK,2020-08-11,0 days 15:55:04.183983,183120,38.89,38.88,200,618,-3,19
75,ALK,2020-08-11,0 days 15:55:07.192924,183123,38.91,38.89,735,700,1292,-3
76,ALK,2020-08-11,0 days 15:55:42.277862,188215,38.88,38.87,604,1119,-491,1892
77,ALK,2020-08-11,0 days 15:55:43.279933,185906,38.89,38.87,714,1719,2309,-491
78,ALK,2020-08-11,0 days 15:57:39.560473,189253,38.96,38.95,708,353,1973,-527
79,ALK,2020-08-11,0 days 15:59:39.848828,202055,38.97,38.96,1002,529,-8732,10932
80,ALK,2020-08-11,0 days 15:59:40.851654,200987,38.96,38.95,801,100,1068,-8732
81,ALK,2020-08-11,0 days 15:59:55.887391,201710,38.98,38.95,1996,1100,-269,831
82,ALLY,2020-08-11,0 days 15:55:39.329040,111164,22.4,22.39,1514,4804,1999,-2666
83,ALLY,2020-08-11,0 days 15:55:40.331957,109363,22.42,22.41,3700,1750,-1801,1999
84,ALLY,2020-08-11,0 days 15:56:21.431647,111688,22.41,22.4,5016,1881,764,-1236
85,ALLY,2020-08-11,0 days 15:56:22.432492,110552,22.41,22.4,3142,3281,-1100,764
86,ALLY,2020-08-11,0 days 15:56:37.469459,111688,22.41,22.4,4082,3192,4847,-1070
87,ALLY,2020-08-11,0 days 15:57:32.602611,115935,22.46,22.45,3100,3582,-72,228
88,ALLY,2020-08-11,0 days 15:57:34.606691,114366,22.45,22.44,5607,1989,1569,-31
89,ALLY,2020-08-11,0 days 15:57:38.616185,115935,22.45,22.44,6117,1487,-31,1069
90,ALLY,2020-08-11,0 days 15:57:47.637616,115935,22.43,22.42,5816,1653,-1595,505
91,ALLY,2020-08-11,0 days 15:57:50.645445,117530,22.43,22.42,4443,3176,1405,-1595
92,ALLY,2020-08-11,0 days 15:57:51.648174,115935,22.43,22.42,1697,4381,-1595,1405
93,ALLY,2020-08-11,0 days 15:57:59.667553,117530,22.43,22.42,2395,4381,1395,-1405
94,ALLY,2020-08-11,0 days 15:58:00.672318,116125,22.43,22.42,2056,6081,-1405,1395
95,ALLY,2020-08-11,0 days 15:58:02.675513,117530,22.43,22.42,1656,5981,1795,-1405
96,ALLY,2020-08-11,0 days 15:58:03.678545,116125,22.43,22.42,2800,4329,-1405,1795
97,ALLY,2020-08-11,0 days 15:58:08.690843,117530,22.43,22.42,12457,2824,1595,-1405
98,ALLY,2020-08-11,0 days 15:58:26.734563,117576,22.41,22.4,11407,1909,-1518,546
99,ALLY,2020-08-11,0 days 15:58:27.736847,117030,22.41,22.4,12807,1005,546,-1518
100,ALLY,2020-08-11,0 days 15:59:32.893646,134009,22.44,22.43,9612,508,-3270,1081
101,ALLY,2020-08-11,0 days 15:59:39.911159,143423,22.43,22.42,6411,10306,86,-170
102,ALLY,2020-08-11,0 days 15:59:46.928892,144840,22.43,22.42,6198,7556,-2551,13317
103,ALLY,2020-08-11,0 days 15:59:47.931469,147391,22.43,22.42,7648,7772,1249,-2551
104,ALLY,2020-08-11,0 days 15:59:50.939996,139040,22.43,22.42,6840,9958,-8351,1249
105,AM,2020-08-11,0 days 15:56:37.485329,157680,6.99,6.98,15311,14629,-3434,3766
106,AM,2020-08-11,0 days 15:56:38.488136,149814,6.99,6.98,15411,14440,7866,-3434
107,AM,2020-08-11,0 days 15:59:45.944644,180990,6.99,6.98,19732,13864,-9908,6092
108,AM,2020-08-11,0 days 15:59:46.944167,176598,6.99,6.98,22032,10385,6968,-9908
109,AMC,2020-08-11,0 days 15:59:00.661793,45643,4.56,4.55,9596,16229,-1232,631
110,AMC,2020-08-11,0 days 15:59:11.686130,52196,4.56,4.55,8020,18825,-868,3732
111,AMCR,2020-08-11,0 days 15:56:32.352393,493842,11.05,11.04,30525,15715,-1869,2731
112,AMCR,2020-08-11,0 days 15:56:33.353991,485711,11.05,11.04,30431,15815,8131,-1869
113,AMCR,2020-08-11,0 days 15:58:02.569224,478931,11.05,11.04,22254,33958,-17982,4365
114,AMCR,2020-08-11,0 days 15:58:03.571911,465513,11.05,11.04,23514,34958,13418,-17982
115,AMCR,2020-08-11,0 days 15:59:44.811012,552899,11.08,11.07,38311,45491,-10519,5992
116,ANF,2020-08-11,0 days 15:55:55.368353,189852,10.95,10.94,10435,8011,9837,-3119
117,ANF,2020-08-11,0 days 15:55:56.370152,181389,10.95,10.94,10335,8411,-8283,9837
118,ANF,2020-08-11,0 days 15:59:45.927788,204585,10.97,10.96,11824,2410,2460,-3499
119,ANF,2020-08-11,0 days 15:59:48.933759,201645,10.97,10.96,18276,2642,-3760,1640
120,APH,2020-08-11,0 days 15:56:17.320608,88178,108.8,108.79,100,560,-141,180
121,APH,2020-08-11,0 days 15:56:18.322389,88119,108.79,108.75,170,250,59,-141
122,APH,2020-08-11,0 days 15:56:32.357486,88378,108.77,108.72,150,150,-441,159
123,APH,2020-08-11,0 days 15:56:49.396748,88519,108.77,108.72,668,500,260,-141
124,APH,2020-08-11,0 days 15:56:56.414860,88579,108.78,108.77,200,317,-140,60
125,APH,2020-08-11,0 days 15:56:57.417056,88519,108.78,108.77,200,322,60,-140
126,APH,2020-08-11,0 days 15:57:36.509883,88579,108.84,108.8,300,354,-1240,60
127,APH,2020-08-11,0 days 15:59:11.741693,95423,108.76,108.72,100,1071,64,-1036
128,APH,2020-08-11,0 days 15:59:12.744661,95287,108.78,108.74,150,591,-136,64
129,APH,2020-08-11,0 days 15:59:15.748755,98031,108.78,108.77,150,125,-692,708
130,APH,2020-08-11,0 days 15:59:16.750560,97823,108.8,108.77,596,225,308,-692
131,APH,2020-08-11,0 days 15:59:34.790079,99431,108.81,108.77,3039,1069,-1849,151
132,APH,2020-08-11,0 days 15:59:35.792915,99080,108.81,108.77,3424,633,1251,-1849
133,APLE,2020-08-11,0 days 15:55:33.294439,96142,10.12,10.11,6414,7731,2879,-21
134,APLE,2020-08-11,0 days 15:55:34.296492,93721,10.12,10.11,6314,7931,-2321,2879
135,APLE,2020-08-11,0 days 15:58:40.748028,106288,10.13,10.12,9883,8632,1307,-1437
136,APLE,2020-08-11,0 days 15:58:41.750587,99595,10.13,10.12,9783,8632,-6693,1307
137,APLE,2020-08-11,0 days 15:59:45.907365,102112,10.13,10.12,16719,11267,10251,-710
138,APLE,2020-08-11,0 days 15:59:46.908814,102063,10.13,10.12,17103,11049,-3506,10251
139,AR,2020-08-11,0 days 15:59:45.816826,476980,3.94,3.93,58862,11854,22968,-11774
140,AR,2020-08-11,0 days 15:59:46.819373,469248,3.94,3.93,64337,12654,-12220,22968
141,ARLO,2020-08-11,0 days 15:58:42.786884,39686,5.9,5.89,3075,486,-228,3272
142,ARLO,2020-08-11,0 days 15:59:10.857173,42061,5.91,5.9,6154,3518,8,-307
143,ARMK,2020-08-11,0 days 15:56:29.395260,168259,25.21,25.2,404,1808,-488,4637
144,ARMK,2020-08-11,0 days 15:56:30.398755,164066,25.22,25.21,1490,1745,4193,-488
145,ARMK,2020-08-11,0 days 15:58:00.615784,170407,25.26,25.25,1400,2565,-1937,4135
146,ARMK,2020-08-11,0 days 15:58:01.616764,166444,25.26,25.25,1600,2591,3963,-1937
147,ARMK,2020-08-11,0 days 15:59:47.876169,178613,25.27,25.26,5848,2562,1190,-1201
148,ARNC,2020-08-11,0 days 15:59:10.742586,63118,22.18,22.16,300,500,4414,-1944
149,ARNC,2020-08-11,0 days 15:59:11.741576,61732,22.19,22.16,664,1611,-1386,4414
150,ARNC,2020-08-11,0 days 15:59:39.802418,63018,22.14,22.11,1715,1177,24114,-16586
151,ARNC,2020-08-11,0 days 15:59:40.806254,62132,22.14,22.11,5919,613,-886,24114
152,ARNC,2020-08-11,0 days 15:59:45.816786,63118,22.14,22.13,664,746,1183,-886
153,ARNC,2020-08-11,0 days 15:59:46.819338,61986,22.14,22.13,7302,546,-1257,1183
154,ATI,2020-08-11,0 days 15:56:09.402032,99297,9.63,9.62,11960,11759,127,-1373
155,ATI,2020-08-11,0 days 15:56:10.404209,97224,9.63,9.62,11960,11754,-3794,127
156,ATI,2020-08-11,0 days 15:58:59.814879,127756,9.62,9.61,4388,6075,2574,-3591
157,ATI,2020-08-11,0 days 15:59:00.819071,123230,9.62,9.61,2223,9685,-3991,2574
158,ATI,2020-08-11,0 days 15:59:05.830484,127662,9.61,9.6,10823,11001,609,-2232
159,ATI,2020-08-11,0 days 15:59:06.835238,128271,9.61,9.6,2688,20788,-2568,609
160,ATI,2020-08-11,0 days 15:59:15.853955,118103,9.6,9.59,7053,10557,-1696,3804
161,ATI,2020-08-11,0 days 15:59:45.927819,116962,9.6,9.59,14522,17828,12191,-1447
162,ATI,2020-08-11,0 days 15:59:46.928766,117441,9.6,9.59,14222,15329,-5715,12191
163,ATUS,2020-08-11,0 days 15:55:00.233278,185461,27.09,27.08,2574,3554,-20337,6434
164,ATUS,2020-08-11,0 days 15:58:05.683098,216149,27.09,27.08,2483,15243,2026,-27468
165,ATUS,2020-08-11,0 days 15:58:06.685443,213275,27.1,27.09,3802,10000,-2874,2026
166,ATUS,2020-08-11,0 days 15:58:07.687581,216149,27.1,27.09,3589,6754,13530,-2874
167,ATUS,2020-08-11,0 days 15:58:08.690585,214279,27.1,27.09,1023,9481,-1870,13530
168,ATUS,2020-08-11,0 days 15:58:28.739199,215879,27.1,27.09,4995,6148,-1970,530
169,ATUS,2020-08-11,0 days 15:58:38.764142,224749,27.1,27.09,1258,11973,1530,-7970
170,ATUS,2020-08-11,0 days 15:58:39.766455,222179,27.1,27.09,300,12183,-1670,1530
171,ATUS,2020-08-11,0 days 15:58:40.767937,224749,27.1,27.09,467,12909,6660,-1670
172,ATUS,2020-08-11,0 days 15:58:41.770444,213309,27.1,27.09,914,9070,-10540,6660
173,AVTR,2020-08-11,0 days 15:57:32.455491,139885,20.36,20.35,3112,4382,-1821,324
174,AVTR,2020-08-11,0 days 15:57:33.457944,139506,20.36,20.35,2624,4260,379,-1821
175,AVTR,2020-08-11,0 days 15:59:05.682166,152376,20.36,20.35,3494,3668,-3605,1325
176,AVTR,2020-08-11,0 days 15:59:06.684925,151881,20.36,20.35,4326,3485,495,-3605
177,AVTR,2020-08-11,0 days 15:59:15.706331,152776,20.36,20.35,3999,3095,-747,895
178,AVTR,2020-08-11,0 days 15:59:16.708686,151123,20.36,20.35,3999,3395,1653,-747
179,AVTR,2020-08-11,0 days 15:59:19.714962,152776,20.36,20.35,3546,2940,-4481,453
180,AVTR,2020-08-11,0 days 15:59:43.773713,168836,20.35,20.34,1947,3100,-6837,4938
181,AVYA,2020-08-11,0 days 15:55:00.088602,62382,15.98,15.97,3200,1402,1096,-4988
182,AVYA,2020-08-11,0 days 15:55:01.097154,61878,15.98,15.97,971,2575,-504,1096
183,AVYA,2020-08-11,0 days 15:55:23.144165,62382,16.02,16.01,2832,1708,4131,-204
184,AVYA,2020-08-11,0 days 15:56:20.281996,66185,16.03,16.02,4217,1318,-229,2103
185,AVYA,2020-08-11,0 days 15:57:20.426224,69352,16.02,16.01,1419,1200,1654,-908
186,AVYA,2020-08-11,0 days 15:57:21.428719,69006,16.02,16.01,705,1421,-346,1654
187,AVYA,2020-08-11,0 days 15:58:42.625796,71680,16.03,16.02,600,987,1359,-1048
188,AVYA,2020-08-11,0 days 15:58:43.628303,70739,16.03,16.02,800,1203,-941,1359
189,AVYA,2020-08-11,0 days 15:58:59.667179,71680,16.03,16.02,505,1525,2037,-763
190,AVYA,2020-08-11,0 days 15:59:00.670605,71017,16.03,16.02,1102,1657,-663,2037
191,AVYA,2020-08-11,0 days 15:59:07.687114,71904,16.03,16.02,1214,1686,1528,-787
192,AVYA,2020-08-11,0 days 15:59:10.695848,71904,16.03,16.02,757,2200,2178,-272
193,AXL,2020-08-11,0 days 15:59:46.873925,184049,8.0,7.99,13267,11579,-7893,13162
194,AXP,2020-08-11,0 days 15:55:00.214845,201882,103.15,103.11,213,341,296,-24797
195,AXP,2020-08-11,0 days 15:55:06.230209,202028,103.2,103.17,300,400,-48,49
196,AXP,2020-08-11,0 days 15:55:09.240072,200606,103.24,103.22,512,200,1122,-48
197,AXP,2020-08-11,0 days 15:55:37.303855,202436,103.16,103.13,500,644,-118,2577
198,AXP,2020-08-11,0 days 15:55:39.308094,203151,103.16,103.15,212,500,1635,-118
199,AXP,2020-08-11,0 days 15:55:41.315467,204486,103.24,103.22,404,100,-316,81
200,AXP,2020-08-11,0 days 15:55:42.316401,204402,103.24,103.21,513,700,84,-316
201,AXP,2020-08-11,0 days 15:56:20.408505,211983,103.2,103.19,285,300,456,-44
202,AXP,2020-08-11,0 days 15:56:32.437231,212396,103.18,103.15,600,100,469,-231
203,AXP,2020-08-11,0 days 15:56:59.502623,212965,103.25,103.22,553,299,-3697,510
204,AXP,2020-08-11,0 days 15:57:00.504980,212462,103.21,103.2,315,167,503,-3697
205,AXP,2020-08-11,0 days 15:57:02.509050,212965,103.21,103.19,419,1400,-211,503
206,AXP,2020-08-11,0 days 15:57:03.511048,212626,103.21,103.2,319,600,339,-211
207,AXP,2020-08-11,0 days 15:57:04.513824,212965,103.24,103.23,120,300,-161,339
208,AXP,2020-08-11,0 days 15:57:35.590571,213226,103.28,103.25,921,600,-1309,391
209,AXP,2020-08-11,0 days 15:57:46.617480,211949,103.23,103.21,1192,400,1277,-4023
210,AXP,2020-08-11,0 days 15:57:49.623032,213226,103.22,103.21,148,768,-123,2177
211,AXP,2020-08-11,0 days 15:57:50.625737,210749,103.23,103.22,1431,197,2477,-123
212,AXP,2020-08-11,0 days 15:57:57.643041,213049,103.25,103.24,300,100,177,-1723
213,AXP,2020-08-11,0 days 15:57:58.646202,213226,103.26,103.24,312,800,-1723,177
214,AXP,2020-08-11,0 days 15:58:09.674172,215952,103.28,103.26,901,200,760,-5900
215,AXP,2020-08-11,0 days 15:58:10.675322,215512,103.26,103.25,240,100,-140,760
216,AXP,2020-08-11,0 days 15:58:20.698765,215412,103.22,103.21,327,200,-355,745
217,AXP,2020-08-11,0 days 15:58:39.746121,220270,103.17,103.15,319,626,549,-258
218,AXP,2020-08-11,0 days 15:59:06.814391,221013,103.19,103.17,220,500,-925,978
219,AXP,2020-08-11,0 days 15:59:14.833726,231376,103.27,103.25,300,200,1031,-1732
220,AXTA,2020-08-11,0 days 15:55:00.250278,70459,24.03,24.02,4400,1111,-2023,11978
221,AXTA,2020-08-11,0 days 15:55:01.254287,69982,24.03,24.02,4100,1936,477,-2023
222,AXTA,2020-08-11,0 days 15:55:51.374624,70221,24.06,24.05,1111,3301,238,-262
223,AXTA,2020-08-11,0 days 15:57:07.558391,72609,24.06,24.05,1247,4115,-185,622
224,AXTA,2020-08-11,0 days 15:57:08.560118,72294,24.06,24.05,2181,4317,315,-185
225,AXTA,2020-08-11,0 days 15:58:02.689838,68512,24.03,24.02,5196,2594,-941,437
226,AXTA,2020-08-11,0 days 15:58:04.695114,62894,24.03,24.02,5593,2086,5618,-941
227,AXTA,2020-08-11,0 days 15:58:40.782246,68512,24.02,24.01,5812,4632,-955,655
228,AXTA,2020-08-11,0 days 15:59:20.880384,76067,24.04,24.03,2447,5396,179,-1829
229,AXTA,2020-08-11,0 days 15:59:29.901839,76246,24.04,24.03,2029,7769,-1538,179
230,AXTA,2020-08-11,0 days 15:59:31.906542,76197,24.04,24.03,2326,7152,49,-1538
231,AXTA,2020-08-11,0 days 15:59:35.916688,76246,24.04,24.03,4450,7134,-451,49
232,AZN,2020-08-11,0 days 15:56:17.436778,29266,55.14,55.13,1621,1132,-137,473
233,AZN,2020-08-11,0 days 15:56:18.438837,28503,55.14,55.13,2111,1020,763,-137
234,AZN,2020-08-11,0 days 15:57:45.648507,30215,55.13,55.12,4539,2589,-117,183
235,AZN,2020-08-11,0 days 15:57:46.650836,29432,55.13,55.12,5517,1589,783,-117
236,AZN,2020-08-11,0 days 15:58:02.689751,30215,55.13,55.12,1284,3104,-17,283
237,AZN,2020-08-11,0 days 15:58:05.697974,29543,55.13,55.12,5412,996,672,-228
238,AZN,2020-08-11,0 days 15:59:50.954482,31864,55.17,55.16,251,2408,1583,-217
239,BA,2020-08-11,0 days 15:59:22.869407,630543,180.64,180.57,200,444,-3971,176130
240,BA,2020-08-11,0 days 15:59:23.871983,630614,180.46,180.4,200,300,6760,-3971
241,BA,2020-08-11,0 days 15:59:34.899133,646473,180.25,180.22,608,200,-21707,10316
242,BA,2020-08-11,0 days 15:59:35.901720,645780,180.23,180.18,651,110,5266,-21707
243,BA,2020-08-11,0 days 15:59:36.904998,651346,180.22,180.19,200,147,-3734,5266
244,BA,2020-08-11,0 days 15:59:43.923415,644578,180.29,180.23,301,500,2478,-9922
245,BA,2020-08-11,0 days 15:59:44.923402,646556,180.3,180.23,423,200,-2992,2478
246,BA,2020-08-11,0 days 15:59:45.927919,652977,180.15,180.11,500,200,2984,-2992
247,BA,2020-08-11,0 days 15:59:46.928832,656661,180.11,180.09,400,212,-1727,2984
248,BA,2020-08-11,0 days 15:59:49.937441,656479,180.09,180.04,300,726,9682,-22732
249,BA,2020-08-11,0 days 15:59:50.939761,656661,180.13,180.04,100,1804,-532,9682
250,BAC,2020-08-11,0 days 15:59:14.867475,1932364,26.91,26.9,58390,66730,312840,-124191
251,BAM,2020-08-11,0 days 15:55:51.303102,42297,33.9,33.89,2565,1267,442,-18
252,BAM,2020-08-11,0 days 15:56:17.366120,42739,33.86,33.85,1031,3200,-740,212
253,BAM,2020-08-11,0 days 15:56:18.368183,42279,33.86,33.85,1226,2927,463,-740
254,BAM,2020-08-11,0 days 15:58:46.726159,45166,33.85,33.84,200,2150,-4195,605
255,BAX,2020-08-11,0 days 15:55:00.077699,111234,82.93,82.91,202,1000,3141,-6734
256,BAX,2020-08-11,0 days 15:56:27.287558,118659,82.86,82.85,1102,223,-101,558
257,BAX,2020-08-11,0 days 15:56:28.290311,118160,82.86,82.85,1111,119,499,-101
258,BAX,2020-08-11,0 days 15:57:35.452745,148820,83.0,82.98,1100,400,-1090,187
259,BAX,2020-08-11,0 days 15:57:36.454781,148110,83.0,82.98,1200,200,710,-1090
260,BAX,2020-08-11,0 days 15:57:38.459060,148820,83.0,82.99,533,232,-90,710
261,BAX,2020-08-11,0 days 15:57:39.462061,147610,83.0,82.99,833,100,1210,-90
262,BAX,2020-08-11,0 days 15:57:40.464246,148820,83.0,82.98,733,200,-390,1210
263,BAX,2020-08-11,0 days 15:57:41.466494,148510,82.99,82.98,500,200,310,-390
264,BAX,2020-08-11,0 days 15:57:43.471450,148820,82.99,82.98,751,880,-90,910
265,BAX,2020-08-11,0 days 15:57:44.473546,148510,82.99,82.98,857,780,310,-90
266,BAX,2020-08-11,0 days 15:58:00.514473,146837,82.98,82.96,306,407,-1414,569
267,BAX,2020-08-11,0 days 15:58:01.516261,146651,82.97,82.96,578,540,148,-1414
268,BAX,2020-08-11,0 days 15:58:03.520901,143371,82.98,82.97,602,600,-480,148
269,BAX,2020-08-11,0 days 15:58:07.530290,144051,82.98,82.97,802,306,141,-180
270,BAX,2020-08-11,0 days 15:58:10.538082,144192,82.98,82.97,713,100,-1159,141
271,BAX,2020-08-11,0 days 15:58:11.541001,144051,82.97,82.96,400,100,541,-1159
272,BAX,2020-08-11,0 days 15:58:32.591702,144215,82.95,82.93,923,800,-226,414
273,BAX,2020-08-11,0 days 15:58:33.593080,143941,82.95,82.93,1315,700,274,-226
274,BAX,2020-08-11,0 days 15:58:53.641806,147011,82.97,82.94,1402,600,182,-3818
275,BAX,2020-08-11,0 days 15:59:12.688684,151814,82.96,82.95,710,385,446,-2654
276,BAX,2020-08-11,0 days 15:59:13.694577,152260,82.96,82.95,649,385,-311,446
277,BAX,2020-08-11,0 days 15:59:14.694738,151871,82.96,82.95,758,200,389,-311
278,BAX,2020-08-11,0 days 15:59:22.712576,155186,82.95,82.94,835,110,88,-2912
279,BAX,2020-08-11,0 days 15:59:27.724122,156185,82.96,82.94,696,751,-776,736
280,BAX,2020-08-11,0 days 15:59:28.726791,156461,82.98,82.96,410,730,212,-776
281,BAX,2020-08-11,0 days 15:59:30.732629,150741,82.98,82.97,400,293,-1420,212
282,BAX,2020-08-11,0 days 15:59:57.783359,153099,82.97,82.94,4000,2916,-6183,1469
283,BB,2020-08-11,0 days 15:59:38.763555,29252,4.8,4.79,143845,89879,803,-889
284,BB,2020-08-11,0 days 15:59:39.765139,28755,4.8,4.79,140979,88704,-497,803
285,BB,2020-08-11,0 days 15:59:45.779312,29252,4.8,4.79,140029,94918,2703,-497
286,BB,2020-08-11,0 days 15:59:46.781627,28755,4.8,4.79,146695,92466,-497,2703
287,BBVA,2020-08-11,0 days 15:59:36.757053,36264,3.13,3.12,112718,453739,-7878,9322
288,BBVA,2020-08-11,0 days 15:59:37.760440,35742,3.13,3.12,114018,445405,522,-7878
289,BCS,2020-08-11,0 days 15:58:49.769756,34904,5.76,5.75,198294,170575,-3753,2639
290,BDX,2020-08-11,0 days 15:56:11.305314,104226,255.4,255.26,200,214,-3265,135
291,BDX,2020-08-11,0 days 15:56:24.337101,57491,254.95,254.87,200,200,47635,-2404
292,BDX,2020-08-11,0 days 15:56:31.355587,104312,255.22,255.14,255,100,357,-3042
293,BDX,2020-08-11,0 days 15:56:32.357571,101569,255.22,255.14,200,497,-2743,357
294,BDX,2020-08-11,0 days 15:56:37.369191,104322,255.3,255.22,100,400,3692,-1440
295,BDX,2020-08-11,0 days 15:56:38.370808,102228,255.29,255.22,300,410,-2094,3692
296,BDX,2020-08-11,0 days 15:58:59.712531,114301,255.25,255.16,100,100,3232,-268
297,BDX,2020-08-11,0 days 15:59:01.718007,107821,255.3,255.26,255,265,-680,2442
298,BE,2020-08-11,0 days 15:57:32.543440,108322,12.73,12.72,3082,1033,-1294,3074
299,BE,2020-08-11,0 days 15:57:33.545358,104716,12.73,12.72,2782,2385,3606,-1294
300,BE,2020-08-11,0 days 15:59:00.759604,112321,12.79,12.77,19700,5735,-2698,1526
301,BE,2020-08-11,0 days 15:59:01.760786,104619,12.79,12.78,20801,200,7702,-2698
302,BE,2020-08-11,0 days 15:59:39.848828,123809,12.79,12.78,21015,8516,-6195,3505
303,BE,2020-08-11,0 days 15:59:40.851654,121704,12.79,12.78,20015,6994,2105,-6195
304,BEN,2020-08-11,0 days 15:55:40.331870,112440,22.64,22.63,700,5771,-299,1471
305,BEN,2020-08-11,0 days 15:55:41.334987,111939,22.64,22.63,2611,4362,501,-299
306,BEN,2020-08-11,0 days 15:56:09.402001,112507,22.65,22.64,1388,4937,-1260,155
307,BEN,2020-08-11,0 days 15:56:10.404168,112267,22.65,22.64,1488,5037,40,-1260
308,BEN,2020-08-11,0 days 15:56:17.421013,112507,22.65,22.64,5067,1914,-560,40
309,BEN,2020-08-11,0 days 15:56:22.432416,114667,22.62,22.61,1194,4440,177,-260
310,BEN,2020-08-11,0 days 15:56:34.462524,114854,22.63,22.62,2905,6113,-913,177
311,BEN,2020-08-11,0 days 15:56:46.491043,117267,22.65,22.64,700,3562,450,-650
312,BEN,2020-08-11,0 days 15:56:47.493126,116954,22.65,22.64,700,3977,-313,450
313,BEN,2020-08-11,0 days 15:56:53.508769,117267,22.65,22.64,3921,3777,1960,-140
314,BEN,2020-08-11,0 days 15:56:54.510624,117027,22.65,22.64,3826,4335,-240,1960
315,BEN,2020-08-11,0 days 15:57:22.577496,118367,22.64,22.63,2249,6379,1747,-577
316,BEN,2020-08-11,0 days 15:57:23.579110,118014,22.64,22.63,2249,7226,-353,1747
317,BEN,2020-08-11,0 days 15:58:00.672158,120212,22.63,22.62,3678,6321,202,-598
318,BEN,2020-08-11,0 days 15:58:01.673242,119614,22.64,22.63,3522,6673,-598,202
319,BEN,2020-08-11,0 days 15:58:03.678434,116653,22.64,22.63,4400,5689,814,-5145
320,BEN,2020-08-11,0 days 15:58:04.680308,115967,22.64,22.63,4020,6310,-686,814
321,BEN,2020-08-11,0 days 15:58:26.734463,117898,22.64,22.63,1603,5942,469,-731
322,BEN,2020-08-11,0 days 15:58:27.736788,117167,22.64,22.63,3019,4974,-731,469
323,BEN,2020-08-11,0 days 15:59:43.923312,139750,22.68,22.67,1990,8661,-4331,14708
324,BEN,2020-08-11,0 days 15:59:44.923301,139081,22.68,22.67,4354,6317,669,-4331
325,BEN,2020-08-11,0 days 15:59:45.927751,139850,22.68,22.67,11540,5741,-3343,669
326,BEN,2020-08-11,0 days 15:59:46.928729,139293,22.67,22.66,14245,714,1703,-3343
327,BERY,2020-08-11,0 days 15:56:30.351205,28203,53.84,53.83,795,960,-651,649
328,BERY,2020-08-11,0 days 15:56:31.355601,27454,53.88,53.86,300,249,449,-651
329,BERY,2020-08-11,0 days 15:58:00.570228,29703,53.84,53.83,716,4277,-503,797
330,BERY,2020-08-11,0 days 15:58:01.571710,28906,53.84,53.83,809,4549,497,-503
331,BERY,2020-08-11,0 days 15:59:00.717725,34769,53.88,53.87,400,538,823,-477
332,BERY,2020-08-11,0 days 15:59:06.731525,36149,53.88,53.87,200,200,-2520,17
333,BERY,2020-08-11,0 days 15:59:13.747139,35369,53.91,53.9,981,890,180,-820
334,BERY,2020-08-11,0 days 15:59:35.793066,35369,53.9,53.87,200,1695,229,-371
335,BEST,2020-08-11,0 days 15:56:37.323032,21714,4.54,4.53,9109,3633,-1099,701
336,BEST,2020-08-11,0 days 15:56:38.325188,21113,4.54,4.53,8909,4033,601,-1099
337,BEST,2020-08-11,0 days 15:59:01.672460,22502,4.53,4.52,14962,9232,-938,1562
338,BEST,2020-08-11,0 days 15:59:02.675451,22240,4.53,4.52,15062,8532,262,-938
339,BEST,2020-08-11,0 days 15:59:17.711118,27397,4.57,4.56,27939,5225,317,-683
340,BEST,2020-08-11,0 days 15:59:31.745137,26014,4.57,4.56,17392,5278,-1383,317
341,BEST,2020-08-11,0 days 15:59:32.746906,25497,4.57,4.56,14043,5329,281,-1383
342,BHC,2020-08-11,0 days 15:58:51.735422,52135,17.65,17.64,10005,7000,-593,407
343,BHC,2020-08-11,0 days 15:59:32.831556,54416,17.66,17.65,9576,3073,1352,-1481
344,BHC,2020-08-11,0 days 15:59:45.863871,54416,17.66,17.65,8393,881,781,-548
345,BHC,2020-08-11,0 days 15:59:46.866321,54097,17.66,17.65,9393,681,-319,781
346,BHP,2020-08-11,0 days 15:56:17.421041,38486,56.79,56.78,850,3530,-586,57
347,BHP,2020-08-11,0 days 15:56:18.423146,37772,56.79,56.78,650,3430,714,-586
348,BHP,2020-08-11,0 days 15:57:51.648127,38486,56.8,56.79,673,5143,-112,188
349,BHP,2020-08-11,0 days 15:57:52.650822,37898,56.8,56.79,1250,3250,588,-112
350,BHP,2020-08-11,0 days 15:59:46.928766,40703,56.83,56.82,1502,2600,867,-3925
351,BK,2020-08-11,0 days 15:55:00.174142,343953,38.13,38.12,1604,3570,1845,-24565
352,BK,2020-08-11,0 days 15:56:30.394829,341544,38.13,38.12,441,6201,-4503,6897
353,BK,2020-08-11,0 days 15:56:31.396517,338435,38.13,38.12,214,5619,3109,-4503
354,BK,2020-08-11,0 days 15:58:00.611951,347744,38.11,38.1,3341,4806,-7717,3433
355,BK,2020-08-11,0 days 15:58:01.614126,342105,38.11,38.1,3761,4960,5639,-7717
356,BK,2020-08-11,0 days 15:58:03.618512,338568,38.11,38.1,629,7383,-3287,5639
357,BK,2020-08-11,0 days 15:58:04.621109,334277,38.11,38.1,3454,4810,4291,-3287
358,BK,2020-08-11,0 days 15:58:40.708873,359601,38.11,38.1,1933,6031,-26,13474
359,BK,2020-08-11,0 days 15:58:43.716311,347277,38.11,38.1,4101,5822,12324,-626
360,BK,2020-08-11,0 days 15:59:08.778178,359076,38.1,38.09,10569,7437,525,-29475
361,BK,2020-08-11,0 days 15:59:09.780259,359601,38.11,38.1,1907,5693,-132,525
362,BK,2020-08-11,0 days 15:59:11.785229,373383,38.12,38.11,4626,4066,1287,-532
363,BKR,2020-08-11,0 days 15:55:00.214926,293562,17.19,17.18,3003,7000,-3314,84815
364,BKR,2020-08-11,0 days 15:55:38.306446,298531,17.2,17.19,6245,6576,1531,-2714
365,BKR,2020-08-11,0 days 15:55:39.308118,298062,17.2,17.19,6882,7094,-1069,1531
366,BKR,2020-08-11,0 days 15:58:58.791464,349692,17.2,17.19,13217,6127,14012,-1680
367,BKR,2020-08-11,0 days 15:58:59.794945,345204,17.2,17.19,10678,7639,-4488,14012
368,BKR,2020-08-11,0 days 15:59:27.862426,377139,17.21,17.2,11578,5255,756,-3328
369,BKR,2020-08-11,0 days 15:59:28.864623,383695,17.21,17.2,12378,5255,-3800,756
370,BKR,2020-08-11,0 days 15:59:33.876977,372713,17.2,17.19,12766,2006,10982,-3800
371,BKR,2020-08-11,0 days 15:59:34.880629,369995,17.2,17.19,14892,1300,-2718,10982
372,BKR,2020-08-11,0 days 15:59:35.882437,369213,17.18,17.17,7806,4000,2082,-2718
373,BMY,2020-08-11,0 days 15:55:00.233496,634581,63.07,63.06,5288,5421,2707,-135656
374,BMY,2020-08-11,0 days 15:55:24.292947,646057,63.07,63.06,4642,1804,-6359,7848
375,BMY,2020-08-11,0 days 15:55:25.296204,643516,63.05,63.04,2334,2564,2541,-6359
376,BMY,2020-08-11,0 days 15:56:37.469339,693573,63.08,63.07,900,7288,-3217,5683
377,BMY,2020-08-11,0 days 15:56:38.471576,688983,63.08,63.07,2555,7325,4590,-3217
378,BMY,2020-08-11,0 days 15:56:41.478633,697173,63.06,63.05,300,5521,-448,252
379,BMY,2020-08-11,0 days 15:57:02.529924,697173,63.07,63.06,4335,4629,-448,252
380,BMY,2020-08-11,0 days 15:57:38.616067,715798,63.08,63.07,6593,2947,275,-625
381,BMY,2020-08-11,0 days 15:57:39.618540,713873,63.08,63.07,6228,4151,-6825,275
382,BMY,2020-08-11,0 days 15:57:56.660751,735805,63.06,63.05,9952,7510,768,-5732
383,BMY,2020-08-11,0 days 15:57:57.662054,732173,63.07,63.06,7059,4511,-3632,768
384,BMY,2020-08-11,0 days 15:59:14.853310,800077,63.07,63.06,8332,7793,32292,-4855
385,BMY,2020-08-11,0 days 15:59:15.853918,796900,63.07,63.06,7998,8453,-3177,32292
386,BMY,2020-08-11,0 days 15:59:27.882379,800653,63.06,63.05,6310,3072,3657,-3125
387,BMY,2020-08-11,0 days 15:59:28.884464,798310,63.06,63.05,6511,3171,-918,3657
388,BMY,2020-08-11,0 days 15:59:36.904884,802940,63.07,63.06,4408,6885,54973,-1293
389,BMY,2020-08-11,0 days 15:59:45.927751,833358,63.1,63.09,2395,3127,13298,-9710
390,BP,2020-08-11,0 days 15:57:41.567826,222588,23.79,23.78,22149,42301,129,-871
391,BP,2020-08-11,0 days 15:57:42.570107,211917,23.79,23.78,17597,46863,-10671,129
392,BP,2020-08-11,0 days 15:59:14.795881,220324,23.81,23.8,16917,51027,32478,-1151
393,BP,2020-08-11,0 days 15:59:15.797907,217581,23.81,23.8,23417,47427,-2743,32478
394,BP,2020-08-11,0 days 15:59:40.859074,220341,23.8,23.79,41575,54094,236,-349
395,BP,2020-08-11,0 days 15:59:46.873889,224084,23.81,23.8,9110,55410,-5542,31543
396,BP,2020-08-11,0 days 15:59:47.876272,229626,23.81,23.8,24751,45329,4558,-5542
397,BRFS,2020-08-11,0 days 15:55:00.178606,24514,4.18,4.17,79393,27897,-9204,435
398,BRK.B,2020-08-11,0 days 15:58:37.613370,311962,212.57,212.54,300,300,8321,-66679
399,BRK.B,2020-08-11,0 days 15:58:38.616588,308583,212.57,212.53,500,787,-3379,8321
400,BRK.B,2020-08-11,0 days 15:59:12.699129,312306,212.57,212.55,100,400,-1448,206
401,BRK.B,2020-08-11,0 days 15:59:14.703632,314803,212.58,212.53,200,300,89017,-2528
402,BRK.B,2020-08-11,0 days 15:59:15.706351,309149,212.73,212.67,200,400,-9149,89017
403,BRK.B,2020-08-11,0 days 15:59:16.708737,318298,212.69,212.62,200,200,451,-9149
404,BRK.B,2020-08-11,0 days 15:59:44.776041,310630,212.66,212.61,200,400,-36358,39127
405,BRK.B,2020-08-11,0 days 15:59:45.779121,355624,212.63,212.56,200,1171,66691,-36358
406,BRK.B,2020-08-11,0 days 15:59:48.786384,310595,212.71,212.66,200,400,-46019,29501
407,BRK.B,2020-08-11,0 days 15:59:54.799979,356614,212.65,212.63,345,300,30916,-48793
408,BRK.B,2020-08-11,0 days 15:59:57.807312,312495,212.73,212.61,1623,400,-44660,30916
409,BRK.B,2020-08-11,0 days 16:00:00.813093,356614,212.66,212.6,1742,40058,30916,-44660
410,BRX,2020-08-11,0 days 15:56:12.410933,750096,12.7,12.69,1580,13879,18832,-2868
411,BRX,2020-08-11,0 days 15:56:13.411178,748928,12.71,12.7,6809,6404,-1168,18832
412,BRX,2020-08-11,0 days 15:57:14.559305,751964,12.71,12.7,3112,13222,115,-558
413,BRX,2020-08-11,0 days 15:57:15.561147,751179,12.71,12.7,2263,15012,-685,115
414,BRX,2020-08-11,0 days 15:57:47.637616,757212,12.7,12.69,10090,11120,-1352,1648
415,BRX,2020-08-11,0 days 15:57:50.645445,758564,12.7,12.69,11171,8899,1548,-1352
416,BRX,2020-08-11,0 days 15:57:51.648174,757212,12.7,12.69,7916,11599,-1352,1548
417,BRX,2020-08-11,0 days 15:59:09.840625,772733,12.71,12.7,8385,15444,317,-854
418,BRX,2020-08-11,0 days 15:59:11.844371,773050,12.71,12.7,5676,20807,-1483,317
419,BRX,2020-08-11,0 days 15:59:40.914681,779120,12.71,12.7,11313,13999,171,-2013
420,BRX,2020-08-11,0 days 15:59:42.918950,778828,12.71,12.7,11230,14746,-2100,171
421,BRX,2020-08-11,0 days 15:59:45.927952,785199,12.71,12.7,12500,11701,12654,-4100
422,BRX,2020-08-11,0 days 15:59:46.928862,784353,12.71,12.7,8632,14577,-4702,12654
423,BSX,2020-08-11,0 days 15:55:08.106699,375461,39.32,39.31,1308,3886,475,-1998
424,BSX,2020-08-11,0 days 15:55:09.109789,374736,39.32,39.31,210,4547,-725,475
425,BSX,2020-08-11,0 days 15:55:21.137867,481176,39.35,39.34,3998,1500,7865,-1025
426,BSX,2020-08-11,0 days 15:57:36.464187,499753,39.33,39.32,3567,2870,-2146,3054
427,BSX,2020-08-11,0 days 15:57:37.466024,489999,39.33,39.32,3670,3704,9754,-2146
428,BSX,2020-08-11,0 days 15:58:01.525514,480506,39.32,39.31,3938,6309,-893,7954
429,BSX,2020-08-11,0 days 15:58:02.527367,472799,39.32,39.31,5333,4914,7407,-893
430,BSX,2020-08-11,0 days 15:58:36.609702,471174,39.31,39.3,6854,4704,-5894,3442
431,BSX,2020-08-11,0 days 15:58:37.612017,464768,39.31,39.3,8654,4800,6406,-5894
432,BSX,2020-08-11,0 days 15:59:15.704888,520738,39.32,39.31,7340,1120,935,-1959
433,BSX,2020-08-11,0 days 15:59:16.707272,518073,39.32,39.31,6376,3368,-3065,935
434,BSX,2020-08-11,0 days 15:59:34.750866,490936,39.31,39.3,4487,9953,-1393,407
435,BSX,2020-08-11,0 days 15:59:38.761890,508184,39.31,39.3,3550,13589,14052,-15448
436,BSX,2020-08-11,0 days 15:59:39.763534,508036,39.31,39.3,3784,11989,-148,14052
437,BSX,2020-08-11,0 days 15:59:45.777569,554520,39.31,39.3,8097,4734,14855,-2914
438,BTI,2020-08-11,0 days 15:59:45.871452,52718,34.02,34.01,6981,200,3692,-879
439,BTI,2020-08-11,0 days 15:59:46.874085,51510,34.01,34.0,2000,12965,-1284,3692
440,BTU,2020-08-11,0 days 15:58:06.628345,25752,2.79,2.78,3694,24327,1126,-5601
441,BTU,2020-08-11,0 days 15:59:05.773065,26878,2.79,2.78,4471,26043,-1537,68
442,BTU,2020-08-11,0 days 15:59:07.777295,28415,2.79,2.78,4719,25614,1058,-1537
443,BWA,2020-08-11,0 days 15:57:37.555004,149135,41.75,41.74,2202,201,-189,11
444,BWA,2020-08-11,0 days 15:57:38.557353,149024,41.74,41.73,1100,2350,111,-189
445,BWA,2020-08-11,0 days 15:57:40.562996,149135,41.74,41.73,1802,1183,-989,111
446,BWA,2020-08-11,0 days 15:57:41.564794,147724,41.74,41.73,2590,328,1411,-989
447,BWA,2020-08-11,0 days 15:58:14.645189,150723,41.73,41.72,3066,933,-1909,291
448,BWA,2020-08-11,0 days 15:58:15.647812,148432,41.73,41.72,3451,833,2291,-1909
449,BWA,2020-08-11,0 days 15:59:00.759504,132725,41.7,41.69,1733,3692,-17388,845
450,BWA,2020-08-11,0 days 15:59:01.760623,120156,41.7,41.69,3713,830,12569,-17388
451,BWA,2020-08-11,0 days 15:59:46.865961,149598,41.73,41.72,4514,1815,2328,-7698
452,BWA,2020-08-11,0 days 15:59:48.870340,151926,41.73,41.72,5716,1249,-1274,1100
453,BWA,2020-08-11,0 days 15:59:49.872966,151400,41.73,41.72,2623,2755,526,-1274
454,BX,2020-08-11,0 days 15:56:21.287621,153822,52.45,52.44,100,616,78,-1774
455,BX,2020-08-11,0 days 15:56:35.317860,151368,52.44,52.43,2504,731,-2454,1846
456,BX,2020-08-11,0 days 15:58:29.594397,151769,52.42,52.41,1801,6128,-169,31
457,BX,2020-08-11,0 days 15:58:35.609167,151938,52.42,52.41,2456,2900,31,-169
458,BX,2020-08-11,0 days 15:58:39.618630,149569,52.42,52.41,3258,3300,-1644,956
459,BX,2020-08-11,0 days 15:59:16.709228,158817,52.48,52.47,1200,1720,1667,-1115
460,BX,2020-08-11,0 days 15:59:17.711191,158684,52.48,52.47,500,2723,-733,1667
461,BX,2020-08-11,0 days 15:59:45.779694,160907,52.51,52.5,573,900,12532,-1323
462,BX,2020-08-11,0 days 15:59:46.782018,162439,52.5,52.49,600,1000,-1858,12532
463,BYD,2020-08-11,0 days 15:55:32.156698,68320,26.53,26.52,700,200,648,-552
464,BYD,2020-08-11,0 days 15:55:33.157377,68068,26.53,26.51,827,600,-252,648
465,BYD,2020-08-11,0 days 15:56:32.300782,68320,26.53,26.51,570,1269,617,-781
466,BYD,2020-08-11,0 days 15:56:33.301416,67437,26.53,26.52,210,1021,-883,617
467,BYD,2020-08-11,0 days 15:57:15.403088,67447,26.53,26.52,1059,279,-873,527
468,BYD,2020-08-11,0 days 15:59:10.687750,85882,26.57,26.56,193,1641,4693,-512
469,BYD,2020-08-11,0 days 15:59:11.686547,84775,26.57,26.56,600,666,-1007,4693
470,BYD,2020-08-11,0 days 15:59:13.694771,84115,26.53,26.52,932,1091,660,-540
471,BYD,2020-08-11,0 days 15:59:16.698246,83182,26.53,26.52,1225,591,-33,1067
472,BYD,2020-08-11,0 days 15:59:38.753170,86237,26.53,26.52,819,6570,12645,-855
473,BYD,2020-08-11,0 days 15:59:39.754263,86382,26.55,26.53,800,6327,-13435,12645
474,BYD,2020-08-11,0 days 15:59:50.782694,88031,26.52,26.51,1077,4983,-2696,604
475,C,2020-08-11,0 days 15:59:15.868137,1330196,53.74,53.73,7037,4067,3167,-136011
476,C,2020-08-11,0 days 15:59:34.913912,1331237,53.76,53.75,4995,3671,-11006,710
477,C,2020-08-11,0 days 15:59:45.944268,1367388,53.76,53.75,3100,2207,34760,-7006
478,C,2020-08-11,0 days 15:59:50.954293,1304936,53.79,53.78,5819,7235,-70598,1102
479,CAH,2020-08-11,0 days 15:55:00.129819,113840,53.03,53.0,350,550,471,-10601
480,CAH,2020-08-11,0 days 15:56:30.347054,115748,53.04,53.03,203,450,-1631,769
481,CAH,2020-08-11,0 days 15:56:31.350186,115079,53.05,53.04,145,1500,669,-1631
482,CAH,2020-08-11,0 days 15:56:40.371094,123848,53.05,53.03,1069,313,-2131,769
483,CAH,2020-08-11,0 days 15:57:27.484061,125679,53.05,53.04,602,1613,3277,-23
484,CAH,2020-08-11,0 days 15:57:28.487774,124956,53.06,53.05,710,600,-723,3277
485,CAH,2020-08-11,0 days 15:58:18.608826,134525,53.01,53.0,225,992,831,-1569
486,CAH,2020-08-11,0 days 15:58:19.610437,133056,53.01,53.0,470,992,-1469,831
487,CAH,2020-08-11,0 days 15:58:34.647307,134525,53.01,52.99,350,1120,731,-1669
488,CAH,2020-08-11,0 days 15:58:35.650798,133456,53.02,53.01,101,916,-1069,731
489,CAH,2020-08-11,0 days 15:59:10.739437,138068,53.04,53.03,103,800,3170,-371
490,CAH,2020-08-11,0 days 15:59:11.739392,137338,53.06,53.04,702,386,-905,3170
491,CARR,2020-08-11,0 days 15:57:06.392452,276957,29.53,29.52,1950,2251,3355,-3045
492,CARR,2020-08-11,0 days 15:57:07.395468,273112,29.53,29.51,1650,1800,-3845,3355
493,CARR,2020-08-11,0 days 15:57:38.469755,277857,29.54,29.53,500,1901,455,-445
494,CARR,2020-08-11,0 days 15:57:39.473736,270212,29.54,29.53,562,2401,-7645,455
495,CARR,2020-08-11,0 days 15:59:15.706629,313630,29.5,29.49,1400,3040,14259,-1464
496,CARR,2020-08-11,0 days 15:59:16.709195,308889,29.5,29.49,199,3040,-4741,14259
497,CARR,2020-08-11,0 days 15:59:48.786763,314507,29.5,29.48,1780,6120,-2656,3311
498,CAT,2020-08-11,0 days 15:55:37.178282,185028,142.62,142.59,300,100,-5681,1761
499,CAT,2020-08-11,0 days 15:55:38.180572,184409,142.63,142.6,100,422,619,-5681
500,CAT,2020-08-11,0 days 15:55:41.191956,184728,142.72,142.68,300,400,-406,619
501,CAT,2020-08-11,0 days 15:55:42.189883,184334,142.72,142.67,400,300,394,-406
502,CAT,2020-08-11,0 days 15:56:53.361832,187258,142.68,142.64,200,500,-110,260
503,CAT,2020-08-11,0 days 15:56:54.365601,186768,142.7,142.66,300,300,490,-110
504,CAT,2020-08-11,0 days 15:57:40.474866,187258,142.72,142.7,582,400,-210,90
505,CAT,2020-08-11,0 days 15:58:33.603871,190378,142.59,142.58,100,623,1778,-922
506,CAT,2020-08-11,0 days 15:58:43.628369,192156,142.63,142.58,200,962,-222,661
507,CAT,2020-08-11,0 days 15:58:46.635559,192156,142.67,142.62,263,701,-2122,1078
508,CAT,2020-08-11,0 days 15:58:47.637692,191941,142.67,142.62,559,501,215,-2122
509,CAT,2020-08-11,0 days 15:58:51.648192,192156,142.64,142.6,427,500,-2122,2978
510,CAT,2020-08-11,0 days 15:59:00.670721,190190,142.64,142.61,100,600,-1496,407
511,CAT,2020-08-11,0 days 15:59:07.687196,190416,142.58,142.54,117,1100,-170,230
512,CAT,2020-08-11,0 days 15:59:09.692027,191286,142.61,142.59,439,200,115,-1495
513,CAT,2020-08-11,0 days 15:59:10.695956,191570,142.63,142.59,381,1193,-13256,115
514,CAT,2020-08-11,0 days 15:59:24.727871,213343,142.55,142.53,320,300,376,-324
515,CAT,2020-08-11,0 days 15:59:26.732472,212519,142.55,142.5,320,632,-824,376
516,CAT,2020-08-11,0 days 15:59:28.737746,213343,142.55,142.51,520,400,189,-186
517,CAT,2020-08-11,0 days 15:59:33.749893,213532,142.55,142.52,825,121,-2710,189
518,CAT,2020-08-11,0 days 15:59:34.752565,216243,142.56,142.53,280,500,1089,-2710
519,CAT,2020-08-11,0 days 15:59:35.755392,215332,142.57,142.54,121,422,-911,1089
520,CAT,2020-08-11,0 days 15:59:40.768527,216243,142.57,142.51,422,400,46823,-460
521,CAT,2020-08-11,0 days 15:59:41.769629,216183,142.61,142.57,1509,597,-46100,46823
522,CAT,2020-08-11,0 days 15:59:44.776342,216247,142.58,142.53,1410,186,45060,-2800
523,CAT,2020-08-11,0 days 15:59:49.789622,216524,142.6,142.57,300,1200,-46257,662
524,CAT,2020-08-11,0 days 15:59:54.800290,216345,142.6,142.51,3925,495,9862,-36657
525,CCI,2020-08-11,0 days 15:55:00.249662,221262,161.6,161.51,802,225,3984,-12480
526,CCI,2020-08-11,0 days 15:55:01.254150,220346,161.69,161.56,125,362,-916,3984
527,CCI,2020-08-11,0 days 15:57:32.617278,223775,161.75,161.69,125,325,92,-107
528,CCI,2020-08-11,0 days 15:57:33.619288,223067,161.74,161.69,100,325,-708,92
529,CCI,2020-08-11,0 days 15:57:41.638787,230724,161.68,161.64,200,656,143,-1357
530,CCI,2020-08-11,0 days 15:57:42.640931,229367,161.67,161.64,420,400,-1357,143
531,CCI,2020-08-11,0 days 15:57:45.648507,230724,161.68,161.65,400,100,643,-1357
532,CCI,2020-08-11,0 days 15:57:46.650836,229367,161.67,161.62,440,740,-1357,643
533,CCI,2020-08-11,0 days 15:59:00.832705,235845,161.76,161.69,400,539,565,-5759
534,CCI,2020-08-11,0 days 15:59:01.833742,234410,161.76,161.69,510,639,-435,565
535,CCI,2020-08-11,0 days 15:59:08.851154,233402,161.76,161.72,631,115,-2107,1093
536,CCI,2020-08-11,0 days 15:59:10.857173,235509,161.76,161.7,637,934,2281,-807
537,CCI,2020-08-11,0 days 15:59:22.884946,246287,161.8,161.78,525,524,-507,1057
538,CCI,2020-08-11,0 days 15:59:23.887355,245694,161.8,161.77,725,388,593,-507
539,CCI,2020-08-11,0 days 15:59:39.926134,246984,161.71,161.67,438,200,1303,-597
540,CCI,2020-08-11,0 days 15:59:40.929829,246487,161.71,161.66,825,525,-497,1303
541,CCI,2020-08-11,0 days 15:59:46.943793,246984,161.69,161.63,800,325,1628,-672
542,CCI,2020-08-11,0 days 15:59:47.945309,246412,161.68,161.65,100,201,-1155,1628
543,CCL,2020-08-11,0 days 15:59:45.770002,673143,15.8,15.79,27305,34564,-54292,2243
544,CCL,2020-08-11,0 days 15:59:46.772392,661535,15.8,15.79,34973,22731,18888,-54292
545,CDAY,2020-08-11,0 days 15:56:19.269317,57063,70.45,70.4,604,100,-12,422
546,CDAY,2020-08-11,0 days 15:56:20.270892,56375,70.45,70.39,804,500,688,-12
547,CDAY,2020-08-11,0 days 15:56:54.356132,57263,70.45,70.43,301,200,-445778,678
548,CDAY,2020-08-11,0 days 15:57:09.388729,50885,70.39,70.37,600,624,76878,-369578
549,CDAY,2020-08-11,0 days 15:57:29.438289,57263,70.44,70.41,300,200,-445778,678
550,CDAY,2020-08-11,0 days 15:58:42.615088,59560,70.43,70.42,434,900,1003,-360353
551,CDAY,2020-08-11,0 days 15:58:46.624541,60563,70.43,70.42,392,1175,-797,1003
552,CDAY,2020-08-11,0 days 15:58:47.627159,59760,70.43,70.42,492,1275,803,-797
553,CDAY,2020-08-11,0 days 15:58:52.639494,129663,70.29,70.28,3395,800,-365090,822
554,CF,2020-08-11,0 days 15:59:08.679129,198503,35.49,35.48,2566,340,2036,-764
555,CF,2020-08-11,0 days 15:59:15.695638,198359,35.48,35.47,2700,2040,-144,2736
556,CF,2020-08-11,0 days 15:59:19.705050,198503,35.49,35.48,2131,529,15463,-244
557,CF,2020-08-11,0 days 15:59:20.707282,178866,35.5,35.49,4260,326,-19637,15463
558,CF,2020-08-11,0 days 15:59:34.741758,200303,35.49,35.48,2413,1000,16057,-1787
559,CF,2020-08-11,0 days 15:59:35.746327,182660,35.49,35.48,1200,1597,-17643,16057
560,CF,2020-08-11,0 days 15:59:42.761948,201458,35.49,35.48,2609,3914,-545,4155
561,CF,2020-08-11,0 days 15:59:46.772184,207152,35.51,35.5,300,4412,-2356,10786
562,CFG,2020-08-11,0 days 15:55:38.169094,155707,26.63,26.62,1654,3832,1228,-1872
563,CFG,2020-08-11,0 days 15:55:39.171533,153835,26.63,26.62,1654,3832,-1872,1228
564,CFG,2020-08-11,0 days 15:56:37.312147,164875,26.64,26.63,6384,1874,746,-1854
565,CFG,2020-08-11,0 days 15:56:38.314511,162421,26.64,26.63,2900,2428,-2454,746
566,CFG,2020-08-11,0 days 15:58:08.533749,165096,26.63,26.62,3081,4679,1612,-2043
567,CFG,2020-08-11,0 days 15:58:09.535923,163108,26.64,26.63,8160,2606,-1988,1612
568,CFG,2020-08-11,0 days 15:58:38.607085,158876,26.62,26.61,4182,7846,-1015,485
569,CFG,2020-08-11,0 days 15:59:03.666447,165262,26.63,26.62,6048,3656,378,-1122
570,CFG,2020-08-11,0 days 15:59:10.687702,165722,26.65,26.64,4641,5485,-340,178
571,CFG,2020-08-11,0 days 15:59:46.772501,179888,26.66,26.65,12629,3068,14634,-4077
572,CGC,2020-08-11,0 days 15:56:15.431494,31336,16.94,16.93,3804,2049,-1276,424
573,CHGG,2020-08-11,0 days 15:55:52.256453,248660,76.92,76.9,254,514,-3384,2159
574,CHGG,2020-08-11,0 days 15:57:36.506597,252664,76.93,76.92,400,431,1814,-886
575,CHGG,2020-08-11,0 days 15:57:37.508427,251978,76.95,76.94,797,200,-686,1814
576,CHGG,2020-08-11,0 days 15:57:39.514530,252664,76.95,76.94,891,339,1914,-2086
577,CHGG,2020-08-11,0 days 15:57:45.527968,256378,76.95,76.94,1030,494,-1186,414
578,CHGG,2020-08-11,0 days 15:57:46.530740,255964,76.95,76.93,1130,1218,414,-1186
579,CHGG,2020-08-11,0 days 15:57:53.546767,257564,76.95,76.93,1279,1484,1314,-386
580,CHGG,2020-08-11,0 days 15:58:02.569386,258878,76.98,76.96,1300,836,-86,614
581,CHGG,2020-08-11,0 days 15:58:05.577934,257678,76.99,76.97,634,600,-93,307
582,CHGG,2020-08-11,0 days 15:58:06.579756,257171,76.99,76.96,1102,847,507,-93
583,CHGG,2020-08-11,0 days 15:59:08.731728,270367,76.93,76.89,1100,700,-907,393
584,CHGG,2020-08-11,0 days 15:59:09.733448,269774,76.93,76.91,900,747,821,-907
585,CHGG,2020-08-11,0 days 15:59:10.739254,262995,76.95,76.94,670,249,-6779,821
586,CHGG,2020-08-11,0 days 15:59:11.739276,262374,76.93,76.91,800,500,8221,-6779
587,CHGG,2020-08-11,0 days 15:59:12.741176,268095,76.94,76.92,800,200,-2879,8221
588,CHGG,2020-08-11,0 days 15:59:15.748418,259374,76.93,76.92,500,695,5185,-4279
589,CHGG,2020-08-11,0 days 15:59:19.757923,259459,76.95,76.92,1283,862,-4632,468
590,CHGG,2020-08-11,0 days 15:59:20.760713,259391,76.93,76.92,662,757,5168,-4632
591,CHGG,2020-08-11,0 days 15:59:31.778049,259391,76.94,76.93,449,256,68,-4632
592,CHGG,2020-08-11,0 days 15:59:33.783238,259459,76.98,76.95,910,200,-1617,1468
593,CHGG,2020-08-11,0 days 15:59:49.823494,267884,76.91,76.9,136,100,-325,2375
594,CHGG,2020-08-11,0 days 15:59:50.826030,267409,76.91,76.88,237,644,475,-325
595,CHGG,2020-08-11,0 days 15:59:51.828351,260284,76.97,76.89,1592,843,-7125,475
596,CHWY,2020-08-11,0 days 15:58:00.686175,87497,50.62,50.61,1172,1100,-1315,7790
597,CHWY,2020-08-11,0 days 15:58:01.687954,83512,50.61,50.59,200,1137,3985,-1315
598,CHWY,2020-08-11,0 days 15:59:15.868340,89142,50.65,50.64,235,500,-3015,1095
599,CHWY,2020-08-11,0 days 15:59:16.870037,86425,50.65,50.64,430,200,2717,-3015
600,CHWY,2020-08-11,0 days 15:59:40.930020,90350,50.6,50.57,751,600,-410,490
601,CHWY,2020-08-11,0 days 15:59:46.944167,90754,50.59,50.57,280,766,166,-5607
602,CHWY,2020-08-11,0 days 15:59:48.948619,90923,50.59,50.57,200,683,-31,166
603,CHWY,2020-08-11,0 days 15:59:49.955662,85754,50.64,50.62,2700,1784,5166,-31
604,CHX,2020-08-11,0 days 15:55:00.088948,116307,11.1,11.09,1956,500,23,-16102
605,CHX,2020-08-11,0 days 15:56:07.250947,118585,11.16,11.15,2794,4180,2622,-306
606,CHX,2020-08-11,0 days 15:56:51.356265,123507,11.15,11.14,4685,4304,-441,2322
607,CHX,2020-08-11,0 days 15:57:31.453522,124448,11.15,11.14,6311,1990,24059,-2941
608,CHX,2020-08-11,0 days 15:57:33.458134,122507,11.17,11.16,203,3195,-1941,1459
609,CHX,2020-08-11,0 days 15:57:36.465676,124548,11.17,11.16,1353,2094,1159,-1941
610,CHX,2020-08-11,0 days 15:57:37.467550,124307,11.18,11.17,676,1517,-141,1159
611,CHX,2020-08-11,0 days 15:58:04.534204,127048,11.18,11.17,5949,5769,2223,-441
612,CHX,2020-08-11,0 days 15:58:05.536872,125271,11.18,11.17,4534,5719,-1677,2223
613,CHX,2020-08-11,0 days 15:58:08.543806,127048,11.18,11.17,8912,4906,1823,-1677
614,CHX,2020-08-11,0 days 15:58:09.546000,126487,11.18,11.17,8788,4906,-461,1823
615,CHX,2020-08-11,0 days 15:58:33.603871,127048,11.18,11.17,5115,5341,4739,-461
616,CHX,2020-08-11,0 days 15:59:00.670687,127330,11.18,11.17,1233,6113,-1517,2840
617,CHX,2020-08-11,0 days 15:59:19.715864,136338,11.21,11.2,3278,4267,5598,-321
618,CHX,2020-08-11,0 days 15:59:38.763729,138738,11.22,11.21,11116,5841,3236,-321
619,CI,2020-08-11,0 days 15:59:22.723053,184476,182.46,182.39,150,450,924,-1631
620,CI,2020-08-11,0 days 15:59:34.752592,182295,182.43,182.39,350,600,-2898,1217
621,CIM,2020-08-11,0 days 15:55:51.211551,169952,8.93,8.92,11374,31194,7934,-5959
622,CIM,2020-08-11,0 days 15:55:52.214140,165186,8.93,8.92,11574,30677,-4566,7934
623,CIM,2020-08-11,0 days 15:59:01.672376,185959,8.93,8.92,10815,45512,6507,-4988
624,CIM,2020-08-11,0 days 15:59:02.675426,182566,8.93,8.92,9825,46025,-3666,6507
625,CIM,2020-08-11,0 days 15:59:16.709012,184171,8.94,8.93,33029,10429,-2061,12039
626,CIM,2020-08-11,0 days 15:59:19.715776,199005,8.94,8.93,40534,3086,2466,-14634
627,CIM,2020-08-11,0 days 15:59:20.718221,196371,8.93,8.92,21406,46983,-2434,2466
628,CIM,2020-08-11,0 days 15:59:30.742721,186232,8.93,8.92,24718,46720,10139,-2434
629,CIM,2020-08-11,0 days 15:59:31.745099,172071,8.93,8.92,20790,52837,-14161,10139
630,CIM,2020-08-11,0 days 15:59:38.763583,191053,8.93,8.92,10392,61082,1218,-6482
631,CIM,2020-08-11,0 days 15:59:48.786505,190454,8.94,8.93,22972,26694,-730,1970
632,CL,2020-08-11,0 days 15:56:18.322331,241530,75.93,75.92,2999,1288,-635,865
633,CL,2020-08-11,0 days 15:56:19.326792,235665,75.92,75.91,2419,300,5865,-635
634,CL,2020-08-11,0 days 15:58:01.571545,235761,75.96,75.95,2134,4881,-6215,1458
635,CL,2020-08-11,0 days 15:58:02.574201,235076,75.96,75.95,4148,3781,685,-6215
636,CL,2020-08-11,0 days 15:58:46.680642,235966,75.98,75.97,601,2378,693,-1907
637,CL,2020-08-11,0 days 15:59:00.717505,236659,75.99,75.98,148,2235,-44,256
638,CL,2020-08-11,0 days 15:59:01.717808,236403,76.0,75.99,3165,475,256,-44
639,CL,2020-08-11,0 days 15:59:06.731264,236659,75.99,75.98,1907,1935,-17599,80
640,CL,2020-08-11,0 days 15:59:10.742642,257670,75.99,75.98,1831,498,5908,-139
641,CL,2020-08-11,0 days 15:59:11.741634,256678,75.99,75.98,1454,806,-992,5908
642,CL,2020-08-11,0 days 15:59:23.767523,276645,75.97,75.96,2071,602,8437,-13363
643,CL,2020-08-11,0 days 15:59:24.769978,274182,75.96,75.95,1533,800,-63,8437
644,CLDR,2020-08-11,0 days 15:59:15.748806,154306,11.27,11.26,7010,19409,12203,-3738
645,CLDR,2020-08-11,0 days 15:59:16.750560,152009,11.27,11.26,6544,19709,-2297,12203
646,CLDR,2020-08-11,0 days 15:59:34.790079,154306,11.27,11.26,8948,27147,1248,-1826
647,CLDR,2020-08-11,0 days 15:59:35.792886,148954,11.27,11.26,20722,22930,-5352,1248
648,CLDR,2020-08-11,0 days 15:59:40.806400,154306,11.27,11.26,24879,21493,9648,-1452
649,CLDR,2020-08-11,0 days 15:59:41.807202,153108,11.27,11.26,16408,20905,-1250,9648
650,CLDR,2020-08-11,0 days 15:59:45.816954,154358,11.27,11.26,25042,21681,14576,-792
651,CLDR,2020-08-11,0 days 15:59:46.819521,153934,11.27,11.26,23209,22745,-4773,14576
652,CLF,2020-08-11,0 days 15:56:20.373093,235463,6.01,6.0,33247,95974,-5097,2003
653,CLF,2020-08-11,0 days 15:58:03.621535,214480,6.0,5.99,18872,130016,-4904,14696
654,CLF,2020-08-11,0 days 15:59:15.798000,238871,6.0,5.99,18669,131021,17942,-4313
655,CLF,2020-08-11,0 days 15:59:18.805745,233313,6.0,5.99,13293,140090,-1858,1542
656,CLF,2020-08-11,0 days 15:59:30.834458,236593,6.01,6.0,69007,113192,120,-2158
657,CLF,2020-08-11,0 days 15:59:39.856791,236593,6.01,6.0,77347,110011,45568,-1132
658,CLF,2020-08-11,0 days 15:59:40.859280,235461,6.01,6.0,76700,108263,-1132,45568
659,CLF,2020-08-11,0 days 15:59:44.868216,236593,6.01,6.0,81688,114216,2341,-759
660,CLF,2020-08-11,0 days 15:59:45.871582,236534,6.01,6.0,78753,115757,-59,2341
661,CLF,2020-08-11,0 days 15:59:46.874217,236593,6.01,6.0,80653,81010,23401,-59
662,CLNY,2020-08-11,0 days 15:58:13.682857,219202,2.49,2.48,20005,60997,-10279,821
663,CLNY,2020-08-11,0 days 15:59:15.833710,247264,2.5,2.49,52418,64673,22655,-8459
664,CLNY,2020-08-11,0 days 15:59:16.835443,241119,2.5,2.49,52418,64673,-6145,22655
665,CLNY,2020-08-11,0 days 15:59:45.907273,266991,2.5,2.49,63861,52481,11865,-1135
666,CLR,2020-08-11,0 days 15:59:05.811038,139909,18.19,18.18,2297,1507,13247,-543
667,CLR,2020-08-11,0 days 15:59:06.814418,138856,18.19,18.18,1949,1157,-953,13247
668,CLR,2020-08-11,0 days 15:59:29.867235,155510,18.2,18.19,1500,3779,5055,-845
669,CLR,2020-08-11,0 days 15:59:30.869863,154165,18.2,18.19,2011,4383,-1345,5055
670,CNC,2020-08-11,0 days 15:56:19.269256,160651,62.76,62.74,579,200,517,-904
671,CNC,2020-08-11,0 days 15:57:36.454781,161320,62.88,62.87,256,830,-1852,548
672,CNC,2020-08-11,0 days 15:58:14.547089,167458,62.85,62.84,755,295,12067,-9151
673,CNC,2020-08-11,0 days 15:58:15.549478,163435,62.86,62.84,601,1137,-4023,12067
674,CNC,2020-08-11,0 days 15:59:19.705080,182958,62.89,62.87,1001,500,3074,-126
675,CNK,2020-08-11,0 days 15:55:00.175233,142062,11.81,11.8,2131,2562,-1513,16672
676,CNK,2020-08-11,0 days 15:56:22.375256,149611,11.84,11.83,5673,2213,-2338,17225
677,CNK,2020-08-11,0 days 15:59:10.784112,174549,11.86,11.85,5566,10554,3940,-599
678,CNK,2020-08-11,0 days 15:59:16.798477,174512,11.86,11.85,4436,12085,1734,-603
679,CNK,2020-08-11,0 days 15:59:17.804189,171746,11.86,11.85,1524,15190,-2766,1734
680,CNK,2020-08-11,0 days 15:59:37.844199,178112,11.86,11.85,4124,12523,15396,-3026
681,CNK,2020-08-11,0 days 15:59:38.847030,177008,11.86,11.85,1133,15789,-1104,15396
682,CNP,2020-08-11,0 days 15:55:00.128229,296544,20.63,20.62,10145,6019,-99597,63804
683,CNP,2020-08-11,0 days 15:55:15.165173,395541,20.63,20.62,6011,9136,61276,-84224
684,CNP,2020-08-11,0 days 15:55:16.168488,387717,20.65,20.64,2900,10425,-7824,61276
685,CNP,2020-08-11,0 days 15:59:38.795227,496378,20.63,20.62,11630,18108,7931,-8649
686,CNP,2020-08-11,0 days 15:59:39.797098,489709,20.63,20.62,13432,19142,-4027,7931
687,CNP,2020-08-11,0 days 15:59:46.815296,500378,20.63,20.62,13142,13707,1005,-9871
688,CNP,2020-08-11,0 days 15:59:48.819098,493583,20.63,20.62,10442,14862,-6795,1005
689,CNQ,2020-08-11,0 days 15:55:00.234137,1128059,20.56,20.55,3412,8400,-2166,5340
690,CNQ,2020-08-11,0 days 15:57:47.637600,1169990,20.54,20.53,6824,12102,10252,-5148
691,CNQ,2020-08-11,0 days 15:57:48.640529,1164842,20.54,20.53,4124,17402,-5148,10252
692,CNQ,2020-08-11,0 days 15:59:01.819881,1173590,20.56,20.55,9119,13096,23984,-7916
693,CNQ,2020-08-11,0 days 15:59:02.822981,1169174,20.56,20.55,5375,19996,-4365,23984
694,CNQ,2020-08-11,0 days 15:59:21.866916,1169402,20.56,20.55,13170,7340,-4329,26971
695,CNQ,2020-08-11,0 days 15:59:27.882485,1173731,20.56,20.55,8994,5080,8215,-1329
696,CNQ,2020-08-11,0 days 15:59:45.927919,1187638,20.56,20.55,8319,14673,-3223,168
697,CNX,2020-08-11,0 days 15:55:10.203518,117282,10.95,10.94,1792,9068,782,-118
698,CNX,2020-08-11,0 days 15:55:24.238021,118264,10.95,10.94,3241,8438,-1518,782
699,CNX,2020-08-11,0 days 15:55:25.242396,117582,10.95,10.94,3441,8344,482,-1518
700,CNX,2020-08-11,0 days 15:55:41.279857,118264,10.94,10.93,1713,7400,-340,882
701,CNX,2020-08-11,0 days 15:56:04.334122,143645,10.95,10.94,6858,2284,-2579,641
702,CNX,2020-08-11,0 days 15:57:04.479281,150372,10.95,10.94,4798,5150,2268,-1632
703,CNX,2020-08-11,0 days 15:57:05.481963,147540,10.95,10.94,4098,6850,-1632,2268
704,CNX,2020-08-11,0 days 15:59:08.781197,160375,10.95,10.94,3789,6840,2075,-8925
705,CNX,2020-08-11,0 days 15:59:09.783510,158550,10.95,10.94,3164,10467,-525,2075
706,CNX,2020-08-11,0 days 15:59:46.873889,178103,10.94,10.93,10022,6197,1976,-2169
707,COF,2020-08-11,0 days 15:56:20.372865,146075,69.64,69.63,510,100,438,-834
708,COF,2020-08-11,0 days 15:56:21.375770,143613,69.62,69.59,402,300,-2462,438
709,COF,2020-08-11,0 days 15:58:16.652859,149865,69.66,69.64,886,700,124,-76
710,COF,2020-08-11,0 days 15:58:37.704231,143889,69.66,69.65,200,500,-2547,4265
711,COF,2020-08-11,0 days 15:59:01.763895,147843,69.67,69.66,873,245,5418,-4301
712,COF,2020-08-11,0 days 15:59:02.765427,142861,69.67,69.66,429,545,-4688,5418
713,COF,2020-08-11,0 days 15:59:05.773718,148346,69.62,69.6,200,500,992,-412
714,COF,2020-08-11,0 days 15:59:10.786933,148447,69.67,69.66,302,573,10771,-1991
715,COG,2020-08-11,0 days 15:56:04.369142,277976,19.69,19.68,5398,807,-20092,4704
716,COG,2020-08-11,0 days 15:56:05.371482,275068,19.68,19.67,4655,3960,2908,-20092
717,COG,2020-08-11,0 days 15:56:10.383990,277976,19.68,19.67,4355,3960,-7587,1208
718,COG,2020-08-11,0 days 15:56:11.386739,275963,19.68,19.67,5565,2567,2298,-7587
719,COG,2020-08-11,0 days 15:57:39.599407,300800,19.7,19.69,5669,4448,-5794,5206
720,COG,2020-08-11,0 days 15:57:40.602306,298494,19.7,19.69,6669,3085,2306,-5794
721,COG,2020-08-11,0 days 15:58:33.730795,328715,19.68,19.67,7777,3383,-2188,15412
722,COG,2020-08-11,0 days 15:58:34.734875,322703,19.68,19.67,8063,2983,6012,-2188
723,COG,2020-08-11,0 days 15:59:32.874541,351389,19.71,19.7,5923,9356,4640,-2360
724,COG,2020-08-11,0 days 15:59:47.910781,355748,19.71,19.7,3395,9202,5977,-11983
725,COP,2020-08-11,0 days 15:55:00.175079,403311,39.67,39.66,800,1507,1963,-66261
726,COP,2020-08-11,0 days 15:55:18.219019,400798,39.74,39.73,1152,2037,4476,-524
727,COP,2020-08-11,0 days 15:56:04.330362,409054,39.78,39.77,500,2957,-9936,4305
728,COP,2020-08-11,0 days 15:56:05.333936,405490,39.75,39.74,800,1085,3564,-9936
729,COP,2020-08-11,0 days 15:58:35.697358,425696,39.7,39.69,2980,2902,-1829,71
730,COP,2020-08-11,0 days 15:58:37.701014,420038,39.7,39.69,3669,2405,99,-2988
731,COP,2020-08-11,0 days 15:59:10.784083,422597,39.69,39.68,3194,198,-56119,981
732,COP,2020-08-11,0 days 15:59:35.839052,496946,39.66,39.65,3964,911,34143,-34957
733,COP,2020-08-11,0 days 15:59:46.866274,500015,39.69,39.68,2577,1272,7666,-2759
734,COP,2020-08-11,0 days 15:59:47.868305,500281,39.7,39.69,2988,1800,-908,7666
735,COTY,2020-08-11,0 days 15:55:00.088424,285380,4.19,4.18,21665,68120,4685,-60750
736,COTY,2020-08-11,0 days 15:55:33.168144,290065,4.19,4.18,91779,61747,-7077,4223
737,COTY,2020-08-11,0 days 15:55:34.170965,286342,4.19,4.18,86879,60947,3523,-7077
738,COTY,2020-08-11,0 days 15:59:17.711083,354717,4.19,4.18,88921,133437,-15028,18872
739,COTY,2020-08-11,0 days 15:59:18.714031,347545,4.19,4.18,77709,136423,7172,-15028
740,CPE,2020-08-11,0 days 15:50:09.436339,29401,9.99,9.95,900,2168,7027,-3946
741,CPE,2020-08-11,0 days 15:55:41.236599,35008,10.04,10.01,1778,300,-80,20
742,CPE,2020-08-11,0 days 15:55:48.250594,33988,10.04,10.01,1278,100,7820,-780
743,CPE,2020-08-11,0 days 15:56:22.333452,26408,10.05,10.0,787,334,-7784,16
744,CPE,2020-08-11,0 days 15:57:00.423824,34192,10.03,10.02,300,3083,6816,-784
745,CPRI,2020-08-11,0 days 15:57:47.578486,93739,17.13,17.12,4075,2159,-226,674
746,CPRI,2020-08-11,0 days 15:58:00.612184,89652,17.14,17.13,989,6226,287,-2326
747,CPRI,2020-08-11,0 days 15:58:01.613648,89439,17.15,17.14,1205,3020,-213,287
748,CPRI,2020-08-11,0 days 15:59:30.831451,92385,17.18,17.17,5185,7465,2843,-5881
749,CPRI,2020-08-11,0 days 15:59:31.835613,91928,17.18,17.17,6058,6565,-457,2843
750,CPRI,2020-08-11,0 days 15:59:38.854099,95854,17.18,17.17,6971,20025,15874,-457
751,CPRI,2020-08-11,0 days 15:59:39.853709,95528,17.18,17.17,7229,18864,-326,15874
752,CPRI,2020-08-11,0 days 15:59:45.867893,95854,17.18,17.17,7908,19168,4836,-326
753,CPRI,2020-08-11,0 days 15:59:46.873352,95790,17.18,17.17,6479,11223,-1869,4836
754,CRK,2020-08-11,0 days 15:59:21.882713,44563,5.94,5.93,2202,6213,-2028,872
755,CRM,2020-08-11,0 days 15:59:15.748223,317020,191.94,191.91,300,405,3082,-26988
756,CRM,2020-08-11,0 days 15:59:17.753969,316615,192.01,191.96,200,192,-405,3595
757,CRM,2020-08-11,0 days 15:59:18.755425,316520,192.02,191.96,2145,436,1333,-405
758,CRM,2020-08-11,0 days 15:59:29.773295,315141,191.96,191.93,200,800,-2353,588
759,CRM,2020-08-11,0 days 15:59:38.795644,314365,191.87,191.86,345,1201,-3129,3415
760,CRM,2020-08-11,0 days 15:59:44.811042,317494,191.97,191.93,700,661,2063,-3292
761,CRM,2020-08-11,0 days 15:59:50.825511,302265,191.97,191.9,734,500,-15229,4471
762,CTL,2020-08-11,0 days 15:55:00.078614,539538,11.02,11.01,610,84560,84958,-119577
763,CTL,2020-08-11,0 days 15:55:43.181104,624223,11.03,11.02,4422,86592,-23236,40864
764,CTL,2020-08-11,0 days 15:55:44.183320,620359,11.03,11.02,3322,84723,3864,-23236
765,CTL,2020-08-11,0 days 15:56:08.241816,625450,11.03,11.02,10470,66501,-11681,4400
766,CTL,2020-08-11,0 days 15:56:09.244553,623031,11.03,11.02,16371,61592,2419,-11681
767,CTL,2020-08-11,0 days 15:56:23.278394,625450,11.03,11.02,8939,51890,-1045,10104
768,CTL,2020-08-11,0 days 15:56:52.349587,606131,11.04,11.03,42287,53075,19319,-3145
769,CTL,2020-08-11,0 days 15:57:09.388803,626350,11.04,11.03,47729,26570,-296,4104
770,CTL,2020-08-11,0 days 15:57:46.479601,673031,11.04,11.03,57646,17835,13119,-11845
771,CTL,2020-08-11,0 days 15:59:05.672048,714040,11.04,11.03,33213,48781,1443,-3896
772,CTL,2020-08-11,0 days 15:59:07.676704,710098,11.04,11.03,43423,37081,-3942,18058
773,CTL,2020-08-11,0 days 15:59:17.700968,718749,11.04,11.03,74190,48831,-3540,2360
774,CTL,2020-08-11,0 days 15:59:19.705232,722289,11.04,11.03,61034,49331,25251,-3240
775,CTL,2020-08-11,0 days 15:59:20.707502,703240,11.04,11.03,49585,52267,-19049,25251
776,CTL,2020-08-11,0 days 15:59:33.740035,727780,11.04,11.03,12813,77023,23322,-1884
777,CTL,2020-08-11,0 days 15:59:46.772501,838157,11.04,11.03,15771,55697,-7409,39377
778,CTVA,2020-08-11,0 days 15:55:00.179114,260186,26.72,26.71,6207,3024,-3740,53515
779,CTVA,2020-08-11,0 days 15:55:47.294705,270257,26.74,26.73,1100,2695,4362,-1138
780,CTVA,2020-08-11,0 days 15:55:48.295910,269319,26.75,26.74,2266,1622,-938,4362
781,CTVA,2020-08-11,0 days 15:56:31.400028,273778,26.73,26.72,4786,2120,3796,-304
782,CTVA,2020-08-11,0 days 15:56:32.401792,273274,26.73,26.72,4636,2020,-504,3796
783,CTVA,2020-08-11,0 days 15:56:48.441162,273778,26.74,26.73,4849,3174,401,-490
784,CTVA,2020-08-11,0 days 15:56:49.442950,273279,26.74,26.73,4849,3374,-499,401
785,CTVA,2020-08-11,0 days 15:57:01.472435,273778,26.74,26.73,5734,4439,5,-495
786,CTVA,2020-08-11,0 days 15:57:02.474489,273383,26.74,26.73,4649,4339,-395,5
787,CTVA,2020-08-11,0 days 15:59:14.795954,309979,26.76,26.75,6472,6619,1463,-285
788,CTVA,2020-08-11,0 days 15:59:27.827445,320780,26.77,26.76,7850,6267,3508,-1138
789,CUK,2020-08-11,0 days 15:55:33.168268,27511,13.47,13.46,2100,2100,337,-463
790,CUK,2020-08-11,0 days 15:55:34.171089,27148,13.47,13.46,2100,2100,-363,337
791,CUK,2020-08-11,0 days 15:57:58.519000,28171,13.47,13.46,1381,600,427,-173
792,CUK,2020-08-11,0 days 15:57:59.521412,27898,13.47,13.46,781,1891,-273,427
793,CUK,2020-08-11,0 days 15:58:01.527195,27879,13.48,13.47,2309,1100,119,-173
794,CUK,2020-08-11,0 days 15:58:02.529087,27798,13.48,13.47,1322,2287,-81,119
795,CUK,2020-08-11,0 days 15:58:04.534231,27879,13.48,13.47,3407,1110,19,-81
796,CUK,2020-08-11,0 days 15:58:05.536927,27798,13.48,13.47,990,1710,-81,19
797,CUK,2020-08-11,0 days 15:59:45.779787,28423,13.49,13.48,3021,400,1489,-204
798,CVE,2020-08-11,0 days 15:59:30.742893,138343,5.06,5.05,167785,232073,2059,-5512
799,CVE,2020-08-11,0 days 15:59:37.760557,140402,5.06,5.05,185868,253295,-4095,2059
800,CVE,2020-08-11,0 days 15:59:45.779561,144497,5.06,5.05,166580,239633,9628,-4095
801,CVE,2020-08-11,0 days 15:59:46.781893,139425,5.06,5.05,183414,229949,-8039,9628
802,CVS,2020-08-11,0 days 15:50:06.373835,173565,65.23,65.22,653,757,21264,-4536
803,CVS,2020-08-11,0 days 15:51:07.520597,169829,65.28,65.27,497,703,-4536,20464
804,CVS,2020-08-11,0 days 15:51:59.644559,169829,65.28,65.27,375,640,-4536,20464
805,CVS,2020-08-11,0 days 15:55:18.121658,264233,65.27,65.26,1075,923,4269,-20031
806,CVS,2020-08-11,0 days 15:56:30.294057,295363,65.2,65.19,300,1848,6666,-2375
807,CVS,2020-08-11,0 days 15:57:10.390705,278842,65.27,65.25,1357,1252,-19894,5106
808,CVS,2020-08-11,0 days 15:57:11.393724,274436,65.26,65.25,1586,1407,4406,-19894
809,CVS,2020-08-11,0 days 15:57:32.444507,274436,65.28,65.27,1116,950,4406,-18294
810,CVS,2020-08-11,0 days 15:58:47.627103,312377,65.23,65.22,1100,736,4028,-2272
811,CVS,2020-08-11,0 days 15:59:05.671741,332528,65.23,65.22,1075,1866,-32603,5286
812,CVS,2020-08-11,0 days 15:59:06.674652,327703,65.21,65.2,375,1597,26812,-32603
813,CVS,2020-08-11,0 days 15:59:17.700810,346403,65.25,65.23,2550,599,3936,-5564
814,CVS,2020-08-11,0 days 15:59:19.705050,348839,65.26,65.25,1738,200,-11837,1636
815,CVS,2020-08-11,0 days 15:59:20.707337,346076,65.25,65.24,300,899,2763,-11837
816,CVS,2020-08-11,0 days 15:59:28.726791,321466,65.28,65.27,2855,124,444,-4456
817,CVS,2020-08-11,0 days 15:59:36.746806,323345,65.26,65.25,125,3130,35732,-1434
818,CVS,2020-08-11,0 days 15:59:37.749284,321911,65.27,65.26,1359,1000,-35934,35732
819,CVS,2020-08-11,0 days 15:59:38.752915,322545,65.26,65.25,100,5071,42340,-35934
820,CVS,2020-08-11,0 days 15:59:39.754053,327719,65.27,65.26,1110,2832,-35726,42340
821,CVS,2020-08-11,0 days 15:59:40.758628,327545,65.27,65.26,1292,1252,174,-35726
822,CVS,2020-08-11,0 days 15:59:55.792684,334191,65.25,65.24,600,500,34826,-5340
823,CVX,2020-08-11,0 days 15:55:39.183179,578992,89.49,89.48,500,415,-276,124
824,CVX,2020-08-11,0 days 15:55:42.189896,568768,89.53,89.51,400,100,8486,-971
825,CVX,2020-08-11,0 days 15:58:07.541298,609661,89.63,89.61,895,600,-152,5589
826,CVX,2020-08-11,0 days 15:58:12.553904,594788,89.62,89.61,200,701,14873,-152
827,CVX,2020-08-11,0 days 15:59:02.675626,614282,89.59,89.57,914,1056,-41876,5508
828,CVX,2020-08-11,0 days 15:59:06.685335,614902,89.58,89.57,851,999,1044,-693
829,CVX,2020-08-11,0 days 15:59:09.692067,625009,89.61,89.6,319,1153,-232,8267
830,CVX,2020-08-11,0 days 15:59:32.747008,624251,89.65,89.63,100,1200,-786,3619
831,CVX,2020-08-11,0 days 15:59:39.765424,599100,89.62,89.6,815,482,29630,-4670
832,CVX,2020-08-11,0 days 15:59:40.768560,628730,89.62,89.6,1853,477,-8470,29630
833,CWH,2020-08-11,0 days 15:59:16.708954,61033,32.13,32.1,315,785,3444,-654
834,CWH,2020-08-11,0 days 15:59:17.711055,59777,32.13,32.12,115,325,-1156,3444
835,CWH,2020-08-11,0 days 15:59:38.763555,57934,32.13,32.11,137,915,-2399,1601
836,CWH,2020-08-11,0 days 15:59:40.768275,61133,32.1,32.08,135,125,1615,-599
837,CWH,2020-08-11,0 days 15:59:41.769397,57848,32.14,32.11,400,200,-2485,1615
838,CWH,2020-08-11,0 days 15:59:45.779278,60333,32.12,32.1,3289,220,2782,-485
839,CWH,2020-08-11,0 days 15:59:46.781600,60470,32.1,32.07,498,218,-348,2782
840,CXO,2020-08-11,0 days 15:55:00.215003,125609,52.95,52.92,600,500,3394,-16309
841,CXO,2020-08-11,0 days 15:55:01.218946,124403,52.99,52.97,200,700,-1206,3394
842,CXO,2020-08-11,0 days 15:56:19.406993,142326,52.99,52.97,740,100,523,-459
843,CXO,2020-08-11,0 days 15:56:20.408555,140349,52.99,52.97,740,100,-1977,523
844,CXO,2020-08-11,0 days 15:57:36.592425,144244,53.01,52.97,400,1020,318,-382
845,CXO,2020-08-11,0 days 15:57:38.596521,142662,53.01,52.99,400,520,-1582,318
846,CXO,2020-08-11,0 days 15:57:39.599384,143262,52.97,52.96,300,100,800,-1582
847,CXO,2020-08-11,0 days 15:57:40.602306,141862,52.99,52.96,502,200,-1400,800
848,CXO,2020-08-11,0 days 15:58:16.689706,143185,52.98,52.96,1060,122,-1277,623
849,CXO,2020-08-11,0 days 15:58:36.738805,140016,52.96,52.95,1010,1191,3469,-977
850,CXO,2020-08-11,0 days 15:58:37.740806,142008,52.96,52.95,504,1191,-2308,3469
851,CXO,2020-08-11,0 days 15:59:39.891788,160655,52.93,52.9,545,629,-2076,55
852,CXO,2020-08-11,0 days 15:59:40.895384,162731,52.93,52.9,447,629,424,-2076
853,CXO,2020-08-11,0 days 15:59:41.896500,154686,52.95,52.92,204,334,-8045,424
854,CXO,2020-08-11,0 days 15:59:46.908854,160931,52.96,52.94,618,692,-2177,1600
855,CXO,2020-08-11,0 days 15:59:54.928306,165154,52.96,52.89,1000,623,3046,-2010
856,CXO,2020-08-11,0 days 15:59:57.931727,162801,52.95,52.91,198,787,-2353,4346
857,CXO,2020-08-11,0 days 15:59:58.933904,165154,52.95,52.91,2598,3002,3046,-2353
858,CXO,2020-08-11,0 days 15:59:59.937706,162459,52.97,52.94,300,11808,-2695,3046
859,D,2020-08-11,0 days 15:56:01.326987,248187,78.54,78.53,200,1100,-843,57
860,D,2020-08-11,0 days 15:56:07.342597,250090,78.53,78.52,1600,655,-2588,1060
861,D,2020-08-11,0 days 15:59:15.797855,266690,78.6,78.58,1583,921,10462,-2268
862,D,2020-08-11,0 days 15:59:22.815375,284795,78.61,78.6,1522,555,-500,1111
863,D,2020-08-11,0 days 15:59:40.859011,285984,78.61,78.59,1350,900,117,-7
864,D,2020-08-11,0 days 15:59:43.869415,285701,78.63,78.62,2000,1231,-283,417
865,D,2020-08-11,0 days 15:59:45.871228,285984,78.61,78.59,2000,1352,16742,-33
866,DAL,2020-08-11,0 days 15:56:34.304849,273070,29.62,29.61,1888,7249,-10330,1079
867,DAL,2020-08-11,0 days 15:56:35.306572,264800,29.62,29.61,5788,5349,8270,-10330
868,DAL,2020-08-11,0 days 15:57:36.454872,273093,29.66,29.65,6956,4340,-2289,1864
869,DAL,2020-08-11,0 days 15:57:37.456692,266129,29.66,29.65,7556,4140,6964,-2289
870,DAL,2020-08-11,0 days 15:58:58.654007,273271,29.67,29.66,5857,8459,-686,1201
871,DAL,2020-08-11,0 days 15:58:59.656368,267904,29.67,29.66,5842,8059,5367,-686
872,DAL,2020-08-11,0 days 15:59:01.661936,273271,29.66,29.65,6423,4361,-1053,4467
873,DAL,2020-08-11,0 days 15:59:09.682046,275163,29.65,29.64,4300,7982,122,-1178
874,DAL,2020-08-11,0 days 15:59:10.687678,275285,29.66,29.65,3580,8571,-1186,122
875,DAL,2020-08-11,0 days 15:59:16.698199,276939,29.66,29.65,4963,5251,-37,14716
876,DAL,2020-08-11,0 days 15:59:26.722237,277223,29.67,29.66,14383,4838,1149,-37
877,DAL,2020-08-11,0 days 15:59:33.740010,280543,29.64,29.63,9840,5309,-1906,2509
878,DAL,2020-08-11,0 days 15:59:38.753108,282360,29.64,29.63,8054,13563,9714,-450
879,DAL,2020-08-11,0 days 15:59:39.754224,292074,29.64,29.63,7748,13763,-4019,9714
880,DAL,2020-08-11,0 days 15:59:40.758837,254093,29.62,29.61,15488,3668,37981,-4019
881,DAL,2020-08-11,0 days 15:59:41.759068,292035,29.62,29.61,12611,3233,-1011,37981
882,DAL,2020-08-11,0 days 15:59:50.782299,292894,29.63,29.62,3344,2516,26466,-8320
883,DAR,2020-08-11,0 days 15:55:56.386495,107785,32.85,32.84,1272,785,1724,-3211
884,DAR,2020-08-11,0 days 15:55:57.388204,105409,32.85,32.84,412,2045,-2376,1724
885,DAR,2020-08-11,0 days 15:56:19.442362,107785,32.81,32.79,1813,600,161,-492
886,DAR,2020-08-11,0 days 15:56:22.448488,105746,32.8,32.79,771,1280,-1396,1161
887,DAR,2020-08-11,0 days 15:56:57.533284,107805,32.87,32.85,906,1133,341,-2059
888,DAR,2020-08-11,0 days 15:56:58.535912,106246,32.87,32.85,906,2359,-1559,341
889,DAR,2020-08-11,0 days 15:58:19.731562,109873,32.83,32.82,7173,2049,895,-1505
890,DAR,2020-08-11,0 days 15:58:20.733836,107968,32.83,32.82,6742,1683,-1905,895
891,DAR,2020-08-11,0 days 15:59:06.848404,105436,32.88,32.87,221,2159,375,-726
892,DAR,2020-08-11,0 days 15:59:07.848816,105411,32.87,32.86,2249,300,-25,375
893,DAR,2020-08-11,0 days 15:59:12.862193,105736,32.89,32.88,357,2871,440,-25
894,DAR,2020-08-11,0 days 15:59:21.882705,110394,32.91,32.9,1578,3405,-242,1258
895,DAR,2020-08-11,0 days 15:59:30.904270,105736,32.91,32.9,690,3461,2058,-242
896,DB,2020-08-11,0 days 15:55:00.078829,71481,9.57,9.56,82095,84815,-296,793
897,DB,2020-08-11,0 days 15:55:33.157377,71777,9.57,9.56,121466,65015,804,-296
898,DB,2020-08-11,0 days 15:58:49.632263,77421,9.57,9.56,256153,18606,-12047,1854
899,DB,2020-08-11,0 days 15:59:45.770213,91213,9.57,9.56,168740,91329,2778,-803
900,DB,2020-08-11,0 days 15:59:46.772679,90791,9.57,9.56,186828,76335,-422,2778
901,DD,2020-08-11,0 days 15:59:22.765566,1563886,57.43,57.42,200,514,-772,591812
902,DD,2020-08-11,0 days 15:59:23.767703,1535358,57.38,57.37,200,1915,29128,-772
903,DD,2020-08-11,0 days 15:59:37.798704,1565744,57.34,57.33,700,308,-18102,7489
904,DD,2020-08-11,0 days 15:59:38.801012,1560746,57.34,57.33,1100,300,4998,-18102
905,DD,2020-08-11,0 days 15:59:45.817248,1570256,57.32,57.31,2541,1300,-4417,5005
906,DD,2020-08-11,0 days 15:59:46.819851,1562011,57.34,57.33,456,300,8245,-4417
907,DD,2020-08-11,0 days 15:59:47.822011,1565461,57.34,57.33,325,700,-6639,8245
908,DD,2020-08-11,0 days 15:59:49.827195,1567218,57.34,57.33,400,200,543,-70557
909,DD,2020-08-11,0 days 15:59:57.846954,1573903,57.29,57.25,2229,1000,-22979,31235
910,DDD,2020-08-11,0 days 15:58:02.573214,108354,6.15,6.14,13274,14856,-2084,116
911,DDD,2020-08-11,0 days 15:58:58.708672,110438,6.15,6.14,14925,14218,3673,-1780
912,DDD,2020-08-11,0 days 15:58:59.711352,108911,6.15,6.14,13141,16341,-1527,3673
913,DDD,2020-08-11,0 days 15:59:15.747448,111351,6.15,6.14,10103,18735,7054,-201
914,DDD,2020-08-11,0 days 15:59:16.749287,111105,6.15,6.14,9543,20061,-246,7054
915,DDD,2020-08-11,0 days 15:59:35.792187,110156,6.15,6.14,24896,6820,-1195,4005
916,DE,2020-08-11,0 days 15:57:38.596521,111455,193.38,193.31,620,100,-118,882
917,DE,2020-08-11,0 days 15:57:41.605691,109288,193.25,193.23,233,100,2167,-618
918,DE,2020-08-11,0 days 15:58:07.668389,111455,193.22,193.1,100,200,-710,2828
919,DE,2020-08-11,0 days 15:58:08.670403,109227,193.2,193.11,300,556,2228,-710
920,DE,2020-08-11,0 days 15:59:04.807717,111429,193.22,193.2,303,302,-3410,1613
921,DE,2020-08-11,0 days 15:59:05.811165,109705,193.18,193.1,200,200,1895,-3410
922,DE,2020-08-11,0 days 15:59:18.841184,114510,193.3,193.21,602,837,-2181,691
923,DE,2020-08-11,0 days 15:59:19.843511,113191,193.3,193.21,723,937,1319,-2181
924,DE,2020-08-11,0 days 15:59:32.874541,135375,193.3,193.26,378,307,-2598,2409
925,DE,2020-08-11,0 days 15:59:33.877007,133373,193.27,193.21,255,223,2002,-2598
926,DE,2020-08-11,0 days 15:59:34.880680,135375,193.27,193.21,455,223,-288,2002
927,DE,2020-08-11,0 days 15:59:38.889863,134347,193.37,193.25,500,410,1028,-6188
928,DE,2020-08-11,0 days 15:59:43.904140,135375,193.38,193.27,926,410,-3099,455
929,DE,2020-08-11,0 days 15:59:48.913304,135375,193.28,193.22,146,300,-771,427
930,DE,2020-08-11,0 days 15:59:50.919349,128916,193.37,193.3,625,100,6459,-2441
931,DFS,2020-08-11,0 days 15:55:01.097154,161217,55.8,55.79,500,200,328,-5900
932,DFS,2020-08-11,0 days 15:55:07.106470,161445,55.82,55.81,244,720,-5900,328
933,DFS,2020-08-11,0 days 15:56:19.280154,162386,55.78,55.76,544,100,2239,-3989
934,DFS,2020-08-11,0 days 15:56:20.281996,159525,55.78,55.76,100,400,-8989,2239
935,DFS,2020-08-11,0 days 15:56:21.287522,162186,55.76,55.74,400,418,3439,-8989
936,DFS,2020-08-11,0 days 15:56:22.286406,159425,55.76,55.75,100,500,-2761,3439
937,DFS,2020-08-11,0 days 15:58:27.589669,178617,55.79,55.77,2817,930,-3232,6868
938,DFS,2020-08-11,0 days 15:59:05.682397,182340,55.78,55.77,732,100,8306,-522
939,DFS,2020-08-11,0 days 15:59:06.685167,180446,55.79,55.77,741,200,-1894,8306
940,DFS,2020-08-11,0 days 15:59:15.706545,195045,55.82,55.8,651,400,12549,-5055
941,DFS,2020-08-11,0 days 15:59:19.715838,195045,55.81,55.79,400,346,15528,-1451
942,DFS,2020-08-11,0 days 15:59:22.722965,188407,55.82,55.8,100,299,-6516,278
943,DFS,2020-08-11,0 days 15:59:25.730285,202962,55.79,55.77,154,400,2315,-9955
944,DFS,2020-08-11,0 days 15:59:28.737716,202277,55.81,55.77,877,500,-758,2515
945,DFS,2020-08-11,0 days 15:59:31.745160,204835,55.8,55.78,100,142,5942,-9586
946,DFS,2020-08-11,0 days 15:59:38.763691,203411,55.82,55.78,100,3185,-1424,376
947,DFS,2020-08-11,0 days 15:59:40.768417,211885,55.82,55.8,533,200,1568,-8574
948,DFS,2020-08-11,0 days 15:59:50.792889,196090,55.83,55.8,300,1895,-17389,1211
949,DFS,2020-08-11,0 days 15:59:54.800232,204329,55.78,55.74,1946,600,501,-199
950,DG,2020-08-11,0 days 15:55:05.141960,67003,191.48,191.39,351,763,-16,484
951,DG,2020-08-11,0 days 15:55:06.145424,65819,191.48,191.4,550,400,1184,-16
952,DG,2020-08-11,0 days 15:57:45.527912,74379,191.17,191.14,100,250,-7,93
953,DG,2020-08-11,0 days 15:57:46.530618,73486,191.15,191.09,100,250,893,-7
954,DG,2020-08-11,0 days 15:58:01.567553,72777,191.24,191.18,100,1404,-9,47
955,DG,2020-08-11,0 days 15:58:02.569326,71986,191.24,191.18,206,1404,791,-9
956,DG,2020-08-11,0 days 15:58:15.600760,72777,191.2,191.13,200,150,-916,184
957,DG,2020-08-11,0 days 15:58:16.603541,72093,191.2,191.13,650,158,684,-916
958,DG,2020-08-11,0 days 15:58:32.643074,72093,191.15,191.12,317,117,684,-216
959,DG,2020-08-11,0 days 15:58:39.659346,73757,191.14,191.09,200,317,-1011,864
960,DG,2020-08-11,0 days 15:58:40.662083,73268,191.15,191.09,500,417,489,-1011
961,DG,2020-08-11,0 days 15:58:47.678268,74857,191.16,191.1,250,100,-7034,1266
962,DG,2020-08-11,0 days 15:59:07.728490,85276,191.08,191.05,119,115,2397,-3322
963,DG,2020-08-11,0 days 15:59:09.733347,84273,191.16,191.11,317,216,-1007,97
964,DG,2020-08-11,0 days 15:59:12.740990,85280,191.11,191.05,150,305,193,-1107
965,DG,2020-08-11,0 days 15:59:22.765341,87332,191.08,191.03,100,160,4795,-759
966,DG,2020-08-11,0 days 15:59:34.785842,89392,191.04,190.98,280,115,-1987,1559
967,DG,2020-08-11,0 days 15:59:36.790781,91379,191.05,191.01,294,449,1613,-287
968,DG,2020-08-11,0 days 15:59:37.794596,91192,191.05,191.02,291,315,-187,1613
969,DG,2020-08-11,0 days 15:59:45.812809,91795,191.05,191.01,550,297,309,-78
970,DG,2020-08-11,0 days 15:59:46.815842,91604,191.07,191.02,250,200,-191,309
971,DG,2020-08-11,0 days 15:59:47.817792,91795,191.07,191.01,550,197,652,-191
972,DHI,2020-08-11,0 days 15:56:05.370978,197744,69.04,69.02,200,580,3309,-691
973,DHI,2020-08-11,0 days 15:56:06.373663,197053,69.05,69.04,226,510,-691,3309
974,DHI,2020-08-11,0 days 15:56:21.411501,198401,68.97,68.94,500,200,62052,-1348
975,DHI,2020-08-11,0 days 15:56:59.501058,211295,69.0,68.98,1472,1027,67509,-57391
976,DHI,2020-08-11,0 days 15:57:34.585978,212511,69.01,69.0,300,714,-60384,5916
977,DHI,2020-08-11,0 days 15:57:35.590248,211395,69.01,68.99,600,549,1116,-60384
978,DHI,2020-08-11,0 days 15:57:42.606957,217095,69.0,68.99,603,222,65816,-8784
979,DHI,2020-08-11,0 days 15:58:00.652543,212511,69.0,68.98,800,664,-59284,4816
980,DHI,2020-08-11,0 days 15:58:34.734488,264947,68.99,68.98,100,950,-73,5327
981,DHI,2020-08-11,0 days 15:58:54.780500,226823,69.03,69.02,500,341,1929,-2771
982,DHI,2020-08-11,0 days 15:58:55.783303,224252,69.04,69.02,600,500,-2571,1929
983,DHI,2020-08-11,0 days 15:58:59.793797,253851,69.02,69.01,200,924,12801,-19199
984,DHI,2020-08-11,0 days 15:59:01.799932,242758,69.03,69.01,2610,1231,-693,2601
985,DHI,2020-08-11,0 days 15:59:06.813787,244390,69.0,68.99,261,1150,18693,-739
986,DHI,2020-08-11,0 days 15:59:07.814923,268383,69.06,69.05,200,740,-32507,18693
987,DHI,2020-08-11,0 days 15:59:08.817689,267790,69.06,69.05,460,880,2830,-32507
988,DHI,2020-08-11,0 days 15:59:09.820194,270620,69.05,69.04,299,741,-1393,2830
989,DHI,2020-08-11,0 days 15:59:10.823616,269813,69.05,69.04,774,709,807,-1393
990,DHI,2020-08-11,0 days 15:59:21.847071,282725,69.06,69.05,1877,1056,-5688,1612
991,DHI,2020-08-11,0 days 15:59:36.884824,286689,69.04,69.03,400,1359,-2729,12377
992,DHR,2020-08-11,0 days 15:56:09.348096,232127,199.93,199.89,400,600,-615,1378
993,DHR,2020-08-11,0 days 15:56:10.348658,231219,199.92,199.9,654,203,908,-615
994,DHR,2020-08-11,0 days 15:59:00.762470,254298,199.81,199.79,500,300,-22471,2024
995,DHR,2020-08-11,0 days 15:59:01.763844,247437,199.79,199.77,149,400,6861,-22471
996,DHR,2020-08-11,0 days 15:59:02.765427,254298,199.79,199.77,300,313,-4124,6861
997,DHR,2020-08-11,0 days 15:59:03.767830,253422,199.79,199.77,522,213,876,-4124
998,DHR,2020-08-11,0 days 15:59:07.778068,254866,199.78,199.76,665,418,-4748,3285
999,DHR,2020-08-11,0 days 15:59:08.781119,253810,199.88,199.82,200,1201,1056,-4748
1000,DHR,2020-08-11,0 days 15:59:13.793090,253053,199.87,199.85,100,1108,-1850,1143
1001,DHR,2020-08-11,0 days 15:59:14.795792,252686,199.88,199.85,122,1008,567,-1850
1002,DHR,2020-08-11,0 days 15:59:23.817514,253265,199.92,199.88,430,1122,-91,197
1003,DHR,2020-08-11,0 days 15:59:24.819942,253143,199.92,199.88,1174,105,122,-91
1004,DHR,2020-08-11,0 days 15:59:30.834225,253973,199.89,199.86,1180,1665,-2170,1530
1005,DHR,2020-08-11,0 days 15:59:31.836333,253743,199.88,199.86,871,1465,230,-2170
1006,DHR,2020-08-11,0 days 15:59:36.849754,253973,199.92,199.86,536,1779,-1870,2230
1007,DHT,2020-08-11,0 days 15:56:37.312100,69972,5.72,5.71,16117,15082,530,-1570
1008,DHT,2020-08-11,0 days 15:56:38.314434,67602,5.72,5.71,15880,15382,-2370,530
1009,DHT,2020-08-11,0 days 15:58:07.530325,68849,5.72,5.71,41081,16115,3781,-1247
1010,DHT,2020-08-11,0 days 15:58:08.533669,67130,5.72,5.71,39690,17440,-1719,3781
1011,DHT,2020-08-11,0 days 15:59:06.674728,70460,5.72,5.71,12784,24200,5445,-1530
1012,DHT,2020-08-11,0 days 15:59:07.676493,69705,5.72,5.71,11884,25814,-878,5445
1013,DHT,2020-08-11,0 days 15:59:38.752944,71140,5.72,5.71,6242,33007,400,-1006
1014,DHT,2020-08-11,0 days 15:59:39.754100,69840,5.72,5.71,6242,34515,-620,400
1015,DHT,2020-08-11,0 days 15:59:41.758943,71140,5.72,5.71,6042,33101,3618,-620
1016,DHT,2020-08-11,0 days 15:59:42.762018,68458,5.72,5.71,5942,35914,-2002,3618
1017,DHT,2020-08-11,0 days 15:59:45.769860,70460,5.72,5.71,8385,30124,2825,-302
1018,DIS,2020-08-11,0 days 15:59:20.707457,375412,130.4,130.39,100,310,22361,-7284
1019,DIS,2020-08-11,0 days 15:59:21.709758,373709,130.44,130.41,474,2490,-6351,22361
1020,DIS,2020-08-11,0 days 15:59:22.712670,382121,130.46,130.43,500,1267,2832,-6351
1021,DIS,2020-08-11,0 days 15:59:29.731246,387220,130.51,130.49,1300,557,-1270,1010
1022,DIS,2020-08-11,0 days 15:59:31.734889,386210,130.47,130.46,866,300,15957,-9243
1023,DIS,2020-08-11,0 days 15:59:33.740010,387567,130.5,130.48,1626,100,-843,1357
1024,DIS,2020-08-11,0 days 15:59:50.782469,383167,130.55,130.54,1700,435,-17732,8294
1025,DIS,2020-08-11,0 days 15:59:55.792807,386135,130.44,130.41,300,1530,5125,-12651
1026,DKS,2020-08-11,0 days 15:55:00.134128,76771,46.84,46.82,300,200,2499,-6897
1027,DKS,2020-08-11,0 days 15:57:38.513627,121976,46.86,46.85,898,263,-478,1422
1028,DKS,2020-08-11,0 days 15:57:39.518842,116554,46.84,46.81,525,700,5422,-478
1029,DKS,2020-08-11,0 days 15:58:36.656785,118908,46.83,46.82,300,1007,-1408,1835
1030,DKS,2020-08-11,0 days 15:58:37.659149,114216,46.83,46.82,500,100,4692,-1408
1031,DKS,2020-08-11,0 days 15:59:08.735703,122100,46.88,46.87,200,600,-1387,13
1032,DKS,2020-08-11,0 days 15:59:09.738139,113587,46.89,46.88,300,346,8513,-1387
1033,DKS,2020-08-11,0 days 15:59:26.774532,118997,46.94,46.93,749,893,3103,-2397
1034,DKS,2020-08-11,0 days 15:59:29.780930,122100,46.94,46.93,486,879,-227,311
1035,DKS,2020-08-11,0 days 15:59:33.787068,120532,46.93,46.92,616,545,1568,-627
1036,DKS,2020-08-11,0 days 15:59:39.802685,122100,46.95,46.93,100,3185,-2392,208
1037,DKS,2020-08-11,0 days 15:59:40.806568,121192,46.95,46.94,600,1945,908,-2392
1038,DOW,2020-08-11,0 days 15:56:21.375744,229470,44.41,44.4,787,396,1989,-911
1039,DOW,2020-08-11,0 days 15:56:22.377726,225959,44.41,44.4,1340,696,-3511,1989
1040,DOW,2020-08-11,0 days 15:59:24.819975,266214,44.53,44.52,313,1973,375,-56
1041,DOW,2020-08-11,0 days 15:59:27.827285,266589,44.54,44.52,1613,2775,-163,375
1042,DOW,2020-08-11,0 days 15:59:37.851639,266752,44.53,44.52,500,1940,608,-623
1043,DOW,2020-08-11,0 days 15:59:42.863342,267458,44.54,44.53,680,600,-254,1206
1044,DOW,2020-08-11,0 days 15:59:45.871198,267712,44.54,44.53,3820,100,5765,-254
1045,DOW,2020-08-11,0 days 15:59:46.873792,273477,44.54,44.53,2273,2160,-6149,5765
1046,DOW,2020-08-11,0 days 15:59:53.890397,269123,44.52,44.49,1455,1300,7454,-3742
1047,DRH,2020-08-11,0 days 15:55:00.133279,110289,5.63,5.62,10885,12418,17257,-17064
1048,DRH,2020-08-11,0 days 15:55:01.145065,107046,5.63,5.62,9685,16018,-3143,17257
1049,DRH,2020-08-11,0 days 15:58:08.588702,109771,5.64,5.63,28111,23469,1608,-4470
1050,DRH,2020-08-11,0 days 15:58:09.591042,108479,5.64,5.63,40630,23669,-1292,1608
1051,DRH,2020-08-11,0 days 15:59:00.717505,110171,5.65,5.64,12091,30019,418,-992
1052,DRH,2020-08-11,0 days 15:59:01.717808,109289,5.65,5.64,7595,32833,-882,418
1053,DRH,2020-08-11,0 days 15:59:02.720981,111071,5.66,5.65,26226,14625,372,-882
1054,DRH,2020-08-11,0 days 15:59:03.722275,110343,5.66,5.65,27057,11345,-728,372
1055,DRH,2020-08-11,0 days 15:59:04.724633,110171,5.65,5.64,32412,21454,172,-728
1056,DRH,2020-08-11,0 days 15:59:05.727928,109840,5.65,5.64,33512,23685,-331,172
1057,DRH,2020-08-11,0 days 15:59:06.731264,110171,5.65,5.64,34512,21549,7114,-331
1058,DRI,2020-08-11,0 days 15:55:00.249495,124995,84.09,84.07,284,555,4569,-31118
1059,DRI,2020-08-11,0 days 15:55:02.256196,110264,84.16,84.15,100,418,-14904,4396
1060,DRI,2020-08-11,0 days 15:55:03.256975,107568,84.16,84.15,200,590,2696,-14904
1061,DRI,2020-08-11,0 days 15:55:39.345297,129665,84.12,84.09,319,843,-30,97
1062,DRI,2020-08-11,0 days 15:55:46.362250,130783,84.2,84.17,100,669,582,-118
1063,DRI,2020-08-11,0 days 15:55:47.365935,130665,84.22,84.19,110,500,-118,582
1064,DRI,2020-08-11,0 days 15:56:10.419933,130783,84.23,84.2,417,300,322,-351
1065,DRI,2020-08-11,0 days 15:56:18.438610,131483,84.21,84.19,416,326,472,-128
1066,DRI,2020-08-11,0 days 15:56:47.509080,135447,84.27,84.24,400,721,-52,121
1067,DRI,2020-08-11,0 days 15:56:48.511324,134999,84.24,84.22,300,500,448,-52
1068,DRI,2020-08-11,0 days 15:57:40.635718,135478,84.22,84.18,1122,1175,-1048,79
1069,DRI,2020-08-11,0 days 15:57:42.640840,133926,84.2,84.18,870,500,1702,-148
1070,DRI,2020-08-11,0 days 15:57:50.660240,135628,84.23,84.19,423,472,-1398,502
1071,DRI,2020-08-11,0 days 15:57:55.672079,135628,84.21,84.19,400,202,-1098,802
1072,DRI,2020-08-11,0 days 15:58:12.714484,135788,84.16,84.14,525,334,-85,915
1073,DRI,2020-08-11,0 days 15:58:13.716969,134773,84.16,84.14,725,334,1015,-85
1074,DRI,2020-08-11,0 days 15:58:17.726538,135788,84.1,84.09,584,500,-385,1015
1075,DRI,2020-08-11,0 days 15:58:18.729577,134773,84.1,84.08,1011,100,1015,-385
1076,DRI,2020-08-11,0 days 15:58:27.750464,135788,84.1,84.09,1025,857,-1085,1015
1077,DRI,2020-08-11,0 days 15:58:28.752879,134773,84.1,84.09,1425,957,1015,-1085
1078,DRI,2020-08-11,0 days 15:58:43.789567,135947,84.08,84.06,721,631,-1021,879
1079,DRI,2020-08-11,0 days 15:58:44.791797,135268,84.08,84.06,1021,531,679,-1021
1080,DRI,2020-08-11,0 days 15:58:54.816473,127247,84.04,84.03,731,100,-1221,779
1081,DRI,2020-08-11,0 days 15:59:01.833660,128509,84.04,84.03,553,544,7669,-1090
1082,DRI,2020-08-11,0 days 15:59:05.844317,136212,84.03,84.02,239,5008,-6539,780
1083,DRI,2020-08-11,0 days 15:59:06.848119,142751,84.03,84.02,300,4719,4996,-6539
1084,DRI,2020-08-11,0 days 15:59:07.848620,141947,84.04,84.03,1126,300,-804,4996
1085,DRI,2020-08-11,0 days 15:59:30.903995,148525,84.24,84.23,1594,200,1824,-1176
1086,DRI,2020-08-11,0 days 15:59:31.906361,147349,84.24,84.23,1739,200,-1176,1824
1087,DRI,2020-08-11,0 days 15:59:32.908618,145111,84.22,84.18,2271,1175,2388,-1176
1088,DRI,2020-08-11,0 days 15:59:33.912379,144199,84.2,84.18,1000,1072,-912,2388
1089,DRI,2020-08-11,0 days 15:59:44.938663,155848,84.18,84.17,380,596,151,-1769
1090,DRI,2020-08-11,0 days 15:59:45.944209,155599,84.17,84.16,647,1129,-1414,151
1091,DT,2020-08-11,0 days 15:57:38.557503,159699,36.79,36.75,534,1998,-5236,664
1092,DT,2020-08-11,0 days 15:57:41.564991,164935,36.79,36.75,634,2641,264,-1536
1093,DT,2020-08-11,0 days 15:57:42.567612,160999,36.79,36.75,634,2641,-3936,264
1094,DT,2020-08-11,0 days 15:59:15.794989,195162,36.81,36.8,1900,239,74547,-8238
1095,DT,2020-08-11,0 days 15:59:30.830460,199409,36.91,36.9,752,358,-1779,2321
1096,DT,2020-08-11,0 days 15:59:31.832058,201188,36.9,36.89,657,1800,479,-1779
1097,DT,2020-08-11,0 days 15:59:32.831529,201167,36.91,36.89,1332,1992,-21,479
1098,DUK,2020-08-11,0 days 15:55:00.175279,1010134,83.62,83.59,700,300,8763,-44690
1099,DUK,2020-08-11,0 days 15:55:24.233945,896327,83.58,83.56,600,100,-23107,11093
1100,DUK,2020-08-11,0 days 15:55:35.260506,974017,83.57,83.55,295,500,73223,-22453
1101,DUK,2020-08-11,0 days 15:57:36.553130,1051694,83.54,83.51,600,600,-169,10231
1102,DUK,2020-08-11,0 days 15:57:39.560576,1043263,83.52,83.5,400,300,8555,-3969
1103,DUK,2020-08-11,0 days 15:57:40.563200,1051818,83.52,83.49,600,1100,-245,8555
1104,DUK,2020-08-11,0 days 15:57:42.567652,1050563,83.51,83.49,117,600,1255,-2045
1105,DUK,2020-08-11,0 days 15:58:03.618635,1071094,83.58,83.56,800,514,-3269,7131
1106,DUK,2020-08-11,0 days 15:58:04.621216,1058263,83.56,83.55,575,440,12831,-3269
1107,DUK,2020-08-11,0 days 15:58:08.631299,1071094,83.59,83.57,700,300,-9612,6331
1108,DUK,2020-08-11,0 days 15:58:09.633902,1066206,83.59,83.57,900,880,4888,-9612
1109,DUK,2020-08-11,0 days 15:58:32.689859,1067006,83.65,83.62,500,300,4048,-4432
1110,DUK,2020-08-11,0 days 15:58:51.735422,1079624,83.68,83.65,100,946,-9982,428
1111,DUK,2020-08-11,0 days 15:58:52.737574,1076406,83.68,83.66,300,845,3218,-9982
1112,DUK,2020-08-11,0 days 15:59:00.759824,1075796,83.7,83.68,372,800,1310,-11217
1113,DUK,2020-08-11,0 days 15:59:19.804408,1079719,83.67,83.64,411,602,-6861,13349
1114,DUK,2020-08-11,0 days 15:59:20.807263,1079072,83.67,83.64,727,800,647,-6861
1115,DUK,2020-08-11,0 days 15:59:28.823950,1079518,83.68,83.65,738,1500,1470,-8630
1116,DUK,2020-08-11,0 days 15:59:37.844199,1080988,83.68,83.66,856,987,-11951,270
1117,DUK,2020-08-11,0 days 15:59:39.848948,1080739,83.69,83.67,768,447,149,-16151
1118,DVN,2020-08-11,0 days 15:55:00.179468,252536,12.35,12.34,11125,11968,1625,-78726
1119,DVN,2020-08-11,0 days 15:55:07.197319,254161,12.36,12.35,10824,16913,-2665,1625
1120,DVN,2020-08-11,0 days 15:55:08.198791,251726,12.36,12.35,9165,16537,2435,-2665
1121,DVN,2020-08-11,0 days 15:55:55.313179,254161,12.38,12.37,13570,12834,-4417,1168
1122,DVN,2020-08-11,0 days 15:55:56.315062,252278,12.38,12.37,14870,8624,1883,-4417
1123,DVN,2020-08-11,0 days 15:56:04.334188,254161,12.38,12.37,11290,12858,-18896,1883
1124,DVN,2020-08-11,0 days 15:57:51.592550,269906,12.36,12.35,15882,18294,-6170,3013
1125,DVN,2020-08-11,0 days 15:57:56.604193,276076,12.35,12.34,21610,15839,3408,-5670
1126,DVN,2020-08-11,0 days 15:59:05.773940,291798,12.35,12.34,12699,15358,-10177,539
1127,DVN,2020-08-11,0 days 15:59:30.834439,295614,12.35,12.34,11918,20384,420,-35040
1128,DVN,2020-08-11,0 days 15:59:36.849970,297034,12.35,12.34,14375,22860,-4380,1320
1129,DXC,2020-08-11,0 days 15:55:00.134640,186408,20.1,20.09,2297,1557,234,-18060
1130,DXC,2020-08-11,0 days 15:55:34.216337,180842,20.08,20.07,3682,3098,-5274,726
1131,DXC,2020-08-11,0 days 15:56:18.322507,188319,20.09,20.08,4853,2210,7123,-4585
1132,DXC,2020-08-11,0 days 15:56:19.327000,183242,20.08,20.07,1765,2765,-4785,7123
1133,DXC,2020-08-11,0 days 15:57:41.521361,193627,20.06,20.05,1316,2600,4825,-5275
1134,DXC,2020-08-11,0 days 15:57:42.523791,188552,20.06,20.05,2312,3006,-5075,4825
1135,DXC,2020-08-11,0 days 15:58:39.663364,194603,20.04,20.03,4205,5100,211,-3000
1136,DXC,2020-08-11,0 days 15:58:46.680770,194814,20.04,20.03,1200,6909,-3227,211
1137,DXC,2020-08-11,0 days 15:59:45.817334,205384,20.03,20.02,8231,1243,7491,-2247
1138,DXC,2020-08-11,0 days 15:59:46.819935,203275,20.02,20.01,5728,12317,-4856,7491
1139,ELAN,2020-08-11,0 days 15:57:40.620777,133657,25.45,25.44,3432,3606,-514,386
1140,ELAN,2020-08-11,0 days 15:57:41.623751,128771,25.44,25.43,769,2900,4886,-514
1141,ELAN,2020-08-11,0 days 15:58:02.675332,129601,25.44,25.43,3465,2627,-3570,186
1142,ELAN,2020-08-11,0 days 15:58:03.678408,117229,25.44,25.43,3852,2752,12372,-3570
1143,ELAN,2020-08-11,0 days 15:58:07.687609,129601,25.44,25.43,3066,5141,-1605,3872
1144,ELAN,2020-08-11,0 days 15:58:08.690670,125306,25.44,25.43,3322,2639,4295,-1605
1145,ELAN,2020-08-11,0 days 15:58:40.767973,121375,25.45,25.44,4159,7340,8226,-2874
1146,ELAN,2020-08-11,0 days 15:59:06.835157,131557,25.43,25.42,3550,5004,-80,2739
1147,ELAN,2020-08-11,0 days 15:59:12.846827,130122,25.45,25.44,600,2529,1435,-1180
1148,ELAN,2020-08-11,0 days 15:59:34.898988,136972,25.45,25.44,300,3832,-517,7022
1149,ELAN,2020-08-11,0 days 15:59:38.908332,113089,25.44,25.43,5389,200,23883,-517
1150,ELAN,2020-08-11,0 days 15:59:45.927673,136972,25.45,25.44,1339,1540,-12020,1135
1151,ELY,2020-08-11,0 days 15:55:00.128424,78582,18.71,18.7,600,206,163,-11016
1152,ELY,2020-08-11,0 days 15:55:14.162619,77917,18.74,18.73,400,1234,-665,163
1153,ELY,2020-08-11,0 days 15:55:15.165334,77782,18.75,18.74,100,1900,135,-665
1154,ELY,2020-08-11,0 days 15:56:15.310368,79317,18.74,18.73,1369,1490,-77,123
1155,ELY,2020-08-11,0 days 15:56:25.335235,79394,18.72,18.71,2747,200,823,-77
1156,ELY,2020-08-11,0 days 15:56:26.337407,79017,18.72,18.71,2747,341,-377,823
1157,ELY,2020-08-11,0 days 15:57:01.421736,79224,18.7,18.69,2585,2600,893,-107
1158,ELY,2020-08-11,0 days 15:57:54.548929,80135,18.71,18.7,1314,3430,-1659,541
1159,ELY,2020-08-11,0 days 15:57:55.552184,79594,18.71,18.7,1614,2930,441,-1659
1160,ELY,2020-08-11,0 days 15:58:16.603188,80104,18.71,18.7,2977,1582,631,-99
1161,ELY,2020-08-11,0 days 15:58:26.627528,80735,18.71,18.7,2070,3468,-1099,631
1162,ELY,2020-08-11,0 days 15:58:27.629661,80104,18.71,18.7,2389,2513,631,-1099
1163,ELY,2020-08-11,0 days 15:58:42.665940,82335,18.71,18.7,834,4512,-698,231
1164,ELY,2020-08-11,0 days 15:58:47.677922,84633,18.72,18.71,343,1873,902,-498
1165,ELY,2020-08-11,0 days 15:58:48.680446,84435,18.72,18.71,132,2151,-198,902
1166,ELY,2020-08-11,0 days 15:59:03.717735,85005,18.72,18.71,1577,5893,430,-670
1167,ELY,2020-08-11,0 days 15:59:04.720212,84735,18.72,18.71,1277,6269,-270,430
1168,ELY,2020-08-11,0 days 15:59:07.728292,88195,18.72,18.71,2666,4464,236,-564
1169,ELY,2020-08-11,0 days 15:59:20.760259,88531,18.72,18.71,988,8276,-364,136
1170,ELY,2020-08-11,0 days 15:59:21.761640,88295,18.72,18.71,1040,7418,136,-364
1171,ELY,2020-08-11,0 days 15:59:24.769810,88876,18.72,18.71,816,8057,-119,581
1172,ELY,2020-08-11,0 days 15:59:25.763025,88695,18.72,18.71,1045,7767,181,-119
1173,ELY,2020-08-11,0 days 15:59:36.790448,88876,18.74,18.73,3549,651,-29,71
1174,ELY,2020-08-11,0 days 15:59:38.795527,88603,18.74,18.73,3305,2037,273,-29
1175,ELY,2020-08-11,0 days 15:59:57.842100,99761,18.75,18.74,7704,3107,-10375,2358
1176,EMR,2020-08-11,0 days 15:57:36.509800,211344,70.23,70.21,700,727,-798,3684
1177,EMR,2020-08-11,0 days 15:57:37.511095,207842,70.23,70.21,1116,831,3502,-798
1178,EMR,2020-08-11,0 days 15:57:40.518385,211344,70.22,70.21,881,600,-498,902
1179,EMR,2020-08-11,0 days 15:57:41.521137,208343,70.2,70.19,538,500,3001,-498
1180,EMR,2020-08-11,0 days 15:58:08.588660,209468,70.21,70.2,857,2337,2341,-459
1181,EMR,2020-08-11,0 days 15:58:36.656556,207210,70.17,70.16,2228,200,-3858,1146
1182,EMR,2020-08-11,0 days 15:58:37.658951,205168,70.16,70.15,735,900,2042,-3858
1183,EMR,2020-08-11,0 days 15:59:00.717468,208543,70.22,70.21,827,835,-5325,38
1184,EMR,2020-08-11,0 days 15:59:01.717774,205068,70.22,70.21,1380,1100,3475,-5325
1185,EMR,2020-08-11,0 days 15:59:07.731854,219249,70.23,70.22,1179,1200,-619,11481
1186,EMR,2020-08-11,0 days 15:59:16.750395,217602,70.24,70.23,1642,1104,4247,-1335
1187,EMR,2020-08-11,0 days 15:59:19.757435,221849,70.26,70.25,300,2866,-4455,1847
1188,EMR,2020-08-11,0 days 15:59:20.760495,215604,70.26,70.25,1182,1815,6245,-4455
1189,EMR,2020-08-11,0 days 15:59:38.800651,222734,70.28,70.27,120,859,-1951,1632
1190,EMR,2020-08-11,0 days 15:59:39.802418,221885,70.26,70.25,300,960,849,-1951
1191,EMR,2020-08-11,0 days 15:59:45.816826,222734,70.29,70.28,1006,1137,-5611,49
1192,EMR,2020-08-11,0 days 15:59:46.819373,222145,70.29,70.28,1519,1174,674,-5611
1193,ENB,2020-08-11,0 days 15:57:36.553116,211695,33.51,33.5,5301,4827,426,-474
1194,ENB,2020-08-11,0 days 15:57:37.555152,211221,33.51,33.5,3947,10201,-474,426
1195,ENB,2020-08-11,0 days 15:57:45.574830,216295,33.51,33.5,3351,7177,226,-874
1196,ENB,2020-08-11,0 days 15:57:46.577118,215421,33.51,33.5,3851,6577,-874,226
1197,ENB,2020-08-11,0 days 15:57:56.601202,216021,33.52,33.51,7070,3549,-1074,326
1198,ENB,2020-08-11,0 days 15:58:48.728027,221503,33.53,33.52,2403,5768,1872,-2487
1199,ENB,2020-08-11,0 days 15:58:54.742482,220575,33.53,33.52,5200,5330,-928,72
1200,ENB,2020-08-11,0 days 15:59:46.866209,234548,33.52,33.51,8717,2998,-4176,19400
1201,ENB,2020-08-11,0 days 15:59:47.868271,238724,33.52,33.51,9472,1531,24,-4176
1202,ENLC,2020-08-11,0 days 15:59:36.746781,36236,3.08,3.07,14533,26446,-53,147
1203,ENLC,2020-08-11,0 days 15:59:37.749284,36189,3.08,3.07,14033,26544,47,-53
1204,EOG,2020-08-11,0 days 15:59:00.759706,473720,49.39,49.38,1206,634,-359,13254
1205,EOG,2020-08-11,0 days 15:59:06.774144,474984,49.39,49.38,257,471,809,-1264
1206,EOG,2020-08-11,0 days 15:59:45.863597,486548,49.41,49.39,449,825,-4183,1195
1207,EOG,2020-08-11,0 days 15:59:48.870580,487250,49.41,49.4,627,105,371,-3010
1208,EPD,2020-08-11,0 days 15:55:00.249546,44852,18.17,18.16,2054,3388,1438,-71
1209,EPD,2020-08-11,0 days 15:59:27.897260,248734,18.17,18.16,10037,2900,3191,-109
1210,EPD,2020-08-11,0 days 15:59:46.943734,241159,18.19,18.18,5000,10814,-7575,17025
1211,EQH,2020-08-11,0 days 15:55:00.077669,122474,21.82,21.81,1005,1235,-2193,24692
1212,EQH,2020-08-11,0 days 15:55:39.171423,126567,21.83,21.82,3197,200,982,-3993
1213,EQH,2020-08-11,0 days 15:55:40.174086,124149,21.83,21.82,2737,100,-2318,982
1214,EQH,2020-08-11,0 days 15:58:08.533603,137546,21.82,21.81,3264,4318,677,-1855
1215,EQH,2020-08-11,0 days 15:58:09.535788,135423,21.82,21.81,7647,3917,-1523,677
1216,EQH,2020-08-11,0 days 15:59:13.694577,144733,21.8,21.79,2110,3201,-1914,1086
1217,EQH,2020-08-11,0 days 15:59:40.758628,145399,21.79,21.78,6155,6135,-5929,4771
1218,EQNR,2020-08-11,0 days 15:59:05.724701,24744,16.21,16.2,18472,51631,2271,-1133
1219,EQR,2020-08-11,0 days 15:57:31.497103,220318,54.73,54.71,577,2803,7472,-3728
1220,EQR,2020-08-11,0 days 15:59:43.815754,234494,54.73,54.72,1202,400,2561,-3939
1221,EQR,2020-08-11,0 days 15:59:45.817036,237055,54.73,54.72,208,393,-4053,2561
1222,EQR,2020-08-11,0 days 15:59:46.819593,234808,54.73,54.71,1129,7581,2429,-4053
1223,EQR,2020-08-11,0 days 15:59:48.823906,237237,54.73,54.72,200,300,-310,1600
1224,EQR,2020-08-11,0 days 15:59:49.827096,236347,54.74,54.72,2202,753,890,-310
1225,EQT,2020-08-11,0 days 15:56:04.231938,163835,16.24,16.23,7172,1338,-29245,4358
1226,EQT,2020-08-11,0 days 15:56:05.234630,160980,16.23,16.22,3384,1300,2855,-29245
1227,EQT,2020-08-11,0 days 15:57:44.473604,171632,16.24,16.23,5042,3050,-463,4137
1228,EQT,2020-08-11,0 days 15:57:45.476099,168395,16.24,16.23,5642,1850,4637,-463
1229,EQT,2020-08-11,0 days 15:57:58.508382,167495,16.25,16.24,10702,1672,3137,-563
1230,EQT,2020-08-11,0 days 15:58:34.596676,162595,16.29,16.28,4923,2539,2048,-652
1231,EQT,2020-08-11,0 days 15:58:36.600518,156667,16.29,16.28,4184,3600,-5928,2048
1232,EQT,2020-08-11,0 days 15:58:37.602882,155195,16.29,16.28,5085,3036,1472,-5928
1233,EQT,2020-08-11,0 days 15:58:59.656368,159195,16.29,16.28,1157,3906,1861,-339
1234,ERJ,2020-08-11,0 days 15:55:33.259729,71236,5.88,5.87,21913,15312,-173,2627
