,Symbol,Timestamp,TIME,iPaired,Ask_P,Bid_P,Ask_S,Bid_S,iShares,PreviShares
0,A,2020-03-18,0 days 15:55:00.171734,351369,68.78,68.64,448,500,-6497,39824
1,A,2020-03-18,0 days 15:56:12.345543,359063,69.63,69.49,308,262,439,-278
2,A,2020-03-18,0 days 15:56:13.346082,355702,69.63,69.49,308,1463,-3361,439
3,A,2020-03-18,0 days 15:56:43.419968,359263,69.5,69.43,40,6,3290,-3034
4,A,2020-03-18,0 days 15:56:44.421354,356853,69.52,69.43,509,6,-2410,3290
5,A,2020-03-18,0 days 15:57:08.479669,357740,68.97,68.85,303,3,-1899,48201
6,A,2020-03-18,0 days 15:57:58.602003,410036,68.46,68.24,63,100,232,-768
7,A,2020-03-18,0 days 15:57:59.604297,404768,68.39,68.23,327,200,-5268,232
8,A,2020-03-18,0 days 15:58:10.630813,362287,68.14,67.83,401,100,47381,-3219
9,A,2020-03-18,0 days 15:58:11.635736,360668,68.04,67.85,200,100,-1619,47381
10,A,2020-03-18,0 days 15:58:25.667189,362287,68.03,67.93,100,150,44141,-6269
11,A,2020-03-18,0 days 15:58:26.669801,360518,68.03,67.94,1,100,-51769,44141
12,A,2020-03-18,0 days 15:58:32.684976,362287,68.05,67.96,202,100,44441,-6569
13,A,2020-03-18,0 days 15:58:33.686310,360628,68.04,67.97,100,200,-1659,44441
14,A,2020-03-18,0 days 15:58:45.714676,362287,67.99,67.93,200,157,44541,-5969
15,A,2020-03-18,0 days 15:58:46.717169,360418,68.08,67.94,317,300,-51869,44541
16,A,2020-03-18,0 days 15:59:36.839261,418703,68.38,68.3,200,1150,26705,-2695
17,A,2020-03-18,0 days 15:59:37.842013,416108,68.5,68.32,312,1270,-2595,26705
18,AA,2020-03-18,0 days 16:00:01.005998,234154,5.74,5.73,7770,70463,3528,-5436
19,AAN,2020-03-18,0 days 15:56:19.314888,270321,18.45,18.42,200,210,-21692,596
20,AAN,2020-03-18,0 days 15:56:51.390533,263532,18.35,18.3,880,479,7089,-15546
21,AAN,2020-03-18,0 days 15:56:57.404070,270639,18.31,18.3,3,284,-21481,807
22,AAN,2020-03-18,0 days 15:57:02.420580,265255,18.33,18.31,2088,1581,5384,-16904
23,AAN,2020-03-18,0 days 15:57:03.420048,270539,18.34,18.32,80,300,-22051,5384
24,AAN,2020-03-18,0 days 15:57:10.435565,265085,18.18,18.15,838,300,5854,-16198
25,AAN,2020-03-18,0 days 15:57:42.514632,264649,18.02,18.0,478,200,20890,-1404
26,AAN,2020-03-18,0 days 15:57:43.516595,273139,18.03,18.0,1352,400,-21404,20890
27,AAN,2020-03-18,0 days 15:57:57.546280,272639,18.32,18.13,100,449,-22140,590
28,AAN,2020-03-18,0 days 15:58:47.667133,266085,18.28,18.24,418,1706,20622,-1672
29,AAN,2020-03-18,0 days 15:59:54.820045,284548,18.3,18.27,2053,3540,5469,-12825
30,AAN,2020-03-18,0 days 15:59:56.823699,294017,18.37,18.29,1000,5526,-12832,5269
31,AAN,2020-03-18,0 days 15:59:59.835957,284848,18.37,18.36,900,33362,4669,-13579
32,AB,2020-03-18,0 days 15:57:00.411713,40216,14.52,14.51,800,800,407,-1651
33,AB,2020-03-18,0 days 15:57:01.413871,38423,14.52,14.51,1068,800,-1793,407
34,AB,2020-03-18,0 days 15:58:41.657847,40216,14.6,14.56,300,400,907,-293
35,AB,2020-03-18,0 days 15:58:42.659755,38723,14.6,14.57,500,200,-1493,907
36,ABB,2020-03-18,0 days 15:55:00.974452,22070,15.44,15.43,3000,700,1577,-5413
37,ABB,2020-03-18,0 days 15:56:56.249249,23647,15.5,15.49,600,3600,-1313,347
38,ABB,2020-03-18,0 days 15:57:00.258701,24960,15.48,15.47,530,6042,156,-215
39,ABB,2020-03-18,0 days 15:57:19.305111,25116,15.46,15.45,886,3600,-2019,12
40,ABB,2020-03-18,0 days 15:58:06.420558,25116,15.43,15.42,2400,100,-4288,5512
41,ABB,2020-03-18,0 days 15:58:07.422635,24504,15.42,15.41,278,3763,612,-4288
42,ABB,2020-03-18,0 days 15:58:53.535373,26804,15.42,15.4,400,3014,312,-3788
43,ABB,2020-03-18,0 days 15:59:00.550063,27116,15.44,15.42,814,3295,-188,312
44,ABB,2020-03-18,0 days 15:59:01.553921,26904,15.44,15.42,814,2175,212,-188
45,ABB,2020-03-18,0 days 15:59:03.558007,27116,15.44,15.43,1000,2000,-325,212
46,ABC,2020-03-18,0 days 15:50:10.457819,202112,83.37,83.18,414,106,-3606,2516
47,ABC,2020-03-18,0 days 15:50:19.479538,205718,82.99,82.75,110,100,678,-3606
48,ABC,2020-03-18,0 days 15:53:59.006067,202112,83.31,83.09,104,303,-3606,678
49,ABC,2020-03-18,0 days 15:55:00.153081,217185,83.23,83.0,103,530,-3826,678
50,ABC,2020-03-18,0 days 15:59:13.762592,233739,83.8,83.72,143,480,333,-267
51,ABC,2020-03-18,0 days 15:59:16.768739,234422,83.8,83.73,133,1619,-17,183
52,ABC,2020-03-18,0 days 15:59:18.774044,236939,83.8,83.74,185,373,534,-17
53,ABC,2020-03-18,0 days 15:59:24.788862,236480,84.06,84.0,300,474,-7797,7198
54,ABC,2020-03-18,0 days 15:59:25.792532,230075,84.35,84.11,201,501,6405,-7797
55,ABC,2020-03-18,0 days 15:59:27.795114,237580,84.5,84.11,2140,2945,-6314,1005
56,ABC,2020-03-18,0 days 15:59:28.797807,229075,84.48,84.43,389,722,8505,-6314
57,ABC,2020-03-18,0 days 15:59:29.800273,237080,84.5,84.48,1007,386,-8561,8505
58,ABC,2020-03-18,0 days 15:59:32.808494,236741,84.8,84.66,482,1359,339,-8461
59,ABC,2020-03-18,0 days 15:59:49.848847,235880,84.93,84.68,133,2226,-1161,139
60,ABC,2020-03-18,0 days 15:59:50.854125,235541,84.93,84.68,133,2051,339,-1161
61,ABR,2020-03-18,0 days 15:57:42.541319,99696,4.73,4.68,828,1500,-8058,542
62,ABT,2020-03-18,0 days 15:59:23.702311,1528390,78.79,78.7,466,530,-4383,3817
63,ABT,2020-03-18,0 days 15:59:24.702061,1524048,78.82,78.71,800,507,4342,-4383
64,ABT,2020-03-18,0 days 15:59:25.705022,1528390,78.84,78.74,193,679,-3048,4342
65,ABT,2020-03-18,0 days 15:59:27.709839,1521986,78.89,78.76,1193,2084,6404,-3348
66,ABT,2020-03-18,0 days 15:59:29.713871,1528390,79.04,78.97,1513,588,-1196,2004
67,ABT,2020-03-18,0 days 15:59:30.721604,1527386,79.04,78.97,700,100,1004,-1196
68,ABT,2020-03-18,0 days 15:59:37.733212,1551186,79.07,78.98,770,1390,20256,-2396
69,ABT,2020-03-18,0 days 15:59:39.739410,1528390,79.1,79.07,600,58,-32274,19356
70,ABT,2020-03-18,0 days 15:59:40.743182,1527064,79.15,79.08,3830,1372,36,-32274
71,ABT,2020-03-18,0 days 15:59:44.751212,1516964,79.25,79.16,600,796,10136,-8764
72,ABT,2020-03-18,0 days 15:59:46.755077,1513100,79.32,79.17,500,2034,-13260,10540
73,ABT,2020-03-18,0 days 15:59:47.758099,1499960,79.32,79.17,500,1274,27140,-13260
74,ABT,2020-03-18,0 days 15:59:48.762254,1478937,79.4,79.17,100,1413,-61009,27140
75,ACB,2020-03-18,0 days 15:55:05.132589,4317,0.63,0.62,125394,127100,-595,3045
76,ACB,2020-03-18,0 days 15:55:58.261196,1272,0.63,0.62,160882,85560,3045,-595
77,ACB,2020-03-18,0 days 15:56:25.327825,4317,0.63,0.62,130594,28500,-595,3045
78,ACB,2020-03-18,0 days 15:56:37.356658,1272,0.63,0.62,163482,63000,3045,-595
79,ACB,2020-03-18,0 days 15:56:40.362257,4317,0.63,0.62,135294,91000,-595,3045
80,ACB,2020-03-18,0 days 15:56:56.401984,1272,0.63,0.62,149594,58180,3045,-595
81,ACB,2020-03-18,0 days 15:57:10.435661,4317,0.63,0.62,177292,80913,-595,3045
82,ACC,2020-03-18,0 days 15:55:00.153307,102038,22.92,22.57,100,639,-163,10474
83,ACC,2020-03-18,0 days 15:55:01.155405,101001,22.92,22.61,988,200,737,-163
84,ACC,2020-03-18,0 days 15:56:09.314920,101911,22.79,22.72,1400,1923,804,-15873
85,ACC,2020-03-18,0 days 15:56:38.384829,102615,22.78,22.73,5,2697,-1396,704
86,ACC,2020-03-18,0 days 15:56:39.387874,102311,22.78,22.73,5,2697,304,-1396
87,ACC,2020-03-18,0 days 15:57:07.456469,102793,22.78,22.73,300,100,-15778,1860
88,ACC,2020-03-18,0 days 15:57:08.459025,102571,22.78,22.73,440,300,222,-15778
89,ACC,2020-03-18,0 days 15:58:27.650160,109564,22.59,22.54,302,500,925,-14975
90,ACC,2020-03-18,0 days 15:58:54.716470,110589,22.57,22.55,2146,1,-15375,2463
91,ACC,2020-03-18,0 days 15:58:55.717639,109664,22.56,22.55,3,1,925,-15375
92,ACC,2020-03-18,0 days 15:59:04.739863,110289,22.63,22.6,206,400,-16048,18363
93,ACC,2020-03-18,0 days 15:59:05.744683,91899,22.63,22.62,498,402,18290,-16048
94,ACC,2020-03-18,0 days 15:59:23.786024,114427,22.67,22.65,403,600,-16807,1231
95,ACC,2020-03-18,0 days 15:59:24.788961,111734,22.67,22.65,403,500,2693,-16807
96,ACC,2020-03-18,0 days 15:59:30.804228,96854,22.71,22.67,100,774,17373,-165
97,ACC,2020-03-18,0 days 15:59:33.810329,115427,22.75,22.71,55,307,-14765,1473
98,ACC,2020-03-18,0 days 15:59:45.842531,114927,22.84,22.76,700,300,-1634,35
99,ACM,2020-03-18,0 days 15:50:04.445717,50829,22.59,22.55,500,1051,-720,2094
100,ACM,2020-03-18,0 days 15:50:29.505939,50229,22.75,22.67,361,800,-1320,1094
101,ACM,2020-03-18,0 days 15:50:34.518695,49035,22.75,22.68,183,300,1294,-1320
102,ACM,2020-03-18,0 days 15:50:35.520648,50229,22.72,22.68,362,282,-1320,1294
103,ACM,2020-03-18,0 days 15:50:50.555922,49929,22.77,22.73,1,1093,-1620,1094
104,ACM,2020-03-18,0 days 15:51:02.586164,49035,22.84,22.78,100,1130,694,-1720
105,ACM,2020-03-18,0 days 15:51:10.604554,47982,23.09,23.0,100,761,-3567,394
106,ACM,2020-03-18,0 days 15:55:03.162105,66559,23.69,23.64,533,200,804,-1868
107,ACM,2020-03-18,0 days 15:55:04.164442,64963,23.69,23.64,533,502,-1596,804
108,ACM,2020-03-18,0 days 15:55:21.205637,54231,23.58,23.57,248,100,14632,-368
109,ACM,2020-03-18,0 days 15:55:22.208271,53863,23.58,23.55,821,199,-368,14632
110,ACM,2020-03-18,0 days 15:56:12.327535,54251,23.39,23.33,100,300,937,-388
111,ACM,2020-03-18,0 days 15:56:13.334161,53988,23.39,23.33,507,300,-263,937
112,ACM,2020-03-18,0 days 15:56:42.400100,53570,23.36,23.3,1351,6,-681,2011
113,ACM,2020-03-18,0 days 15:58:02.595628,53994,23.38,23.27,300,338,-323,2235
114,ACM,2020-03-18,0 days 15:58:06.605405,54317,23.37,23.27,1067,438,4391,-114
115,ACM,2020-03-18,0 days 15:58:24.648435,58008,23.42,23.39,302,202,-9,91
116,ACM,2020-03-18,0 days 15:58:25.650424,57617,23.42,23.39,302,2,491,-9
117,ACM,2020-03-18,0 days 15:58:43.694810,55803,23.45,23.39,422,400,-4314,291
118,ACM,2020-03-18,0 days 15:58:44.695644,55617,23.45,23.39,422,400,186,-4314
119,ACM,2020-03-18,0 days 15:59:04.745844,54159,23.76,23.75,1293,9360,219,-281
120,ACM,2020-03-18,0 days 15:59:08.755301,56983,23.76,23.75,5533,10985,-1665,2735
121,ACM,2020-03-18,0 days 15:59:09.757806,56548,23.76,23.75,5833,10385,435,-1665
122,ACM,2020-03-18,0 days 15:59:19.781543,58522,23.76,23.75,7527,10948,-23,485
123,ACM,2020-03-18,0 days 15:59:29.806611,58100,23.76,23.75,2226,943,432,-468
124,ACM,2020-03-18,0 days 15:59:40.834566,58776,23.84,23.8,600,300,56,-4444
125,ACM,2020-03-18,0 days 15:59:43.840546,58832,23.98,23.83,965,700,-44,56
126,ACM,2020-03-18,0 days 15:59:52.862197,58832,23.98,23.95,2265,1018,-5244,332
127,ACM,2020-03-18,0 days 15:59:54.867046,58500,23.96,23.95,901,3456,332,-5244
128,ACM,2020-03-18,0 days 15:59:55.870198,58832,23.98,23.95,2457,4556,-5244,332
129,ACN,2020-03-18,0 days 15:55:56.104364,413200,150.49,149.98,142,62,-45338,5062
130,ACN,2020-03-18,0 days 15:55:57.106082,411438,150.48,150.0,100,81,1762,-45338
131,ACN,2020-03-18,0 days 15:56:00.113905,402213,150.55,150.01,3,9,-9225,1762
132,ACN,2020-03-18,0 days 15:56:01.116474,401438,150.55,150.01,3,9,775,-9225
133,ACN,2020-03-18,0 days 15:56:07.130809,402213,150.53,150.01,100,585,-54904,6483
134,ACN,2020-03-18,0 days 15:56:08.134174,401417,150.53,150.02,8,81,796,-54904
135,ACN,2020-03-18,0 days 15:56:24.171562,402213,150.66,150.04,221,863,-55064,6323
136,ACN,2020-03-18,0 days 15:56:25.173286,401477,150.65,150.04,854,863,736,-55064
137,ACN,2020-03-18,0 days 15:56:56.249131,415545,151.97,151.11,100,931,-8936,1525
138,ACN,2020-03-18,0 days 15:56:57.251097,414926,151.97,151.11,200,1274,619,-8936
139,ACN,2020-03-18,0 days 15:57:06.273762,415566,151.72,151.28,20,34,-32409,572
140,ACN,2020-03-18,0 days 15:57:17.305326,410361,150.61,150.04,620,100,5205,-8387
141,ACN,2020-03-18,0 days 15:59:14.585566,433768,150.46,150.19,83,759,2920,-15988
142,ACN,2020-03-18,0 days 15:59:17.592420,437074,150.83,150.36,2300,201,-5192,906
143,ACN,2020-03-18,0 days 15:59:18.594463,436966,150.83,150.45,100,252,955,-5192
144,ACN,2020-03-18,0 days 15:59:19.600214,437921,151.05,150.49,400,409,-9939,955
145,ACN,2020-03-18,0 days 15:59:23.610208,441062,151.23,150.89,7,10,3859,-739
146,ACN,2020-03-18,0 days 15:59:24.609367,440721,151.26,151.03,136,50,-3739,3859
147,ACN,2020-03-18,0 days 15:59:43.655373,445544,151.92,151.72,900,676,15124,-1814
148,ACN,2020-03-18,0 days 15:59:44.657573,445868,151.92,151.73,793,695,-16167,15124
149,ACN,2020-03-18,0 days 15:59:55.685892,445544,151.65,150.66,889,400,12724,-3767
150,ACN,2020-03-18,0 days 15:59:59.696793,458268,151.65,150.14,1385,100,-10576,12724
151,ACN,2020-03-18,0 days 16:00:00.694422,413688,151.65,150.02,900,400,106767,-10576
152,ADM,2020-03-18,0 days 15:55:00.974645,530651,32.63,32.58,150,251,79196,-53944
153,ADM,2020-03-18,0 days 15:55:01.974287,525447,32.63,32.59,152,300,-5204,79196
154,ADM,2020-03-18,0 days 15:55:02.976816,500617,32.66,32.62,696,300,24830,-5204
155,ADM,2020-03-18,0 days 15:55:03.978766,498147,32.66,32.62,697,600,-32504,24830
156,ADM,2020-03-18,0 days 15:55:07.988400,498147,32.72,32.66,3,351,-2470,24830
157,ADM,2020-03-18,0 days 15:55:30.042999,501117,32.88,32.87,4,104,24856,-5178
158,ADM,2020-03-18,0 days 15:55:31.044575,498673,32.88,32.87,21,105,-2244,24856
159,ADM,2020-03-18,0 days 15:56:01.116625,499273,32.87,32.85,3,402,-2444,24756
160,ADM,2020-03-18,0 days 15:56:27.178763,499915,32.93,32.92,1596,237,-32697,26398
161,ADM,2020-03-18,0 days 15:56:30.186082,502317,32.92,32.91,502,1101,25098,-4997
162,ADM,2020-03-18,0 days 15:56:31.188400,499915,32.92,32.91,3577,1667,-2202,25098
163,ADM,2020-03-18,0 days 15:57:01.261396,500705,32.95,32.92,875,2140,-2312,26788
164,ADM,2020-03-18,0 days 15:57:12.287811,510876,32.91,32.89,100,302,24229,-33066
165,ADM,2020-03-18,0 days 15:57:13.291088,507805,32.88,32.87,295,476,-33066,24229
166,ADM,2020-03-18,0 days 15:57:20.313368,507779,32.77,32.76,300,100,-32592,29403
167,ADM,2020-03-18,0 days 15:57:23.314747,509679,32.77,32.76,3311,424,-2697,22703
168,ADM,2020-03-18,0 days 15:58:14.439166,508505,32.71,32.7,3594,414,-3871,29729
169,ADM,2020-03-18,0 days 15:58:34.488151,512376,32.63,32.57,2913,529,25689,-35804
170,ADM,2020-03-18,0 days 15:58:35.490898,508565,32.62,32.58,1006,286,-3811,25689
171,ADM,2020-03-18,0 days 15:58:44.511845,512376,32.55,32.54,1485,541,24289,-6704
172,ADM,2020-03-18,0 days 15:58:45.515108,508565,32.55,32.54,1685,621,-3811,24289
173,ADM,2020-03-18,0 days 15:59:07.569960,510255,32.69,32.61,600,200,-2121,12779
174,ADM,2020-03-18,0 days 15:59:12.582046,553223,32.68,32.65,504,503,6319,-1821
175,ADM,2020-03-18,0 days 15:59:24.609668,559560,32.9,32.87,100,2055,-964,1936
176,ADM,2020-03-18,0 days 15:59:25.618102,513177,32.9,32.89,776,900,46883,-964
177,ADM,2020-03-18,0 days 15:59:49.670725,515297,33.05,33.04,581,1732,59163,-3750
178,ADM,2020-03-18,0 days 15:59:50.674795,572115,33.05,33.04,100,1441,-3595,59163
179,ADM,2020-03-18,0 days 15:59:51.676493,515297,33.06,33.04,131,1175,56863,-3595
180,ADM,2020-03-18,0 days 15:59:52.680961,572115,33.09,33.04,1000,760,-3595,56863
181,ADM,2020-03-18,0 days 15:59:56.687610,514897,33.13,32.99,1199,7187,57263,-59017
182,ADNT,2020-03-18,0 days 15:50:54.694305,45977,6.41,6.4,1260,205,23211,-7113
183,ADNT,2020-03-18,0 days 15:52:36.943878,45977,6.5,6.46,1153,310,21382,-8942
184,ADNT,2020-03-18,0 days 15:55:38.374142,77395,6.43,6.42,275,200,-3190,10343
185,ADNT,2020-03-18,0 days 15:59:17.902956,117356,6.4,6.39,6804,1905,-592,4008
186,ADNT,2020-03-18,0 days 15:59:22.915383,89048,6.41,6.4,2653,1600,1760,-26640
187,ADNT,2020-03-18,0 days 15:59:53.990837,52297,6.53,6.46,295,7100,-66430,10768
188,ADNT,2020-03-18,0 days 15:59:56.005310,78111,6.52,6.48,2010,1316,10768,-67145
189,ADS,2020-03-18,0 days 15:55:12.300058,120637,22.39,22.33,703,227,1188,-4501
190,ADS,2020-03-18,0 days 15:55:17.311595,121825,22.32,22.29,638,300,-3512,1745
191,ADS,2020-03-18,0 days 15:55:18.314517,120837,22.32,22.29,800,300,988,-3512
192,ADS,2020-03-18,0 days 15:55:26.333203,121825,22.32,22.29,768,234,-3512,1445
193,ADS,2020-03-18,0 days 15:55:27.336125,120837,22.32,22.29,768,152,988,-3512
194,ADS,2020-03-18,0 days 15:55:51.392901,121825,22.36,22.34,100,100,-3512,5945
195,ADS,2020-03-18,0 days 15:55:52.395352,120837,22.36,22.34,100,100,988,-3512
196,ADS,2020-03-18,0 days 15:56:13.445815,121825,22.51,22.43,402,530,-1603,633
197,ADS,2020-03-18,0 days 15:56:14.448654,121028,22.51,22.43,402,530,797,-1603
198,ADS,2020-03-18,0 days 15:56:17.455508,121825,22.49,22.43,900,37,-103,797
199,ADS,2020-03-18,0 days 15:56:18.457668,121028,22.48,22.43,500,37,797,-103
200,ADS,2020-03-18,0 days 15:56:42.515544,121428,22.43,22.39,200,500,397,-3753
201,ADS,2020-03-18,0 days 15:56:58.554915,122125,22.49,22.41,502,200,-3703,1254
202,ADS,2020-03-18,0 days 15:56:59.560350,121328,22.48,22.41,202,200,797,-3703
203,ADS,2020-03-18,0 days 15:57:20.609032,122290,22.38,22.32,217,400,-3688,1269
204,ADS,2020-03-18,0 days 15:57:21.610641,121478,22.38,22.32,317,300,812,-3688
205,ADS,2020-03-18,0 days 15:57:41.660354,122490,22.07,22.04,296,117,-3626,1331
206,ADS,2020-03-18,0 days 15:57:42.661260,121616,22.05,22.01,262,500,874,-3626
207,ADS,2020-03-18,0 days 15:58:15.741069,125216,21.99,21.96,526,100,1174,-3126
208,ADS,2020-03-18,0 days 15:58:41.803697,125790,22.16,22.06,200,313,-3826,1331
209,ADS,2020-03-18,0 days 15:58:42.806150,124696,22.16,22.06,200,533,1094,-3826
210,ADS,2020-03-18,0 days 15:59:09.872636,125018,22.16,22.06,422,1600,530,-2793
211,ADS,2020-03-18,0 days 15:59:29.917671,125129,22.37,22.28,56,1032,-75,125
212,ADS,2020-03-18,0 days 15:59:39.946591,119625,22.73,22.62,500,100,4296,-2861
213,ADS,2020-03-18,0 days 15:59:40.946148,122621,22.73,22.66,363,100,-8861,4296
214,ADSW,2020-03-18,0 days 15:55:30.224678,149307,30.46,30.42,1000,1100,4624,-1196
215,ADSW,2020-03-18,0 days 15:55:31.227489,148631,30.46,30.42,1003,1800,-676,4624
216,ADSW,2020-03-18,0 days 15:58:18.629704,148437,30.33,30.32,500,500,394,-206
217,ADSW,2020-03-18,0 days 15:58:19.632578,148431,30.33,30.31,1233,700,-6,394
218,ADSW,2020-03-18,0 days 15:58:45.692872,148237,30.35,30.32,2,700,684,-1516
219,ADSW,2020-03-18,0 days 15:58:46.694898,147931,30.37,30.34,500,800,-306,684
220,ADSW,2020-03-18,0 days 15:58:56.720733,148237,30.29,30.27,300,200,194,-206
221,ADSW,2020-03-18,0 days 15:58:58.724885,147331,30.29,30.28,400,900,-906,1514
222,ADSW,2020-03-18,0 days 15:59:05.744636,150437,30.31,30.29,303,872,5,-106
223,ADSW,2020-03-18,0 days 15:59:21.781031,151906,30.41,30.34,400,453,-731,269
224,ADSW,2020-03-18,0 days 15:59:24.788901,151837,30.44,30.4,300,365,198,-11
225,ADSW,2020-03-18,0 days 15:59:48.847064,152035,30.5,30.48,300,2355,-2,198
226,ADSW,2020-03-18,0 days 15:59:50.854234,151837,30.51,30.49,307,300,198,-2
227,ADT,2020-03-18,0 days 15:56:55.348210,97146,3.86,3.85,8790,2062,755,-1195
228,ADT,2020-03-18,0 days 15:59:06.665991,89901,3.79,3.78,8112,4701,-5847,2803
229,ADT,2020-03-18,0 days 15:59:07.660705,88348,3.79,3.78,7812,4201,253,-5847
230,AEE,2020-03-18,0 days 15:55:35.152524,266365,75.89,75.81,58,201,-21753,447
231,AEE,2020-03-18,0 days 15:58:20.547865,290953,76.03,75.64,120,100,1559,-129
232,AEE,2020-03-18,0 days 15:58:21.550316,289812,76.03,75.65,623,100,-1141,1559
233,AEE,2020-03-18,0 days 15:58:39.595129,290653,75.96,75.66,809,571,1447,-1697
234,AEE,2020-03-18,0 days 15:58:40.596688,289800,75.91,75.66,432,637,-853,1447
235,AEE,2020-03-18,0 days 15:58:42.601748,290653,75.89,75.67,341,200,759,-2653
236,AEE,2020-03-18,0 days 15:58:43.602825,288512,75.88,75.67,396,500,-2441,759
237,AEE,2020-03-18,0 days 15:58:44.606016,290653,75.83,75.68,447,300,559,-2441
238,AEE,2020-03-18,0 days 15:58:45.607358,289812,75.83,75.68,663,200,-841,559
239,AEE,2020-03-18,0 days 15:58:56.633484,290653,75.98,75.71,200,982,559,-1241
240,AEE,2020-03-18,0 days 15:58:57.635696,289812,75.98,75.71,200,1284,-741,559
241,AEE,2020-03-18,0 days 15:59:30.721721,307202,76.53,76.47,446,111,7355,-9606
242,AEE,2020-03-18,0 days 15:59:31.720514,305757,76.62,76.49,520,100,-6119,7355
243,AEG,2020-03-18,0 days 15:57:55.543191,37481,1.95,1.94,47829,15855,-2689,1511
244,AEG,2020-03-18,0 days 15:57:56.546389,35870,1.95,1.94,47829,15155,1611,-2689
245,AEM,2020-03-18,0 days 15:55:00.154914,30247,36.33,36.3,123,200,-612,10460
246,AEM,2020-03-18,0 days 15:55:02.160331,26524,36.37,36.32,606,200,3723,-612
247,AEM,2020-03-18,0 days 15:55:03.162105,26347,36.37,36.32,1106,600,-177,3723
248,AEM,2020-03-18,0 days 15:55:16.194022,26347,36.59,36.45,500,500,-177,1723
249,AEM,2020-03-18,0 days 15:55:24.212715,26347,36.51,36.46,800,500,-177,2123
250,AEM,2020-03-18,0 days 15:55:41.254902,26524,36.69,36.66,300,100,3723,-612
251,AEM,2020-03-18,0 days 15:55:42.256734,26347,36.77,36.68,100,300,-4512,3723
252,AEM,2020-03-18,0 days 15:55:45.263251,26524,36.81,36.76,100,700,3723,-612
253,AEM,2020-03-18,0 days 15:55:46.265693,26347,36.81,36.76,112,700,-177,3723
254,AEM,2020-03-18,0 days 15:55:59.297158,26647,36.69,36.64,381,300,-307,3093
255,AEM,2020-03-18,0 days 15:56:16.337280,26954,36.62,36.57,1413,312,3693,-642
256,AEM,2020-03-18,0 days 15:56:17.339595,26647,36.62,36.57,1413,312,-4642,3693
257,AEM,2020-03-18,0 days 15:56:53.426454,26954,36.55,36.51,600,350,3693,-642
258,AEM,2020-03-18,0 days 15:56:54.430159,26647,36.55,36.51,800,350,-307,3693
259,AEM,2020-03-18,0 days 15:56:56.434312,26954,36.54,36.48,1607,450,523,-307
260,AEM,2020-03-18,0 days 15:56:57.436669,26777,36.54,36.48,1807,450,-177,523
261,AEM,2020-03-18,0 days 15:57:36.534110,30313,36.26,36.16,1407,100,505,-595
262,AEM,2020-03-18,0 days 15:57:37.534003,29818,36.26,36.16,1314,1000,-395,505
263,AEM,2020-03-18,0 days 15:57:39.538745,25744,36.23,36.15,406,300,4074,-395
264,AEM,2020-03-18,0 days 15:57:42.546830,25818,36.25,36.16,600,800,-4495,74
265,AEM,2020-03-18,0 days 15:57:58.584895,30113,36.22,36.15,200,310,105,-95
266,AEM,2020-03-18,0 days 15:57:59.587669,29718,36.22,36.15,1800,310,-395,105
267,AEM,2020-03-18,0 days 15:58:00.590022,25744,36.21,36.16,500,600,3974,-395
268,AEM,2020-03-18,0 days 15:58:22.643347,25644,36.17,36.12,300,800,3804,-3634
269,AEM,2020-03-18,0 days 15:58:33.671018,27048,36.13,36.04,504,800,-2934,3504
270,AEM,2020-03-18,0 days 15:59:00.735034,25844,36.22,36.21,53,404,4084,-395
271,AEM,2020-03-18,0 days 15:59:01.738270,27018,36.26,36.22,200,300,-3295,4084
272,AEM,2020-03-18,0 days 15:59:16.775161,27594,36.33,36.27,100,100,-4199,1646
273,AEM,2020-03-18,0 days 15:59:29.806611,28120,36.49,36.43,1800,300,4344,-201
274,AEM,2020-03-18,0 days 15:59:30.810406,29664,36.49,36.47,2100,400,-3201,4344
275,AEM,2020-03-18,0 days 15:59:44.843885,28620,36.45,36.4,200,1300,3944,-1
276,AEM,2020-03-18,0 days 15:59:57.874682,28620,36.36,36.35,1195,3000,3744,-301
277,AEO,2020-03-18,0 days 15:55:30.342486,182607,7.87,7.86,17769,12515,418,-982
278,AEO,2020-03-18,0 days 15:57:52.685317,251204,7.84,7.83,25721,16355,-7895,7905
279,AEO,2020-03-18,0 days 15:57:53.687524,244799,7.84,7.83,25691,16355,6405,-7895
280,AEO,2020-03-18,0 days 15:59:03.857780,264004,7.8,7.79,36934,16131,-8795,6605
281,AEO,2020-03-18,0 days 15:59:04.860746,258299,7.8,7.79,36373,12775,5705,-8795
282,AEP,2020-03-18,0 days 15:55:14.100832,418932,89.13,89.04,28,17,-36016,7606
283,AEP,2020-03-18,0 days 15:55:15.102321,415348,89.15,89.07,1,605,3584,-36016
284,AEP,2020-03-18,0 days 15:55:25.128620,418932,89.27,89.13,400,80,-32416,43200
285,AEP,2020-03-18,0 days 15:55:26.130068,415248,89.27,89.13,300,80,3684,-32416
286,AEP,2020-03-18,0 days 15:55:29.138087,418932,89.21,89.13,200,480,-32616,43300
287,AEP,2020-03-18,0 days 15:55:30.137596,415348,89.2,89.13,700,580,3584,-32616
288,AEP,2020-03-18,0 days 15:55:59.207942,418932,88.8,88.75,100,200,-30851,7318
289,AEP,2020-03-18,0 days 15:56:00.213930,415389,88.86,88.77,601,100,3543,-30851
290,AEP,2020-03-18,0 days 15:56:09.233649,418932,88.87,88.84,34,100,-33652,7210
291,AEP,2020-03-18,0 days 15:56:10.234501,415184,88.89,88.84,800,4,3748,-33652
292,AEP,2020-03-18,0 days 15:56:32.289053,415278,88.86,88.78,1088,800,3654,-31846
293,AEP,2020-03-18,0 days 15:56:36.297226,418932,88.76,88.63,313,9,-31746,7123
294,AEP,2020-03-18,0 days 15:56:37.299192,415278,88.76,88.63,505,9,3654,-31746
295,AEP,2020-03-18,0 days 15:56:49.331967,418995,88.73,88.65,1226,200,-31783,41792
296,AEP,2020-03-18,0 days 15:56:50.330447,415378,88.73,88.65,1226,339,3617,-31783
297,AEP,2020-03-18,0 days 15:56:56.347845,418995,88.88,88.82,176,484,-32979,6986
298,AEP,2020-03-18,0 days 15:56:57.349551,415474,88.88,88.82,511,607,3521,-32979
299,AEP,2020-03-18,0 days 15:57:12.382369,423791,88.9,88.84,500,202,-28724,11482
300,AEP,2020-03-18,0 days 15:57:13.384599,379709,88.88,88.83,200,184,44082,-28724
301,AEP,2020-03-18,0 days 15:57:16.394649,423791,88.81,88.8,23,200,-32624,7382
302,AEP,2020-03-18,0 days 15:57:17.396502,419609,88.79,88.68,402,700,4182,-32624
303,AEP,2020-03-18,0 days 15:57:28.421999,419726,88.52,88.23,673,256,4065,-31435
304,AEP,2020-03-18,0 days 15:57:39.448700,424591,88.23,88.09,305,144,-29517,4177
305,AEP,2020-03-18,0 days 15:57:40.451930,419808,88.07,88.0,100,200,4783,-29517
306,AEP,2020-03-18,0 days 15:57:55.487828,435291,87.66,87.64,189,100,-25499,9576
307,AEP,2020-03-18,0 days 15:57:56.488934,394715,87.64,87.62,200,215,41776,-25499
308,AEP,2020-03-18,0 days 15:57:58.497728,437691,87.64,87.45,2113,200,-24993,8676
309,AEP,2020-03-18,0 days 15:57:59.495688,431778,87.64,87.45,2444,206,7113,-24993
310,AEP,2020-03-18,0 days 15:58:27.564152,444324,86.91,86.85,3492,514,-28001,47827
311,AEP,2020-03-18,0 days 15:58:28.566440,400797,86.86,86.85,296,10,43527,-28001
312,AEP,2020-03-18,0 days 15:58:32.583766,444942,86.78,86.67,200,111,-27383,9839
313,AEP,2020-03-18,0 days 15:58:33.581419,401297,86.68,86.67,4,610,43645,-27383
314,AEP,2020-03-18,0 days 15:58:40.596754,438725,86.67,86.64,1304,300,6217,-27883
315,AEP,2020-03-18,0 days 15:58:51.622116,444736,86.83,86.78,600,100,-27889,43439
316,AEP,2020-03-18,0 days 15:58:52.623808,438525,86.83,86.79,500,205,6211,-27889
317,AEP,2020-03-18,0 days 15:59:00.650502,443324,87.34,87.12,337,500,-29101,9427
318,AEP,2020-03-18,0 days 15:59:01.647035,438625,87.34,87.18,637,837,4699,-29101
319,AEP,2020-03-18,0 days 15:59:05.656329,442958,87.33,87.23,337,317,-1935,4689
320,AEP,2020-03-18,0 days 15:59:07.660705,436195,87.34,87.26,281,321,4147,-4553
321,AEP,2020-03-18,0 days 15:59:09.666459,442895,87.38,87.28,9,840,-4630,6700
322,AEP,2020-03-18,0 days 15:59:10.671467,439837,87.43,87.32,887,641,1858,-4630
323,AEP,2020-03-18,0 days 15:59:16.682754,443532,87.51,87.45,100,412,-49269,59905
324,AEP,2020-03-18,0 days 15:59:17.685860,440595,87.57,87.48,187,1432,904,-49269
325,AEP,2020-03-18,0 days 15:59:19.694213,436410,87.87,87.64,500,1612,-53297,55629
326,AEP,2020-03-18,0 days 15:59:20.692900,433707,87.87,87.66,902,302,1503,-53297
327,AEP,2020-03-18,0 days 15:59:23.702549,434010,88.16,87.86,200,238,-797,1603
328,AEP,2020-03-18,0 days 15:59:26.707918,428519,88.08,87.98,743,809,2391,-4809
329,AEP,2020-03-18,0 days 15:59:29.714063,430910,88.14,88.04,100,155,-65096,59911
330,AEP,2020-03-18,0 days 15:59:30.721829,429506,88.12,88.04,392,2260,1404,-65096
331,AEP,2020-03-18,0 days 15:59:39.739575,430910,88.19,88.12,127,129,-71032,4475
332,AEP,2020-03-18,0 days 15:59:40.743323,430342,88.22,88.19,557,30,568,-71032
333,AEP,2020-03-18,0 days 15:59:44.751401,430910,88.36,88.19,1400,1641,-132,268
334,AEP,2020-03-18,0 days 15:59:45.755508,430642,88.36,88.19,1983,1944,268,-132
335,AEP,2020-03-18,0 days 15:59:48.762706,430910,88.31,88.18,906,644,-71219,75482
336,AEP,2020-03-18,0 days 15:59:49.762781,430229,88.31,88.18,906,644,681,-71219
337,AER,2020-03-18,0 days 15:55:12.200362,118534,15.08,15.07,1560,3070,-1993,2081
338,AER,2020-03-18,0 days 15:55:13.202259,116827,15.08,15.07,1910,3170,1707,-1993
339,AER,2020-03-18,0 days 15:55:47.284503,120934,15.18,15.16,730,600,-33659,1707
340,AER,2020-03-18,0 days 15:56:03.322131,120934,15.29,15.26,199,3640,-33659,1907
341,AER,2020-03-18,0 days 15:56:05.329242,135693,15.29,15.26,99,3640,4649,-1359
342,AER,2020-03-18,0 days 15:56:06.329830,134842,15.29,15.26,99,3640,-851,4649
343,AER,2020-03-18,0 days 15:56:17.355602,126942,15.35,15.31,13,500,-33151,33915
344,AER,2020-03-18,0 days 15:56:25.375457,100127,15.36,15.33,822,500,34715,-851
345,AER,2020-03-18,0 days 15:56:29.384613,126942,15.37,15.34,700,4038,-33151,2415
346,AER,2020-03-18,0 days 15:56:30.387499,92527,15.35,15.34,4800,2247,42315,-33151
347,AER,2020-03-18,0 days 15:56:59.457780,128034,15.35,15.34,7514,4394,-1294,5607
348,AER,2020-03-18,0 days 15:57:00.462191,125428,15.35,15.34,12842,4394,2606,-1294
349,AER,2020-03-18,0 days 15:58:01.609492,128034,15.35,15.34,10529,5259,-4294,2606
350,AER,2020-03-18,0 days 15:58:11.635676,131927,15.35,15.34,13283,2933,-4701,2899
351,AER,2020-03-18,0 days 15:58:12.637222,129628,15.35,15.34,15003,2733,2299,-4701
352,AER,2020-03-18,0 days 15:58:33.686205,149570,15.48,15.43,200,407,157,-39643
353,AER,2020-03-18,0 days 15:58:36.693534,145172,15.45,15.36,400,566,2955,-1443
354,AER,2020-03-18,0 days 15:58:42.708433,137734,15.24,15.06,543,680,2093,-547
355,AER,2020-03-18,0 days 15:58:51.729350,134427,15.13,15.08,518,180,-1547,1153
356,AER,2020-03-18,0 days 15:59:00.752586,99428,15.13,15.12,1336,335,36399,-147
357,AER,2020-03-18,0 days 15:59:20.802081,102113,15.25,15.24,312,500,32314,-4759
358,AER,2020-03-18,0 days 15:59:28.821351,102557,15.26,15.24,467,200,31870,-10009
359,AER,2020-03-18,0 days 15:59:29.824221,134427,15.27,15.25,9204,400,-53709,31870
360,AER,2020-03-18,0 days 15:59:39.848250,104157,15.23,15.21,462,900,30270,-6888
361,AER,2020-03-18,0 days 15:59:41.853533,134427,15.25,15.22,800,491,-40109,1670
362,AES,2020-03-18,0 days 15:59:14.585632,787634,9.91,9.9,16421,3702,17013,-30132
363,AES,2020-03-18,0 days 15:59:15.587957,768747,9.91,9.9,13815,12632,-18887,17013
364,AFL,2020-03-18,0 days 15:55:00.121608,633757,24.85,24.84,168,825,-22856,9362
365,AFL,2020-03-18,0 days 15:55:01.121888,613708,24.86,24.84,600,854,40549,-22856
366,AFL,2020-03-18,0 days 15:55:29.192221,606734,25.0,24.98,1200,1275,-9031,32069
367,AFL,2020-03-18,0 days 15:55:39.215804,608038,25.0,24.99,1100,1010,-8027,2573
368,AFL,2020-03-18,0 days 15:56:02.272096,608028,25.1,25.08,1200,804,-8075,33763
369,AFL,2020-03-18,0 days 15:56:10.290140,616103,25.15,25.11,717,507,35375,-54230
370,AFL,2020-03-18,0 days 15:56:11.292271,608178,25.15,25.11,700,1281,-7925,35375
371,AFL,2020-03-18,0 days 15:56:23.320825,608678,25.13,25.12,2800,1251,-7935,36165
372,AFL,2020-03-18,0 days 15:56:59.408089,609116,25.14,25.12,100,2454,-55402,5485
373,AFL,2020-03-18,0 days 15:57:00.411550,616613,25.13,25.12,1900,1681,36003,-55402
374,AFL,2020-03-18,0 days 15:57:01.413701,609016,25.14,25.12,80,2001,-7597,36003
375,AFL,2020-03-18,0 days 15:57:14.444266,609016,25.08,25.07,2100,426,-7597,35303
376,AFL,2020-03-18,0 days 15:57:37.502558,661485,24.87,24.85,100,600,67881,-8005
377,AFL,2020-03-18,0 days 15:58:00.554757,658841,24.83,24.82,2150,625,-2180,8120
378,AFL,2020-03-18,0 days 15:58:11.582224,669141,24.91,24.87,300,600,-39544,4620
379,AFL,2020-03-18,0 days 15:58:13.586027,668185,24.91,24.9,100,1442,381,-219
380,AFL,2020-03-18,0 days 15:58:31.630897,654621,24.92,24.91,10319,4472,3645,-5655
381,AFL,2020-03-18,0 days 15:58:33.634218,658266,24.92,24.91,13479,4806,-7055,3645
382,AFL,2020-03-18,0 days 15:58:34.636406,655521,24.92,24.91,10879,5106,2745,-7055
383,AFL,2020-03-18,0 days 15:58:39.647110,658266,24.92,24.91,14555,2872,-6655,3645
384,AFL,2020-03-18,0 days 15:58:40.650281,655521,24.92,24.91,15055,5406,2745,-6655
385,AFL,2020-03-18,0 days 15:59:02.704208,628049,25.04,25.03,4506,465,41642,-6430
386,AFL,2020-03-18,0 days 15:59:03.705073,625891,25.04,25.03,4748,4022,-2224,41642
387,AFL,2020-03-18,0 days 15:59:07.711996,627353,25.04,25.03,12547,4726,-762,19938
388,AG,2020-03-18,0 days 15:55:00.974478,67706,5.41,5.4,6649,103838,50739,-39232
389,AG,2020-03-18,0 days 15:55:01.974171,64745,5.41,5.4,6649,104038,-2961,50739
390,AG,2020-03-18,0 days 15:55:06.986196,70752,5.41,5.4,3614,107805,993,-2961
391,AG,2020-03-18,0 days 15:57:08.279152,71652,5.41,5.4,5275,108440,9153,-10701
392,AG,2020-03-18,0 days 15:59:27.616420,68606,5.41,5.4,3894,70574,1643,-2857
393,AG,2020-03-18,0 days 15:59:28.621250,67649,5.41,5.4,4594,74074,-957,1643
394,AGI,2020-03-18,0 days 15:58:22.643347,49609,5.04,5.03,3806,1200,-234,1643
395,AGI,2020-03-18,0 days 15:58:23.645941,48443,5.04,5.03,4706,2060,1166,-234
396,AGI,2020-03-18,0 days 15:59:31.811641,59563,5.12,5.1,1663,3400,-3897,1857
397,AGI,2020-03-18,0 days 15:59:32.814794,58560,5.12,5.1,12454,3300,1003,-3897
398,AGI,2020-03-18,0 days 15:59:41.835877,59563,5.12,5.09,14363,1620,-5197,1220
399,AGI,2020-03-18,0 days 15:59:42.838911,58860,5.12,5.09,16613,1020,703,-5197
400,AGI,2020-03-18,0 days 15:59:55.870229,61555,5.12,5.09,6968,6246,4025,-9697
401,AGI,2020-03-18,0 days 15:59:56.872339,59563,5.12,5.09,5449,7846,-9697,4025
402,AGN,2020-03-18,0 days 15:54:53.188685,177417,167.93,167.54,300,100,-72,28
403,AGN,2020-03-18,0 days 15:57:45.603338,246661,167.71,167.69,413,75,657,-43
404,AGN,2020-03-18,0 days 15:57:46.604437,242518,167.71,167.65,697,218,-4043,657
405,AGN,2020-03-18,0 days 15:58:33.719739,257690,167.02,166.56,55,100,3253,-2467
406,AGN,2020-03-18,0 days 15:58:34.719785,253143,167.36,166.35,821,100,-4547,3253
407,AGN,2020-03-18,0 days 15:59:32.860835,267983,168.5,168.49,2714,5225,4137,-1762
408,AGR,2020-03-18,0 days 15:56:25.269596,89842,51.68,51.62,21,150,1176,-1605
409,AGR,2020-03-18,0 days 15:56:26.273870,87037,51.7,51.62,1795,100,-2905,1176
410,AGR,2020-03-18,0 days 15:57:52.479137,87828,50.97,50.85,100,19,-1594,1806
411,AGR,2020-03-18,0 days 15:59:12.676409,91025,50.34,50.21,1188,206,8087,-1491
412,AGR,2020-03-18,0 days 15:59:13.676124,90732,50.34,50.05,968,29,-293,8087
413,AGR,2020-03-18,0 days 15:59:25.705128,91042,49.77,49.28,200,600,-283,375
414,AGR,2020-03-18,0 days 15:59:27.709961,91325,49.91,49.77,60,215,2668,-383
415,AGR,2020-03-18,0 days 15:59:28.712423,87289,50.17,49.79,78,1219,-4036,2668
416,AGR,2020-03-18,0 days 15:59:35.731114,91385,50.39,49.9,489,1106,304,-1016
417,AGR,2020-03-18,0 days 15:59:48.762466,90699,50.34,50.02,123,1700,-686,114
418,AHT,2020-03-18,0 days 15:56:34.496433,32625,0.5,0.48,200,1550,-20488,12004
419,AHT,2020-03-18,0 days 15:56:41.512964,52813,0.49,0.47,100,141248,12004,-18996
420,AHT,2020-03-18,0 days 15:57:00.559720,33817,0.5,0.49,1300,400,-22106,14718
421,AHT,2020-03-18,0 days 15:57:58.698621,50399,0.49,0.48,1183,32493,14418,-16282
422,AHT,2020-03-18,0 days 15:59:07.866639,64817,0.49,0.48,14495,5000,-16517,14418
423,AIG,2020-03-18,0 days 15:55:00.974752,1015556,18.52,18.51,1100,780,156373,-92530
424,AIG,2020-03-18,0 days 15:55:01.974334,1014229,18.52,18.51,772,982,-1327,156373
425,AIG,2020-03-18,0 days 15:55:08.994342,1014229,18.57,18.56,1935,1310,-1327,19773
426,AIG,2020-03-18,0 days 15:55:18.013096,1043019,18.64,18.62,900,800,63910,-80811
427,AIG,2020-03-18,0 days 15:55:19.016006,1039129,18.64,18.63,702,550,-3890,63910
428,AIG,2020-03-18,0 days 15:55:26.032379,1039129,18.65,18.63,1143,2012,-79511,64710
429,AIG,2020-03-18,0 days 15:55:30.042999,1039129,18.67,18.64,601,1957,-3890,64710
430,AIG,2020-03-18,0 days 15:55:50.090204,1039438,18.76,18.75,1600,600,-3981,69119
431,AIG,2020-03-18,0 days 15:56:44.219807,1045793,18.83,18.81,500,191,-1072,66228
432,AIG,2020-03-18,0 days 15:56:49.232239,1046865,18.85,18.84,1105,1700,75328,-8993
433,AIG,2020-03-18,0 days 15:56:50.234521,1045793,18.86,18.85,948,838,-1072,75328
434,AIG,2020-03-18,0 days 15:56:55.247365,1046865,18.86,18.85,2049,2572,664,-1072
435,AIG,2020-03-18,0 days 15:56:56.249361,1045929,18.86,18.85,2051,2672,-936,664
436,AIG,2020-03-18,0 days 15:57:35.344284,1047381,18.86,18.85,4704,400,2448,-652
437,AIG,2020-03-18,0 days 15:58:00.404829,1078085,18.76,18.74,6424,5062,-78861,4704
438,AIG,2020-03-18,0 days 15:58:21.457201,1086485,18.69,18.64,1380,1000,-69761,5504
439,AIG,2020-03-18,0 days 15:58:54.535156,1082485,18.74,18.71,402,500,-81561,4404
440,AIG,2020-03-18,0 days 15:58:58.544346,1042281,18.74,18.73,1143,260,76404,-3761
441,AIG,2020-03-18,0 days 15:58:59.547133,1079985,18.77,18.75,220,500,-79811,76404
442,AIG,2020-03-18,0 days 15:59:00.550232,1042281,18.76,18.75,1600,626,77004,-79811
443,AIG,2020-03-18,0 days 15:59:17.592750,1118922,18.8,18.77,414,2600,-96200,3463
444,AIG,2020-03-18,0 days 15:59:18.594777,1052483,18.81,18.8,1100,150,89339,-96200
445,AIG,2020-03-18,0 days 15:59:51.676531,1127225,18.91,18.88,1455,806,-44192,62231
446,AIG,2020-03-18,0 days 15:59:54.684430,1052229,18.81,18.75,201,1054,95996,-3031
447,AIG,2020-03-18,0 days 15:59:55.686212,1144025,18.81,18.77,6,854,-3031,95996
448,AIV,2020-03-18,0 days 15:55:00.153554,164810,31.34,31.25,505,200,4689,-27545
449,AIV,2020-03-18,0 days 15:55:01.155505,160599,31.26,31.15,200,33,-17922,4689
450,AIV,2020-03-18,0 days 15:55:06.167168,164810,31.21,31.13,529,100,8189,-5522
451,AIV,2020-03-18,0 days 15:55:07.169486,166399,31.2,31.12,200,154,-12122,8189
452,AIV,2020-03-18,0 days 15:55:16.191401,161199,31.26,31.16,200,448,-3611,11589
453,AIV,2020-03-18,0 days 15:55:22.205892,164810,31.26,31.2,10,300,8889,-17422
454,AIV,2020-03-18,0 days 15:55:23.208079,161199,31.33,31.2,110,500,-3611,8889
455,AIV,2020-03-18,0 days 15:55:35.237011,164810,31.18,31.12,300,100,8989,-17222
456,AIV,2020-03-18,0 days 15:55:36.240321,161199,31.13,31.12,86,100,-3611,8989
457,AIV,2020-03-18,0 days 15:56:21.345527,164907,30.76,30.75,658,1900,9874,-4219
458,AIV,2020-03-18,0 days 15:56:22.346600,161381,30.78,30.77,12,100,-3526,9874
459,AIV,2020-03-18,0 days 15:56:31.368490,161581,30.81,30.78,410,195,-3326,9074
460,AIV,2020-03-18,0 days 15:56:47.408688,161281,30.75,30.74,4,226,-3626,9374
461,AIV,2020-03-18,0 days 15:57:34.520789,165246,30.73,30.69,716,200,9227,-4484
462,AIV,2020-03-18,0 days 15:57:35.523222,161873,30.73,30.69,706,800,-3373,9227
463,AIV,2020-03-18,0 days 15:57:41.539626,165246,30.6,30.59,339,200,10282,-4129
464,AIV,2020-03-18,0 days 15:57:43.543259,174528,30.59,30.54,227,4,-4429,10282
465,AIV,2020-03-18,0 days 15:57:52.564771,163018,30.53,30.46,556,200,-15939,11872
466,AIV,2020-03-18,0 days 15:58:02.589548,165246,30.48,30.43,663,300,10272,-3439
467,AIV,2020-03-18,0 days 15:58:03.591759,162058,30.48,30.44,553,300,-3188,10272
468,AIV,2020-03-18,0 days 15:58:11.614961,170503,30.53,30.49,200,200,9255,-4656
469,AIV,2020-03-18,0 days 15:58:12.614405,167058,30.52,30.48,229,24,-17156,9255
470,AIV,2020-03-18,0 days 15:58:18.629787,170503,30.51,30.47,20,110,9155,-4656
471,AIV,2020-03-18,0 days 15:58:19.632642,167058,30.52,30.47,354,110,-3445,9155
472,AIV,2020-03-18,0 days 15:58:21.637933,170503,30.51,30.47,10,200,9055,-17156
473,AIV,2020-03-18,0 days 15:58:22.637895,167058,30.52,30.48,284,200,-3445,9055
474,AIV,2020-03-18,0 days 15:58:28.652072,170503,30.49,30.44,200,557,9055,-4656
475,AIV,2020-03-18,0 days 15:58:29.654412,167258,30.43,30.41,49,1771,-3245,9055
476,AIV,2020-03-18,0 days 15:58:31.660490,170503,30.44,30.41,100,2113,9155,-16956
477,AIV,2020-03-18,0 days 15:58:32.662822,167158,30.44,30.41,100,2113,-17056,9155
478,AIV,2020-03-18,0 days 15:58:41.684480,170503,30.44,30.42,505,100,9155,-4556
479,AIV,2020-03-18,0 days 15:58:42.686159,167158,30.44,30.41,305,4215,-17056,9155
480,AIV,2020-03-18,0 days 15:58:43.689972,170503,30.42,30.41,100,1207,9155,-17056
481,AIV,2020-03-18,0 days 15:58:44.692067,167158,30.42,30.41,100,712,-3345,9155
482,AIV,2020-03-18,0 days 15:58:53.712073,170503,30.42,30.41,100,806,9155,-17056
483,AIV,2020-03-18,0 days 15:58:54.716531,167158,30.44,30.42,226,100,-3345,9155
484,AIV,2020-03-18,0 days 15:59:02.736338,167558,30.55,30.53,100,300,-16882,8855
485,AIV,2020-03-18,0 days 15:59:11.757852,167152,30.74,30.66,904,2650,-17393,11187
486,AIV,2020-03-18,0 days 15:59:17.770943,172863,30.92,30.8,1300,400,7903,-5753
487,AIV,2020-03-18,0 days 15:59:18.774256,169966,30.92,30.81,1300,573,-2897,7903
488,AIV,2020-03-18,0 days 15:59:27.795357,169966,30.93,30.92,63,1548,-2897,11303
489,AIV,2020-03-18,0 days 15:59:45.842595,173063,31.21,31.15,400,600,10589,-3697
490,AIV,2020-03-18,0 days 15:59:46.841818,173052,31.21,31.17,300,9,-16397,10589
491,AIV,2020-03-18,0 days 15:59:54.862259,174363,31.33,31.24,6382,1740,12489,-3626
492,AL,2020-03-18,0 days 15:56:24.472796,75757,10.23,10.2,100,604,1269,-23131
493,AL,2020-03-18,0 days 15:56:34.497137,77026,10.28,10.22,700,1420,-19631,3484
494,AL,2020-03-18,0 days 15:56:35.498764,75757,10.28,10.22,761,620,1269,-19631
495,AL,2020-03-18,0 days 15:57:01.562270,77026,10.33,10.29,3,800,-23994,184
496,AL,2020-03-18,0 days 15:57:02.564424,75920,10.33,10.29,3,1128,1106,-23994
497,AL,2020-03-18,0 days 15:57:07.577177,79819,10.38,10.36,299,800,-4901,406
498,AL,2020-03-18,0 days 15:57:12.588397,41542,10.42,10.4,566,136,40165,-213
499,AL,2020-03-18,0 days 15:57:22.613686,41542,10.53,10.5,135,42,40260,-118
500,AL,2020-03-18,0 days 15:57:28.627588,41542,10.64,10.62,36,603,39763,-615
501,AL,2020-03-18,0 days 15:57:31.634819,76805,10.67,10.62,105,1503,-36915,3463
502,AL,2020-03-18,0 days 15:57:32.637061,81920,10.67,10.62,105,1653,1562,-36915
503,AL,2020-03-18,0 days 15:57:33.639239,81582,10.67,10.62,605,1958,-338,1562
504,AL,2020-03-18,0 days 15:57:36.651961,41542,10.75,10.71,453,900,37963,-338
505,AL,2020-03-18,0 days 15:57:46.670219,76805,10.82,10.79,174,1205,-36915,3463
506,AL,2020-03-18,0 days 15:58:02.709884,76805,10.94,10.9,100,546,-37015,3363
507,AL,2020-03-18,0 days 15:58:04.714335,77000,10.94,10.9,2600,1541,4905,-615
508,AL,2020-03-18,0 days 15:58:05.717556,76805,10.94,10.9,3700,1841,-195,4905
509,AL,2020-03-18,0 days 15:58:12.732979,42142,11.0,10.96,3524,337,34663,-195
510,AL,2020-03-18,0 days 15:58:24.762558,76825,10.93,10.9,340,359,-31475,2992
511,AL,2020-03-18,0 days 15:58:26.768603,42142,10.91,10.9,304,849,34683,-175
512,AL,2020-03-18,0 days 15:58:33.785076,43242,10.98,10.96,199,200,35063,-195
513,AL,2020-03-18,0 days 15:58:34.787115,77974,11.03,10.98,178,300,-31626,35063
514,AL,2020-03-18,0 days 15:58:35.789017,77800,11.02,10.98,195,700,174,-31626
515,AL,2020-03-18,0 days 15:58:53.834750,77934,11.1,11.06,7529,2600,-466,134
516,AL,2020-03-18,0 days 15:58:54.835509,42942,11.09,11.06,500,2100,34992,-466
517,AL,2020-03-18,0 days 15:59:06.867262,77800,11.09,11.07,3077,1180,134,-31366
518,AL,2020-03-18,0 days 15:59:31.923448,43256,11.14,11.12,720,300,36578,-20116
519,AL,2020-03-18,0 days 15:59:32.926039,79834,11.13,11.12,100,343,-53916,36578
520,AL,2020-03-18,0 days 15:59:38.940074,79834,11.17,11.13,1916,377,-54816,1878
521,AL,2020-03-18,0 days 15:59:44.954377,43056,11.18,11.17,463,400,36804,-19990
522,AL,2020-03-18,0 days 15:59:45.958737,79860,11.21,11.17,359,700,-54790,36804
523,AL,2020-03-18,0 days 15:59:47.961992,42956,11.18,11.17,599,100,36904,-20690
524,AL,2020-03-18,0 days 15:59:48.964021,79860,11.18,11.15,699,31,-54790,36904
525,AL,2020-03-18,0 days 15:59:50.969414,43056,11.11,11.1,478,117,36804,-32590
526,AL,2020-03-18,0 days 15:59:52.973629,80351,10.84,10.69,579,300,-9060,41506
527,ALB,2020-03-18,0 days 15:55:07.188300,127549,68.48,68.43,1681,531,-2127,873
528,ALB,2020-03-18,0 days 15:55:08.189816,124376,68.48,68.43,1671,735,3173,-2127
529,ALB,2020-03-18,0 days 15:55:15.208677,127549,68.47,68.43,36,1048,-3222,9939
530,ALB,2020-03-18,0 days 15:55:16.209451,124871,68.47,68.43,36,1048,2678,-3222
531,ALB,2020-03-18,0 days 15:55:26.233245,124871,68.42,68.38,1151,100,2678,-3822
532,ALB,2020-03-18,0 days 15:55:45.279566,133049,68.4,68.36,166,707,-4514,3739
533,ALB,2020-03-18,0 days 15:55:46.281307,130063,68.39,68.36,400,207,2986,-4514
534,ALB,2020-03-18,0 days 15:55:51.294101,133049,68.38,68.35,492,200,-4514,3739
535,ALB,2020-03-18,0 days 15:55:52.296727,130063,68.37,68.34,202,1035,2986,-4514
536,ALB,2020-03-18,0 days 15:56:01.317694,130063,68.37,68.35,1596,720,2986,-4514
537,ALB,2020-03-18,0 days 15:56:43.419580,130855,67.79,67.53,828,400,5100,-4416
538,ALB,2020-03-18,0 days 15:57:00.462097,136687,67.63,67.57,200,380,-4308,14875
539,ALB,2020-03-18,0 days 15:57:01.463081,133395,67.63,67.57,800,390,3292,-4308
540,ALB,2020-03-18,0 days 15:57:11.487087,136687,67.57,67.53,100,303,-4508,4175
541,ALB,2020-03-18,0 days 15:57:12.488516,133295,67.58,67.55,397,215,3392,-4508
542,ALB,2020-03-18,0 days 15:57:44.566776,136535,66.77,66.71,100,300,-4386,5114
543,ALB,2020-03-18,0 days 15:57:45.569232,133021,66.77,66.71,302,350,3514,-4386
544,ALB,2020-03-18,0 days 15:58:15.643476,136699,67.11,67.08,168,6,-7451,2861
545,ALB,2020-03-18,0 days 15:58:16.644024,132450,66.95,66.89,67,100,4249,-7451
546,ALB,2020-03-18,0 days 15:58:42.707892,136699,66.94,66.91,1238,400,-5751,4161
547,ALB,2020-03-18,0 days 15:58:43.710101,133450,66.99,66.91,398,400,3249,-5751
548,ALB,2020-03-18,0 days 15:58:54.741984,136699,67.17,67.06,300,500,-6551,3761
549,ALB,2020-03-18,0 days 15:58:55.738444,133850,67.17,67.07,300,410,2849,-6551
550,ALB,2020-03-18,0 days 15:59:06.768352,129900,67.17,67.13,1045,736,-3548,3251
551,ALB,2020-03-18,0 days 15:59:09.777095,133089,67.19,67.15,600,736,-4869,8541
552,ALB,2020-03-18,0 days 15:59:10.777482,131078,67.19,67.18,38,336,2011,-4869
553,ALB,2020-03-18,0 days 15:59:13.785339,141439,67.39,67.29,300,436,-3668,21132
554,ALB,2020-03-18,0 days 15:59:22.805221,143321,67.63,67.49,300,1202,-7257,5114
555,ALB,2020-03-18,0 days 15:59:23.809081,140578,67.63,67.52,217,916,2748,-7257
556,ALB,2020-03-18,0 days 15:59:27.817757,143131,67.98,67.83,339,1400,-13339,2676
557,ALB,2020-03-18,0 days 15:59:28.821149,140770,68.0,67.95,271,506,2361,-13339
558,ALB,2020-03-18,0 days 15:59:40.850248,139759,68.33,68.13,300,500,-30137,30182
559,ALC,2020-03-18,0 days 15:57:24.551515,15228,46.1,45.78,200,100,902,-482
560,ALC,2020-03-18,0 days 15:57:25.556650,14930,46.1,45.79,300,500,-298,902
561,ALC,2020-03-18,0 days 15:57:45.603307,15228,45.95,45.79,500,445,1086,-298
562,ALC,2020-03-18,0 days 15:57:46.604402,15014,45.94,45.79,400,44,-214,1086
563,ALC,2020-03-18,0 days 15:57:52.619053,15228,45.94,45.79,800,246,86,-14
564,ALC,2020-03-18,0 days 15:57:53.622330,15214,45.94,45.79,900,246,-14,86
565,ALC,2020-03-18,0 days 15:58:01.641514,15228,45.89,45.66,400,202,1786,-114
566,ALC,2020-03-18,0 days 15:58:02.643652,15114,45.89,45.67,700,202,-114,1786
567,ALC,2020-03-18,0 days 15:58:07.655246,15228,45.83,45.68,500,602,31,-114
568,ALC,2020-03-18,0 days 15:58:08.657996,15059,45.83,45.68,500,702,-2147,31
569,ALC,2020-03-18,0 days 15:58:22.692583,15228,45.59,45.53,400,100,1861,-337
570,ALC,2020-03-18,0 days 15:58:23.696480,14869,45.59,45.55,587,200,-359,1861
571,ALC,2020-03-18,0 days 15:58:34.719759,15228,45.58,45.49,898,100,141,-159
572,ALC,2020-03-18,0 days 15:58:35.723784,15169,45.58,45.47,998,300,-59,141
573,ALC,2020-03-18,0 days 15:58:41.737187,15228,45.57,45.47,502,500,161,-59
574,ALC,2020-03-18,0 days 15:58:50.757751,15189,45.56,45.48,700,742,-39,161
575,ALC,2020-03-18,0 days 15:59:39.877096,18324,45.95,45.73,1900,2979,3971,-229
576,ALC,2020-03-18,0 days 15:59:40.879723,18195,45.95,45.73,2100,3031,-129,3971
577,ALC,2020-03-18,0 days 15:59:52.907906,18324,45.94,45.77,200,100,871,-613
578,ALC,2020-03-18,0 days 15:59:59.923595,17711,45.94,45.88,2652,1676,-613,871
579,ALK,2020-03-18,0 days 15:55:07.171661,104966,25.1,25.04,200,944,-1032,368
580,ALK,2020-03-18,0 days 15:55:08.173917,104198,25.1,25.04,419,944,768,-1032
581,ALK,2020-03-18,0 days 15:55:52.280824,105035,25.2,25.16,102,105,-863,635
582,ALK,2020-03-18,0 days 15:55:53.283545,104498,25.2,25.16,102,95,537,-863
583,ALK,2020-03-18,0 days 15:56:04.309087,105035,25.22,25.17,2190,925,-870,635
584,ALK,2020-03-18,0 days 15:56:05.311780,104505,25.22,25.17,2295,1026,530,-870
585,ALK,2020-03-18,0 days 15:56:21.349328,105035,25.3,25.25,1314,204,-870,635
586,ALK,2020-03-18,0 days 15:56:22.352562,104505,25.3,25.25,1514,504,530,-870
587,ALK,2020-03-18,0 days 15:56:41.398715,106659,25.4,25.3,100,200,-746,2159
588,ALK,2020-03-18,0 days 15:56:50.419810,105400,25.37,25.34,1364,188,2859,-270
589,ALK,2020-03-18,0 days 15:56:51.422545,105035,25.37,25.35,662,188,-2970,2859
590,ALK,2020-03-18,0 days 15:57:02.448847,105520,25.59,25.53,200,388,1265,-240
591,ALK,2020-03-18,0 days 15:57:03.451694,105385,25.58,25.48,290,810,-1640,1265
592,ALK,2020-03-18,0 days 15:57:22.497966,113025,25.64,25.57,1085,1340,5963,-337
593,ALK,2020-03-18,0 days 15:57:23.499556,112188,25.64,25.57,1385,1240,-950,5963
594,ALK,2020-03-18,0 days 15:57:29.514805,105520,25.65,25.6,324,215,14968,-1652
595,ALK,2020-03-18,0 days 15:57:30.528421,105388,25.65,25.6,18,401,-132,14968
596,ALK,2020-03-18,0 days 15:57:46.555725,105388,25.63,25.61,253,100,-17052,14968
597,ALK,2020-03-18,0 days 15:57:57.581809,106988,25.62,25.61,571,400,-304,13396
598,ALK,2020-03-18,0 days 15:59:08.755270,114423,25.71,25.66,739,400,-771,15029
599,ALK,2020-03-18,0 days 15:59:12.765395,115221,25.71,25.66,1054,1600,2600,-798
600,ALK,2020-03-18,0 days 15:59:14.770584,115857,25.71,25.68,939,285,-313,387
601,ALK,2020-03-18,0 days 15:59:19.781511,116170,25.72,25.71,1653,206,15839,-1570
602,ALK,2020-03-18,0 days 15:59:20.784386,115909,25.72,25.71,1799,605,-261,15839
603,ALK,2020-03-18,0 days 15:59:27.801056,116170,25.72,25.71,5518,892,1204,-1796
604,ALK,2020-03-18,0 days 15:59:28.803582,115874,25.72,25.71,6155,1141,-296,1204
605,ALK,2020-03-18,0 days 15:59:55.870168,117448,25.34,25.18,3405,39,-317,3050
606,ALL,2020-03-18,0 days 15:55:01.974056,286773,75.44,75.39,600,348,11813,-16187
607,ALL,2020-03-18,0 days 15:55:02.976724,280686,75.45,75.39,838,348,-6187,11813
608,ALL,2020-03-18,0 days 15:55:05.984135,262782,75.47,75.36,110,400,17904,-6187
609,ALL,2020-03-18,0 days 15:55:06.986157,262486,75.48,75.36,815,600,-24387,17904
610,ALL,2020-03-18,0 days 15:55:16.007954,288052,75.65,75.37,491,90,96,-7104
611,ALL,2020-03-18,0 days 15:55:25.029857,288148,75.81,75.55,200,90,-104,96
612,ALL,2020-03-18,0 days 15:55:29.039315,287952,75.83,75.51,96,146,452,-204
613,ALL,2020-03-18,0 days 15:55:31.044514,288148,75.84,75.54,160,100,-204,452
614,ALL,2020-03-18,0 days 15:55:33.049748,288052,75.64,75.49,300,200,196,-304
615,ALL,2020-03-18,0 days 15:55:39.065332,282804,75.61,75.42,234,100,-5048,652
616,ALL,2020-03-18,0 days 15:57:19.305111,269918,76.95,76.78,200,375,20864,-5827
617,ALL,2020-03-18,0 days 15:57:20.313339,266882,76.95,76.78,199,375,-29727,20864
618,ALL,2020-03-18,0 days 15:58:14.439072,270913,75.99,75.85,1400,451,24612,-2081
619,ALL,2020-03-18,0 days 15:58:15.441793,266225,75.98,75.85,100,451,-4688,24612
620,ALL,2020-03-18,0 days 15:58:42.506468,295593,75.47,75.35,120,7,708,-1192
621,ALL,2020-03-18,0 days 15:58:43.508837,291001,75.47,75.32,90,208,-4492,708
622,ALL,2020-03-18,0 days 15:59:02.555345,268489,75.51,75.39,1201,76,-1724,21188
623,ALL,2020-03-18,0 days 15:59:04.559812,294404,75.51,75.4,942,295,298,-26315
624,ALL,2020-03-18,0 days 15:59:08.570613,293646,75.65,75.56,600,320,-1610,166
625,ALL,2020-03-18,0 days 15:59:32.630019,273287,76.17,76.03,1724,400,27039,-1964
626,ALL,2020-03-18,0 days 15:59:33.631633,271526,76.17,76.03,1761,1809,-1761,27039
627,ALL,2020-03-18,0 days 15:59:37.641548,272026,76.13,76.05,858,1103,-1261,27939
628,ALL,2020-03-18,0 days 15:59:40.648057,273287,76.13,76.08,600,400,28939,-2827
629,ALL,2020-03-18,0 days 15:59:41.650746,271226,76.13,76.08,402,6,-33033,28939
630,ALL,2020-03-18,0 days 15:59:48.667457,272726,76.1,76.07,600,109,-561,29439
631,ALLY,2020-03-18,0 days 15:55:00.270811,552237,12.6,12.59,5439,8412,45771,-23972
632,ALLY,2020-03-18,0 days 15:55:01.272926,550108,12.6,12.59,7939,7976,-2129,45771
633,ALLY,2020-03-18,0 days 15:55:09.294162,552237,12.6,12.59,28059,9411,6371,-2129
634,ALLY,2020-03-18,0 days 15:55:10.295423,550808,12.6,12.59,27459,10062,-1429,6371
635,ALLY,2020-03-18,0 days 15:57:00.560583,558017,12.79,12.78,1269,400,86570,-12388
636,ALLY,2020-03-18,0 days 15:57:07.577325,568498,12.65,12.61,696,200,-91467,3270
637,ALLY,2020-03-18,0 days 15:57:11.586718,558017,12.67,12.66,200,300,93781,-8167
638,ALLY,2020-03-18,0 days 15:59:43.952172,650136,12.34,12.33,76004,3391,4264,-5036
639,ALLY,2020-03-18,0 days 15:59:45.958878,654400,12.34,12.33,74857,4191,-7229,4264
640,ALLY,2020-03-18,0 days 15:59:46.959744,650729,12.34,12.33,76872,3191,3671,-7229
641,ALLY,2020-03-18,0 days 15:59:47.962086,654400,12.34,12.33,75722,2577,-9546,3671
642,ALLY,2020-03-18,0 days 15:59:49.972065,646944,12.34,12.33,74811,2273,7456,-7044
643,ALSN,2020-03-18,0 days 15:55:29.224972,357599,33.06,32.96,314,101,80,-803
644,ALSN,2020-03-18,0 days 15:55:30.227209,356179,33.06,32.96,414,101,-1520,80
645,ALSN,2020-03-18,0 days 15:57:39.538772,367940,32.78,32.72,421,200,734,-1366
646,ALSN,2020-03-18,0 days 15:57:40.541242,365974,32.77,32.72,741,5,-3066,734
647,AM,2020-03-18,0 days 15:56:37.516049,148379,2.01,2.0,12092,51246,-53854,8246
648,AM,2020-03-18,0 days 15:59:27.927740,195965,2.01,2.0,38710,822,21549,-31935
649,AM,2020-03-18,0 days 15:59:31.938799,193830,2.0,1.99,41809,34031,-2135,1265
650,AMCR,2020-03-18,0 days 15:55:00.121671,831379,6.36,6.35,2527,12107,6657,-12466
651,AMCR,2020-03-18,0 days 15:55:22.174921,838036,6.38,6.37,3382,11227,-4943,2257
652,AMCR,2020-03-18,0 days 15:55:23.177370,829979,6.39,6.38,9050,5704,8057,-4943
653,AMCR,2020-03-18,0 days 15:59:06.709775,900411,6.35,6.34,5700,9997,-87191,2115
654,AMCR,2020-03-18,0 days 15:59:07.712075,843402,6.35,6.34,12769,2500,37709,-87191
655,AMCR,2020-03-18,0 days 15:59:30.763778,974030,6.41,6.39,7228,2500,21255,-111554
656,AME,2020-03-18,0 days 15:55:00.205891,156824,65.14,65.0,68,3,-13624,30594
657,AME,2020-03-18,0 days 15:55:01.205324,154648,65.14,65.01,7,100,2176,-13624
658,AME,2020-03-18,0 days 15:55:12.234998,156824,65.12,64.99,223,200,-14124,2995
659,AME,2020-03-18,0 days 15:55:13.237055,155748,65.12,64.99,610,300,1076,-14124
660,AME,2020-03-18,0 days 15:55:18.249349,156824,65.18,65.03,402,100,-14424,2695
661,AME,2020-03-18,0 days 15:55:19.250727,155748,65.18,65.05,702,100,1076,-14424
662,AME,2020-03-18,0 days 15:55:42.305640,156494,65.36,65.29,500,200,-14754,18195
663,AME,2020-03-18,0 days 15:55:43.308601,155648,65.39,65.29,200,300,846,-14754
664,AME,2020-03-18,0 days 15:56:08.369550,156494,65.6,65.45,846,700,-14482,17965
665,AME,2020-03-18,0 days 15:56:09.371286,155676,65.6,65.45,1313,700,818,-14482
666,AME,2020-03-18,0 days 15:56:42.450281,157137,65.68,65.52,2776,300,-190,1461
667,AME,2020-03-18,0 days 15:57:07.509984,160122,65.96,65.67,1,4,-495,1114
668,AME,2020-03-18,0 days 15:57:08.514981,159017,66.08,65.69,1900,100,1105,-495
669,AME,2020-03-18,0 days 15:57:20.542459,160122,66.01,65.81,1381,705,-1020,1080
670,AME,2020-03-18,0 days 15:57:21.545650,158942,66.01,65.81,1581,1105,1180,-1020
671,AME,2020-03-18,0 days 15:57:34.575383,160122,66.07,66.02,400,100,-16829,2977
672,AME,2020-03-18,0 days 15:57:35.577346,159051,66.07,66.0,1500,1295,1071,-16829
673,AME,2020-03-18,0 days 15:57:41.595416,160122,66.07,66.01,8127,156,-17229,2977
674,AME,2020-03-18,0 days 15:57:42.598815,159051,66.07,66.0,8040,1026,1071,-17229
675,AME,2020-03-18,0 days 15:57:46.604380,160122,66.16,66.09,419,2,-129,271
676,AME,2020-03-18,0 days 15:57:50.615688,159551,66.23,66.08,300,100,571,-1329
677,AME,2020-03-18,0 days 15:57:56.628104,160122,66.21,66.07,100,400,-18494,21112
678,AME,2020-03-18,0 days 15:58:01.641480,139010,66.21,66.16,356,204,21112,-194
679,AME,2020-03-18,0 days 15:58:02.643560,160122,66.21,66.06,556,203,-18594,21112
680,AME,2020-03-18,0 days 15:58:03.645483,156960,66.21,66.06,831,1284,3162,-18594
681,AME,2020-03-18,0 days 15:58:04.648474,160122,66.21,66.07,2868,400,-4220,3162
682,AME,2020-03-18,0 days 15:58:05.652612,159542,66.21,66.07,3140,300,580,-4220
683,AME,2020-03-18,0 days 15:58:17.681033,160122,66.21,66.09,3010,900,-115,95
684,AME,2020-03-18,0 days 15:58:18.683822,160037,66.21,66.09,3110,1000,85,-115
685,AME,2020-03-18,0 days 15:58:26.701194,160122,66.21,65.81,3086,300,-19015,21401
686,AME,2020-03-18,0 days 15:58:33.719643,134421,66.3,66.2,100,19297,701,-25115
687,AME,2020-03-18,0 days 15:58:34.719678,135322,66.39,66.3,2595,49241,-19935,701
688,AME,2020-03-18,0 days 15:58:41.737187,161257,66.49,66.37,264,403,665,-335
689,AME,2020-03-18,0 days 15:59:06.797784,167219,66.9,66.83,1000,405,-19063,22398
690,AME,2020-03-18,0 days 15:59:07.802304,166282,66.9,66.83,539,305,937,-19063
691,AME,2020-03-18,0 days 15:59:12.813006,168375,67.14,66.93,1173,303,-2725,90
692,AME,2020-03-18,0 days 15:59:28.850234,151810,67.25,67.23,95,300,16064,-18428
693,AME,2020-03-18,0 days 15:59:29.852574,167874,67.31,67.22,500,1703,-24600,16064
694,AME,2020-03-18,0 days 15:59:38.875330,167874,67.3,67.17,2964,81,-24600,1264
695,AME,2020-03-18,0 days 15:59:45.891527,152010,66.95,66.67,1200,200,16564,-6124
696,AME,2020-03-18,0 days 15:59:50.904540,168574,66.94,66.69,1043,268,-16324,964
697,AME,2020-03-18,0 days 15:59:52.907833,162210,66.94,66.69,1120,1102,6364,-16324
698,AME,2020-03-18,0 days 15:59:53.910494,169846,66.93,65.62,800,300,-14858,6364
699,AME,2020-03-18,0 days 16:00:00.922763,152248,65.66,65.65,2069,1300,19207,-2177
700,AMH,2020-03-18,0 days 15:55:07.225331,166063,22.7,22.68,1400,1635,-1578,6922
701,AMH,2020-03-18,0 days 15:55:08.225046,162841,22.69,22.68,1200,2203,3222,-1578
702,AMH,2020-03-18,0 days 15:55:35.289294,165048,22.68,22.66,204,701,1015,-11885
703,AMH,2020-03-18,0 days 15:56:29.418668,168069,22.69,22.65,489,3101,-10444,4828
704,AMH,2020-03-18,0 days 15:56:30.421134,166513,22.69,22.65,495,3301,1556,-10444
705,AMH,2020-03-18,0 days 15:56:55.481589,168090,22.69,22.66,1112,4901,-253,1577
706,AMH,2020-03-18,0 days 15:56:56.484559,166743,22.69,22.66,1177,5301,1347,-253
707,AMH,2020-03-18,0 days 15:59:00.784784,158727,22.67,22.66,1264,800,11043,-33857
708,AMRX,2020-03-18,0 days 15:59:02.704424,110655,2.65,2.64,9078,4675,-26764,2336
709,AMRX,2020-03-18,0 days 15:59:15.725110,136819,2.65,2.64,10826,386,4095,-1709
710,AMRX,2020-03-18,0 days 15:59:16.730804,135714,2.65,2.64,10652,100,-1105,4095
711,AMT,2020-03-18,0 days 15:50:38.342162,272598,216.03,215.91,4,100,3907,-23582
712,AMT,2020-03-18,0 days 15:51:11.421930,262905,216.11,215.86,9,46,-9793,3907
713,AMT,2020-03-18,0 days 15:51:42.496836,262905,216.03,215.45,75,121,-9793,4007
714,AMT,2020-03-18,0 days 15:51:49.513606,272598,215.94,215.47,102,121,3907,-9793
715,AMT,2020-03-18,0 days 15:53:42.783413,249305,216.13,215.57,219,143,-23582,11007
716,AMT,2020-03-18,0 days 15:57:14.292927,323818,216.43,215.92,86,75,25759,-9276
717,AMT,2020-03-18,0 days 15:57:15.296127,322177,217.28,215.92,50,142,-1641,25759
718,AMT,2020-03-18,0 days 15:57:38.351540,324785,216.2,215.04,18,200,27092,-1897
719,AMT,2020-03-18,0 days 15:57:40.356840,324742,216.05,215.0,10,226,-43,46
720,AMT,2020-03-18,0 days 15:57:41.361057,324785,216.05,215.0,10,181,157,-43
721,AMT,2020-03-18,0 days 15:57:42.387603,309042,216.05,215.0,10,286,-15843,157
722,AMT,2020-03-18,0 days 15:57:47.374429,323253,215.85,215.0,57,86,23289,-43
723,AMT,2020-03-18,0 days 15:57:48.377277,323242,215.85,215.0,57,86,-11,23289
724,AMT,2020-03-18,0 days 15:57:50.381509,323253,215.77,215.0,325,126,189,-11
725,AMT,2020-03-18,0 days 15:58:08.427276,340042,213.47,213.02,75,326,-486,1758
726,AMT,2020-03-18,0 days 15:58:09.426984,338428,213.47,213.08,629,921,1614,-486
727,AMT,2020-03-18,0 days 15:59:00.550207,339942,214.66,213.37,569,643,-62,1058
728,AMT,2020-03-18,0 days 15:59:04.560015,340101,214.66,214.3,1070,648,5368,-162
729,AMT,2020-03-18,0 days 15:59:05.563457,337769,214.67,214.31,342,584,-6232,5368
730,AMT,2020-03-18,0 days 15:59:06.569309,336601,215.27,214.31,400,721,1168,-6232
731,AMT,2020-03-18,0 days 15:59:09.575314,329069,215.27,214.31,852,1255,-13833,244
732,AMT,2020-03-18,0 days 15:59:10.580021,329002,215.27,214.31,767,871,85,-13833
733,AMT,2020-03-18,0 days 15:59:12.582152,329087,215.27,214.31,1042,1232,-5175,39
734,AMT,2020-03-18,0 days 15:59:13.584408,334073,215.25,214.41,352,82,3714,-5175
735,AMT,2020-03-18,0 days 15:59:15.588211,330987,215.26,214.41,50,82,-6486,314
736,AMT,2020-03-18,0 days 15:59:17.592694,334073,215.25,214.57,75,85,3820,-3025
737,AMT,2020-03-18,0 days 15:59:19.600455,331093,215.25,214.57,75,128,-6480,320
738,AMT,2020-03-18,0 days 15:59:59.697182,338299,217.46,216.84,5079,4215,6613,-9087
739,AMX,2020-03-18,0 days 15:59:15.900980,75876,12.88,12.87,700,5276,-49,251
740,AMX,2020-03-18,0 days 15:59:23.917721,74369,12.89,12.88,3240,729,1532,-93
741,ANF,2020-03-18,0 days 15:56:32.491341,117421,8.06,8.05,875,2236,-4932,868
742,ANF,2020-03-18,0 days 15:57:55.692454,118615,8.03,8.02,1844,1330,-3749,22451
743,ANF,2020-03-18,0 days 15:59:15.883786,123696,8.03,8.02,4782,1178,1068,-4130
744,ANTM,2020-03-18,0 days 15:55:17.109564,191320,206.7,205.83,100,983,-65,1235
745,ANTM,2020-03-18,0 days 15:55:18.109656,190785,206.7,205.83,133,983,535,-65
746,ANTM,2020-03-18,0 days 15:55:29.138087,190696,207.43,207.17,15,2,-4,920
747,ANTM,2020-03-18,0 days 15:55:30.137596,189800,207.43,206.72,15,688,896,-4
748,ANTM,2020-03-18,0 days 15:55:37.155124,165174,209.7,208.72,20,134,-30111,816
749,ANTM,2020-03-18,0 days 15:55:57.202854,186985,208.53,206.73,16,268,23931,-2011
750,ANTM,2020-03-18,0 days 15:56:00.213930,190716,208.53,206.73,16,478,-369,431
751,ANTM,2020-03-18,0 days 15:56:01.213753,190385,208.53,206.73,16,578,331,-369
752,ANTM,2020-03-18,0 days 15:56:16.248537,190716,207.99,207.51,410,163,-4298,708
753,ANTM,2020-03-18,0 days 15:56:17.252100,190414,207.98,207.51,837,517,302,-4298
754,ANTM,2020-03-18,0 days 15:57:57.492057,202898,202.31,201.92,100,100,-3221,2097
755,ANTM,2020-03-18,0 days 15:57:58.497728,201319,202.15,201.36,165,200,1579,-3221
756,ANTM,2020-03-18,0 days 15:58:06.514675,203809,202.07,201.51,1140,166,-3767,2243
757,ANTM,2020-03-18,0 days 15:58:07.517921,202076,202.07,201.53,1251,160,1733,-3767
758,ANTM,2020-03-18,0 days 15:58:31.575572,202812,203.33,202.39,159,100,-2964,1797
759,ANTM,2020-03-18,0 days 15:58:32.583740,201176,203.33,202.39,533,108,1636,-2964
760,ANTM,2020-03-18,0 days 15:59:01.647005,202095,203.09,202.74,22,623,-3281,1700
761,ANTM,2020-03-18,0 days 15:59:02.652251,202083,203.09,202.74,22,723,12,-3281
762,ANTM,2020-03-18,0 days 15:59:03.652168,202095,203.25,202.77,13,628,-2975,12
763,ANTM,2020-03-18,0 days 15:59:10.671467,202117,204.1,203.47,300,352,635,-1857
764,ANTM,2020-03-18,0 days 15:59:14.677726,203688,204.1,203.51,254,1347,-199,1301
765,ANTM,2020-03-18,0 days 15:59:29.714063,200901,206.34,205.7,216,301,973,-2097
766,ANTM,2020-03-18,0 days 15:59:30.721829,201874,206.35,205.72,100,724,-427,973
767,ANTM,2020-03-18,0 days 15:59:35.731276,200801,206.33,205.74,200,2155,1073,-500
768,ANTM,2020-03-18,0 days 15:59:36.731697,201874,206.33,205.74,328,2483,-1027,1073
769,ANTM,2020-03-18,0 days 15:59:41.743502,198401,206.87,206.27,116,576,2000,-4491
770,ANTM,2020-03-18,0 days 15:59:43.749016,200501,206.87,206.29,100,307,-850,4250
771,ANTM,2020-03-18,0 days 15:59:50.766668,197371,206.91,206.44,200,1001,2309,-2891
772,ANTM,2020-03-18,0 days 15:59:59.784795,199180,207.18,206.72,7359,800,-2791,1509
773,ANTM,2020-03-18,0 days 16:00:00.784383,199571,207.18,206.96,11592,732,109,-2791
774,AON,2020-03-18,0 days 15:55:08.291779,222692,156.41,156.32,73,1432,109,-23791
775,AON,2020-03-18,0 days 15:55:42.372247,222801,156.47,156.21,172,182,-23791,2458
776,AON,2020-03-18,0 days 15:55:43.374002,222692,156.47,156.21,292,182,109,-23791
777,AON,2020-03-18,0 days 15:56:22.467796,222801,156.37,156.21,75,3,-23803,2446
778,AON,2020-03-18,0 days 15:56:23.472181,222704,156.37,156.16,175,697,97,-23803
779,AON,2020-03-18,0 days 15:56:35.498823,222801,156.19,156.05,6,1200,-903,197
780,AON,2020-03-18,0 days 15:56:36.500883,222704,156.26,156.05,74,1200,97,-903
781,AON,2020-03-18,0 days 15:56:59.560373,223210,156.19,155.96,8,563,-23814,2455
782,AON,2020-03-18,0 days 15:57:00.560583,223024,155.81,155.38,1,75,38418,-23814
783,AON,2020-03-18,0 days 15:57:21.610766,261511,155.21,154.83,100,425,-21558,5856
784,AON,2020-03-18,0 days 15:57:22.613784,258069,155.17,154.83,10,362,3442,-21558
785,AON,2020-03-18,0 days 15:57:44.666080,266722,153.67,153.32,10,400,-16767,31847
786,AON,2020-03-18,0 days 15:57:45.667820,262689,153.59,153.32,19,600,4733,-16767
787,AON,2020-03-18,0 days 15:57:47.672808,268622,153.29,153.22,10,211,-14767,31047
788,AON,2020-03-18,0 days 15:57:48.676919,238975,153.24,153.18,9,100,30347,-14767
789,AON,2020-03-18,0 days 15:57:51.682396,265689,153.22,152.98,47,76,4633,-13267
790,AON,2020-03-18,0 days 15:58:02.710009,271122,152.98,152.75,10,381,-10867,13947
791,AON,2020-03-18,0 days 15:58:03.711986,266587,152.97,152.75,277,436,4535,-10867
792,AON,2020-03-18,0 days 15:58:12.733089,273714,152.88,152.76,75,779,-9373,15441
793,AON,2020-03-18,0 days 15:58:13.736924,268987,152.88,152.76,1149,755,4727,-9373
794,AON,2020-03-18,0 days 15:58:22.760446,268887,152.69,152.38,992,100,4827,-8773
795,AON,2020-03-18,0 days 15:58:34.787247,269287,152.63,152.46,722,400,5027,-8675
796,AON,2020-03-18,0 days 15:58:54.835636,274914,152.92,152.53,70,315,-8273,16441
797,AON,2020-03-18,0 days 15:58:55.837514,270187,152.92,152.53,270,570,4727,-8273
798,AON,2020-03-18,0 days 15:59:02.854433,274921,152.9,152.72,75,1146,-8376,16541
799,AON,2020-03-18,0 days 15:59:03.857845,271143,152.9,152.72,275,1246,3778,-8376
800,AON,2020-03-18,0 days 15:59:42.949801,300072,155.59,155.34,329,444,-310,4959
801,AON,2020-03-18,0 days 15:59:48.964277,297082,155.86,155.4,2300,4937,2990,-510
802,AON,2020-03-18,0 days 15:59:51.973768,258640,156.17,155.43,572,1169,-13612,32190
803,AON,2020-03-18,0 days 15:59:57.985404,232591,156.09,155.95,1000,2356,26749,-10012
804,AON,2020-03-18,0 days 15:59:58.989100,259340,156.12,155.91,400,7997,-12912,26749
805,AOS,2020-03-18,0 days 15:53:37.770784,93165,37.92,37.74,148,409,-2955,13343
806,AOS,2020-03-18,0 days 15:54:10.850030,88022,38.17,38.02,100,603,5143,-3855
807,AOS,2020-03-18,0 days 15:54:12.855437,93065,38.17,38.03,200,409,-4655,5143
808,AOS,2020-03-18,0 days 15:55:08.994276,104455,38.3,38.24,121,600,-15838,1186
809,AOS,2020-03-18,0 days 15:55:21.020686,96641,38.26,38.25,200,200,7814,-9310
810,AOS,2020-03-18,0 days 15:55:22.022811,104455,38.25,38.22,100,476,-16110,7814
811,AOS,2020-03-18,0 days 15:55:25.029907,113365,38.31,38.22,398,186,6390,-9110
812,AOS,2020-03-18,0 days 15:55:26.032352,112455,38.31,38.22,498,34,-810,6390
813,AOS,2020-03-18,0 days 15:56:38.205270,96872,38.49,38.45,245,100,16083,-1041
814,AOS,2020-03-18,0 days 15:56:40.209992,92392,38.55,38.48,517,20,-12480,883
815,AOS,2020-03-18,0 days 15:56:43.217735,113996,38.6,38.52,407,603,597,-17604
816,AOS,2020-03-18,0 days 15:56:44.219779,112093,38.6,38.52,500,751,-1903,597
817,AOS,2020-03-18,0 days 15:56:57.251260,113996,38.66,38.55,660,1536,1951,-1903
818,AOS,2020-03-18,0 days 15:56:58.253269,112447,38.66,38.55,639,1536,-1549,1951
819,AOS,2020-03-18,0 days 15:57:24.317879,97270,38.57,38.56,600,100,16637,-487
820,AOS,2020-03-18,0 days 15:57:25.319700,100507,38.55,38.52,200,202,-16787,16637
821,AOS,2020-03-18,0 days 15:57:37.349604,114009,38.48,38.27,3,400,-3385,376
822,AOS,2020-03-18,0 days 15:57:46.370814,114694,38.41,38.29,282,871,115,-385
823,AOS,2020-03-18,0 days 15:57:47.374367,114609,38.4,38.29,410,871,-85,115
824,AOS,2020-03-18,0 days 15:58:16.443668,114009,38.4,38.36,3311,71,-17385,1639
825,AOS,2020-03-18,0 days 15:58:31.481137,115094,38.28,38.18,236,1105,515,-185
826,AOS,2020-03-18,0 days 15:58:35.490876,114594,38.24,38.18,232,901,115,-185
827,AOS,2020-03-18,0 days 15:58:40.503801,115994,38.24,38.18,1812,1260,15,-385
828,AOS,2020-03-18,0 days 15:58:42.506560,116009,38.24,38.19,193,803,-285,215
829,AOS,2020-03-18,0 days 15:58:43.508870,115894,38.24,38.19,193,803,115,-285
830,AOS,2020-03-18,0 days 15:58:59.547073,116009,38.24,38.2,2408,390,-285,215
831,AOS,2020-03-18,0 days 15:59:00.550123,115894,38.24,38.22,2014,193,115,-285
832,AOS,2020-03-18,0 days 15:59:08.570734,118011,38.31,38.28,1700,508,-17026,1541
833,AOS,2020-03-18,0 days 15:59:09.575254,117837,38.31,38.3,3444,200,174,-17026
834,AOS,2020-03-18,0 days 15:59:16.589287,122769,38.37,38.33,3300,1060,-17344,1822
835,AOS,2020-03-18,0 days 15:59:17.592610,122313,38.37,38.33,3272,2849,456,-17344
836,AOS,2020-03-18,0 days 15:59:20.599498,122769,38.37,38.34,3752,1422,-17389,19639
837,AOS,2020-03-18,0 days 15:59:21.602912,122258,38.37,38.34,3587,2062,511,-17389
838,AOS,2020-03-18,0 days 15:59:33.631667,122869,38.42,38.37,219,300,-18665,19422
839,AOS,2020-03-18,0 days 15:59:41.650809,133452,38.44,38.38,2100,3287,-27921,1805
840,AOS,2020-03-18,0 days 15:59:52.680872,103647,38.47,38.46,842,551,16542,-11484
841,AOS,2020-03-18,0 days 15:59:56.687536,120189,38.48,38.42,5811,157,-11484,16542
842,AOS,2020-03-18,0 days 15:59:58.691741,132673,38.47,38.32,241,4926,879,-11484
843,APD,2020-03-18,0 days 15:55:00.974567,164941,200.97,200.51,401,340,16867,-36301
844,APD,2020-03-18,0 days 15:55:01.974198,162108,200.97,200.51,601,340,-2833,16867
845,APD,2020-03-18,0 days 15:55:04.981437,164941,200.95,200.51,522,540,1836,-2833
846,APD,2020-03-18,0 days 15:55:05.984200,162577,200.95,200.51,501,540,-2364,1836
847,APD,2020-03-18,0 days 15:56:41.212595,167999,199.53,198.98,90,90,2077,-2228
848,APD,2020-03-18,0 days 15:56:42.217755,166276,199.53,198.98,90,140,-1723,2077
849,APD,2020-03-18,0 days 15:56:53.241877,165671,200.2,199.67,90,121,605,-1723
850,APD,2020-03-18,0 days 15:56:54.244070,164176,200.2,199.71,190,90,-1495,605
851,APD,2020-03-18,0 days 15:59:02.555448,167126,200.21,200.0,238,101,2721,-3807
852,APD,2020-03-18,0 days 15:59:03.558068,164540,200.26,200.0,1744,103,-9422,2721
853,APD,2020-03-18,0 days 15:59:08.570740,174892,200.26,200.01,1880,4,2954,-1200
854,APD,2020-03-18,0 days 15:59:09.575283,173146,200.26,200.01,1780,4,-1846,2954
855,APD,2020-03-18,0 days 15:59:12.582014,175042,200.26,200.01,1781,3,6269,-147
856,APD,2020-03-18,0 days 15:59:34.634697,191698,200.9,200.74,634,549,-6837,23775
857,APD,2020-03-18,0 days 15:59:35.636315,190635,200.9,200.74,466,400,1063,-6837
858,APD,2020-03-18,0 days 15:59:37.641570,191698,200.9,200.75,400,200,-7337,9775
859,APD,2020-03-18,0 days 15:59:38.646124,190935,200.9,200.76,383,503,763,-7337
860,APD,2020-03-18,0 days 15:59:43.655562,183493,201.51,201.08,603,260,8405,-407
861,APD,2020-03-18,0 days 15:59:44.657758,191690,201.71,201.16,800,231,-7815,8405
862,APD,2020-03-18,0 days 15:59:45.660237,190905,201.71,201.16,700,280,785,-7815
863,APD,2020-03-18,0 days 15:59:48.667619,181108,202.13,201.79,800,678,-985,785
864,APD,2020-03-18,0 days 15:59:51.676446,172293,202.44,201.8,900,160,8815,-159
865,APD,2020-03-18,0 days 15:59:55.686110,181108,202.22,201.03,500,500,-59,8815
866,APD,2020-03-18,0 days 15:59:56.687577,180955,202.44,201.04,400,661,10943,-59
867,APH,2020-03-18,0 days 15:55:00.974452,221741,68.29,68.13,1100,100,-5456,31975
868,APH,2020-03-18,0 days 15:55:02.976756,221471,68.06,67.44,421,300,270,-15230
869,APH,2020-03-18,0 days 15:55:05.984168,221741,67.94,67.49,100,100,-1630,270
870,APH,2020-03-18,0 days 15:55:18.013039,214304,67.62,67.46,100,307,7437,-9637
871,APH,2020-03-18,0 days 15:55:19.015920,221741,67.57,67.46,300,14,-16237,7437
872,APH,2020-03-18,0 days 15:55:22.022783,214304,67.53,67.44,213,740,7437,-9537
873,APH,2020-03-18,0 days 15:55:24.027372,221741,67.6,67.45,100,300,-16237,737
874,APH,2020-03-18,0 days 15:55:31.044514,214304,67.59,67.45,210,484,7437,-9537
875,APH,2020-03-18,0 days 15:55:35.054425,221741,67.59,67.45,300,584,-16351,737
876,APH,2020-03-18,0 days 15:55:44.075394,214418,67.55,67.43,140,314,7323,-9651
877,APH,2020-03-18,0 days 15:55:49.087761,221741,67.51,67.39,318,79,-16251,723
878,APH,2020-03-18,0 days 15:56:10.137854,214418,67.59,67.47,200,106,7323,-9651
879,APH,2020-03-18,0 days 15:56:21.164766,221741,67.73,67.49,200,202,-16251,723
880,APH,2020-03-18,0 days 15:57:20.313341,232822,67.33,67.19,55,600,22802,-942
881,APH,2020-03-18,0 days 15:57:26.323040,231880,67.36,67.26,274,911,-36842,3639
882,APH,2020-03-18,0 days 15:57:46.370782,258040,67.09,66.95,643,320,-11282,4855
883,APH,2020-03-18,0 days 15:57:47.374335,255722,67.09,66.95,678,340,2318,-11282
884,APH,2020-03-18,0 days 15:58:08.427175,258299,67.1,67.01,25,80,8432,-15659
885,APH,2020-03-18,0 days 15:58:16.443668,266731,67.03,66.88,568,100,-10495,4019
886,APH,2020-03-18,0 days 15:58:17.446240,264026,67.03,66.84,485,200,2705,-10495
887,APH,2020-03-18,0 days 15:58:41.509454,266831,66.9,66.74,5,1020,-2195,3367
888,APH,2020-03-18,0 days 15:58:42.506497,264126,66.9,66.74,5,1120,2705,-2195
889,APH,2020-03-18,0 days 15:58:48.520802,266831,66.9,66.78,317,100,-2295,3267
890,APH,2020-03-18,0 days 15:58:49.525112,264126,66.9,66.78,351,100,2705,-2295
891,APH,2020-03-18,0 days 15:58:53.535373,266831,66.95,66.89,200,100,-2295,3267
892,APH,2020-03-18,0 days 15:58:54.535058,264126,66.98,66.89,804,100,2705,-2295
893,APH,2020-03-18,0 days 15:59:02.555373,261140,67.09,66.95,700,831,-2986,2705
894,APH,2020-03-18,0 days 15:59:11.578333,248536,67.28,67.1,100,831,18015,-3350
895,APH,2020-03-18,0 days 15:59:12.581963,245514,67.3,67.12,400,1509,-19722,18015
896,APH,2020-03-18,0 days 15:59:18.594647,251342,67.32,67.18,155,1086,19513,-3069
897,APH,2020-03-18,0 days 15:59:20.599388,245711,67.32,67.24,100,559,-23731,1213
898,APH,2020-03-18,0 days 15:59:30.626206,236311,68.1,68.0,300,591,1485,-18164
899,APH,2020-03-18,0 days 15:59:32.630019,237796,68.1,68.01,600,2062,-21164,185
900,APH,2020-03-18,0 days 15:59:37.641548,236211,68.1,68.06,3134,600,1585,-19864
901,APH,2020-03-18,0 days 15:59:41.650746,237796,68.12,68.1,20,100,-21264,85
902,APHA,2020-03-18,0 days 15:59:04.762441,6200,2.15,2.14,54636,5212,215,-90
903,APHA,2020-03-18,0 days 15:59:28.821414,6415,2.14,2.13,14810,5104,-77,215
904,APLE,2020-03-18,0 days 15:55:00.153198,154719,4.97,4.96,7547,10816,1550,-46549
905,APLE,2020-03-18,0 days 15:55:01.155346,152369,4.97,4.96,9164,10816,-2350,1550
906,APLE,2020-03-18,0 days 15:55:05.163601,154719,4.98,4.97,3090,7200,17905,-2350
907,APLE,2020-03-18,0 days 15:55:06.167073,154224,4.98,4.97,717,7500,-495,17905
908,APLE,2020-03-18,0 days 15:59:02.736313,249517,4.98,4.97,4729,1300,-7080,6020
909,APLE,2020-03-18,0 days 15:59:25.792596,258041,4.82,4.81,7945,5711,303,-3224
910,APLE,2020-03-18,0 days 15:59:48.847064,257144,4.82,4.81,6050,2880,-897,1703
911,APO,2020-03-18,0 days 15:55:31.345276,75796,30.61,30.58,700,790,-1615,1285
912,APO,2020-03-18,0 days 15:56:17.455594,77411,30.57,30.53,1000,276,6585,-2054
913,APO,2020-03-18,0 days 15:56:18.457773,76096,30.57,30.54,1400,6,-1315,6585
914,APO,2020-03-18,0 days 15:56:33.494810,77411,30.54,30.51,200,100,6385,-2054
915,APO,2020-03-18,0 days 15:56:34.497193,76096,30.54,30.51,200,92,-1315,6385
916,APO,2020-03-18,0 days 15:56:52.540252,77411,30.61,30.59,318,300,6385,-2054
917,APO,2020-03-18,0 days 15:56:53.542757,76360,30.61,30.6,600,492,-1051,6385
918,APO,2020-03-18,0 days 15:56:57.552004,77411,30.6,30.59,600,435,6449,-1990
919,APO,2020-03-18,0 days 15:56:58.555033,76360,30.55,30.52,192,17,-9490,6449
920,APO,2020-03-18,0 days 15:57:06.574472,76160,30.5,30.47,200,318,-1251,6449
921,APO,2020-03-18,0 days 15:57:30.633924,76246,30.47,30.46,3282,2312,-1195,6505
922,APO,2020-03-18,0 days 15:57:51.682396,76106,30.44,30.41,765,1473,-1335,6065
923,APO,2020-03-18,0 days 15:57:58.699440,76322,30.4,30.39,1000,739,-1119,6581
924,APO,2020-03-18,0 days 15:58:14.738600,77441,30.39,30.38,906,101,6442,-2297
925,APO,2020-03-18,0 days 15:58:15.741147,76183,30.39,30.38,806,180,-1258,6442
926,APO,2020-03-18,0 days 15:58:49.823438,77441,29.99,29.93,900,300,7658,-1307
927,APO,2020-03-18,0 days 15:58:50.824981,76399,29.98,29.92,507,411,-1042,7658
928,APO,2020-03-18,0 days 15:59:00.850472,77441,29.94,29.93,813,319,6458,-1781
929,APO,2020-03-18,0 days 15:59:02.854433,76599,29.94,29.93,16,2302,-842,6458
930,APTV,2020-03-18,0 days 15:55:07.301962,170160,31.31,31.24,500,720,1982,-340
931,APTV,2020-03-18,0 days 15:55:08.306386,170683,31.18,31.0,200,37,-1799,1982
932,APTV,2020-03-18,0 days 15:55:30.355116,173175,30.85,30.82,787,500,708,-392
933,APTV,2020-03-18,0 days 15:55:31.357890,172883,30.85,30.82,887,500,-292,708
934,APTV,2020-03-18,0 days 15:55:39.377012,170853,30.83,30.82,300,497,2030,-292
935,APTV,2020-03-18,0 days 15:55:40.378927,170583,30.82,30.78,503,4,-2592,2030
936,APTV,2020-03-18,0 days 15:55:59.424568,170683,30.84,30.79,101,300,-170,1130
937,APTV,2020-03-18,0 days 15:56:06.442300,171382,30.82,30.8,200,538,60,-199
938,APTV,2020-03-18,0 days 15:56:08.446016,171442,30.82,30.8,233,722,-2262,60
939,APTV,2020-03-18,0 days 15:56:11.452911,174567,30.85,30.8,1268,1135,775,-1725
940,APTV,2020-03-18,0 days 15:56:12.456506,174342,30.85,30.8,1172,1135,-225,775
941,APTV,2020-03-18,0 days 15:56:18.470211,172542,30.85,30.8,1774,190,-2025,1897
942,APTV,2020-03-18,0 days 15:56:21.480407,172245,30.85,30.78,2060,386,2197,-225
943,APTV,2020-03-18,0 days 15:56:42.528016,174573,30.74,30.56,926,108,1369,-231
944,APTV,2020-03-18,0 days 15:57:01.579090,181661,30.53,30.48,3107,104,-1412,910
945,APTV,2020-03-18,0 days 15:57:02.576213,180973,30.53,30.48,3107,104,688,-1412
946,APTV,2020-03-18,0 days 15:57:12.602750,181861,30.36,30.33,246,100,-1412,3210
947,APTV,2020-03-18,0 days 15:57:13.604197,181173,30.33,30.32,356,416,688,-1412
948,APTV,2020-03-18,0 days 15:57:21.623324,181373,30.29,30.17,4099,213,588,-2312
949,APTV,2020-03-18,0 days 15:57:27.641012,189797,30.24,30.14,280,258,-909,1611
950,APTV,2020-03-18,0 days 15:57:28.652991,188406,30.23,30.14,600,179,1391,-909
951,APTV,2020-03-18,0 days 15:57:33.650877,189897,30.06,30.01,300,300,-909,4011
952,APTV,2020-03-18,0 days 15:57:34.655086,188506,29.97,29.88,300,100,1991,-909
953,APTV,2020-03-18,0 days 15:57:38.664145,191582,29.79,29.73,906,100,-724,5596
954,APTV,2020-03-18,0 days 15:57:39.667276,190006,29.77,29.69,709,300,2576,-724
955,APTV,2020-03-18,0 days 15:57:54.703351,198382,29.49,29.42,214,506,-1124,5959
956,APTV,2020-03-18,0 days 15:57:55.705383,196206,29.5,29.42,529,510,2076,-1124
957,APTV,2020-03-18,0 days 15:59:08.882589,255977,29.56,29.45,102,500,-22399,4443
958,APTV,2020-03-18,0 days 15:59:15.900830,257785,29.48,29.45,229,2925,-15891,4612
959,APTV,2020-03-18,0 days 15:59:25.925765,256816,29.73,29.68,247,600,-16731,4932
960,APTV,2020-03-18,0 days 15:59:28.930054,256916,29.73,29.7,423,300,-16431,24132
961,APTV,2020-03-18,0 days 15:59:29.932622,229384,29.8,29.73,494,200,23732,-16431
962,APTV,2020-03-18,0 days 15:59:36.950495,253531,30.16,30.04,100,1100,-68776,4047
963,APTV,2020-03-18,0 days 15:59:42.964385,205013,30.12,30.1,200,1229,44827,-23876
964,APTV,2020-03-18,0 days 15:59:44.970125,253240,30.16,30.15,135,13425,-66996,2627
965,APTV,2020-03-18,0 days 15:59:46.974167,209442,30.31,30.24,200,10358,31862,-37061
966,AR,2020-03-18,0 days 15:55:00.974250,3025537,1.04,1.03,99258,64202,-124085,403923
967,AR,2020-03-18,0 days 15:59:50.674447,3291464,1.03,1.01,20248,37823,58487,-74778
968,ARI,2020-03-18,0 days 15:56:24.485021,219083,7.39,7.38,300,200,342,-9358
969,ARI,2020-03-18,0 days 15:58:05.730085,228391,7.43,7.42,6145,3500,-365,8635
970,ARI,2020-03-18,0 days 15:58:06.732589,225456,7.43,7.42,6145,3500,2935,-365
971,ARI,2020-03-18,0 days 15:58:07.738482,228391,7.42,7.39,1300,16,-32127,2935
972,ARI,2020-03-18,0 days 15:58:37.806361,231871,7.45,7.41,526,900,-32047,3232
973,ARI,2020-03-18,0 days 15:58:54.847634,199156,7.46,7.45,3478,232,42515,-1089
974,ARMK,2020-03-18,0 days 15:55:02.175715,143208,12.42,12.38,400,700,-25847,35870
975,ARMK,2020-03-18,0 days 15:55:03.178057,139655,12.42,12.38,470,800,3553,-25847
976,ARMK,2020-03-18,0 days 15:55:23.228398,143208,12.49,12.42,501,1600,-26947,5370
977,ARMK,2020-03-18,0 days 15:55:24.229623,140755,12.59,12.46,100,1500,2453,-26947
978,ARMK,2020-03-18,0 days 15:55:46.282475,143908,13.09,12.99,593,700,-26847,35470
979,ARMK,2020-03-18,0 days 15:55:47.284405,141355,13.08,12.99,200,1400,2553,-26847
980,ARMK,2020-03-18,0 days 15:55:58.311063,143908,13.07,13.04,400,1289,-26847,5470
981,ARMK,2020-03-18,0 days 15:55:59.312536,109038,13.06,13.05,500,100,34870,-26847
982,ARMK,2020-03-18,0 days 15:56:03.322065,143908,13.08,13.06,2300,1706,-27963,5454
983,ARMK,2020-03-18,0 days 15:56:04.325013,141471,13.08,13.06,2100,1806,2437,-27963
984,ARMK,2020-03-18,0 days 15:56:21.365067,142471,13.06,13.04,1355,815,2508,-27892
985,ARMK,2020-03-18,0 days 15:57:09.482189,144979,12.95,12.92,80,110,-39063,5525
986,ARMK,2020-03-18,0 days 15:57:10.487207,143442,12.94,12.92,583,210,1537,-39063
987,ARMK,2020-03-18,0 days 15:58:00.606369,198042,12.94,12.87,290,468,6937,-35063
988,ARMK,2020-03-18,0 days 15:58:24.664217,204979,13.0,12.97,1409,400,-25004,37090
989,ARMK,2020-03-18,0 days 15:58:25.666905,198083,13.0,12.97,1052,500,6896,-25004
990,ARMK,2020-03-18,0 days 15:58:36.693424,197783,13.01,12.97,1213,1226,7196,-25804
991,ARMK,2020-03-18,0 days 15:58:42.708322,204979,13.01,12.97,1913,680,-25804,10890
992,ARMK,2020-03-18,0 days 15:58:43.710134,197783,13.01,12.98,2213,200,7196,-25804
993,ARMK,2020-03-18,0 days 15:59:41.853438,211306,12.98,12.96,600,400,-52666,6108
994,ARMK,2020-03-18,0 days 15:59:42.854515,208072,12.98,12.96,700,300,3234,-52666
995,ARMK,2020-03-18,0 days 15:59:48.868662,202272,13.0,12.88,902,1100,9034,-2478
996,ARMK,2020-03-18,0 days 16:00:00.895330,150298,12.94,12.92,5514,2400,61408,-21866
997,ARNC,2020-03-18,0 days 15:55:00.121642,334091,15.38,15.37,500,600,-30764,89403
998,ARNC,2020-03-18,0 days 15:59:30.763778,349817,15.56,15.55,3604,4623,-217,183
999,ARNC,2020-03-18,0 days 15:59:41.790526,350017,15.58,15.57,1484,1232,-417,183
1000,ARNC,2020-03-18,0 days 15:59:48.804894,347534,15.61,15.6,1376,3372,2683,-817
1001,ATH,2020-03-18,0 days 15:50:28.473592,106126,15.77,15.74,1594,26,10920,-11309
1002,ATH,2020-03-18,0 days 15:51:09.574497,117046,15.76,15.72,200,700,-11309,10920
1003,ATH,2020-03-18,0 days 15:51:14.583303,106126,15.85,15.8,300,332,10920,-11309
1004,ATH,2020-03-18,0 days 15:51:20.596853,116543,15.87,15.82,300,811,-11812,10920
1005,ATH,2020-03-18,0 days 15:53:00.836729,106126,15.82,15.81,3000,601,10920,-11309
1006,ATH,2020-03-18,0 days 15:54:16.015509,115580,16.18,15.98,500,556,-14608,9454
1007,ATH,2020-03-18,0 days 15:54:19.022609,106126,16.22,16.03,500,328,9454,-14608
1008,ATH,2020-03-18,0 days 15:54:30.048664,107841,16.18,16.12,600,600,-23547,1715
1009,ATH,2020-03-18,0 days 15:56:02.272096,118407,16.27,16.21,300,183,-37390,56877
1010,ATH,2020-03-18,0 days 15:57:06.426020,121211,16.33,16.31,4167,40,-47923,4631
1011,ATH,2020-03-18,0 days 15:57:08.430239,116580,16.46,16.35,100,900,48031,-4323
1012,ATH,2020-03-18,0 days 15:59:11.725858,131657,16.56,16.55,2264,960,8928,-472
1013,ATH,2020-03-18,0 days 15:59:24.747451,141943,16.56,16.55,3194,202,-2153,2384
1014,ATH,2020-03-18,0 days 15:59:25.749419,136596,16.56,16.55,3119,202,5347,-2153
1015,ATI,2020-03-18,0 days 15:57:18.603474,179956,7.07,7.06,325,802,-3177,49785
1016,ATI,2020-03-18,0 days 15:57:19.606580,172803,7.06,7.05,200,820,7353,-3177
1017,ATUS,2020-03-18,0 days 15:55:00.270352,2130751,17.36,17.34,1100,325,5815,-41948
1018,ATUS,2020-03-18,0 days 15:58:17.745772,2212875,17.49,17.46,690,1000,-836,3514
1019,ATUS,2020-03-18,0 days 15:58:18.748134,2196961,17.47,17.44,905,100,15914,-836
1020,ATUS,2020-03-18,0 days 15:59:03.857582,2216975,17.49,17.47,600,1000,-83416,16784
1021,ATUS,2020-03-18,0 days 15:59:04.860544,2207491,17.48,17.46,700,421,9484,-83416
1022,ATUS,2020-03-18,0 days 15:59:13.883722,2218127,17.54,17.5,200,1720,-7088,4182
1023,ATUS,2020-03-18,0 days 15:59:14.886093,2216615,17.54,17.5,200,1000,1512,-7088
1024,ATUS,2020-03-18,0 days 15:59:26.910594,2209015,17.66,17.6,700,800,6512,-788
1025,AU,2020-03-18,0 days 15:55:00.974567,48269,15.01,15.0,12350,10765,-21041,14521
1026,AU,2020-03-18,0 days 15:55:01.974198,47010,15.01,15.0,13087,10765,1259,-21041
1027,AU,2020-03-18,0 days 15:55:51.092514,48269,15.01,15.0,29664,12624,-581,359
1028,AU,2020-03-18,0 days 15:59:00.550123,48772,15.09,15.08,4431,1010,97,-503
1029,AU,2020-03-18,0 days 15:59:56.687536,49532,15.02,15.0,1200,1218,-6930,389
1030,AU,2020-03-18,0 days 15:59:57.690270,49143,15.01,15.0,100,704,489,-6930
1031,AUY,2020-03-18,0 days 15:57:40.558632,116146,2.99,2.98,73574,12029,-5628,2072
1032,AUY,2020-03-18,0 days 15:58:13.639009,113381,2.98,2.97,105929,50139,-2815,3785
1033,AUY,2020-03-18,0 days 15:58:31.682091,112181,2.96,2.95,50788,105010,-4015,3085
1034,AVTR,2020-03-18,0 days 15:55:41.303718,64882,8.17,8.14,203,1300,-24945,5018
1035,AVTR,2020-03-18,0 days 15:55:42.305161,64727,8.17,8.14,603,900,155,-24945
1036,AVTR,2020-03-18,0 days 15:56:12.377949,35692,8.25,8.24,1259,1600,30012,-351
1037,AVTR,2020-03-18,0 days 15:56:31.422986,65755,8.21,8.18,3090,300,366,-26434
1038,AVTR,2020-03-18,0 days 15:56:50.469386,68221,8.3,8.17,400,387,-234,366
1039,AVTR,2020-03-18,0 days 15:56:51.472750,67955,8.3,8.17,1619,787,266,-234
1040,AVTR,2020-03-18,0 days 15:57:00.494202,68221,8.28,8.17,2506,1290,-1074,246
1041,AVTR,2020-03-18,0 days 15:57:01.497298,68095,8.22,8.17,600,1190,126,-1074
1042,AVTR,2020-03-18,0 days 15:58:05.652386,68343,8.17,8.16,7160,712,-19349,3251
1043,AVTR,2020-03-18,0 days 15:58:06.652510,65092,8.17,8.16,6610,712,3151,-19349
1044,AVTR,2020-03-18,0 days 15:58:16.675033,73689,8.17,8.16,8687,1004,-10789,3697
1045,AVTR,2020-03-18,0 days 15:58:17.680909,71378,8.17,8.16,8321,865,2211,-10789
1046,AVTR,2020-03-18,0 days 15:59:02.787506,73589,8.2,8.17,1158,1000,-19414,1811
1047,AVTR,2020-03-18,0 days 15:59:03.790361,72803,8.2,8.17,535,600,786,-19414
1048,AVTR,2020-03-18,0 days 15:59:06.797647,73589,8.24,8.18,3000,1396,-396,286
1049,AVTR,2020-03-18,0 days 15:59:07.801996,53160,8.3,8.26,4,1142,20429,-396
1050,AVTR,2020-03-18,0 days 15:59:15.820296,71089,8.33,8.26,8493,2673,-38248,1893
1051,AVTR,2020-03-18,0 days 15:59:41.881976,74626,8.33,8.27,100,1087,-1134,1366
1052,AVTR,2020-03-18,0 days 15:59:49.901776,54060,8.28,8.27,798,700,20566,-13911
1053,AVX,2020-03-18,0 days 15:57:28.653103,101542,21.51,21.44,113,200,-6326,4906
1054,AVX,2020-03-18,0 days 15:57:29.647831,97668,21.51,21.44,113,400,3874,-6326
1055,AVX,2020-03-18,0 days 15:58:27.782631,107158,21.48,21.46,322,639,-658,4958
1056,AVX,2020-03-18,0 days 15:58:28.786061,102816,21.48,21.46,322,639,4342,-658
1057,AVX,2020-03-18,0 days 15:58:31.795652,101542,21.54,21.5,900,200,-1274,4342
1058,AVX,2020-03-18,0 days 15:58:32.794963,97716,21.54,21.5,500,300,3826,-1274
1059,AVYA,2020-03-18,0 days 15:57:32.570533,207244,7.65,7.58,400,1400,-341,259
1060,AVYA,2020-03-18,0 days 15:57:49.611414,204444,7.71,7.65,200,1357,-28740,23059
1061,AWK,2020-03-18,0 days 15:55:37.241579,331793,130.0,129.89,1277,100,790,-3887
1062,AWK,2020-03-18,0 days 15:55:38.244917,327983,129.9,129.89,595,267,-3810,790
1063,AWK,2020-03-18,0 days 15:55:50.272606,327983,129.82,129.81,55,301,-3810,490
1064,AWK,2020-03-18,0 days 15:56:37.383200,336784,130.0,129.84,1492,1783,26399,-4501
1065,AWK,2020-03-18,0 days 15:56:38.384798,335283,130.0,129.84,1492,1983,-1501,26399
1066,AWK,2020-03-18,0 days 15:57:21.490483,336447,130.25,130.05,301,200,5391,-1946
1067,AWK,2020-03-18,0 days 15:57:22.492129,335138,130.24,130.05,50,302,-1309,5391
1068,AWK,2020-03-18,0 days 15:57:26.504030,336489,129.86,129.84,100,225,3069,-6131
1069,AWK,2020-03-18,0 days 15:57:27.503614,335158,129.85,129.81,50,200,-6131,3069
1070,AWK,2020-03-18,0 days 15:57:59.582883,341289,127.77,127.73,900,197,642,-358
1071,AWK,2020-03-18,0 days 15:58:00.584618,338531,127.83,127.73,296,197,-2758,642
1072,AWK,2020-03-18,0 days 15:58:06.599936,341289,127.88,127.74,307,990,324,-676
1073,AWK,2020-03-18,0 days 15:58:07.601835,339893,128.85,127.9,200,20,-1396,324
1074,AWK,2020-03-18,0 days 15:58:16.623368,341289,129.04,127.9,405,20,62,-1903
1075,AWK,2020-03-18,0 days 15:58:19.632578,339751,128.83,127.9,777,20,-1538,62
1076,AWK,2020-03-18,0 days 15:58:24.642365,341289,128.18,127.94,442,155,614,-426
1077,AWK,2020-03-18,0 days 15:58:25.645126,340923,128.0,127.8,361,43,-366,614
1078,AWK,2020-03-18,0 days 15:58:26.647582,341289,127.83,127.73,383,100,654,-366
1079,AWK,2020-03-18,0 days 15:58:27.650160,339143,127.83,127.67,217,200,-2146,654
1080,AWK,2020-03-18,0 days 15:58:36.671869,336489,127.7,127.55,6,368,3774,-1126
1081,AWK,2020-03-18,0 days 15:58:37.673490,335763,127.7,127.55,6,405,-726,3774
1082,AWK,2020-03-18,0 days 15:59:01.732812,336589,128.51,127.9,359,293,2924,-1956
1083,AWK,2020-03-18,0 days 15:59:02.736313,336013,128.25,128.0,191,810,-576,2924
1084,AWK,2020-03-18,0 days 15:59:04.739799,341489,128.26,128.1,11,552,16413,-4496
1085,AWK,2020-03-18,0 days 15:59:25.792625,331456,131.27,130.89,90,234,-5160,1820
1086,AWK,2020-03-18,0 days 15:59:34.814741,336056,130.9,130.89,104,900,-560,12940
1087,AWK,2020-03-18,0 days 15:59:36.817502,349228,130.82,129.95,1246,200,5900,-560
1088,AWK,2020-03-18,0 days 15:59:38.822891,349128,130.82,130.0,1647,100,-100,800
1089,AWK,2020-03-18,0 days 15:59:42.834156,349128,130.15,130.0,91,206,153,-100
1090,AWK,2020-03-18,0 days 15:59:43.834542,349081,130.49,130.0,987,206,-47,153
1091,AWK,2020-03-18,0 days 15:59:48.847064,349081,130.49,130.02,1017,529,-47,253
1092,AWK,2020-03-18,0 days 15:59:52.856394,348828,130.4,130.0,1248,106,2873,-400
1093,AWK,2020-03-18,0 days 15:59:54.862096,348981,130.32,130.0,1481,962,-247,2873
1094,AWK,2020-03-18,0 days 15:59:56.863323,348428,130.13,129.7,626,510,3413,-147
1095,AWK,2020-03-18,0 days 15:59:57.866430,349001,130.13,129.7,430,600,-127,3413
1096,AWK,2020-03-18,0 days 15:59:58.867902,348428,130.13,129.84,395,600,3293,-127
1097,AXP,2020-03-18,0 days 15:53:39.958042,834285,74.35,74.2,50,100,-46097,26370
1098,AXP,2020-03-18,0 days 15:53:50.984706,816785,74.38,74.31,201,200,-63797,23597
1099,AXP,2020-03-18,0 days 15:54:06.020567,828188,74.39,74.32,600,200,6097,-99097
1100,AXP,2020-03-18,0 days 15:54:07.023099,851785,74.28,74.2,328,300,-28297,6097
1101,AXP,2020-03-18,0 days 15:54:15.041945,879882,74.25,74.2,400,100,6903,-10697
1102,AXP,2020-03-18,0 days 15:54:19.052181,799285,74.36,74.32,200,300,-81397,41097
1103,AXP,2020-03-18,0 days 15:54:57.143681,828188,74.29,74.24,200,278,41097,-28397
1104,AXP,2020-03-18,0 days 15:54:59.148668,869285,74.29,74.22,300,200,-10797,41097
1105,AXP,2020-03-18,0 days 15:55:01.155312,886955,74.34,74.3,195,200,38475,-3319
1106,AXP,2020-03-18,0 days 15:55:03.159976,822430,74.49,74.39,200,303,-124719,22975
1107,AXP,2020-03-18,0 days 15:55:21.202751,888777,74.84,74.77,502,371,15773,-46321
1108,AXP,2020-03-18,0 days 15:55:22.205799,878150,74.84,74.8,95,21,-73221,15773
1109,AXP,2020-03-18,0 days 15:55:39.246782,888777,74.9,74.89,703,600,15073,-48121
1110,AXP,2020-03-18,0 days 15:55:40.249527,878150,74.91,74.89,500,820,-73521,15073
1111,AXP,2020-03-18,0 days 15:55:46.264086,878150,74.92,74.9,472,290,-10627,14973
1112,AXP,2020-03-18,0 days 15:55:48.268237,888777,74.99,74.92,120,400,14973,-73721
1113,AXP,2020-03-18,0 days 15:55:49.270399,878150,74.98,74.92,309,200,-74021,14973
1114,AXP,2020-03-18,0 days 15:56:08.313248,888812,75.0,74.96,517,306,14838,-54129
1115,AXP,2020-03-18,0 days 15:56:09.314856,874622,75.06,74.99,600,300,-79629,14838
1116,AXP,2020-03-18,0 days 15:56:13.324819,878301,74.79,74.75,104,2,-74105,15789
1117,AXP,2020-03-18,0 days 15:56:16.331635,888812,74.76,74.73,20,215,16389,-46905
1118,AXP,2020-03-18,0 days 15:56:17.334438,878301,74.79,74.76,100,300,-74005,16389
1119,AXP,2020-03-18,0 days 15:56:21.345431,888812,74.44,74.42,100,200,61769,-16525
1120,AXP,2020-03-18,0 days 15:56:22.346501,882581,74.48,74.34,200,200,-66425,61769
1121,AXP,2020-03-18,0 days 15:56:28.360525,949006,74.48,74.37,1907,400,2175,-15425
1122,AXP,2020-03-18,0 days 15:56:29.363127,937081,74.48,74.37,1907,400,-11925,2175
1123,AXP,2020-03-18,0 days 15:56:33.373884,944681,74.31,74.24,602,390,-3525,76375
1124,AXP,2020-03-18,0 days 15:56:36.380220,947806,74.24,74.19,260,310,31875,-3425
1125,AXP,2020-03-18,0 days 15:56:39.387824,947606,74.24,74.15,3163,300,17431,-325
1126,AXP,2020-03-18,0 days 15:57:01.441227,964350,73.94,73.84,1001,100,1718,-51132
1127,AXP,2020-03-18,0 days 15:57:03.446077,947651,74.29,74.11,1235,300,-18049,1918
1128,AXP,2020-03-18,0 days 15:57:04.448317,949700,74.29,74.12,200,740,17607,-18049
1129,AXP,2020-03-18,0 days 15:57:05.451275,947651,74.28,74.13,200,100,-16349,17607
1130,AXP,2020-03-18,0 days 15:57:08.458962,949700,74.28,74.13,1000,1300,17607,-249
1131,AXP,2020-03-18,0 days 15:57:12.467655,947751,74.23,74.15,200,300,-16291,2326
1132,AXP,2020-03-18,0 days 15:57:13.470283,949642,74.22,74.13,100,500,18426,-16291
1133,AXP,2020-03-18,0 days 15:57:21.490472,963712,74.07,73.83,23,52,2456,-51274
1134,AXP,2020-03-18,0 days 15:57:28.507634,980105,73.58,73.37,1700,2,-45516,9786
1135,AXP,2020-03-18,0 days 15:57:29.509890,977021,73.57,73.37,14,2,3084,-45516
1136,AXP,2020-03-18,0 days 15:57:31.514414,980105,73.53,73.4,3,200,-47916,59378
1137,AXP,2020-03-18,0 days 15:57:32.516091,977021,73.52,73.4,39,300,3084,-47916
1138,AXP,2020-03-18,0 days 15:57:41.539506,997321,73.15,73.11,12,50,7203,-39297
1139,AXP,2020-03-18,0 days 15:58:11.614841,1025623,72.86,72.8,600,440,-43398,65596
1140,AXP,2020-03-18,0 days 15:58:12.614252,1018221,72.88,72.83,300,300,7202,-43398
1141,AXP,2020-03-18,0 days 15:58:23.640072,1027286,72.75,72.67,400,300,-43835,12779
1142,AXP,2020-03-18,0 days 15:58:24.642333,1019721,72.73,72.68,583,200,7765,-43835
1143,AXP,2020-03-18,0 days 15:58:31.660341,1027906,72.65,72.61,200,210,-43115,64179
1144,AXP,2020-03-18,0 days 15:58:32.662682,1020321,72.67,72.62,30,220,7465,-43115
1145,AXP,2020-03-18,0 days 15:58:34.666468,1031015,72.44,72.28,100,200,-41464,65224
1146,AXP,2020-03-18,0 days 15:58:35.669236,1023088,72.44,72.28,301,2250,7927,-41464
1147,AXP,2020-03-18,0 days 15:58:41.684305,1031015,72.43,72.42,399,251,-43073,64224
1148,AXP,2020-03-18,0 days 15:58:42.686012,1023079,72.41,72.36,300,102,7936,-43073
1149,AXP,2020-03-18,0 days 15:58:50.705021,1030206,72.58,72.48,44,117,-43715,12279
1150,AXP,2020-03-18,0 days 15:58:51.707080,1022321,72.58,72.49,44,317,7885,-43715
1151,AXP,2020-03-18,0 days 15:59:00.729960,1028866,72.84,72.72,1301,718,-43455,12959
1152,AXP,2020-03-18,0 days 15:59:01.732744,1022821,72.72,72.65,802,500,6365,-43455
1153,AXP,2020-03-18,0 days 15:59:06.745896,1042029,72.98,72.8,401,400,3761,-25896
1154,AXP,2020-03-18,0 days 15:59:11.757654,1048027,73.0,72.92,1078,830,-530,270
1155,AXP,2020-03-18,0 days 15:59:13.762624,986974,73.17,73.0,120,628,61053,-642
1156,AXP,2020-03-18,0 days 15:59:15.767107,1045827,73.17,73.02,301,828,-39842,24753
1157,AXP,2020-03-18,0 days 15:59:16.768775,976859,73.17,73.11,1232,532,68868,-39842
1158,AXP,2020-03-18,0 days 15:59:17.770800,1042327,73.23,73.14,201,2249,-43327,68868
1159,AXP,2020-03-18,0 days 15:59:18.774077,1050554,73.23,73.16,1092,553,7545,-43327
1160,AXP,2020-03-18,0 days 15:59:23.785962,1058099,73.23,73.16,1538,1116,-30055,33840
1161,AXP,2020-03-18,0 days 15:59:24.788862,1050754,73.33,73.24,400,316,9253,-30055
1162,AXTA,2020-03-18,0 days 15:55:05.294655,99942,13.99,13.98,400,1233,-3643,2112
1163,AXTA,2020-03-18,0 days 15:55:06.300485,98685,13.99,13.98,258,1588,1257,-3643
1164,AXTA,2020-03-18,0 days 15:55:17.327058,99942,13.98,13.95,600,448,-8239,1257
1165,AXTA,2020-03-18,0 days 15:55:18.332680,99181,13.94,13.9,727,400,761,-8239
1166,AXTA,2020-03-18,0 days 15:55:37.371742,99942,14.01,13.96,300,400,-8539,1057
1167,AXTA,2020-03-18,0 days 15:55:45.390679,99942,14.12,14.05,300,507,-10539,2957
1168,AXTA,2020-03-18,0 days 15:56:26.489093,99942,14.12,14.1,300,838,-11544,8352
1169,AXTA,2020-03-18,0 days 15:57:02.576267,126496,14.14,14.13,580,988,-1193,9907
1170,AXTA,2020-03-18,0 days 15:57:20.620285,130359,14.14,14.13,615,100,8637,-1389
1171,AXTA,2020-03-18,0 days 15:57:21.623387,128896,14.14,14.13,1115,100,-1463,8637
1172,AXTA,2020-03-18,0 days 15:58:00.716788,132096,14.18,14.17,5838,1600,-1644,37256
1173,AXTA,2020-03-18,0 days 15:58:51.842289,132438,14.21,14.2,5977,2188,-1702,40898
1174,AXTA,2020-03-18,0 days 15:59:09.884622,127623,14.21,14.2,8274,1466,-687,6013
1175,AXTA,2020-03-18,0 days 15:59:12.897948,133702,14.21,14.2,6579,1818,3883,-687
1176,AXTA,2020-03-18,0 days 15:59:13.896845,132985,14.21,14.2,6445,1804,-717,3883
1177,AXTA,2020-03-18,0 days 15:59:30.936783,134072,14.21,14.2,3108,1292,14218,-682
1178,AXTA,2020-03-18,0 days 15:59:31.938768,133390,14.21,14.2,2908,1232,-682,14218
1179,AYR,2020-03-18,0 days 15:56:31.373576,50483,28.1,28.09,1505,155,315,-7892
1180,AYX,2020-03-18,0 days 15:57:21.472645,31975,86.76,86.18,200,1,93,-785
1181,AYX,2020-03-18,0 days 15:57:22.465309,31268,86.76,86.18,200,1,-753,93
1182,AYX,2020-03-18,0 days 15:58:08.575909,32699,86.74,86.29,16,200,34,-1112
1183,AYX,2020-03-18,0 days 15:58:09.575394,31733,86.74,86.29,16,200,-966,34
1184,AYX,2020-03-18,0 days 15:58:30.626600,32021,86.17,85.94,227,1,86,-114
1185,AYX,2020-03-18,0 days 15:58:31.631145,30807,86.17,85.95,216,100,-1214,86
1186,AZN,2020-03-18,0 days 15:55:00.287312,61005,39.44,39.41,106,500,3897,-22550
1187,AZN,2020-03-18,0 days 15:55:01.283260,52202,39.44,39.41,506,300,-8803,3897
1188,AZN,2020-03-18,0 days 15:56:34.508841,80086,39.49,39.47,200,302,2316,-2984
1189,AZN,2020-03-18,0 days 15:56:35.511127,75702,39.49,39.47,60,1091,-4384,2316
1190,AZN,2020-03-18,0 days 15:56:49.553397,80086,39.46,39.45,400,200,2316,-10384
1191,AZN,2020-03-18,0 days 15:56:50.552838,76102,39.48,39.46,500,500,-3984,2316
1192,AZN,2020-03-18,0 days 15:57:46.683041,76921,39.14,39.1,906,500,109,-91
1193,AZN,2020-03-18,0 days 15:57:49.690825,73730,39.14,39.11,1100,500,-3191,309
1194,AZN,2020-03-18,0 days 15:57:59.714263,76921,39.11,39.08,218,600,6309,-2791
1195,AZN,2020-03-18,0 days 15:58:00.716731,69530,39.13,39.1,721,600,-7391,6309
1196,AZN,2020-03-18,0 days 15:59:17.902856,71040,39.3,39.22,300,400,-1645,1255
1197,AZUL,2020-03-18,0 days 15:50:03.356300,4102,5.97,5.96,163,2499,474,-1601
1198,AZUL,2020-03-18,0 days 15:50:04.365075,4576,5.98,5.97,100,463,-1601,474
1199,AZUL,2020-03-18,0 days 15:50:21.397815,4576,6.01,5.98,300,4000,-1601,474
1200,AZUL,2020-03-18,0 days 15:50:23.403453,4102,6.0,5.98,300,1966,474,-1601
1201,AZUL,2020-03-18,0 days 15:50:36.433658,4576,6.01,5.98,400,7439,-1601,474
1202,AZUL,2020-03-18,0 days 15:50:43.452333,4102,6.01,5.98,486,5890,474,-1601
1203,AZUL,2020-03-18,0 days 15:52:02.639259,4576,5.99,5.98,100,3900,-1601,474
1204,AZUL,2020-03-18,0 days 15:52:46.744317,4576,5.88,5.85,264,200,-1601,474
1205,AZUL,2020-03-18,0 days 15:54:49.036741,4576,5.98,5.92,400,7200,-901,474
1206,AZUL,2020-03-18,0 days 15:54:54.049631,4102,5.96,5.92,300,2800,474,-901
1207,AZUL,2020-03-18,0 days 15:55:37.155094,4676,6.17,6.11,185,900,-1501,574
1208,AZUL,2020-03-18,0 days 15:56:12.238489,6177,6.13,6.11,27,1315,330,-172
1209,AZUL,2020-03-18,0 days 15:56:13.241039,6007,6.13,6.11,27,1315,-170,330
1210,AZUL,2020-03-18,0 days 15:57:09.374846,4102,6.31,6.25,164,500,3005,-240
1211,AZUL,2020-03-18,0 days 15:57:37.444519,4905,6.35,6.25,141,1108,-3542,205
1212,AZUL,2020-03-18,0 days 15:58:09.520745,4905,6.41,6.35,1732,200,-3142,103
1213,AZUL,2020-03-18,0 days 15:59:06.665890,4905,6.32,6.27,303,300,-3152,803
1214,AZUL,2020-03-18,0 days 15:59:24.702155,4202,6.26,6.25,1170,523,3615,-142
1215,AZUL,2020-03-18,0 days 15:59:37.733274,6106,6.25,6.18,1567,2600,-1351,1904
1216,BA,2020-03-18,0 days 15:50:05.562722,456426,101.7,101.59,300,30,-29302,23219
1217,BA,2020-03-18,0 days 15:50:18.594262,434307,101.82,101.81,185,460,22119,-30402
1218,BA,2020-03-18,0 days 15:50:29.621116,434607,101.97,101.86,317,358,21819,-30702
1219,BA,2020-03-18,0 days 15:50:31.625603,456426,102.0,101.91,15847,42,-30902,21819
1220,BA,2020-03-18,0 days 15:50:36.637519,434207,101.81,101.77,100,505,22219,-30102
1221,BA,2020-03-18,0 days 15:50:38.642276,456426,101.88,101.82,118,7,-30302,21919
1222,BA,2020-03-18,0 days 15:50:43.655077,435407,102.08,102.0,30,100,21019,-30602
1223,BA,2020-03-18,0 days 15:50:44.657186,454465,102.38,102.22,25,100,-34663,21019
1224,BA,2020-03-18,0 days 15:50:47.664640,437107,102.4,102.32,445,264,17358,-34663
1225,BA,2020-03-18,0 days 15:50:48.666905,454465,102.35,102.27,10,478,-35063,17358
1226,BA,2020-03-18,0 days 15:50:57.687686,454465,102.63,102.51,200,200,-36763,15358
1227,BA,2020-03-18,0 days 15:51:02.699604,438407,102.63,102.52,100,300,16058,-37663
1228,BA,2020-03-18,0 days 15:51:03.702068,454465,102.66,102.53,100,400,-36363,16058
1229,BA,2020-03-18,0 days 15:51:06.711103,454465,102.69,102.55,200,100,-36763,15858
1230,BA,2020-03-18,0 days 15:51:13.727530,439007,102.62,102.61,700,457,15458,-37263
1231,BA,2020-03-18,0 days 15:51:15.731187,454465,102.68,102.61,186,557,-37063,15458
1232,BA,2020-03-18,0 days 15:51:16.733624,439007,102.64,102.61,6,259,15458,-37063
1233,BA,2020-03-18,0 days 15:51:17.735315,454465,102.62,102.61,40,465,-36863,15458
1234,BA,2020-03-18,0 days 15:51:21.745207,438607,102.64,102.56,250,168,15858,-36563
1235,BA,2020-03-18,0 days 15:53:00.983127,454465,102.81,102.73,200,400,-37463,14758
1236,BA,2020-03-18,0 days 15:53:01.984865,439707,102.74,102.73,201,200,14758,-37463
1237,BA,2020-03-18,0 days 15:53:02.988912,454465,102.78,102.73,205,200,-37763,14758
1238,BA,2020-03-18,0 days 15:53:03.989055,439707,102.78,102.73,286,300,14758,-37763
1239,BA,2020-03-18,0 days 15:53:04.992116,454465,102.81,102.78,380,300,-37763,14758
1240,BA,2020-03-18,0 days 15:53:07.999309,439707,102.8,102.73,789,297,14758,-37763
1241,BA,2020-03-18,0 days 15:53:09.001596,454465,102.8,102.73,689,624,-37663,14758
