,Symbol,Timestamp,TIME,iPaired,Ask_P,Bid_P,Ask_S,Bid_S,iShares,PreviShares
0,AA,2020-06-18,0 days 15:58:01.703202,256548,11.65,11.64,35024,10731,1206,-1094
1,AA,2020-06-18,0 days 15:58:23.757191,252048,11.66,11.65,21288,6576,3074,-5073
2,AA,2020-06-18,0 days 15:58:37.790465,246975,11.66,11.65,12999,11735,-1609,3074
3,AA,2020-06-18,0 days 15:58:49.819614,248584,11.66,11.65,13523,12949,19211,-1609
4,ABBV,2020-06-18,0 days 15:58:38.074220,420523,96.17,96.16,1414,1769,-3762,2138
5,ABBV,2020-06-18,0 days 15:58:49.101970,421323,96.14,96.13,800,200,-209,1200
6,ABBV,2020-06-18,0 days 15:59:05.141272,421669,96.12,96.1,1100,300,-506,898
7,ABBV,2020-06-18,0 days 15:59:06.142445,421575,96.12,96.09,1453,800,94,-506
8,ABBV,2020-06-18,0 days 15:59:39.218985,573216,96.21,96.2,200,205,-815,3407
9,ABBV,2020-06-18,0 days 15:59:46.236734,573216,96.22,96.21,324,400,-5211,1991
10,ABBV,2020-06-18,0 days 15:59:47.238539,571325,96.22,96.21,535,400,1891,-5211
11,ABEV,2020-06-18,0 days 15:55:00.063769,50009,2.58,2.57,219900,697812,-33575,5466
12,ABEV,2020-06-18,0 days 15:58:31.568083,47284,2.6,2.59,1220186,60994,2740,-14560
13,ABT,2020-06-18,0 days 15:55:00.063647,416732,90.52,90.51,300,100,-118226,128764
14,ABT,2020-06-18,0 days 15:57:34.429380,539119,90.46,90.45,300,400,3985,-1395
15,ABT,2020-06-18,0 days 15:57:35.432983,529904,90.47,90.46,600,700,-9215,3985
16,ABT,2020-06-18,0 days 15:57:48.462965,539119,90.46,90.45,200,301,2484,-8116
17,ABT,2020-06-18,0 days 15:57:49.465259,530903,90.47,90.45,627,401,-8096,2484
18,ABT,2020-06-18,0 days 15:58:06.509259,531784,90.41,90.4,960,700,-6644,2256
19,ABT,2020-06-18,0 days 15:58:27.557925,538710,90.38,90.36,800,402,374,-4926
20,ABT,2020-06-18,0 days 15:58:45.601426,541393,90.34,90.32,810,309,-3017,4998
21,ABT,2020-06-18,0 days 15:59:08.658249,547658,90.39,90.38,300,710,58975,-4407
22,ABT,2020-06-18,0 days 15:59:26.700112,599056,90.49,90.46,700,1700,-10201,1717
23,ABT,2020-06-18,0 days 15:59:27.702833,598257,90.47,90.45,400,300,2273,-10201
24,ABT,2020-06-18,0 days 15:59:44.744141,641180,90.34,90.31,200,100,1668,-6195
25,ABT,2020-06-18,0 days 15:59:45.746576,642848,90.34,90.31,763,710,-8759,1668
26,ABT,2020-06-18,0 days 15:59:49.755796,620951,90.37,90.34,1013,1759,486,-814
27,ABT,2020-06-18,0 days 15:59:50.759127,621437,90.36,90.34,200,1445,-3164,486
28,ABT,2020-06-18,0 days 15:59:51.761323,626273,90.36,90.31,500,717,13375,-3164
29,ABT,2020-06-18,0 days 15:59:58.775347,625299,90.28,90.25,200,300,32300,-10236
30,ACB,2020-06-18,0 days 15:56:08.271204,17418,13.04,13.01,700,1100,-109,120
31,ACB,2020-06-18,0 days 15:56:09.273225,17127,13.04,13.01,800,976,291,-109
32,ACB,2020-06-18,0 days 15:58:57.678997,18553,13.04,13.02,239,1990,-1177,647
33,ACB,2020-06-18,0 days 15:58:58.681460,18130,13.04,13.02,1327,1000,423,-1177
34,ACB,2020-06-18,0 days 15:59:37.777627,19593,13.02,13.01,2084,775,-5537,463
35,ACB,2020-06-18,0 days 15:59:38.779977,19330,13.02,13.01,2084,775,263,-5537
36,ADM,2020-06-18,0 days 15:57:42.505864,199576,40.54,40.53,375,5275,53,-828
37,ADM,2020-06-18,0 days 15:57:43.508692,196829,40.55,40.54,2340,934,-2747,53
38,ADM,2020-06-18,0 days 15:58:41.649175,200722,40.53,40.52,1000,4281,-754,1046
39,ADM,2020-06-18,0 days 15:58:45.659592,198228,40.53,40.52,2200,4681,2494,-754
40,ADM,2020-06-18,0 days 15:58:46.661261,196022,40.53,40.52,1100,6261,-306,2494
41,ADM,2020-06-18,0 days 15:59:05.708117,198528,40.55,40.54,300,1872,699,-186
42,ADM,2020-06-18,0 days 15:59:06.710500,194927,40.56,40.54,2272,2002,-3301,699
43,ADM,2020-06-18,0 days 15:59:08.715726,198528,40.57,40.56,700,200,22779,-1401
44,ADM,2020-06-18,0 days 15:59:24.750769,242681,40.6,40.59,662,1631,-1859,790
45,ADM,2020-06-18,0 days 15:59:25.751788,241340,40.6,40.59,384,2211,1341,-1859
46,ADM,2020-06-18,0 days 15:59:27.757191,242681,40.6,40.59,451,3211,-1031,1341
47,ADM,2020-06-18,0 days 15:59:45.802968,242881,40.59,40.58,1200,1744,-2637,661
48,ADM,2020-06-18,0 days 15:59:51.815938,242781,40.6,40.59,899,2205,-92,116
49,AEE,2020-06-18,0 days 15:59:13.670668,204712,72.49,72.47,341,538,1741,-18016
50,AEE,2020-06-18,0 days 15:59:14.673936,201257,72.53,72.49,200,1261,-3455,1741
51,AEE,2020-06-18,0 days 15:59:15.674704,205612,72.54,72.5,300,1100,15527,-3455
52,AEE,2020-06-18,0 days 15:59:16.676875,203439,72.55,72.52,200,918,-4784,15527
53,AEE,2020-06-18,0 days 15:59:38.729819,201516,72.45,72.44,100,300,-1183,3417
54,AEG,2020-06-18,0 days 15:59:36.776035,10643,2.96,2.95,329387,37623,1654,-2046
55,AEG,2020-06-18,0 days 15:59:37.777569,10497,2.96,2.95,323096,37623,-146,1654
56,AEO,2020-06-18,0 days 15:58:43.738277,401420,12.35,12.34,11122,10503,6704,-2557
57,AEO,2020-06-18,0 days 15:58:44.739945,378124,12.35,12.34,9227,13303,-23296,6704
58,AEO,2020-06-18,0 days 15:59:40.874360,420495,12.36,12.35,12267,30032,2338,-2312
59,AEO,2020-06-18,0 days 15:59:45.887177,417421,12.36,12.35,14498,55464,-3195,8705
60,AES,2020-06-18,0 days 15:55:00.115607,367647,13.41,13.4,10229,21177,-1796,25833
61,AES,2020-06-18,0 days 15:56:30.333025,368291,13.41,13.4,19660,25971,1456,-1444
62,AES,2020-06-18,0 days 15:56:31.335234,367047,13.41,13.4,19370,27871,-444,1456
63,AES,2020-06-18,0 days 15:58:01.552210,379071,13.43,13.42,18597,28911,5518,-982
64,AES,2020-06-18,0 days 15:58:02.554501,376389,13.43,13.42,30741,30011,-2682,5518
65,AES,2020-06-18,0 days 15:58:10.573879,384571,13.43,13.42,27773,21842,93,-482
66,AES,2020-06-18,0 days 15:58:12.579217,375464,13.43,13.42,26094,28239,-9107,93
67,AES,2020-06-18,0 days 15:58:36.636708,375364,13.41,13.4,27982,11352,-2282,2518
68,AES,2020-06-18,0 days 15:58:50.671689,372864,13.4,13.39,17242,15876,-1782,2918
69,AES,2020-06-18,0 days 15:59:01.698636,377646,13.41,13.4,8684,19907,221,-5427
70,AES,2020-06-18,0 days 15:59:21.742129,464054,13.44,13.43,9920,19374,-2181,10619
71,AES,2020-06-18,0 days 15:59:22.745115,459935,13.44,13.43,9913,17374,4119,-2181
72,AES,2020-06-18,0 days 15:59:32.768254,458688,13.43,13.42,23185,10579,5366,-1134
73,AFL,2020-06-18,0 days 15:55:06.121553,402619,37.04,37.03,700,4827,-21984,30116
74,AFL,2020-06-18,0 days 15:55:07.123973,399803,37.04,37.03,2000,1400,2816,-21984
75,AFL,2020-06-18,0 days 15:55:33.185967,402619,37.03,37.02,2166,1803,-813,2787
76,AFL,2020-06-18,0 days 15:55:35.190699,399932,37.03,37.02,1863,1800,2687,-2913
77,AFL,2020-06-18,0 days 15:55:48.222045,405880,37.02,37.01,3330,500,-3102,3048
78,AFL,2020-06-18,0 days 15:55:49.224938,403382,37.02,37.01,400,5115,2398,-3102
79,AFL,2020-06-18,0 days 15:56:02.256883,404627,37.04,37.03,2001,850,1153,-47
80,AFL,2020-06-18,0 days 15:57:36.482725,409854,37.04,37.03,2400,1977,-1210,1290
81,AFL,2020-06-18,0 days 15:57:37.484612,408564,37.04,37.03,2800,2887,1290,-1210
82,AFL,2020-06-18,0 days 15:57:53.523822,415716,37.05,37.04,2500,7115,-5264,1236
83,AFL,2020-06-18,0 days 15:57:54.526969,413980,37.05,37.04,2664,1892,1736,-5264
84,AFL,2020-06-18,0 days 15:57:55.527961,415716,37.05,37.04,1964,5572,-1864,1736
85,AFL,2020-06-18,0 days 15:57:56.530213,413980,37.05,37.04,2277,6507,1736,-1864
86,AFL,2020-06-18,0 days 15:58:01.543202,417116,37.04,37.03,1000,4510,-864,1736
87,AFL,2020-06-18,0 days 15:58:02.545260,415180,37.04,37.03,600,4610,536,-864
88,AFL,2020-06-18,0 days 15:59:06.700698,414969,37.06,37.05,800,3630,1450,-2250
89,AFL,2020-06-18,0 days 15:59:07.704136,416419,37.07,37.06,3500,682,-2650,1450
90,AFL,2020-06-18,0 days 15:59:08.706922,415816,37.09,37.08,235,4415,51152,-2650
91,AFL,2020-06-18,0 days 15:59:33.767487,463783,37.09,37.08,1655,1700,11381,-3019
92,AG,2020-06-18,0 days 15:56:48.376903,40510,8.43,8.42,27516,1843,9949,-13851
93,AG,2020-06-18,0 days 15:56:49.378441,39159,8.43,8.42,26289,1743,-1351,9949
94,AG,2020-06-18,0 days 15:58:05.562449,40510,8.43,8.42,32333,24561,2075,-850
95,AG,2020-06-18,0 days 15:58:06.565464,30185,8.43,8.42,32812,25926,-10325,2075
96,AG,2020-06-18,0 days 15:59:01.698767,41487,8.43,8.42,23807,14174,8505,-10995
97,AG,2020-06-18,0 days 15:59:02.700891,40592,8.43,8.42,21407,14674,-895,8505
98,AG,2020-06-18,0 days 15:59:17.733128,41405,8.42,8.41,45995,6346,-334,1666
99,AIG,2020-06-18,0 days 15:59:15.728874,479128,32.46,32.45,1100,1400,21295,-46425
100,AIG,2020-06-18,0 days 15:59:50.814458,472960,32.48,32.47,461,300,-14158,6083
101,ALK,2020-06-18,0 days 15:55:27.615334,163455,37.45,37.44,318,1346,2001,-3306
102,ALK,2020-06-18,0 days 15:55:44.656629,163455,37.45,37.44,749,750,43901,-5216
103,ALK,2020-06-18,0 days 15:55:46.661348,119639,37.48,37.47,460,1101,-43916,8101
104,ALK,2020-06-18,0 days 15:56:28.762744,163657,37.45,37.44,671,600,45633,-3484
105,ALK,2020-06-18,0 days 15:59:13.159675,167103,37.49,37.47,1545,7650,14567,-2826
106,ALK,2020-06-18,0 days 15:59:14.161557,171970,37.5,37.48,1160,600,-1309,14567
107,ALK,2020-06-18,0 days 15:59:18.168263,174136,37.49,37.48,173,100,1524,-1819
108,ALK,2020-06-18,0 days 15:59:23.179953,171366,37.48,37.47,673,7058,-570,4524
109,ALK,2020-06-18,0 days 15:59:46.236674,172836,37.46,37.45,300,1400,3050,-1470
110,ALK,2020-06-18,0 days 15:59:50.250633,168486,37.46,37.45,514,2832,-4350,2750
111,ALK,2020-06-18,0 days 16:00:00.272239,172736,37.43,37.42,2054,19293,44767,-4350
112,ALLY,2020-06-18,0 days 15:56:37.434133,342062,19.93,19.92,2758,5690,-6000,28800
113,ALLY,2020-06-18,0 days 15:57:51.611937,348612,19.93,19.92,7179,14270,695,-505
114,ALLY,2020-06-18,0 days 15:57:52.613476,346607,19.93,19.92,6679,18334,-2005,695
115,ALLY,2020-06-18,0 days 15:59:09.802290,349131,19.93,19.92,8217,7927,3289,-2921
116,ALLY,2020-06-18,0 days 15:59:46.888968,382729,19.94,19.93,6208,7281,-163,32363
117,ALLY,2020-06-18,0 days 15:59:50.901465,347329,19.94,19.93,5708,4919,-35563,1326
118,AM,2020-06-18,0 days 15:55:00.267023,424191,5.92,5.91,16934,22378,-26201,22749
119,AMC,2020-06-18,0 days 15:59:09.661045,113681,5.64,5.63,16815,25467,-4559,946
120,AMCR,2020-06-18,0 days 15:58:41.640209,681266,10.3,10.29,10176,29114,3819,-8981
121,AMCR,2020-06-18,0 days 15:58:42.643098,655585,10.3,10.29,5950,33525,-25681,3819
122,AMCR,2020-06-18,0 days 15:59:11.714802,691278,10.29,10.28,28824,35544,13847,-23168
123,AMCR,2020-06-18,0 days 15:59:12.717234,650352,10.29,10.28,29746,36744,-40926,13847
124,AMCR,2020-06-18,0 days 15:59:15.723591,693493,10.29,10.28,28046,36852,88113,-18941
125,AMCR,2020-06-18,0 days 15:59:16.726400,684106,10.3,10.29,16040,36309,-15987,88113
126,AMCR,2020-06-18,0 days 15:59:24.746270,708993,10.3,10.29,21773,30281,530,-9170
127,AMX,2020-06-18,0 days 15:59:13.878356,60805,12.95,12.94,12236,28975,-278,4077
128,ANF,2020-06-18,0 days 15:59:15.813931,117151,11.48,11.47,3193,9697,1772,-2052
129,ANF,2020-06-18,0 days 15:59:16.817545,116306,11.48,11.47,1439,12463,-845,1772
130,ANF,2020-06-18,0 days 15:59:44.883832,117441,11.48,11.47,14829,5048,316,-35
131,APTV,2020-06-18,0 days 15:59:31.923703,241079,76.61,76.57,500,1300,1792,-408
132,APTV,2020-06-18,0 days 15:59:32.924559,241171,76.61,76.57,400,1300,-308,1792
133,APTV,2020-06-18,0 days 15:59:35.932428,240679,76.63,76.57,1231,325,492,-308
134,APTV,2020-06-18,0 days 15:59:39.941180,239871,76.62,76.59,100,800,-808,92
135,APTV,2020-06-18,0 days 15:59:42.948677,244079,76.67,76.61,1100,2366,2992,-108
136,APTV,2020-06-18,0 days 15:59:43.952977,243971,76.64,76.61,600,500,-108,2992
137,APTV,2020-06-18,0 days 15:59:58.986921,241479,76.6,76.59,900,4799,1192,-1408
138,AR,2020-06-18,0 days 15:55:00.115581,774157,3.52,3.51,22764,36648,-16330,243080
139,AR,2020-06-18,0 days 15:55:43.220189,790487,3.52,3.51,26316,51015,72270,-16330
140,AR,2020-06-18,0 days 15:55:44.221754,773157,3.52,3.51,16839,60922,-17330,72270
141,AR,2020-06-18,0 days 15:55:56.250789,790487,3.52,3.51,27993,62923,1670,-4530
142,AR,2020-06-18,0 days 15:55:57.253731,775057,3.52,3.51,24993,63123,-15430,1670
143,AR,2020-06-18,0 days 15:59:08.715519,804897,3.53,3.52,39028,29284,5341,-13211
144,AR,2020-06-18,0 days 15:59:09.719026,793038,3.53,3.52,14955,68988,-11859,5341
145,AR,2020-06-18,0 days 15:59:12.726274,804897,3.53,3.52,18415,65769,11101,-11559
146,AR,2020-06-18,0 days 15:59:13.728017,774998,3.53,3.52,16509,63869,-29899,11101
147,AR,2020-06-18,0 days 15:59:35.777092,804897,3.53,3.52,62612,39425,11021,-25130
148,AR,2020-06-18,0 days 15:59:36.779146,803318,3.53,3.52,62712,36537,-1579,11021
149,ATH,2020-06-18,0 days 15:55:00.106773,678639,34.37,34.35,400,101,10708,-6147
150,ATH,2020-06-18,0 days 15:57:34.477677,685951,34.41,34.4,1844,2087,1332,-6955
151,ATH,2020-06-18,0 days 15:57:36.482688,692289,34.42,34.41,320,1766,-562,1332
152,ATH,2020-06-18,0 days 15:57:37.484567,685751,34.43,34.42,1129,1948,6538,-562
153,ATH,2020-06-18,0 days 15:57:41.494494,692289,34.44,34.43,421,1919,-1062,5738
154,ATH,2020-06-18,0 days 15:57:42.496529,685651,34.44,34.43,521,1869,6638,-1062
155,ATH,2020-06-18,0 days 15:57:53.523773,691251,34.47,34.45,2067,600,1038,-662
156,ATH,2020-06-18,0 days 15:57:56.530167,692289,34.47,34.46,1241,944,-862,1038
157,ATH,2020-06-18,0 days 15:57:57.532365,691951,34.47,34.46,1141,1200,338,-862
158,ATH,2020-06-18,0 days 15:57:59.537906,692289,34.47,34.46,300,1337,-3662,338
159,ATH,2020-06-18,0 days 15:58:02.545000,692289,34.47,34.45,563,400,-262,1838
160,ATH,2020-06-18,0 days 15:58:04.550824,685351,34.46,34.44,438,840,6938,-4162
161,ATI,2020-06-18,0 days 15:55:00.199923,75551,10.5,10.49,752,2045,-12903,7938
162,ATI,2020-06-18,0 days 15:56:05.356295,87954,10.49,10.48,2332,5971,420,-863
163,ATI,2020-06-18,0 days 15:56:06.359770,87174,10.49,10.48,2994,5571,-780,420
164,ATI,2020-06-18,0 days 15:58:19.679055,87954,10.48,10.47,6164,13208,2791,-80
165,ATI,2020-06-18,0 days 15:58:20.682450,87845,10.48,10.47,6164,13208,-109,2791
166,ATI,2020-06-18,0 days 15:59:08.802110,93546,10.48,10.47,6606,10410,3553,-647
167,ATI,2020-06-18,0 days 15:59:09.802155,92999,10.48,10.47,5532,10479,-547,3553
168,ATUS,2020-06-18,0 days 15:57:17.529732,759576,24.57,24.56,7613,21531,19971,-12029
169,ATUS,2020-06-18,0 days 15:57:18.531244,746647,24.59,24.58,7034,5649,-12929,19971
170,ATUS,2020-06-18,0 days 15:57:38.578871,759625,24.59,24.58,13263,10353,3835,-3565
171,ATUS,2020-06-18,0 days 15:57:39.580882,750960,24.59,24.58,13563,9960,-8665,3835
172,ATUS,2020-06-18,0 days 15:58:05.645344,759625,24.59,24.58,9530,16260,6232,-10065
173,ATUS,2020-06-18,0 days 15:58:06.647441,748957,24.59,24.58,9887,15060,-10668,6232
174,ATUS,2020-06-18,0 days 15:58:33.713468,760553,24.6,24.59,3601,7287,104,-3096
175,ATUS,2020-06-18,0 days 15:58:44.739794,730220,24.61,24.6,5815,2665,-30333,10967
176,ATUS,2020-06-18,0 days 15:59:05.792109,760792,24.61,24.6,1100,12675,171,-10763
177,ATUS,2020-06-18,0 days 15:59:09.801971,761463,24.62,24.61,4812,5681,-2030,171
178,AU,2020-06-18,0 days 15:53:47.942881,22426,24.43,24.42,2100,1817,-185,15
179,AU,2020-06-18,0 days 15:55:18.159243,39065,24.42,24.41,5161,500,1535,-114181
180,AU,2020-06-18,0 days 15:55:27.181774,143900,24.4,24.39,5085,2637,-101181,1535
181,AUY,2020-06-18,0 days 15:55:00.170464,46088,4.83,4.82,61145,504403,-55268,25440
182,AXP,2020-06-18,0 days 15:55:00.280791,252752,102.15,102.13,200,110,-1363,4122
183,AXP,2020-06-18,0 days 15:55:47.393531,254338,102.1,102.06,1447,300,614,-1163
184,AXP,2020-06-18,0 days 15:55:48.396147,253252,102.1,102.06,1457,786,-1086,614
185,AXP,2020-06-18,0 days 15:57:36.651646,258731,102.04,102.02,704,500,1915,-1523
186,AXP,2020-06-18,0 days 15:57:37.653839,257346,102.04,102.02,710,900,-1385,1915
187,AXP,2020-06-18,0 days 15:57:42.665568,258731,102.06,102.04,516,100,677,-385
188,AXP,2020-06-18,0 days 15:57:43.667936,257508,102.06,102.04,516,100,-1223,677
189,AXP,2020-06-18,0 days 15:57:59.707145,258762,102.07,102.05,568,900,1046,-1154
190,AXP,2020-06-18,0 days 15:58:01.712619,254408,102.06,102.05,300,300,-4354,246
191,AXP,2020-06-18,0 days 15:58:11.737465,258762,102.06,102.04,600,430,1326,-774
192,AXP,2020-06-18,0 days 15:58:12.739724,257688,102.06,102.04,600,330,-1074,1326
193,AXP,2020-06-18,0 days 15:58:13.741947,258762,102.06,102.04,500,330,1226,-1074
194,AXP,2020-06-18,0 days 15:58:14.744601,257688,102.05,102.04,100,329,-1074,1226
195,AXP,2020-06-18,0 days 15:58:43.814705,258681,102.02,102.0,800,240,1210,-690
196,AXP,2020-06-18,0 days 15:59:19.902557,303143,102.21,102.19,1300,500,-894,11806
197,AXP,2020-06-18,0 days 15:59:21.907468,302117,102.19,102.17,1800,200,1026,-7994
198,AXP,2020-06-18,0 days 15:59:26.919778,305445,102.17,102.15,200,200,-218,2182
199,AXP,2020-06-18,0 days 15:59:28.924054,304887,102.18,102.17,140,300,558,-1642
200,AXP,2020-06-18,0 days 15:59:30.930158,305445,102.2,102.18,1852,133,-1082,18
201,AXP,2020-06-18,0 days 15:59:31.934174,303511,102.15,102.12,1000,266,2931,-1082
202,AXP,2020-06-18,0 days 15:59:34.942829,306111,102.15,102.12,400,400,331,-69
203,AXP,2020-06-18,0 days 15:59:38.948798,306442,102.15,102.14,117,800,-69,331
204,AYX,2020-06-18,0 days 15:56:19.297535,61781,161.33,161.26,100,200,-1760,2840
205,AYX,2020-06-18,0 days 15:56:20.299493,61641,161.33,161.24,231,300,140,-1760
206,AYX,2020-06-18,0 days 15:58:43.645348,68948,160.86,160.81,420,100,-1194,1070
207,AYX,2020-06-18,0 days 15:58:44.647895,68419,160.86,160.81,420,100,529,-1194
208,AYX,2020-06-18,0 days 15:59:05.700457,69144,160.76,160.67,858,700,-866,237
209,AYX,2020-06-18,0 days 15:59:06.700948,68610,160.76,160.68,862,507,1334,-866
210,AYX,2020-06-18,0 days 15:59:11.714917,70644,160.96,160.79,681,1071,-6022,560
211,AYX,2020-06-18,0 days 15:59:13.719851,70666,160.89,160.79,581,892,740,-22
212,AYX,2020-06-18,0 days 15:59:16.726468,71506,160.83,160.7,781,106,-6,140
213,AYX,2020-06-18,0 days 15:59:32.765396,71154,160.77,160.64,400,202,752,-1547
214,AYX,2020-06-18,0 days 15:59:39.781951,73714,160.69,160.57,100,300,-40,1160
215,AYX,2020-06-18,0 days 15:59:47.801371,73754,160.74,160.57,1207,510,1082,-40
216,AYX,2020-06-18,0 days 15:59:48.804506,74836,160.74,160.57,900,710,-118,1082
217,AYX,2020-06-18,0 days 15:59:50.810691,73854,160.73,160.57,443,118,982,-118
218,AYX,2020-06-18,0 days 15:59:53.817407,73836,160.73,160.52,300,100,-691,982
219,AZN,2020-06-18,0 days 15:55:00.265833,41093,52.63,52.62,900,3194,132,-3555
220,AZN,2020-06-18,0 days 15:57:10.579962,43360,52.62,52.61,2329,4708,-36,314
221,AZN,2020-06-18,0 days 15:57:11.582504,42996,52.62,52.61,2329,4108,364,-36
222,AZN,2020-06-18,0 days 15:57:15.592736,41525,52.64,52.63,2707,1974,-1471,364
223,AZN,2020-06-18,0 days 15:58:50.822649,42699,52.66,52.65,5992,5818,-109,103
224,AZN,2020-06-18,0 days 15:58:52.827351,41408,52.66,52.65,4365,4208,791,-309
225,AZN,2020-06-18,0 days 15:59:20.894853,42401,52.67,52.66,245,4431,-1325,158
226,AZUL,2020-06-18,0 days 15:58:15.529084,18106,12.29,12.27,7840,8400,-544,356
227,AZUL,2020-06-18,0 days 15:58:49.611787,18650,12.28,12.27,2200,9000,2420,-344
228,AZUL,2020-06-18,0 days 15:58:50.614012,18370,12.28,12.27,2200,9000,-280,2420
229,AZUL,2020-06-18,0 days 15:59:28.705166,21399,12.26,12.25,2222,2100,-385,315
230,BA,2020-06-18,0 days 15:55:00.200335,117381,192.46,192.4,200,200,-134,25043
231,BA,2020-06-18,0 days 15:55:01.201743,117015,192.43,192.36,300,200,366,-134
232,BA,2020-06-18,0 days 15:55:21.250601,117381,192.39,192.34,200,400,-334,266
233,BA,2020-06-18,0 days 15:55:22.252817,117015,192.37,192.33,400,100,366,-334
234,BA,2020-06-18,0 days 15:55:40.296366,117381,192.32,192.28,171,700,-34,466
235,BA,2020-06-18,0 days 15:55:41.298799,117315,192.32,192.28,412,400,66,-34
236,BA,2020-06-18,0 days 15:56:01.347767,124881,192.25,192.2,300,300,-817,234
237,BA,2020-06-18,0 days 15:57:57.625444,134898,192.29,192.23,540,100,671,-2129
238,BA,2020-06-18,0 days 15:57:58.627761,133369,192.32,192.28,100,502,-2729,671
239,BA,2020-06-18,0 days 15:58:02.638424,133969,192.23,192.18,220,400,-2329,171
240,BA,2020-06-18,0 days 15:58:40.730233,137212,192.21,192.15,300,200,566,-907
241,BA,2020-06-18,0 days 15:58:41.732853,133978,192.14,192.11,300,500,-2434,566
242,BA,2020-06-18,0 days 15:58:59.776571,134537,192.11,192.07,420,800,1241,-659
243,BA,2020-06-18,0 days 15:59:00.779715,132056,192.13,192.09,4569,500,-2481,1241
244,BA,2020-06-18,0 days 15:59:10.805659,138800,192.24,192.2,252,497,35547,-2644
245,BA,2020-06-18,0 days 15:59:35.862916,187068,192.24,192.21,123,500,-74,960
246,BA,2020-06-18,0 days 15:59:50.901151,184851,192.34,192.33,269,440,2388,-5158
247,BABA,2020-06-18,0 days 15:57:42.939853,698717,223.54,223.53,200,856,6256,-2844
248,BABA,2020-06-18,0 days 15:57:43.942087,696273,223.54,223.53,297,1271,-2444,6256
249,BABA,2020-06-18,0 days 15:57:47.951409,698917,223.54,223.53,497,200,4456,-2344
250,BABA,2020-06-18,0 days 15:57:48.955815,697673,223.54,223.52,500,702,-1244,4456
251,BABA,2020-06-18,0 days 15:57:49.956476,699417,223.54,223.52,500,909,4856,-1244
252,BABA,2020-06-18,0 days 15:57:50.958751,690473,223.54,223.52,600,709,-8944,4856
253,BABA,2020-06-18,0 days 15:57:55.971305,699417,223.54,223.53,300,200,12356,-2944
254,BABA,2020-06-18,0 days 15:58:10.005991,700665,223.61,223.6,400,200,308,-645
255,BABA,2020-06-18,0 days 15:58:12.010275,700073,223.62,223.61,100,368,-592,1508
256,BABA,2020-06-18,0 days 15:58:13.013452,700665,223.63,223.61,212,1033,7608,-592
257,BABA,2020-06-18,0 days 15:58:14.014908,700073,223.63,223.61,300,208,-592,7608
258,BABA,2020-06-18,0 days 15:59:01.132271,702866,223.66,223.65,2502,739,446,-554
259,BABA,2020-06-18,0 days 15:59:10.152612,703867,223.65,223.63,577,558,-1518,1446
260,BABA,2020-06-18,0 days 15:59:11.154659,705385,223.65,223.63,1077,380,682,-1518
261,BABA,2020-06-18,0 days 15:59:12.157262,706067,223.65,223.63,974,432,-5106,682
262,BABA,2020-06-18,0 days 15:59:13.159459,711204,223.65,223.64,800,300,263,-5106
263,BABA,2020-06-18,0 days 15:59:14.161329,711467,223.64,223.63,1130,380,-127,263
264,BABA,2020-06-18,0 days 15:59:18.168051,711567,223.6,223.59,581,100,-452,20
265,BABA,2020-06-18,0 days 15:59:25.184677,717585,223.56,223.54,1030,300,1682,-19
266,BABA,2020-06-18,0 days 15:59:48.242210,718086,223.58,223.56,810,500,572,-27
267,BABA,2020-06-18,0 days 15:59:50.250301,711064,223.56,223.55,888,400,-6521,1172
268,BABA,2020-06-18,0 days 15:59:57.265264,717585,223.54,223.53,437,366,1422,-5378
269,BAC,2020-06-18,0 days 15:59:14.880924,7685171,25.03,25.02,21845,42047,87126,-605904
270,BAC,2020-06-18,0 days 15:59:47.960690,7634500,25.05,25.04,23055,49422,-61975,47386
271,BAC,2020-06-18,0 days 15:59:48.964559,7696475,25.05,25.04,46890,17937,23299,-61975
272,BAC,2020-06-18,0 days 15:59:49.971043,7640875,25.05,25.04,49486,20537,-45438,23299
273,BAM,2020-06-18,0 days 15:55:00.171891,28336,34.3,34.29,100,424,982,-2713
274,BAM,2020-06-18,0 days 15:56:30.387280,27936,34.28,34.27,605,746,-779,621
275,BAM,2020-06-18,0 days 15:56:31.389616,27215,34.28,34.27,405,1046,721,-779
276,BAM,2020-06-18,0 days 15:58:07.621460,30036,34.29,34.28,700,2765,-49,1221
277,BAM,2020-06-18,0 days 15:58:08.623451,29285,34.29,34.28,700,4447,751,-49
278,BAM,2020-06-18,0 days 15:58:12.633342,30036,34.29,34.28,100,2723,-51,551
279,BAM,2020-06-18,0 days 15:58:13.635765,29387,34.29,34.28,600,1523,649,-51
280,BAM,2020-06-18,0 days 15:58:15.641661,28636,34.29,34.28,500,1813,-751,649
281,BAM,2020-06-18,0 days 15:58:16.643195,28087,34.29,34.28,300,2953,549,-751
282,BAM,2020-06-18,0 days 15:58:39.698811,22238,34.29,34.28,8130,508,-2249,149
283,BAM,2020-06-18,0 days 15:58:50.725900,29287,34.27,34.26,6935,371,589,-249
284,BAM,2020-06-18,0 days 15:59:08.770762,29947,34.28,34.27,6353,936,-2179,489
285,BAM,2020-06-18,0 days 15:59:09.773529,29626,34.28,34.27,5400,936,321,-2179
286,BB,2020-06-18,0 days 15:59:36.278618,46425,5.08,5.07,101948,109409,-10561,12539
287,BB,2020-06-18,0 days 15:59:37.280985,45686,5.08,5.07,103148,109877,739,-10561
288,BB,2020-06-18,0 days 15:59:38.283653,46425,5.08,5.07,103691,108777,-7161,739
289,BB,2020-06-18,0 days 15:59:39.286318,45686,5.08,5.07,97289,136274,739,-7161
290,BBD,2020-06-18,0 days 15:59:01.690811,411797,4.14,4.13,788652,470392,-45478,237572
291,BBD,2020-06-18,0 days 15:59:02.692227,394275,4.14,4.13,785052,449292,24310,-45478
292,BBD,2020-06-18,0 days 15:59:09.710853,418585,4.14,4.13,782079,434994,-7250,24310
293,BBD,2020-06-18,0 days 15:59:10.712705,402835,4.14,4.13,810248,398388,34050,-7250
294,BBD,2020-06-18,0 days 15:59:44.794255,443225,4.14,4.13,707899,385859,-1555,17290
295,BBD,2020-06-18,0 days 15:59:48.804598,432680,4.14,4.13,677865,304081,10945,-1155
296,BBY,2020-06-18,0 days 15:55:00.063677,155139,82.3,82.28,1052,600,-1039,21223
297,BBY,2020-06-18,0 days 15:56:27.268132,161407,82.33,82.31,303,300,-4096,4504
298,BBY,2020-06-18,0 days 15:56:34.285302,164707,82.3,82.27,1097,799,-313,33004
299,BBY,2020-06-18,0 days 15:57:32.424402,164962,82.24,82.23,473,226,281,-152
300,BBY,2020-06-18,0 days 15:57:33.426687,164343,82.24,82.23,722,591,-619,281
301,BBY,2020-06-18,0 days 15:57:34.429420,164687,82.24,82.23,2159,482,1256,-619
302,BBY,2020-06-18,0 days 15:57:35.432983,164243,82.26,82.25,101,414,-444,1256
303,BBY,2020-06-18,0 days 15:57:44.453226,164687,82.26,82.24,703,300,916,-444
304,BBY,2020-06-18,0 days 15:57:45.455420,164203,82.26,82.24,525,865,-484,916
305,BBY,2020-06-18,0 days 15:57:48.462965,165020,82.28,82.25,364,500,683,-484
306,BBY,2020-06-18,0 days 15:57:49.465292,164703,82.28,82.25,464,865,-317,683
307,BBY,2020-06-18,0 days 15:57:50.468410,165095,82.28,82.25,464,865,108,-317
308,BBY,2020-06-18,0 days 15:57:51.470594,164703,82.28,82.25,464,1066,-392,108
309,BBY,2020-06-18,0 days 15:57:57.484426,165095,82.27,82.25,760,666,508,-392
310,BBY,2020-06-18,0 days 15:57:58.487018,164703,82.27,82.25,500,665,-392,508
311,BBY,2020-06-18,0 days 15:58:13.524020,165095,82.27,82.25,2997,430,1111,-389
312,BBY,2020-06-18,0 days 15:58:14.527506,164706,82.27,82.25,2428,601,-389,1111
313,BBY,2020-06-18,0 days 15:58:22.546389,128306,82.32,82.29,4072,208,-37189,511
314,BBY,2020-06-18,0 days 15:58:27.557925,165119,82.29,82.26,300,700,33887,-3489
315,BBY,2020-06-18,0 days 15:58:28.560221,164606,82.29,82.26,400,800,-513,33887
316,BBY,2020-06-18,0 days 15:58:33.572255,165119,82.28,82.26,500,400,887,-513
317,BBY,2020-06-18,0 days 15:58:34.574770,164706,82.27,82.25,300,200,-413,887
318,BBY,2020-06-18,0 days 15:58:36.579949,162467,82.27,82.25,201,500,139,-413
319,BBY,2020-06-18,0 days 15:58:37.581945,162306,82.27,82.25,319,500,-161,139
320,BBY,2020-06-18,0 days 15:58:53.620991,164787,82.27,82.26,400,603,796,-204
321,BBY,2020-06-18,0 days 15:58:54.623026,164583,82.27,82.26,500,803,-204,796
322,BBY,2020-06-18,0 days 15:59:02.642867,163273,82.3,82.28,400,600,-100,2915
323,BBY,2020-06-18,0 days 15:59:10.663280,146248,82.34,82.32,200,500,-17749,3343
324,BBY,2020-06-18,0 days 15:59:16.676765,166500,82.34,82.33,277,918,1816,-1289
325,BBY,2020-06-18,0 days 15:59:17.680607,165716,82.35,82.34,379,541,-4248,1816
326,BBY,2020-06-18,0 days 15:59:34.720004,170689,82.32,82.29,300,1101,2563,-273
327,BBY,2020-06-18,0 days 15:59:35.725302,168252,82.34,82.3,511,1160,-2737,2563
328,BBY,2020-06-18,0 days 15:59:37.728564,170789,82.3,82.26,1078,700,863,-937
329,BBY,2020-06-18,0 days 15:59:41.736977,159738,82.33,82.29,325,1002,-11151,36163
330,BBY,2020-06-18,0 days 15:59:44.744174,170699,82.28,82.25,576,500,36335,-1165
331,BBY,2020-06-18,0 days 15:59:48.753505,163048,82.33,82.31,111,510,-17648,18045
332,BBY,2020-06-18,0 days 15:59:55.770912,180696,82.34,82.27,3552,800,28952,-8048
333,BCS,2020-06-18,0 days 15:55:00.280758,46632,5.84,5.83,154753,85273,6464,-31
334,BCS,2020-06-18,0 days 15:58:50.832084,53809,5.83,5.82,359668,105571,-9219,1285
335,BE,2020-06-18,0 days 15:59:16.164857,304761,9.04,9.03,1709,12937,-13967,9011
336,BE,2020-06-18,0 days 15:59:17.165952,317628,9.04,9.03,761,13507,4988,-13967
337,BE,2020-06-18,0 days 15:59:58.269530,302629,9.1,9.06,10947,5538,-5890,24429
338,BEN,2020-06-18,0 days 15:59:48.893967,471956,22.58,22.57,5043,719,2965,-7301
339,BEN,2020-06-18,0 days 15:59:49.896663,471349,22.58,22.57,4640,987,-607,2965
340,BHC,2020-06-18,0 days 15:56:23.749736,48694,20.08,20.07,4791,2813,-2161,28439
341,BHC,2020-06-18,0 days 15:59:28.192538,52131,20.09,20.08,10007,315,103,-302
342,BHC,2020-06-18,0 days 15:59:38.216753,37834,20.09,20.08,1330,4600,-13897,503
343,BK,2020-06-18,0 days 15:59:11.155097,510655,38.61,38.6,3024,1834,12735,-58505
344,BK,2020-06-18,0 days 15:59:12.157483,501831,38.63,38.62,1301,2131,-9384,12735
345,BK,2020-06-18,0 days 15:59:37.214512,525939,38.62,38.61,1376,1800,16251,-873
346,BKI,2020-06-18,0 days 15:55:01.061060,80558,73.33,73.3,400,400,169,-2931
347,BKI,2020-06-18,0 days 15:55:12.087338,80175,73.37,73.33,400,825,-383,169
348,BKI,2020-06-18,0 days 15:55:13.089795,80058,73.36,73.33,400,600,117,-383
349,BKI,2020-06-18,0 days 15:55:27.124534,80175,73.36,73.34,500,636,-83,117
350,BKI,2020-06-18,0 days 15:56:01.207184,80465,73.44,73.4,732,878,37,-450
351,BKI,2020-06-18,0 days 15:57:08.366873,76700,73.42,73.35,1609,1225,-3788,14
352,BKR,2020-06-18,0 days 15:55:27.346103,2122862,16.1,16.09,1900,9500,-2818,472
353,BKR,2020-06-18,0 days 15:55:52.405069,2118273,16.11,16.1,4508,1600,2789,-17611
354,BKR,2020-06-18,0 days 15:56:01.428253,2121062,16.11,16.1,2600,8050,-5097,2389
355,BKR,2020-06-18,0 days 15:56:53.552406,2122862,16.09,16.08,2628,11696,-134,1866
356,BKR,2020-06-18,0 days 15:56:54.554636,2121196,16.09,16.08,2588,11696,1666,-134
357,BKR,2020-06-18,0 days 15:56:55.556415,2121062,16.1,16.09,3892,11120,-20834,1666
358,BKR,2020-06-18,0 days 15:57:51.688990,2123891,16.09,16.08,2808,6097,-5785,16715
359,BKR,2020-06-18,0 days 15:57:52.690056,2122976,16.09,16.08,2805,5600,915,-5785
360,BKR,2020-06-18,0 days 15:57:56.699448,2123891,16.09,16.08,8084,4884,-1785,1915
361,BKR,2020-06-18,0 days 15:58:35.794894,2126169,16.09,16.08,4864,14928,722,-680
362,BKR,2020-06-18,0 days 15:58:37.799802,2126891,16.09,16.08,3951,17045,-378,722
363,BKR,2020-06-18,0 days 15:59:11.884136,2272559,16.09,16.08,5429,13584,2946,-14766
364,BKR,2020-06-18,0 days 15:59:32.934513,2261814,16.1,16.09,5508,3263,55501,-15960
365,BKR,2020-06-18,0 days 15:59:56.993865,2333156,16.12,16.11,11665,3931,-32409,31261
366,BMY,2020-06-18,0 days 15:55:44.307269,1127664,55.73,55.72,4700,610,12519,-1069
367,BMY,2020-06-18,0 days 15:56:21.395900,1145643,55.76,55.75,6798,1300,-8748,2250
368,BMY,2020-06-18,0 days 15:56:22.397085,1143091,55.76,55.75,7695,1792,2552,-8748
369,BMY,2020-06-18,0 days 15:57:07.504994,1143186,55.81,55.8,1167,12304,-318,1160
370,BMY,2020-06-18,0 days 15:57:47.601672,1160208,55.85,55.84,1700,8952,806,-2094
371,BMY,2020-06-18,0 days 15:58:01.635736,1177114,55.87,55.86,3904,1900,-8394,31206
372,BMY,2020-06-18,0 days 15:59:10.805495,1363253,55.89,55.88,1800,5585,1891,-32787
373,BMY,2020-06-18,0 days 15:59:13.811848,1369624,55.9,55.89,2570,10717,-3335,5115
374,BMY,2020-06-18,0 days 15:59:17.818998,1354259,55.91,55.9,3653,5889,10023,-8722
375,BMY,2020-06-18,0 days 15:59:24.835818,1366040,55.95,55.94,18300,7909,-2954,1381
376,BMY,2020-06-18,0 days 15:59:27.843073,1343994,55.94,55.93,3058,3538,28528,-16910
377,BMY,2020-06-18,0 days 15:59:45.887108,1389269,55.94,55.93,325,7412,-3025,18889
378,BMY,2020-06-18,0 days 15:59:55.912000,1371935,55.99,55.98,2581,18600,-4059,10108
379,BP,2020-06-18,0 days 15:56:30.387249,85112,23.65,23.64,24327,6316,-2438,562
380,BP,2020-06-18,0 days 15:59:05.762217,88815,23.65,23.64,4401,48661,862,-738
381,BP,2020-06-18,0 days 15:59:10.775562,90015,23.67,23.66,7133,36575,869,-2638
382,BP,2020-06-18,0 days 15:59:11.778460,88284,23.67,23.66,7333,35110,-1531,869
383,BP,2020-06-18,0 days 15:59:20.797591,90475,23.68,23.67,20097,47952,-834,423
384,BP,2020-06-18,0 days 15:59:25.809404,91309,23.68,23.67,12093,65325,66,-834
385,BP,2020-06-18,0 days 15:59:50.871947,90175,23.71,23.7,3994,19585,-2583,2117
386,BRK.B,2020-06-18,0 days 15:59:15.227312,828220,180.5,180.46,417,904,23350,-123998
387,BRK.B,2020-06-18,0 days 15:59:16.229563,804092,180.79,180.73,200,504,-24928,23350
388,BRK.B,2020-06-18,0 days 15:59:24.249882,831477,180.72,180.67,180,1300,33,-7089
389,BRK.B,2020-06-18,0 days 15:59:27.257132,831010,180.75,180.71,377,585,-589,33
390,BRK.B,2020-06-18,0 days 15:59:38.283545,824863,180.7,180.66,100,200,-6736,4924
391,BRK.B,2020-06-18,0 days 15:59:39.286151,831599,180.69,180.66,253,200,3124,-6736
392,BRK.B,2020-06-18,0 days 15:59:46.302899,832345,180.75,180.7,1000,100,-5245,6368
393,BRK.B,2020-06-18,0 days 15:59:49.310517,837590,180.73,180.7,262,400,5132,-745
394,BRK.B,2020-06-18,0 days 15:59:50.315040,817622,180.73,180.7,100,341,-19968,5132
395,BRX,2020-06-18,0 days 15:59:09.802290,257326,12.98,12.97,4800,18257,12281,-9767
396,BRX,2020-06-18,0 days 15:59:10.805659,253607,12.98,12.97,1844,18714,-8718,12281
397,BRX,2020-06-18,0 days 15:59:44.883958,274851,13.0,12.99,8142,6713,6516,-676
398,BRX,2020-06-18,0 days 15:59:45.887199,270469,13.0,12.99,264,10605,-4382,6516
399,BSX,2020-06-18,0 days 15:57:07.921593,483619,36.65,36.64,3655,1668,-318,9102
400,BSX,2020-06-18,0 days 15:57:10.929411,484071,36.65,36.64,5169,2260,5358,-318
401,BSX,2020-06-18,0 days 15:58:05.058953,496437,36.63,36.62,5306,2834,-934,5766
402,BSX,2020-06-18,0 days 15:58:06.061333,489971,36.63,36.62,5706,2991,6466,-934
403,BSX,2020-06-18,0 days 15:59:13.223274,615385,36.68,36.67,3800,4412,-295,15558
404,BSX,2020-06-18,0 days 15:59:14.225672,607763,36.68,36.67,2378,3811,7622,-295
405,BSX,2020-06-18,0 days 15:59:43.294122,615899,36.68,36.67,2561,5449,-1020,386
406,BSX,2020-06-18,0 days 15:59:44.296223,611433,36.65,36.64,3259,4400,6066,-1020
407,BTU,2020-06-18,0 days 15:56:37.403395,313298,3.11,3.1,19555,43454,70952,-90857
408,BTU,2020-06-18,0 days 15:56:38.405517,305150,3.12,3.11,19608,10637,-8148,70952
409,BUD,2020-06-18,0 days 15:56:02.430515,23658,51.78,51.76,667,1605,318,-282
410,BUD,2020-06-18,0 days 15:56:26.487081,24521,51.77,51.75,215,800,-237,463
411,BUD,2020-06-18,0 days 15:56:27.490006,24158,51.77,51.76,200,100,363,-237
412,BUD,2020-06-18,0 days 15:57:37.653986,24521,51.79,51.77,364,2726,-30,128
413,BUD,2020-06-18,0 days 15:57:38.656419,24251,51.79,51.77,564,2726,270,-30
414,BUD,2020-06-18,0 days 15:59:02.861789,24703,51.78,51.77,416,503,-54,65
415,BUD,2020-06-18,0 days 15:59:16.894940,27752,51.8,51.79,503,827,309,-191
416,BUD,2020-06-18,0 days 15:59:21.907677,28061,51.8,51.79,700,2226,-20,209
417,BUD,2020-06-18,0 days 15:59:25.917459,28081,51.8,51.79,700,2336,70,-20
418,BWA,2020-06-18,0 days 15:59:15.162615,194550,33.25,33.24,1782,1593,13240,-961
419,BWA,2020-06-18,0 days 15:59:16.164721,192990,33.26,33.25,100,2586,-1560,13240
420,BWA,2020-06-18,0 days 15:59:48.242285,196498,33.26,33.25,631,5894,351,-249
421,BWA,2020-06-18,0 days 15:59:50.250425,183649,33.27,33.26,300,2295,-12849,451
422,BX,2020-06-18,0 days 15:55:00.617974,174162,57.68,57.66,960,900,-4305,17198
423,BX,2020-06-18,0 days 15:59:06.207870,182595,57.7,57.68,900,500,223,-211
424,BX,2020-06-18,0 days 15:59:07.209894,182718,57.72,57.71,3206,1000,-877,223
425,BX,2020-06-18,0 days 15:59:12.223911,185495,57.7,57.69,2105,1300,20286,-377
426,BX,2020-06-18,0 days 15:59:13.225364,183822,57.73,57.72,600,200,-1673,20286
427,BYD,2020-06-18,0 days 15:55:56.193328,50650,21.7,21.69,1447,434,-86,514
428,BYD,2020-06-18,0 days 15:55:57.196105,50136,21.68,21.66,1377,867,514,-86
429,BYD,2020-06-18,0 days 15:58:49.611827,54670,21.69,21.68,232,1353,432,-768
430,BYD,2020-06-18,0 days 15:58:51.616006,53916,21.69,21.68,115,1484,-754,432
431,BYD,2020-06-18,0 days 15:58:52.618455,53570,21.69,21.68,218,1384,346,-754
432,BYD,2020-06-18,0 days 15:59:01.640771,53916,21.7,21.68,9404,1591,-38,273
433,BYD,2020-06-18,0 days 15:59:02.643050,53254,21.69,21.68,300,1097,662,-38
434,BYD,2020-06-18,0 days 15:59:07.655884,53754,21.7,21.69,600,1404,162,-1238
435,BYD,2020-06-18,0 days 15:59:08.658457,53916,21.7,21.69,8670,392,-38,162
436,BYD,2020-06-18,0 days 15:59:09.661504,53754,21.69,21.68,500,2543,1570,-38
437,BYD,2020-06-18,0 days 15:59:12.667954,55324,21.7,21.69,1963,1999,-4798,70
438,C,2020-06-18,0 days 15:59:14.880703,1431447,52.99,52.98,1732,4057,137223,-72277
439,CADE,2020-06-18,0 days 15:55:56.414420,124675,9.28,9.27,6858,3719,-267,333
440,CADE,2020-06-18,0 days 15:59:00.856650,126630,9.27,9.26,6734,9063,9086,-1714
441,CADE,2020-06-18,0 days 15:59:02.861679,126816,9.27,9.26,3011,9290,-236,1486
442,CADE,2020-06-18,0 days 15:59:23.912524,170085,9.25,9.24,9332,7755,21,-1759
443,CADE,2020-06-18,0 days 15:59:42.958051,170085,9.26,9.25,10468,20286,2124,-623
444,CADE,2020-06-18,0 days 15:59:43.961905,168009,9.26,9.25,11668,9842,-2076,2124
445,CADE,2020-06-18,0 days 15:59:47.970229,170085,9.26,9.25,10169,16138,1547,-445
446,CAG,2020-06-18,0 days 15:59:13.159612,1006544,34.18,34.17,4329,901,-8668,58331
447,CAG,2020-06-18,0 days 15:59:15.162702,1018958,34.17,34.16,1946,3728,165680,-3014
448,CAG,2020-06-18,0 days 15:59:41.223889,1144999,34.23,34.22,853,10436,-20919,92044
449,CAG,2020-06-18,0 days 15:59:42.226086,1141730,34.23,34.22,1567,4796,1669,-20919
450,CAH,2020-06-18,0 days 15:59:09.710915,337988,53.06,53.05,100,200,-36340,4169
451,CAH,2020-06-18,0 days 15:59:10.712855,336816,53.07,53.05,551,700,1583,-36340
452,CAH,2020-06-18,0 days 15:59:13.720072,347620,53.1,53.09,1000,708,-942,13252
453,CAH,2020-06-18,0 days 15:59:41.787722,348611,53.1,53.09,835,3069,1757,-3143
454,CAT,2020-06-18,0 days 15:55:00.617574,260311,127.35,127.34,100,205,44040,-28156
455,CAT,2020-06-18,0 days 15:56:02.767108,268082,127.47,127.45,500,100,-183,590
456,CAT,2020-06-18,0 days 15:56:33.841456,268414,127.37,127.36,200,100,668,-269
457,CAT,2020-06-18,0 days 15:56:34.843707,268362,127.38,127.36,884,200,-52,668
458,CAT,2020-06-18,0 days 15:57:13.938336,268711,127.37,127.35,375,200,127,-2849
459,CAT,2020-06-18,0 days 15:57:14.940717,268538,127.4,127.36,1845,700,-173,127
460,CAT,2020-06-18,0 days 15:57:34.988755,273992,127.45,127.42,300,717,1132,-987
461,CAT,2020-06-18,0 days 15:57:35.991033,273507,127.46,127.44,200,300,-485,1132
462,CAT,2020-06-18,0 days 15:57:36.993239,273992,127.46,127.44,400,600,1315,-485
463,CAT,2020-06-18,0 days 15:57:37.995561,272907,127.46,127.44,300,700,-1085,1315
464,CAT,2020-06-18,0 days 15:57:48.018439,279592,127.47,127.45,500,430,794,-1506
465,CAT,2020-06-18,0 days 15:57:52.028708,276992,127.48,127.46,400,400,2090,-2406
466,CAT,2020-06-18,0 days 15:57:55.035612,274882,127.46,127.44,410,1335,-1110,290
467,CAT,2020-06-18,0 days 15:57:56.037928,275992,127.46,127.44,610,1135,390,-1110
468,CAT,2020-06-18,0 days 15:57:57.040405,274882,127.46,127.44,846,1235,-1110,390
469,CAT,2020-06-18,0 days 15:58:05.060795,273911,127.42,127.4,800,400,2171,-3610
470,CAT,2020-06-18,0 days 15:58:06.063123,272982,127.42,127.4,600,500,-929,2171
471,CAT,2020-06-18,0 days 15:58:07.065597,274392,127.43,127.41,300,300,90,-929
472,CAT,2020-06-18,0 days 15:58:08.068009,269608,127.42,127.4,700,200,-4303,90
473,CAT,2020-06-18,0 days 15:59:02.199763,278921,127.44,127.4,100,400,1423,-296
474,CAT,2020-06-18,0 days 15:59:03.201655,278674,127.47,127.44,397,781,-2885,1423
475,CAT,2020-06-18,0 days 15:59:06.207870,282423,127.46,127.44,500,682,51,-1349
476,CAT,2020-06-18,0 days 15:59:09.215739,282474,127.47,127.45,200,300,-149,51
477,CAT,2020-06-18,0 days 15:59:12.223877,299166,127.58,127.55,208,294,36709,-6543
478,CAT,2020-06-18,0 days 15:59:35.276340,326905,127.62,127.57,800,800,-6484,14786
479,CAT,2020-06-18,0 days 15:59:36.278834,320989,127.62,127.57,900,1100,5916,-6484
480,CAT,2020-06-18,0 days 15:59:44.297985,324889,127.61,127.56,1430,177,2038,-236
481,CAT,2020-06-18,0 days 15:59:46.303177,329026,127.61,127.54,200,1677,-2916,10008
482,CAT,2020-06-18,0 days 15:59:59.336270,324722,127.62,127.57,596,300,2305,-5966
483,CBRE,2020-06-18,0 days 15:59:15.163680,244059,47.59,47.56,200,300,4095,-2428
484,CBRE,2020-06-18,0 days 15:59:16.165090,240454,47.59,47.56,208,400,-4879,4095
485,CBRE,2020-06-18,0 days 15:59:31.200726,243616,47.59,47.56,864,580,1408,-1592
486,CBRE,2020-06-18,0 days 15:59:33.205167,240424,47.55,47.53,814,100,-2992,2208
487,CCI,2020-06-18,0 days 15:55:00.265800,141630,164.92,164.9,100,125,-3367,4066
488,CCI,2020-06-18,0 days 15:56:04.420868,145727,164.99,164.96,200,190,118,-497
489,CCI,2020-06-18,0 days 15:56:05.423209,145345,164.99,164.96,200,290,-382,118
490,CCI,2020-06-18,0 days 15:57:33.635251,145527,164.92,164.88,2027,166,1234,-166
491,CCI,2020-06-18,0 days 15:57:35.640096,145461,164.92,164.88,1802,435,-66,1134
492,CCI,2020-06-18,0 days 15:57:36.642845,145527,164.92,164.88,2911,340,1034,-66
493,CCI,2020-06-18,0 days 15:58:49.819548,156988,164.97,164.92,400,200,-1283,1117
494,CCI,2020-06-18,0 days 15:58:55.833905,155588,164.97,164.95,276,311,-2115,85
495,CCI,2020-06-18,0 days 15:58:56.836452,154903,164.98,164.95,131,586,685,-2115
496,CCI,2020-06-18,0 days 15:59:00.846666,155588,165.02,164.97,570,425,-2254,546
497,CCI,2020-06-18,0 days 15:59:01.849152,155269,165.05,164.97,525,625,319,-2254
498,CCI,2020-06-18,0 days 15:59:08.866890,153575,165.1,165.03,425,310,-1594,506
499,CCI,2020-06-18,0 days 15:59:09.869047,153169,165.06,165.0,525,525,2441,-1594
500,CCI,2020-06-18,0 days 15:59:16.885337,186389,165.18,165.13,100,325,-631,491
501,CCI,2020-06-18,0 days 15:59:17.888371,184828,165.21,165.13,228,391,1561,-631
502,CCI,2020-06-18,0 days 15:59:34.932499,188511,165.18,165.12,100,325,-375,125
503,CCI,2020-06-18,0 days 15:59:35.932428,188500,165.17,165.11,100,325,2911,-375
504,CCI,2020-06-18,0 days 15:59:40.943694,188511,165.22,165.16,100,225,-2575,711
505,CCI,2020-06-18,0 days 15:59:41.945891,187986,165.24,165.19,200,325,525,-2575
506,CCI,2020-06-18,0 days 15:59:42.948677,188511,165.25,165.2,125,534,-1138,525
507,CCI,2020-06-18,0 days 15:59:46.958096,188377,165.25,165.19,225,400,134,-2866
508,CCI,2020-06-18,0 days 15:59:47.960579,188511,165.25,165.19,125,300,-1576,134
509,CCL,2020-06-18,0 days 15:55:00.064159,3099340,18.74,18.73,2214,15663,-31066,186484
510,CCL,2020-06-18,0 days 15:55:01.061060,3082406,18.74,18.73,8769,3391,16934,-31066
511,CDE,2020-06-18,0 days 15:55:56.251378,118225,4.4,4.39,35029,39307,-302,3898
512,CDE,2020-06-18,0 days 15:56:01.264082,114871,4.4,4.39,34629,38828,3354,-302
513,CDE,2020-06-18,0 days 15:59:00.696551,123445,4.39,4.38,49762,57258,-3113,3127
514,CDE,2020-06-18,0 days 15:59:01.698835,120958,4.39,4.38,51617,53832,2487,-3113
515,CDE,2020-06-18,0 days 15:59:15.728837,133800,4.39,4.38,56751,43957,-4032,10468
516,CDE,2020-06-18,0 days 15:59:16.730945,131065,4.39,4.38,55722,44476,2735,-4032
517,CDE,2020-06-18,0 days 15:59:37.780803,134961,4.39,4.38,47985,62163,-19904,3896
518,CDE,2020-06-18,0 days 15:59:38.782903,132765,4.39,4.38,55262,58963,2196,-19904
519,CFG,2020-06-18,0 days 15:59:11.665645,492203,26.15,26.14,505,6131,4605,-18386
520,CFG,2020-06-18,0 days 15:59:13.670816,496808,26.16,26.15,5200,2963,-23582,4605
521,CFG,2020-06-18,0 days 15:59:15.674861,521457,26.15,26.14,1784,6246,16076,-23582
522,CFG,2020-06-18,0 days 15:59:16.677034,518333,26.16,26.15,2534,4267,-3124,16076
523,CFG,2020-06-18,0 days 15:59:50.759774,484722,26.15,26.14,4147,2032,-40398,502
524,CGC,2020-06-18,0 days 15:59:37.936342,138066,17.14,17.13,360,2766,-5042,358
525,CGC,2020-06-18,0 days 15:59:38.938852,137108,17.14,17.13,360,9866,958,-5042
526,CHGG,2020-06-18,0 days 15:55:00.107490,51221,62.99,62.98,150,980,360,-6210
527,CHGG,2020-06-18,0 days 15:55:47.221312,51421,63.0,62.98,1780,1909,260,-240
528,CHGG,2020-06-18,0 days 15:55:48.222337,51181,63.0,62.98,1780,1909,-992,260
529,CHGG,2020-06-18,0 days 15:56:02.257153,53273,63.06,63.04,770,2000,105,-284
530,CHGG,2020-06-18,0 days 15:56:03.258665,53078,63.06,63.04,468,2000,-195,105
531,CHGG,2020-06-18,0 days 15:56:26.313882,53104,63.02,63.0,806,300,7042,-26
532,CHGG,2020-06-18,0 days 15:56:59.393709,60073,63.08,63.06,519,600,-3592,5308
533,CHGG,2020-06-18,0 days 15:57:00.395888,59565,63.08,63.06,719,600,508,-3592
534,CHGG,2020-06-18,0 days 15:58:38.633255,59308,63.0,62.99,300,623,-2369,786
535,CHGG,2020-06-18,0 days 15:58:39.635744,58777,63.0,62.99,710,200,531,-2369
536,CHGG,2020-06-18,0 days 15:58:42.643214,58877,63.04,63.02,936,400,431,-169
537,CHGG,2020-06-18,0 days 15:58:56.676944,60207,63.11,63.1,600,1200,-122,378
538,CHGG,2020-06-18,0 days 15:58:57.678997,59929,63.11,63.1,820,1187,278,-122
539,CHWY,2020-06-18,0 days 15:59:10.871966,250396,48.02,47.99,563,409,-7991,6424
540,CHWY,2020-06-18,0 days 15:59:17.888578,250700,48.02,47.99,263,3400,-1087,3009
541,CHWY,2020-06-18,0 days 15:59:18.889944,247387,48.02,47.99,163,3400,3313,-1087
542,CHWY,2020-06-18,0 days 15:59:23.902504,250700,48.05,47.99,372,3642,-1387,3313
543,CHWY,2020-06-18,0 days 15:59:24.905171,247787,48.05,47.99,100,3642,2913,-1387
544,CHWY,2020-06-18,0 days 15:59:33.926567,249509,48.1,48.08,200,100,-1978,322
545,CHWY,2020-06-18,0 days 15:59:44.953675,248585,48.12,48.1,100,220,924,-3076
546,CHWY,2020-06-18,0 days 15:59:48.964761,249951,48.15,48.11,500,303,-4742,666
547,CHWY,2020-06-18,0 days 15:59:49.971110,235987,48.12,48.08,300,499,13964,-4742
548,CIG,2020-06-18,0 days 15:55:00.106899,29567,2.15,2.14,164743,264222,7164,-7144
549,CIG,2020-06-18,0 days 15:59:11.714866,37006,2.16,2.15,311093,302996,-2041,1724
550,CIG,2020-06-18,0 days 15:59:12.717267,39047,2.16,2.15,312293,302296,23955,-2041
551,CIM,2020-06-18,0 days 15:55:01.618914,54591,10.7,10.69,8756,21791,4348,-2952
552,CIM,2020-06-18,0 days 15:58:50.169555,64183,10.7,10.69,15723,25956,-5544,1748
553,CIM,2020-06-18,0 days 15:59:10.218707,89203,10.7,10.69,6284,28678,14011,-9489
554,CIM,2020-06-18,0 days 15:59:11.221052,103214,10.71,10.7,16806,17480,-1873,14011
555,CIM,2020-06-18,0 days 15:59:12.223686,101146,10.71,10.7,16606,14420,2068,-1873
556,CIM,2020-06-18,0 days 15:59:48.308382,109908,10.72,10.71,8655,17645,58,-181
557,CL,2020-06-18,0 days 15:55:00.115642,356661,73.57,73.56,1369,321,-19354,36916
558,CL,2020-06-18,0 days 15:55:01.118800,352515,73.55,73.54,440,500,4146,-19354
559,CL,2020-06-18,0 days 15:56:38.352356,364456,73.54,73.53,606,500,-133,363
560,CL,2020-06-18,0 days 15:56:54.390340,364093,73.56,73.55,900,600,363,-333
561,CL,2020-06-18,0 days 15:57:15.441009,363694,73.62,73.6,978,2539,-2884,2590
562,CL,2020-06-18,0 days 15:57:16.443563,361004,73.61,73.6,278,1946,2690,-2884
563,CL,2020-06-18,0 days 15:57:52.529812,362455,73.62,73.61,1338,1800,2596,-1778
564,CL,2020-06-18,0 days 15:58:40.647514,350057,73.6,73.58,1409,1700,22694,-521
565,CL,2020-06-18,0 days 15:59:06.710329,370214,73.6,73.59,1454,100,2537,-6563
566,CL,2020-06-18,0 days 15:59:10.720961,365040,73.63,73.62,400,300,1375,-4753
567,CL,2020-06-18,0 days 15:59:11.725551,367087,73.63,73.62,500,200,-5850,1375
568,CL,2020-06-18,0 days 15:59:12.726306,374420,73.68,73.67,384,350,78116,-5850
569,CL,2020-06-18,0 days 15:59:27.757060,455620,73.69,73.67,1316,600,-5442,13
570,CL,2020-06-18,0 days 15:59:28.758996,451147,73.67,73.65,1350,200,4473,-5442
571,CL,2020-06-18,0 days 15:59:32.768254,455784,73.65,73.63,200,1378,-3085,1051
572,CL,2020-06-18,0 days 15:59:33.771366,453869,73.65,73.63,1086,1778,1915,-3085
573,CL,2020-06-18,0 days 15:59:42.792189,455784,73.65,73.62,1791,1472,-3423,145
574,CL,2020-06-18,0 days 15:59:46.802235,457377,73.62,73.61,297,741,-10644,2695
575,CL,2020-06-18,0 days 15:59:50.813359,437314,73.64,73.63,500,250,19391,-3373
576,CLDR,2020-06-18,0 days 15:59:09.719165,541392,13.66,13.65,10595,36850,-26209,1189
577,CLDR,2020-06-18,0 days 15:59:10.721017,526601,13.66,13.65,11151,32450,14791,-26209
578,CLDR,2020-06-18,0 days 15:59:27.757126,571769,13.66,13.65,14428,32435,-5332,2510
579,CLDR,2020-06-18,0 days 15:59:45.802873,571566,13.66,13.65,23108,36815,4724,-19063
580,CLDR,2020-06-18,0 days 15:59:48.808526,575419,13.69,13.68,15255,16492,5239,-2565
581,CLF,2020-06-18,0 days 15:55:56.305702,312754,5.95,5.94,75109,16736,2163,-1837
582,CLF,2020-06-18,0 days 15:55:57.308445,306817,5.95,5.94,76009,16535,-5937,2163
583,CLF,2020-06-18,0 days 15:56:30.387280,307917,5.93,5.92,69072,32774,-5237,1563
584,CLF,2020-06-18,0 days 15:58:10.628698,316332,5.93,5.92,86874,33278,3117,-9838
585,CLF,2020-06-18,0 days 15:58:11.631062,310549,5.93,5.92,86274,33278,-5783,3117
586,CLF,2020-06-18,0 days 15:58:49.723444,295537,5.93,5.92,55951,48754,-20795,35605
587,CLF,2020-06-18,0 days 15:59:11.778795,329446,5.93,5.92,75502,24582,2862,-1073
588,CLNY,2020-06-18,0 days 15:55:00.280758,561223,2.84,2.83,14050,21907,151751,-30837
589,CLNY,2020-06-18,0 days 15:59:29.926686,691294,2.86,2.85,27548,18070,4392,-15408
590,CLR,2020-06-18,0 days 15:59:48.973829,181789,17.24,17.23,1784,425,-8065,635
591,CNC,2020-06-18,0 days 15:59:08.658301,371203,63.98,63.96,400,710,21290,-27310
592,CNC,2020-06-18,0 days 15:59:09.661274,369097,63.98,63.96,500,200,-1607,21290
593,CNC,2020-06-18,0 days 15:59:14.673844,375468,63.95,63.94,587,201,11068,-2371
594,CNC,2020-06-18,0 days 15:59:16.676810,375998,63.99,63.98,217,301,-1114,14173
595,CNC,2020-06-18,0 days 15:59:34.720033,384186,64.0,63.98,458,300,1101,-999
596,CNC,2020-06-18,0 days 15:59:36.726104,378787,63.99,63.98,470,300,-299,4301
597,CNC,2020-06-18,0 days 15:59:38.729756,382786,63.99,63.98,285,217,6601,-3999
598,CNC,2020-06-18,0 days 15:59:39.733020,382287,64.01,63.99,600,400,-499,6601
599,CNC,2020-06-18,0 days 15:59:43.742418,383087,63.99,63.98,200,100,-799,301
600,CNC,2020-06-18,0 days 15:59:44.744206,382786,63.98,63.97,2544,201,476,-799
601,CNC,2020-06-18,0 days 15:59:46.748499,378362,63.99,63.97,196,200,-1130,3676
602,CNC,2020-06-18,0 days 15:59:48.753568,379492,63.99,63.96,293,300,5619,-330
603,CNC,2020-06-18,0 days 15:59:51.761355,378948,64.01,63.97,100,543,-15734,3006
604,CNC,2020-06-18,0 days 16:00:00.779937,379492,63.95,63.94,12809,4700,5409,-3461
605,CNK,2020-06-18,0 days 15:55:46.661432,152835,15.35,15.34,2500,4754,2286,-514
606,CNK,2020-06-18,0 days 15:55:47.663576,152621,15.35,15.34,2500,4754,-214,2286
607,CNK,2020-06-18,0 days 15:56:32.771764,154866,15.33,15.32,3078,4112,456,-144
608,CNK,2020-06-18,0 days 15:56:33.773888,153522,15.33,15.32,3578,3312,-1344,456
609,CNK,2020-06-18,0 days 15:57:05.851463,153235,15.33,15.32,5116,2897,287,-1344
610,CNK,2020-06-18,0 days 15:57:21.890832,153622,15.33,15.32,3710,3600,-1244,387
611,CNK,2020-06-18,0 days 15:57:36.926005,153235,15.33,15.32,11310,4301,1262,-369
612,CNK,2020-06-18,0 days 15:57:37.927977,152997,15.33,15.32,11310,4411,-238,1262
613,CNK,2020-06-18,0 days 15:57:50.959706,153835,15.33,15.32,8712,3719,1462,-2338
614,CNK,2020-06-18,0 days 15:57:51.962368,153497,15.33,15.32,8612,4519,-338,1462
615,CNK,2020-06-18,0 days 15:57:52.964205,153835,15.33,15.32,9012,4119,562,-338
616,CNK,2020-06-18,0 days 15:57:53.966661,153497,15.33,15.32,17395,3719,-338,562
617,CNK,2020-06-18,0 days 15:57:54.969405,155439,15.33,15.32,17195,4219,958,-338
618,CNK,2020-06-18,0 days 15:57:55.971783,154997,15.33,15.32,17502,4719,-442,958
619,CNK,2020-06-18,0 days 15:58:00.985131,155639,15.33,15.32,17602,6020,758,-442
620,CNK,2020-06-18,0 days 15:58:01.986560,152997,15.33,15.32,17202,6720,-2642,758
621,CNK,2020-06-18,0 days 15:58:03.991954,157139,15.33,15.32,17302,7120,1358,-2642
622,CNK,2020-06-18,0 days 15:58:04.993892,152997,15.33,15.32,17768,7203,-2642,1358
623,CNK,2020-06-18,0 days 15:58:41.081554,155650,15.33,15.32,7411,6444,1120,-880
624,CNK,2020-06-18,0 days 15:59:09.150189,167891,15.35,15.34,9400,3182,-159,1341
625,CNK,2020-06-18,0 days 15:59:11.155278,166150,15.35,15.34,9812,3206,541,-3159
626,CNK,2020-06-18,0 days 15:59:12.157669,166691,15.35,15.34,9712,4448,-846,541
627,CNK,2020-06-18,0 days 15:59:14.161725,174674,15.35,15.34,9812,5093,177,-7983
628,CNK,2020-06-18,0 days 15:59:20.173581,183212,15.35,15.34,6506,2560,84,-786
629,CNK,2020-06-18,0 days 15:59:41.224053,182937,15.37,15.36,2200,11474,-4275,25
630,CNK,2020-06-18,0 days 15:59:42.226248,182712,15.37,15.36,2725,13402,225,-4275
631,CNP,2020-06-18,0 days 15:59:12.716555,1275828,18.43,18.42,8808,7679,-33136,162670
632,CNP,2020-06-18,0 days 15:59:13.719083,1252880,18.41,18.4,9588,9184,22948,-33136
633,CNP,2020-06-18,0 days 15:59:16.725844,1293237,18.39,18.38,17271,24628,-471590,22948
634,CNX,2020-06-18,0 days 15:55:00.170529,182707,10.25,10.24,2670,3702,3874,-19481
635,CNX,2020-06-18,0 days 15:55:01.173174,181681,10.25,10.24,2371,3902,-1026,3874
636,CNX,2020-06-18,0 days 15:56:23.370240,181968,10.23,10.22,4240,4407,-946,154
637,CNX,2020-06-18,0 days 15:57:38.550334,182914,10.23,10.22,4260,3692,1320,-1402
638,CNX,2020-06-18,0 days 15:57:39.552395,181734,10.23,10.22,5038,4955,-1180,1320
639,CNX,2020-06-18,0 days 15:57:51.583095,182914,10.23,10.22,7914,12067,932,-942
640,CNX,2020-06-18,0 days 15:57:52.584496,182146,10.23,10.22,5711,13062,-768,932
641,CNX,2020-06-18,0 days 15:57:55.591610,182914,10.23,10.22,7114,11862,1032,-768
642,CNX,2020-06-18,0 days 15:57:56.594455,182246,10.23,10.22,6714,12141,-668,1032
643,CNX,2020-06-18,0 days 15:58:12.633283,182914,10.23,10.22,7210,4516,1032,-668
644,CNX,2020-06-18,0 days 15:58:13.635697,182246,10.23,10.22,6110,5192,-668,1032
645,CNX,2020-06-18,0 days 15:58:19.650382,182914,10.23,10.22,7110,3982,910,-648
646,CNX,2020-06-18,0 days 15:58:20.653045,182444,10.23,10.22,6601,3779,-470,910
647,CNX,2020-06-18,0 days 15:59:02.755836,184334,10.22,10.21,3419,7973,-268,20
648,CNX,2020-06-18,0 days 15:59:05.762217,184602,10.22,10.21,2593,12065,632,-268
649,CNX,2020-06-18,0 days 15:59:09.773273,184314,10.24,10.23,1554,4845,-1188,612
650,CNX,2020-06-18,0 days 15:59:13.782801,189544,10.24,10.23,4690,7066,2546,-530
651,COF,2020-06-18,0 days 15:55:16.208917,262403,70.04,70.03,200,500,-7429,1671
652,COF,2020-06-18,0 days 15:56:23.370206,264361,70.05,70.03,1230,200,-7219,3281
653,COF,2020-06-18,0 days 15:58:30.677199,264796,70.05,70.04,600,200,-7171,1729
654,COF,2020-06-18,0 days 15:58:40.701962,271967,70.04,70.03,1476,100,558,-5871
655,COF,2020-06-18,0 days 15:58:41.703449,265625,70.04,70.03,1176,100,-6342,558
656,COF,2020-06-18,0 days 15:59:05.762188,272259,70.06,70.04,300,674,3631,-7527
657,COF,2020-06-18,0 days 15:59:06.764538,268090,70.05,70.04,300,100,-4369,3631
658,COF,2020-06-18,0 days 15:59:11.778427,273359,70.04,70.03,100,500,7606,-5169
659,COF,2020-06-18,0 days 15:59:12.780345,266723,70.06,70.04,301,875,-6636,7606
660,COF,2020-06-18,0 days 15:59:16.788607,273360,70.03,70.02,200,201,343,-256
661,COF,2020-06-18,0 days 15:59:17.790522,273703,70.03,70.01,200,419,-407,343
662,COF,2020-06-18,0 days 15:59:35.835372,277127,69.97,69.96,296,501,1119,-981
663,COF,2020-06-18,0 days 15:59:38.841715,273946,69.99,69.97,224,416,-3181,1379
664,COF,2020-06-18,0 days 15:59:39.845724,277127,69.98,69.96,100,700,1119,-3181
665,COG,2020-06-18,0 days 15:57:49.683385,420392,18.7,18.69,3698,4947,-5180,3520
666,COG,2020-06-18,0 days 15:57:59.707210,425572,18.7,18.69,4689,6581,1920,-1480
667,COG,2020-06-18,0 days 15:58:00.711109,411692,18.7,18.69,4749,6932,-13880,1920
668,COG,2020-06-18,0 days 15:59:12.886860,430896,18.73,18.72,1770,10159,5292,-5111
669,COP,2020-06-18,0 days 15:59:09.150160,927911,44.3,44.29,2525,410,25096,-22077
670,COP,2020-06-18,0 days 15:59:10.152973,924307,44.32,44.31,100,2121,-5873,25096
671,COP,2020-06-18,0 days 15:59:16.165041,939932,44.37,44.36,2312,710,264319,-1803
672,COP,2020-06-18,0 days 15:59:45.234698,1128916,44.48,44.47,2786,2030,-13819,7018
673,COP,2020-06-18,0 days 15:59:58.269801,1096415,44.47,44.46,3600,800,32507,-7588
674,COTY,2020-06-18,0 days 15:57:44.010220,874942,4.7,4.69,93078,48638,244,-4856
675,COTY,2020-06-18,0 days 15:57:49.021187,860686,4.7,4.69,95678,55244,-14256,244
676,COTY,2020-06-18,0 days 15:58:24.107201,863422,4.69,4.68,73200,198820,-12120,1080
677,COTY,2020-06-18,0 days 15:59:16.229731,875688,4.7,4.69,83531,41607,23632,-6414
678,COTY,2020-06-18,0 days 15:59:17.232213,870120,4.7,4.69,83531,41407,-5568,23632
679,COTY,2020-06-18,0 days 15:59:44.297846,875688,4.69,4.68,114963,185174,12891,-2468
680,COTY,2020-06-18,0 days 15:59:46.303001,873657,4.69,4.68,16598,214956,-6513,16269
681,CPRI,2020-06-18,0 days 15:56:08.334199,130469,16.51,16.5,9459,2111,1112,-236
682,CRK,2020-06-18,0 days 15:59:40.943848,136926,4.79,4.78,5085,2045,-189,4611
683,CRM,2020-06-18,0 days 15:55:00.106864,606336,187.65,187.61,600,400,-11346,15660
684,CRM,2020-06-18,0 days 15:55:19.152742,612810,187.56,187.54,900,610,-2371,129
685,CRM,2020-06-18,0 days 15:57:34.477755,623109,187.54,187.51,800,655,352,-1698
686,CRM,2020-06-18,0 days 15:57:35.480728,620761,187.58,187.55,700,513,-4009,352
687,CRM,2020-06-18,0 days 15:57:59.538187,634125,187.62,187.61,962,1428,6141,-1759
688,CRM,2020-06-18,0 days 15:58:00.542014,625653,187.63,187.62,668,733,-8472,6141
689,CRM,2020-06-18,0 days 15:59:10.712457,660639,187.74,187.73,342,216,24451,-6066
690,CRM,2020-06-18,0 days 15:59:26.750476,696617,187.83,187.81,195,100,-4289,4640
691,CRM,2020-06-18,0 days 15:59:27.753097,697016,187.79,187.77,2053,200,2961,-4289
692,CRM,2020-06-18,0 days 15:59:28.754890,697377,187.79,187.77,200,100,-672,2961
693,CRM,2020-06-18,0 days 15:59:30.760573,688003,187.73,187.68,300,1200,9552,-672
694,CRM,2020-06-18,0 days 15:59:35.773083,699355,187.68,187.62,100,848,-2062,1900
695,CRM,2020-06-18,0 days 15:59:50.810537,700517,187.64,187.6,304,400,2232,-2306
696,CS,2020-06-18,0 days 15:58:50.169693,58472,10.18,10.17,75283,28139,2759,-2946
697,CS,2020-06-18,0 days 15:58:51.171845,55764,10.18,10.17,62305,54897,-2708,2759
698,CS,2020-06-18,0 days 15:59:13.225337,60672,10.18,10.17,64093,23509,4986,-237
699,CS,2020-06-18,0 days 15:59:14.227790,58858,10.18,10.17,58454,49944,-1814,4986
700,CTL,2020-06-18,0 days 15:57:34.429513,782308,10.13,10.12,34521,34181,4221,-3379
701,CTL,2020-06-18,0 days 15:57:35.433078,779629,10.13,10.12,34421,36281,-2679,4221
702,CTL,2020-06-18,0 days 15:57:40.443606,782308,10.13,10.12,46984,32739,6221,-1379
703,CTL,2020-06-18,0 days 15:57:42.448909,779003,10.12,10.11,40414,32374,-4805,10941
704,CTL,2020-06-18,0 days 15:57:56.482090,783808,10.12,10.11,50282,36015,670,-1930
705,CTL,2020-06-18,0 days 15:59:09.661445,789257,10.13,10.12,42733,15844,863,-2474
706,CTL,2020-06-18,0 days 15:59:11.665645,839141,10.14,10.13,21766,47935,-7158,46579
707,CTL,2020-06-18,0 days 15:59:13.670790,857551,10.14,10.13,26066,53365,1409,-3810
708,CTL,2020-06-18,0 days 15:59:19.684078,858960,10.14,10.13,20811,47773,-27,1409
709,CTL,2020-06-18,0 days 15:59:21.688376,857827,10.14,10.13,21361,46784,1133,-767
710,CTL,2020-06-18,0 days 15:59:25.698135,858960,10.14,10.13,21934,50853,-151,1133
711,CTL,2020-06-18,0 days 15:59:26.700258,858097,10.14,10.13,17312,49871,863,-151
712,CTL,2020-06-18,0 days 15:59:28.705194,835940,10.16,10.15,43054,16359,-22325,863
713,CTVA,2020-06-18,0 days 15:55:00.171041,681738,27.5,27.49,2100,2500,-22044,47629
714,CTVA,2020-06-18,0 days 15:59:10.775744,708801,27.47,27.46,1071,3709,12760,-5018
715,CTVA,2020-06-18,0 days 15:59:23.804983,726062,27.48,27.47,1131,500,29682,-1918
716,CVE,2020-06-18,0 days 15:56:23.817219,137180,4.46,4.45,175361,150257,11386,-7514
717,CVS,2020-06-18,0 days 15:55:00.063677,332767,64.36,64.35,1135,352,-3240,182
718,CVS,2020-06-18,0 days 15:57:11.373859,349039,64.38,64.37,575,1683,753,-3576
719,CVS,2020-06-18,0 days 15:57:12.376740,345892,64.39,64.37,1033,2383,-2747,753
720,CVS,2020-06-18,0 days 15:57:33.426687,348439,64.35,64.34,532,681,57,-2414
721,CVS,2020-06-18,0 days 15:57:35.433018,345596,64.36,64.35,100,1745,-2843,357
722,CVS,2020-06-18,0 days 15:57:40.443529,348539,64.37,64.36,1512,575,457,-2843
723,CVS,2020-06-18,0 days 15:57:41.446517,345996,64.37,64.36,312,1304,-2543,457
724,CVS,2020-06-18,0 days 15:57:57.484426,349139,64.39,64.38,3355,200,3254,-2346
725,CVS,2020-06-18,0 days 15:57:58.486983,346793,64.39,64.38,2933,513,-2246,3254
726,CVS,2020-06-18,0 days 15:58:06.509292,346793,64.39,64.38,1075,675,-2246,754
727,CVS,2020-06-18,0 days 15:58:25.553360,348415,64.39,64.38,375,1003,-2408,3092
728,CVS,2020-06-18,0 days 15:58:41.592401,350423,64.38,64.37,575,375,4021,-2208
729,CVS,2020-06-18,0 days 15:58:42.593924,348844,64.39,64.38,1439,100,-1579,4021
730,CVS,2020-06-18,0 days 15:59:10.663312,353456,64.46,64.45,500,475,105798,-729
731,CVS,2020-06-18,0 days 15:59:22.690681,461015,64.5,64.49,2326,200,-8063,516
732,CVS,2020-06-18,0 days 15:59:23.693549,455578,64.49,64.47,426,467,5437,-8063
733,CVS,2020-06-18,0 days 15:59:29.707674,461307,64.5,64.48,1823,375,-377,3023
734,CVS,2020-06-18,0 days 15:59:41.736977,458538,64.52,64.49,899,530,2769,-10721
735,CVS,2020-06-18,0 days 15:59:54.767686,461307,64.54,64.51,2314,245,-7,4603
736,CVS,2020-06-18,0 days 15:59:55.770912,456704,64.54,64.51,3276,5745,4603,-7
737,CVS,2020-06-18,0 days 15:59:57.773541,461307,64.54,64.51,6584,8500,-7,4603
738,CVS,2020-06-18,0 days 15:59:58.775377,456704,64.52,64.51,3900,3504,4603,-7
739,CVX,2020-06-18,0 days 15:59:10.218935,1042956,91.68,91.66,269,500,56094,-23997
740,CVX,2020-06-18,0 days 15:59:53.321264,1408368,92.01,91.98,5491,886,1853,-247
741,CVX,2020-06-18,0 days 15:59:54.325045,1408121,92.01,91.98,5002,1086,-247,1853
742,CWH,2020-06-18,0 days 15:56:10.786088,34022,26.36,26.35,437,100,322,-178
743,CWH,2020-06-18,0 days 15:56:11.788582,33844,26.35,26.34,251,200,-178,322
744,CWH,2020-06-18,0 days 15:58:38.139954,33735,26.37,26.36,3001,7335,248,-39
745,CWH,2020-06-18,0 days 15:58:49.167267,32333,26.36,26.33,1024,325,-1302,348
746,CWH,2020-06-18,0 days 15:58:50.169514,34735,26.36,26.33,793,450,148,-1302
747,CWH,2020-06-18,0 days 15:59:24.249936,39599,26.36,26.34,527,724,-778,122
748,CWH,2020-06-18,0 days 15:59:25.252237,39393,26.36,26.34,827,624,206,-778
749,CXO,2020-06-18,0 days 15:59:15.893075,448764,56.86,56.85,100,100,53317,-1022
750,D,2020-06-18,0 days 15:55:40.266939,358178,84.35,84.34,800,200,-5,2676
751,D,2020-06-18,0 days 15:56:01.318504,358583,84.37,84.36,200,505,-124,281
752,D,2020-06-18,0 days 15:56:31.389516,359110,84.34,84.33,355,212,400,-400
753,D,2020-06-18,0 days 15:57:11.485292,359411,84.39,84.38,300,348,176,-397
754,D,2020-06-18,0 days 15:57:41.557952,359411,84.43,84.42,200,700,783,-520
755,D,2020-06-18,0 days 15:57:42.559635,358994,84.43,84.42,110,1200,-417,783
756,D,2020-06-18,0 days 15:57:54.589010,362911,84.47,84.46,845,500,1383,-117
757,D,2020-06-18,0 days 15:57:55.591578,358994,84.47,84.46,845,500,-3917,1383
758,D,2020-06-18,0 days 15:58:04.613833,362911,84.47,84.45,1331,400,1083,-717
759,D,2020-06-18,0 days 15:58:05.616320,362194,84.47,84.45,1031,400,-717,1083
760,D,2020-06-18,0 days 15:58:12.633250,359411,84.45,84.43,600,450,2783,-2817
761,D,2020-06-18,0 days 15:58:13.635660,359094,84.46,84.44,1404,400,-317,2783
762,D,2020-06-18,0 days 15:58:34.686650,363376,84.46,84.44,843,538,2003,-997
763,D,2020-06-18,0 days 15:58:35.689099,362679,84.46,84.44,743,788,-2197,2003
764,D,2020-06-18,0 days 15:58:40.702006,364876,84.45,84.43,402,744,2888,-797
765,D,2020-06-18,0 days 15:58:41.703494,361464,84.45,84.43,402,845,-3412,2888
766,D,2020-06-18,0 days 15:58:49.723261,360764,84.44,84.43,100,790,-612,588
767,D,2020-06-18,0 days 15:59:10.775533,376431,84.53,84.51,600,674,665,-1188
768,D,2020-06-18,0 days 15:59:11.778460,375396,84.53,84.52,500,300,-935,665
769,D,2020-06-18,0 days 15:59:12.780373,395537,84.58,84.56,100,600,38380,-935
770,D,2020-06-18,0 days 15:59:45.859703,430824,84.53,84.52,716,200,-4174,2285
771,DAL,2020-06-18,0 days 15:55:27.124534,3327886,30.79,30.78,11670,12477,13059,-42641
772,DAL,2020-06-18,0 days 15:56:15.239299,3360777,30.79,30.78,12447,5833,-43550,11128
773,DAL,2020-06-18,0 days 15:56:16.242005,3346027,30.79,30.78,9209,9924,14750,-43550
774,DAL,2020-06-18,0 days 15:57:00.347276,3346327,30.8,30.79,13829,10549,14500,-37900
775,DAL,2020-06-18,0 days 15:57:32.424505,3362138,30.83,30.82,12471,1700,-6430,4770
776,DAL,2020-06-18,0 days 15:57:47.460318,3363049,30.82,30.81,11236,10768,-20680,9920
777,DAL,2020-06-18,0 days 15:58:06.509353,3372809,30.79,30.78,21431,498,-58832,166746
778,DAL,2020-06-18,0 days 15:58:07.510561,3278863,30.78,30.77,12967,5903,93946,-58832
779,DAL,2020-06-18,0 days 15:58:14.527607,3374456,30.79,30.78,12730,7198,-45615,33263
780,DAL,2020-06-18,0 days 15:58:54.623110,3359997,30.81,30.8,8260,4884,5699,-16001
781,DAL,2020-06-18,0 days 15:59:00.640305,3366564,30.82,30.81,29175,10900,-34370,6567
782,DAL,2020-06-18,0 days 15:59:28.705166,3404277,30.77,30.76,14110,15656,-6720,73180
783,DB,2020-06-18,0 days 15:59:36.726240,75147,9.25,9.24,74018,121439,17178,-20322
784,DB,2020-06-18,0 days 15:59:37.728752,74025,9.25,9.24,67718,118231,-1122,17178
785,DB,2020-06-18,0 days 15:59:38.729878,75147,9.25,9.24,75818,114846,14278,-1122
786,DB,2020-06-18,0 days 15:59:39.733140,74025,9.25,9.24,52818,95061,-1122,14278
787,DD,2020-06-18,0 days 15:59:15.728972,1021568,52.76,52.75,1300,368,-430445,107166
788,DELL,2020-06-18,0 days 15:57:02.492244,369349,47.37,47.35,509,1388,15548,-21927
789,DELL,2020-06-18,0 days 15:57:13.519048,377749,47.39,47.38,200,500,1146,-7554
790,DELL,2020-06-18,0 days 15:57:23.543329,371400,47.45,47.43,500,603,-6549,946
791,DELL,2020-06-18,0 days 15:57:34.569812,372049,47.41,47.38,100,1674,6846,-649
792,DELL,2020-06-18,0 days 15:57:46.599075,378895,47.42,47.4,1000,319,-2654,646
793,DELL,2020-06-18,0 days 15:57:47.601705,378249,47.42,47.4,1100,519,646,-2654
794,DELL,2020-06-18,0 days 15:57:52.613476,379395,47.42,47.4,1342,1419,-1554,1146
795,DELL,2020-06-18,0 days 15:57:53.615741,378649,47.42,47.4,3202,602,746,-1554
796,DELL,2020-06-18,0 days 15:58:09.655321,371900,47.43,47.4,500,733,-6749,746
797,DELL,2020-06-18,0 days 15:58:10.657524,375249,47.41,47.4,1100,270,4146,-6749
798,DELL,2020-06-18,0 days 15:58:32.712429,379774,47.41,47.4,500,902,-1975,1125
799,DELL,2020-06-18,0 days 15:58:33.713658,379049,47.41,47.4,500,1203,725,-1975
800,DELL,2020-06-18,0 days 15:59:00.779743,380732,47.4,47.39,1074,239,-4451,1049
801,DELL,2020-06-18,0 days 15:59:01.781828,379483,47.4,47.39,1074,239,1249,-4451
802,DELL,2020-06-18,0 days 15:59:13.812119,399121,47.4,47.37,100,2410,-8839,3176
803,DELL,2020-06-18,0 days 15:59:16.817770,385468,47.4,47.38,300,200,1636,-6964
804,DELL,2020-06-18,0 days 15:59:50.901465,391040,47.41,47.36,900,191,-2796,2399
805,DFS,2020-06-18,0 days 15:57:48.018407,1151536,53.84,53.83,100,905,-9191,11577
806,DFS,2020-06-18,0 days 15:57:53.030766,1006358,53.85,53.83,161,501,-136069,9109
807,DFS,2020-06-18,0 days 15:58:09.069818,1151536,53.83,53.82,500,200,-2275,10525
808,DFS,2020-06-18,0 days 15:58:10.072850,1144411,53.82,53.8,610,802,7125,-2275
809,DFS,2020-06-18,0 days 15:58:21.099494,1078411,53.84,53.83,700,702,73525,-86853
810,DFS,2020-06-18,0 days 15:59:16.229840,1156824,53.85,53.82,100,100,-10223,8113
811,DFS,2020-06-18,0 days 15:59:47.304985,1160717,53.78,53.77,426,297,-7970,3030
812,DFS,2020-06-18,0 days 15:59:50.315373,1140369,53.83,53.81,400,200,19948,-12058
813,DHI,2020-06-18,0 days 15:59:48.973680,604898,57.34,57.33,259,902,1266,-7614
814,DHI,2020-06-18,0 days 15:59:49.980886,600174,57.37,57.35,400,700,-10824,1266
815,DHR,2020-06-18,0 days 15:55:00.170352,305792,176.33,176.28,200,177,-10217,80766
816,DHR,2020-06-18,0 days 15:57:41.557879,318123,176.3,176.27,688,200,332,-568
817,DHR,2020-06-18,0 days 15:57:43.562155,317551,176.29,176.27,300,200,-672,228
818,DHR,2020-06-18,0 days 15:57:48.574448,320123,176.29,176.28,100,200,1328,-672
819,DHR,2020-06-18,0 days 15:57:49.577129,316751,176.3,176.28,471,200,-3372,1328
820,DHR,2020-06-18,0 days 15:57:54.588935,322023,176.24,176.21,200,200,2828,-672
821,DHR,2020-06-18,0 days 15:57:55.591346,321151,176.26,176.22,300,282,-872,2828
822,DHR,2020-06-18,0 days 15:57:56.593692,320123,176.26,176.22,401,382,1028,-872
823,DHR,2020-06-18,0 days 15:57:57.595989,319551,176.26,176.22,601,100,-572,1028
824,DHR,2020-06-18,0 days 15:58:03.611202,320623,176.26,176.22,453,200,728,-572
825,DHR,2020-06-18,0 days 15:58:04.613798,320051,176.26,176.23,300,200,-72,728
826,DHR,2020-06-18,0 days 15:58:06.619245,320623,176.25,176.23,300,100,828,-72
827,DHR,2020-06-18,0 days 15:58:07.621292,320051,176.26,176.23,405,100,-72,828
828,DHR,2020-06-18,0 days 15:58:41.703449,318003,176.18,176.15,563,625,-4328,2072
829,DHR,2020-06-18,0 days 15:58:42.706000,322331,176.17,176.15,300,134,772,-4328
830,DHR,2020-06-18,0 days 15:58:45.712842,321803,176.13,176.1,440,400,-323,172
831,DHR,2020-06-18,0 days 15:58:51.727729,322126,176.16,176.11,440,200,3277,-423
832,DHR,2020-06-18,0 days 15:58:52.730071,322003,176.16,176.13,540,100,-123,3277
833,DHR,2020-06-18,0 days 15:59:02.755766,322127,176.12,176.1,419,1100,378,-699
834,DHR,2020-06-18,0 days 15:59:04.759670,322505,176.12,176.1,335,800,-201,378
835,DHR,2020-06-18,0 days 15:59:07.771050,322706,176.11,176.1,200,400,399,-165
836,DHR,2020-06-18,0 days 15:59:08.770489,323105,176.11,176.09,211,301,-2971,399
837,DHR,2020-06-18,0 days 15:59:12.780345,338659,176.11,176.1,241,560,35,-550
838,DHR,2020-06-18,0 days 15:59:15.785390,338694,176.11,176.1,107,680,-66,34
839,DHT,2020-06-18,0 days 15:58:48.608910,171403,5.41,5.4,31055,20986,-462,9566
840,DHT,2020-06-18,0 days 15:59:00.640223,165650,5.39,5.38,16950,29328,5753,-947
841,DHT,2020-06-18,0 days 15:59:02.642929,171403,5.4,5.39,2402,16325,-979,5689
842,DHT,2020-06-18,0 days 15:59:09.661274,167682,5.4,5.39,3687,14632,3721,-4379
843,DHT,2020-06-18,0 days 15:59:14.673844,171403,5.4,5.39,4346,15020,-15513,694
844,DHT,2020-06-18,0 days 15:59:42.738874,165941,5.42,5.41,19520,19511,862,-3638
845,DIS,2020-06-18,0 days 15:59:11.665645,408323,118.41,118.4,200,1303,-7337,1289
846,DIS,2020-06-18,0 days 15:59:16.676966,459859,118.44,118.43,200,298,1552,-8048
847,DIS,2020-06-18,0 days 15:59:20.686159,465582,118.47,118.46,499,411,-2150,2913
848,DIS,2020-06-18,0 days 15:59:21.688376,463332,118.47,118.46,500,505,2250,-2150
849,DIS,2020-06-18,0 days 15:59:31.713417,464781,118.44,118.42,1966,512,2321,-8279
850,DIS,2020-06-18,0 days 15:59:39.733111,467102,118.41,118.39,500,500,-1522,1078
851,DIS,2020-06-18,0 days 15:59:40.734721,466318,118.41,118.39,717,200,784,-1522
852,DIS,2020-06-18,0 days 15:59:46.748591,467102,118.41,118.39,400,197,-3016,584
853,DIS,2020-06-18,0 days 15:59:47.751025,466218,118.41,118.39,687,597,884,-3016
854,DIS,2020-06-18,0 days 15:59:48.753759,467102,118.41,118.39,211,776,-2029,884
855,DIS,2020-06-18,0 days 15:59:50.759626,455631,118.41,118.39,104,779,11471,-2142
856,DLPH,2020-06-18,0 days 15:56:01.428021,47160,13.53,13.52,2624,3569,178,-243
857,DLPH,2020-06-18,0 days 15:56:02.430359,46438,13.53,13.52,2924,2969,-722,178
858,DLR,2020-06-18,0 days 15:57:58.704291,1174396,143.22,143.13,200,200,-13043,34127
859,DLR,2020-06-18,0 days 15:57:59.706996,1148339,143.16,143.12,508,373,26127,-13043
860,DLR,2020-06-18,0 days 15:59:15.892811,1203900,143.21,143.16,200,434,-22428,39518
861,DLR,2020-06-18,0 days 15:59:16.894614,1155382,143.14,143.11,100,200,71518,-22428
862,DLR,2020-06-18,0 days 15:59:17.897310,1203830,143.19,143.11,200,300,-24198,71518
863,DLR,2020-06-18,0 days 15:59:18.900230,1155682,143.2,143.09,200,200,71218,-24198
864,DLR,2020-06-18,0 days 15:59:22.909567,1203900,143.19,143.1,200,400,-4139,35195
865,DLR,2020-06-18,0 days 15:59:23.912453,1192247,143.2,143.15,100,200,34653,-4139
866,DLR,2020-06-18,0 days 15:59:24.914724,1204008,143.23,143.15,334,100,-34685,34653
867,DLR,2020-06-18,0 days 15:59:25.917250,1202893,143.18,143.12,300,300,1115,-34685
868,DLR,2020-06-18,0 days 15:59:32.934337,1190402,143.21,143.15,200,400,13606,-11894
869,DLR,2020-06-18,0 days 15:59:33.936585,1203938,143.23,143.18,400,685,-27376,13606
870,DLR,2020-06-18,0 days 15:59:34.942502,1170193,143.17,143.14,623,200,59095,-27376
871,DLR,2020-06-18,0 days 15:59:35.942334,1206288,143.22,143.17,110,400,-39026,59095
872,DLR,2020-06-18,0 days 15:59:36.944532,1173093,143.16,143.1,300,100,56195,-39026
873,DLR,2020-06-18,0 days 15:59:37.946068,1206288,143.18,143.14,100,800,-9814,56195
874,DLR,2020-06-18,0 days 15:59:43.961760,1205701,143.22,143.13,300,100,587,-16713
875,DLR,2020-06-18,0 days 15:59:45.966623,1206288,143.2,143.13,200,100,-4292,395
876,DLR,2020-06-18,0 days 15:59:46.967886,1205980,143.22,143.14,200,200,308,-4292
877,DOC,2020-06-18,0 days 15:55:00.266071,251995,18.4,18.39,6024,3251,9417,-33991
878,DOC,2020-06-18,0 days 15:55:01.267781,247212,18.4,18.39,6124,3793,-4783,9417
879,DOC,2020-06-18,0 days 15:56:26.474002,296995,18.41,18.4,7931,6544,3220,-9310
880,DOC,2020-06-18,0 days 15:56:27.477107,289515,18.41,18.4,8231,6444,-7480,3220
881,DOC,2020-06-18,0 days 15:59:27.912001,349074,18.39,18.38,11753,1644,15554,-5881
882,DOC,2020-06-18,0 days 15:59:28.914376,343928,18.39,18.38,10353,1544,-5146,15554
883,DOC,2020-06-18,0 days 15:59:48.964356,348633,18.38,18.37,8725,800,-841,6683
884,DOW,2020-06-18,0 days 15:59:15.785433,281779,41.6,41.59,2678,669,57237,-1869
885,DRE,2020-06-18,0 days 15:55:01.282809,459408,36.53,36.52,1567,2704,328,-12772
886,DRE,2020-06-18,0 days 15:55:49.398022,459736,36.53,36.52,3834,2514,-370,121
887,DRE,2020-06-18,0 days 15:55:50.401192,459406,36.53,36.52,3743,2814,330,-370
888,DRE,2020-06-18,0 days 15:56:03.432626,459736,36.53,36.52,3405,4127,-270,230
889,DRE,2020-06-18,0 days 15:56:04.434670,459506,36.53,36.52,3605,4127,230,-270
890,DRE,2020-06-18,0 days 15:57:25.624837,459634,36.53,36.52,2333,774,268,-232
891,DRE,2020-06-18,0 days 15:57:51.689022,460520,36.53,36.52,1345,8016,-814,250
892,DRE,2020-06-18,0 days 15:58:09.732526,461720,36.51,36.5,1040,6340,-337,163
893,DRE,2020-06-18,0 days 15:58:13.741947,461557,36.51,36.5,2372,600,163,-1437
894,DRE,2020-06-18,0 days 15:58:28.778273,460665,36.53,36.52,1400,1067,-1892,308
895,DRH,2020-06-18,0 days 15:55:56.251283,150201,5.9,5.89,6430,15187,1794,-1306
896,DRH,2020-06-18,0 days 15:55:57.253772,150195,5.9,5.89,6430,15187,-6,1794
897,DRH,2020-06-18,0 days 15:58:21.601540,150329,5.91,5.9,15707,7476,994,-717
898,DRH,2020-06-18,0 days 15:58:22.603774,149623,5.91,5.9,15943,7276,-752,994
899,DRH,2020-06-18,0 days 15:59:05.707971,150516,5.91,5.9,5736,11366,478,-1022
900,DRH,2020-06-18,0 days 15:59:06.710329,148994,5.91,5.9,5826,14723,-1522,478
901,DRH,2020-06-18,0 days 15:59:17.733004,155564,5.92,5.91,7822,13156,3430,-5570
902,DRH,2020-06-18,0 days 15:59:18.734845,154694,5.92,5.91,8163,15256,-870,3430
903,DRI,2020-06-18,0 days 15:57:09.577344,136811,74.03,74.01,652,520,1344,-905
904,DRI,2020-06-18,0 days 15:57:10.579776,132954,74.07,74.02,709,480,-3857,1344
905,DRI,2020-06-18,0 days 15:57:48.671137,136811,74.08,74.06,601,1021,639,-61
906,DRI,2020-06-18,0 days 15:57:49.673008,132050,74.09,74.07,401,1062,-4761,639
907,DRI,2020-06-18,0 days 15:57:57.692403,132650,74.06,74.01,1428,1075,-4161,339
908,DRI,2020-06-18,0 days 15:58:40.797426,136878,74.09,74.07,587,1424,44,-3239
909,DRI,2020-06-18,0 days 15:58:51.824631,137278,74.08,74.05,702,1208,244,-356
910,DRI,2020-06-18,0 days 15:58:52.827264,136122,74.06,74.03,300,200,-1156,244
911,DRI,2020-06-18,0 days 15:59:48.964136,143392,74.1,74.09,141,2163,2093,-507
912,DRI,2020-06-18,0 days 15:59:50.969748,140185,74.12,74.1,100,800,-3207,1193
913,DT,2020-06-18,0 days 15:57:48.956263,162809,40.36,40.34,100,400,-206,894
914,DT,2020-06-18,0 days 15:57:49.956910,158515,40.37,40.35,890,560,4294,-206
915,DT,2020-06-18,0 days 15:59:13.159775,163119,40.34,40.31,390,400,2095,-14189
916,DT,2020-06-18,0 days 15:59:20.173551,165214,40.36,40.33,369,350,-1766,1111
917,DT,2020-06-18,0 days 15:59:21.175703,163780,40.36,40.33,659,511,1539,-1766
918,DUK,2020-06-18,0 days 15:59:16.165090,452377,86.11,86.1,710,204,-160255,40902
919,DUK,2020-06-18,0 days 15:59:32.204459,583442,85.89,85.88,400,210,9451,-113264
920,DVN,2020-06-18,0 days 15:55:00.171442,251483,12.92,12.91,5543,9793,31374,-34914
921,DVN,2020-06-18,0 days 15:58:40.702110,324946,12.87,12.86,23351,58802,-7152,2380
922,DVN,2020-06-18,0 days 15:58:41.703655,304898,12.87,12.86,23505,58902,17948,-7152
923,DVN,2020-06-18,0 days 15:59:10.775744,339004,12.9,12.89,8522,7368,-1392,17032
924,DVN,2020-06-18,0 days 15:59:12.780587,420140,12.9,12.89,8500,10058,9373,-1392
925,EAT,2020-06-18,0 days 15:55:00.199957,75927,26.09,26.08,408,601,2219,-24120
926,EAT,2020-06-18,0 days 15:55:01.201708,74046,26.09,26.08,808,276,-1881,2219
927,EAT,2020-06-18,0 days 15:56:36.431952,77020,26.05,26.04,152,459,27,-173
928,EAT,2020-06-18,0 days 15:57:35.572700,77047,26.06,26.05,3712,2985,-505,27
929,EAT,2020-06-18,0 days 15:59:08.802110,78930,26.08,26.07,5008,5631,13573,-388
930,EAT,2020-06-18,0 days 15:59:45.887140,88405,26.11,26.1,734,1211,498,-2
931,EAT,2020-06-18,0 days 15:59:50.900908,87279,26.11,26.09,542,1125,-326,1298
932,EIX,2020-06-18,0 days 15:57:33.567328,1520893,58.82,58.81,310,492,-5165,9935
933,EIX,2020-06-18,0 days 15:57:34.569668,1511279,58.81,58.8,318,821,9614,-5165
934,EIX,2020-06-18,0 days 15:57:44.593483,1516379,58.86,58.85,439,300,5082,-8518
935,EIX,2020-06-18,0 days 15:57:51.611775,1518057,58.93,58.9,2121,2124,3404,-6296
936,EIX,2020-06-18,0 days 15:58:03.640525,1521461,58.9,58.88,800,1200,-2896,204
937,EIX,2020-06-18,0 days 15:58:17.674333,1519492,58.9,58.89,300,880,1969,-1331
938,EIX,2020-06-18,0 days 15:58:45.742200,1513387,58.91,58.89,635,300,9174,-4183
939,EIX,2020-06-18,0 days 15:58:50.754919,1522561,58.93,58.9,375,841,-10526,174
940,EIX,2020-06-18,0 days 15:59:17.818928,1555632,58.93,58.92,685,662,27,-6273
941,EIX,2020-06-18,0 days 15:59:20.825747,1556303,58.94,58.93,1273,323,-2799,671
942,EIX,2020-06-18,0 days 15:59:26.840340,1556303,58.93,58.91,1159,758,-10010,8336
943,EIX,2020-06-18,0 days 15:59:27.843004,1554789,58.92,58.91,900,590,1514,-10010
944,EIX,2020-06-18,0 days 15:59:32.856088,1544089,58.85,58.84,600,660,12214,-1286
945,ELAN,2020-06-18,0 days 15:59:38.869373,1022415,21.92,21.91,2779,2000,771,-189
946,ELAN,2020-06-18,0 days 15:59:43.883426,1018219,21.92,21.91,2265,200,-3092,8608
947,ELAN,2020-06-18,0 days 15:59:44.883728,1021311,21.91,21.9,471,300,780,-3092
948,ELAN,2020-06-18,0 days 15:59:46.888804,1018591,21.9,21.89,600,1986,-2902,4380
949,ELY,2020-06-18,0 days 15:55:00.106701,47965,16.95,16.94,300,1502,821,-9216
950,ELY,2020-06-18,0 days 15:56:06.265153,49573,16.95,16.94,300,3207,-26,374
951,ELY,2020-06-18,0 days 15:56:07.268169,48799,16.95,16.94,1196,1581,774,-26
952,ELY,2020-06-18,0 days 15:58:01.543009,49702,16.95,16.94,2230,2093,-109,191
953,ELY,2020-06-18,0 days 15:58:02.544959,49011,16.95,16.94,2305,1993,691,-109
954,ELY,2020-06-18,0 days 15:58:33.620289,52733,16.95,16.94,2774,1812,-578,422
955,ELY,2020-06-18,0 days 15:58:34.622754,51911,16.95,16.94,1974,1512,822,-578
956,ELY,2020-06-18,0 days 15:58:48.657589,52733,16.96,16.95,1302,1209,-1658,622
957,ELY,2020-06-18,0 days 15:58:49.659876,52091,16.96,16.95,1302,1609,642,-1658
958,ELY,2020-06-18,0 days 15:59:12.717084,56070,16.97,16.96,3335,974,-3581,797
959,ELY,2020-06-18,0 days 15:59:13.719640,55655,16.96,16.95,2644,2401,415,-3581
960,EMR,2020-06-18,0 days 15:57:33.484030,285563,61.24,61.23,4306,427,932,-1868
961,EMR,2020-06-18,0 days 15:58:51.674422,284763,61.24,61.23,300,500,2202,-2098
962,EMR,2020-06-18,0 days 15:59:08.715519,284599,61.32,61.31,300,500,44877,-475
963,ENB,2020-06-18,0 days 15:58:11.008682,36251,31.82,31.81,5809,4527,168,-432
964,ENB,2020-06-18,0 days 15:58:12.011195,35819,31.82,31.81,5009,5427,-432,168
965,EOG,2020-06-18,0 days 15:59:47.238539,370436,52.96,52.93,13400,315,-7933,11043
966,EOG,2020-06-18,0 days 15:59:50.250786,350466,52.94,52.93,576,334,19970,-1684
967,EOG,2020-06-18,0 days 16:00:00.272943,370436,52.94,52.91,32020,1904,-6632,20941
968,EPD,2020-06-18,0 days 15:57:32.632689,68839,19.18,19.17,2986,6922,-4141,472
969,EPD,2020-06-18,0 days 15:59:48.964198,70976,19.23,19.22,5518,7268,-2004,883
970,EQH,2020-06-18,0 days 15:55:42.159720,509223,20.01,20.0,2534,3943,-10327,4573
971,EQH,2020-06-18,0 days 15:55:43.162600,507550,20.01,20.0,2034,4143,1773,-10327
972,EQH,2020-06-18,0 days 15:57:56.482017,539945,20.0,19.99,1428,1700,-300,3900
973,EQH,2020-06-18,0 days 15:57:58.487018,540245,20.0,19.99,1328,2802,1400,-300
974,EQH,2020-06-18,0 days 15:59:05.650516,535150,19.99,19.98,944,5712,4045,-4155
975,EQH,2020-06-18,0 days 15:59:09.661274,540062,19.99,19.98,557,5613,-25508,4045
976,EQH,2020-06-18,0 days 15:59:10.663312,539161,19.99,19.98,457,5865,801,-25508
977,EQH,2020-06-18,0 days 15:59:12.667783,540062,19.99,19.98,656,6326,-6562,801
978,EQH,2020-06-18,0 days 15:59:13.670608,539524,19.99,19.98,699,4626,438,-6562
979,EQH,2020-06-18,0 days 15:59:43.742418,548265,20.01,20.0,1215,5792,604,-1496
980,EQH,2020-06-18,0 days 15:59:45.746640,548869,20.01,20.0,503,3632,-1260,604
981,EQH,2020-06-18,0 days 15:59:46.748467,548329,20.01,20.0,500,9448,540,-1260
982,EQH,2020-06-18,0 days 15:59:47.750897,548869,20.01,20.0,600,9500,-1404,540
983,EQNR,2020-06-18,0 days 15:57:19.441895,23380,14.78,14.77,29002,14961,2133,-332
984,EQNR,2020-06-18,0 days 15:58:50.662621,25995,14.78,14.77,23085,20588,-725,2579
985,EQT,2020-06-18,0 days 15:57:43.450881,355950,13.69,13.68,3233,3732,1753,-1247
986,EQT,2020-06-18,0 days 15:57:44.453277,347303,13.69,13.68,3033,3732,-8647,1753
987,EQT,2020-06-18,0 days 15:57:52.472546,348303,13.68,13.67,2085,15736,-7258,5942
988,EQT,2020-06-18,0 days 15:59:10.663455,352155,13.68,13.67,1360,4109,-19317,4967
989,ERJ,2020-06-18,0 days 15:55:43.274515,34630,6.58,6.57,5147,8426,-23,1190
990,ERJ,2020-06-18,0 days 15:55:44.277362,33553,6.58,6.57,5147,7776,1077,-23
991,ERJ,2020-06-18,0 days 15:56:06.329332,35330,6.58,6.57,3050,10576,-118,282
992,ERJ,2020-06-18,0 days 15:56:07.331880,34348,6.58,6.57,2750,10576,982,-118
993,ERJ,2020-06-18,0 days 15:58:49.723346,37100,6.59,6.58,3792,13198,-1455,1051
994,ERJ,2020-06-18,0 days 15:58:50.725843,36155,6.59,6.58,3068,13673,945,-1455
995,ERJ,2020-06-18,0 days 15:58:59.747171,37100,6.59,6.58,5466,11421,-255,945
996,ERJ,2020-06-18,0 days 15:59:00.751479,34655,6.59,6.58,12463,5944,2445,-255
997,ERJ,2020-06-18,0 days 15:59:02.755917,38870,6.59,6.58,9340,7044,-2448,745
998,ERJ,2020-06-18,0 days 15:59:03.757727,35471,6.6,6.59,22832,3064,1629,-2448
999,ESRT,2020-06-18,0 days 15:55:58.689361,171160,6.87,6.86,21418,9407,1019,-2781
1000,ESRT,2020-06-18,0 days 15:57:09.860714,176232,6.87,6.86,20776,22331,-10128,619
1001,ESRT,2020-06-18,0 days 15:57:10.863488,175379,6.87,6.86,20776,20313,253,-10128
1002,ESRT,2020-06-18,0 days 15:57:17.880574,169679,6.88,6.87,20628,15875,1100,-4400
1003,ET,2020-06-18,0 days 15:57:05.567142,144160,8.07,8.06,33107,25558,5542,-11083
1004,ET,2020-06-18,0 days 15:57:06.570053,134702,8.07,8.06,32607,26158,-9458,5542
1005,ET,2020-06-18,0 days 15:58:31.775837,134226,8.06,8.05,46002,20461,-9934,7266
1006,ET,2020-06-18,0 days 15:59:44.952972,146460,8.06,8.05,46968,13520,337,-1506
1007,ET,2020-06-18,0 days 15:59:45.956680,201597,8.06,8.05,48568,11619,-7022,337
1008,ETN,2020-06-18,0 days 15:58:44.598793,236351,87.56,87.54,700,656,-40,1246
1009,ETN,2020-06-18,0 days 15:58:58.632607,235489,87.56,87.53,730,700,1203,-1911
1010,ETN,2020-06-18,0 days 15:58:59.635313,232692,87.56,87.53,730,800,-2797,1203
1011,ETN,2020-06-18,0 days 15:59:05.650516,237865,87.59,87.56,400,950,476,-1423
1012,ETN,2020-06-18,0 days 15:59:10.663312,240224,87.65,87.63,100,1100,1457,-7983
1013,ETN,2020-06-18,0 days 15:59:32.715261,291485,87.57,87.55,336,400,696,-989
1014,ETN,2020-06-18,0 days 15:59:33.717653,291381,87.61,87.57,400,800,-104,696
1015,ETN,2020-06-18,0 days 15:59:35.725335,291485,87.58,87.56,200,400,696,-104
1016,ETN,2020-06-18,0 days 15:59:42.738847,291485,87.57,87.54,395,497,2017,-104
1017,ETN,2020-06-18,0 days 15:59:46.748499,288408,87.57,87.54,295,600,-1531,1937
1018,ETRN,2020-06-18,0 days 15:55:00.280539,4294759,9.66,9.65,10415,11646,-90255,1306256
1019,ETRN,2020-06-18,0 days 15:59:12.886430,4690428,9.66,9.65,4686,4900,79887,-39214
1020,ETRN,2020-06-18,0 days 15:59:39.950707,4611832,9.66,9.65,12072,6514,-5538,80662
1021,ETRN,2020-06-18,0 days 15:59:46.967710,4616615,9.66,9.65,12075,3587,-7793,13745
1022,EURN,2020-06-18,0 days 15:56:08.271204,57086,8.55,8.54,7860,5571,-2629,689
1023,EURN,2020-06-18,0 days 15:56:09.273225,54915,8.55,8.54,7865,5571,2171,-2629
1024,EURN,2020-06-18,0 days 15:57:47.508839,57086,8.57,8.56,8966,9654,-639,2679
1025,EURN,2020-06-18,0 days 15:57:48.511340,54625,8.57,8.56,8366,9954,2461,-639
1026,EURN,2020-06-18,0 days 15:58:50.662655,57186,8.56,8.55,11020,2787,-3686,1907
1027,EURN,2020-06-18,0 days 15:58:51.665428,55572,8.56,8.55,11020,2787,1614,-3686
1028,EURN,2020-06-18,0 days 15:58:59.684305,57186,8.55,8.54,7287,2143,-686,1914
1029,EURN,2020-06-18,0 days 15:59:00.687389,56672,8.55,8.54,6687,3343,1749,-686
1030,EURN,2020-06-18,0 days 15:59:37.777655,58421,8.56,8.55,4787,10650,-3951,649
1031,EURN,2020-06-18,0 days 15:59:38.780009,57572,8.56,8.55,4787,10650,849,-3951
1032,EVRI,2020-06-18,0 days 15:56:31.277776,34280,6.06,6.05,1278,1781,-164,14
1033,EVRI,2020-06-18,0 days 15:57:57.484486,34280,6.06,6.05,1476,2399,-264,1614
1034,EVRI,2020-06-18,0 days 15:58:59.635389,34453,6.09,6.08,5343,914,-9,591
1035,EW,2020-06-18,0 days 15:55:00.200098,254724,69.89,69.87,1342,383,-295,74097
1036,EW,2020-06-18,0 days 15:55:01.201708,254519,69.88,69.86,1300,306,205,-295
1037,EW,2020-06-18,0 days 15:56:05.356295,254816,69.9,69.89,418,711,-192,283
1038,EW,2020-06-18,0 days 15:56:06.359770,254608,69.9,69.89,548,1142,208,-192
1039,EW,2020-06-18,0 days 15:56:08.363950,254816,69.91,69.89,800,1244,-20,208
1040,EW,2020-06-18,0 days 15:56:09.366538,254636,69.91,69.89,800,1344,180,-20
1041,EW,2020-06-18,0 days 15:57:11.514175,255490,69.92,69.91,1600,219,-15199,1894
1042,EW,2020-06-18,0 days 15:57:12.517121,255089,69.92,69.9,800,1018,401,-15199
1043,EW,2020-06-18,0 days 15:57:36.574978,255490,69.93,69.91,1500,800,-8799,158
1044,EW,2020-06-18,0 days 15:57:40.584048,253089,69.93,69.92,1100,2313,701,-1599
1045,EW,2020-06-18,0 days 15:57:48.603518,256481,69.93,69.92,1092,800,-8,792
1046,EW,2020-06-18,0 days 15:57:50.608862,254455,69.93,69.92,958,1168,326,-2508
1047,EW,2020-06-18,0 days 15:57:51.611876,254381,69.96,69.94,600,400,-76,326
1048,EW,2020-06-18,0 days 15:57:54.618265,254781,69.94,69.93,300,578,-1576,624
1049,EW,2020-06-18,0 days 15:57:57.625444,252357,69.95,69.93,1495,378,2024,-476
1050,EW,2020-06-18,0 days 15:58:02.638424,254381,69.95,69.93,1055,786,-1276,224
1051,EW,2020-06-18,0 days 15:58:03.640634,254157,69.96,69.93,1369,953,224,-1276
1052,EW,2020-06-18,0 days 15:58:32.712429,254854,69.93,69.91,1290,1598,-1301,399
1053,EW,2020-06-18,0 days 15:58:33.713624,253455,69.93,69.91,1090,1498,1399,-1301
1054,EW,2020-06-18,0 days 15:58:43.738243,256554,69.9,69.89,676,600,-37,599
1055,EW,2020-06-18,0 days 15:59:11.806851,305251,69.99,69.94,1400,200,2835,-1765
1056,EW,2020-06-18,0 days 15:59:27.843147,316322,70.0,69.98,500,1366,-283,111
1057,EW,2020-06-18,0 days 15:59:31.857954,314105,69.98,69.96,495,431,2334,-283
1058,EW,2020-06-18,0 days 15:59:46.888948,316422,70.0,69.95,714,432,-583,2217
1059,EW,2020-06-18,0 days 15:59:49.896766,315601,70.0,69.95,514,300,821,-479
1060,F,2020-06-18,0 days 15:59:10.881739,1248071,6.33,6.32,657898,350401,21818,-50667
1061,FCAU,2020-06-18,0 days 15:55:00.549838,42373,9.36,9.35,2628,22968,4463,-16193
1062,FCAU,2020-06-18,0 days 15:58:50.103168,49789,9.37,9.36,7648,30087,-6700,2548
1063,FCAU,2020-06-18,0 days 15:59:20.173581,58858,9.37,9.36,6300,28915,723,-318
1064,FCAU,2020-06-18,0 days 15:59:21.175732,58081,9.37,9.36,5947,31115,-1188,723
1065,FCX,2020-06-18,0 days 15:55:00.115672,1071585,10.57,10.56,50516,62960,-2338,99289
1066,FCX,2020-06-18,0 days 15:56:26.323385,1108455,10.57,10.56,67550,61516,22056,-1508
1067,FCX,2020-06-18,0 days 15:59:00.696378,1218203,10.58,10.57,27395,88092,3512,-8276
1068,FCX,2020-06-18,0 days 15:59:01.698668,1213315,10.58,10.57,28770,88891,-4888,3512
1069,FCX,2020-06-18,0 days 15:59:14.730542,1258551,10.58,10.57,11918,86918,23857,-29066
1070,FCX,2020-06-18,0 days 15:59:15.728616,1254208,10.58,10.57,8518,87318,-4343,23857
1071,FCX,2020-06-18,0 days 15:59:19.737569,1277668,10.58,10.57,9053,87808,8636,-22760
1072,FCX,2020-06-18,0 days 15:59:20.739919,1272704,10.58,10.57,6487,94333,-4964,8636
1073,FCX,2020-06-18,0 days 15:59:31.766481,1334972,10.59,10.58,118179,12812,9039,-46414
1074,FCX,2020-06-18,0 days 15:59:33.771401,1289111,10.58,10.57,57371,60075,-4057,34743
1075,FCX,2020-06-18,0 days 15:59:47.804521,1316321,10.58,10.57,54832,57240,4620,-20310
1076,FCX,2020-06-18,0 days 15:59:49.810294,1313171,10.58,10.57,43019,64920,-3150,5050
1077,FCX,2020-06-18,0 days 15:59:58.832833,1288117,10.56,10.55,65323,55534,25054,-3150
1078,FE,2020-06-18,0 days 15:59:11.778460,369727,40.52,40.51,957,2513,22341,-56859
1079,FE,2020-06-18,0 days 15:59:12.780373,355512,40.57,40.56,1617,867,-19358,22341
1080,FE,2020-06-18,0 days 15:59:14.785518,377878,40.56,40.55,694,2300,37123,-5538
1081,FE,2020-06-18,0 days 15:59:15.785467,378068,40.58,40.57,1100,900,-2109,37123
1082,FHN,2020-06-18,0 days 15:58:46.661194,201897,10.33,10.32,13812,23473,11181,-2209
1083,FHN,2020-06-18,0 days 15:58:47.663928,195449,10.33,10.32,11112,27573,-6448,11181
1084,FHN,2020-06-18,0 days 15:59:05.707971,201998,10.33,10.32,9233,27593,1512,-1417
1085,FHN,2020-06-18,0 days 15:59:06.710411,193181,10.33,10.32,7951,28993,-8817,1512
1086,FHN,2020-06-18,0 days 15:59:11.725614,213275,10.34,10.33,14048,31843,1635,-15094
1087,FHN,2020-06-18,0 days 15:59:12.726400,215681,10.34,10.33,16552,34404,-2461,1635
1088,FHN,2020-06-18,0 days 15:59:14.730542,218142,10.34,10.33,13950,33528,1342,-2461
1089,FHN,2020-06-18,0 days 15:59:15.728659,213455,10.34,10.33,11848,37306,-4687,1342
1090,FHN,2020-06-18,0 days 15:59:18.734881,229684,10.34,10.33,12696,36595,2137,-14715
1091,FHN,2020-06-18,0 days 15:59:21.742221,228292,10.34,10.33,5448,41237,-1392,2137
1092,FHN,2020-06-18,0 days 15:59:40.788238,231084,10.34,10.33,37805,20846,1803,-2603
1093,FHN,2020-06-18,0 days 15:59:45.802873,228841,10.34,10.33,37953,12606,-3043,7386
1094,FIS,2020-06-18,0 days 15:55:00.548757,229450,140.02,139.99,381,302,-27310,93679
1095,FIS,2020-06-18,0 days 15:56:01.697075,258685,140.14,140.11,200,601,8252,-5807
1096,FIS,2020-06-18,0 days 15:56:02.699476,255837,140.14,140.12,600,300,-2848,8252
1097,FIS,2020-06-18,0 days 15:57:50.959571,265129,140.09,140.05,400,826,2254,-2446
1098,FIS,2020-06-18,0 days 15:57:51.962260,261983,140.09,140.06,600,500,-3146,2254
1099,FIS,2020-06-18,0 days 15:59:10.152773,276366,140.1,140.07,200,800,11599,-4247
1100,FIS,2020-06-18,0 days 15:59:11.155053,289165,140.16,140.13,500,400,-2832,11599
1101,FIS,2020-06-18,0 days 15:59:28.192416,292467,140.19,140.15,592,405,-1971,1743
1102,FIS,2020-06-18,0 days 15:59:37.214512,290513,140.1,140.07,357,700,-125,2675
1103,FIT,2020-06-18,0 days 15:59:45.966818,169766,6.17,6.16,57604,105206,-4033,567
1104,FIT,2020-06-18,0 days 15:59:47.970268,173799,6.17,6.16,30923,125107,3093,-2411
1105,FNF,2020-06-18,0 days 15:55:24.174137,356167,32.21,32.2,4616,1601,-3575,1825
1106,FNF,2020-06-18,0 days 15:55:25.176771,354342,32.2,32.19,2568,1100,1825,-3575
1107,FNF,2020-06-18,0 days 15:55:48.232128,356567,32.2,32.19,4883,1007,-8726,1323
1108,FNF,2020-06-18,0 days 15:55:49.235078,355693,32.2,32.19,4897,2507,874,-8726
1109,FNF,2020-06-18,0 days 15:56:43.364757,357723,32.2,32.19,3413,1028,-11019,681
1110,FNF,2020-06-18,0 days 15:56:44.366838,356942,32.2,32.19,3813,1028,781,-11019
1111,FNF,2020-06-18,0 days 15:57:43.508692,357806,32.2,32.19,3015,6408,-675,425
1112,FNF,2020-06-18,0 days 15:57:44.510528,357381,32.2,32.19,2815,7161,425,-675
1113,FNF,2020-06-18,0 days 15:57:47.517604,357806,32.2,32.19,2835,7276,-775,425
1114,FNF,2020-06-18,0 days 15:57:48.520025,357481,32.2,32.19,2735,7176,325,-775
1115,FNF,2020-06-18,0 days 15:57:49.522984,357806,32.2,32.19,2835,7276,-1075,325
1116,FNF,2020-06-18,0 days 15:58:07.568244,357837,32.2,32.19,2942,2602,-3344,656
1117,FNF,2020-06-18,0 days 15:59:32.768418,460774,32.17,32.16,5059,900,1710,-690
1118,FRO,2020-06-18,0 days 15:55:00.548533,18919,7.87,7.86,6757,9750,-3000,2705
1119,FRO,2020-06-18,0 days 15:58:08.001529,23943,7.87,7.86,17580,4435,688,-1903
1120,FRO,2020-06-18,0 days 15:59:36.211853,24783,7.88,7.87,6915,10107,-66,234
1121,FTCH,2020-06-18,0 days 15:57:13.588016,69482,16.04,16.03,600,7454,-622,2778
1122,FTCH,2020-06-18,0 days 15:57:14.589641,67104,16.04,16.03,781,4574,2378,-622
1123,FTCH,2020-06-18,0 days 15:57:59.697846,67404,16.04,16.03,9643,4766,2078,-122
1124,FTCH,2020-06-18,0 days 15:58:07.718163,69482,16.03,16.02,2335,2321,-7598,2078
1125,FTI,2020-06-18,0 days 15:55:01.060934,275301,7.83,7.82,16710,18164,-2881,1719
1126,FTI,2020-06-18,0 days 15:55:56.193257,278182,7.83,7.82,19014,14853,919,-1981
1127,FTI,2020-06-18,0 days 15:55:57.196053,275701,7.83,7.82,19114,14753,-2481,919
1128,FTI,2020-06-18,0 days 15:56:40.299827,274449,7.81,7.8,18151,10750,-2133,1067
1129,FTI,2020-06-18,0 days 15:57:45.455420,276582,7.81,7.8,37580,21559,1487,-1113
1130,FTI,2020-06-18,0 days 15:57:46.457750,275269,7.81,7.8,36080,21659,-1313,1487
1131,FTI,2020-06-18,0 days 15:57:49.465259,276582,7.81,7.8,30161,23359,1287,-1313
1132,FTI,2020-06-18,0 days 15:57:50.468410,267569,7.81,7.8,28261,25959,-9013,1287
1133,FTI,2020-06-18,0 days 15:58:22.546389,276582,7.81,7.8,32133,55245,1062,-6526
1134,FTI,2020-06-18,0 days 15:58:48.608841,274044,7.82,7.81,15407,21404,-4138,1062
1135,FTI,2020-06-18,0 days 15:59:02.642837,282804,7.83,7.82,1988,29110,4240,-691
1136,FTI,2020-06-18,0 days 15:59:03.646170,280044,7.84,7.83,15600,23138,-2760,4240
1137,FTI,2020-06-18,0 days 15:59:10.663280,284304,7.84,7.83,20583,21465,98985,-4260
1138,FTV,2020-06-18,0 days 15:59:11.665615,398561,68.25,68.24,681,200,-3161,14081
1139,FTV,2020-06-18,0 days 15:59:14.673936,392345,68.21,68.2,508,1300,6216,-9926
1140,FTV,2020-06-18,0 days 15:59:16.676875,399367,68.15,68.13,700,100,-85498,6216
1141,GCI,2020-06-18,0 days 15:56:47.374105,455408,1.91,1.9,28970,33150,244,-6756
1142,GCI,2020-06-18,0 days 15:57:14.438603,438452,1.91,1.9,29062,35907,-16956,244
1143,GE,2020-06-18,0 days 15:55:00.616967,4911727,7.27,7.26,199908,275512,-162632,126267
1144,GE,2020-06-18,0 days 15:57:48.018407,5074759,7.26,7.25,104470,445603,59182,-40918
1145,GE,2020-06-18,0 days 15:59:08.212713,5099542,7.27,7.26,314465,215831,-11286,7513
1146,GE,2020-06-18,0 days 15:59:10.218804,5320630,7.27,7.26,186649,295630,10032,-11286
1147,GE,2020-06-18,0 days 15:59:11.221112,5330663,7.27,7.26,113247,295376,-129219,10032
1148,GE,2020-06-18,0 days 15:59:13.225241,5312287,7.27,7.26,107268,299076,18375,-51724
1149,GE,2020-06-18,0 days 15:59:45.300950,5360808,7.27,7.26,271912,238129,-23157,789
1150,GE,2020-06-18,0 days 15:59:46.303114,5360265,7.27,7.26,226805,247488,542,-23157
1151,GE,2020-06-18,0 days 15:59:51.316408,5292808,7.28,7.27,144755,292783,-62690,10442
1152,GFI,2020-06-18,0 days 15:57:09.426598,43611,7.56,7.55,50234,35589,1590,-1575
1153,GFI,2020-06-18,0 days 15:59:27.757239,52031,7.56,7.55,78192,21562,-4758,2478
1154,GIS,2020-06-18,0 days 15:59:13.719899,305237,61.74,61.73,1159,188,-19180,21951
1155,GIS,2020-06-18,0 days 15:59:14.722593,300645,61.72,61.71,612,1934,4592,-19180
1156,GIS,2020-06-18,0 days 15:59:25.747923,304771,61.75,61.74,2459,1547,-498,1332
1157,GIS,2020-06-18,0 days 15:59:28.754995,297044,61.75,61.74,3244,1310,7727,-2773
1158,GIS,2020-06-18,0 days 15:59:35.773205,306355,61.74,61.72,909,778,-343,7434
1159,GIS,2020-06-18,0 days 15:59:36.776134,306698,61.72,61.71,150,300,2434,-343
1160,GIS,2020-06-18,0 days 15:59:44.794255,311632,61.71,61.7,1655,1258,-907,142
1161,GIS,2020-06-18,0 days 15:59:48.804569,311874,61.71,61.7,1924,1374,658,-2076
1162,GOL,2020-06-18,0 days 15:56:57.548033,6960,6.93,6.92,6814,1287,-2663,3837
1163,GOL,2020-06-18,0 days 15:56:58.550566,6523,6.93,6.92,7014,1587,437,-2663
1164,GOL,2020-06-18,0 days 15:59:36.934098,7640,6.93,6.92,7640,12774,-2832,268
1165,GOL,2020-06-18,0 days 15:59:37.936434,7372,6.93,6.92,15950,784,268,-2832
1166,GOLD,2020-06-18,0 days 15:55:00.064371,403113,24.09,24.08,10710,9802,-167858,45040
1167,GOLD,2020-06-18,0 days 15:59:38.729849,556212,23.98,23.97,17112,46309,-6772,19918
1168,GPK,2020-06-18,0 days 15:56:38.343193,335759,14.02,14.01,15667,2630,47,-1553
1169,GPK,2020-06-18,0 days 15:57:08.415364,333606,14.02,14.01,13853,2528,-1289,911
1170,GPK,2020-06-18,0 days 15:57:43.499415,333606,14.01,14.0,14233,5071,-1752,48
1171,GPK,2020-06-18,0 days 15:58:03.548057,337458,14.01,14.0,18785,1344,1591,-109
1172,GPK,2020-06-18,0 days 15:58:06.555697,336149,14.0,13.99,5832,10792,-1309,1091
1173,GPK,2020-06-18,0 days 15:59:05.700515,343764,14.01,14.0,3942,27510,589,-1211
1174,GPK,2020-06-18,0 days 15:59:12.717582,349719,14.01,14.0,5322,27610,-4931,589
1175,GPK,2020-06-18,0 days 15:59:26.750573,358111,14.01,14.0,14178,25228,2994,-2006
1176,GPK,2020-06-18,0 days 15:59:27.753288,351105,14.01,14.0,13101,25602,-7006,2994
1177,GPN,2020-06-18,0 days 15:59:15.227848,200664,180.35,180.25,300,673,35238,-20372
1178,GPN,2020-06-18,0 days 15:59:16.230009,200402,180.46,180.44,100,200,-1332,35238
1179,GPN,2020-06-18,0 days 15:59:17.232383,201734,180.46,180.42,258,621,68,-1332
1180,GPN,2020-06-18,0 days 15:59:18.234643,201602,180.48,180.42,146,772,-866,68
1181,GPN,2020-06-18,0 days 15:59:23.247481,206554,180.53,180.45,1822,115,38475,-1535
1182,GPN,2020-06-18,0 days 15:59:45.301063,232610,180.62,180.55,469,200,-4856,10237
1183,GPN,2020-06-18,0 days 15:59:46.303242,230366,180.71,180.55,100,200,2332,-4856
1184,GPN,2020-06-18,0 days 15:59:49.310924,232698,180.68,180.53,100,100,-1168,632
1185,GPN,2020-06-18,0 days 15:59:50.316262,229266,180.68,180.53,100,100,3978,-1168
1186,GPS,2020-06-18,0 days 15:59:12.886900,527484,10.92,10.91,25867,73367,52371,-238185
1187,GPS,2020-06-18,0 days 15:59:13.888628,330879,10.94,10.93,12550,13185,-196705,52371
1188,GPS,2020-06-18,0 days 15:59:15.893138,529684,10.94,10.93,5850,23276,32083,-202558
1189,GPS,2020-06-18,0 days 15:59:16.894844,511867,10.95,10.94,8415,21844,-17817,32083
1190,GRUB,2020-06-18,0 days 15:56:01.347635,171964,63.73,63.72,100,100,-15590,37863
1191,GRUB,2020-06-18,0 days 15:56:02.349499,164754,63.72,63.69,1500,402,7210,-15590
1192,GRUB,2020-06-18,0 days 15:57:03.494596,171964,63.6,63.55,302,680,-669,3231
1193,GRUB,2020-06-18,0 days 15:57:04.497014,165533,63.62,63.57,200,200,6431,-669
1194,GRUB,2020-06-18,0 days 15:58:04.642945,171964,63.72,63.69,200,600,-12231,4631
1195,GRUB,2020-06-18,0 days 15:58:05.645414,166095,63.78,63.71,400,300,5869,-12231
1196,GRUB,2020-06-18,0 days 15:58:21.683926,171976,63.76,63.73,200,200,-1117,1783
1197,GRUB,2020-06-18,0 days 15:58:22.686644,168293,63.81,63.71,400,200,3683,-1117
1198,GRUB,2020-06-18,0 days 15:59:05.792223,172090,63.68,63.64,500,300,-1357,1981
1199,GRUB,2020-06-18,0 days 15:59:06.794037,166347,63.75,63.67,300,890,5743,-1357
1200,GRUB,2020-06-18,0 days 15:59:12.809849,172090,63.72,63.65,400,1036,-120,5743
1201,GRUB,2020-06-18,0 days 15:59:20.825864,171328,63.71,63.67,200,300,1082,-3603
1202,GRUB,2020-06-18,0 days 15:59:22.831267,172410,63.82,63.73,300,394,-8387,13
1203,GRUB,2020-06-18,0 days 15:59:26.840419,170397,63.75,63.7,400,200,2032,-668
1204,GRUB,2020-06-18,0 days 15:59:32.856158,172529,63.76,63.7,200,700,-3403,632
1205,GRUB,2020-06-18,0 days 15:59:41.876773,170724,63.74,63.7,296,300,1805,-4095
1206,GRUB,2020-06-18,0 days 15:59:44.883832,172529,63.7,63.64,300,800,-948,205
1207,GRUB,2020-06-18,0 days 15:59:45.887108,172377,63.69,63.64,200,987,152,-948
1208,GRUB,2020-06-18,0 days 15:59:51.902370,172529,63.77,63.72,113,700,-4874,189
1209,GSK,2020-06-18,0 days 15:55:00.064774,31639,40.94,40.93,4290,6790,-5096,5831
1210,GSK,2020-06-18,0 days 15:58:07.510628,36624,40.96,40.95,13141,6159,179,-350
1211,GSK,2020-06-18,0 days 15:58:50.614075,37099,40.94,40.93,7169,4327,-1915,75
1212,GSX,2020-06-18,0 days 15:55:19.594427,89536,56.03,56.01,400,600,-3142,11260
1213,GSX,2020-06-18,0 days 15:55:20.597159,85978,56.01,55.98,1459,797,3558,-3142
1214,GSX,2020-06-18,0 days 15:56:01.696940,89936,55.99,55.98,200,2000,-908,10392
1215,GSX,2020-06-18,0 days 15:56:03.701448,86098,55.99,55.98,1168,2300,3838,-2462
1216,GSX,2020-06-18,0 days 15:58:23.038111,93710,56.02,56.01,1585,698,2226,-378
1217,GSX,2020-06-18,0 days 15:58:46.093016,96233,56.02,56.01,1449,3598,-11779,1123
1218,GSX,2020-06-18,0 days 15:58:54.113082,92410,56.01,55.99,1475,1865,4223,-10179
1219,GSX,2020-06-18,0 days 15:59:06.142215,93170,56.0,55.99,1143,1719,3463,-9039
1220,HAL,2020-06-18,0 days 15:57:55.528168,1381689,13.15,13.14,37795,26630,9576,-26324
1221,HAL,2020-06-18,0 days 15:57:56.530413,1359565,13.15,13.14,29045,32463,-22124,9576
1222,HAL,2020-06-18,0 days 15:59:11.714802,1419973,13.17,13.16,17794,36755,45173,-13042
1223,HBI,2020-06-18,0 days 15:56:48.376934,608020,11.82,11.81,21216,11800,-5657,13643
1224,HBI,2020-06-18,0 days 15:58:04.559706,606121,11.8,11.79,30742,21201,-7556,5744
1225,HBI,2020-06-18,0 days 15:58:08.569235,613677,11.8,11.79,37845,17075,402,-7556
1226,HBI,2020-06-18,0 days 15:58:09.572233,610079,11.8,11.79,36245,19375,-3598,402
1227,HBI,2020-06-18,0 days 15:59:01.698893,613917,11.81,11.8,15865,13857,19901,-1074
1228,HBI,2020-06-18,0 days 15:59:13.728437,638629,11.81,11.8,4916,21927,10584,-21509
1229,HBI,2020-06-18,0 days 15:59:44.797953,641799,11.81,11.8,28240,11499,3193,-489
1230,HBI,2020-06-18,0 days 15:59:45.803004,640892,11.81,11.8,28583,12221,-907,3193
