,Symbol,Timestamp,TIME,iPaired,Ask_P,Bid_P,Ask_S,Bid_S,iShares,PreviShares
0,A,2020-06-12,0 days 15:59:12.156942,215570,86.06,86.04,200,250,-1937,199
1,A,2020-06-12,0 days 15:59:13.158950,212952,86.05,86.02,315,350,2451,-1937
2,A,2020-06-12,0 days 15:59:23.183489,215589,86.09,86.05,141,100,-1587,430
3,A,2020-06-12,0 days 15:59:24.185695,212776,86.06,86.03,100,300,2646,-1587
4,A,2020-06-12,0 days 15:59:46.240568,204285,86.09,86.06,400,550,10337,-3916
5,A,2020-06-12,0 days 15:59:48.245779,215852,86.09,86.08,100,550,-1381,4167
6,A,2020-06-12,0 days 15:59:49.247498,214833,86.09,86.06,100,1150,919,-1381
7,ABB,2020-06-12,0 days 15:58:56.116059,32959,20.89,20.88,7000,15985,1191,-670
8,ABBV,2020-06-12,0 days 15:56:02.696586,588891,92.67,92.65,592,608,-7297,2316
9,ABBV,2020-06-12,0 days 15:56:03.699204,582907,92.65,92.63,456,500,5984,-7297
10,ABBV,2020-06-12,0 days 15:57:02.841732,590990,92.75,92.74,300,787,14,-86
11,ABBV,2020-06-12,0 days 15:57:07.854075,591427,92.74,92.73,1173,598,139,-423
12,ABBV,2020-06-12,0 days 15:57:33.916223,592159,92.69,92.67,704,200,-2752,2440
13,ABBV,2020-06-12,0 days 15:57:34.918868,586603,92.69,92.67,700,200,6243,-2752
14,ABBV,2020-06-12,0 days 15:57:42.937578,588962,92.72,92.7,1210,1338,3197,-4860
15,ABBV,2020-06-12,0 days 15:57:58.976439,588743,92.69,92.67,380,200,4916,-6184
16,ABBV,2020-06-12,0 days 15:58:13.012275,593142,92.69,92.68,800,500,2931,-2469
17,ABBV,2020-06-12,0 days 15:58:38.071466,592579,92.73,92.72,310,500,-5878,2032
18,ABBV,2020-06-12,0 days 15:58:39.073877,590457,92.73,92.72,310,710,2122,-5878
19,ABBV,2020-06-12,0 days 15:59:02.130534,614969,92.65,92.64,300,220,-3130,16378
20,ABBV,2020-06-12,0 days 15:59:03.135902,611140,92.61,92.6,300,1144,12516,-3130
21,ABBV,2020-06-12,0 days 15:59:05.139865,623756,92.6,92.58,600,300,-1701,3450
22,ABBV,2020-06-12,0 days 15:59:17.164764,647412,92.46,92.44,257,100,-18722,2590
23,ABBV,2020-06-12,0 days 15:59:22.177840,645999,92.46,92.44,239,507,-3486,3344
24,ABBV,2020-06-12,0 days 15:59:24.182579,644593,92.46,92.44,100,100,219,-981
25,ABBV,2020-06-12,0 days 15:59:25.184432,644812,92.47,92.45,842,400,-4881,219
26,ABBV,2020-06-12,0 days 15:59:26.186989,641355,92.41,92.4,400,201,8244,-4881
27,ABBV,2020-06-12,0 days 15:59:30.197567,645999,92.47,92.45,128,1900,-9798,40
28,ABBV,2020-06-12,0 days 15:59:32.202365,644805,92.49,92.48,202,600,240,-760
29,ABBV,2020-06-12,0 days 15:59:33.204707,644545,92.5,92.49,101,500,-1533,240
30,ABBV,2020-06-12,0 days 15:59:34.206101,644478,92.51,92.49,600,600,67,-1533
31,ABBV,2020-06-12,0 days 15:59:35.208869,637958,92.56,92.54,200,300,-6870,67
32,ABBV,2020-06-12,0 days 15:59:38.215702,643328,92.55,92.53,305,950,1630,-7678
33,ABEV,2020-06-12,0 days 15:59:11.140451,149937,2.72,2.71,558870,780276,-4291,14426
34,ABT,2020-06-12,0 days 15:58:46.078295,722101,89.2,89.18,500,505,-24931,41387
35,ABT,2020-06-12,0 days 15:58:47.080212,709145,89.18,89.16,400,802,12956,-24931
36,ABT,2020-06-12,0 days 15:59:06.130031,724757,89.06,89.05,691,100,4288,-919
37,ABT,2020-06-12,0 days 15:59:18.156267,747491,89.02,89.0,838,400,-4653,11796
38,ABT,2020-06-12,0 days 15:59:19.158844,742877,89.01,88.98,1400,1078,4614,-4653
39,ABT,2020-06-12,0 days 15:59:30.189801,747691,89.01,89.0,281,1706,-1630,582
40,ABT,2020-06-12,0 days 15:59:32.192209,738109,89.02,89.01,716,100,11682,-7817
41,ABT,2020-06-12,0 days 15:59:33.195018,747491,89.05,89.04,200,800,-10617,11682
42,ABT,2020-06-12,0 days 15:59:34.197062,738608,89.02,89.0,200,400,8983,-10617
43,ABT,2020-06-12,0 days 15:59:35.199509,747391,89.05,89.04,301,400,-3117,8983
44,ABT,2020-06-12,0 days 15:59:41.213408,742920,89.07,89.06,300,536,139,-6949
45,ABT,2020-06-12,0 days 15:59:47.227169,747591,89.06,89.04,500,200,-7438,11551
46,ABT,2020-06-12,0 days 15:59:50.236980,739474,89.11,89.1,200,257,3205,-6613
47,ABT,2020-06-12,0 days 15:59:54.245385,742679,89.15,89.11,294,3100,-9507,5699
48,ABT,2020-06-12,0 days 15:59:56.250255,739388,89.1,89.06,692,5212,3291,-8795
49,ACM,2020-06-12,0 days 15:52:42.214883,91319,39.9,39.89,1300,155,427,-173
50,ACM,2020-06-12,0 days 15:55:00.547139,101548,39.85,39.84,173,600,-537,427
51,ACM,2020-06-12,0 days 15:57:55.969138,104055,39.88,39.86,600,604,519,-181
52,ACM,2020-06-12,0 days 15:57:56.972104,103574,39.88,39.86,400,885,-481,519
53,ACM,2020-06-12,0 days 15:57:57.974426,104055,39.88,39.86,400,885,119,-481
54,ACM,2020-06-12,0 days 15:57:58.976439,103574,39.88,39.87,300,1181,-481,119
55,ACM,2020-06-12,0 days 15:58:39.073846,104376,39.9,39.89,569,494,-549,351
56,ACM,2020-06-12,0 days 15:58:56.115840,107125,39.94,39.93,400,904,2521,-650
57,ACM,2020-06-12,0 days 15:58:57.117258,106746,39.95,39.94,787,294,-379,2521
58,ACM,2020-06-12,0 days 15:59:04.133594,105868,39.91,39.89,400,800,-204,1196
59,ACM,2020-06-12,0 days 15:59:33.204675,117874,39.91,39.9,1985,478,49,-551
60,ACM,2020-06-12,0 days 15:59:36.210559,117923,39.93,39.91,200,386,-951,49
61,ACM,2020-06-12,0 days 15:59:44.229887,117323,39.91,39.89,700,506,-551,3649
62,ACM,2020-06-12,0 days 15:59:48.240806,117274,39.89,39.85,1173,1300,49,-451
63,ACM,2020-06-12,0 days 15:59:49.242877,116723,39.89,39.87,1153,300,-551,49
64,ACM,2020-06-12,0 days 15:59:59.266070,116274,39.84,39.83,1000,3824,249,-1551
65,ACN,2020-06-12,0 days 15:59:08.144417,340263,201.63,201.52,125,200,-246,17881
66,ACN,2020-06-12,0 days 15:59:09.148966,337639,201.58,201.54,300,125,2624,-246
67,ACN,2020-06-12,0 days 15:59:11.152361,341419,201.61,201.54,522,325,-5709,2624
68,ACN,2020-06-12,0 days 15:59:12.154185,338951,201.57,201.5,681,288,2468,-5709
69,ACN,2020-06-12,0 days 15:59:36.211531,342112,201.68,201.62,425,125,2884,-3834
70,ACN,2020-06-12,0 days 15:59:37.215093,344996,201.71,201.63,125,300,-16,2884
71,ACN,2020-06-12,0 days 15:59:42.228798,344581,201.72,201.63,921,925,415,-215
72,ACN,2020-06-12,0 days 15:59:43.229127,344996,201.7,201.64,596,325,-29,415
73,ACN,2020-06-12,0 days 15:59:47.239181,341987,201.69,201.63,1325,225,14186,-610
74,ADM,2020-06-12,0 days 15:56:05.705653,270764,39.46,39.45,2333,2374,393,-29
75,ADM,2020-06-12,0 days 15:56:06.707767,262957,39.46,39.45,1163,3141,-7807,393
76,ADM,2020-06-12,0 days 15:58:06.997247,268691,39.47,39.46,1555,1500,-3414,686
77,ADM,2020-06-12,0 days 15:58:22.033296,272105,39.49,39.48,757,3300,12,-1114
78,ADM,2020-06-12,0 days 15:58:35.065018,268954,39.5,39.49,2400,1136,-3151,49
79,ADM,2020-06-12,0 days 15:59:15.163734,277075,39.45,39.44,1489,559,-572,2188
80,ADM,2020-06-12,0 days 15:59:16.163755,277647,39.45,39.44,2189,559,1354,-572
81,AEG,2020-06-12,0 days 15:55:00.542527,9504,2.93,2.92,66234,126201,11520,-2864
82,AEM,2020-06-12,0 days 15:57:28.904409,29869,59.33,59.31,100,400,313,-787
83,AEM,2020-06-12,0 days 15:57:29.906882,29082,59.33,59.31,100,400,-787,313
84,AEM,2020-06-12,0 days 15:58:21.031766,29556,59.3,59.29,820,428,-513,587
85,AEM,2020-06-12,0 days 15:59:09.146755,29669,59.26,59.24,400,100,261,-213
86,AEM,2020-06-12,0 days 15:59:10.148347,29230,59.27,59.25,400,589,-439,261
87,AEO,2020-06-12,0 days 15:58:53.114208,134711,11.98,11.97,24141,8164,-811,1512
88,AEO,2020-06-12,0 days 15:59:09.155005,136822,11.98,11.97,31585,9980,397,-1006
89,AEO,2020-06-12,0 days 15:59:11.158759,137219,11.98,11.97,29770,11539,-31990,397
90,AEP,2020-06-12,0 days 15:57:35.907340,445533,81.75,81.73,500,200,-249,2415
91,AEP,2020-06-12,0 days 15:57:40.919602,449782,81.75,81.73,300,400,4351,-249
92,AEP,2020-06-12,0 days 15:58:08.989912,448501,81.82,81.79,400,601,-237,1679
93,AEP,2020-06-12,0 days 15:58:30.039547,437985,81.88,81.86,593,1208,2308,-1292
94,AEP,2020-06-12,0 days 15:59:01.118705,439904,81.85,81.83,300,100,4433,-3
95,AEP,2020-06-12,0 days 15:59:17.154883,460038,81.8,81.77,371,405,-2074,1111
96,AEP,2020-06-12,0 days 15:59:18.156400,457812,81.78,81.76,206,451,1546,-2074
97,AEP,2020-06-12,0 days 15:59:30.190053,460848,81.77,81.76,210,300,2077,-2823
98,AEP,2020-06-12,0 days 15:59:34.197226,458358,81.78,81.76,600,505,4567,-1769
99,AEP,2020-06-12,0 days 15:59:42.216385,454606,81.81,81.8,200,200,4903,-197
100,AEP-B,2020-06-12,0 days 15:55:01.535449,100,49.65,49.18,100,200,91,-4209
101,AEP-B,2020-06-12,0 days 15:59:01.118425,191,49.66,49.13,3800,573,-24,176
102,AEP-B,2020-06-12,0 days 15:59:02.118228,15,49.66,49.13,3800,560,176,-24
103,AEP-B,2020-06-12,0 days 15:59:36.201062,191,49.65,49.29,2100,100,-337,176
104,AEP-B,2020-06-12,0 days 15:59:37.203879,115,49.65,49.13,2100,400,76,-337
105,AES,2020-06-12,0 days 15:59:02.133095,751070,12.68,12.67,11969,6819,-361,33884
106,AES,2020-06-12,0 days 15:59:03.135928,751831,12.67,12.66,9370,6870,309,-361
107,AES,2020-06-12,0 days 15:59:15.163520,754663,12.65,12.64,13836,18410,967,-3505
108,AES,2020-06-12,0 days 15:59:36.212128,764482,12.66,12.65,26983,5871,-721,3879
109,AES,2020-06-12,0 days 15:59:40.221566,760992,12.68,12.67,11700,15626,-8658,3879
110,AES,2020-06-12,0 days 15:59:50.248232,752424,12.68,12.67,4130,19554,9597,-6075
111,AFL,2020-06-12,0 days 15:55:48.658210,342582,36.67,36.66,323,890,-35,1199
112,AFL,2020-06-12,0 days 15:55:51.665757,341607,36.68,36.67,300,1094,975,-225
113,AFL,2020-06-12,0 days 15:55:59.685016,343020,36.66,36.65,1104,600,-2687,1413
114,AFL,2020-06-12,0 days 15:56:00.688310,342307,36.66,36.65,1819,480,713,-2687
115,AFL,2020-06-12,0 days 15:56:20.736754,343317,36.7,36.69,826,900,-33,727
116,AFL,2020-06-12,0 days 15:56:21.739362,342650,36.7,36.69,882,600,667,-33
117,AFL,2020-06-12,0 days 15:56:32.765774,344031,36.66,36.65,662,2146,-5319,7181
118,AFL,2020-06-12,0 days 15:56:33.767247,343150,36.67,36.66,1010,1195,881,-5319
119,AFL,2020-06-12,0 days 15:57:37.921393,344333,36.7,36.69,627,500,-821,879
120,AFL,2020-06-12,0 days 15:57:38.923261,343454,36.7,36.69,727,200,879,-821
121,AFL,2020-06-12,0 days 15:57:46.942743,351633,36.68,36.67,800,466,-1521,1179
122,AFL,2020-06-12,0 days 15:57:47.944992,350254,36.68,36.67,588,1267,1379,-1521
123,AFL,2020-06-12,0 days 15:57:48.947606,351633,36.69,36.68,1634,200,-521,1379
124,AFL,2020-06-12,0 days 15:57:49.950319,350254,36.68,36.67,1402,606,1379,-521
125,AFL,2020-06-12,0 days 15:57:53.961051,352833,36.69,36.68,1238,2516,-1421,2579
126,AFL,2020-06-12,0 days 15:57:54.961768,351354,36.7,36.69,900,900,1479,-1421
127,AFL,2020-06-12,0 days 15:57:55.963871,352833,36.7,36.69,800,2593,-521,1479
128,AFL,2020-06-12,0 days 15:57:56.968671,351954,36.7,36.69,500,2993,879,-521
129,AFL,2020-06-12,0 days 15:57:58.971759,352833,36.7,36.69,738,2793,-1821,879
130,AFL,2020-06-12,0 days 15:57:59.974985,351354,36.69,36.68,2262,200,1479,-1821
131,AFL,2020-06-12,0 days 15:58:01.980692,353433,36.69,36.68,500,2070,-521,4679
132,AFL,2020-06-12,0 days 15:58:02.982910,351854,36.7,36.69,1730,200,1579,-521
133,AFL,2020-06-12,0 days 15:58:21.027440,348354,36.72,36.71,1575,2217,1098,-3302
134,AFL,2020-06-12,0 days 15:58:57.113870,350954,36.73,36.72,2368,515,1041,-2321
135,AFL,2020-06-12,0 days 15:58:58.116386,355395,36.72,36.71,900,900,-757,1041
136,AFL,2020-06-12,0 days 15:59:11.148352,384170,36.67,36.66,1249,988,-9380,1339
137,AFL,2020-06-12,0 days 15:59:12.150285,381650,36.66,36.65,1804,460,2520,-9380
138,AFL,2020-06-12,0 days 15:59:16.160076,386622,36.66,36.65,890,1150,-2450,430
139,AFL,2020-06-12,0 days 15:59:17.162521,385472,36.65,36.64,1253,988,1150,-2450
140,AFL,2020-06-12,0 days 15:59:32.200060,385707,36.66,36.65,275,1474,915,-2585
141,AFL,2020-06-12,0 days 15:59:45.231581,386622,36.66,36.65,662,2801,-516,384
142,AGI,2020-06-12,0 days 15:56:14.725733,51529,7.81,7.8,9266,54494,8216,-803
143,AGI,2020-06-12,0 days 15:56:15.729638,46945,7.81,7.8,9266,54494,-4584,8216
144,AHT,2020-06-12,0 days 15:56:12.728678,15936,0.89,0.88,546,38430,11096,-54818
145,AHT,2020-06-12,0 days 15:57:18.887247,26532,0.91,0.89,8800,100,-63717,11096
146,AJG,2020-06-12,0 days 15:56:55.821473,109661,95.2,95.16,100,505,903,-1597
147,AJG,2020-06-12,0 days 15:57:09.854821,109564,95.29,95.21,1025,894,-197,503
148,AJG,2020-06-12,0 days 15:57:34.915482,109761,95.23,95.19,500,700,853,-348
149,AJG,2020-06-12,0 days 15:57:35.918117,109514,95.23,95.19,486,700,-247,853
150,AJG,2020-06-12,0 days 15:57:46.943316,109761,95.26,95.21,1175,2955,153,-147
151,AJG,2020-06-12,0 days 15:58:33.055784,113026,95.49,95.45,486,100,-1017,283
152,AJG,2020-06-12,0 days 15:58:34.058235,112743,95.49,95.44,286,238,283,-1017
153,AJG,2020-06-12,0 days 15:59:17.162808,121718,95.36,95.34,400,100,580,-1220
154,AJG,2020-06-12,0 days 15:59:25.182190,121333,95.45,95.39,100,214,383,-317
155,AJG,2020-06-12,0 days 15:59:27.187061,122368,95.38,95.34,201,200,-65,1135
156,AJG,2020-06-12,0 days 15:59:41.221034,121793,95.39,95.33,400,100,575,-65
157,AJG,2020-06-12,0 days 15:59:42.224983,121716,95.45,95.37,503,605,-1107,575
158,AJG,2020-06-12,0 days 15:59:46.235133,121923,95.42,95.38,300,100,445,-207
159,ALL,2020-06-12,0 days 15:58:13.013047,201390,95.87,95.84,200,500,-2752,1148
160,ALL,2020-06-12,0 days 15:58:15.017067,199842,95.87,95.84,201,1345,1548,-1952
161,ALL,2020-06-12,0 days 15:59:07.142461,202569,95.79,95.76,400,100,-608,5414
162,ALL,2020-06-12,0 days 15:59:08.144591,201677,95.79,95.75,300,623,305,-608
163,ALL,2020-06-12,0 days 15:59:11.152498,202682,95.83,95.77,500,200,-4499,166
164,ALL,2020-06-12,0 days 15:59:15.163592,203582,95.75,95.72,300,100,-1137,1163
165,ALL,2020-06-12,0 days 15:59:27.189656,204922,95.69,95.67,257,200,1333,-567
166,ALLY,2020-06-12,0 days 15:55:00.554728,884200,20.31,20.3,3807,2600,57042,-17108
167,ALLY,2020-06-12,0 days 15:57:47.956544,928803,20.41,20.4,1807,10227,-1574,326
168,ALLY,2020-06-12,0 days 15:57:49.961798,930377,20.42,20.41,9418,428,5326,-674
169,ALLY,2020-06-12,0 days 15:57:50.965535,929703,20.41,20.4,1499,13656,-674,5326
170,ALLY,2020-06-12,0 days 15:57:56.979021,935177,20.42,20.41,5891,5445,7126,-1174
171,ALLY,2020-06-12,0 days 15:57:58.982740,934103,20.42,20.41,5291,7329,-1074,4926
172,ALLY,2020-06-12,0 days 15:58:38.078074,931492,20.42,20.41,5943,900,16120,-7597
173,ALLY,2020-06-12,0 days 15:58:39.080532,930212,20.42,20.41,5943,1000,-1280,16120
174,ALLY,2020-06-12,0 days 15:58:59.128689,934351,20.43,20.42,4100,2611,135,-1402
175,ALLY,2020-06-12,0 days 15:59:00.135807,933086,20.42,20.41,300,7769,-1565,135
176,ALLY,2020-06-12,0 days 15:59:03.142411,933857,20.41,20.4,1500,5667,367,-727
177,ALLY,2020-06-12,0 days 15:59:04.141294,933024,20.41,20.4,400,6376,-833,367
178,ALLY,2020-06-12,0 days 15:59:09.155040,933768,20.41,20.4,808,3876,29322,-244
179,AMCR,2020-06-12,0 days 15:58:46.087077,851870,9.86,9.85,8203,48713,26595,-25005
180,AMH,2020-06-12,0 days 15:57:41.921084,317986,27.18,27.17,8298,6271,-1328,1772
181,AMH,2020-06-12,0 days 15:57:42.923610,312814,27.18,27.17,8266,8863,5172,-1328
182,AMH,2020-06-12,0 days 15:58:14.000263,316867,27.19,27.18,603,10428,1119,-181
183,AMH,2020-06-12,0 days 15:58:37.049135,315775,27.2,27.19,5132,574,-1092,1119
184,AMH,2020-06-12,0 days 15:58:38.052370,314767,27.2,27.19,5032,1174,1008,-1092
185,AMH,2020-06-12,0 days 15:58:39.053886,315775,27.2,27.19,5632,912,-2392,1008
186,AMH,2020-06-12,0 days 15:59:47.220761,341354,27.17,27.16,2900,2000,2408,-192
187,AMH,2020-06-12,0 days 15:59:48.223348,343762,27.17,27.16,1100,4099,-780,2408
188,AMT,2020-06-12,0 days 15:59:49.244697,225746,258.2,258.12,100,942,-1308,1384
189,AMT,2020-06-12,0 days 15:59:50.248679,210954,258.25,258.04,100,925,16692,-1308
190,AMX,2020-06-12,0 days 15:59:07.167647,54731,13.87,13.86,11735,20472,5527,-1707
191,ANTM,2020-06-12,0 days 15:55:00.533903,262373,265.65,265.37,325,320,-187,3932
192,ANTM,2020-06-12,0 days 15:55:01.535537,262360,265.65,265.37,483,193,13,-187
193,ANTM,2020-06-12,0 days 15:55:20.584355,262373,265.73,265.54,200,240,-87,13
194,ANTM,2020-06-12,0 days 15:55:31.609690,262360,265.63,265.54,124,125,13,-87
195,ANTM,2020-06-12,0 days 15:55:59.676915,264392,265.75,265.55,200,580,-1268,232
196,ANTM,2020-06-12,0 days 15:56:00.680201,264363,265.7,265.56,100,526,29,-1268
197,ANTM,2020-06-12,0 days 15:57:40.919602,265653,265.76,265.64,200,125,-72,209
198,ANTM,2020-06-12,0 days 15:57:41.921109,265625,265.76,265.64,300,685,2328,-72
199,ANTM,2020-06-12,0 days 15:57:42.923908,265653,265.87,265.7,100,100,-1172,2328
200,ANTM,2020-06-12,0 days 15:57:43.927654,265625,265.77,265.7,225,100,28,-1172
201,ANTM,2020-06-12,0 days 15:57:46.933940,267053,265.62,265.38,125,100,-172,828
202,ANTM,2020-06-12,0 days 15:57:47.936329,266025,265.68,265.51,325,125,3228,-172
203,ANTM,2020-06-12,0 days 15:57:50.944222,267194,265.67,265.39,125,100,-2031,128
204,ANTM,2020-06-12,0 days 15:57:53.952115,266025,265.66,265.52,100,245,2369,-2231
205,ANTM,2020-06-12,0 days 15:57:54.953280,267194,265.75,265.64,300,225,-2231,2369
206,ANTM,2020-06-12,0 days 15:57:55.956208,266025,265.74,265.54,418,125,2369,-2231
207,ANTM,2020-06-12,0 days 15:57:56.960692,267194,265.74,265.54,418,345,-1731,2369
208,ANTM,2020-06-12,0 days 15:57:58.963293,266025,265.73,265.58,325,125,2369,-4231
209,ANTM,2020-06-12,0 days 15:58:00.969870,267194,265.72,265.59,125,125,-2231,169
210,ANTM,2020-06-12,0 days 15:58:03.976483,266925,265.64,265.43,100,100,2069,-2331
211,ANTM,2020-06-12,0 days 15:58:09.990342,268882,265.73,265.6,100,619,-535,265
212,ANTM,2020-06-12,0 days 15:58:10.994147,268017,265.73,265.6,100,711,865,-535
213,ANTM,2020-06-12,0 days 15:58:11.996989,268882,265.85,265.61,125,135,-1235,865
214,ANTM,2020-06-12,0 days 15:58:14.000803,267617,265.85,265.74,400,207,165,-2635
215,ANTM,2020-06-12,0 days 15:58:15.003760,267582,265.85,265.74,490,447,-35,165
216,ANTM,2020-06-12,0 days 15:58:34.049343,267582,265.78,265.69,271,100,-84,316
217,ANTM,2020-06-12,0 days 15:58:46.078434,266066,265.75,265.56,343,100,2739,-261
218,ANTM,2020-06-12,0 days 15:58:49.084943,265805,265.73,265.56,125,100,-2261,139
219,ANTM,2020-06-12,0 days 15:58:53.094747,267585,265.66,265.5,425,200,1220,-161
220,ANTM,2020-06-12,0 days 15:59:05.131063,271325,265.54,265.43,125,100,-981,150
221,ANTM,2020-06-12,0 days 15:59:06.130231,271106,265.49,265.39,218,602,219,-981
222,ANTM,2020-06-12,0 days 15:59:08.131912,272225,265.53,265.4,300,325,-221,1019
223,ANTM,2020-06-12,0 days 15:59:09.136279,276446,265.51,265.28,225,400,493,-221
224,ANTM,2020-06-12,0 days 15:59:15.151006,282953,265.45,265.31,125,225,-1493,1107
225,ANTM,2020-06-12,0 days 15:59:16.152264,281946,265.45,265.31,100,125,107,-1493
226,ANTM,2020-06-12,0 days 15:59:19.159000,282053,265.46,265.36,350,425,-273,107
227,ANTM,2020-06-12,0 days 15:59:20.163861,282326,265.45,265.36,150,202,627,-273
228,ANTM,2020-06-12,0 days 15:59:21.166439,281153,265.6,265.41,125,529,-1173,627
229,ANTM,2020-06-12,0 days 15:59:22.166165,280326,265.6,265.43,125,333,827,-1173
230,ANTM,2020-06-12,0 days 15:59:33.195194,281470,265.71,265.62,100,524,-837,1544
231,ANTM,2020-06-12,0 days 15:59:34.197226,278826,265.7,265.54,325,325,3044,-837
232,ANTM,2020-06-12,0 days 15:59:35.199776,280070,265.95,265.77,100,1242,-4448,3044
233,ANTM,2020-06-12,0 days 15:59:36.201200,279918,265.93,265.78,125,525,152,-4448
234,ANTM,2020-06-12,0 days 15:59:39.208130,280070,265.97,265.85,200,1290,-248,152
235,ANTM,2020-06-12,0 days 15:59:42.216360,279911,265.93,265.74,125,370,159,-1141
236,ANTM,2020-06-12,0 days 15:59:52.240034,276811,265.97,265.76,100,500,3259,-1241
237,ANTM,2020-06-12,0 days 15:59:55.246673,280070,266.11,265.8,100,300,-2841,3259
238,ANTM,2020-06-12,0 days 15:59:58.253576,276456,265.86,265.62,688,600,3614,-2841
239,APTV,2020-06-12,0 days 15:59:17.189451,601212,75.64,75.63,300,467,8523,-174148
240,APTV,2020-06-12,0 days 15:59:18.191400,606835,75.74,75.69,380,200,-186192,8523
241,APTV,2020-06-12,0 days 15:59:25.208721,616505,75.74,75.72,168,390,-176540,10929
242,APTV,2020-06-12,0 days 15:59:31.223442,616505,75.75,75.73,898,442,-176540,10929
243,APTV,2020-06-12,0 days 15:59:34.230969,605576,75.73,75.72,501,200,10929,-186649
244,APTV,2020-06-12,0 days 15:59:35.234150,616505,75.78,75.75,499,307,-176540,10929
245,APTV,2020-06-12,0 days 15:59:39.242651,605376,75.7,75.68,5901,595,18527,-169142
246,APTV,2020-06-12,0 days 15:59:41.248095,638655,75.66,75.63,100,100,-134817,22543
247,APTV,2020-06-12,0 days 15:59:45.257336,597245,75.6,75.58,439,900,43910,-128165
248,APTV,2020-06-12,0 days 15:59:59.290090,601412,75.67,75.66,1732,152,41936,-131945
249,APTV,2020-06-12,0 days 16:00:00.292404,643348,75.67,75.65,15636,8959,-148754,41936
250,ARMK,2020-06-12,0 days 15:56:02.699963,104200,25.52,25.51,3213,388,-11941,12983
251,ARMK,2020-06-12,0 days 15:59:56.265625,153153,25.37,25.24,700,1200,1913,-5242
252,ATUS,2020-06-12,0 days 15:55:00.553572,322378,23.99,23.98,1598,4126,24647,-73526
253,ATUS,2020-06-12,0 days 15:55:01.555617,316725,24.0,23.99,2500,5157,-5653,24647
254,ATUS,2020-06-12,0 days 15:56:16.738880,334217,24.05,24.04,3044,5799,4074,-4326
255,ATUS,2020-06-12,0 days 15:56:17.741370,330691,24.05,24.04,3799,6088,-3552,4074
256,ATUS,2020-06-12,0 days 15:57:46.954991,394475,24.02,24.01,5140,4302,3254,-8746
257,ATUS,2020-06-12,0 days 15:57:47.956443,388329,24.02,24.01,7700,6102,-6146,3254
258,ATUS,2020-06-12,0 days 15:58:46.098066,391281,24.02,24.01,4146,2545,11224,-4752
259,ATUS,2020-06-12,0 days 15:59:12.161172,422077,24.02,24.01,5864,800,-7698,4157
260,ATUS,2020-06-12,0 days 15:59:34.213640,441742,24.0,23.99,2129,4980,3990,-1915
261,ATUS,2020-06-12,0 days 15:59:35.217276,440232,24.03,24.02,600,3541,-1510,3990
262,ATUS,2020-06-12,0 days 15:59:46.243138,441742,24.04,24.03,5971,2981,1666,-1184
263,AU,2020-06-12,0 days 15:55:29.618775,39767,24.37,24.36,1975,2091,-346,154
264,AU,2020-06-12,0 days 15:55:30.621061,39513,24.37,24.36,2275,1600,254,-346
265,AU,2020-06-12,0 days 15:58:16.018642,43878,24.4,24.39,4500,3832,-265,535
266,AU,2020-06-12,0 days 15:58:17.022304,43543,24.4,24.39,4400,3832,335,-265
267,AU,2020-06-12,0 days 15:58:59.122195,44778,24.37,24.36,4312,1631,-845,1455
268,AU,2020-06-12,0 days 15:59:00.131916,44523,24.37,24.36,3604,1884,255,-845
269,AU,2020-06-12,0 days 15:59:03.136091,47278,24.38,24.37,3000,2800,-745,55
270,AU,2020-06-12,0 days 15:59:32.203357,48714,24.37,24.36,200,6214,-257,343
271,AU,2020-06-12,0 days 15:59:33.206085,48571,24.37,24.36,1700,3001,143,-257
272,AUY,2020-06-12,0 days 15:59:36.215063,169075,4.9,4.89,214180,556173,-67116,78884
273,AUY,2020-06-12,0 days 15:59:37.218078,165091,4.9,4.89,208770,551573,3984,-67116
274,AUY,2020-06-12,0 days 15:59:45.237576,171175,4.9,4.89,205041,509877,-3117,1183
275,AUY,2020-06-12,0 days 15:59:48.245578,167492,4.9,4.89,191641,479207,3683,-3117
276,AVTR,2020-06-12,0 days 15:55:54.663582,124777,16.99,16.98,500,3229,-4140,1454
277,AVTR,2020-06-12,0 days 15:55:55.665543,122217,16.99,16.98,1191,3229,2415,-4140
278,AVTR,2020-06-12,0 days 15:55:57.670381,124777,16.99,16.98,1191,3129,-216,2415
279,AVTR,2020-06-12,0 days 15:55:58.673532,122493,16.99,16.98,1191,2829,2139,-216
280,AVTR,2020-06-12,0 days 15:56:10.700853,124777,16.98,16.97,1040,804,-7000,200
281,AVTR,2020-06-12,0 days 15:56:11.705183,123277,16.97,16.96,211,1991,1500,-7000
282,AVTR,2020-06-12,0 days 15:56:12.707980,124922,16.98,16.97,1590,2337,-2036,1500
283,AVTR,2020-06-12,0 days 15:56:13.708308,120758,16.98,16.97,1590,2037,4019,-2036
284,AVTR,2020-06-12,0 days 15:58:23.021232,124817,16.98,16.97,100,7404,460,-1195
285,AVTR,2020-06-12,0 days 15:58:50.079760,125277,16.98,16.97,992,2944,-7395,560
286,AXL,2020-06-12,0 days 15:58:39.075272,48198,7.8,7.79,24690,2917,-4280,520
287,AXP,2020-06-12,0 days 15:57:05.861929,365106,101.71,101.68,400,529,-3405,9895
288,AXP,2020-06-12,0 days 15:57:06.863867,358111,101.72,101.68,300,629,6995,-3405
289,AXP,2020-06-12,0 days 15:58:39.087558,370402,101.75,101.72,401,300,-284,5816
290,AXP,2020-06-12,0 days 15:58:40.089862,365872,101.74,101.72,300,200,4530,-284
291,AXP,2020-06-12,0 days 15:59:10.163866,375381,101.64,101.62,500,2442,-2235,1483
292,AXP,2020-06-12,0 days 15:59:11.167145,377051,101.72,101.7,200,210,66985,-2235
293,AXP,2020-06-12,0 days 15:59:25.199699,444350,101.72,101.7,400,200,-182,1018
294,AXP,2020-06-12,0 days 15:59:26.201887,444532,101.69,101.68,500,265,1018,-182
295,AXP,2020-06-12,0 days 15:59:35.224902,445550,101.69,101.68,583,200,-3803,497
296,AXP,2020-06-12,0 days 15:59:36.226504,445853,101.67,101.65,500,401,497,-3803
297,AXP,2020-06-12,0 days 15:59:42.242013,444350,101.71,101.66,702,400,-11711,13450
298,AXP,2020-06-12,0 days 15:59:43.243484,441161,101.69,101.66,200,308,4789,-11711
299,AXP,2020-06-12,0 days 15:59:50.261050,411892,101.74,101.72,400,400,32858,-11095
300,AXTA,2020-06-12,0 days 15:58:50.124345,81966,22.22,22.21,3331,6175,6137,-1442
301,AXTA,2020-06-12,0 days 15:59:03.157355,84449,22.22,22.21,5457,2950,-308,1783
302,AZN,2020-06-12,0 days 15:55:50.689421,30196,51.49,51.48,1900,315,-2186,484
303,AZUL,2020-06-12,0 days 15:55:05.544968,30927,13.07,13.05,2800,3083,2664,-1636
304,AZUL,2020-06-12,0 days 15:59:48.230354,38326,13.12,13.1,8075,14865,-28451,6942
305,BA,2020-06-12,0 days 15:59:44.237239,289028,189.62,189.57,5050,100,-5332,968
306,BA,2020-06-12,0 days 15:59:45.240771,288560,189.6,189.55,378,451,968,-5332
307,BA,2020-06-12,0 days 15:59:54.264271,288959,189.66,189.63,600,100,-5401,75871
308,BA,2020-06-12,0 days 15:59:56.269101,288460,189.51,189.5,13122,12317,1168,-10253
309,BABA,2020-06-12,0 days 15:55:00.546782,1032857,217.46,217.42,200,1000,118605,-96379
310,BABA,2020-06-12,0 days 15:58:39.072847,1127042,217.85,217.81,356,166,-8758,7875
311,BABA,2020-06-12,0 days 15:58:40.075997,1123100,217.85,217.81,256,376,12700,-8758
312,BABA,2020-06-12,0 days 15:59:09.146454,1137935,217.65,217.61,400,200,-14684,2099
313,BABA,2020-06-12,0 days 15:59:10.148077,1137923,217.65,217.61,700,300,1312,-14684
314,BABA,2020-06-12,0 days 15:59:30.196419,1151942,217.54,217.51,700,1000,-486,564
315,BABA,2020-06-12,0 days 15:59:31.198416,1151528,217.55,217.53,223,393,414,-486
316,BABA,2020-06-12,0 days 15:59:34.205908,1142842,217.67,217.6,1000,400,-15520,414
317,BABA,2020-06-12,0 days 15:59:47.236806,1150112,217.73,217.59,1100,354,2950,-12454
318,BABA,2020-06-12,0 days 15:59:56.261509,1157262,217.67,217.53,200,300,1616,-8982
319,BABA,2020-06-12,0 days 16:00:00.268156,1148934,217.69,217.59,13814,200,-8932,27494
320,BAM,2020-06-12,0 days 15:58:56.117590,52517,34.14,34.12,2200,2870,842,-1247
321,BAM,2020-06-12,0 days 15:58:57.119125,51959,34.14,34.12,3200,2470,-558,842
322,BAM,2020-06-12,0 days 15:59:01.132763,52517,34.14,34.13,1907,200,942,-558
323,BAM,2020-06-12,0 days 15:59:02.132606,52459,34.14,34.13,300,851,-58,942
324,BAM,2020-06-12,0 days 15:59:40.226622,53124,34.16,34.14,300,7195,251,-49
325,BAX,2020-06-12,0 days 15:59:17.154722,258257,83.96,83.94,292,529,-2021,6535
326,BAX,2020-06-12,0 days 15:59:18.156267,256278,83.96,83.94,3414,629,1979,-2021
327,BAX,2020-06-12,0 days 15:59:35.199574,257297,84.03,84.01,200,400,-3707,454
328,BAX,2020-06-12,0 days 15:59:36.201026,256204,84.0,83.99,1300,100,1093,-3707
329,BB,2020-06-12,0 days 15:59:36.193492,52535,5.26,5.25,141816,81794,10426,-15689
330,BBD,2020-06-12,0 days 15:58:56.112052,638247,4.25,4.24,662940,495900,158194,-8006
331,BBY,2020-06-12,0 days 15:55:19.580371,132751,77.88,77.85,300,500,-82,818
332,BBY,2020-06-12,0 days 15:55:20.584199,132345,77.89,77.87,253,300,406,-82
333,BBY,2020-06-12,0 days 15:55:57.673460,137703,77.92,77.88,300,500,-2281,894
334,BBY,2020-06-12,0 days 15:55:58.674824,137084,77.89,77.88,100,500,619,-2281
335,BBY,2020-06-12,0 days 15:55:59.676774,137703,77.9,77.88,100,300,-2781,619
336,BBY,2020-06-12,0 days 15:56:00.680104,137384,77.88,77.85,400,200,319,-2781
337,BBY,2020-06-12,0 days 15:56:26.744258,139224,77.91,77.87,500,602,-150,650
338,BBY,2020-06-12,0 days 15:56:27.744694,138074,77.89,77.86,500,400,1347,-150
339,BBY,2020-06-12,0 days 15:57:35.907213,139301,77.84,77.8,371,440,-73,427
340,BBY,2020-06-12,0 days 15:57:36.909994,138974,77.86,77.83,300,700,327,-73
341,BBY,2020-06-12,0 days 15:59:01.118340,142218,77.87,77.83,300,704,178,-584
342,BBY,2020-06-12,0 days 15:59:20.163725,148725,77.78,77.75,325,600,-1235,65
343,BBY,2020-06-12,0 days 15:59:21.166256,148060,77.77,77.75,400,284,665,-1235
344,BBY,2020-06-12,0 days 15:59:25.173710,148725,77.76,77.73,400,273,-1940,1965
345,BBY,2020-06-12,0 days 15:59:26.176090,148065,77.74,77.71,500,224,660,-1940
346,BBY,2020-06-12,0 days 15:59:35.199539,148725,77.83,77.8,466,300,-2340,1660
347,BBY,2020-06-12,0 days 15:59:36.200994,148465,77.81,77.76,400,350,260,-2340
348,BBY,2020-06-12,0 days 15:59:41.213408,148725,77.85,77.82,300,300,-6940,260
349,BBY,2020-06-12,0 days 15:59:42.216193,148465,77.82,77.79,300,100,260,-6940
350,BBY,2020-06-12,0 days 15:59:53.240922,148725,77.84,77.8,392,244,-5540,2018
351,BBY,2020-06-12,0 days 15:59:58.253206,154265,77.8,77.77,958,300,2018,-5540
352,BCS,2020-06-12,0 days 15:55:00.560073,63360,5.9,5.89,85220,79741,3365,-6315
353,BCS,2020-06-12,0 days 15:59:36.226504,69603,5.92,5.91,30655,239750,-2245,3355
354,BDX,2020-06-12,0 days 15:55:00.548409,109846,230.4,230.24,100,100,-17162,26807
355,BDX,2020-06-12,0 days 15:55:51.671798,113811,230.97,230.82,100,300,686,-514
356,BDX,2020-06-12,0 days 15:55:52.673765,114497,230.97,230.82,100,300,-314,686
357,BDX,2020-06-12,0 days 15:55:53.677138,114311,230.97,230.82,100,300,186,-314
358,BDX,2020-06-12,0 days 15:55:57.686408,114574,230.96,230.87,200,200,-337,263
359,BDX,2020-06-12,0 days 15:55:58.688896,114511,231.02,230.88,200,200,63,-337
360,BDX,2020-06-12,0 days 15:56:01.696388,114809,230.93,230.83,100,400,-68,128
361,BDX,2020-06-12,0 days 15:56:02.698048,114677,230.93,230.83,200,400,132,-68
362,BDX,2020-06-12,0 days 15:56:03.700614,114813,230.93,230.83,100,400,-91,132
363,BDX,2020-06-12,0 days 15:56:04.702789,114833,230.97,230.85,100,240,719,-91
364,BDX,2020-06-12,0 days 15:56:12.723804,115452,231.01,230.9,100,100,-398,219
365,BDX,2020-06-12,0 days 15:56:13.725045,115350,231.01,230.93,400,100,102,-398
366,BDX,2020-06-12,0 days 15:56:20.742178,115052,231.16,231.08,109,200,-472,70
367,BDX,2020-06-12,0 days 15:56:30.766405,115494,231.07,230.94,200,100,-11188,12
368,BDX,2020-06-12,0 days 15:56:31.768606,115382,231.07,230.91,200,200,212,-11188
369,BDX,2020-06-12,0 days 15:56:43.802786,115604,231.22,231.06,200,186,-78,122
370,BDX,2020-06-12,0 days 15:56:44.799588,115482,231.22,231.08,200,100,122,-78
371,BDX,2020-06-12,0 days 15:57:01.841342,115104,231.24,231.13,200,130,-428,72
372,BDX,2020-06-12,0 days 15:57:15.874372,115532,231.12,231.03,303,200,72,-328
373,BDX,2020-06-12,0 days 15:57:17.879431,115204,231.11,231.03,100,200,-328,72
374,BDX,2020-06-12,0 days 15:57:30.910405,115303,231.17,231.04,200,100,-429,14
375,BDX,2020-06-12,0 days 15:57:47.951131,116090,231.11,230.96,100,200,713,-829
376,BDX,2020-06-12,0 days 15:57:52.963054,116803,231.1,230.96,100,200,-887,214
377,BDX,2020-06-12,0 days 15:57:54.967486,115590,231.09,230.96,200,100,1213,-286
378,BDX,2020-06-12,0 days 15:57:55.969962,116804,231.09,230.96,100,100,-786,1213
379,BDX,2020-06-12,0 days 15:57:56.973907,115590,231.18,231.0,400,100,1213,-786
380,BDX,2020-06-12,0 days 15:57:57.973996,116804,231.18,231.0,400,186,-486,1213
381,BDX,2020-06-12,0 days 15:57:59.979695,116090,231.17,231.05,224,100,713,-587
382,BDX,2020-06-12,0 days 15:58:04.991926,116403,231.16,231.07,714,200,-1429,513
383,BDX,2020-06-12,0 days 15:58:05.993961,116090,231.08,230.95,200,1300,956,-1429
384,BDX,2020-06-12,0 days 15:59:05.142080,127068,231.0,230.9,100,300,-899,293
385,BDX,2020-06-12,0 days 15:59:06.144353,128567,230.9,230.79,100,200,1649,-899
386,BDX,2020-06-12,0 days 15:59:08.144706,130440,230.97,230.85,100,200,-4552,1265
387,BDX,2020-06-12,0 days 15:59:09.149309,129992,230.97,230.85,100,200,448,-4552
388,BDX,2020-06-12,0 days 15:59:11.152641,130440,230.95,230.86,100,317,-3627,448
389,BDX,2020-06-12,0 days 15:59:15.163734,131767,230.98,230.87,200,100,73,-27
390,BDX,2020-06-12,0 days 15:59:22.177411,130939,231.05,230.93,100,200,-1658,43
391,BDX,2020-06-12,0 days 15:59:26.187406,130197,231.03,230.93,100,200,742,-58
392,BDX,2020-06-12,0 days 15:59:35.211648,130597,231.18,231.04,501,900,442,-1100
393,BDX,2020-06-12,0 days 15:59:36.212287,131039,231.17,231.04,100,757,-258,442
394,BDX,2020-06-12,0 days 15:59:46.237726,130797,231.09,231.04,100,200,242,-900
395,BDX,2020-06-12,0 days 15:59:47.239450,131039,231.06,231.02,136,100,-58,242
396,BDX,2020-06-12,0 days 15:59:50.248512,130697,231.08,230.98,200,100,342,-358
397,BEN,2020-06-12,0 days 15:59:08.151553,312807,21.8,21.79,3903,2700,60,-340
398,BEN,2020-06-12,0 days 15:59:10.156278,310152,21.81,21.8,1517,1800,-5355,22245
399,BEN,2020-06-12,0 days 15:59:15.169030,321835,21.8,21.79,826,1900,25952,-9713
400,BEN,2020-06-12,0 days 15:59:20.179403,318787,21.8,21.79,1152,2700,-446,5054
401,BG,2020-06-12,0 days 15:58:50.100979,135297,39.44,39.41,300,200,2008,-2098
402,BG,2020-06-12,0 days 15:58:54.110634,134951,39.45,39.44,501,800,-346,890
403,BGG,2020-06-12,0 days 15:59:17.168919,20625,2.1,2.09,3914,21087,-32,202
404,BGS,2020-06-12,0 days 15:57:14.872738,43305,23.21,23.19,1191,400,-17663,2364
405,BHP,2020-06-12,0 days 15:57:13.876972,34401,49.97,49.96,3300,4508,-222,378
406,BHP,2020-06-12,0 days 15:57:37.932224,34623,49.96,49.95,517,4433,78,-222
407,BHP,2020-06-12,0 days 15:57:49.961731,34001,49.97,49.96,5350,1947,-622,378
408,BHP,2020-06-12,0 days 15:59:04.141154,34887,50.02,50.01,803,2750,265,-940
409,BHP,2020-06-12,0 days 15:59:05.148830,34452,50.02,50.01,2103,2250,-435,265
410,BHP,2020-06-12,0 days 15:59:09.154937,34887,50.0,49.99,2212,2697,4214,-268
411,BHP,2020-06-12,0 days 15:59:24.189186,35901,50.01,50.0,1820,2596,-116,114
412,BILL,2020-06-12,0 days 15:55:00.547036,1009829,76.94,76.93,200,300,28685,-23783
413,BILL,2020-06-12,0 days 15:55:01.549457,1003614,77.1,76.93,300,400,-25815,28685
414,BILL,2020-06-12,0 days 15:57:27.901715,1126824,77.21,77.18,300,100,125350,-89950
415,BILL,2020-06-12,0 days 15:59:14.158023,1530214,78.41,78.32,500,152,-33348,138476
416,BILL,2020-06-12,0 days 15:59:15.160957,1527262,78.42,78.32,436,200,2952,-33348
417,BILL,2020-06-12,0 days 15:59:17.164549,1529910,78.49,78.32,200,200,-25752,2952
418,BILL,2020-06-12,0 days 15:59:18.166788,1520862,78.49,78.32,100,600,9352,-25752
419,BILL,2020-06-12,0 days 15:59:20.172650,1530214,78.4,78.34,200,2100,-59248,333517
420,BILL,2020-06-12,0 days 15:59:21.175169,1393505,77.96,77.76,100,100,424884,-59248
421,BJ,2020-06-12,0 days 15:56:17.754462,120785,33.4,33.37,854,1203,490,-1910
422,BJ,2020-06-12,0 days 15:56:18.756756,119335,33.44,33.41,500,1226,-1450,490
423,BJ,2020-06-12,0 days 15:56:53.841922,120785,33.45,33.44,900,1650,19150,-850
424,BJ,2020-06-12,0 days 15:56:54.844462,119535,33.45,33.44,400,1603,-1250,19150
425,BJ,2020-06-12,0 days 15:57:40.955500,120785,33.4,33.38,692,1548,1057,-43
426,BJ,2020-06-12,0 days 15:57:42.959860,120342,33.4,33.39,824,1661,-443,557
427,BJ,2020-06-12,0 days 15:57:44.965794,120785,33.39,33.37,1201,590,257,-443
428,BJ,2020-06-12,0 days 15:58:16.041082,120942,33.42,33.41,743,2760,-43,157
429,BJ,2020-06-12,0 days 15:58:46.114088,122085,33.42,33.41,1807,2930,18530,-241
430,BJ,2020-06-12,0 days 15:59:16.186878,147961,33.43,33.42,1403,1994,-712,2240
431,BJ,2020-06-12,0 days 15:59:17.189513,148673,33.42,33.41,2051,571,88,-712
432,BJ,2020-06-12,0 days 15:59:23.204075,148761,33.42,33.41,694,1573,-1629,88
433,BJ,2020-06-12,0 days 15:59:28.215775,150400,33.42,33.41,461,2141,3838,-29
434,BJ,2020-06-12,0 days 15:59:40.245079,150992,33.45,33.43,408,3810,-2108,292
435,BJ,2020-06-12,0 days 15:59:41.248155,153200,33.44,33.43,1458,3007,145,-2108
436,BJ,2020-06-12,0 days 15:59:46.260428,151266,33.44,33.42,508,1231,-1834,566
437,BJ,2020-06-12,0 days 15:59:47.261539,153100,33.44,33.42,1518,998,2321,-1834
438,BK,2020-06-12,0 days 15:59:11.150820,940881,38.34,38.33,600,2895,58603,-94303
439,BK,2020-06-12,0 days 15:59:41.223417,1338443,38.49,38.48,9993,1500,-10222,9561
440,BK,2020-06-12,0 days 15:59:45.233389,1341743,38.46,38.45,1096,2854,-3719,36777
441,BK,2020-06-12,0 days 15:59:48.240709,1330118,38.46,38.45,3696,1753,12197,-11403
442,BKD,2020-06-12,0 days 15:59:14.146596,85745,3.02,3.01,26058,19073,1871,-2664
443,BLL,2020-06-12,0 days 15:55:57.673592,417981,68.32,68.31,500,300,-5275,1175
444,BLL,2020-06-12,0 days 15:55:58.674913,413256,68.32,68.31,900,506,4725,-5275
445,BLL,2020-06-12,0 days 15:59:11.140606,432563,68.31,68.29,200,200,-6299,3156
446,BLL,2020-06-12,0 days 15:59:12.141948,428962,68.3,68.28,377,200,3601,-6299
447,BLL,2020-06-12,0 days 15:59:36.201200,433495,68.35,68.34,649,500,-2981,419
448,BLL,2020-06-12,0 days 15:59:43.217863,432276,68.3,68.26,390,400,3119,-2981
449,BMY,2020-06-12,0 days 15:59:15.169030,1017755,56.11,56.1,1400,2304,-28879,4044
450,BMY,2020-06-12,0 days 15:59:16.170938,1009470,56.11,56.1,5116,583,14897,-28879
451,BMY,2020-06-12,0 days 15:59:25.191625,1025441,56.1,56.09,4411,3693,-104,1991
452,BNS,2020-06-12,0 days 15:58:06.997019,21911,43.06,43.05,453,3546,-389,740
453,BNS,2020-06-12,0 days 15:58:07.999279,21300,43.07,43.06,3306,1000,611,-389
454,BNS,2020-06-12,0 days 15:58:58.120252,22363,43.04,43.03,700,4101,-586,434
455,BOX,2020-06-12,0 days 15:55:00.568547,63245,18.21,18.2,350,800,2743,-6811
456,BOX,2020-06-12,0 days 15:55:38.660494,68256,18.23,18.22,100,2916,-857,411
457,BOX,2020-06-12,0 days 15:55:39.662788,67813,18.23,18.22,100,2916,443,-857
458,BOX,2020-06-12,0 days 15:55:54.699469,68356,18.25,18.24,7333,1928,-957,543
459,BOX,2020-06-12,0 days 15:56:02.718234,68046,18.25,18.24,16275,1635,723,-545
460,BOX,2020-06-12,0 days 15:56:30.786550,68388,18.25,18.24,16534,1786,-176,224
461,BOX,2020-06-12,0 days 15:56:34.796065,68564,18.23,18.22,1180,1356,224,-176
462,BOX,2020-06-12,0 days 15:57:10.884726,68788,18.25,18.24,17615,1599,-1043,224
463,BOX,2020-06-12,0 days 15:57:36.945608,72241,18.25,18.24,15807,101,1647,-291
464,BOX,2020-06-12,0 days 15:59:01.152901,75411,18.26,18.25,2432,1599,783,-1117
465,BOX,2020-06-12,0 days 15:59:13.180453,76779,18.24,18.23,3708,450,-774,268
466,BOX,2020-06-12,0 days 15:59:14.182841,76653,18.24,18.23,5967,1182,1193,-774
467,BOX,2020-06-12,0 days 15:59:35.234110,78260,18.26,18.25,1832,3526,-455,45
468,BP,2020-06-12,0 days 15:55:00.550091,69276,24.71,24.7,14295,6145,508,-25
469,BP,2020-06-12,0 days 15:56:01.698197,69784,24.72,24.71,1891,20284,-226,54
470,BP,2020-06-12,0 days 15:56:03.703270,70703,24.73,24.72,14649,8100,6841,-226
471,BP,2020-06-12,0 days 15:57:16.878213,83444,24.73,24.72,11280,13509,-18859,891
472,BP,2020-06-12,0 days 15:57:17.880986,82203,24.72,24.71,19020,6700,8615,-18859
473,BP,2020-06-12,0 days 15:57:42.938512,84603,24.73,24.72,6271,16868,1416,-2884
474,BP,2020-06-12,0 days 15:58:06.998603,87655,24.73,24.72,25753,17820,-30,1252
475,BP,2020-06-12,0 days 15:58:08.000366,87685,24.73,24.72,26393,15616,142,-30
476,BRK.B,2020-06-12,0 days 15:55:00.533126,782710,180.97,180.93,300,100,-9203,109278
477,BRK.B,2020-06-12,0 days 15:55:01.534722,779613,181.0,180.98,123,200,2997,-9203
478,BRK.B,2020-06-12,0 days 15:55:11.559772,782210,181.1,181.06,100,441,-329,1021
479,BRK.B,2020-06-12,0 days 15:55:12.561838,779439,181.1,181.06,223,300,2771,-329
480,BRK.B,2020-06-12,0 days 15:55:45.641012,787461,181.25,181.22,511,260,3053,-798
481,BRK.B,2020-06-12,0 days 15:55:57.671135,791281,181.28,181.24,512,300,-3945,690
482,BRK.B,2020-06-12,0 days 15:55:58.674089,788726,181.25,181.2,500,700,2555,-3945
483,BRK.B,2020-06-12,0 days 15:56:33.757408,792950,181.15,181.13,300,200,-1171,929
484,BRK.B,2020-06-12,0 days 15:56:34.760836,787021,181.12,181.08,100,300,5929,-1171
485,BRK.B,2020-06-12,0 days 15:56:44.784957,791036,181.2,181.16,1602,700,2067,-149
486,BRK.B,2020-06-12,0 days 15:57:01.824283,793103,181.23,181.21,238,400,-155,95
487,BRK.B,2020-06-12,0 days 15:57:02.827182,790858,181.27,181.23,200,421,2245,-155
488,BRK.B,2020-06-12,0 days 15:57:31.896310,793103,181.23,181.2,200,105,-465,564
489,BRK.B,2020-06-12,0 days 15:57:32.899552,791011,181.2,181.17,100,500,2092,-465
490,BRK.B,2020-06-12,0 days 15:57:42.922930,821261,181.22,181.16,1100,500,-1650,11800
491,BRK.B,2020-06-12,0 days 15:57:43.925867,815339,181.17,181.15,249,100,5922,-1650
492,BRK.B,2020-06-12,0 days 15:58:12.999526,817774,181.28,181.24,2553,700,-4375,3112
493,BRK.B,2020-06-12,0 days 15:58:13.999539,814849,181.27,181.24,473,400,2936,-4375
494,BRK.B,2020-06-12,0 days 15:58:18.009880,815085,181.34,181.3,200,200,-239,1361
495,BRK.B,2020-06-12,0 days 15:58:19.011909,810924,181.34,181.3,200,300,4161,-239
496,BRK.B,2020-06-12,0 days 15:59:41.204825,847004,181.15,181.08,3287,743,-10215,435
497,BRK.B,2020-06-12,0 days 15:59:42.208283,843619,181.11,181.07,100,200,11285,-10215
498,BRK.B,2020-06-12,0 days 15:59:43.210150,847004,181.14,181.1,395,343,-8931,11285
499,BRK.B,2020-06-12,0 days 15:59:47.220581,843685,181.13,181.07,200,300,12519,-1431
500,BRK.B,2020-06-12,0 days 15:59:49.221791,847004,181.13,181.12,158,200,-8331,2319
501,BRK.B,2020-06-12,0 days 15:59:50.227630,823835,181.2,181.16,288,300,20469,-8331
502,BSX,2020-06-12,0 days 15:55:08.554120,513709,35.41,35.4,1900,4800,465,-335
503,BSX,2020-06-12,0 days 15:55:21.584481,512909,35.42,35.41,1131,4300,945,-255
504,BSX,2020-06-12,0 days 15:55:40.628488,513352,35.43,35.42,2000,2500,-2785,1202
505,BSX,2020-06-12,0 days 15:55:41.630630,512537,35.42,35.41,428,5489,815,-2785
506,BSX,2020-06-12,0 days 15:55:58.672532,515539,35.44,35.43,2856,1542,-15957,986
507,BSX,2020-06-12,0 days 15:56:27.742070,533703,35.43,35.42,3804,1300,614,-1265
508,BSX,2020-06-12,0 days 15:56:28.745639,531217,35.43,35.42,2100,2800,-2786,614
509,BSX,2020-06-12,0 days 15:56:32.754055,534003,35.43,35.42,4855,1800,2595,-1186
510,BSX,2020-06-12,0 days 15:56:33.756381,530098,35.43,35.42,4326,2187,-3905,2595
511,BSX,2020-06-12,0 days 15:56:41.776696,534703,35.42,35.41,1364,2500,695,-785
512,BSX,2020-06-12,0 days 15:56:42.778938,533998,35.43,35.42,3480,2300,-705,695
513,BSX,2020-06-12,0 days 15:57:40.917645,593933,35.4,35.39,1534,4033,1067,-4333
514,BSX,2020-06-12,0 days 15:57:41.919553,589400,35.41,35.4,2401,3100,-4033,1067
515,BSX,2020-06-12,0 days 15:57:55.953880,593933,35.4,35.39,182,4719,567,-18533
516,BSX,2020-06-12,0 days 15:57:56.958692,589700,35.41,35.4,2800,2288,-3733,567
517,BSX,2020-06-12,0 days 15:59:06.121194,699051,35.38,35.37,3800,2500,12673,-12402
518,BSX,2020-06-12,0 days 15:59:07.121828,691324,35.39,35.38,3744,2698,-7727,12673
519,BSX,2020-06-12,0 days 15:59:11.132022,750612,35.37,35.36,6333,1600,25552,-10673
520,BSX,2020-06-12,0 days 15:59:12.133522,745374,35.38,35.37,4545,200,-5238,25552
521,BSX,2020-06-12,0 days 15:59:29.174007,756211,35.35,35.34,4470,18297,-298,15837
522,BSX,2020-06-12,0 days 15:59:44.210801,762507,35.36,35.35,1191,2319,-202,54598
523,BSX,2020-06-12,0 days 15:59:46.216418,762809,35.36,35.35,3904,1700,9193,-202
524,BSX,2020-06-12,0 days 15:59:47.218798,719100,35.38,35.37,1400,3617,-44909,9193
525,BSX,2020-06-12,0 days 15:59:48.220962,764009,35.37,35.36,4600,1100,1759,-44909
526,BUD,2020-06-12,0 days 15:56:11.731457,33123,51.41,51.4,400,1000,262,-298
527,BUD,2020-06-12,0 days 15:56:12.734305,32885,51.41,51.4,338,1438,-238,262
528,BUD,2020-06-12,0 days 15:57:56.985269,33635,51.42,51.41,200,500,270,-30
529,BUD,2020-06-12,0 days 15:57:57.987377,33305,51.42,51.41,200,500,-330,270
530,BUD,2020-06-12,0 days 15:59:18.182582,41377,51.44,51.43,761,1204,-2823,3077
531,BUD,2020-06-12,0 days 15:59:19.184850,41400,51.44,51.42,861,782,1117,-2823
532,BUD,2020-06-12,0 days 15:59:50.261469,41000,51.47,51.43,800,3697,1817,-583
533,BV,2020-06-12,0 days 15:58:37.065138,345130,12.34,12.32,200,235,-74015,6345
534,BV,2020-06-12,0 days 15:59:47.236867,358299,12.37,12.31,970,452,843,-12031
535,BV,2020-06-12,0 days 15:59:55.255345,358742,12.33,12.31,461,2826,-81101,843
536,BVN,2020-06-12,0 days 15:55:00.533737,70685,8.42,8.41,9889,781,-28990,18804
537,BVN,2020-06-12,0 days 15:59:17.154857,99975,8.38,8.37,1676,1739,2387,-23113
538,BWA,2020-06-12,0 days 15:59:08.143392,221270,33.61,33.6,300,600,-2240,2660
539,BWA,2020-06-12,0 days 15:59:15.160858,238315,33.59,33.57,1780,300,3747,-2391
540,BWA,2020-06-12,0 days 15:59:16.162088,236462,33.59,33.58,900,401,-1853,3747
541,BWA,2020-06-12,0 days 15:59:28.191858,236500,33.58,33.57,149,2270,-415,1125
542,BWA,2020-06-12,0 days 15:59:35.208670,236000,33.55,33.54,998,2556,-915,3685
543,BWA,2020-06-12,0 days 15:59:50.246747,230588,33.54,33.52,1050,1193,-6427,873
544,BX,2020-06-12,0 days 15:55:40.630251,312189,55.73,55.72,100,247,-53,2795
545,BX,2020-06-12,0 days 15:56:02.683956,309539,55.72,55.7,815,200,2909,-16220
546,BX,2020-06-12,0 days 15:57:42.923693,315990,55.73,55.71,300,500,-413,1787
547,BX,2020-06-12,0 days 15:57:43.926138,314703,55.72,55.7,200,4200,287,-413
548,BX,2020-06-12,0 days 15:57:50.944778,317990,55.7,55.68,1125,1400,-213,1387
549,BX,2020-06-12,0 days 15:57:51.946682,316903,55.7,55.68,1099,700,1287,-213
550,BX,2020-06-12,0 days 15:58:29.037499,314766,55.78,55.76,200,200,1227,-173
551,BX,2020-06-12,0 days 15:58:56.095790,319093,55.83,55.8,990,700,-3416,1286
552,BX,2020-06-12,0 days 15:58:57.098734,318309,55.83,55.8,1890,912,784,-3416
553,BXMT,2020-06-12,0 days 15:55:42.649523,70982,24.8,24.77,1015,1000,-2700,26587
554,BXP,2020-06-12,0 days 15:59:14.182774,189108,96.52,96.48,519,100,-2499,2586
555,BXP,2020-06-12,0 days 15:59:15.185442,188307,96.49,96.45,203,200,4401,-2499
556,BXP,2020-06-12,0 days 15:59:23.203576,192808,96.42,96.38,175,200,-792,281
557,BXP,2020-06-12,0 days 15:59:50.271335,184510,96.62,96.54,200,400,5501,-999
558,CAG,2020-06-12,0 days 15:57:23.892455,278505,32.39,32.38,1516,1310,240730,-2280
559,CAG,2020-06-12,0 days 15:59:12.152873,304957,32.41,32.4,2745,1004,258572,-262613
560,CAG,2020-06-12,0 days 15:59:21.175169,291412,32.42,32.41,1671,2831,-258082,23080
561,CAG,2020-06-12,0 days 15:59:22.177743,315194,32.41,32.4,2494,1800,263948,-258082
562,CAG,2020-06-12,0 days 15:59:43.227484,353751,32.39,32.38,4017,731,226557,-248043
563,CAG,2020-06-12,0 days 15:59:45.233353,582142,32.41,32.4,195,3466,-4595,24857
564,CAG,2020-06-12,0 days 15:59:48.240676,401065,32.39,32.38,2782,938,182342,-303388
565,CARR,2020-06-12,0 days 15:59:43.210482,658808,21.57,21.56,1345,473,1672,-1828
566,CARR,2020-06-12,0 days 15:59:50.228171,632618,21.56,21.55,2935,1499,-27349,1555
567,CAT,2020-06-12,0 days 15:55:00.534025,329314,123.15,123.13,200,300,-2086,119388
568,CAT,2020-06-12,0 days 15:55:01.535518,322260,123.05,123.0,500,400,7138,-2086
569,CAT,2020-06-12,0 days 15:58:09.991065,332623,123.19,123.17,200,300,-1664,7136
570,CAT,2020-06-12,0 days 15:58:10.993683,331387,123.19,123.17,200,400,2622,-1664
571,CAT,2020-06-12,0 days 15:59:02.111408,331863,123.2,123.18,300,100,-1317,9283
572,CAT,2020-06-12,0 days 15:59:03.115854,329780,123.16,123.12,1100,100,2436,-1317
573,CAT,2020-06-12,0 days 15:59:05.123416,332216,123.17,123.13,1000,100,-1174,1136
574,CAT,2020-06-12,0 days 15:59:06.123186,331950,123.12,123.08,300,200,350,-1174
575,CAT,2020-06-12,0 days 15:59:42.208578,392095,123.2,123.15,1384,200,9472,-6540
576,CB,2020-06-12,0 days 15:55:39.648618,197448,125.67,125.64,200,300,3435,-307
577,CB,2020-06-12,0 days 15:55:40.652043,193470,125.73,125.67,200,519,-3978,3435
578,CB,2020-06-12,0 days 15:57:34.925871,203855,125.83,125.8,200,200,971,-1029
579,CB,2020-06-12,0 days 15:57:35.927894,202826,125.84,125.8,300,300,-1029,971
580,CB,2020-06-12,0 days 15:57:41.941520,204155,125.9,125.86,201,501,271,-1029
581,CB,2020-06-12,0 days 15:57:42.944355,199526,125.9,125.86,201,601,-4881,271
582,CB,2020-06-12,0 days 15:57:45.952494,203855,125.81,125.78,500,200,671,-229
583,CB,2020-06-12,0 days 15:57:46.955024,201626,125.84,125.8,300,353,-2229,671
584,CB,2020-06-12,0 days 15:57:50.965402,203855,125.84,125.79,101,300,71,-1829
585,CB,2020-06-12,0 days 15:57:51.966476,203826,125.86,125.79,100,353,-29,71
586,CB,2020-06-12,0 days 15:57:52.968266,204155,125.88,125.83,300,200,871,-29
587,CB,2020-06-12,0 days 15:57:53.972350,203526,125.88,125.85,400,316,-629,871
588,CB,2020-06-12,0 days 15:58:00.988970,204155,125.85,125.81,360,300,3271,-629
589,CB,2020-06-12,0 days 15:58:01.994320,203526,125.86,125.84,100,200,-329,3271
590,CB,2020-06-12,0 days 15:59:03.142118,207823,125.86,125.84,400,200,2123,-229
591,CB,2020-06-12,0 days 15:59:04.141088,207346,125.89,125.84,200,351,-477,2123
592,CB,2020-06-12,0 days 15:59:06.148483,209945,125.76,125.73,300,200,1769,-1812
593,CB,2020-06-12,0 days 15:59:07.149244,209533,125.82,125.77,500,308,-412,1769
594,CB,2020-06-12,0 days 15:59:08.151520,209645,125.81,125.72,400,604,588,-412
595,CB,2020-06-12,0 days 15:59:09.154834,209333,125.78,125.74,200,551,-312,588
596,CB,2020-06-12,0 days 15:59:11.158649,209945,125.82,125.76,200,200,242,-312
597,CB,2020-06-12,0 days 15:59:13.164862,211538,125.8,125.75,200,351,-210,418
598,CB,2020-06-12,0 days 15:59:22.183673,214494,125.81,125.77,300,200,1257,-2423
599,CB,2020-06-12,0 days 15:59:24.189119,213851,125.8,125.76,200,287,-343,557
600,CB,2020-06-12,0 days 15:59:34.213709,214117,125.7,125.66,300,300,1034,-266
601,CB,2020-06-12,0 days 15:59:35.217354,212551,125.82,125.75,600,400,-1643,1034
602,CB,2020-06-12,0 days 15:59:52.260322,214317,125.75,125.64,200,500,4234,-643
603,CCH,2020-06-12,0 days 15:59:36.234848,1200,13.99,13.98,11615,2389,-869,1131
604,CCH,2020-06-12,0 days 15:59:37.237463,1069,13.99,13.98,11445,1889,131,-869
605,CCI,2020-06-12,0 days 15:57:17.899279,210350,164.9,164.86,200,100,-39,61
606,CCI,2020-06-12,0 days 15:57:33.939334,208264,164.9,164.82,225,225,1264,-1001
607,CCI,2020-06-12,0 days 15:57:38.950543,210547,164.86,164.8,425,325,-1017,883
608,CCI,2020-06-12,0 days 15:57:39.953090,209664,164.86,164.78,726,330,883,-1017
609,CCI,2020-06-12,0 days 15:57:46.970337,215247,164.82,164.73,425,225,-542,2058
610,CCI,2020-06-12,0 days 15:57:47.971864,213889,164.86,164.75,271,225,1358,-542
611,CCI,2020-06-12,0 days 15:57:57.996008,214189,164.91,164.81,471,225,1358,-942
612,CCI,2020-06-12,0 days 15:58:00.002208,215547,164.86,164.77,125,200,-1142,3858
613,CCI,2020-06-12,0 days 15:58:03.010303,212589,164.91,164.82,300,125,2958,-542
614,CCI,2020-06-12,0 days 15:58:20.051193,214600,165.04,164.98,300,100,-469,405
615,CCI,2020-06-12,0 days 15:58:21.053358,213369,165.04,164.99,300,100,1231,-469
616,CCI,2020-06-12,0 days 15:58:39.096871,215675,164.85,164.8,225,200,-220,1405
617,CCI,2020-06-12,0 days 15:58:40.099412,214895,164.86,164.83,200,100,1417,-220
618,CCI,2020-06-12,0 days 15:59:10.172775,219710,164.79,164.71,325,100,1540,-860
619,CCI,2020-06-12,0 days 15:59:11.175860,219150,164.77,164.66,125,109,-5866,1540
620,CCI,2020-06-12,0 days 15:59:22.200772,226852,164.59,164.5,125,100,409,-842
621,CCI,2020-06-12,0 days 15:59:30.222387,231461,164.46,164.4,100,768,-691,509
622,CCI,2020-06-12,0 days 15:59:31.223442,231352,164.5,164.43,189,511,109,-691
623,CCI,2020-06-12,0 days 15:59:32.226521,229361,164.5,164.43,254,301,-1991,109
624,CCI,2020-06-12,0 days 15:59:33.228704,229152,164.49,164.42,525,100,209,-1991
625,CCI,2020-06-12,0 days 15:59:36.234848,229361,164.52,164.45,125,300,-2091,9
626,CCI,2020-06-12,0 days 15:59:37.237463,229352,164.57,164.46,225,624,9,-2091
627,CCJ,2020-06-12,0 days 15:58:39.069419,137749,10.18,10.17,11538,17206,2587,-1718
628,CCJ,2020-06-12,0 days 15:59:05.138395,140512,10.18,10.17,17209,14763,-5519,331
629,CEQP,2020-06-12,0 days 15:55:11.577658,57225,15.21,15.2,113,657,6640,-3005
630,CEQP,2020-06-12,0 days 15:55:40.646784,63965,15.2,15.18,400,200,-2705,6640
631,CEQP,2020-06-12,0 days 15:56:18.739409,57225,15.11,15.09,200,200,6845,-2705
632,CF,2020-06-12,0 days 15:58:00.969776,121120,29.42,29.4,2273,700,-39949,9010
633,CF,2020-06-12,0 days 15:58:01.972096,112110,29.41,29.4,815,704,9010,-39949
634,CF,2020-06-12,0 days 15:58:51.090346,112210,29.46,29.45,1062,995,7790,-44249
635,CFG,2020-06-12,0 days 15:58:11.996989,268639,25.86,25.85,700,11229,-4453,40923
636,CGC,2020-06-12,0 days 15:56:34.796065,23230,16.49,16.48,1660,801,237388,-5204
637,CHGG,2020-06-12,0 days 15:57:13.866032,87705,56.77,56.74,1004,535,-2221,599
638,CHGG,2020-06-12,0 days 15:57:14.867944,86126,56.77,56.74,1139,635,1579,-2221
639,CHGG,2020-06-12,0 days 15:57:16.872204,89375,56.77,56.75,1114,100,-2051,1579
640,CHGG,2020-06-12,0 days 15:57:17.874948,87626,56.77,56.75,1114,100,1749,-2051
641,CHGG,2020-06-12,0 days 15:58:38.067640,83789,56.88,56.86,1280,1070,-183,1918
642,CHGG,2020-06-12,0 days 15:58:39.069958,82772,56.88,56.86,323,1070,1007,-183
643,CHGG,2020-06-12,0 days 15:59:02.127793,84830,56.85,56.84,1155,500,-517,2583
644,CHGG,2020-06-12,0 days 15:59:03.134400,84150,56.85,56.84,2443,391,362,-517
645,CHGG,2020-06-12,0 days 15:59:08.140767,84512,56.85,56.84,546,1203,-171,362
646,CHGG,2020-06-12,0 days 15:59:26.184249,90373,56.8,56.79,2132,300,200,-2000
647,CHWY,2020-06-12,0 days 15:57:18.902205,46844,48.11,48.09,1760,201,961,-1239
648,CHWY,2020-06-12,0 days 15:57:19.904265,45605,48.11,48.09,700,401,-1239,961
649,CHWY,2020-06-12,0 days 15:59:03.157470,48551,48.15,48.14,1726,1500,531,-2969
650,CHWY,2020-06-12,0 days 15:59:04.158208,47770,48.15,48.14,2806,1616,-781,531
651,CHWY,2020-06-12,0 days 15:59:09.172699,48791,48.13,48.12,2731,500,3615,-305
652,CHWY,2020-06-12,0 days 15:59:10.172908,48506,48.13,48.12,3323,603,-285,3615
653,CHWY,2020-06-12,0 days 15:59:33.228844,48791,48.14,48.12,200,2457,461,-439
654,CHWY,2020-06-12,0 days 15:59:34.231082,48552,48.14,48.12,100,2857,-239,461
655,CI,2020-06-12,0 days 15:55:52.659004,169090,190.24,190.22,150,100,-41457,8543
656,CI,2020-06-12,0 days 15:55:53.662220,168247,190.13,190.0,240,156,1343,-41457
657,CI,2020-06-12,0 days 15:55:57.671395,169590,190.21,189.99,150,100,-1656,1343
658,CI,2020-06-12,0 days 15:55:58.674300,169046,190.2,190.02,350,150,544,-1656
659,CI,2020-06-12,0 days 15:56:11.706230,169709,190.42,190.24,407,276,-20,21
660,CI,2020-06-12,0 days 15:56:28.747450,169769,190.22,190.12,200,250,340,-60
661,CI,2020-06-12,0 days 15:56:53.806318,172463,190.08,190.0,278,153,-106,888
662,CI,2020-06-12,0 days 15:56:54.808518,171769,190.08,190.0,278,153,694,-106
663,CI,2020-06-12,0 days 15:57:14.857290,172463,189.97,189.92,200,150,-116,878
664,CI,2020-06-12,0 days 15:57:15.859589,171679,189.97,189.87,200,250,1778,-116
665,CI,2020-06-12,0 days 15:57:21.873283,172463,189.99,189.91,449,250,-276,718
666,CI,2020-06-12,0 days 15:57:22.876077,171739,189.99,189.94,300,100,1718,-276
667,CI,2020-06-12,0 days 15:57:27.887988,172463,190.04,189.89,300,493,-176,818
668,CI,2020-06-12,0 days 15:57:28.889910,171739,189.97,189.89,350,393,1718,-176
669,CI,2020-06-12,0 days 15:57:29.892638,172463,190.04,189.97,200,150,-176,1718
670,CI,2020-06-12,0 days 15:57:30.894956,171739,190.11,190.01,230,300,850,-176
671,CI,2020-06-12,0 days 15:57:48.938612,186489,190.14,189.98,150,252,-450,2050
672,CI,2020-06-12,0 days 15:57:49.942707,184439,190.09,189.98,150,202,3250,-450
673,CI,2020-06-12,0 days 15:57:56.960362,192689,190.12,190.04,200,270,-1350,50
674,CI,2020-06-12,0 days 15:57:57.960607,190139,190.2,190.09,300,150,2550,-1350
675,CI,2020-06-12,0 days 15:58:26.029894,190791,190.36,190.29,200,250,-101,1199
676,CI,2020-06-12,0 days 15:58:35.044684,187092,190.33,190.23,182,100,3699,-1
677,CI,2020-06-12,0 days 15:59:02.111431,193306,190.1,190.0,358,300,-1763,4804
678,CI,2020-06-12,0 days 15:59:03.115907,191469,190.04,189.95,150,223,4537,-1763
679,CI,2020-06-12,0 days 15:59:05.123456,193306,190.11,190.0,150,100,-3447,1132
680,CI,2020-06-12,0 days 15:59:06.123225,192429,190.02,189.9,250,100,877,-3447
681,CI,2020-06-12,0 days 15:59:08.125407,193306,190.13,190.05,250,300,-137,1513
682,CI,2020-06-12,0 days 15:59:09.127628,193143,190.02,189.9,250,581,4563,-137
683,CI,2020-06-12,0 days 15:59:21.159234,196229,190.03,189.89,150,150,-2463,531
684,CI,2020-06-12,0 days 15:59:23.161816,192992,190.1,189.97,332,350,537,-2163
685,CI,2020-06-12,0 days 15:59:24.164244,191275,190.2,190.05,150,150,-1917,537
686,CI,2020-06-12,0 days 15:59:25.167062,191592,190.1,189.99,150,100,1937,-1917
687,CI,2020-06-12,0 days 15:59:26.169989,193529,190.1,189.98,150,205,-263,1937
688,CI,2020-06-12,0 days 15:59:27.171495,193092,190.1,190.01,150,100,437,-263
689,CI,2020-06-12,0 days 15:59:31.181326,193529,190.11,189.99,177,1250,-4216,4987
690,CI,2020-06-12,0 days 15:59:35.191619,191275,190.38,190.22,300,1150,-2220,34
691,CI,2020-06-12,0 days 15:59:43.210482,191645,190.17,190.08,450,100,1284,-770
692,CI,2020-06-12,0 days 15:59:45.215197,191275,190.2,190.05,350,1250,-1770,884
693,CI,2020-06-12,0 days 15:59:46.218394,191745,190.11,189.99,650,600,1184,-1770
694,CI,2020-06-12,0 days 15:59:48.223509,193918,190.17,190.09,150,100,-727,2173
695,CI,2020-06-12,0 days 15:59:49.222153,193645,190.2,190.09,250,800,273,-727
696,CIG,2020-06-12,0 days 15:59:15.160001,37058,2.21,2.2,228152,224557,76529,-11610
697,CIT,2020-06-12,0 days 15:50:01.834716,95139,23.96,23.92,100,1100,-7078,33385
698,CIT,2020-06-12,0 days 15:50:14.866775,61754,23.93,23.92,612,1700,33385,-7078
699,CIT,2020-06-12,0 days 15:50:29.905597,95139,23.96,23.93,987,600,-7078,33385
700,CIT,2020-06-12,0 days 15:52:19.164223,95139,23.92,23.9,600,300,-7078,33385
701,CIT,2020-06-12,0 days 15:55:07.566761,112787,23.88,23.86,300,1402,-4980,34283
702,CIT,2020-06-12,0 days 15:58:17.022229,114403,23.98,23.97,100,9473,-9913,31064
703,CL,2020-06-12,0 days 15:57:40.933567,608806,73.0,72.98,500,600,-4096,4
704,CL,2020-06-12,0 days 15:57:46.948753,612802,72.96,72.94,1257,217,5004,-5596
705,CL,2020-06-12,0 days 15:57:47.950998,606506,72.96,72.95,415,365,-7996,5004
706,CL,2020-06-12,0 days 15:57:49.956714,614502,72.96,72.94,1920,619,7604,-7996
707,CL,2020-06-12,0 days 15:57:50.959543,608008,72.96,72.94,608,980,-6494,7604
708,CL,2020-06-12,0 days 15:57:57.973870,617602,72.98,72.95,1469,1720,5606,-9594
709,CL,2020-06-12,0 days 15:57:59.979598,610808,72.96,72.95,500,1900,-6794,4106
710,CL,2020-06-12,0 days 15:59:02.133095,609061,72.98,72.96,1800,300,-4443,8017
711,CL,2020-06-12,0 days 15:59:27.189622,630428,72.82,72.81,743,100,-187,3213
712,CL,2020-06-12,0 days 15:59:48.242662,632698,72.82,72.81,498,621,-2617,3983
713,CLDR,2020-06-12,0 days 15:55:00.547728,222015,11.54,11.53,5888,3985,9351,-68708
714,CLDR,2020-06-12,0 days 15:59:42.228991,240701,11.61,11.6,25636,4999,1681,-7319
715,CLF,2020-06-12,0 days 15:56:16.734601,120763,6.36,6.35,66274,68167,79221,-19479
716,CLX,2020-06-12,0 days 15:55:00.551170,115012,205.25,205.13,100,175,-1105,926
717,CLX,2020-06-12,0 days 15:55:48.666155,116117,205.21,205.11,300,300,993,-307
718,CLX,2020-06-12,0 days 15:55:49.668327,115210,205.21,205.12,300,328,-907,993
719,CLX,2020-06-12,0 days 15:57:11.866614,116162,205.13,205.05,100,300,739,-6425
720,CLX,2020-06-12,0 days 15:57:12.869732,115501,205.12,205.06,100,220,-661,739
721,CLX,2020-06-12,0 days 15:57:27.904475,116162,205.13,205.05,220,300,839,-715
722,CLX,2020-06-12,0 days 15:57:28.904756,115601,205.14,205.05,100,200,-561,839
723,CLX,2020-06-12,0 days 15:57:33.917058,116162,205.13,205.04,100,300,529,-1025
724,CLX,2020-06-12,0 days 15:57:34.919679,115591,205.13,205.04,100,300,-571,529
725,CLX,2020-06-12,0 days 15:57:36.924280,116962,205.13,205.05,200,300,329,-1371
726,CLX,2020-06-12,0 days 15:57:37.926750,116291,205.14,205.06,100,537,-671,329
727,CLX,2020-06-12,0 days 15:57:40.934375,118162,205.08,204.98,184,100,229,-671
728,CLX,2020-06-12,0 days 15:57:41.936282,117391,205.11,204.99,335,100,-771,229
729,CLX,2020-06-12,0 days 15:57:42.938581,118162,205.11,204.99,435,100,229,-771
730,CLX,2020-06-12,0 days 15:57:43.940951,117391,205.11,204.99,335,100,-771,229
731,CLX,2020-06-12,0 days 15:57:49.955995,118162,205.02,204.88,355,100,39,-61
732,CLX,2020-06-12,0 days 15:57:52.963633,117301,205.09,204.94,220,100,-961,239
733,CLX,2020-06-12,0 days 15:57:54.968256,118262,205.09,204.97,200,100,829,-961
734,CLX,2020-06-12,0 days 15:57:55.970257,116501,205.09,204.99,200,217,-1761,829
735,CLX,2020-06-12,0 days 15:57:57.975846,118262,205.09,204.99,200,100,229,-761
736,CLX,2020-06-12,0 days 15:57:58.977917,117501,205.09,204.99,201,100,-761,229
737,CLX,2020-06-12,0 days 15:58:00.983462,118262,205.04,204.95,100,200,139,-561
738,CLX,2020-06-12,0 days 15:58:02.989511,116501,205.06,204.98,200,200,-1661,239
739,CLX,2020-06-12,0 days 15:58:45.091172,122337,205.33,205.25,285,100,447,-775
740,CLX,2020-06-12,0 days 15:58:46.092514,121094,205.32,205.22,100,100,-1243,447
741,CLX,2020-06-12,0 days 15:59:03.135832,124879,205.43,205.35,120,109,257,-2560
742,CLX,2020-06-12,0 days 15:59:04.136813,122936,205.45,205.36,100,100,-1139,257
743,CLX,2020-06-12,0 days 15:59:07.144700,124075,205.42,205.35,200,221,344,-1139
744,CLX,2020-06-12,0 days 15:59:08.146768,123739,205.37,205.35,100,121,-336,344
745,CLX,2020-06-12,0 days 15:59:11.154611,127017,205.31,205.21,200,318,733,-1046
746,CLX,2020-06-12,0 days 15:59:38.220209,130385,205.22,205.15,200,181,1943,-367
747,CLX,2020-06-12,0 days 15:59:39.223309,129828,205.25,205.17,299,209,-557,1943
748,CLX,2020-06-12,0 days 15:59:45.237746,130385,205.25,205.18,267,200,143,-557
749,CLX,2020-06-12,0 days 15:59:48.245751,129928,205.25,205.11,431,708,-457,143
750,CLX,2020-06-12,0 days 15:59:58.269088,128685,205.21,204.99,1800,1297,1217,-1447
751,CMA,2020-06-12,0 days 15:57:59.979131,118696,39.2,39.17,987,100,-705,43143
752,CMA,2020-06-12,0 days 15:58:05.993856,75853,39.19,39.18,200,300,42843,-205
753,CMA,2020-06-12,0 days 15:59:00.128495,122295,39.24,39.22,879,200,-2001,41942
754,CMA,2020-06-12,0 days 15:59:02.130359,79753,39.21,39.2,700,200,42581,-1801
755,CMA,2020-06-12,0 days 15:59:28.192051,123696,39.19,39.17,300,718,-8792,38568
756,CMA,2020-06-12,0 days 15:59:29.193923,85128,39.21,39.19,740,300,38568,-8792
757,CMA,2020-06-12,0 days 15:59:42.226222,123696,39.19,39.18,100,200,-8792,38568
758,CMA,2020-06-12,0 days 15:59:52.250981,123696,39.17,39.12,401,400,-8692,38568
759,CMC,2020-06-12,0 days 15:58:53.109200,111775,18.31,18.3,2400,2693,1468,-1056
760,CMC,2020-06-12,0 days 15:58:56.117363,113061,18.31,18.3,1279,4484,-763,1886
761,CMC,2020-06-12,0 days 15:59:11.154277,113904,18.29,18.28,2150,4785,6341,-227
762,CMS,2020-06-12,0 days 15:57:34.920238,298125,58.29,58.28,631,260,2120,-780
763,CMS,2020-06-12,0 days 15:57:35.921818,296945,58.29,58.27,707,200,-1180,2120
764,CMS,2020-06-12,0 days 15:57:38.928677,298125,58.28,58.27,200,703,1420,-1280
765,CMS,2020-06-12,0 days 15:57:39.931909,296945,58.28,58.27,100,400,-1180,1420
766,CMS,2020-06-12,0 days 15:57:50.959650,298125,58.26,58.25,1356,675,420,-827
767,CMS,2020-06-12,0 days 15:57:59.979632,298125,58.3,58.28,946,600,1220,-980
768,CMS,2020-06-12,0 days 15:58:00.982494,294345,58.31,58.29,1433,400,-3780,1220
769,CMS,2020-06-12,0 days 15:58:03.989300,298125,58.29,58.28,200,745,1220,-1380
770,CMS,2020-06-12,0 days 15:58:07.999371,296813,58.34,58.32,4011,600,-1312,20
771,CMS,2020-06-12,0 days 15:58:11.006817,298125,58.34,58.33,4309,100,1188,-512
772,CMS,2020-06-12,0 days 15:58:12.011262,297613,58.34,58.33,1809,600,-512,1188
773,CMS,2020-06-12,0 days 15:59:16.163692,320052,58.31,58.29,501,618,-1410,2262
774,CMS,2020-06-12,0 days 15:59:17.166470,318962,58.31,58.29,640,499,490,-1410
775,CMS,2020-06-12,0 days 15:59:28.193061,320052,58.3,58.29,536,300,-3354,1281
776,CMS,2020-06-12,0 days 15:59:29.194545,319006,58.3,58.29,873,300,446,-3354
777,CNC,2020-06-12,0 days 15:55:00.532940,259455,61.83,61.81,1043,222,-2582,66001
778,CNC,2020-06-12,0 days 15:55:01.535423,257337,61.81,61.8,424,113,2118,-2582
779,CNC,2020-06-12,0 days 15:56:02.684378,262125,61.96,61.95,485,300,-9695,2246
780,CNC,2020-06-12,0 days 15:56:03.686405,260820,61.96,61.94,1085,1126,1305,-9695
781,CNC,2020-06-12,0 days 15:56:19.724757,262156,62.02,62.01,200,401,-345,328
782,CNC,2020-06-12,0 days 15:56:20.727667,261001,62.01,62.0,799,1060,1155,-345
783,CNC,2020-06-12,0 days 15:57:42.923806,264839,62.04,62.02,400,400,-193,1107
784,CNC,2020-06-12,0 days 15:57:43.927561,263432,62.02,62.01,825,284,1407,-193
785,CNC,2020-06-12,0 days 15:57:58.963205,264839,61.99,61.98,2485,797,-3293,907
786,CNC,2020-06-12,0 days 15:57:59.966034,261732,61.97,61.96,100,301,3107,-3293
787,CNC,2020-06-12,0 days 15:58:00.969776,264839,61.98,61.97,900,100,-2093,3107
788,CNC,2020-06-12,0 days 15:58:01.972137,263932,61.98,61.96,1200,301,907,-2093
789,CNC,2020-06-12,0 days 15:58:02.974788,264839,61.99,61.98,1860,903,-1493,907
790,CNC,2020-06-12,0 days 15:58:03.976390,261332,61.97,61.96,700,100,3507,-1493
791,CNC,2020-06-12,0 days 15:58:04.978918,264839,61.98,61.96,938,504,-216,3507
792,CNC,2020-06-12,0 days 15:58:06.984049,264555,61.99,61.98,1860,281,284,-2816
793,CNC,2020-06-12,0 days 15:58:22.019652,273509,62.03,62.02,1300,1235,766,-1270
794,CNC,2020-06-12,0 days 15:58:28.034529,274275,62.05,62.04,300,302,-445,731
795,CNC,2020-06-12,0 days 15:58:29.036713,273620,62.05,62.04,700,523,655,-445
796,CNC,2020-06-12,0 days 15:59:06.130093,264268,61.97,61.95,569,200,2952,-348
797,CNC,2020-06-12,0 days 15:59:26.176090,272551,61.96,61.95,247,406,4551,-1549
798,CNC,2020-06-12,0 days 15:59:30.189910,276051,61.98,61.96,811,471,1051,-2249
799,CNC,2020-06-12,0 days 15:59:32.192287,277102,62.01,61.99,500,100,-1749,1051
800,CNC,2020-06-12,0 days 15:59:36.201062,277102,62.04,62.01,1058,557,-249,651
801,CNC,2020-06-12,0 days 15:59:42.216236,276551,62.03,62.0,2091,200,551,-749
802,CNC,2020-06-12,0 days 15:59:49.232268,277102,62.01,61.99,300,200,-3801,651
803,CNC,2020-06-12,0 days 15:59:50.237053,276223,62.01,61.99,519,200,879,-3801
804,CNC,2020-06-12,0 days 15:59:51.237391,277102,62.04,62.0,8316,200,-221,879
805,CNC,2020-06-12,0 days 15:59:52.239904,276223,62.01,61.98,200,200,879,-221
806,CNNE,2020-06-12,0 days 15:55:00.533176,86505,37.16,37.12,3543,3462,-9520,9284
807,CNNE,2020-06-12,0 days 15:59:54.245482,100608,37.09,37.07,4346,455,5884,-2050
808,CNP,2020-06-12,0 days 15:55:40.639125,836786,18.02,18.01,12299,8328,-14748,6100
809,CNP,2020-06-12,0 days 15:55:41.641215,833634,18.02,18.01,13499,6902,3152,-14748
810,CNP,2020-06-12,0 days 15:56:08.707629,834754,18.05,18.04,7600,7208,-1461,1039
811,CNP,2020-06-12,0 days 15:56:09.709494,832015,18.04,18.03,9709,5200,5239,-1461
812,CNP,2020-06-12,0 days 15:57:49.949804,872623,18.04,18.03,13218,29362,-2986,3614
813,CNP,2020-06-12,0 days 15:57:50.952659,867709,18.04,18.03,14418,25762,4914,-2986
814,CNP,2020-06-12,0 days 15:57:54.961514,872760,18.04,18.03,8421,41289,-3249,2051
815,CNP,2020-06-12,0 days 15:57:56.968156,867309,18.05,18.04,4553,20443,2951,-5849
816,CNP,2020-06-12,0 days 15:58:06.992484,887360,18.05,18.04,3132,24287,-4246,2851
817,CNP,2020-06-12,0 days 15:58:07.994259,887006,18.06,18.05,5027,22778,354,-4246
818,CNP,2020-06-12,0 days 15:58:13.007973,887360,18.06,18.05,6116,24550,-1218,3282
819,CNP,2020-06-12,0 days 15:58:14.008624,887078,18.06,18.05,6116,22722,282,-1218
820,CNP,2020-06-12,0 days 15:59:08.140077,1064454,18.01,18.0,11896,4074,-6453,8647
821,CNX,2020-06-12,0 days 15:56:03.703270,312000,10.47,10.46,1002,5459,15444,-2283
822,CNX,2020-06-12,0 days 15:56:04.705104,307444,10.48,10.47,1515,3595,-4556,15444
823,CNX,2020-06-12,0 days 15:56:15.732482,313002,10.49,10.48,1400,3987,3654,-4750
824,CNX,2020-06-12,0 days 15:56:16.734538,309350,10.49,10.48,1200,5212,-3652,3654
825,CNX,2020-06-12,0 days 15:57:45.947681,314503,10.47,10.46,3016,3634,8040,-1266
826,CNX,2020-06-12,0 days 15:58:46.092447,317084,10.49,10.48,19044,8213,64705,-3341
827,CNX,2020-06-12,0 days 15:59:16.166396,357647,10.49,10.48,2000,5469,-768,22498
828,CNX,2020-06-12,0 days 15:59:22.180548,358415,10.49,10.48,2807,4461,9025,-768
829,COF,2020-06-12,0 days 15:55:29.620568,661490,70.4,70.39,400,200,-462,1938
830,COF,2020-06-12,0 days 15:55:30.622837,659452,70.39,70.37,300,200,1838,-462
831,COF,2020-06-12,0 days 15:56:14.729349,668653,70.45,70.42,300,600,-2212,7741
832,COF,2020-06-12,0 days 15:56:15.732456,665665,70.45,70.42,415,102,4878,-2212
833,COF,2020-06-12,0 days 15:57:04.849190,670457,70.59,70.57,100,300,-11388,2512
834,COF,2020-06-12,0 days 15:57:05.852274,667545,70.56,70.54,300,512,5988,-11388
835,COF,2020-06-12,0 days 15:57:29.907016,675227,70.58,70.56,600,500,-86,2990
836,COF,2020-06-12,0 days 15:57:33.916910,675313,70.54,70.53,387,788,71,-86
837,COF,2020-06-12,0 days 15:57:44.944225,665880,70.54,70.53,215,500,9504,-528
838,COF,2020-06-12,0 days 15:57:52.963461,675384,70.56,70.55,100,400,-11296,904
839,COF,2020-06-12,0 days 15:57:56.973224,670580,70.56,70.54,213,400,4804,-10096
840,COF,2020-06-12,0 days 15:57:57.975742,673846,70.57,70.55,421,400,-11634,4804
841,COF,2020-06-12,0 days 15:58:32.060228,687449,70.63,70.62,100,315,12095,-16405
842,COF,2020-06-12,0 days 15:58:40.078398,671144,70.64,70.61,400,610,-1483,1746
843,COF,2020-06-12,0 days 15:58:58.122219,680632,70.64,70.62,500,400,3760,-2487
844,COF,2020-06-12,0 days 15:58:59.124245,680192,70.64,70.62,400,395,-140,3760
845,COF,2020-06-12,0 days 15:59:02.132337,677762,70.59,70.57,300,400,-278,9890
846,COF,2020-06-12,0 days 15:59:06.145090,669117,70.54,70.52,825,1400,11877,-55
847,COF,2020-06-12,0 days 15:59:11.154390,700852,70.58,70.56,500,400,-8566,10029
848,COF,2020-06-12,0 days 15:59:20.176492,816292,70.68,70.66,304,256,8279,-13921
849,COF,2020-06-12,0 days 15:59:33.208880,827661,70.69,70.67,598,200,-186,9314
850,COF,2020-06-12,0 days 15:59:34.211313,816303,70.64,70.62,500,200,11558,-186
851,COG,2020-06-12,0 days 15:55:16.599190,445197,20.09,20.08,4132,2205,4332,-9434
852,COG,2020-06-12,0 days 15:55:17.601140,439529,20.08,20.07,2632,1501,-1647,4332
853,COG,2020-06-12,0 days 15:55:47.672864,433165,20.07,20.06,2409,3704,-4211,3089
854,COG,2020-06-12,0 days 15:56:35.789160,439069,20.06,20.05,3552,1975,-3507,2693
855,COG,2020-06-12,0 days 15:57:19.895558,439069,20.06,20.05,605,3773,-3507,1593
856,COG,2020-06-12,0 days 15:57:56.985183,442576,20.05,20.04,2347,4572,30,-3570
857,COG,2020-06-12,0 days 15:57:57.987351,433106,20.05,20.04,2147,4772,-9470,30
858,COG,2020-06-12,0 days 15:59:07.157104,440009,20.05,20.04,3138,1322,-2339,7361
859,COG,2020-06-12,0 days 15:59:11.167268,457607,20.06,20.05,5116,346,25405,-2409
860,COLD,2020-06-12,0 days 15:59:12.177901,207069,34.75,34.72,574,220,2741,-2059
861,COP,2020-06-12,0 days 15:57:12.867382,1036012,43.72,43.71,226,300,1660,-4458
862,COP,2020-06-12,0 days 15:57:13.868686,1026572,43.74,43.73,500,981,-9540,1660
863,COP,2020-06-12,0 days 15:57:43.940084,1019241,43.69,43.68,902,481,-16946,2854
864,COP,2020-06-12,0 days 15:57:52.962074,1035087,43.68,43.67,2296,100,2654,-8246
865,COP,2020-06-12,0 days 15:57:53.966443,1026841,43.68,43.67,2027,500,-8246,2654
866,COP,2020-06-12,0 days 15:57:59.979229,1036187,43.68,43.67,334,1000,154,-27246
867,COP,2020-06-12,0 days 15:58:04.992182,1027163,43.67,43.66,4520,105,-7924,1254
868,COP,2020-06-12,0 days 15:59:35.208916,1060916,43.72,43.71,800,2439,-5902,9898
869,COP,2020-06-12,0 days 15:59:36.210657,1047218,43.7,43.69,900,600,13698,-5902
870,COP,2020-06-12,0 days 15:59:37.213685,1060916,43.73,43.72,800,1285,-5302,13698
871,COP,2020-06-12,0 days 15:59:38.215734,1056818,43.72,43.71,399,1800,4098,-5302
872,COP,2020-06-12,0 days 15:59:39.218612,1053816,43.73,43.72,680,1300,-3102,4098
873,COTY,2020-06-12,0 days 15:57:05.835089,253055,4.88,4.87,36537,40834,-18666,30166
874,CPB,2020-06-12,0 days 15:57:41.920718,270689,47.11,47.09,500,202,865,-1735
875,CPB,2020-06-12,0 days 15:57:42.923674,261754,47.12,47.1,300,570,-8935,865
876,CPB,2020-06-12,0 days 15:59:15.150719,274265,47.1,47.09,600,249,1387,-513
877,CPB,2020-06-12,0 days 15:59:17.154358,275652,47.11,47.09,500,748,-83,887
878,CPB,2020-06-12,0 days 15:59:23.168471,275735,47.11,47.09,500,799,818,-83
879,CPB,2020-06-12,0 days 15:59:29.183764,270471,47.12,47.11,100,500,-5264,2936
880,CRM,2020-06-12,0 days 15:54:14.431391,208185,174.85,174.82,200,201,-813,187
881,CRM,2020-06-12,0 days 15:55:45.651365,331305,175.41,175.38,901,536,8967,-17123
882,CRM,2020-06-12,0 days 15:55:46.653550,326872,175.42,175.38,100,300,-4433,8967
883,CRM,2020-06-12,0 days 15:58:46.087077,362867,175.39,175.36,400,464,15,-8247
884,CRM,2020-06-12,0 days 15:58:55.108592,357839,175.36,175.35,272,1291,-1585,1015
885,CRM,2020-06-12,0 days 15:58:59.118827,357535,175.34,175.32,200,202,512,-1677
886,CRM,2020-06-12,0 days 15:59:00.128933,353047,175.35,175.32,200,251,-4488,512
887,CRM,2020-06-12,0 days 15:59:09.145053,359641,175.18,175.13,400,301,148,-2427
888,CRM,2020-06-12,0 days 15:59:10.145958,359789,175.18,175.13,1057,194,-2624,148
889,CRM,2020-06-12,0 days 15:59:11.148432,362413,175.14,175.13,453,100,3636,-2624
890,CRM,2020-06-12,0 days 15:59:12.150364,361649,175.14,175.12,500,200,-764,3636
891,CRM,2020-06-12,0 days 15:59:16.160213,361557,175.14,175.1,400,724,2638,-102
892,CRM,2020-06-12,0 days 15:59:18.164697,357895,175.12,175.09,367,256,-262,2938
893,CRM,2020-06-12,0 days 15:59:24.179450,358125,175.07,175.04,105,5975,-32,668
894,CRM,2020-06-12,0 days 15:59:25.182055,358157,175.07,175.04,105,5978,1379,-32
895,CRM,2020-06-12,0 days 15:59:31.197032,358157,175.08,175.05,152,400,74,-770
896,CRM,2020-06-12,0 days 15:59:35.207180,358173,175.2,175.12,200,575,-5527,74
897,CRM,2020-06-12,0 days 15:59:36.208084,361557,175.17,175.12,200,590,2774,-5527
898,CRM,2020-06-12,0 days 15:59:37.211550,362173,175.24,175.16,200,1580,-1527,2774
899,CRM,2020-06-12,0 days 15:59:38.214065,363700,175.25,175.18,100,1300,573,-1527
900,CRM,2020-06-12,0 days 15:59:39.216813,363773,175.28,175.26,300,100,-1894,573
901,CRM,2020-06-12,0 days 15:59:40.218565,385430,175.2,175.16,200,877,1543,-1894
902,CRM,2020-06-12,0 days 15:59:52.249083,367218,175.17,175.09,700,300,1335,-16877
903,CRM,2020-06-12,0 days 15:59:55.255235,367953,175.27,175.12,2465,700,-19124,1335
904,CRM,2020-06-12,0 days 15:59:58.262097,358157,175.21,175.09,800,3458,10454,-16877
905,CS,2020-06-12,0 days 15:59:13.137786,85234,9.98,9.97,60493,64197,-1610,2890
906,CTLT,2020-06-12,0 days 15:59:15.164000,599904,69.65,69.62,559,1100,438,-2554
907,CTLT,2020-06-12,0 days 15:59:46.239973,600434,69.62,69.6,4710,700,6286,-1114
908,CTLT,2020-06-12,0 days 15:59:47.241522,599320,69.62,69.6,4810,800,-1114,6286
909,CTLT,2020-06-12,0 days 16:00:00.272476,600434,69.58,69.57,690,36387,3688,-5950
910,CTVA,2020-06-12,0 days 15:55:54.680619,302971,27.63,27.62,200,1000,-2709,3529
911,CTVA,2020-06-12,0 days 15:55:55.683095,299580,27.63,27.62,980,700,3391,-2709
912,CTVA,2020-06-12,0 days 15:59:11.154583,335596,27.61,27.6,933,740,-30771,1308
913,CTVA,2020-06-12,0 days 15:59:29.197957,376667,27.56,27.55,958,1673,-291,2109
914,CTVA,2020-06-12,0 days 15:59:43.232513,376958,27.57,27.55,7034,100,597,-403
915,CTVA,2020-06-12,0 days 15:59:45.237715,374367,27.57,27.56,132,588,-2591,3297
916,CUK,2020-06-12,0 days 15:51:02.964306,5837,17.03,17.02,400,200,1274,-9680
917,CUK,2020-06-12,0 days 15:52:34.182637,5837,17.04,17.03,434,200,1274,-9680
918,CUK,2020-06-12,0 days 15:54:01.391700,7111,17.02,17.0,1940,300,-9680,1274
919,CUK,2020-06-12,0 days 15:59:06.123254,10736,17.09,17.07,200,1000,-10452,4048
920,CVS,2020-06-12,0 days 15:57:50.944129,877355,64.14,64.13,375,100,-259,15241
921,CVS,2020-06-12,0 days 15:57:51.946402,859314,64.13,64.12,100,675,18041,-259
922,CVS,2020-06-12,0 days 15:57:52.948686,877355,64.17,64.16,576,459,-5259,18041
923,CVS,2020-06-12,0 days 15:57:59.965999,870214,64.15,64.14,100,575,7600,-15000
924,CVS,2020-06-12,0 days 15:58:17.007766,878017,64.18,64.17,5131,875,3203,-11297
925,CVS,2020-06-12,0 days 15:58:28.034529,879594,64.22,64.2,279,1350,1732,-1468
926,CVS,2020-06-12,0 days 15:59:04.122248,885559,64.17,64.16,1175,275,-16070,1066
927,CVS,2020-06-12,0 days 15:59:05.130858,873191,64.13,64.12,775,1237,12368,-16070
928,CVS,2020-06-12,0 days 15:59:08.131754,885559,64.14,64.13,207,775,-2568,532
929,CVS,2020-06-12,0 days 15:59:09.136096,883827,64.12,64.11,200,997,48815,-2568
930,CVS,2020-06-12,0 days 15:59:40.211082,968200,64.14,64.12,275,527,8786,-7514
931,CVS,2020-06-12,0 days 15:59:45.222783,976986,64.13,64.11,703,1800,-4014,17351
932,CVS,2020-06-12,0 days 15:59:48.230235,974014,64.12,64.09,929,200,3798,-3445
933,CVX,2020-06-12,0 days 15:55:01.535568,1117267,92.45,92.41,400,200,-8086,5514
934,CVX,2020-06-12,0 days 15:57:19.869012,1141940,92.39,92.37,700,200,21164,-4786
935,CVX,2020-06-12,0 days 15:57:20.871803,1135604,92.4,92.39,3450,100,-6714,21164
936,CVX,2020-06-12,0 days 15:57:52.948882,1140424,92.35,92.31,300,374,17753,-9847
937,CVX,2020-06-12,0 days 15:57:53.952280,1137777,92.35,92.33,100,400,-2647,17753
938,CVX,2020-06-12,0 days 15:57:55.955497,1141940,92.37,92.35,500,100,10437,-9547
939,CVX,2020-06-12,0 days 15:57:56.960362,1139077,92.37,92.35,100,642,-2664,10437
940,CVX,2020-06-12,0 days 15:58:03.976533,1141741,92.36,92.34,974,205,3436,-3063
941,CVX,2020-06-12,0 days 15:58:05.980732,1137777,92.35,92.33,200,2700,-2647,253
942,CVX,2020-06-12,0 days 15:58:32.039061,1149436,92.41,92.38,300,202,8179,-4688
943,CVX,2020-06-12,0 days 15:58:34.042830,1146415,92.36,92.34,300,300,-2444,2779
944,CVX,2020-06-12,0 days 15:58:46.071279,1148402,92.4,92.38,400,200,8313,-22454
945,CVX,2020-06-12,0 days 15:58:50.081085,1145215,92.37,92.36,200,300,-2610,3191
946,CVX,2020-06-12,0 days 15:59:01.111177,1149432,92.36,92.33,500,2385,4719,-3881
947,CVX,2020-06-12,0 days 15:59:18.149961,1233490,92.26,92.24,100,300,-8629,32910
948,CVX,2020-06-12,0 days 15:59:19.152036,1222423,92.26,92.23,737,300,11167,-8629
949,CVX,2020-06-12,0 days 15:59:32.183913,1241592,92.24,92.21,1044,1100,-24822,50223
950,CVX,2020-06-12,0 days 15:59:33.186728,1230306,92.23,92.21,200,400,3386,-24822
951,CVX,2020-06-12,0 days 15:59:35.191619,1190325,92.35,92.31,100,1000,-40140,19064
952,CVX,2020-06-12,0 days 15:59:36.193727,1182603,92.27,92.24,300,600,43389,-40140
953,CVX,2020-06-12,0 days 15:59:42.208610,1190025,92.35,92.32,738,200,-17027,19226
954,CVX,2020-06-12,0 days 15:59:43.210482,1183065,92.33,92.3,766,1027,9560,-17027
955,CVX,2020-06-12,0 days 15:59:46.218394,1192625,92.34,92.32,200,300,-12490,12177
956,CVX,2020-06-12,0 days 15:59:47.220966,1186100,92.35,92.33,300,210,3825,-12490
957,CVX,2020-06-12,0 days 15:59:51.226634,1189925,92.4,92.37,100,1913,-1498,6796
958,CXO,2020-06-12,0 days 15:55:24.618093,210877,58.33,58.27,201,100,-47164,944
959,CXO,2020-06-12,0 days 15:57:52.975663,138953,58.02,57.99,702,903,118356,-7736
960,CXO,2020-06-12,0 days 15:57:55.982777,162617,58.01,58.0,200,200,-123736,2356
961,CXO,2020-06-12,0 days 15:59:01.145037,137354,58.0,57.98,600,1824,117284,-8183
962,CXO,2020-06-12,0 days 15:59:14.174510,235335,58.01,57.97,200,300,-45716,126247
963,CXO,2020-06-12,0 days 15:59:15.177225,156551,58.01,57.97,300,600,121236,-45716
964,CXO,2020-06-12,0 days 15:59:21.189890,235284,58.01,57.99,267,300,-45767,79085
965,CXO,2020-06-12,0 days 15:59:31.214538,239888,58.02,58.0,100,100,-46091,79261
966,CXO,2020-06-12,0 days 15:59:40.236654,245188,58.03,58.01,637,300,-41954,82698
967,CXO,2020-06-12,0 days 15:59:47.253211,254724,58.02,57.99,400,400,-33058,91594
968,CXO,2020-06-12,0 days 15:59:51.262226,163282,58.01,57.96,500,1392,118132,-6520
969,CXO,2020-06-12,0 days 15:59:55.272013,281262,58.02,57.96,2200,909,-6520,118132
970,CXO,2020-06-12,0 days 15:59:56.274897,163282,58.02,57.94,13371,2600,118132,-6520
971,CXO,2020-06-12,0 days 15:59:58.278385,281262,58.02,57.94,11308,3800,-6520,118132
972,CXO,2020-06-12,0 days 15:59:59.280239,163282,57.98,57.93,18186,2600,118132,-6520
973,D,2020-06-12,0 days 15:55:00.550013,675883,82.95,82.93,100,300,-6492,21593
974,D,2020-06-12,0 days 15:56:26.759782,683789,83.15,83.13,400,902,547,-53
975,D,2020-06-12,0 days 15:56:28.763111,677573,83.12,83.1,200,300,-6216,1027
976,D,2020-06-12,0 days 15:57:41.936138,683821,83.09,83.07,200,1000,4508,-4392
977,D,2020-06-12,0 days 15:57:42.938479,681729,83.1,83.07,100,1200,-2092,4508
978,D,2020-06-12,0 days 15:57:43.940815,683821,83.09,83.08,300,300,3385,-2092
979,D,2020-06-12,0 days 15:57:44.944225,682629,83.07,83.05,600,300,-1192,3385
980,D,2020-06-12,0 days 15:57:47.950998,683821,83.07,83.06,100,300,1508,-1392
981,D,2020-06-12,0 days 15:58:03.990715,683821,83.14,83.13,512,400,3645,-11835
982,D,2020-06-12,0 days 15:58:12.010728,690761,83.22,83.19,1100,300,3215,-12188
983,D,2020-06-12,0 days 15:58:14.015074,687908,83.22,83.19,497,500,-2853,3247
984,D,2020-06-12,0 days 15:58:56.117454,689863,83.24,83.23,203,590,-944,56
985,D,2020-06-12,0 days 15:59:03.135563,691248,83.18,83.16,500,100,9089,-777
986,D,2020-06-12,0 days 15:59:05.143117,694137,83.17,83.15,348,600,-136,589
987,D,2020-06-12,0 days 15:59:06.145136,694273,83.15,83.14,400,400,2264,-136
988,D,2020-06-12,0 days 15:59:26.190888,721170,83.1,83.07,400,900,3714,-926
989,D,2020-06-12,0 days 15:59:36.215063,722544,83.13,83.09,1503,1005,-826,1514
990,D,2020-06-12,0 days 15:59:38.220113,723370,83.16,83.12,1401,1571,1514,-826
991,D,2020-06-12,0 days 15:59:39.223212,708164,83.18,83.17,500,600,-15206,1514
992,D,2020-06-12,0 days 15:59:47.241632,708470,83.18,83.15,600,593,4850,-306
993,D,2020-06-12,0 days 15:59:49.247291,710820,83.2,83.18,300,200,-2550,350
994,D,2020-06-12,0 days 15:59:55.262075,700620,83.24,83.19,2800,1000,-9150,1050
995,DB,2020-06-12,0 days 15:55:00.533974,118476,9.36,9.35,36300,91871,-13520,27586
996,DB,2020-06-12,0 days 15:55:01.535537,113396,9.36,9.35,52147,87521,5080,-13520
997,DCP,2020-06-12,0 days 15:59:56.240298,103147,12.36,12.31,1200,743,7765,-10007
998,DD,2020-06-12,0 days 15:59:30.200341,318836,51.03,51.01,700,400,-2217,583
999,DD,2020-06-12,0 days 15:59:44.231300,321822,51.06,51.04,700,300,545,-355
1000,DD,2020-06-12,0 days 15:59:50.248764,318113,51.06,51.04,300,731,-3709,206
1001,DELL,2020-06-12,0 days 15:55:41.653294,112845,46.99,46.98,1035,700,-1220,844
1002,DELL,2020-06-12,0 days 15:55:42.656286,109665,46.99,46.98,1365,600,3180,-1220
1003,DELL,2020-06-12,0 days 15:57:39.938356,116528,47.04,47.01,500,1501,-230,2770
1004,DELL,2020-06-12,0 days 15:57:40.939808,114058,47.03,47.01,200,2513,2470,-230
1005,DELL,2020-06-12,0 days 15:57:54.974806,116528,47.09,47.05,600,607,-1230,2170
1006,DELL,2020-06-12,0 days 15:57:55.975484,114358,47.09,47.05,600,607,2170,-1230
1007,DELL,2020-06-12,0 days 15:58:19.032335,116528,47.12,47.09,100,1757,-480,720
1008,DELL,2020-06-12,0 days 15:58:20.037009,114643,47.11,47.09,343,2009,1885,-480
1009,DELL,2020-06-12,0 days 15:58:46.098277,114524,47.12,47.11,1721,1001,-12947,1381
1010,DELL,2020-06-12,0 days 15:59:02.138749,119421,47.01,46.98,600,300,362,-738
1011,DELL,2020-06-12,0 days 15:59:11.158857,121116,46.95,46.94,275,208,-989,327
1012,DELL,2020-06-12,0 days 15:59:13.165087,123556,46.95,46.93,403,581,230,-640
1013,DELL,2020-06-12,0 days 15:59:34.213881,124167,46.93,46.91,800,451,376,-824
1014,DELL,2020-06-12,0 days 15:59:35.217520,123343,46.98,46.95,359,907,-1224,376
1015,DELL,2020-06-12,0 days 15:59:38.222660,123267,46.95,46.94,101,1200,76,-4713
1016,DELL,2020-06-12,0 days 15:59:39.225970,123343,46.97,46.94,400,1143,-524,76
1017,DELL,2020-06-12,0 days 15:59:42.234337,122867,46.94,46.93,258,500,501,-3913
1018,DELL,2020-06-12,0 days 15:59:44.237263,124168,46.96,46.92,599,1000,-399,301
1019,DFS,2020-06-12,0 days 15:55:00.533484,194254,52.71,52.69,100,300,-368,3382
1020,DFS,2020-06-12,0 days 15:59:01.111019,202985,53.0,52.99,200,355,-28119,9313
1021,DFS,2020-06-12,0 days 15:59:55.236624,217485,53.01,52.98,420,1154,-21446,14562
1022,DFS,2020-06-12,0 days 15:59:56.240557,202923,53.01,52.98,432,1181,14562,-21446
1023,DG,2020-06-12,0 days 15:59:16.160248,162680,184.01,183.94,150,229,-5972,1703
1024,DG,2020-06-12,0 days 15:59:25.182096,162852,183.78,183.7,450,100,980,-20
1025,DG,2020-06-12,0 days 15:59:26.184220,163832,183.81,183.73,350,150,-20,980
1026,DG,2020-06-12,0 days 15:59:35.207213,169152,183.97,183.9,2422,500,474,-420
1027,DG,2020-06-12,0 days 15:59:38.214122,169626,183.98,183.95,100,400,-526,474
1028,DG,2020-06-12,0 days 15:59:41.220923,167672,184.05,183.95,180,415,1954,-646
1029,DG,2020-06-12,0 days 15:59:45.231697,168126,184.02,183.95,454,420,-1446,154
1030,DG,2020-06-12,0 days 15:59:46.235028,167872,184.02,183.95,395,239,254,-1446
1031,DHI,2020-06-12,0 days 15:55:18.603124,306248,53.94,53.92,400,1023,-22293,30607
1032,DHI,2020-06-12,0 days 15:55:19.605267,303341,53.93,53.91,420,1304,2907,-22293
1033,DHI,2020-06-12,0 days 15:57:34.931815,308483,53.93,53.92,1100,604,-607,5393
1034,DHI,2020-06-12,0 days 15:57:35.934147,308373,53.92,53.91,600,759,110,-607
1035,DHI,2020-06-12,0 days 15:57:44.956147,308483,53.92,53.91,815,500,-990,2010
1036,DHI,2020-06-12,0 days 15:57:45.958662,294373,53.9,53.89,710,281,14110,-990
1037,DHI,2020-06-12,0 days 15:57:57.987055,307173,53.92,53.91,500,1300,1602,-2198
1038,DHI,2020-06-12,0 days 15:58:04.003948,307173,53.92,53.91,1100,379,1602,-1098
1039,DHI,2020-06-12,0 days 15:58:19.039014,308502,53.98,53.97,992,4134,712,-1988
1040,DHI,2020-06-12,0 days 15:58:54.124819,314179,54.04,54.03,140,1400,24,-3430
1041,DHI,2020-06-12,0 days 15:59:04.148528,314467,54.04,54.03,519,1304,-263,1737
1042,DHI,2020-06-12,0 days 15:59:12.168368,354603,54.02,54.01,324,1285,-541,203
1043,DHI,2020-06-12,0 days 15:59:15.176991,352643,54.02,54.01,1077,1347,1960,-1040
1044,DHI,2020-06-12,0 days 15:59:19.184466,353143,54.05,54.03,1034,952,1460,-3140
1045,DHI,2020-06-12,0 days 15:59:26.201671,356043,54.06,54.05,769,1218,1035,-1265
1046,DHI,2020-06-12,0 days 15:59:33.218943,355743,54.07,54.06,2097,501,1335,-865
1047,DHI,2020-06-12,0 days 15:59:37.229165,357078,54.08,54.07,500,900,-865,1035
1048,DHI,2020-06-12,0 days 15:59:41.238345,356539,54.08,54.07,1531,202,539,-865
1049,DHI,2020-06-12,0 days 15:59:48.255825,358178,54.02,54.01,741,1000,-465,1335
1050,DHR,2020-06-12,0 days 15:59:14.161028,278114,168.12,168.08,200,405,-327,373
1051,DHR,2020-06-12,0 days 15:59:15.165137,279559,168.11,168.05,400,495,1818,-327
1052,DHR,2020-06-12,0 days 15:59:34.211177,284791,168.27,168.19,100,1206,-1196,1304
1053,DHR,2020-06-12,0 days 15:59:42.231199,280287,168.31,168.23,200,575,4504,-1377
1054,DHT,2020-06-12,0 days 15:58:22.019617,90010,5.91,5.9,1101,44740,-11641,16459
1055,DHT,2020-06-12,0 days 15:58:23.021918,88751,5.91,5.9,1701,40638,1259,-11641
1056,DHT,2020-06-12,0 days 15:58:53.094643,88015,5.9,5.89,10109,10533,-6705,64
1057,DHT,2020-06-12,0 days 15:59:01.118425,94720,5.9,5.89,11883,8600,4670,-6030
1058,DHT,2020-06-12,0 days 15:59:02.118177,94190,5.9,5.89,11019,8243,-530,4670
1059,DHT,2020-06-12,0 days 15:59:37.203879,103582,5.89,5.88,14012,32015,-323,3177
1060,DIS,2020-06-12,0 days 15:55:00.533635,899414,115.57,115.55,386,336,-55223,276432
1061,DIS,2020-06-12,0 days 15:55:01.535518,896837,115.6,115.57,4276,1800,2577,-55223
1062,DIS,2020-06-12,0 days 15:55:20.584321,900213,115.7,115.69,200,300,-374,911
1063,DIS,2020-06-12,0 days 15:55:21.586182,897987,115.72,115.7,4000,200,2226,-374
1064,DIS,2020-06-12,0 days 15:55:53.662811,908928,115.67,115.66,514,1000,-738,2318
1065,DIS,2020-06-12,0 days 15:55:54.664734,906151,115.68,115.66,746,200,3277,-738
1066,DIS,2020-06-12,0 days 15:57:37.911595,923265,115.77,115.75,300,501,-2150,9650
1067,DIS,2020-06-12,0 days 15:57:38.914647,917416,115.74,115.73,100,210,5849,-2150
1068,DIS,2020-06-12,0 days 15:57:47.936329,929565,115.79,115.76,337,600,-4650,4150
1069,DIS,2020-06-12,0 days 15:57:49.941975,915516,115.75,115.74,200,506,14049,-4550
1070,DIS,2020-06-12,0 days 15:57:51.946495,929565,115.76,115.73,421,400,-7351,12749
1071,DIS,2020-06-12,0 days 15:57:52.948788,919715,115.76,115.75,209,100,9850,-7351
1072,DIS,2020-06-12,0 days 15:57:55.956179,929665,115.78,115.76,100,400,-2451,3750
1073,DIS,2020-06-12,0 days 15:57:56.960692,919815,115.78,115.77,600,100,9850,-2451
1074,DIS,2020-06-12,0 days 15:57:58.963266,929665,115.78,115.76,400,115,-2250,17150
1075,DIS,2020-06-12,0 days 15:58:01.972225,925816,115.74,115.73,1906,1402,3849,-4256
1076,DIS,2020-06-12,0 days 15:59:05.131031,936260,115.69,115.68,100,128,-4612,2822
1077,DIS,2020-06-12,0 days 15:59:06.130231,932772,115.64,115.62,600,437,3488,-4612
1078,DIS,2020-06-12,0 days 15:59:30.189991,960965,115.56,115.52,511,1794,111,-1689
1079,DIS,2020-06-12,0 days 15:59:35.199745,951976,115.62,115.6,200,634,-11721,11
1080,DIS,2020-06-12,0 days 15:59:36.201172,958397,115.61,115.58,650,1000,2679,-11721
1081,DIS,2020-06-12,0 days 15:59:38.207306,961076,115.57,115.55,950,472,-302,2098
1082,DIS,2020-06-12,0 days 15:59:40.211247,959626,115.57,115.56,100,200,1450,-12232
1083,DIS,2020-06-12,0 days 15:59:41.213576,961076,115.58,115.57,500,600,-566,1450
1084,DIS,2020-06-12,0 days 15:59:43.217863,961642,115.54,115.51,542,300,1134,-566
1085,DKS,2020-06-12,0 days 15:55:05.559838,107313,39.36,39.34,615,500,32,-2568
1086,DKS,2020-06-12,0 days 15:55:06.562169,107345,39.36,39.34,500,1118,-2568,32
1087,DKS,2020-06-12,0 days 15:56:00.694414,107675,39.39,39.38,600,834,-2238,462
1088,DKS,2020-06-12,0 days 15:56:06.707767,108129,39.38,39.37,400,603,68,-2832
1089,DKS,2020-06-12,0 days 15:59:06.144353,114471,39.31,39.3,300,300,5845,-991
1090,DKS,2020-06-12,0 days 15:59:55.258936,133371,39.44,39.42,7626,3246,-622,344
1091,DKS,2020-06-12,0 days 15:59:59.267524,132393,39.44,39.42,11671,397,344,-622
1092,DLPH,2020-06-12,0 days 15:59:05.155520,709249,13.44,13.43,800,200,50,-150
1093,DLR,2020-06-12,0 days 15:57:54.980837,179100,136.46,136.33,200,200,-778,8369
1094,DLR,2020-06-12,0 days 15:57:55.982461,174205,136.46,136.32,300,100,4895,-778
1095,DLR,2020-06-12,0 days 15:58:10.018164,176037,136.43,136.31,514,557,3063,-37
1096,DLR,2020-06-12,0 days 15:58:15.030005,179100,136.61,136.42,100,606,-3911,1263
1097,DLR,2020-06-12,0 days 15:58:16.032052,176811,136.61,136.42,300,606,2289,-3911
1098,DLR,2020-06-12,0 days 15:58:45.103631,179100,136.68,136.6,200,100,-6060,2014
1099,DLR,2020-06-12,0 days 15:58:46.105145,177460,136.68,136.6,300,200,1640,-6060
1100,DLR,2020-06-12,0 days 15:59:01.144778,179436,136.77,136.57,1442,205,-7086,1773
1101,DLR,2020-06-12,0 days 15:59:02.144810,168562,136.58,136.48,200,502,10737,-7086
1102,DLR,2020-06-12,0 days 15:59:05.155520,179299,136.54,136.48,200,697,-1220,2000
1103,DLR,2020-06-12,0 days 15:59:06.159238,176419,136.5,136.38,300,100,2880,-1220
1104,DLR,2020-06-12,0 days 15:59:16.179014,180441,136.38,136.31,100,3760,-28285,1112
1105,DLR,2020-06-12,0 days 15:59:28.208019,182031,136.13,136.03,847,100,2501,-1799
1106,DOC,2020-06-12,0 days 15:55:01.570115,176718,17.65,17.64,5513,3102,-1277,4323
1107,DOC,2020-06-12,0 days 15:57:46.970378,179587,17.67,17.66,18303,2862,396,-904
1108,DOC,2020-06-12,0 days 15:57:47.971929,178483,17.67,17.66,16595,3162,-1104,396
1109,DOC,2020-06-12,0 days 15:57:54.989152,179587,17.66,17.65,1475,9228,396,-2704
1110,DOC,2020-06-12,0 days 15:57:55.991499,178483,17.67,17.66,5029,8119,-1104,396
1111,DOC,2020-06-12,0 days 15:58:01.004292,179587,17.67,17.66,12944,8799,396,-2704
1112,DOC,2020-06-12,0 days 15:58:02.009160,178483,17.67,17.66,13764,8601,-1104,396
1113,DOC,2020-06-12,0 days 15:58:37.091827,180739,17.69,17.68,11249,2700,1244,-30
1114,DOC,2020-06-12,0 days 15:58:38.093812,179483,17.69,17.68,10050,3300,-756,1244
1115,DOC,2020-06-12,0 days 15:58:56.139047,180013,17.69,17.68,3000,12364,5124,-621
1116,DOC,2020-06-12,0 days 15:58:57.140347,179037,17.69,17.68,3301,12978,-476,5124
1117,DOC,2020-06-12,0 days 15:59:15.185670,185050,17.7,17.69,9106,4207,3295,-1005
1118,DOC,2020-06-12,0 days 15:59:16.186878,184345,17.7,17.69,7806,4408,-205,3295
1119,DOW,2020-06-12,0 days 15:50:31.905478,228011,41.18,41.16,1283,1732,94045,-2157
1120,DOW,2020-06-12,0 days 15:51:02.979617,322056,41.17,41.16,127,1800,-2669,93264
1121,DOW,2020-06-12,0 days 15:51:03.982169,228792,41.2,41.19,779,1550,93264,-2669
1122,DOW,2020-06-12,0 days 15:53:11.287147,322056,41.17,41.15,1182,346,-2157,94045
1123,DRE,2020-06-12,0 days 15:59:16.179210,392316,35.42,35.41,1718,1385,-45113,1551
1124,DRE,2020-06-12,0 days 15:59:17.181944,384135,35.38,35.37,1306,2335,8181,-45113
1125,DRE,2020-06-12,0 days 15:59:46.250976,401938,35.37,35.36,300,6159,796,-3404
1126,DRI,2020-06-12,0 days 15:55:54.699297,120913,76.13,76.11,692,574,6805,-1869
1127,DRI,2020-06-12,0 days 15:55:55.701045,118518,76.14,76.12,308,839,-2395,6805
1128,DRI,2020-06-12,0 days 15:56:36.803669,120987,76.06,76.04,279,200,17,-383
1129,DRI,2020-06-12,0 days 15:56:37.803375,118904,76.06,76.05,200,668,-2083,17
1130,DRI,2020-06-12,0 days 15:57:41.957438,120996,76.02,76.0,300,750,55,-1145
1131,DRI,2020-06-12,0 days 15:57:42.959743,118351,76.03,76.02,300,1000,-2845,55
1132,DRI,2020-06-12,0 days 15:57:46.970130,120996,75.99,75.97,200,868,955,-445
1133,DRI,2020-06-12,0 days 15:57:47.971684,119651,76.0,75.99,200,448,-1345,955
1134,DRI,2020-06-12,0 days 15:59:08.167943,122812,75.97,75.96,1080,100,-2924,276
1135,DRI,2020-06-12,0 days 15:59:24.205761,124739,75.98,75.97,300,375,-1097,3003
1136,DRI,2020-06-12,0 days 15:59:31.223323,124739,75.97,75.96,420,400,-1097,3403
1137,DRI,2020-06-12,0 days 15:59:32.226435,125836,75.97,75.96,406,1050,203,-1097
1138,DRI,2020-06-12,0 days 15:59:49.266300,125839,75.98,75.96,500,600,-839,4915
1139,DRI,2020-06-12,0 days 15:59:56.285009,122739,75.98,75.92,497,1119,-3939,4315
1140,DRI,2020-06-12,0 days 15:59:57.285335,126629,75.98,75.92,797,419,4315,-3939
1141,DUK,2020-06-12,0 days 15:55:00.548005,647352,86.61,86.58,450,200,34974,-21645
1142,DUK,2020-06-12,0 days 15:55:01.549583,645426,86.61,86.59,1500,600,-1926,34974
1143,DUK,2020-06-12,0 days 15:56:02.696617,662798,86.69,86.67,640,100,7411,-5302
1144,DUK,2020-06-12,0 days 15:56:03.699260,659409,86.68,86.67,100,602,-3389,7411
1145,DUK,2020-06-12,0 days 15:57:41.935133,676325,86.63,86.61,501,1101,7286,-2114
1146,DUK,2020-06-12,0 days 15:57:42.937612,673496,86.65,86.62,503,1256,-2829,7286
1147,DUK,2020-06-12,0 days 15:57:47.950076,676325,86.63,86.61,412,400,785,-815
1148,DUK,2020-06-12,0 days 15:57:57.974452,676325,86.69,86.66,200,1202,2578,-715
1149,DUK,2020-06-12,0 days 15:58:03.989238,676325,86.69,86.68,387,200,10360,-2040
1150,DUK,2020-06-12,0 days 15:58:04.992182,675431,86.69,86.68,286,501,-894,10360
1151,DUK,2020-06-12,0 days 15:58:59.121870,676982,86.82,86.8,445,799,38,-6
1152,DUK,2020-06-12,0 days 15:59:36.210657,714904,86.75,86.74,100,300,3496,-8704
1153,DUK,2020-06-12,0 days 15:59:37.213685,711800,86.77,86.75,200,567,-9304,3496
1154,DUK,2020-06-12,0 days 15:59:38.215734,714904,86.77,86.75,401,200,3496,-9304
1155,DUK,2020-06-12,0 days 15:59:39.218612,711800,86.78,86.77,2128,2628,-9304,3496
1156,DUK,2020-06-12,0 days 15:59:42.226466,708946,86.77,86.76,300,300,2754,-22281
1157,DUK,2020-06-12,0 days 15:59:46.236188,709606,86.77,86.75,300,396,2294,-11983
1158,DUK,2020-06-12,0 days 15:59:48.240889,720429,86.78,86.76,549,1247,-5117,3723
1159,EAT,2020-06-12,0 days 15:59:07.149347,47160,25.99,25.98,736,100,1373,-2689
1160,EAT,2020-06-12,0 days 15:59:56.269043,40305,26.0,25.99,818,100,7718,-8363
1161,EB,2020-06-12,0 days 15:57:17.885334,57422,10.31,10.3,1422,600,-1895,905
1162,EB,2020-06-12,0 days 15:59:20.179262,62290,10.29,10.28,1555,3332,-1288,1612
1163,ED,2020-06-12,0 days 15:50:01.841011,267750,75.31,75.29,300,100,22,-78
1164,ED,2020-06-12,0 days 15:51:03.991622,267772,75.43,75.4,300,500,-78,22
1165,ED,2020-06-12,0 days 15:55:00.561372,326849,75.11,75.08,200,400,-23215,3322
1166,ED,2020-06-12,0 days 15:55:37.649261,350064,75.14,75.1,600,508,3236,-2256
1167,ED,2020-06-12,0 days 15:55:38.651859,346600,75.18,75.14,465,656,-3464,3236
1168,ED,2020-06-12,0 days 15:56:06.719624,351477,75.21,75.2,705,200,12,-1788
1169,ED,2020-06-12,0 days 15:56:07.722069,349089,75.24,75.21,300,303,-2388,12
1170,ED,2020-06-12,0 days 15:56:40.803391,351477,75.17,75.14,652,500,3694,-1106
1171,ED,2020-06-12,0 days 15:56:41.804550,349171,75.19,75.16,500,600,-2306,3694
1172,ED,2020-06-12,0 days 15:57:35.934685,363770,75.19,75.16,300,400,1371,-1529
1173,ED,2020-06-12,0 days 15:57:44.956546,366877,75.17,75.14,400,400,-2393,707
1174,ED,2020-06-12,0 days 15:57:45.959087,366170,75.17,75.14,1372,289,707,-2393
1175,ED,2020-06-12,0 days 15:57:46.961332,366877,75.17,75.14,1952,290,-2393,707
1176,ED,2020-06-12,0 days 15:57:49.968409,359770,75.17,75.14,300,689,7107,-2393
1177,ED,2020-06-12,0 days 15:57:50.972128,366241,75.17,75.14,100,589,-3229,7107
1178,ED,2020-06-12,0 days 15:57:53.980595,363570,75.21,75.19,779,400,3312,-388
1179,ED,2020-06-12,0 days 15:57:55.982837,366482,75.23,75.21,400,400,-2488,2012
1180,ED,2020-06-12,0 days 15:57:56.985269,365970,75.23,75.21,500,300,2212,-2488
1181,ED,2020-06-12,0 days 15:57:58.990115,366482,75.22,75.2,200,500,-1988,3112
1182,ED,2020-06-12,0 days 15:57:59.993206,365970,75.22,75.17,1000,313,2212,-1988
1183,ED,2020-06-12,0 days 15:58:00.996530,366482,75.23,75.21,400,1306,-3088,2212
1184,ED,2020-06-12,0 days 15:58:01.999687,366370,75.22,75.19,440,1311,112,-3088
1185,ED,2020-06-12,0 days 15:58:04.004422,366482,75.21,75.19,500,200,-788,112
1186,ED,2020-06-12,0 days 15:58:05.005652,366470,75.21,75.19,980,400,118,-788
1187,ED,2020-06-12,0 days 15:58:08.013284,378783,75.26,75.24,200,500,-2087,118
1188,ED,2020-06-12,0 days 15:58:22.046622,378339,75.3,75.27,535,300,-3231,513
1189,ED,2020-06-12,0 days 15:58:23.048951,377970,75.3,75.27,735,100,269,-3231
1190,ED,2020-06-12,0 days 15:58:46.105509,395953,75.31,75.28,400,200,-1717,1302
1191,ED,2020-06-12,0 days 15:58:47.107249,393870,75.31,75.27,735,600,2083,-1717
1192,ED,2020-06-12,0 days 15:59:40.236742,421944,75.32,75.3,683,2191,611,-5789
1193,ED,2020-06-12,0 days 15:59:41.238619,421355,75.35,75.33,200,800,-1211,611
1194,ED,2020-06-12,0 days 15:59:43.243627,420867,75.33,75.3,236,394,2388,-3712
1195,ED,2020-06-12,0 days 15:59:45.249563,422055,75.35,75.33,100,200,-2037,1188
1196,ED,2020-06-12,0 days 15:59:47.253378,424092,75.32,75.3,300,300,696,-2037
1197,ED,2020-06-12,0 days 15:59:48.256178,426103,75.32,75.3,356,158,-1771,696
1198,EGHT,2020-06-12,0 days 15:59:17.164697,725154,14.26,14.25,3603,7119,-63503,4258
1199,EGHT,2020-06-12,0 days 15:59:18.166871,724004,14.28,14.26,1300,400,1150,-63503
1200,EGHT,2020-06-12,0 days 15:59:26.186928,731439,14.27,14.26,4597,500,-2010,3190
1201,EGHT,2020-06-12,0 days 15:59:27.189239,728849,14.27,14.26,3881,1614,2590,-2010
1202,EGO,2020-06-12,0 days 15:56:14.747687,150618,8.35,8.34,4522,26003,4565,-774
1203,EGO,2020-06-12,0 days 15:56:15.750093,148783,8.35,8.34,4722,25603,-1835,4565
1204,EGO,2020-06-12,0 days 15:59:11.175890,149188,8.34,8.33,15152,20667,-801,3999
1205,EIX,2020-06-12,0 days 15:55:00.553664,371371,57.49,57.48,200,400,-1796,30351
1206,EIX,2020-06-12,0 days 15:56:11.726768,378823,57.61,57.58,425,501,2975,-2763
1207,EIX,2020-06-12,0 days 15:56:12.729570,371598,57.61,57.58,225,401,-7225,2975
1208,EIX,2020-06-12,0 days 15:57:41.941520,378857,57.66,57.64,600,900,1239,-1161
1209,EIX,2020-06-12,0 days 15:57:42.944313,374496,57.66,57.64,1200,900,-4361,1239
1210,EIX,2020-06-12,0 days 15:57:49.961626,378857,57.62,57.6,600,500,839,-1661
1211,EIX,2020-06-12,0 days 15:57:50.965369,376996,57.63,57.6,440,694,-1861,839
1212,EIX,2020-06-12,0 days 15:57:54.974668,378857,57.65,57.62,391,300,639,-2061
1213,EIX,2020-06-12,0 days 15:57:55.975378,378796,57.65,57.62,491,400,-61,639
1214,EIX,2020-06-12,0 days 15:58:40.083456,377417,57.68,57.67,100,502,-2116,784
1215,EIX,2020-06-12,0 days 15:59:02.138454,382254,57.64,57.62,385,1100,3097,-3487
1216,EIX,2020-06-12,0 days 15:59:10.156172,384315,57.62,57.6,300,400,1799,-1427
1217,EIX,2020-06-12,0 days 15:59:11.158649,383608,57.62,57.6,200,740,-1005,1799
1218,EIX,2020-06-12,0 days 15:59:26.193585,389200,57.58,57.57,300,300,1308,-992
1219,EIX,2020-06-12,0 days 15:59:27.196877,388308,57.6,57.57,334,943,-892,1308
1220,ELAN,2020-06-12,0 days 15:55:00.553664,1199831,22.02,22.0,2746,6620,7694,-6291
1221,ELAN,2020-06-12,0 days 15:55:01.555690,1199225,22.02,22.0,2750,6642,-606,7694
1222,ELAN,2020-06-12,0 days 15:55:51.677610,1191431,22.05,22.04,2178,755,3595,-606
1223,ELAN,2020-06-12,0 days 15:55:54.685047,1212816,22.05,22.04,1178,6271,-1921,3660
1224,ELAN,2020-06-12,0 days 15:57:50.965369,1224663,22.04,22.03,2235,600,4878,-2523
1225,ELAN,2020-06-12,0 days 15:57:51.966476,1222240,22.04,22.03,2335,300,-2423,4878
1226,ELAN,2020-06-12,0 days 15:57:52.968266,1224663,22.04,22.03,2034,432,8278,-2423
1227,ELAN,2020-06-12,0 days 15:57:53.972350,1223040,22.04,22.03,2034,732,-1623,8278
1228,ELAN,2020-06-12,0 days 15:58:03.995679,1221663,22.04,22.03,2615,716,8119,-1982
1229,ELAN,2020-06-12,0 days 15:58:06.000424,1220481,22.04,22.03,2092,1473,-1182,8919
1230,ELAN,2020-06-12,0 days 15:59:10.156204,1246535,22.07,22.06,3115,1329,11893,-819
1231,EMR,2020-06-12,0 days 15:55:00.547543,285143,61.3,61.29,125,240,-5761,4241
1232,EMR,2020-06-12,0 days 15:55:35.633453,290656,61.31,61.29,510,1013,595,-513
1233,EMR,2020-06-12,0 days 15:55:36.635669,290251,61.31,61.29,822,1022,-405,595
1234,EMR,2020-06-12,0 days 15:55:38.640187,290656,61.31,61.3,200,900,2803,-405
1235,EMR,2020-06-12,0 days 15:55:48.663992,290669,61.35,61.33,405,741,190,-97
1236,EMR,2020-06-12,0 days 15:55:49.666644,290559,61.35,61.34,305,700,-110,190
1237,EMR,2020-06-12,0 days 15:56:27.758650,292329,61.34,61.33,1086,300,285,-815
1238,EMR,2020-06-12,0 days 15:56:28.761181,292114,61.34,61.33,586,706,-215,285
1239,EMR,2020-06-12,0 days 15:57:35.921715,292386,61.34,61.32,200,500,1210,-1086
