,Symbol,Timestamp,TIME,iPaired,Ask_P,Bid_P,Ask_S,Bid_S,iShares,PreviShares
0,AA,2020-07-15,0 days 15:55:47.756114,276092,12.7,12.69,5628,12399,-3145,1467
1,AA,2020-07-15,0 days 15:55:48.759405,271037,12.7,12.69,4028,12499,5055,-3145
2,AA,2020-07-15,0 days 15:57:02.937481,276992,12.72,12.71,6393,1901,-907,93
3,AA,2020-07-15,0 days 15:57:03.939788,276199,12.72,12.71,8193,500,793,-907
4,AA,2020-07-15,0 days 15:57:16.971156,276992,12.67,12.66,5720,2233,-645,855
5,AA,2020-07-15,0 days 15:57:17.973636,276237,12.67,12.66,3823,3443,755,-645
6,AA,2020-07-15,0 days 15:57:39.025323,322942,12.68,12.67,5164,2700,-895,2005
7,AA,2020-07-15,0 days 15:57:40.023023,318437,12.68,12.67,4122,4500,4505,-895
8,AA,2020-07-15,0 days 15:58:35.157144,322942,12.67,12.66,5405,3906,-250,550
9,AA,2020-07-15,0 days 15:58:39.165929,320592,12.67,12.66,6705,4208,191,-2409
10,AA,2020-07-15,0 days 15:58:55.204984,320783,12.67,12.66,7798,3066,-4188,3212
11,AA,2020-07-15,0 days 15:58:56.207665,318071,12.67,12.66,8098,4066,2712,-4188
12,AA,2020-07-15,0 days 15:59:15.255474,323623,12.69,12.68,2114,12072,-11042,1089
13,AA,2020-07-15,0 days 15:59:16.257612,321465,12.69,12.68,6214,11630,2158,-11042
14,AA,2020-07-15,0 days 15:59:41.318329,323112,12.7,12.69,6179,2663,552,-7048
15,AA,2020-07-15,0 days 15:59:45.328871,323664,12.7,12.69,2598,6100,-3609,552
16,AA,2020-07-15,0 days 15:59:46.331431,323273,12.7,12.69,898,7600,1415,-3609
17,ABB,2020-07-15,0 days 15:58:47.684547,14227,24.6,24.59,8303,16556,151,-738
18,ABB,2020-07-15,0 days 15:59:02.720800,14328,24.6,24.59,7956,16600,-1368,151
19,ABB,2020-07-15,0 days 15:59:05.728923,15696,24.6,24.59,7556,17100,1,-199
20,ABB,2020-07-15,0 days 15:59:18.760155,15697,24.6,24.59,12443,17200,-3,1
21,ABB,2020-07-15,0 days 15:59:20.765131,15700,24.6,24.59,12743,15900,524,-3
22,ABBV,2020-07-15,0 days 15:59:50.883441,619207,100.41,100.39,800,200,50559,-6790
23,ABEV,2020-07-15,0 days 15:59:14.698364,333109,2.7,2.69,215465,636233,193,-18694
24,ABEV,2020-07-15,0 days 15:59:16.701895,92302,2.7,2.69,208665,636233,-194687,46313
25,ABEV,2020-07-15,0 days 15:59:36.751344,325604,2.7,2.69,584305,553619,60698,-224302
26,ABEV,2020-07-15,0 days 15:59:37.753052,314302,2.7,2.69,708205,515319,-11302,60698
27,ABEV,2020-07-15,0 days 15:59:44.770853,325604,2.7,2.69,872855,399392,6148,-11302
28,ABEV,2020-07-15,0 days 15:59:48.779812,318052,2.7,2.69,751613,388092,-10520,3180
29,ABT,2020-07-15,0 days 15:50:07.386001,317289,96.96,96.94,1037,200,1067,-165
30,ABT,2020-07-15,0 days 15:50:23.424440,318356,97.02,96.99,200,300,-165,1067
31,ABT,2020-07-15,0 days 15:57:09.398603,426370,96.91,96.9,433,304,-1690,4323
32,ABT,2020-07-15,0 days 15:57:23.432440,426260,96.89,96.88,300,1856,110,-789
33,ABT,2020-07-15,0 days 15:57:29.447059,426370,96.91,96.89,863,601,-3978,110
34,ABT,2020-07-15,0 days 15:58:35.599704,429320,96.9,96.86,400,675,-141,5235
35,ABT,2020-07-15,0 days 15:59:11.691638,438463,96.85,96.84,100,1017,-710,1290
36,ABT,2020-07-15,0 days 15:59:20.712120,451965,96.85,96.84,576,2101,3872,-7546
37,ABT,2020-07-15,0 days 15:59:33.743478,450137,96.84,96.82,700,100,-123,16
38,ABT,2020-07-15,0 days 15:59:37.752954,448216,96.82,96.8,400,300,1921,-123
39,ACB,2020-07-15,0 days 15:57:11.432925,28711,12.86,12.85,872,200,-1205,495
40,ACB,2020-07-15,0 days 15:57:12.434812,29916,12.86,12.85,772,200,679,-1205
41,ACI,2020-07-15,0 days 15:55:26.151527,45980,14.66,14.65,5122,2579,-2108,692
42,ACI,2020-07-15,0 days 15:55:27.153675,44088,14.66,14.65,5122,2523,1892,-2108
43,ACI,2020-07-15,0 days 15:57:48.486979,45980,14.67,14.66,6500,32336,-1165,1035
44,ACI,2020-07-15,0 days 15:57:49.486822,44345,14.67,14.66,6500,32336,1635,-1165
45,ACI,2020-07-15,0 days 15:58:47.627955,45980,14.67,14.66,3996,34146,-1714,1635
46,ACI,2020-07-15,0 days 15:58:48.631223,33194,14.67,14.66,3996,33954,12786,-1714
47,ACI,2020-07-15,0 days 15:58:50.635299,45980,14.66,14.65,7200,600,-36914,12786
48,ADM,2020-07-15,0 days 15:55:00.132532,174376,40.87,40.86,1806,1095,701,-23211
49,ADM,2020-07-15,0 days 15:55:01.136050,173477,40.87,40.86,2207,895,-899,701
50,ADM,2020-07-15,0 days 15:56:23.333409,175362,40.9,40.89,1239,2500,3024,-516
51,ADM,2020-07-15,0 days 15:56:24.335864,174786,40.91,40.9,1100,1599,-576,3024
52,ADM,2020-07-15,0 days 15:57:38.515460,180879,40.91,40.9,600,2936,510,-90
53,ADM,2020-07-15,0 days 15:57:39.518115,179589,40.91,40.9,400,2943,-1290,510
54,ADM,2020-07-15,0 days 15:58:39.664787,187620,40.91,40.9,1108,1508,429,-2627
55,ADM,2020-07-15,0 days 15:58:40.666140,186349,40.91,40.9,1000,1408,-930,429
56,ADM,2020-07-15,0 days 15:59:04.726674,191658,40.91,40.9,3355,100,12159,-4185
57,ADM,2020-07-15,0 days 15:59:05.729086,190817,40.91,40.9,300,2200,-841,12159
58,ADM,2020-07-15,0 days 15:59:07.733771,192853,40.91,40.9,400,2300,913,-795
59,ADM,2020-07-15,0 days 15:59:27.782455,206614,40.94,40.93,100,2400,-1082,1096
60,ADM,2020-07-15,0 days 15:59:28.783504,207696,40.94,40.93,280,2867,18,-1082
61,ADT,2020-07-15,0 days 15:59:38.757592,87029,8.35,8.34,6809,15999,-654,1177
62,ADT,2020-07-15,0 days 15:59:40.761914,88383,8.35,8.34,8025,14092,4846,-154
63,ADT,2020-07-15,0 days 15:59:41.762583,88129,8.35,8.34,7825,13492,-325,4846
64,AEG,2020-07-15,0 days 15:59:36.787260,50067,3.23,3.22,253094,100531,-21988,26412
65,AEG,2020-07-15,0 days 15:59:37.789129,48455,3.23,3.22,247494,101731,1612,-21988
66,AEO,2020-07-15,0 days 15:59:40.891052,257947,11.12,11.11,9416,11020,1295,-2605
67,AEO,2020-07-15,0 days 15:59:43.897376,254963,11.12,11.11,900,15845,-2984,3716
68,AEO,2020-07-15,0 days 15:59:48.910607,257620,11.12,11.11,7929,11384,-327,5154
69,AEP,2020-07-15,0 days 15:59:01.667625,437961,84.71,84.69,255,500,89,-911
70,AEP,2020-07-15,0 days 15:59:02.669729,437789,84.73,84.71,300,200,-872,89
71,AEP,2020-07-15,0 days 15:59:04.675106,437961,84.73,84.7,400,400,1,-999
72,AES,2020-07-15,0 days 15:55:45.242051,525958,15.12,15.11,11006,10989,26783,-3664
73,AES,2020-07-15,0 days 15:55:46.244666,519241,15.12,15.11,10206,10900,-6717,26783
74,AES,2020-07-15,0 days 15:59:06.730904,589834,15.09,15.08,7595,8488,21451,-7520
75,AES,2020-07-15,0 days 15:59:07.733587,584671,15.09,15.08,6295,8978,-5163,21451
76,AES,2020-07-15,0 days 15:59:10.741505,589834,15.09,15.08,5564,10594,6262,-5163
77,AES,2020-07-15,0 days 15:59:11.743073,574169,15.09,15.08,4664,11494,-15665,6262
78,AES,2020-07-15,0 days 15:59:16.754656,589834,15.09,15.08,3374,13973,21729,-39871
79,AES,2020-07-15,0 days 15:59:17.758266,582963,15.09,15.08,3374,15282,-6871,21729
80,AES,2020-07-15,0 days 15:59:34.798148,593405,15.09,15.08,11709,10700,1153,-10090
81,AES,2020-07-15,0 days 15:59:38.807909,589586,15.09,15.08,18244,5708,-3819,1153
82,AES,2020-07-15,0 days 15:59:41.815280,577786,15.08,15.07,15551,11762,-3119,8681
83,AFL,2020-07-15,0 days 15:56:31.336237,228485,36.27,36.26,797,3088,-1134,66
84,AFL,2020-07-15,0 days 15:56:32.339163,225019,36.27,36.26,697,2988,2966,-1134
85,AFL,2020-07-15,0 days 15:58:36.640045,226253,36.29,36.28,2153,1167,4726,-9074
86,AFL,2020-07-15,0 days 15:58:58.693979,246741,36.25,36.24,700,2717,-39,2780
87,AFL,2020-07-15,0 days 15:59:03.706084,226104,36.24,36.23,2748,1600,12770,-8830
88,AFL,2020-07-15,0 days 15:59:08.719614,240618,36.24,36.23,900,2900,-14676,3884
89,AFL,2020-07-15,0 days 15:59:23.754897,252559,36.26,36.25,1200,3600,5665,-135
90,AFL,2020-07-15,0 days 15:59:24.757833,258224,36.27,36.26,2200,1100,-4635,5665
91,AFL,2020-07-15,0 days 15:59:31.774356,263345,36.26,36.25,2273,1977,-4714,8606
92,AFL,2020-07-15,0 days 15:59:32.776661,262459,36.26,36.25,3400,1277,886,-4714
93,AG,2020-07-15,0 days 15:57:04.433181,33871,10.53,10.52,2110,21545,-85,515
94,AG,2020-07-15,0 days 15:57:05.435867,32756,10.53,10.52,2532,27045,1115,-85
95,AG,2020-07-15,0 days 15:59:01.718565,35843,10.53,10.52,31020,5000,-6939,10223
96,AG,2020-07-15,0 days 15:59:02.720849,35820,10.53,10.52,31730,3900,23,-6939
97,AG,2020-07-15,0 days 15:59:20.765167,35039,10.53,10.52,25348,10796,804,-277
98,AGI,2020-07-15,0 days 15:56:25.385259,71545,10.35,10.34,19224,6371,-1140,860
99,AGI,2020-07-15,0 days 15:58:47.730793,72976,10.33,10.32,4253,24029,669,-1194
100,AGI,2020-07-15,0 days 15:58:48.732846,63745,10.33,10.32,1753,30039,-9231,669
101,AGI,2020-07-15,0 days 15:59:01.767444,73629,10.33,10.32,230,29085,6880,-9320
102,AGI,2020-07-15,0 days 15:59:02.768034,73009,10.33,10.32,129,29085,-540,6880
103,AGI,2020-07-15,0 days 15:59:22.815029,73258,10.33,10.32,18483,17985,1559,-641
104,AGI,2020-07-15,0 days 15:59:23.816502,72917,10.33,10.32,21083,14985,-341,1559
105,AIG,2020-07-15,0 days 15:59:39.812975,589648,31.79,31.78,1300,1800,3800,-23674
106,AIG,2020-07-15,0 days 15:59:41.815477,585648,31.79,31.78,300,3658,-4000,4900
107,ALL,2020-07-15,0 days 15:55:00.131844,222530,90.21,90.17,450,200,-3284,17412
108,ALL,2020-07-15,0 days 15:57:02.428056,246295,90.17,90.15,204,407,1704,-3471
109,ALL,2020-07-15,0 days 15:57:03.430330,241699,90.19,90.17,231,371,-4596,1704
110,ALL,2020-07-15,0 days 15:57:37.512692,246295,90.21,90.2,328,174,1567,-833
111,ALL,2020-07-15,0 days 15:57:38.515342,242262,90.22,90.21,141,374,-4033,1567
112,ALL,2020-07-15,0 days 15:58:50.690418,247054,90.14,90.13,100,306,-3195,3705
113,ALL,2020-07-15,0 days 15:59:00.716756,257449,90.14,90.13,200,300,1073,-9327
114,ALL,2020-07-15,0 days 15:59:04.726512,260360,90.15,90.13,300,300,-552,1054
115,ALL,2020-07-15,0 days 15:59:06.730991,261047,90.14,90.13,100,215,184,-687
116,ALL,2020-07-15,0 days 15:59:48.831405,269707,90.23,90.21,400,200,213,-2370
117,ALL,2020-07-15,0 days 15:59:49.833594,268841,90.23,90.21,100,319,-866,213
118,ALLY,2020-07-15,0 days 15:55:50.334193,194307,21.91,21.9,2324,2747,1565,-7835
119,ALLY,2020-07-15,0 days 15:57:06.517919,204381,21.91,21.9,2631,2377,-18,482
120,ALLY,2020-07-15,0 days 15:57:09.525237,198199,21.91,21.9,3660,1200,6182,-18
121,ALLY,2020-07-15,0 days 15:57:35.588024,204381,21.91,21.9,2969,1448,-1018,1982
122,ALLY,2020-07-15,0 days 15:57:36.590279,203599,21.91,21.9,3069,1004,782,-1018
123,ALLY,2020-07-15,0 days 15:57:41.602142,204381,21.91,21.9,945,3842,-1418,382
124,ALLY,2020-07-15,0 days 15:57:46.614221,204381,21.91,21.9,889,4097,-1535,565
125,ALLY,2020-07-15,0 days 15:57:47.617120,200416,21.91,21.9,1143,3497,3865,-1535
126,ALLY,2020-07-15,0 days 15:57:57.641312,204381,21.91,21.9,1122,3690,-9135,2565
127,ALLY,2020-07-15,0 days 15:57:58.642929,204216,21.91,21.9,1706,3290,65,-9135
128,ALLY,2020-07-15,0 days 15:58:01.649488,194850,21.91,21.9,2545,2890,-7566,65
129,ALLY,2020-07-15,0 days 15:59:07.809450,235333,21.89,21.88,750,4740,3862,-15062
130,AM,2020-07-15,0 days 15:55:39.736714,138918,5.77,5.76,7004,7226,-24826,1611
131,AMC,2020-07-15,0 days 15:59:06.679579,61592,4.52,4.51,3575,2301,-68,332
132,AMC,2020-07-15,0 days 15:59:08.684728,61109,4.52,4.51,3575,2301,586,-917
133,AMCR,2020-07-15,0 days 15:58:07.569306,394877,10.71,10.7,29391,5281,18,-771
134,AMCR,2020-07-15,0 days 15:58:12.583090,381895,10.7,10.69,13119,14606,-7282,6718
135,AMCR,2020-07-15,0 days 15:59:07.716680,449183,10.7,10.69,4400,23349,5041,-8154
136,AMCR,2020-07-15,0 days 15:59:08.719669,442899,10.7,10.69,4900,23349,-6284,5041
137,AMCR,2020-07-15,0 days 15:59:10.724300,449183,10.7,10.69,4800,23095,33638,-4427
138,AMCR,2020-07-15,0 days 15:59:11.726301,444821,10.7,10.69,4400,23095,-4362,33638
139,AMX,2020-07-15,0 days 15:59:00.220434,101893,13.17,13.16,5899,3647,3097,-803
140,AMX,2020-07-15,0 days 15:59:01.220098,98790,13.17,13.16,4713,8247,-3103,3097
141,AMX,2020-07-15,0 days 15:59:07.235269,102407,13.17,13.16,6049,7159,2780,-1111
142,AMX,2020-07-15,0 days 15:59:08.237787,99787,13.17,13.16,6049,7359,-2620,2780
143,AMX,2020-07-15,0 days 15:59:15.255512,102407,13.17,13.16,5924,6063,2744,-2620
144,AMX,2020-07-15,0 days 15:59:16.257665,100130,13.17,13.16,5449,6063,-2277,2744
145,AMX,2020-07-15,0 days 15:59:41.318345,97164,13.16,13.15,11019,3500,-1063,6737
146,AMX,2020-07-15,0 days 15:59:45.328883,98227,13.16,13.15,10119,3100,290,-472
147,AMX,2020-07-15,0 days 15:59:46.331457,87429,13.16,13.15,10219,4200,-10798,290
148,ANF,2020-07-15,0 days 15:55:26.276262,100949,10.44,10.43,4108,2333,-540,1560
149,ANF,2020-07-15,0 days 15:55:27.278661,99589,10.44,10.43,4108,2533,1360,-540
150,ANF,2020-07-15,0 days 15:55:40.309930,100949,10.43,10.42,697,4904,-20,1360
151,ANF,2020-07-15,0 days 15:55:45.325466,100969,10.44,10.43,2724,3904,820,-20
152,ANF,2020-07-15,0 days 15:56:10.383554,101792,10.45,10.44,3209,2934,-67,339
153,ANF,2020-07-15,0 days 15:56:11.385005,100559,10.45,10.44,3909,2513,1662,-67
154,ANF,2020-07-15,0 days 15:59:05.806903,106531,10.45,10.44,4704,989,-2517,824
155,ANF,2020-07-15,0 days 15:59:06.807487,105848,10.45,10.44,4804,889,483,-2517
156,ANF,2020-07-15,0 days 15:59:08.813129,106531,10.45,10.44,6004,689,-917,483
157,ANF,2020-07-15,0 days 15:59:09.814774,105948,10.45,10.44,5404,200,383,-917
158,ANF,2020-07-15,0 days 15:59:10.817725,106531,10.45,10.44,7034,1079,-4683,383
159,AR,2020-07-15,0 days 15:55:00.131712,336153,2.87,2.86,33425,27068,-3030,9399
160,AR,2020-07-15,0 days 15:59:36.803169,413664,2.86,2.85,36382,52787,28460,-34640
161,AR,2020-07-15,0 days 15:59:37.805125,410124,2.86,2.85,43486,30603,-10940,28460
162,AR,2020-07-15,0 days 15:59:39.812683,421064,2.85,2.84,59043,29771,262,-840
163,AR,2020-07-15,0 days 15:59:41.815231,411126,2.85,2.84,58414,31071,-2538,9262
164,ATH,2020-07-15,0 days 15:59:39.795594,536476,33.45,33.43,500,2666,15654,-8437
165,ATH,2020-07-15,0 days 15:59:40.797365,529156,33.48,33.46,100,500,-7320,15654
166,ATUS,2020-07-15,0 days 15:55:40.309800,319461,24.2,24.19,7170,4490,-1624,32669
167,ATUS,2020-07-15,0 days 15:55:41.312063,306585,24.19,24.18,7900,4400,12876,-1624
168,ATUS,2020-07-15,0 days 15:59:40.890846,325762,24.19,24.18,1431,4600,-985,1493
169,ATUS,2020-07-15,0 days 15:59:45.902377,322031,24.19,24.18,1500,4310,3731,-6669
170,ATUS,2020-07-15,0 days 15:59:46.904834,325762,24.19,24.18,1772,4310,-43,3731
171,ATUS,2020-07-15,0 days 15:59:48.910326,322530,24.19,24.18,3272,4210,3232,-268
172,ATUS,2020-07-15,0 days 15:59:57.931511,324962,24.22,24.2,1200,990,-4293,607
173,AU,2020-07-15,0 days 15:55:00.132232,29810,31.48,31.47,1200,1556,-6496,996
174,AU,2020-07-15,0 days 15:56:02.283298,35806,31.46,31.45,2695,1548,1704,-3996
175,AU,2020-07-15,0 days 15:59:22.769522,43487,31.45,31.44,400,3230,-419,1681
176,AVTR,2020-07-15,0 days 15:56:31.296278,222275,19.2,19.19,1176,2558,1763,-737
177,AVTR,2020-07-15,0 days 15:56:32.300867,222240,19.21,19.2,700,400,-35,1763
178,AVTR,2020-07-15,0 days 15:58:04.522666,234140,19.16,19.14,800,1026,-6174,10226
179,AVTR,2020-07-15,0 days 15:58:18.556310,226383,19.17,19.16,900,300,-5431,969
180,AVTR,2020-07-15,0 days 15:59:02.664147,227209,19.15,19.14,2533,929,5574,-1
181,AVTR,2020-07-15,0 days 15:59:21.711062,242712,19.16,19.15,700,892,13533,-4476
182,AVTR,2020-07-15,0 days 15:59:25.719498,248412,19.17,19.16,800,488,433,-4567
183,AXP,2020-07-15,0 days 15:59:46.902589,482797,97.34,97.32,100,850,-36659,8385
184,AZN,2020-07-15,0 days 15:58:58.212687,98322,57.98,57.97,2692,3600,-1865,35
185,AZN,2020-07-15,0 days 15:58:59.215643,95187,57.98,57.97,2992,2800,3135,-1865
186,AZN,2020-07-15,0 days 15:59:07.235162,98722,57.98,57.97,1614,3847,-5332,542
187,AZN,2020-07-15,0 days 15:59:08.237665,97354,57.98,57.97,400,4647,1423,-5332
188,AZN,2020-07-15,0 days 15:59:46.331348,100646,58.02,58.01,1200,5222,-2119,81
189,AZN,2020-07-15,0 days 15:59:50.342131,97565,58.02,58.01,500,1516,3081,-2119
190,BA,2020-07-15,0 days 15:59:05.807009,500158,187.78,187.74,200,400,-12346,13839
191,BA,2020-07-15,0 days 15:59:06.807622,496053,187.75,187.72,200,400,4105,-12346
192,BABA,2020-07-15,0 days 15:55:49.300391,1367439,249.08,249.02,300,300,35330,-28831
193,BABA,2020-07-15,0 days 15:55:50.300463,1366750,249.15,249.1,426,500,-1860,35330
194,BABA,2020-07-15,0 days 15:55:56.314226,1368610,249.25,249.22,300,400,1722,-4914
195,BABA,2020-07-15,0 days 15:55:58.320773,1367496,249.29,249.25,200,200,-1114,3286
196,BABA,2020-07-15,0 days 15:56:07.341690,1368610,249.22,249.2,402,140,131,-1043
197,BABA,2020-07-15,0 days 15:56:08.343250,1366176,249.19,249.16,383,100,-834,131
198,BABA,2020-07-15,0 days 15:56:31.399280,1368139,248.91,248.87,300,200,2081,-1650
199,BABA,2020-07-15,0 days 15:56:33.404403,1368197,248.86,248.83,200,300,-40,822
200,BABA,2020-07-15,0 days 15:56:34.408302,1368237,248.85,248.81,400,101,8,-40
201,BABA,2020-07-15,0 days 15:56:35.408286,1367697,248.87,248.83,466,200,-540,8
202,BABA,2020-07-15,0 days 15:56:55.456910,1369537,248.9,248.85,500,100,924,-716
203,BABA,2020-07-15,0 days 15:56:56.459612,1368997,248.9,248.86,900,100,-540,924
204,BABA,2020-07-15,0 days 15:56:57.461359,1369537,248.89,248.86,400,200,2424,-540
205,BABA,2020-07-15,0 days 15:56:58.464237,1369297,248.87,248.85,300,205,-240,2424
206,BABA,2020-07-15,0 days 15:57:05.482251,1368837,248.88,248.84,400,501,924,-833
207,BABA,2020-07-15,0 days 15:57:06.484251,1368597,248.89,248.85,300,100,-240,924
208,BABA,2020-07-15,0 days 15:57:30.542205,1389544,248.92,248.9,218,700,3227,-1273
209,BABA,2020-07-15,0 days 15:57:31.543968,1387671,248.92,248.9,218,600,-1873,3227
210,BABA,2020-07-15,0 days 15:57:34.551978,1389544,248.94,248.92,100,300,9527,-1873
211,BABA,2020-07-15,0 days 15:58:54.746513,1428043,248.92,248.9,200,300,-9342,3150
212,BABA,2020-07-15,0 days 15:58:55.749485,1425385,248.92,248.9,100,1088,2658,-9342
213,BABA,2020-07-15,0 days 15:59:47.874046,1514518,249.25,249.23,164,400,-1662,1179
214,BABA,2020-07-15,0 days 15:59:50.883073,1508700,249.17,249.14,128,100,6580,-1582
215,BAC,2020-07-15,0 days 15:57:01.934919,3146403,24.6,24.59,51292,22491,190666,-37466
216,BAC,2020-07-15,0 days 15:57:02.937481,3137569,24.6,24.59,41502,33429,-8834,190666
217,BAC,2020-07-15,0 days 15:57:07.949568,3138769,24.59,24.58,56829,38568,-6030,1316
218,BAC,2020-07-15,0 days 15:57:57.063742,3156703,24.6,24.59,53231,30947,28800,-9400
219,BAC,2020-07-15,0 days 15:57:58.066619,3147303,24.6,24.59,42164,30606,-9400,28800
220,BAC,2020-07-15,0 days 15:57:59.068486,3156703,24.6,24.59,43250,33869,200,-9400
221,BAC,2020-07-15,0 days 15:58:10.096298,3147391,24.6,24.59,47150,34073,-9333,4567
222,BAC,2020-07-15,0 days 15:58:13.103588,3085591,24.6,24.59,23696,39157,-71133,57117
223,BAC,2020-07-15,0 days 15:58:26.134961,3157230,24.6,24.59,30652,38381,70761,-17780
224,BAC,2020-07-15,0 days 15:58:27.137555,3147691,24.6,24.59,17188,38931,-9539,70761
225,BAC,2020-07-15,0 days 15:58:37.162156,3169218,24.59,24.58,34222,39580,59873,-30656
226,BAC,2020-07-15,0 days 15:58:46.183046,3164383,24.58,24.57,36008,32314,-2631,74869
227,BAC,2020-07-15,0 days 15:59:10.244109,3282937,24.56,24.55,38034,37100,60273,-4576
228,BAX,2020-07-15,0 days 15:55:00.089154,126362,86.96,86.95,560,200,-9382,11883
229,BAX,2020-07-15,0 days 15:55:28.156385,142244,86.99,86.97,675,609,830,-8970
230,BAX,2020-07-15,0 days 15:55:47.202211,144150,87.03,87.02,768,580,-12724,448
231,BAX,2020-07-15,0 days 15:57:34.459350,161698,87.06,87.05,611,1520,231,-1369
232,BAX,2020-07-15,0 days 15:57:35.461837,160403,87.08,87.06,500,764,-1295,231
233,BAX,2020-07-15,0 days 15:57:48.486952,161698,87.09,87.07,200,1292,769,-2157
234,BAX,2020-07-15,0 days 15:57:49.486793,160767,87.09,87.08,313,200,-931,769
235,BAX,2020-07-15,0 days 15:57:54.498659,161698,87.08,87.07,400,300,969,-931
236,BAX,2020-07-15,0 days 15:57:55.501145,160767,87.08,87.07,400,300,-931,969
237,BAX,2020-07-15,0 days 15:58:07.532153,163058,87.06,87.04,1023,500,992,-1208
238,BAX,2020-07-15,0 days 15:58:08.533957,162050,87.06,87.04,923,1200,-1008,992
239,BAX,2020-07-15,0 days 15:58:52.639935,163478,87.07,87.06,1167,300,285,-199
240,BAX,2020-07-15,0 days 15:58:53.642792,162463,87.07,87.06,467,300,-1015,285
241,BAX,2020-07-15,0 days 15:59:03.672069,166164,87.05,87.03,400,300,639,-200
242,BAX,2020-07-15,0 days 15:59:06.679708,165840,87.05,87.03,100,800,-324,1876
243,BAX,2020-07-15,0 days 15:59:18.707184,166451,87.08,87.06,400,200,263,-17
244,BAX,2020-07-15,0 days 15:59:19.710033,166912,87.07,87.05,100,400,-1217,263
245,BAX,2020-07-15,0 days 15:59:22.717686,168129,87.08,87.06,700,209,83,-17
246,BAX,2020-07-15,0 days 15:59:36.751344,168169,87.08,87.06,122,500,1177,-323
247,BAX,2020-07-15,0 days 15:59:37.753010,167646,87.08,87.06,522,500,-523,1177
248,BAX,2020-07-15,0 days 15:59:38.757379,168169,87.07,87.05,400,500,1277,-523
249,BAX,2020-07-15,0 days 15:59:39.758811,169473,87.08,87.05,408,600,-1462,1277
250,BAX,2020-07-15,0 days 15:59:40.761564,170935,87.07,87.05,100,200,3538,-1462
251,BAX,2020-07-15,0 days 15:59:46.775255,170935,87.09,87.08,100,891,1764,-1895
252,BB,2020-07-15,0 days 15:59:36.748443,275849,4.73,4.72,139304,23296,-256,3444
253,BB,2020-07-15,0 days 15:59:38.753398,269805,4.73,4.71,229548,89284,4644,-256
254,BBVA,2020-07-15,0 days 15:59:36.748530,15470,3.68,3.67,206808,222196,3803,-4597
255,BBVA,2020-07-15,0 days 15:59:37.749896,15173,3.68,3.67,206508,222196,-297,3803
256,BDN,2020-07-15,0 days 15:59:06.731250,227385,10.79,10.78,16329,2169,2355,-571
257,BDN,2020-07-15,0 days 15:59:07.733855,225556,10.79,10.78,17129,1782,-1829,2355
258,BDN,2020-07-15,0 days 15:59:27.782466,233646,10.78,10.77,11823,5717,2981,-4700
259,BDN,2020-07-15,0 days 15:59:28.783504,229527,10.78,10.77,11523,5617,-4119,2981
260,BDN,2020-07-15,0 days 15:59:44.825026,233646,10.78,10.77,14038,800,4510,-574
261,BDN,2020-07-15,0 days 15:59:47.830275,232370,10.77,10.76,2686,8939,-76,3825
262,BE,2020-07-15,0 days 15:56:10.349675,126611,17.83,17.82,2336,5503,-360,1192
263,BE,2020-07-15,0 days 15:56:12.353771,126369,17.83,17.82,1265,5903,464,-3658
264,BE,2020-07-15,0 days 15:57:46.581162,126833,17.74,17.71,1100,600,-232,68
265,BE,2020-07-15,0 days 15:57:47.585568,126565,17.74,17.71,500,600,268,-232
266,BE,2020-07-15,0 days 15:58:45.725014,127249,17.7,17.69,1400,501,-2268,284
267,BE,2020-07-15,0 days 15:58:46.727675,126917,17.7,17.69,1050,601,332,-2268
268,BE,2020-07-15,0 days 15:59:05.777950,136185,17.69,17.68,1713,100,7173,-9027
269,BE,2020-07-15,0 days 15:59:06.777101,135458,17.69,17.68,1577,100,-527,7173
270,BE,2020-07-15,0 days 15:59:07.780171,136285,17.69,17.68,1477,100,73,-527
271,BE,2020-07-15,0 days 15:59:08.783194,135358,17.69,17.68,1320,100,-627,73
272,BE,2020-07-15,0 days 15:59:15.797119,127492,17.69,17.67,1872,100,7266,-990
273,BE,2020-07-15,0 days 15:59:34.843864,133558,17.67,17.66,1900,300,-2939,666
274,BE,2020-07-15,0 days 15:59:41.859999,140097,17.66,17.65,400,800,233,-667
275,BEN,2020-07-15,0 days 15:55:33.294191,156670,21.49,21.48,2400,1165,475,-4025
276,BEN,2020-07-15,0 days 15:55:34.295422,154545,21.46,21.45,765,4067,-2125,475
277,BEN,2020-07-15,0 days 15:57:08.523000,162938,21.48,21.47,274,3119,273,-227
278,BEN,2020-07-15,0 days 15:57:09.525134,160711,21.48,21.47,374,3419,-2227,273
279,BEN,2020-07-15,0 days 15:58:14.680674,170138,21.49,21.48,3960,222,2526,-2581
280,BEN,2020-07-15,0 days 15:58:42.748196,166555,21.49,21.48,3310,1800,4737,-791
281,BEN,2020-07-15,0 days 15:58:43.751451,159992,21.49,21.48,1710,3674,-6563,4737
282,BEN,2020-07-15,0 days 15:59:05.806870,171209,21.5,21.49,3010,909,16009,-2072
283,BEN,2020-07-15,0 days 15:59:45.902513,179616,21.52,21.51,1116,4026,-683,317
284,BEN,2020-07-15,0 days 15:59:55.926346,179965,21.51,21.5,3200,3259,251,-183
285,BHC,2020-07-15,0 days 15:59:01.767537,67237,18.69,18.68,4153,300,26,-1490
286,BHC,2020-07-15,0 days 15:59:16.799615,61153,18.68,18.67,981,3100,-1497,516
287,BHC,2020-07-15,0 days 15:59:41.860123,64253,18.69,18.68,4177,4590,-1208,6192
288,BHP,2020-07-15,0 days 15:55:51.336505,27481,53.09,53.08,4881,1443,-2244,356
289,BHP,2020-07-15,0 days 15:55:52.338713,27025,53.08,53.07,1369,11900,456,-2244
290,BHP,2020-07-15,0 days 15:56:20.406359,27481,53.11,53.1,2050,6650,-114,369
291,BHP,2020-07-15,0 days 15:56:21.409424,27095,53.11,53.1,2050,6950,386,-114
292,BHP,2020-07-15,0 days 15:57:40.599927,27481,53.09,53.08,1767,2942,-114,86
293,BHP,2020-07-15,0 days 15:57:41.602057,27395,53.1,53.09,1200,2647,86,-114
294,BHP,2020-07-15,0 days 15:57:42.604282,27481,53.1,53.09,1000,3347,-214,86
295,BHP,2020-07-15,0 days 15:57:43.606944,27195,53.1,53.09,600,3647,286,-214
296,BHP,2020-07-15,0 days 15:57:50.624065,27481,53.11,53.1,1850,2250,-16,184
297,BHP,2020-07-15,0 days 15:57:51.626353,25597,53.11,53.1,3450,300,1884,-16
298,BHP,2020-07-15,0 days 15:57:53.631071,27481,53.11,53.1,2750,550,-1416,1884
299,BHP,2020-07-15,0 days 15:57:54.633209,25697,53.11,53.1,3050,650,1784,-1416
300,BHP,2020-07-15,0 days 15:57:56.638364,27481,53.11,53.1,3050,1350,-1716,1784
301,BHP,2020-07-15,0 days 15:57:57.641288,25797,53.11,53.1,3258,800,1684,-1716
302,BHP,2020-07-15,0 days 15:59:08.813129,30174,53.11,53.1,3944,401,-38,262
303,BHP,2020-07-15,0 days 15:59:16.831710,28512,53.11,53.1,3828,600,215,-19
304,BHP,2020-07-15,0 days 15:59:46.905007,29726,53.13,53.12,1512,1200,331,-169
305,BJ,2020-07-15,0 days 15:57:10.956399,165934,39.1,39.07,549,200,-5009,791
306,BJ,2020-07-15,0 days 15:57:11.959280,165043,39.1,39.08,624,200,891,-5009
307,BJ,2020-07-15,0 days 15:57:34.012556,165934,39.12,39.11,344,235,-909,691
308,BJ,2020-07-15,0 days 15:58:26.134917,165849,39.1,39.09,810,200,33,-1967
309,BJ,2020-07-15,0 days 15:58:33.151546,165882,39.11,39.1,904,200,-1067,33
310,BJ,2020-07-15,0 days 15:58:34.154129,165749,39.11,39.1,401,200,133,-1067
311,BJ,2020-07-15,0 days 15:58:44.178842,165882,39.11,39.1,601,200,-3501,133
312,BK,2020-07-15,0 days 15:55:43.283738,511240,36.9,36.89,1274,1250,14706,-13353
313,BK,2020-07-15,0 days 15:55:44.285967,501446,36.9,36.89,700,1550,-9794,14706
314,BK,2020-07-15,0 days 15:57:01.472690,566633,36.84,36.83,3247,800,166,-3010
315,BK,2020-07-15,0 days 15:59:10.788851,580223,36.87,36.86,1400,532,-8790,5710
316,BKD,2020-07-15,0 days 15:59:38.757497,167410,2.66,2.65,27559,17561,16569,-3831
317,BKD,2020-07-15,0 days 15:59:39.758941,165930,2.66,2.65,25876,17561,-1480,16569
318,BKR,2020-07-15,0 days 15:56:10.378867,398695,15.61,15.6,3960,4915,25826,-35574
319,BKR,2020-07-15,0 days 15:56:11.380980,395421,15.61,15.6,5300,6234,-4285,25826
320,BKR,2020-07-15,0 days 15:57:42.600129,422227,15.61,15.6,1811,7462,8948,-138
321,BKR,2020-07-15,0 days 15:57:43.602813,417975,15.61,15.6,1111,6487,-4252,8948
322,BKR,2020-07-15,0 days 15:57:59.641525,423027,15.61,15.6,3100,2700,1548,-4852
323,BKR,2020-07-15,0 days 15:58:00.646176,418375,15.61,15.6,3808,600,-3852,1548
324,BKR,2020-07-15,0 days 15:59:38.884338,432707,15.6,15.59,6277,3180,4428,-2068
325,BKR,2020-07-15,0 days 15:59:40.888702,430935,15.6,15.59,8890,1236,-1772,5628
326,BMY,2020-07-15,0 days 15:59:14.828157,942199,59.28,59.27,700,4640,26046,-27783
327,BMY,2020-07-15,0 days 15:59:15.829281,931832,59.31,59.3,1400,1806,-12613,26046
328,BMY,2020-07-15,0 days 15:59:22.848183,962240,59.32,59.31,2100,100,2358,-3242
329,BMY,2020-07-15,0 days 15:59:28.860749,954580,59.33,59.32,1863,2256,-7660,9140
330,BMY,2020-07-15,0 days 15:59:35.879208,954318,59.31,59.3,1600,704,362,-7738
331,BMY,2020-07-15,0 days 15:59:47.908104,1010894,59.3,59.29,1405,1500,1384,-4684
332,BMY,2020-07-15,0 days 15:59:48.910497,1010067,59.3,59.29,1905,1300,-827,1384
333,BOX,2020-07-15,0 days 15:55:00.641479,130326,19.01,19.0,6463,855,1488,-4012
334,BOX,2020-07-15,0 days 15:55:01.643000,130014,19.01,19.0,6963,1243,-312,1488
335,BOX,2020-07-15,0 days 15:55:43.746408,131070,19.05,19.04,200,4493,2244,-756
336,BOX,2020-07-15,0 days 15:59:00.220268,133403,19.1,19.09,3513,1258,-943,192
337,BOX,2020-07-15,0 days 15:59:04.228466,134450,19.08,19.07,4271,623,2653,-2409
338,BOX,2020-07-15,0 days 15:59:11.245290,143103,19.08,19.07,4193,1339,-2118,553
339,BOX,2020-07-15,0 days 15:59:12.247315,145221,19.07,19.06,3936,850,182,-2118
340,BOX,2020-07-15,0 days 15:59:14.252971,145403,19.07,19.06,3601,850,-18,182
341,BOX,2020-07-15,0 days 15:59:18.261908,145421,19.07,19.06,5594,750,268,-12
342,BOX,2020-07-15,0 days 15:59:19.264747,144753,19.07,19.05,5601,2250,-668,268
343,BOX,2020-07-15,0 days 15:59:37.308446,145317,19.06,19.05,2282,1600,36,-264
344,BOX,2020-07-15,0 days 15:59:41.318209,146453,19.06,19.05,4140,600,-321,2479
345,BP,2020-07-15,0 days 15:57:30.545828,96335,23.81,23.8,4736,23050,1203,-4297
346,BP,2020-07-15,0 days 15:57:31.548555,94938,23.81,23.8,1478,29287,-1397,1203
347,BP,2020-07-15,0 days 15:57:46.584665,96335,23.82,23.81,1303,26630,1103,-1897
348,BP,2020-07-15,0 days 15:58:13.650914,97538,23.82,23.81,22605,21373,-1388,803
349,BP,2020-07-15,0 days 15:58:47.733298,98926,23.82,23.81,21216,21400,11636,-1388
350,BRFS,2020-07-15,0 days 15:59:01.769480,64883,3.81,3.8,36492,112100,-32284,41334
351,BRFS,2020-07-15,0 days 15:59:02.770149,64673,3.81,3.8,36392,111600,210,-32284
352,BRFS,2020-07-15,0 days 15:59:20.812989,68515,3.81,3.8,39082,103108,-174,3459
353,BRFS,2020-07-15,0 days 15:59:26.827362,61589,3.81,3.8,50821,100008,6926,-174
354,BRFS,2020-07-15,0 days 15:59:48.880821,66489,3.8,3.79,214164,55200,2226,-74
355,BRK.B,2020-07-15,0 days 15:55:00.077984,396114,190.37,190.34,602,300,-42182,15158
356,BRK.B,2020-07-15,0 days 15:59:10.684849,467592,190.39,190.36,200,200,34252,-12561
357,BRK.B,2020-07-15,0 days 15:59:16.698544,477437,190.49,190.44,423,100,-8418,12138
358,BRK.B,2020-07-15,0 days 15:59:31.734921,492442,190.56,190.54,100,200,-1851,1149
359,BRK.B,2020-07-15,0 days 15:59:35.745475,495502,190.6,190.58,200,100,1984,-3161
360,BRK.B,2020-07-15,0 days 15:59:40.757951,495586,190.61,190.56,200,200,-17068,83
361,BRK.B,2020-07-15,0 days 15:59:41.759905,512654,190.59,190.56,322,273,32,-17068
362,BRK.B,2020-07-15,0 days 15:59:43.764819,510286,190.6,190.54,200,400,-868,32
363,BRK.B,2020-07-15,0 days 15:59:58.800413,511386,190.62,190.54,200,100,-1018,332
364,BRK.B,2020-07-15,0 days 16:00:00.804243,510154,190.92,190.53,100,200,4333,-2218
365,BRX,2020-07-15,0 days 15:59:44.900880,552328,12.29,12.28,2300,8800,10594,-5163
366,BRX,2020-07-15,0 days 15:59:45.902644,547022,12.29,12.28,1600,8500,-5306,10594
367,BSX,2020-07-15,0 days 15:56:11.247715,615468,36.73,36.72,4257,3033,570,-5868
368,BSX,2020-07-15,0 days 15:56:13.252702,610029,36.72,36.71,2300,6103,-5439,570
369,BSX,2020-07-15,0 days 15:56:30.294380,618551,36.73,36.72,4134,6892,1088,-1612
370,BSX,2020-07-15,0 days 15:56:34.303221,600839,36.73,36.72,4634,7092,-17722,1078
371,BSX,2020-07-15,0 days 15:59:14.692767,633257,36.72,36.71,2448,7500,36787,-3882
372,BSX,2020-07-15,0 days 15:59:15.694529,623244,36.73,36.72,4400,1216,-10013,36787
373,BSX,2020-07-15,0 days 15:59:20.706561,633257,36.72,36.71,4558,4000,3597,-5001
374,BSX,2020-07-15,0 days 15:59:40.756165,644454,36.71,36.7,6294,2000,-17550,16887
375,BSX,2020-07-15,0 days 15:59:48.774710,662004,36.72,36.7,8667,7300,2139,-2917
376,BWA,2020-07-15,0 days 15:55:42.283762,85659,37.63,37.62,200,921,76,-379
377,BWA,2020-07-15,0 days 15:55:43.283693,85035,37.63,37.62,200,724,-624,76
378,BWA,2020-07-15,0 days 15:55:47.293262,85659,37.63,37.62,1432,822,1656,-444
379,BWA,2020-07-15,0 days 15:55:48.296317,85215,37.63,37.62,1532,822,-444,1656
380,BWA,2020-07-15,0 days 15:55:49.300486,85659,37.63,37.62,1432,1306,4875,-444
381,BWA,2020-07-15,0 days 15:57:39.564323,105495,37.64,37.62,876,2165,-252,688
382,BWA,2020-07-15,0 days 15:57:40.566512,104707,37.63,37.62,300,1698,788,-252
383,BWA,2020-07-15,0 days 15:57:45.578592,105395,37.65,37.64,100,2579,-112,88
384,BWA,2020-07-15,0 days 15:57:46.581079,104307,37.66,37.65,900,602,1088,-112
385,BWA,2020-07-15,0 days 15:57:47.585497,105395,37.65,37.64,300,918,-412,1088
386,BWA,2020-07-15,0 days 15:57:48.585965,104407,37.65,37.64,200,1218,988,-412
387,BWA,2020-07-15,0 days 15:58:28.684457,106257,37.64,37.63,1107,362,812,-488
388,BWA,2020-07-15,0 days 15:58:39.711471,107169,37.62,37.61,200,838,-1774,1272
389,BWA,2020-07-15,0 days 15:58:40.712685,106443,37.62,37.61,700,638,726,-1774
390,BWA,2020-07-15,0 days 15:58:55.749874,107169,37.58,37.57,241,1600,-512,322
391,BWA,2020-07-15,0 days 15:58:56.751558,105581,37.58,37.57,200,1701,1588,-512
392,BWA,2020-07-15,0 days 15:59:06.776984,102365,37.58,37.56,1489,1668,-12291,869
393,BWA,2020-07-15,0 days 15:59:16.799384,102475,37.59,37.57,900,1258,190,-270
394,BWA,2020-07-15,0 days 15:59:30.833797,107377,37.6,37.59,700,500,-36,64
395,BWA,2020-07-15,0 days 15:59:39.855408,118274,37.58,37.57,1700,400,4403,-397
396,BWA,2020-07-15,0 days 15:59:40.858784,117677,37.58,37.57,1200,900,-597,4403
397,BX,2020-07-15,0 days 15:55:00.079279,93477,56.04,56.03,301,1420,4963,-11884
398,BX,2020-07-15,0 days 15:55:01.080931,92540,56.04,56.03,501,1420,-937,4963
399,BX,2020-07-15,0 days 15:55:40.174958,93677,56.08,56.06,700,1000,1113,-1137
400,BX,2020-07-15,0 days 15:55:41.180360,92890,56.08,56.07,700,349,-787,1113
401,BX,2020-07-15,0 days 15:57:20.416255,98782,56.03,56.02,1116,1079,-1099,201
402,BX,2020-07-15,0 days 15:58:47.627742,101223,56.05,56.04,1010,200,1755,-522
403,BX,2020-07-15,0 days 15:58:48.630364,100178,56.05,56.04,1467,100,-645,1755
404,BX,2020-07-15,0 days 15:59:04.669654,103974,56.05,56.04,1368,601,-212,1116
405,BX,2020-07-15,0 days 15:59:36.748667,106546,56.05,56.03,1005,515,2328,-572
406,BX,2020-07-15,0 days 15:59:50.782811,105673,56.05,56.04,200,300,-1357,4943
407,C,2020-07-15,0 days 15:59:20.266634,1088204,51.82,51.81,2368,1400,2419,-3581
408,C,2020-07-15,0 days 15:59:21.268755,1085023,51.83,51.82,440,4319,-3181,2419
409,C,2020-07-15,0 days 15:59:48.335301,1091870,51.83,51.82,4492,1701,4382,-3318
410,C,2020-07-15,0 days 15:59:50.341968,1041152,51.82,51.81,3286,2230,-50718,3782
411,CAG,2020-07-15,0 days 15:56:20.373219,277709,36.64,36.63,1660,2411,-1002,5262
412,CAG,2020-07-15,0 days 15:56:21.376666,273311,36.64,36.63,544,3300,4398,-1002
413,CAG,2020-07-15,0 days 15:57:42.571122,279457,36.64,36.63,1956,2988,-444,556
414,CAG,2020-07-15,0 days 15:57:43.573834,276301,36.64,36.63,1556,3747,3156,-444
415,CAG,2020-07-15,0 days 15:59:04.773601,289069,36.63,36.62,667,3300,-12602,17878
416,CAG,2020-07-15,0 days 15:59:06.777031,279403,36.6,36.59,810,3200,9966,-33992
417,CAG,2020-07-15,0 days 15:59:08.783136,289369,36.6,36.59,1300,2700,-6234,9566
418,CAG,2020-07-15,0 days 15:59:16.799448,298065,36.6,36.59,700,3200,-1106,4134
419,CAG,2020-07-15,0 days 15:59:17.802392,297197,36.6,36.59,2500,2000,868,-1106
420,CAG,2020-07-15,0 days 15:59:19.807461,298065,36.6,36.59,2627,1400,-15163,868
421,CARR,2020-07-15,0 days 15:55:00.079174,237078,26.51,26.5,1707,2296,-1438,39815
422,CARR,2020-07-15,0 days 15:55:42.179947,238516,26.5,26.49,1163,1937,2877,-1533
423,CARR,2020-07-15,0 days 15:55:43.182093,237193,26.52,26.51,418,1537,-1323,2877
424,CARR,2020-07-15,0 days 15:58:12.543435,257671,26.45,26.43,948,1100,7051,-956
425,CARR,2020-07-15,0 days 15:58:15.551058,255222,26.44,26.43,1298,1121,-449,451
426,CARR,2020-07-15,0 days 15:58:47.627742,259994,26.45,26.44,435,700,-977,7454
427,CARR,2020-07-15,0 days 15:59:02.664490,253942,26.45,26.44,1400,1239,7834,-1215
428,CARR,2020-07-15,0 days 15:59:06.674876,262846,26.48,26.47,900,700,-6896,1234
429,CARR,2020-07-15,0 days 15:59:07.676948,262142,26.48,26.46,1000,673,704,-6896
430,CARR,2020-07-15,0 days 15:59:13.693890,262846,26.47,26.46,700,1200,-4198,704
431,CARR,2020-07-15,0 days 15:59:14.694822,262544,26.47,26.46,848,573,302,-4198
432,CARR,2020-07-15,0 days 15:59:16.698818,262846,26.47,26.46,648,673,-198,302
433,CARR,2020-07-15,0 days 15:59:17.702170,262544,26.47,26.46,767,597,302,-198
434,CARR,2020-07-15,0 days 15:59:18.703919,262846,26.47,26.46,467,997,-114,302
435,CARR,2020-07-15,0 days 15:59:43.765121,283353,26.46,26.45,878,401,-1505,1799
436,CAT,2020-07-15,0 days 15:56:07.240001,217043,138.66,138.62,133,300,-72,149
437,CAT,2020-07-15,0 days 15:56:11.249440,217115,138.66,138.58,460,203,91,-72
438,CAT,2020-07-15,0 days 15:57:36.454784,217611,138.54,138.53,401,400,-2406,694
439,CAT,2020-07-15,0 days 15:57:37.457227,216017,138.53,138.52,300,600,1594,-2406
440,CAT,2020-07-15,0 days 15:57:46.479511,217611,138.58,138.55,400,200,-2806,294
441,CAT,2020-07-15,0 days 15:57:47.481821,215617,138.58,138.53,532,200,1994,-2806
442,CAT,2020-07-15,0 days 15:57:53.495888,217611,138.54,138.51,300,100,-606,1494
443,CAT,2020-07-15,0 days 15:57:54.498753,215917,138.54,138.52,532,100,1694,-606
444,CAT,2020-07-15,0 days 15:57:56.503380,217611,138.54,138.5,450,200,-2406,1694
445,CAT,2020-07-15,0 days 15:57:57.506812,216017,138.53,138.5,234,200,1594,-2406
446,CAT,2020-07-15,0 days 15:58:00.513849,214017,138.56,138.53,100,912,-2200,1594
447,CAT,2020-07-15,0 days 15:58:01.516612,212817,138.54,138.52,580,100,1200,-2200
448,CAT,2020-07-15,0 days 15:58:59.657262,213878,138.44,138.42,510,500,34,-10
449,CAT,2020-07-15,0 days 15:59:00.660271,213912,138.42,138.4,543,200,-223,34
450,CAT,2020-07-15,0 days 15:59:02.664490,212235,138.41,138.4,100,600,87,-223
451,CAT,2020-07-15,0 days 15:59:04.669559,218022,138.45,138.41,100,200,-159,5787
452,CAT,2020-07-15,0 days 15:59:06.674876,217553,138.44,138.41,174,300,580,-231
453,CAT,2020-07-15,0 days 15:59:08.680097,223793,138.47,138.43,276,220,-520,6006
454,CAT,2020-07-15,0 days 15:59:11.686506,223281,138.47,138.45,276,731,512,-920
455,CAT,2020-07-15,0 days 15:59:13.693843,223793,138.5,138.46,400,868,-5843,412
456,CAT,2020-07-15,0 days 15:59:38.753570,277683,138.45,138.4,886,300,6165,-1126
457,CAT,2020-07-15,0 days 15:59:40.758461,272340,138.43,138.39,1118,200,-4871,1657
458,CAT,2020-07-15,0 days 15:59:41.760268,277611,138.4,138.37,400,200,1729,-4871
459,CAT,2020-07-15,0 days 15:59:42.762342,275640,138.39,138.37,200,100,-1971,1729
460,CCI,2020-07-15,0 days 15:59:16.257526,246781,167.85,167.74,200,873,71,-229
461,CCI,2020-07-15,0 days 15:59:18.261908,246652,167.9,167.84,100,273,-129,1571
462,CCI,2020-07-15,0 days 15:59:20.266695,246854,167.89,167.84,100,273,1309,-202
463,CCI,2020-07-15,0 days 15:59:23.273986,246606,167.96,167.91,125,573,-248,452
464,CCI,2020-07-15,0 days 15:59:46.331321,248574,167.95,167.91,325,125,-1942,2118
465,CCJ,2020-07-15,0 days 15:55:00.114353,44637,11.56,11.55,16250,200,-1222,30202
466,CCJ,2020-07-15,0 days 15:55:01.117727,43859,11.56,11.55,11855,2400,778,-1222
467,CCJ,2020-07-15,0 days 15:58:46.663231,47068,11.56,11.55,14198,200,-4790,557
468,CCJ,2020-07-15,0 days 15:58:47.666234,42814,11.56,11.55,13348,200,4254,-4790
469,CCJ,2020-07-15,0 days 15:59:19.744904,49074,11.56,11.55,5491,11005,-850,260
470,CCJ,2020-07-15,0 days 15:59:20.747579,48524,11.56,11.55,5391,10153,550,-850
471,CCJ,2020-07-15,0 days 15:59:34.781550,49074,11.56,11.55,6987,10649,-1295,550
472,CCJ,2020-07-15,0 days 15:59:35.784016,47769,11.56,11.55,6367,10549,1305,-1295
473,CCJ,2020-07-15,0 days 15:59:40.796932,49074,11.56,11.55,6551,12471,-6395,305
474,CCJ,2020-07-15,0 days 15:59:41.798785,48769,11.56,11.55,6761,12371,305,-6395
475,CCXX,2020-07-15,0 days 15:55:00.179811,2218,11.36,11.35,588,1300,289,-18
476,CDE,2020-07-15,0 days 15:55:08.152224,149496,6.08,6.07,11077,28499,-36074,3926
477,CDE,2020-07-15,0 days 15:55:09.154537,148370,6.08,6.07,11090,25007,1126,-36074
478,CDE,2020-07-15,0 days 15:55:35.218548,150696,6.08,6.07,11858,21343,-2974,2326
479,CDE,2020-07-15,0 days 15:55:37.223565,189570,6.08,6.07,11558,23253,11126,-2974
480,CDE,2020-07-15,0 days 15:58:40.666140,204112,6.08,6.07,29715,5229,4900,-3300
481,CDE,2020-07-15,0 days 15:59:05.729121,211759,6.08,6.07,13915,31969,-6744,2110
482,CDE,2020-07-15,0 days 15:59:06.731166,201903,6.08,6.07,14015,31969,9856,-6744
483,CDE,2020-07-15,0 days 15:59:44.824990,212791,6.08,6.07,4727,65561,-6755,1195
484,CF,2020-07-15,0 days 15:55:41.191058,147466,30.69,30.68,845,2469,182,-1233
485,CF,2020-07-15,0 days 15:55:42.189707,144848,30.69,30.68,1045,2369,-2618,182
486,CF,2020-07-15,0 days 15:59:33.743478,177723,30.67,30.66,1500,782,3077,-1806
487,CF,2020-07-15,0 days 15:59:34.746788,175300,30.68,30.67,693,900,-2423,3077
488,CF,2020-07-15,0 days 15:59:39.758811,177723,30.67,30.66,1810,200,5549,-2123
489,CF,2020-07-15,0 days 15:59:40.761529,176172,30.66,30.65,1199,800,-1551,5549
490,CFG,2020-07-15,0 days 15:55:39.183055,244810,25.42,25.41,2309,500,24270,-2230
491,CFG,2020-07-15,0 days 15:55:40.185557,243480,25.43,25.42,2858,827,-1330,24270
492,CFG,2020-07-15,0 days 15:58:13.546537,249674,25.41,25.4,3667,2106,-1511,389
493,CFG,2020-07-15,0 days 15:59:06.679902,260435,25.42,25.41,5171,540,-2177,181
494,CFG,2020-07-15,0 days 15:59:27.728462,297291,25.45,25.44,2600,2422,-1944,3454
495,CFG,2020-07-15,0 days 15:59:28.730618,294835,25.45,25.44,2300,2722,2456,-1944
496,CFG,2020-07-15,0 days 15:59:43.767827,297891,25.44,25.43,1972,5138,-3161,3370
497,CFG,2020-07-15,0 days 15:59:44.770970,290813,25.44,25.43,2172,4438,8192,-3161
498,CHD,2020-07-15,0 days 15:59:04.802647,124166,84.61,84.59,756,100,57,-528
499,CHD,2020-07-15,0 days 15:59:05.806980,122768,84.66,84.65,303,200,-3410,57
500,CHD,2020-07-15,0 days 15:59:11.819296,123195,84.65,84.63,300,339,-1299,1701
501,CHGG,2020-07-15,0 days 15:55:00.115214,50301,70.91,70.87,306,301,-21689,2550
502,CHGG,2020-07-15,0 days 15:55:01.118296,49290,70.91,70.87,306,541,1011,-21689
503,CHGG,2020-07-15,0 days 15:58:44.659180,53531,70.99,70.98,200,195,-825,1288
504,CHGG,2020-07-15,0 days 15:58:45.661994,52456,70.99,70.98,110,395,1075,-825
505,CHGG,2020-07-15,0 days 15:59:06.714277,53972,70.94,70.91,500,300,-1573,112
506,CHGG,2020-07-15,0 days 15:59:18.743479,54677,70.92,70.89,100,200,6,-294
507,CHGG,2020-07-15,0 days 15:59:19.745486,54683,70.92,70.89,251,300,-2755,6
508,CHGG,2020-07-15,0 days 15:59:39.795871,57438,70.9,70.86,200,400,263,-755
509,CHGG,2020-07-15,0 days 15:59:46.810174,57001,70.92,70.89,200,140,-437,263
510,CHGG,2020-07-15,0 days 15:59:47.812355,56738,70.92,70.89,200,200,263,-437
511,CHGG,2020-07-15,0 days 15:59:56.827958,57001,70.98,70.87,1000,424,-237,463
512,CHGG,2020-07-15,0 days 15:59:58.830098,57238,70.98,70.87,1000,300,463,-237
513,CHGG,2020-07-15,0 days 16:00:00.835132,57001,71.38,70.83,500,2000,-237,463
514,CHWY,2020-07-15,0 days 15:58:55.204984,63804,47.13,47.12,600,379,-998,1487
515,CHWY,2020-07-15,0 days 15:58:56.207677,62502,47.13,47.11,400,1000,1302,-998
516,CIEN,2020-07-15,0 days 15:55:42.311361,120784,53.49,53.48,300,700,-267,1867
517,CIEN,2020-07-15,0 days 15:55:47.322465,121051,53.48,53.47,539,600,6154,-355
518,CIEN,2020-07-15,0 days 15:59:27.856451,179613,53.5,53.48,100,200,-15,875
519,CIEN,2020-07-15,0 days 15:59:46.902765,177994,53.49,53.47,339,500,1918,-3807
520,CIG,2020-07-15,0 days 15:57:45.514468,32221,2.15,2.14,73950,169966,2156,-1364
521,CIG,2020-07-15,0 days 15:58:47.666786,34477,2.15,2.14,176674,176284,-4188,2256
522,CIG,2020-07-15,0 days 15:59:03.706138,38665,2.15,2.14,183474,174784,49439,-4188
523,CIM,2020-07-15,0 days 15:57:37.457141,197815,9.31,9.3,17708,13189,1163,-737
524,CIM,2020-07-15,0 days 15:57:38.459684,192178,9.31,9.3,17908,14089,-5637,1163
525,CIM,2020-07-15,0 days 15:57:47.481766,166915,9.31,9.3,5421,23262,25963,-4937
526,CIM,2020-07-15,0 days 15:57:48.484071,164878,9.31,9.3,9393,20962,-2037,25963
527,CIM,2020-07-15,0 days 15:57:57.506765,166915,9.31,9.3,15293,15439,4963,-137
528,CIM,2020-07-15,0 days 15:57:58.508346,164978,9.31,9.3,15641,15839,-1937,4963
529,CIM,2020-07-15,0 days 15:59:45.770304,200885,9.31,9.3,22652,3936,1123,-622
530,CIM,2020-07-15,0 days 15:59:48.776546,199244,9.3,9.29,13419,13415,-1748,4852
531,CL,2020-07-15,0 days 15:59:04.726448,442689,74.59,74.58,2500,300,-11751,27090
532,CL,2020-07-15,0 days 15:59:05.728923,421740,74.57,74.56,300,1379,20949,-11751
533,CL,2020-07-15,0 days 15:59:16.754772,448726,74.58,74.57,400,1479,1049,-202
534,CL,2020-07-15,0 days 15:59:19.764039,449775,74.6,74.59,1400,279,-1972,381
535,CL,2020-07-15,0 days 15:59:40.813502,447426,74.59,74.58,1500,193,2349,-5433
536,CL,2020-07-15,0 days 15:59:44.824829,449775,74.61,74.6,800,500,-4820,521
537,CL,2020-07-15,0 days 15:59:45.825186,446795,74.62,74.61,593,400,8057,-4820
538,CL,2020-07-15,0 days 15:59:46.827361,454852,74.63,74.62,1017,400,-2083,8057
539,CL,2020-07-15,0 days 15:59:48.831366,451335,74.63,74.62,595,1100,3517,-2083
540,CLDR,2020-07-15,0 days 15:59:09.738071,242584,11.58,11.57,5659,1758,-2309,1069
541,CLDR,2020-07-15,0 days 15:59:10.741566,240993,11.58,11.57,5407,3026,791,-2309
542,CLDR,2020-07-15,0 days 15:59:15.752668,242584,11.58,11.57,4601,4138,-20354,791
543,CLDR,2020-07-15,0 days 15:59:36.803233,245049,11.58,11.57,8464,3245,1842,-2258
544,CLDR,2020-07-15,0 days 15:59:38.807975,244491,11.58,11.57,7777,4632,-558,242
545,CLDR,2020-07-15,0 days 15:59:42.817291,247569,11.57,11.56,3557,8701,2977,-1724
546,CLDR,2020-07-15,0 days 15:59:44.824890,247846,11.57,11.56,5657,9589,-2652,277
547,CLDR,2020-07-15,0 days 15:59:45.825281,250498,11.57,11.56,5657,8789,3185,-2652
548,CLF,2020-07-15,0 days 15:56:11.354852,403233,6.05,6.04,17157,62603,5042,-1591
549,CLF,2020-07-15,0 days 15:57:38.564901,403375,6.03,6.02,21869,47875,-9758,1642
550,CLF,2020-07-15,0 days 15:57:45.581994,423133,6.03,6.02,20649,44875,50846,-12454
551,CLF,2020-07-15,0 days 15:57:46.584752,410779,6.03,6.02,19849,44975,-12354,50846
552,CLF,2020-07-15,0 days 15:59:05.778273,464355,6.03,6.02,34249,40536,19138,-3301
553,CLF,2020-07-15,0 days 15:59:06.779342,462593,6.03,6.02,34149,40425,-1762,19138
554,CLF,2020-07-15,0 days 15:59:39.859962,523710,6.03,6.02,55602,36404,31883,-3017
555,CLF,2020-07-15,0 days 15:59:45.874113,520193,6.03,6.02,52529,33796,-3517,10683
556,CLGX,2020-07-15,0 days 15:59:22.844590,269495,67.0,66.99,100,600,1834,-1466
557,CLGX,2020-07-15,0 days 15:59:23.847103,261329,67.16,67.09,100,500,-8166,1834
558,CLGX,2020-07-15,0 days 15:59:24.849603,269495,67.12,67.06,100,100,34,-8166
559,CLGX,2020-07-15,0 days 15:59:25.851630,256529,67.18,67.11,100,100,-12966,34
560,CLGX,2020-07-15,0 days 15:59:26.853603,269495,67.17,67.12,100,100,1071,-12966
561,CLGX,2020-07-15,0 days 15:59:28.858847,268710,67.2,67.14,1000,372,-785,16615
562,CLGX,2020-07-15,0 days 15:59:37.880983,269495,67.12,67.08,300,100,305,-185
563,CLGX,2020-07-15,0 days 15:59:39.886239,269180,67.12,67.08,500,100,-315,305
564,CLGX,2020-07-15,0 days 15:59:40.888702,269495,67.12,67.08,300,100,995,-315
565,CLGX,2020-07-15,0 days 15:59:41.890602,269290,67.15,67.11,100,100,-205,995
566,CLGX,2020-07-15,0 days 15:59:44.898903,269495,67.15,67.14,100,100,1433,-203
567,CLGX,2020-07-15,0 days 15:59:47.905499,270425,67.17,67.15,100,100,7856,-372
568,CLNY,2020-07-15,0 days 15:59:15.827344,3026684,2.36,2.35,11766,31394,90706,-55638
569,CLNY,2020-07-15,0 days 15:59:16.829429,3019026,2.37,2.36,26363,62708,-7658,90706
570,CLNY,2020-07-15,0 days 15:59:38.884280,3029535,2.37,2.36,24759,48960,-3631,1745
571,CLNY,2020-07-15,0 days 15:59:47.905424,3040547,2.37,2.36,24401,41962,-3119,7681
572,CLR,2020-07-15,0 days 15:57:07.516194,169621,17.94,17.93,1607,800,-148,152
573,CLR,2020-07-15,0 days 15:57:36.586400,168625,17.94,17.93,1200,1401,996,-5404
574,CLR,2020-07-15,0 days 15:57:38.591415,169821,17.94,17.93,700,1801,-604,996
575,CLR,2020-07-15,0 days 15:57:39.593464,167425,17.94,17.93,600,1901,2396,-604
576,CLR,2020-07-15,0 days 15:57:55.631775,167825,17.96,17.95,600,1500,2596,-2004
577,CLR,2020-07-15,0 days 15:58:29.714913,174176,17.99,17.98,2124,500,-1549,2851
578,CLR,2020-07-15,0 days 15:58:30.717686,172525,17.99,17.98,2124,247,1651,-1549
579,CLR,2020-07-15,0 days 15:58:37.734137,168942,18.01,18.0,1201,500,4402,-1603
580,CLR,2020-07-15,0 days 15:58:44.751760,173344,18.01,18.0,1361,430,-63,2231
581,CLR,2020-07-15,0 days 15:58:54.775398,170107,18.01,18.0,1586,2929,3244,-16556
582,CMS,2020-07-15,0 days 15:59:04.726581,261897,59.83,59.82,200,601,8420,-1166
583,CMS,2020-07-15,0 days 15:59:05.729018,243217,59.85,59.83,400,500,-18680,8420
584,CMS,2020-07-15,0 days 15:59:57.852676,262938,59.76,59.73,458,200,22,-1078
585,CMS,2020-07-15,0 days 15:59:59.858939,263060,59.77,59.75,800,100,-1078,22
586,CNC,2020-07-15,0 days 15:59:05.680419,351800,65.67,65.66,100,600,2655,-15215
587,CNC,2020-07-15,0 days 15:59:13.699375,354451,65.73,65.72,100,660,-10746,2567
588,CNC,2020-07-15,0 days 15:59:15.698820,369473,65.76,65.72,200,300,2257,-14846
589,CNC,2020-07-15,0 days 15:59:22.717686,341710,65.76,65.74,199,417,-28295,11408
590,CNC,2020-07-15,0 days 15:59:24.721632,370279,65.74,65.72,700,130,31674,-6869
591,CNC,2020-07-15,0 days 15:59:25.723996,364953,65.74,65.72,400,130,-8155,31674
592,CNC,2020-07-15,0 days 15:59:31.738467,372908,65.65,65.62,500,1300,1520,-4380
593,CNC,2020-07-15,0 days 15:59:34.746822,369028,65.67,65.66,600,100,-4126,20
594,CNC,2020-07-15,0 days 15:59:40.761587,372954,65.65,65.64,407,100,51119,-56156
595,CNK,2020-07-15,0 days 15:56:18.368823,216879,14.26,14.25,2898,2986,134,-2167
596,CNK,2020-07-15,0 days 15:56:32.402731,214213,14.26,14.25,2135,3052,-2666,134
597,CNK,2020-07-15,0 days 15:56:46.436253,216879,14.26,14.25,2691,2569,1730,-571
598,CNK,2020-07-15,0 days 15:56:47.439242,216509,14.26,14.25,2391,2374,-370,1730
599,CNK,2020-07-15,0 days 15:57:16.509173,216879,14.27,14.26,3190,2471,1730,-571
600,CNK,2020-07-15,0 days 15:57:17.513459,216509,14.27,14.26,3110,2871,-370,1730
601,CNK,2020-07-15,0 days 15:57:35.555262,216979,14.27,14.26,2015,3372,1225,-775
602,CNK,2020-07-15,0 days 15:57:38.562039,216804,14.27,14.26,1875,3472,-75,525
603,CNK,2020-07-15,0 days 15:57:40.566701,216979,14.27,14.26,1775,4401,1825,-75
604,CNK,2020-07-15,0 days 15:59:42.862505,242532,14.28,14.27,7383,3726,-346,2176
605,CNK,2020-07-15,0 days 15:59:51.885336,251681,14.26,14.25,4600,532,551,-1087
606,CNP,2020-07-15,0 days 15:57:34.487565,440662,19.31,19.3,6557,7328,-2710,790
607,CNP,2020-07-15,0 days 15:57:35.489820,439472,19.31,19.3,6475,8328,390,-2710
608,CNP,2020-07-15,0 days 15:57:39.499814,434972,19.31,19.3,7081,7790,4890,-1710
609,CNP,2020-07-15,0 days 15:57:56.540075,439862,19.32,19.31,9240,4474,-4078,1322
610,CNP,2020-07-15,0 days 15:57:57.543490,438840,19.32,19.31,8926,3786,1022,-4078
611,CNP,2020-07-15,0 days 15:59:22.752339,483790,19.31,19.3,6114,10224,399,-13701
612,CNP,2020-07-15,0 days 15:59:24.757084,484189,19.33,19.32,6300,9365,-1501,399
613,CNP,2020-07-15,0 days 15:59:54.832831,491218,19.3,19.29,11600,5587,6657,-1343
614,CNQ,2020-07-15,0 days 15:55:50.334193,94314,18.0,17.99,10000,7200,340,-186
615,CNQ,2020-07-15,0 days 15:56:15.394135,89174,18.01,18.0,6952,7700,-5140,1560
616,CNQ,2020-07-15,0 days 15:59:10.817817,95115,18.03,18.02,17553,1800,-1115,1547
617,CNQ,2020-07-15,0 days 15:59:35.879347,92430,18.01,18.0,2651,15916,-3400,2600
618,CNX,2020-07-15,0 days 15:59:15.801054,367346,8.78,8.77,2558,5047,-11107,2885
619,CNX,2020-07-15,0 days 15:59:16.803761,361253,8.78,8.77,4172,3144,6093,-11107
620,CNX,2020-07-15,0 days 15:59:39.859755,379850,8.77,8.76,1772,6940,-33872,3228
621,CNX,2020-07-15,0 days 15:59:50.887204,345759,8.78,8.77,2719,5514,16091,-8708
622,COF,2020-07-15,0 days 15:55:11.209915,159612,63.59,63.58,1304,356,25477,-34523
623,COF,2020-07-15,0 days 15:55:12.211935,156489,63.6,63.59,300,145,-3123,25477
624,COF,2020-07-15,0 days 15:55:42.285536,160612,63.61,63.59,800,881,8714,-423
625,COF,2020-07-15,0 days 15:55:43.287392,158226,63.61,63.59,806,781,-2386,8714
626,COF,2020-07-15,0 days 15:56:31.402985,160650,63.62,63.61,301,519,1264,-1236
627,COF,2020-07-15,0 days 15:56:32.405679,158914,63.62,63.61,100,619,-1736,1264
628,COF,2020-07-15,0 days 15:57:02.478157,161955,63.64,63.63,1519,870,3582,-2782
629,COF,2020-07-15,0 days 15:57:03.480441,160337,63.64,63.63,125,970,-1618,3582
630,COF,2020-07-15,0 days 15:57:35.558150,161955,63.66,63.65,606,310,111,-2389
631,COF,2020-07-15,0 days 15:57:37.562789,159766,63.66,63.65,400,1047,-2189,1711
632,COF,2020-07-15,0 days 15:57:40.569692,161955,63.66,63.65,408,950,6722,-589
633,COF,2020-07-15,0 days 15:57:41.572063,161577,63.66,63.65,335,944,-378,6722
634,COF,2020-07-15,0 days 15:58:11.652270,162465,63.62,63.61,309,300,1800,-1600
635,COF,2020-07-15,0 days 15:58:25.680855,162465,63.62,63.61,400,600,100,-800
636,COF,2020-07-15,0 days 15:58:26.682408,161765,63.62,63.61,605,458,-700,100
637,COF,2020-07-15,0 days 15:58:37.708743,162493,63.63,63.62,493,100,2272,-1128
638,COF,2020-07-15,0 days 15:58:38.711255,161765,63.64,63.63,500,200,-728,2272
639,COF,2020-07-15,0 days 15:58:39.713724,162493,63.65,63.63,300,600,1629,-728
640,COF,2020-07-15,0 days 15:58:40.715555,161922,63.64,63.63,300,600,-571,1629
641,COF,2020-07-15,0 days 15:58:42.720684,162493,63.64,63.63,718,488,105,-571
642,COF,2020-07-15,0 days 15:58:43.724158,161998,63.63,63.61,500,358,-495,105
643,COF,2020-07-15,0 days 15:58:56.754517,164572,63.62,63.61,764,1057,826,-2174
644,COF,2020-07-15,0 days 15:58:57.756877,163998,63.62,63.61,646,1157,-574,826
645,COF,2020-07-15,0 days 15:59:02.770149,164648,63.59,63.58,200,400,362,-1
646,COF,2020-07-15,0 days 15:59:03.772761,163386,63.59,63.58,400,297,-5062,362
647,COF,2020-07-15,0 days 15:59:04.775377,168448,63.58,63.57,500,539,2538,-5062
648,COF,2020-07-15,0 days 15:59:05.777945,167786,63.59,63.58,200,900,-5619,2538
649,COF,2020-07-15,0 days 15:59:06.779105,173405,63.59,63.58,100,300,3281,-5619
650,COF,2020-07-15,0 days 15:59:42.866802,175924,63.68,63.66,1100,310,-678,1460
651,COF,2020-07-15,0 days 15:59:45.873845,176383,63.67,63.66,198,200,-419,93
652,COG,2020-07-15,0 days 15:55:00.208790,384896,17.84,17.83,2749,1586,-18997,125028
653,COG,2020-07-15,0 days 15:55:01.210505,371893,17.8,17.79,1000,1700,13103,-18997
654,COG,2020-07-15,0 days 15:56:53.482226,382403,17.87,17.86,1704,3200,8395,-1405
655,COG,2020-07-15,0 days 15:57:41.597817,393498,17.87,17.86,2045,2319,-915,1385
656,COG,2020-07-15,0 days 15:57:43.602846,383113,17.87,17.86,1446,2733,10385,-2715
657,COG,2020-07-15,0 days 15:59:09.813568,406147,17.87,17.86,2115,2632,-564,7416
658,COG,2020-07-15,0 days 15:59:13.822311,406711,17.87,17.86,3006,2532,3095,-564
659,COG,2020-07-15,0 days 15:59:26.853625,386835,17.88,17.87,3823,2079,4694,-6606
660,COG,2020-07-15,0 days 15:59:39.886270,394629,17.86,17.85,1701,4100,-14922,3262
661,COG,2020-07-15,0 days 15:59:40.888760,392251,17.86,17.85,2001,3800,1978,-14922
662,COG,2020-07-15,0 days 15:59:44.898974,394629,17.87,17.86,4243,200,-6526,1217
663,COP,2020-07-15,0 days 15:55:00.180196,361648,41.57,41.56,997,295,-28002,97129
664,COP,2020-07-15,0 days 15:55:01.180664,357950,41.53,41.52,400,700,3698,-28002
665,COP,2020-07-15,0 days 15:57:35.555262,395563,41.62,41.61,845,281,-799,2601
666,COP,2020-07-15,0 days 15:57:36.557649,391562,41.62,41.6,951,1489,4001,-799
667,COP,2020-07-15,0 days 15:57:47.585648,392239,41.64,41.63,1120,1196,3737,-1063
668,COP,2020-07-15,0 days 15:59:09.785348,406876,41.61,41.6,1900,300,2241,-4004
669,COP,2020-07-15,0 days 15:59:10.788966,409117,41.62,41.61,400,1792,-559,2241
670,COP,2020-07-15,0 days 15:59:12.792382,415809,41.62,41.61,100,2697,5493,-559
671,COP,2020-07-15,0 days 15:59:40.859005,426578,41.6,41.59,962,900,6322,-16335
672,COTY,2020-07-15,0 days 15:59:18.703738,1800383,4.43,4.42,46200,73946,-89687,661312
673,COTY,2020-07-15,0 days 15:59:19.705823,1689970,4.43,4.42,45800,54396,110413,-89687
674,COTY,2020-07-15,0 days 15:59:21.711311,1800383,4.43,4.42,57395,33062,-90576,14113
675,COTY,2020-07-15,0 days 15:59:22.713351,1772559,4.43,4.42,54095,36362,27824,-90576
676,COTY,2020-07-15,0 days 15:59:32.737271,1826683,4.42,4.41,126850,12687,-129719,7424
677,CPB,2020-07-15,0 days 15:55:42.189559,137348,49.13,49.12,300,1513,162,-3028
678,CPB,2020-07-15,0 days 15:55:52.213760,138633,49.16,49.15,702,925,-2792,85
679,CPB,2020-07-15,0 days 15:56:16.271780,141425,49.19,49.18,509,1210,1859,-241
680,CPB,2020-07-15,0 days 15:56:17.273442,141084,49.19,49.18,309,1210,-341,1859
681,CPB,2020-07-15,0 days 15:56:20.281412,141425,49.19,49.18,100,1717,143,-341
682,CPB,2020-07-15,0 days 15:56:21.283714,141168,49.19,49.18,100,1617,-257,143
683,CPB,2020-07-15,0 days 15:56:31.307770,141425,49.2,49.19,1100,1000,56,-244
684,CPB,2020-07-15,0 days 15:56:32.311064,141181,49.2,49.19,1400,1100,-244,56
685,CPB,2020-07-15,0 days 15:56:52.359030,141425,49.2,49.19,1110,1021,87,-51
686,CPB,2020-07-15,0 days 15:56:53.361048,141312,49.2,49.19,1010,1214,-113,87
687,CPB,2020-07-15,0 days 15:57:35.461448,141425,49.19,49.18,1740,1544,160,-640
688,CPB,2020-07-15,0 days 15:57:36.464080,141385,49.19,49.18,1300,1744,-40,160
689,CPB,2020-07-15,0 days 15:57:41.467028,141425,49.19,49.18,1600,1344,175,-1125
690,CPB,2020-07-15,0 days 15:58:26.577602,140399,49.23,49.22,200,700,-2666,134
691,CPB,2020-07-15,0 days 15:58:29.584338,141765,49.23,49.21,1100,800,134,-166
692,CPB,2020-07-15,0 days 15:58:30.586382,141399,49.23,49.22,500,800,-366,134
693,CPB,2020-07-15,0 days 15:58:39.608898,142365,49.24,49.23,1100,100,149,-166
694,CPB,2020-07-15,0 days 15:59:03.671930,148250,49.21,49.2,1007,200,-385,55
695,CPB,2020-07-15,0 days 15:59:06.679601,148867,49.21,49.2,707,884,331,-140
696,CPB,2020-07-15,0 days 15:59:18.706888,158856,49.21,49.2,712,1533,-2811,4689
697,CPB,2020-07-15,0 days 15:59:19.709908,158067,49.21,49.2,712,1533,789,-2811
698,CPB,2020-07-15,0 days 15:59:21.714823,165908,49.22,49.2,1000,1100,-6835,8765
699,CPB,2020-07-15,0 days 15:59:22.717557,164467,49.22,49.2,400,1300,1541,-6835
700,CPB,2020-07-15,0 days 15:59:40.761417,166408,49.21,49.2,400,547,-1431,1827
701,CPB,2020-07-15,0 days 15:59:41.762241,165639,49.22,49.2,600,947,669,-1431
702,CPB,2020-07-15,0 days 15:59:46.775094,160774,49.22,49.2,800,993,-4865,469
703,CPB,2020-07-15,0 days 15:59:47.776148,156939,49.2,49.19,500,500,3839,-4865
704,CPRI,2020-07-15,0 days 15:55:00.181958,613535,16.93,16.92,1071,2873,4142,-438732
705,CPRI,2020-07-15,0 days 15:58:49.734182,643783,16.94,16.93,1686,598,8110,-7190
706,CPRI,2020-07-15,0 days 15:59:02.769375,651934,16.95,16.94,2017,500,-1430,10428
707,CPRI,2020-07-15,0 days 15:59:05.774183,640564,16.95,16.94,1757,600,11370,-3530
708,CPRI,2020-07-15,0 days 15:59:19.807797,653885,16.95,16.94,1484,2388,-684,1559
709,CPRI,2020-07-15,0 days 15:59:20.809162,647169,16.95,16.94,1367,2158,6716,-684
710,CPRI,2020-07-15,0 days 15:59:36.847946,642591,16.97,16.96,708,3209,2094,-7406
711,CPRI,2020-07-15,0 days 15:59:56.895947,670585,16.98,16.97,427,10294,-21701,5133
712,CRM,2020-07-15,0 days 15:55:00.114509,445441,187.77,187.74,200,472,-1233,52464
713,CRM,2020-07-15,0 days 15:58:11.580485,450351,188.0,187.98,300,100,59685,-42315
714,CRM,2020-07-15,0 days 15:58:13.584879,460336,188.03,188.01,1102,300,-90015,11985
715,CS,2020-07-15,0 days 15:58:47.627742,19703,10.76,10.75,89488,55495,-153,3296
716,CTL,2020-07-15,0 days 15:59:04.675046,547971,9.71,9.7,39205,38189,6186,-19202
717,CTVA,2020-07-15,0 days 15:59:44.872620,391748,27.94,27.93,100,3200,427,-1623
718,CTVA,2020-07-15,0 days 15:59:45.874029,391675,27.96,27.95,2053,100,-4873,427
719,CVNA,2020-07-15,0 days 15:57:06.514134,32045,136.38,136.13,200,221,-631,194
720,CVNA,2020-07-15,0 days 15:57:07.516361,31076,136.32,136.25,200,100,969,-631
721,CVNA,2020-07-15,0 days 15:57:38.591539,32045,136.61,136.41,154,108,-154,969
722,CVNA,2020-07-15,0 days 15:57:39.593561,31199,136.65,136.52,200,200,846,-154
723,CVS,2020-07-15,0 days 15:55:26.151479,407410,64.41,64.4,907,2165,-546,2212
724,CVS,2020-07-15,0 days 15:55:27.153675,406498,64.41,64.4,1211,2165,912,-546
725,CVS,2020-07-15,0 days 15:55:43.192167,407510,64.42,64.41,830,1739,-34592,308
726,CVS,2020-07-15,0 days 15:57:06.391370,447789,64.42,64.41,2820,2712,18293,-25307
727,CVS,2020-07-15,0 days 15:57:07.393968,445382,64.4,64.39,1810,216,-2865,18293
728,CVS,2020-07-15,0 days 15:57:29.447071,447789,64.42,64.41,875,1050,1093,-1507
729,CVS,2020-07-15,0 days 15:57:30.449417,447482,64.42,64.41,921,1850,-307,1093
730,CVS,2020-07-15,0 days 15:57:34.459314,447789,64.42,64.41,1460,1665,4193,-307
731,CVS,2020-07-15,0 days 15:57:35.461837,447482,64.43,64.42,575,875,-307,4193
732,CVS,2020-07-15,0 days 15:57:38.469487,447789,64.43,64.42,575,900,2193,-307
733,CVS,2020-07-15,0 days 15:57:39.471640,446182,64.43,64.42,1245,200,-1607,2193
734,CVS,2020-07-15,0 days 15:57:41.467120,447789,64.43,64.42,1400,900,2693,-1607
735,CVS,2020-07-15,0 days 15:57:44.475006,447789,64.44,64.43,1207,475,193,-1307
736,CVS,2020-07-15,0 days 15:57:47.483679,449582,64.45,64.44,1291,853,-1407,793
737,CVS,2020-07-15,0 days 15:57:58.508485,454482,64.44,64.43,575,975,-4407,393
738,CVS,2020-07-15,0 days 15:57:59.511391,453789,64.45,64.44,790,966,686,-4407
739,CVS,2020-07-15,0 days 15:58:02.521470,454382,64.44,64.43,2375,1400,-507,786
740,CVS,2020-07-15,0 days 15:58:03.521601,453689,64.44,64.43,2275,2344,693,-507
741,CVS,2020-07-15,0 days 15:58:09.536955,454077,64.46,64.45,100,1994,-931,72
742,CVS,2020-07-15,0 days 15:58:10.539134,449108,64.46,64.45,575,2694,91069,-931
743,CVS,2020-07-15,0 days 15:58:39.609055,452877,64.48,64.47,501,1100,-1018,761
744,CVS,2020-07-15,0 days 15:58:40.610918,452451,64.48,64.47,501,1100,426,-1018
745,CVS,2020-07-15,0 days 15:59:00.666041,457432,64.47,64.46,2275,400,-473,3637
746,CVS,2020-07-15,0 days 15:59:01.667359,457905,64.47,64.46,2386,375,317,-473
747,CVS,2020-07-15,0 days 15:59:02.669453,457522,64.47,64.46,2200,385,-383,317
748,CVS,2020-07-15,0 days 15:59:12.694869,470734,64.46,64.45,221,589,26813,-805
749,CVS,2020-07-15,0 days 15:59:44.770814,713169,64.6,64.59,307,1909,-73709,31685
750,CVX,2020-07-15,0 days 15:55:00.079226,473189,88.7,88.69,200,200,-91584,111198
751,CVX,2020-07-15,0 days 15:55:05.089919,561872,88.65,88.62,400,237,390,-3118
752,CVX,2020-07-15,0 days 15:55:18.121855,547973,88.67,88.66,100,400,-13899,573
753,CVX,2020-07-15,0 days 15:57:40.464858,583083,88.87,88.85,200,349,133,-3771
754,CVX,2020-07-15,0 days 15:57:41.466864,574816,88.87,88.85,300,649,-8267,133
755,CVX,2020-07-15,0 days 15:57:48.484180,585492,88.91,88.88,446,818,2182,-9118
756,CVX,2020-07-15,0 days 15:57:49.486661,578974,88.91,88.88,446,200,-4345,2182
757,CVX,2020-07-15,0 days 15:59:12.689763,590751,88.86,88.84,500,700,2132,-15531
758,CVX,2020-07-15,0 days 15:59:13.693890,579583,88.86,88.84,400,500,-11509,2132
759,CVX,2020-07-15,0 days 15:59:35.745744,593762,88.91,88.89,100,540,4738,-10762
760,CVX,2020-07-15,0 days 15:59:36.748667,583000,88.97,88.93,500,550,-10762,4738
761,CVX,2020-07-15,0 days 15:59:40.758538,591826,88.89,88.87,300,200,405,-1518
762,CVX,2020-07-15,0 days 15:59:42.762376,592231,88.92,88.89,710,300,-1768,405
763,CWH,2020-07-15,0 days 15:55:28.145546,54632,34.06,34.04,225,110,-6,94
764,CWH,2020-07-15,0 days 15:55:29.148063,54538,34.06,34.04,300,110,94,-6
765,CWH,2020-07-15,0 days 15:56:11.249321,54632,34.1,34.09,213,199,-497,20
766,CWH,2020-07-15,0 days 15:56:19.268685,54432,34.13,34.11,225,300,-497,20
767,CWH,2020-07-15,0 days 15:56:27.288121,54412,34.13,34.11,425,500,20,-497
768,CWH,2020-07-15,0 days 15:56:32.301006,54432,34.13,34.11,427,497,-180,20
769,CWH,2020-07-15,0 days 15:57:08.387322,56255,34.09,34.06,528,354,222,-678
770,CWH,2020-07-15,0 days 15:58:48.630191,59196,34.01,33.99,200,229,-650,441
771,CWH,2020-07-15,0 days 15:58:49.632360,58946,34.01,34.0,200,200,250,-650
772,CWH,2020-07-15,0 days 15:59:06.674635,60555,33.97,33.95,100,600,-89,311
773,CWH,2020-07-15,0 days 15:59:07.676755,60244,33.97,33.95,100,400,339,-89
774,CWH,2020-07-15,0 days 15:59:08.679947,60583,33.97,33.95,100,600,-261,339
775,CWH,2020-07-15,0 days 15:59:09.682037,60344,33.97,33.95,100,600,239,-261
776,CWH,2020-07-15,0 days 15:59:16.698635,59628,33.95,33.94,490,100,-716,243
777,CWH,2020-07-15,0 days 15:59:17.701961,59444,33.95,33.94,390,100,184,-716
778,CWH,2020-07-15,0 days 15:59:35.745560,59728,33.97,33.93,125,540,-1867,184
779,CX,2020-07-15,0 days 15:55:00.213010,100473,2.89,2.88,105116,159281,-17385,20080
780,CX,2020-07-15,0 days 15:59:44.900574,147837,2.9,2.89,72389,330038,5780,-570
781,D,2020-07-15,0 days 15:59:15.801012,648317,75.54,75.51,900,200,5497,-9460
782,D,2020-07-15,0 days 15:59:16.803726,640083,75.57,75.54,300,1600,-19986,5497
783,DAL,2020-07-15,0 days 15:59:15.698907,671445,28.57,28.56,8524,9463,-2928,8299
784,DAL,2020-07-15,0 days 15:59:22.717780,573148,28.59,28.58,5685,9700,84364,-90836
785,DAL,2020-07-15,0 days 15:59:39.758977,659291,28.6,28.59,7915,11140,-12088,3839
786,DAL,2020-07-15,0 days 15:59:40.761712,612674,28.6,28.59,6815,10400,46617,-12088
787,DAL,2020-07-15,0 days 15:59:41.762510,659291,28.6,28.59,4415,10095,-12483,46617
788,DAL,2020-07-15,0 days 15:59:47.777064,618461,28.6,28.59,4200,7120,42617,-52839
789,DAL,2020-07-15,0 days 15:59:48.779970,659678,28.6,28.59,4900,8695,-6884,42617
790,DAL,2020-07-15,0 days 15:59:50.785540,589962,28.58,28.57,8752,1000,69716,-7483
791,DB,2020-07-15,0 days 15:56:18.277779,47421,10.21,10.2,36553,63737,-490,2638
792,DB,2020-07-15,0 days 15:56:39.327387,47911,10.22,10.21,82990,60146,2125,-490
793,DB,2020-07-15,0 days 15:58:47.628035,54504,10.19,10.18,120440,62627,-6369,3090
794,DD,2020-07-15,0 days 15:55:00.132990,379651,54.91,54.89,499,700,3626,-189831
795,DD,2020-07-15,0 days 15:56:40.374599,389974,54.98,54.96,600,493,-311,289
796,DD,2020-07-15,0 days 15:56:41.377472,388685,54.98,54.96,600,693,1289,-311
797,DD,2020-07-15,0 days 15:57:36.510491,390618,54.94,54.93,400,882,-3792,1108
798,DD,2020-07-15,0 days 15:57:37.512801,388610,54.94,54.93,400,300,2008,-3792
799,DD,2020-07-15,0 days 15:57:41.522697,390618,54.94,54.93,290,343,-492,2108
800,DD,2020-07-15,0 days 15:58:33.649540,392610,54.94,54.92,500,1015,418,-182
801,DD,2020-07-15,0 days 15:58:55.702624,393028,54.93,54.92,399,300,-3691,1088
802,DD,2020-07-15,0 days 15:58:56.705132,391919,54.93,54.91,599,700,1109,-3691
803,DD,2020-07-15,0 days 15:59:05.729184,392742,54.93,54.92,665,600,-44,1273
804,DD,2020-07-15,0 days 15:59:27.782466,448155,54.93,54.91,230,738,535,-2878
805,DD,2020-07-15,0 days 15:59:30.788554,448690,54.91,54.9,295,300,-3137,535
806,DD,2020-07-15,0 days 15:59:38.808163,451585,54.92,54.9,400,300,15505,-4795
807,DD,2020-07-15,0 days 15:59:50.837910,443787,54.89,54.87,100,400,-7398,602
808,DFS,2020-07-15,0 days 15:55:41.180292,217121,50.33,50.32,400,303,1833,-2175
809,DFS,2020-07-15,0 days 15:55:42.179893,212434,50.33,50.32,400,403,-4687,1833
810,DFS,2020-07-15,0 days 15:58:39.608591,220094,50.35,50.33,100,600,1778,-501
811,DFS,2020-07-15,0 days 15:58:40.610746,216372,50.35,50.33,100,600,-3722,1778
812,DFS,2020-07-15,0 days 15:59:06.674732,229654,50.37,50.36,100,500,14546,-4351
813,DFS,2020-07-15,0 days 15:59:07.676850,227900,50.38,50.35,400,700,-3654,14546
814,DFS,2020-07-15,0 days 15:59:13.693758,227708,50.37,50.35,400,100,-4116,7184
815,DFS,2020-07-15,0 days 15:59:34.742828,232633,50.36,50.34,200,300,21060,-3394
816,DFS,2020-07-15,0 days 15:59:35.745648,217993,50.37,50.35,300,300,-15740,21060
817,DFS,2020-07-15,0 days 15:59:43.765070,231235,50.37,50.34,300,800,-2945,11936
818,DGX,2020-07-15,0 days 15:55:39.273922,100002,122.06,122.02,225,266,-2111,1589
819,DGX,2020-07-15,0 days 15:55:41.279621,98308,122.1,122.06,125,225,1694,-1306
820,DGX,2020-07-15,0 days 15:56:57.462468,104697,122.36,122.31,300,225,-119,681
821,DGX,2020-07-15,0 days 15:56:58.465353,102816,122.36,122.31,300,343,2581,-119
822,DGX,2020-07-15,0 days 15:57:41.569240,105397,122.46,122.43,125,325,-647,953
823,DGX,2020-07-15,0 days 15:57:42.571263,103944,122.46,122.42,425,300,1453,-647
824,DGX,2020-07-15,0 days 15:58:43.720876,105425,122.47,122.44,100,125,-203,297
825,DGX,2020-07-15,0 days 15:58:44.723406,104028,122.46,122.44,125,125,1397,-203
826,DGX,2020-07-15,0 days 15:59:03.770970,105426,122.37,122.33,125,225,-73,826
827,DGX,2020-07-15,0 days 15:59:04.773788,104741,122.41,122.34,200,248,684,-73
828,DGX,2020-07-15,0 days 15:59:38.853045,108426,122.31,122.26,525,125,-3529,171
829,DGX,2020-07-15,0 days 15:59:40.858950,109757,122.28,122.25,525,100,2574,-1331
830,DGX,2020-07-15,0 days 15:59:42.862455,108425,122.36,122.33,100,325,-3636,274
831,DGX,2020-07-15,0 days 15:59:49.879653,108561,122.28,122.24,325,100,3770,-422
832,DHI,2020-07-15,0 days 15:59:20.838911,290248,60.15,60.14,800,500,-743,8225
833,DHI,2020-07-15,0 days 15:59:21.841595,288991,60.14,60.13,300,100,1457,-743
834,DHI,2020-07-15,0 days 15:59:26.852213,289391,60.14,60.12,300,200,1057,-43
835,DHI,2020-07-15,0 days 15:59:39.886097,297716,60.1,60.09,800,599,-12765,598
836,DHI,2020-07-15,0 days 15:59:50.910493,299400,60.06,60.05,200,846,96,-104
837,DHR,2020-07-15,0 days 15:59:01.769428,188327,188.22,188.19,407,12600,1302,-757
838,DHR,2020-07-15,0 days 15:59:02.770093,182829,188.21,188.19,200,12600,-5498,1302
839,DHR,2020-07-15,0 days 15:59:04.775350,189882,188.21,188.2,307,200,11196,-4498
840,DHR,2020-07-15,0 days 15:59:05.777918,178838,188.24,188.2,372,200,-11044,11196
841,DHR,2020-07-15,0 days 15:59:08.784933,189882,188.21,188.19,300,1171,1889,-1544
842,DHR,2020-07-15,0 days 15:59:09.786936,188971,188.21,188.19,200,1071,-911,1889
843,DHR,2020-07-15,0 days 15:59:12.794157,195127,188.36,188.29,300,300,45515,-911
844,DIS,2020-07-15,0 days 15:55:00.089800,634487,120.91,120.9,400,100,-733,189682
845,DIS,2020-07-15,0 days 15:55:01.090589,634111,120.87,120.86,965,491,378,-733
846,DIS,2020-07-15,0 days 15:55:03.095627,634487,120.92,120.9,700,400,-733,378
847,DIS,2020-07-15,0 days 15:55:40.185545,637044,120.93,120.91,498,700,-11,924
848,DIS,2020-07-15,0 days 15:56:06.248240,636841,121.03,121.01,300,500,-3590,41
849,DIS,2020-07-15,0 days 15:56:11.259800,637900,121.0,120.98,600,300,3940,-3590
850,DIS,2020-07-15,0 days 15:56:31.307930,641840,120.99,120.98,200,600,-2688,3912
851,DIS,2020-07-15,0 days 15:59:12.695024,693120,120.92,120.9,300,1140,16172,-25
852,DIS,2020-07-15,0 days 15:59:39.758977,715592,120.94,120.92,400,600,-2346,7673
853,DIS,2020-07-15,0 days 15:59:50.785584,734032,120.94,120.92,200,600,1567,-3433
854,DKS,2020-07-15,0 days 15:55:09.154537,67454,40.65,40.64,200,274,-51,119
855,DKS,2020-07-15,0 days 15:55:10.156954,67305,40.65,40.64,200,200,149,-51
856,DKS,2020-07-15,0 days 15:55:49.252166,68363,40.64,40.63,751,641,-256,128
857,DKS,2020-07-15,0 days 15:56:38.369676,70312,40.64,40.63,466,915,142,-158
858,DKS,2020-07-15,0 days 15:57:40.520309,70468,40.63,40.62,300,910,-1870,244
859,DKS,2020-07-15,0 days 15:57:41.522685,70438,40.63,40.62,500,610,30,-1870
860,DKS,2020-07-15,0 days 15:57:47.539185,70468,40.63,40.62,500,705,-470,130
861,DKS,2020-07-15,0 days 15:57:50.545054,70938,40.63,40.62,700,802,330,-470
862,DKS,2020-07-15,0 days 15:57:51.547263,71168,40.63,40.62,1209,772,-70,330
863,DKS,2020-07-15,0 days 15:58:08.589404,72343,40.64,40.62,804,493,411,-489
864,DKS,2020-07-15,0 days 15:58:09.592968,72054,40.63,40.62,400,293,-289,411
865,DKS,2020-07-15,0 days 15:58:14.604459,71054,40.61,40.6,100,500,-189,211
866,DKS,2020-07-15,0 days 15:58:15.606660,70943,40.61,40.6,200,314,97,-189
867,DKS,2020-07-15,0 days 15:58:16.608611,70940,40.61,40.6,495,114,-3,97
868,DKS,2020-07-15,0 days 15:58:30.642788,71743,40.62,40.6,1334,210,311,-189
869,DKS,2020-07-15,0 days 15:58:31.645324,71554,40.62,40.61,1234,656,-189,311
870,DKS,2020-07-15,0 days 15:59:42.817420,92302,40.65,40.64,400,100,582,-601
871,DKS,2020-07-15,0 days 15:59:49.833724,92113,40.65,40.63,300,200,-189,411
872,DOW,2020-07-15,0 days 15:55:00.182130,452531,43.42,43.41,316,100,-22200,181258
873,DOW,2020-07-15,0 days 15:55:45.292223,461275,43.38,43.37,408,901,-8319,281
874,DOW,2020-07-15,0 days 15:56:03.335393,469506,43.39,43.37,500,101,6089,-8311
875,DOW,2020-07-15,0 days 15:56:12.356893,469932,43.39,43.37,600,351,98,-285
876,DOW,2020-07-15,0 days 15:56:55.457679,470676,43.38,43.37,468,300,-878,260
877,DOW,2020-07-15,0 days 15:57:43.576775,487754,43.39,43.38,300,1334,1122,-878
878,DOW,2020-07-15,0 days 15:57:44.579271,484795,43.39,43.38,200,1620,-3759,1122
879,DOW,2020-07-15,0 days 15:57:56.608311,497854,43.39,43.38,600,300,122,-5978
880,DOW,2020-07-15,0 days 15:58:01.620845,488119,43.39,43.38,600,892,-9835,368
881,DOW,2020-07-15,0 days 15:58:11.652258,497054,43.37,43.35,400,1129,388,-1650
882,DOW,2020-07-15,0 days 15:58:12.648563,494342,43.37,43.35,400,1229,-2712,388
883,DOW,2020-07-15,0 days 15:59:03.772735,512233,43.37,43.35,300,1365,7656,-12804
884,DOW,2020-07-15,0 days 15:59:04.775350,509939,43.37,43.35,300,1266,-2294,7656
885,DT,2020-07-15,0 days 15:55:00.179811,141247,42.06,42.04,111,100,5406,-5093
886,DT,2020-07-15,0 days 15:55:41.279621,146653,42.06,42.05,320,201,-1774,964
887,DT,2020-07-15,0 days 15:55:42.283910,141027,42.06,42.05,281,201,5626,-1774
888,DT,2020-07-15,0 days 15:59:18.804726,150921,42.18,42.15,180,300,-1115,3834
889,DT,2020-07-15,0 days 15:59:46.871995,149682,42.18,42.17,600,200,1736,-1902
890,DUK,2020-07-15,0 days 15:59:40.859005,592749,80.44,80.42,900,527,1788,-2995
891,DUK,2020-07-15,0 days 15:59:41.860114,582724,80.48,80.45,250,1650,-10025,1788
892,DVN,2020-07-15,0 days 15:55:00.183047,291015,10.79,10.78,5774,11999,-27020,86920
893,DVN,2020-07-15,0 days 15:55:01.184909,287535,10.79,10.78,10578,5857,3480,-27020
894,DVN,2020-07-15,0 days 15:55:47.296977,294369,10.79,10.78,7209,10640,-10066,4434
895,DVN,2020-07-15,0 days 15:56:22.381495,299835,10.79,10.78,6659,12797,398,-543
896,DVN,2020-07-15,0 days 15:57:44.579460,311042,10.79,10.78,4102,11562,-193,1307
897,DVN,2020-07-15,0 days 15:57:46.584724,309835,10.79,10.78,2012,13916,1207,-1493
898,DVN,2020-07-15,0 days 15:57:51.596943,311042,10.79,10.78,9052,10518,-1500,1207
899,DVN,2020-07-15,0 days 15:57:52.598762,309842,10.79,10.78,9052,11718,1200,-1500
900,DVN,2020-07-15,0 days 15:59:15.801175,323212,10.76,10.75,13396,8031,-4060,2514
901,DVN,2020-07-15,0 days 15:59:16.803843,322472,10.76,10.75,13496,8031,740,-4060
902,DVN,2020-07-15,0 days 15:59:39.859931,358944,10.76,10.75,11633,3800,2349,-2740
903,DVN,2020-07-15,0 days 15:59:44.872674,364793,10.76,10.75,6323,12116,-3947,2592
904,DVN,2020-07-15,0 days 15:59:46.876208,364023,10.76,10.75,2622,13213,770,-1130
905,DVN,2020-07-15,0 days 15:59:47.878863,364793,10.76,10.75,9802,7813,-1213,770
906,DXC,2020-07-15,0 days 15:55:00.133130,554663,16.42,16.41,510,5398,18880,-229487
907,DXC,2020-07-15,0 days 15:56:06.292529,573603,16.42,16.41,2147,2773,-3013,7287
908,DXC,2020-07-15,0 days 15:56:07.295363,561016,16.42,16.41,2181,2970,12587,-3013
909,EAT,2020-07-15,0 days 15:55:39.307988,76314,25.33,25.32,343,780,4538,-1997
910,EAT,2020-07-15,0 days 15:55:50.334181,82868,25.35,25.34,700,800,-246,525
911,EAT,2020-07-15,0 days 15:55:51.336505,82414,25.35,25.34,900,700,454,-246
912,EAT,2020-07-15,0 days 15:56:09.380066,78709,25.37,25.36,203,780,-530,305
913,EAT,2020-07-15,0 days 15:57:39.597930,83171,25.22,25.21,400,400,-66,234
914,EAT,2020-07-15,0 days 15:57:45.611299,83237,25.22,25.21,679,500,234,-466
915,EAT,2020-07-15,0 days 15:57:50.624065,84671,25.24,25.23,603,125,-266,634
916,EAT,2020-07-15,0 days 15:57:51.626353,84461,25.24,25.22,803,800,210,-266
917,EAT,2020-07-15,0 days 15:58:09.668526,85671,25.24,25.22,2000,200,-176,1249
918,EAT,2020-07-15,0 days 15:58:14.680715,85847,25.23,25.22,300,700,224,-176
919,EAT,2020-07-15,0 days 15:58:15.683011,85671,25.23,25.22,500,700,-176,224
920,EAT,2020-07-15,0 days 15:58:17.689483,85847,25.23,25.22,250,800,14,-176
921,EAT,2020-07-15,0 days 15:58:18.689994,85661,25.23,25.22,250,829,-186,14
922,EAT,2020-07-15,0 days 15:58:53.774964,85847,25.22,25.21,502,494,106,-42
923,EAT,2020-07-15,0 days 15:59:15.829357,87199,25.23,25.22,190,701,-672,673
924,EAT,2020-07-15,0 days 15:59:16.831710,86771,25.23,25.22,190,801,428,-672
925,EAT,2020-07-15,0 days 15:59:27.859961,90391,25.28,25.26,300,300,-980,220
926,EAT,2020-07-15,0 days 15:59:31.870288,89969,25.25,25.23,325,800,422,-1118
927,EAT,2020-07-15,0 days 15:59:46.905007,90145,25.25,25.24,281,400,-714,3464
928,EAT,2020-07-15,0 days 15:59:51.917105,87459,25.26,25.22,200,300,3886,-212
929,EB,2020-07-15,0 days 15:59:37.883840,379982,9.31,9.3,300,584,-123,577
930,EB,2020-07-15,0 days 15:59:47.907943,377002,9.31,9.3,1462,100,-1203,8997
931,ED,2020-07-15,0 days 15:55:00.209904,265693,71.4,71.38,354,115,-23460,31711
932,ED,2020-07-15,0 days 15:57:55.631887,300448,71.57,71.56,334,701,161,-5339
933,ED,2020-07-15,0 days 15:57:58.638962,295909,71.57,71.56,434,417,-4539,161
934,ED,2020-07-15,0 days 15:58:53.772852,301681,71.6,71.58,605,600,-3595,104
935,ED,2020-07-15,0 days 15:59:12.820338,307090,71.58,71.57,100,200,796,-1330
936,ED,2020-07-15,0 days 15:59:13.822425,305105,71.59,71.57,100,200,-1985,796
937,ED,2020-07-15,0 days 15:59:23.847189,307428,71.6,71.58,300,200,1357,-1743
938,ED,2020-07-15,0 days 15:59:24.849718,305885,71.62,71.59,400,200,-1543,1357
939,ED,2020-07-15,0 days 15:59:30.864352,307805,71.61,71.57,131,700,1504,-1496
940,ED,2020-07-15,0 days 15:59:31.866280,306309,71.6,71.57,200,200,-1496,1504
941,ED,2020-07-15,0 days 15:59:35.876140,307831,71.6,71.58,190,100,413,-1522
942,ED,2020-07-15,0 days 15:59:44.899086,308444,71.59,71.56,200,290,-1479,613
943,EGO,2020-07-15,0 days 15:55:00.641610,20077,11.23,11.22,12079,2829,374,-567
944,EGO,2020-07-15,0 days 15:56:18.830940,20451,11.23,11.22,21847,500,-1013,187
945,EGO,2020-07-15,0 days 15:59:29.288369,22454,11.21,11.2,13967,4400,1001,-1199
946,EIX,2020-07-15,0 days 15:56:07.375335,267003,55.29,55.28,700,300,-407,873
947,EIX,2020-07-15,0 days 15:56:17.398540,266796,55.28,55.27,822,111,584,-96
948,EIX,2020-07-15,0 days 15:56:30.430501,269316,55.29,55.28,1185,1021,-222,178
949,EIX,2020-07-15,0 days 15:56:36.445121,270438,55.27,55.26,402,900,1178,-322
950,EIX,2020-07-15,0 days 15:56:37.447039,270116,55.27,55.26,100,1100,-322,1178
951,EIX,2020-07-15,0 days 15:56:49.476503,270738,55.27,55.26,601,100,80,-322
952,EIX,2020-07-15,0 days 15:56:50.478886,270418,55.28,55.27,503,123,-320,80
953,EIX,2020-07-15,0 days 15:57:23.558682,270738,55.28,55.26,300,1000,1180,-100
954,EIX,2020-07-15,0 days 15:57:24.561188,270418,55.29,55.27,507,400,-320,1180
955,EIX,2020-07-15,0 days 15:57:35.587754,270838,55.29,55.28,200,400,1737,-863
956,EIX,2020-07-15,0 days 15:57:36.590109,271475,55.3,55.28,200,421,-643,1737
957,EIX,2020-07-15,0 days 15:57:40.599828,272118,55.3,55.29,200,674,3987,-643
958,EIX,2020-07-15,0 days 15:57:41.601998,271505,55.31,55.29,400,794,-613,3987
959,EIX,2020-07-15,0 days 15:57:42.604220,272118,55.31,55.29,400,794,4187,-613
960,EIX,2020-07-15,0 days 15:57:53.630996,272118,55.32,55.3,200,800,2487,-1213
961,EIX,2020-07-15,0 days 15:58:43.751375,277942,55.3,55.29,772,114,-1679,2921
962,EIX,2020-07-15,0 days 15:58:44.753351,277421,55.3,55.28,572,300,521,-1679
963,EIX,2020-07-15,0 days 15:59:58.931178,299976,55.31,55.26,200,600,-7222,147
964,ELAN,2020-07-15,0 days 15:55:00.213159,182669,24.11,24.1,7772,2995,5917,-8009
965,ELAN,2020-07-15,0 days 15:55:28.281034,188491,24.09,24.08,1802,5173,-965,335
966,ELAN,2020-07-15,0 days 15:55:29.283161,188156,24.09,24.08,1802,5180,335,-965
967,ELAN,2020-07-15,0 days 15:55:35.297840,188491,24.09,24.08,1302,5491,-65,335
968,ELAN,2020-07-15,0 days 15:55:36.300789,188256,24.09,24.08,1602,3191,235,-65
969,ELAN,2020-07-15,0 days 15:55:42.314964,190891,24.09,24.08,1338,4476,-1023,235
970,ELAN,2020-07-15,0 days 15:56:12.387081,194536,24.11,24.1,1518,3615,1331,-869
971,ELAN,2020-07-15,0 days 15:56:13.389428,193967,24.11,24.1,1697,3615,-569,1331
972,ELAN,2020-07-15,0 days 15:58:44.753351,223908,24.09,24.08,8773,4206,1429,-1593
973,ELAN,2020-07-15,0 days 15:58:45.755476,220837,24.09,24.08,8473,3606,-3071,1429
974,ELAN,2020-07-15,0 days 15:58:54.777079,217737,24.07,24.06,7926,1001,-2558,642
975,EMR,2020-07-15,0 days 15:56:07.295174,236899,63.7,63.69,264,400,238,-127
976,EMR,2020-07-15,0 days 15:56:08.297360,235437,63.71,63.69,311,861,-1462,238
977,EMR,2020-07-15,0 days 15:56:30.350357,236899,63.73,63.71,400,535,64,-812
978,EMR,2020-07-15,0 days 15:56:31.353026,235563,63.73,63.72,743,100,-1336,64
979,EMR,2020-07-15,0 days 15:56:58.418191,236983,63.72,63.71,1545,832,280,-920
980,EMR,2020-07-15,0 days 15:56:59.420154,235863,63.72,63.71,1545,732,-1120,280
981,EMR,2020-07-15,0 days 15:58:53.697985,249504,63.63,63.62,200,400,536,-301
982,EMR,2020-07-15,0 days 15:58:54.700526,247540,63.63,63.62,400,600,-1964,536
983,EMR,2020-07-15,0 days 15:59:04.726408,250208,63.63,63.62,502,431,229,-918
984,EMR,2020-07-15,0 days 15:59:13.749655,245199,63.67,63.66,100,100,-5408,13944
985,EMR,2020-07-15,0 days 15:59:14.750267,250607,63.67,63.66,200,410,192,-5408
986,EMR,2020-07-15,0 days 15:59:16.754631,251199,63.67,63.66,174,400,-188,592
987,EMR,2020-07-15,0 days 15:59:17.758208,251387,63.67,63.66,174,400,220,-188
988,EMR,2020-07-15,0 days 15:59:19.763959,251607,63.67,63.65,572,500,-1676,220
989,EMR,2020-07-15,0 days 15:59:20.765011,253283,63.66,63.65,350,400,5912,-1676
990,EMR,2020-07-15,0 days 15:59:21.768003,251395,63.67,63.65,572,938,-1888,5912
991,EMR,2020-07-15,0 days 15:59:22.769390,253283,63.67,63.65,572,856,412,-1888
992,EMR,2020-07-15,0 days 15:59:27.782262,253695,63.67,63.66,885,200,-1254,412
993,EMR,2020-07-15,0 days 15:59:28.783354,254949,63.67,63.66,571,438,246,-1254
994,EMR,2020-07-15,0 days 15:59:34.798105,251895,63.67,63.65,471,900,-3054,4146
995,EMR,2020-07-15,0 days 15:59:35.800561,254997,63.65,63.64,561,600,1398,-3054
996,EMR,2020-07-15,0 days 15:59:43.819723,256195,63.65,63.64,371,200,-587,723
997,EMR,2020-07-15,0 days 15:59:46.827304,260792,63.66,63.64,300,800,1603,-597
998,EMR,2020-07-15,0 days 15:59:48.831339,263095,63.65,63.64,200,100,-61,490
999,EMR,2020-07-15,0 days 15:59:49.833535,263256,63.66,63.64,400,535,1039,-61
1000,EMR,2020-07-15,0 days 15:59:50.836859,262595,63.65,63.63,300,400,-561,1039
1001,EMR,2020-07-15,0 days 15:59:57.852527,262695,63.63,63.6,100,100,-461,3439
1002,ENB,2020-07-15,0 days 15:59:07.780302,47291,31.01,31.0,4261,3371,323,-277
1003,ENB,2020-07-15,0 days 15:59:08.783326,46914,31.01,31.0,4158,3871,-377,323
1004,ENB,2020-07-15,0 days 15:59:39.855611,48791,31.01,31.0,4932,3608,3323,-477
1005,ENBL,2020-07-15,0 days 15:59:47.773528,43905,4.4,4.39,2978,700,1124,-2142
1006,ENBL,2020-07-15,0 days 15:59:48.776428,42929,4.4,4.39,2736,600,-976,1124
1007,EOG,2020-07-15,0 days 15:55:00.179649,286851,47.41,47.4,506,618,-47418,48103
1008,EOG,2020-07-15,0 days 15:55:43.283795,310569,47.33,47.32,500,200,1281,-9041
1009,EOG,2020-07-15,0 days 15:57:34.552452,315431,47.39,47.38,1135,605,-1422,678
1010,EOG,2020-07-15,0 days 15:57:35.555200,314053,47.4,47.39,600,800,1378,-1422
1011,EOG,2020-07-15,0 days 15:57:36.557583,315431,47.4,47.39,100,1300,-1822,1378
1012,EOG,2020-07-15,0 days 15:57:37.559822,314653,47.4,47.39,200,1000,778,-1822
1013,EOG,2020-07-15,0 days 15:57:39.564433,315431,47.41,47.4,440,300,-322,778
1014,EOG,2020-07-15,0 days 15:57:40.566648,314753,47.4,47.39,400,921,678,-322
1015,EOG,2020-07-15,0 days 15:57:46.581193,315438,47.44,47.43,201,700,-1197,3285
1016,EOG,2020-07-15,0 days 15:57:54.600467,315438,47.43,47.42,380,3212,-210,490
1017,EOG,2020-07-15,0 days 15:57:55.603108,314948,47.43,47.42,1100,2612,490,-210
1018,EOG,2020-07-15,0 days 15:58:17.659499,315788,47.43,47.42,832,200,-3215,85
1019,EOG,2020-07-15,0 days 15:58:20.664685,315703,47.41,47.4,100,1400,85,-3215
1020,EOG,2020-07-15,0 days 15:59:21.812670,331181,47.47,47.45,700,700,2167,-319
1021,EOG,2020-07-15,0 days 15:59:22.815003,333348,47.47,47.46,100,300,-4533,2167
1022,EOG,2020-07-15,0 days 15:59:23.816502,337881,47.47,47.46,212,500,3467,-4533
1023,EOG,2020-07-15,0 days 15:59:24.819492,337548,47.48,47.47,500,300,-333,3467
1024,EOG,2020-07-15,0 days 15:59:29.831610,337981,47.49,47.48,459,425,167,-333
1025,EOG,2020-07-15,0 days 15:59:30.833941,337748,47.49,47.48,859,225,-233,167
1026,EOG,2020-07-15,0 days 15:59:37.849948,339628,47.49,47.48,1000,455,20,-180
1027,EOG,2020-07-15,0 days 15:59:38.853013,339648,47.49,47.48,1300,455,-180,20
1028,EQH,2020-07-15,0 days 15:57:36.464207,189189,20.57,20.56,402,2790,-299,1401
1029,EQH,2020-07-15,0 days 15:57:37.466539,187788,20.57,20.56,302,2400,1301,-299
1030,EQH,2020-07-15,0 days 15:57:42.469794,188588,20.57,20.56,200,2758,601,-699
1031,EQH,2020-07-15,0 days 15:58:15.551367,190751,20.56,20.55,852,2601,-37,863
1032,EQH,2020-07-15,0 days 15:58:16.553592,189988,20.56,20.55,1452,2401,763,-37
1033,EQH,2020-07-15,0 days 15:59:01.667359,191614,20.59,20.58,817,2118,-651,961
1034,EQH,2020-07-15,0 days 15:59:02.669477,191643,20.59,20.58,1217,1118,985,-651
1035,EQH,2020-07-15,0 days 15:59:04.674811,192728,20.59,20.58,300,2933,-621,1742
1036,EQH,2020-07-15,0 days 15:59:23.719090,209328,20.57,20.56,2150,2000,-1402,1798
1037,EQH,2020-07-15,0 days 15:59:27.728351,210730,20.57,20.56,1884,2200,1103,-2
1038,EQH,2020-07-15,0 days 15:59:28.730509,209533,20.57,20.56,1284,1900,-1197,1103
1039,EQH,2020-07-15,0 days 15:59:37.753010,213086,20.57,20.56,2758,2610,1547,-3553
1040,EQH,2020-07-15,0 days 15:59:38.757379,212133,20.57,20.56,3042,2000,-953,1547
1041,EQH,2020-07-15,0 days 15:59:43.767684,213086,20.56,20.55,4341,1104,253,-953
1042,EQH,2020-07-15,0 days 15:59:48.779747,212869,20.57,20.56,1434,1111,-217,336
1043,EQNR,2020-07-15,0 days 15:59:06.714222,29265,15.31,15.3,16502,19806,1484,-1285
1044,EQT,2020-07-15,0 days 15:59:15.698879,334629,12.73,12.72,10724,2301,-9606,4032
1045,EQT,2020-07-15,0 days 15:59:16.701991,323235,12.73,12.72,8137,400,11394,-9606
1046,EQT,2020-07-15,0 days 15:59:44.770947,350163,12.74,12.73,100,6200,-186,3323
1047,ERJ,2020-07-15,0 days 15:58:46.730651,32975,6.48,6.47,17407,4600,3867,-1747
1048,ERJ,2020-07-15,0 days 15:58:47.733326,26742,6.48,6.47,17053,4600,-6233,3867
1049,ERJ,2020-07-15,0 days 15:59:04.775503,34728,6.48,6.47,17541,2859,1920,-1186
1050,ERJ,2020-07-15,0 days 15:59:05.778070,34048,6.48,6.47,19341,1700,-680,1920
1051,EROS,2020-07-15,0 days 15:57:07.519958,76141,3.26,3.25,15699,3205,440,-700
1052,EROS,2020-07-15,0 days 15:57:08.522869,74281,3.26,3.25,16259,3505,-1860,440
1053,EROS,2020-07-15,0 days 15:59:46.904834,88383,3.25,3.24,11927,12263,-1837,3614
1054,ESTC,2020-07-15,0 days 15:59:12.689717,136996,89.9,89.8,150,100,-45579,12264
1055,ET,2020-07-15,0 days 15:55:00.641235,495450,6.68,6.67,30018,72340,-113207,95339
1056,ETN,2020-07-15,0 days 15:57:49.486793,281219,93.43,93.41,795,1202,-3583,1217
1057,ETN,2020-07-15,0 days 15:57:50.489431,276102,93.41,93.4,200,1127,5117,-3583
1058,ETN,2020-07-15,0 days 15:57:56.503868,281219,93.4,93.39,199,100,-1483,1217
1059,ETN,2020-07-15,0 days 15:57:57.507955,276502,93.4,93.39,487,200,4717,-1483
1060,ETN,2020-07-15,0 days 15:59:08.685135,293369,93.33,93.31,333,400,-6135,1408
1061,ETN,2020-07-15,0 days 15:59:09.686801,289504,93.34,93.32,300,500,3665,-6135
1062,ETN,2020-07-15,0 days 15:59:13.699375,293675,93.34,93.32,200,263,-30098,3931
1063,ETN,2020-07-15,0 days 15:59:14.698339,291873,93.34,93.32,400,300,1602,-30098
1064,ETN,2020-07-15,0 days 15:59:15.698793,293475,93.34,93.33,910,100,-9007,1602
1065,ETN,2020-07-15,0 days 15:59:16.701869,291024,93.31,93.28,200,400,3754,-9007
1066,ETN,2020-07-15,0 days 15:59:17.704821,294002,93.34,93.31,500,200,-822,3754
1067,ETN,2020-07-15,0 days 15:59:18.707219,293224,93.34,93.32,200,300,578,-822
1068,ETN,2020-07-15,0 days 15:59:20.712164,293802,93.34,93.32,100,400,-10552,358
1069,ETRN,2020-07-15,0 days 15:59:18.833852,1146783,9.68,9.67,10509,1300,-89050,9639
1070,ETRN,2020-07-15,0 days 15:59:19.837315,1139578,9.66,9.65,4300,3424,7205,-89050
1071,ETRN,2020-07-15,0 days 15:59:28.857457,1144042,9.67,9.66,7109,531,4130,-2470
1072,ETRN,2020-07-15,0 days 15:59:36.877422,1156172,9.66,9.65,5713,2091,-33010,5230
1073,EVRG,2020-07-15,0 days 15:59:31.791714,257574,61.29,61.27,300,117,89,-1735
1074,EVRG,2020-07-15,0 days 15:59:37.805341,254597,61.34,61.31,400,100,-2995,10820
1075,EW,2020-07-15,0 days 15:56:30.430597,282233,72.51,72.5,404,466,-8504,6706
1076,EW,2020-07-15,0 days 15:56:32.436035,277637,72.51,72.49,804,628,4596,-1504
1077,EW,2020-07-15,0 days 15:56:52.483765,282233,72.49,72.46,2200,200,-135,3795
1078,EW,2020-07-15,0 days 15:56:59.500458,279468,72.47,72.46,2315,300,2765,-9735
1079,EW,2020-07-15,0 days 15:57:36.590244,282233,72.48,72.45,700,1000,-382,1018
1080,EW,2020-07-15,0 days 15:57:37.592603,280315,72.49,72.47,313,700,1918,-382
1081,EW,2020-07-15,0 days 15:57:55.635960,282233,72.51,72.49,210,300,-1382,1418
1082,EW,2020-07-15,0 days 15:57:56.638405,280315,72.51,72.49,110,600,1918,-1382
1083,EW,2020-07-15,0 days 15:58:25.708098,282689,72.46,72.44,200,100,-740,3660
1084,EW,2020-07-15,0 days 15:58:26.709767,280929,72.46,72.43,100,200,1760,-740
1085,EW,2020-07-15,0 days 15:59:15.829357,286979,72.48,72.43,708,500,-4088,420
1086,EW,2020-07-15,0 days 15:59:16.831710,286267,72.48,72.43,600,500,712,-4088
1087,EW,2020-07-15,0 days 15:59:17.833926,286979,72.48,72.43,600,500,-6120,712
1088,F,2020-07-15,0 days 15:59:44.899035,1719598,6.74,6.73,503223,469653,-14760,8117
1089,F,2020-07-15,0 days 15:59:45.900642,1710858,6.74,6.73,501900,538574,8740,-14760
1090,F,2020-07-15,0 days 15:59:46.902704,1719598,6.74,6.73,486900,538574,-3083,8740
1091,F,2020-07-15,0 days 15:59:48.905883,1711581,6.74,6.73,488597,537174,8017,-3083
1092,FBP,2020-07-15,0 days 15:55:00.213278,501839,5.69,5.68,5940,4626,-832,72046
1093,FBP,2020-07-15,0 days 15:55:19.259048,502671,5.69,5.68,6793,4240,1971,-829
1094,FBP,2020-07-15,0 days 15:55:20.261201,501842,5.69,5.68,5993,3740,-829,1971
1095,FBP,2020-07-15,0 days 15:57:39.597864,509336,5.69,5.68,3500,7350,292,-1908
1096,FBP,2020-07-15,0 days 15:57:40.599893,507928,5.69,5.68,1900,7652,-1308,292
1097,FBP,2020-07-15,0 days 15:59:12.823175,523077,5.68,5.67,6928,5628,-2015,1085
1098,FCAU,2020-07-15,0 days 15:56:52.450519,37525,10.43,10.42,9663,23846,-25,378
1099,FCAU,2020-07-15,0 days 15:57:56.605666,35745,10.43,10.42,25928,5314,1689,-116
1100,FCAU,2020-07-15,0 days 15:59:05.778158,37734,10.43,10.42,28411,5917,-116,454
1101,FCAU,2020-07-15,0 days 15:59:16.799615,37380,10.43,10.42,31286,5922,54,-516
1102,FCAU,2020-07-15,0 days 15:59:19.807693,37734,10.43,10.42,30861,4972,-108,54
1103,FCAU,2020-07-15,0 days 15:59:27.826324,37842,10.43,10.42,30386,9477,1709,-108
1104,FCX,2020-07-15,0 days 15:59:16.754697,484796,13.55,13.54,69144,15832,-13138,42497
1105,FE,2020-07-15,0 days 15:55:27.248202,500888,40.85,40.84,700,2212,-640,22860
1106,FE,2020-07-15,0 days 15:55:28.250956,501528,40.85,40.84,600,2212,360,-640
1107,FE,2020-07-15,0 days 15:55:43.287417,503088,40.85,40.84,664,3700,-10794,360
1108,FE,2020-07-15,0 days 15:55:44.289921,495482,40.85,40.84,1164,3600,6506,-10794
1109,FE,2020-07-15,0 days 15:59:28.831881,526213,40.87,40.86,484,2472,-2866,9
1110,FHN,2020-07-15,0 days 15:55:00.131844,391917,9.41,9.4,6353,30722,-3249,7881
1111,FHN,2020-07-15,0 days 15:55:02.137114,392766,9.38,9.37,8718,14038,586,-3249
1112,FHN,2020-07-15,0 days 15:57:31.498190,392824,9.37,9.36,8100,22376,9887,-3087
1113,FHN,2020-07-15,0 days 15:57:43.527437,411937,9.37,9.36,4700,26483,-3622,12952
1114,FHN,2020-07-15,0 days 15:57:46.534971,389759,9.38,9.37,13039,8846,12952,-5048
1115,FHN,2020-07-15,0 days 15:57:47.539068,402711,9.38,9.37,13057,9946,-3248,12952
1116,FHN,2020-07-15,0 days 15:57:48.539666,389759,9.38,9.37,14354,6407,12952,-3248
1117,FHN,2020-07-15,0 days 15:57:55.556178,402711,9.38,9.37,13804,9732,-12548,12952
1118,FHN,2020-07-15,0 days 15:57:56.558520,389759,9.38,9.37,13910,11832,12952,-12548
1119,FHN,2020-07-15,0 days 15:57:59.566609,402711,9.38,9.37,12810,12332,-12548,12952
1120,FHN,2020-07-15,0 days 15:58:00.570654,389059,9.38,9.37,13110,13032,13652,-12548
1121,FHN,2020-07-15,0 days 15:59:17.758304,438746,9.35,9.34,15414,18308,-1928,2980
1122,FHN,2020-07-15,0 days 15:59:18.760130,433268,9.35,9.34,14614,17808,5478,-1928
1123,FHN,2020-07-15,0 days 15:59:23.771727,440958,9.36,9.35,16921,18886,2258,-6942
1124,FHN,2020-07-15,0 days 15:59:27.782354,443216,9.36,9.35,17402,20086,-599,2258
1125,FIS,2020-07-15,0 days 15:59:17.802411,674527,140.04,140.01,220,300,117213,-10014
1126,FIT,2020-07-15,0 days 15:55:56.345306,192370,6.95,6.94,61551,65449,21250,-35070
1127,FIT,2020-07-15,0 days 15:55:57.346880,186820,6.95,6.94,60601,65094,-5550,21250
1128,FIT,2020-07-15,0 days 15:59:18.834290,208485,6.94,6.93,49799,51619,1382,-4689
1129,FIT,2020-07-15,0 days 15:59:19.837760,204687,6.94,6.93,49456,51519,-3798,1382
1130,FL,2020-07-15,0 days 15:55:51.304191,77719,29.13,29.12,400,300,-1303,407
1131,FL,2020-07-15,0 days 15:55:52.305660,77422,29.14,29.12,400,701,297,-1303
1132,FL,2020-07-15,0 days 15:56:11.352116,77719,29.13,29.11,600,472,-3625,275
1133,FL,2020-07-15,0 days 15:56:31.399758,85867,29.11,29.1,400,507,362,-5238
1134,FL,2020-07-15,0 days 15:57:51.593722,94494,29.14,29.13,760,504,-51,1349
1135,FL,2020-07-15,0 days 15:57:52.595730,93445,29.13,29.12,762,105,1049,-51
1136,FL,2020-07-15,0 days 15:58:32.693816,93428,29.15,29.14,200,501,534,-2666
1137,FL,2020-07-15,0 days 15:58:47.730828,93806,29.13,29.12,959,100,856,-144
1138,FL,2020-07-15,0 days 15:59:08.783326,96114,29.13,29.11,806,600,-117,259
1139,FL,2020-07-15,0 days 15:59:51.885336,98047,29.14,29.12,100,100,2381,-1519
1140,FL,2020-07-15,0 days 15:59:53.889589,99728,29.17,29.15,100,100,-1319,2381
1141,FL,2020-07-15,0 days 15:59:56.893929,98047,29.16,29.12,200,100,2381,-1319
1142,FL,2020-07-15,0 days 15:59:57.897217,99728,29.16,29.12,200,100,-1519,2381
1143,FLS,2020-07-15,0 days 15:56:31.353026,63318,30.7,30.69,242,301,-70,373
1144,FLS,2020-07-15,0 days 15:56:32.355541,62388,30.7,30.69,338,568,1021,-70
1145,FLS,2020-07-15,0 days 15:58:58.710757,68649,30.67,30.66,100,100,-53,847
1146,FLS,2020-07-15,0 days 15:59:01.718388,66209,30.66,30.65,659,100,4729,-321
1147,FLS,2020-07-15,0 days 15:59:02.720652,70938,30.67,30.65,619,100,-4806,4729
1148,FLS,2020-07-15,0 days 15:59:03.723462,70044,30.67,30.64,519,900,894,-4806
1149,FLS,2020-07-15,0 days 15:59:04.726408,70938,30.67,30.65,219,300,-926,894
1150,FLS,2020-07-15,0 days 15:59:05.728813,68564,30.67,30.65,219,300,2374,-926
1151,FLS,2020-07-15,0 days 15:59:10.741474,70938,30.67,30.65,404,100,-2650,774
1152,FLS,2020-07-15,0 days 15:59:11.743044,67288,30.67,30.65,404,200,3650,-2650
1153,FLS,2020-07-15,0 days 15:59:22.769390,72364,30.69,30.67,200,300,-424,1776
1154,FLS,2020-07-15,0 days 15:59:23.771643,71688,30.69,30.67,300,300,676,-424
1155,FLS,2020-07-15,0 days 15:59:40.813471,72364,30.69,30.68,200,400,-83,93
1156,FLS,2020-07-15,0 days 15:59:47.830073,72343,30.7,30.69,600,300,18,-882
1157,FNB,2020-07-15,0 days 15:58:44.178811,183630,7.54,7.53,13232,10917,-16756,3098
1158,FNB,2020-07-15,0 days 15:58:45.180598,179286,7.54,7.53,13232,11932,4344,-16756
1159,FNF,2020-07-15,0 days 15:55:39.228048,126965,32.2,32.19,800,1400,19,-2245
1160,FNF,2020-07-15,0 days 15:56:07.295348,126984,32.26,32.25,500,1470,-337,19
1161,FNF,2020-07-15,0 days 15:56:36.365788,127321,32.24,32.23,629,1900,12746,-54
1162,FNF,2020-07-15,0 days 15:56:37.367499,124567,32.26,32.25,1200,200,-2754,12746
1163,FNF,2020-07-15,0 days 15:58:53.698144,139109,32.21,32.19,1700,800,138,-424
1164,FNF,2020-07-15,0 days 15:59:00.716898,135636,32.2,32.19,500,650,-3473,727
1165,FNF,2020-07-15,0 days 15:59:05.729086,139303,32.18,32.17,639,800,757,-4185
1166,FNF,2020-07-15,0 days 15:59:10.741663,136336,32.2,32.19,1600,100,-4338,10233
1167,FNF,2020-07-15,0 days 15:59:12.746808,140674,32.19,32.18,900,600,1819,-538
1168,FNF,2020-07-15,0 days 15:59:14.750453,139327,32.2,32.19,1000,500,-1347,2153
1169,FNF,2020-07-15,0 days 15:59:27.782437,138339,32.18,32.17,100,500,-2709,1665
1170,FTCH,2020-07-15,0 days 15:55:12.671498,95731,20.89,20.88,411,1459,1063,-2637
1171,FTCH,2020-07-15,0 days 15:57:27.998483,104070,20.88,20.87,1304,608,1378,-1122
1172,FTCH,2020-07-15,0 days 15:59:06.233212,107423,20.88,20.87,200,1100,-2162,3338
1173,FTCH,2020-07-15,0 days 15:59:07.235187,106085,20.88,20.87,200,1000,1338,-2162
1174,GDDY,2020-07-15,0 days 15:57:39.500527,121581,72.26,72.25,100,300,-272,228
1175,GDDY,2020-07-15,0 days 15:57:45.514468,121591,72.29,72.27,200,478,-562,128
1176,GDDY,2020-07-15,0 days 15:57:46.516601,121053,72.29,72.27,201,478,538,-562
1177,GDDY,2020-07-15,0 days 15:58:44.659109,121694,72.24,72.21,307,210,-356,518
1178,GDDY,2020-07-15,0 days 15:58:56.688687,121410,72.25,72.22,201,413,284,-416
1179,GDDY,2020-07-15,0 days 15:59:00.699099,121679,72.24,72.22,561,311,-348,292
1180,GDDY,2020-07-15,0 days 15:59:01.701256,121527,72.24,72.22,461,201,152,-348
1181,GDDY,2020-07-15,0 days 15:59:03.706199,121172,72.25,72.22,103,100,-355,152
1182,GDDY,2020-07-15,0 days 15:59:04.708716,121828,72.25,72.23,103,761,244,-355
1183,GDDY,2020-07-15,0 days 15:59:19.745407,126211,72.2,72.18,200,200,-341,483
1184,GDDY,2020-07-15,0 days 15:59:21.750893,126007,72.2,72.18,200,300,204,-3696
1185,GDDY,2020-07-15,0 days 15:59:36.787260,128948,72.21,72.19,600,200,-2272,2928
1186,GDDY,2020-07-15,0 days 15:59:37.789129,128420,72.2,72.18,100,340,528,-2272
1187,GE,2020-07-15,0 days 15:59:21.711429,2740168,7.15,7.14,102901,272889,77895,-48105
1188,GE,2020-07-15,0 days 15:59:23.715905,2818063,7.15,7.14,100701,259489,-605,6495
1189,GES,2020-07-15,0 days 15:58:11.649537,67167,9.99,9.98,853,636,-530,1715
1190,GES,2020-07-15,0 days 15:58:12.646296,65697,9.99,9.98,1353,236,1470,-530
1191,GES,2020-07-15,0 days 15:58:25.678975,67167,10.0,9.99,600,943,-1530,1470
1192,GES,2020-07-15,0 days 15:58:26.679698,65997,10.0,9.99,900,734,1170,-1530
1193,GES,2020-07-15,0 days 15:58:45.725074,67167,10.0,9.99,112,801,-640,970
1194,GES,2020-07-15,0 days 15:58:46.727772,64607,10.0,9.99,368,701,2560,-640
1195,GES,2020-07-15,0 days 15:59:05.778158,67457,10.0,9.99,505,1114,-2043,139
1196,GES,2020-07-15,0 days 15:59:06.777222,67000,10.0,9.99,438,914,457,-2043
1197,GES,2020-07-15,0 days 15:59:19.807693,67457,10.0,9.99,1200,994,-2408,233
1198,GES,2020-07-15,0 days 15:59:40.859018,72265,10.01,9.99,805,1426,75,-508
1199,GFI,2020-07-15,0 days 15:59:23.771854,111375,11.1,11.09,1074,61623,-2167,1333
1200,GIS,2020-07-15,0 days 15:55:40.213391,243991,64.61,64.59,865,800,20799,-4579
1201,GIS,2020-07-15,0 days 15:55:41.216300,241790,64.61,64.59,850,901,-2201,20799
1202,GIS,2020-07-15,0 days 15:56:39.355110,266379,64.61,64.6,614,920,211,-1859
1203,GIS,2020-07-15,0 days 15:58:14.587005,272549,64.6,64.59,602,851,3570,-1610
1204,GIS,2020-07-15,0 days 15:58:15.589342,269219,64.6,64.59,602,851,-3330,3570
1205,GIS,2020-07-15,0 days 15:58:58.694204,273123,64.64,64.63,100,1148,1383,-1226
1206,GIS,2020-07-15,0 days 15:58:59.696002,270206,64.64,64.63,276,1148,-2317,1383
1207,GIS,2020-07-15,0 days 15:59:05.711861,264698,64.63,64.62,850,300,-10083,7587
1208,GIS,2020-07-15,0 days 15:59:15.735559,277895,64.62,64.61,575,838,7506,-1410
1209,GIS,2020-07-15,0 days 15:59:31.775045,276189,64.6,64.59,100,750,2887,-213
1210,GIS,2020-07-15,0 days 15:59:32.776798,276176,64.6,64.59,530,131,-13,2887
1211,GIS,2020-07-15,0 days 15:59:34.782413,276237,64.61,64.6,1352,400,2739,-2161
1212,GIS,2020-07-15,0 days 15:59:36.787326,279276,64.6,64.59,100,1249,-30,39
1213,GIS,2020-07-15,0 days 15:59:38.792507,279121,64.6,64.59,500,1225,155,-30
1214,GIS,2020-07-15,0 days 15:59:40.797609,279076,64.59,64.58,950,395,-45,14955
1215,GIS,2020-07-15,0 days 15:59:44.808333,279121,64.59,64.58,341,1076,155,-45
1216,GIS,2020-07-15,0 days 15:59:45.807776,279176,64.59,64.58,341,1137,-720,155
1217,GLW,2020-07-15,0 days 15:59:15.801080,382492,28.04,28.03,2765,6198,12748,-4597
1218,GLW,2020-07-15,0 days 15:59:16.803761,378363,28.05,28.04,6088,5924,-4129,12748
1219,GLW,2020-07-15,0 days 15:59:19.811705,383092,28.05,28.04,7088,5049,1051,-3523
1220,GLW,2020-07-15,0 days 15:59:20.813032,382899,28.05,28.04,11239,2500,-849,1051
1221,GLW,2020-07-15,0 days 15:59:21.815838,384348,28.06,28.05,4050,7888,14207,-849
1222,GLW,2020-07-15,0 days 15:59:46.876099,392925,28.07,28.06,5612,9759,-2399,619
1223,GM,2020-07-15,0 days 15:55:00.131769,843335,26.94,26.93,810,7655,-9803,9257
1224,GM,2020-07-15,0 days 15:55:49.252014,862831,26.94,26.93,8851,3224,162,-13738
1225,GM,2020-07-15,0 days 15:56:11.304374,864230,26.95,26.94,9331,2295,-1904,342
1226,GM,2020-07-15,0 days 15:58:13.602831,872071,26.91,26.9,3557,9063,-15108,1670
1227,GM,2020-07-15,0 days 15:58:26.632615,888368,26.93,26.92,6805,7590,7631,-13280
1228,GM,2020-07-15,0 days 15:58:27.635258,886699,26.93,26.92,7152,8190,-1669,7631
1229,GM,2020-07-15,0 days 15:58:42.671085,888368,26.93,26.92,5310,9353,3656,-13
1230,GM,2020-07-15,0 days 15:58:51.692814,887424,26.93,26.92,4774,9066,-944,756
1231,GM,2020-07-15,0 days 15:59:02.720684,910554,26.93,26.92,6382,8545,8797,-16600
1232,GM,2020-07-15,0 days 15:59:03.723509,906951,26.93,26.92,3074,10523,-3603,8797
1233,GM,2020-07-15,0 days 15:59:10.741505,975918,26.9,26.89,800,17668,121,-2939
1234,GM,2020-07-15,0 days 15:59:11.743073,968739,26.9,26.89,2000,15068,-7179,121
1235,GM,2020-07-15,0 days 15:59:19.764008,982907,26.91,26.9,6984,5625,14561,-31668
1236,GM,2020-07-15,0 days 15:59:20.765011,974868,26.91,26.9,5684,10572,-14257,14561
1237,GM,2020-07-15,0 days 15:59:47.830127,1017734,26.9,26.89,14029,7585,4201,-1389
1238,GME,2020-07-15,0 days 15:55:51.211916,63451,4.19,4.18,2219,10591,3677,-3213
1239,GME,2020-07-15,0 days 15:57:28.444845,74230,4.19,4.18,8363,6810,-4521,4974
1240,GME,2020-07-15,0 days 15:58:56.654208,69321,4.19,4.18,10727,6736,3520,-1564
1241,GME,2020-07-15,0 days 15:59:01.667315,75156,4.19,4.18,10827,2867,-265,3520
1242,GME,2020-07-15,0 days 15:59:04.674778,70160,4.19,4.18,10827,4157,2480,-2020
1243,GNW,2020-07-15,0 days 15:59:14.698437,326210,2.24,2.23,39691,33427,-1918,4155
