,Symbol,Timestamp,TIME,iPaired,Ask_P,Bid_P,Ask_S,Bid_S,iShares,PreviShares
0,AA,2020-08-31,0 days 15:59:17.236322,347433,14.67,14.66,6104,16129,44583,-11116
1,AA,2020-08-31,0 days 15:59:18.234114,340516,14.68,14.67,6486,26905,-6917,44583
2,AA,2020-08-31,0 days 15:59:29.234540,360327,14.67,14.66,19456,13000,1938,-17862
3,AA,2020-08-31,0 days 15:59:33.233931,354470,14.66,14.65,22791,13223,-4857,3143
4,AA,2020-08-31,0 days 15:59:43.234592,359894,14.65,14.64,24533,20923,425,-327
5,AA,2020-08-31,0 days 15:59:47.234777,357300,14.65,14.64,18963,23335,-6846,12443
6,ABBV,2020-08-31,0 days 15:59:05.265657,1787757,95.7,95.69,610,3761,238801,-132115
7,ABT,2020-08-31,0 days 15:55:00.283666,871123,109.64,109.63,280,200,2452,-11121
8,ABT,2020-08-31,0 days 15:55:23.286087,878439,109.54,109.53,387,500,-20722,9388
9,ABT,2020-08-31,0 days 15:55:24.286131,872761,109.52,109.51,706,200,5678,-20722
10,ABT,2020-08-31,0 days 15:59:10.299013,904213,109.76,109.75,600,267,3976,-11772
11,ABT,2020-08-31,0 days 15:59:13.297240,939655,109.69,109.67,132,447,-10042,3224
12,ACB,2020-08-31,0 days 15:59:38.255277,21151,9.82,9.81,6609,6042,-287,1716
13,ACB,2020-08-31,0 days 15:59:40.256805,21438,9.82,9.81,6509,6142,816,-287
14,ACB,2020-08-31,0 days 15:59:41.256499,21151,9.82,9.81,6309,6092,-287,816
15,ADM,2020-08-31,0 days 15:55:00.246402,488106,44.94,44.93,2774,300,3452,-33849
16,ADM,2020-08-31,0 days 15:55:38.247524,491582,44.83,44.82,2600,805,-206,285
17,ADM,2020-08-31,0 days 15:55:39.247087,491388,44.83,44.82,3000,705,194,-206
18,ADM,2020-08-31,0 days 15:55:45.247432,491582,44.83,44.82,4371,200,-906,194
19,ADM,2020-08-31,0 days 15:55:48.247478,508616,44.84,44.83,3205,1465,6416,-2734
20,ADM,2020-08-31,0 days 15:56:30.248202,503406,44.82,44.81,4941,1335,-10680,1020
21,ADM,2020-08-31,0 days 15:56:31.248440,502586,44.8,44.79,2398,1692,820,-10680
22,ADM,2020-08-31,0 days 15:57:39.250223,516216,44.82,44.81,1912,1282,-1368,2232
23,ADM,2020-08-31,0 days 15:57:40.250354,515284,44.82,44.81,2923,1383,932,-1368
24,ADM,2020-08-31,0 days 15:57:47.252129,516216,44.82,44.81,1275,3775,-1168,932
25,ADM,2020-08-31,0 days 15:57:48.251210,511384,44.82,44.81,1375,2975,4832,-1168
26,ADM,2020-08-31,0 days 15:57:52.251131,516216,44.82,44.81,975,4081,-1585,3615
27,ADM,2020-08-31,0 days 15:57:53.250440,514101,44.82,44.81,1828,3916,2115,-1585
28,ADM,2020-08-31,0 days 15:57:55.252558,516216,44.82,44.81,1854,3916,-785,315
29,ADM,2020-08-31,0 days 15:57:56.250863,515901,44.82,44.81,3510,2265,315,-785
30,ADM,2020-08-31,0 days 15:57:57.250947,516216,44.82,44.81,2090,2818,-885,315
31,ADM,2020-08-31,0 days 15:58:01.253222,503884,44.79,44.78,6069,1582,932,-10185
32,ADM,2020-08-31,0 days 15:58:02.252909,504992,44.79,44.78,5625,1959,-3792,932
33,ADM,2020-08-31,0 days 15:58:07.252608,513568,44.79,44.78,5760,2997,3048,-836
34,ADM,2020-08-31,0 days 15:58:09.252748,516616,44.79,44.78,6159,1947,-112,6648
35,ADM,2020-08-31,0 days 15:58:10.252981,515628,44.79,44.78,6885,1947,988,-112
36,ADM,2020-08-31,0 days 15:58:15.253206,505092,44.79,44.78,5074,1200,-53,871
37,ADM,2020-08-31,0 days 15:58:22.253981,515745,44.79,44.78,2382,4331,971,-2029
38,ADM,2020-08-31,0 days 15:58:25.253104,516416,44.82,44.81,1600,2668,-5429,971
39,ADM,2020-08-31,0 days 15:58:26.254347,509945,44.8,44.79,1500,3082,6771,-5429
40,ADM,2020-08-31,0 days 15:58:27.254229,516416,44.82,44.81,1600,514,-3029,6771
41,ADM,2020-08-31,0 days 15:58:41.253982,516045,44.83,44.82,804,400,371,-629
42,ADM,2020-08-31,0 days 15:58:48.257162,516416,44.83,44.82,1759,2757,-3091,371
43,ADM,2020-08-31,0 days 15:58:56.258030,516416,44.82,44.81,1000,3297,-3629,3171
44,ADM,2020-08-31,0 days 15:59:04.261873,524598,44.84,44.83,2800,1300,52820,-3960
45,ADM,2020-08-31,0 days 15:59:05.256672,577000,44.85,44.84,2181,2744,-55869,52820
46,ADM,2020-08-31,0 days 15:59:06.257098,565821,44.82,44.81,834,4012,11402,-55869
47,ADM,2020-08-31,0 days 15:59:29.255683,578606,44.8,44.79,800,3878,1693,-15007
48,ADM,2020-08-31,0 days 15:59:40.256510,589013,44.8,44.79,2892,4328,-2536,856
49,AEO,2020-08-31,0 days 15:56:20.329051,381415,12.61,12.6,15451,4810,35379,-48921
50,AEO,2020-08-31,0 days 15:56:22.328073,378794,12.62,12.61,18207,13389,-6021,379
51,AEO,2020-08-31,0 days 15:56:58.329218,384815,12.62,12.61,13141,18076,140,-5560
52,AEO,2020-08-31,0 days 15:58:20.335685,391922,12.63,12.62,18976,17918,1444,-536
53,AEO,2020-08-31,0 days 15:58:21.334970,389066,12.63,12.62,17589,19518,-1656,1444
54,AEO,2020-08-31,0 days 15:58:40.335750,397022,12.63,12.62,4040,37398,2538,-3262
55,AEO,2020-08-31,0 days 15:58:41.335782,394560,12.63,12.62,3782,40085,-1262,2538
56,AEO,2020-08-31,0 days 15:59:05.338485,405942,12.64,12.63,2993,31812,5103,-1900
57,AEO,2020-08-31,0 days 15:59:41.339607,434231,12.64,12.63,19311,29784,8487,-3631
58,AEO,2020-08-31,0 days 15:59:42.339280,432418,12.64,12.63,19752,25707,-1813,8487
59,AEO,2020-08-31,0 days 15:59:43.338192,434231,12.64,12.63,19359,25384,2635,-1813
60,AEO,2020-08-31,0 days 15:59:44.340146,433666,12.64,12.63,19891,32386,-565,2635
61,AEO,2020-08-31,0 days 15:59:45.340456,434231,12.64,12.63,18163,29475,12110,-565
62,AEO,2020-08-31,0 days 15:59:46.339067,433341,12.64,12.63,17178,29233,-890,12110
63,AEP,2020-08-31,0 days 15:55:00.285009,421075,78.89,78.88,716,1110,3580,-97066
64,AEP,2020-08-31,0 days 15:57:33.290181,472090,78.95,78.94,922,2829,-1238,4762
65,AEP,2020-08-31,0 days 15:57:34.289462,464428,78.95,78.94,1587,2410,7662,-1238
66,AEP,2020-08-31,0 days 15:59:04.301336,476157,78.96,78.95,1457,3447,-10304,611
67,AEP,2020-08-31,0 days 15:59:05.298024,483393,78.96,78.95,3250,530,3413,-10304
68,AEP,2020-08-31,0 days 15:59:13.297544,488420,78.94,78.93,333,566,-23132,2987
69,AEP,2020-08-31,0 days 15:59:14.298135,482295,78.92,78.91,100,200,6125,-23132
70,AEP,2020-08-31,0 days 15:59:16.297301,488520,78.91,78.89,596,906,-270,26230
71,AEP,2020-08-31,0 days 15:59:20.294535,488790,78.9,78.88,1226,1086,1798,-190
72,AEP,2020-08-31,0 days 15:59:34.285057,492912,78.87,78.85,1416,697,-3846,6384
73,AEP,2020-08-31,0 days 15:59:35.284649,489458,78.87,78.86,1505,677,3581,-3846
74,AES,2020-08-31,0 days 15:55:45.247322,695163,17.77,17.76,14452,4288,41048,-9304
75,AES,2020-08-31,0 days 15:55:46.247427,679741,17.77,17.76,16562,2279,-13722,41048
76,AES,2020-08-31,0 days 15:58:03.252151,726568,17.77,17.76,20873,5893,30974,-3860
77,AES,2020-08-31,0 days 15:59:04.261673,734368,17.78,17.77,7673,15471,6013,-2683
78,AES,2020-08-31,0 days 15:59:05.256434,732381,17.78,17.77,5473,17171,-2089,6013
79,AES,2020-08-31,0 days 15:59:22.254773,755900,17.78,17.77,7631,18966,1112,-1416
80,AFL,2020-08-31,0 days 15:59:36.254660,501018,36.37,36.36,2114,7647,-2063,346
81,AFL,2020-08-31,0 days 15:59:47.255197,502470,36.38,36.37,4021,4513,-929,1286
82,AFL,2020-08-31,0 days 15:59:51.256636,504951,36.36,36.35,10995,100,6653,-13360
83,AG,2020-08-31,0 days 15:58:37.253504,68475,12.47,12.46,33390,27122,-4377,1623
84,AG,2020-08-31,0 days 15:58:38.254032,58107,12.47,12.46,33490,25822,10368,-4377
85,AG,2020-08-31,0 days 15:58:45.254469,73518,12.47,12.46,17455,30974,-5734,10368
86,AG,2020-08-31,0 days 15:58:46.254729,71452,12.46,12.45,42892,14160,2066,-5734
87,AG,2020-08-31,0 days 15:59:34.257598,71928,12.44,12.43,30532,22570,-558,164
88,AG,2020-08-31,0 days 15:59:37.255039,72486,12.44,12.43,34227,18878,1390,-558
89,AG,2020-08-31,0 days 15:59:41.256492,73876,12.44,12.43,25932,28346,-6610,1390
90,AG,2020-08-31,0 days 15:59:42.258764,72386,12.44,12.43,27145,30708,1490,-6610
91,AG,2020-08-31,0 days 15:59:46.257169,73876,12.45,12.44,45998,38863,-3722,1490
92,AIG,2020-08-31,0 days 15:55:33.247936,897126,29.21,29.2,11042,100,-5034,6666
93,AIG,2020-08-31,0 days 15:55:35.247620,891997,29.2,29.19,4551,3706,5129,-771
94,AIG,2020-08-31,0 days 15:56:10.248214,901494,29.17,29.16,3381,3200,-16169,8
95,AIG,2020-08-31,0 days 15:57:05.250523,887048,29.16,29.15,10181,2107,11247,-28753
96,AIG,2020-08-31,0 days 15:57:10.251538,917333,29.16,29.15,2971,7010,-33215,1147
97,AIG,2020-08-31,0 days 15:57:24.248975,911857,29.17,29.16,2496,9066,1314,-3390
98,AIG,2020-08-31,0 days 15:58:05.252775,967627,29.17,29.16,7470,4613,-2878,5026
99,AIG,2020-08-31,0 days 15:58:06.252762,960805,29.17,29.16,8580,4383,6822,-2878
100,AIG,2020-08-31,0 days 15:58:23.254036,966383,29.16,29.15,8398,3856,14442,-9758
101,AIG,2020-08-31,0 days 15:58:35.253914,980825,29.16,29.15,4116,4952,-9158,33569
102,AIG,2020-08-31,0 days 15:58:36.254060,972283,29.16,29.15,7530,1149,8542,-9158
103,AIG,2020-08-31,0 days 15:58:49.254951,960483,29.18,29.17,4926,3100,6448,-4356
104,AIG,2020-08-31,0 days 15:59:03.255587,946760,29.19,29.18,7953,1731,3329,-10594
105,AIG,2020-08-31,0 days 15:59:40.256547,1043100,29.17,29.16,9284,8252,-4709,6658
106,AIG,2020-08-31,0 days 15:59:44.256701,1038651,29.17,29.16,15930,6798,5149,-9669
107,AIG,2020-08-31,0 days 15:59:45.258914,1043800,29.17,29.16,12483,7562,-610,5149
108,AIG,2020-08-31,0 days 15:59:47.256079,1042931,29.17,29.16,7833,8435,869,-11206
109,ALC,2020-08-31,0 days 15:56:23.260333,28711,57.41,57.4,1000,206,-554,2370
110,ALC,2020-08-31,0 days 15:56:24.261852,27965,57.41,57.4,1000,700,746,-554
111,ALK,2020-08-31,0 days 15:56:52.262981,126525,38.95,38.94,1044,1834,388,-112
112,ALK,2020-08-31,0 days 15:57:44.261544,127635,38.95,38.94,700,1007,-789,111
113,ALK,2020-08-31,0 days 15:59:05.265540,133522,38.98,38.97,1355,1021,-8125,240
114,ALK,2020-08-31,0 days 15:59:06.265756,138947,38.97,38.96,706,2455,2075,-8125
115,ALK,2020-08-31,0 days 15:59:28.256957,159185,38.97,38.96,1200,1736,-309,795
116,ALK,2020-08-31,0 days 15:59:29.258151,158294,38.97,38.96,1086,1750,291,-309
117,ALK,2020-08-31,0 days 15:59:41.257846,159285,38.96,38.95,497,2171,-72,3128
118,ALK,2020-08-31,0 days 15:59:42.259889,156957,38.96,38.95,757,1895,1628,-72
119,ALL,2020-08-31,0 days 15:55:00.245615,280050,93.15,93.13,198,400,941,-30658
120,ALL,2020-08-31,0 days 15:55:16.246770,281231,93.07,93.06,808,237,-2463,774
121,ALL,2020-08-31,0 days 15:55:18.246285,280354,93.07,93.06,908,343,877,-2123
122,ALL,2020-08-31,0 days 15:55:33.247868,297461,93.07,93.05,340,100,-713,2887
123,ALL,2020-08-31,0 days 15:55:34.247482,295274,93.07,93.05,240,100,2490,-713
124,ALL,2020-08-31,0 days 15:57:48.251120,309993,93.01,93.0,400,1521,2209,-591
125,ALL,2020-08-31,0 days 15:58:02.252806,312202,93.02,93.01,425,1500,-1191,1997
126,ALL,2020-08-31,0 days 15:58:03.252198,309293,93.02,93.01,425,1384,6891,-1191
127,ALL,2020-08-31,0 days 15:58:06.252606,316296,93.02,93.0,225,765,-297,3291
128,ALL,2020-08-31,0 days 15:58:07.252506,312993,93.02,93.0,571,665,3191,-297
129,ALL,2020-08-31,0 days 15:58:08.252900,316296,93.02,93.0,773,522,-97,3191
130,ALL,2020-08-31,0 days 15:58:10.252874,312983,93.02,93.0,673,522,3201,-687
131,ALL,2020-08-31,0 days 15:59:25.254536,354460,93.11,93.1,330,532,-80,220
132,ALL,2020-08-31,0 days 15:59:29.255569,350970,93.08,93.05,600,400,4384,-2410
133,ALLY,2020-08-31,0 days 15:59:10.340586,1030193,22.94,22.93,12544,22261,-10072,14828
134,ALLY,2020-08-31,0 days 15:59:21.337047,1050193,22.93,22.92,20365,5184,-11862,11038
135,ALLY,2020-08-31,0 days 15:59:43.338217,1010953,22.9,22.89,5194,13644,-2960,19940
136,ALLY,2020-08-31,0 days 15:59:46.339122,1013271,22.9,22.89,4664,19256,-642,20558
137,ALLY,2020-08-31,0 days 15:59:47.338114,1013913,22.9,22.89,1258,22605,1833,-642
138,AM,2020-08-31,0 days 15:59:40.234746,2284102,6.76,6.75,21469,33475,-71453,39824
139,AM,2020-08-31,0 days 15:59:41.234488,2274955,6.76,6.75,37604,25342,9147,-71453
140,AM,2020-08-31,0 days 15:59:45.236557,2284102,6.76,6.75,25306,32773,-3298,8702
141,AM,2020-08-31,0 days 15:59:47.234805,2228783,6.76,6.75,31112,30680,55319,-22298
142,AM,2020-08-31,0 days 15:59:51.238544,2154143,6.78,6.77,61998,75207,-63362,305219
143,AMC,2020-08-31,0 days 15:56:38.287640,124676,5.89,5.88,14046,1713,3603,-12697
144,AMCR,2020-08-31,0 days 15:59:05.256297,2550442,11.07,11.06,29662,64126,-8829,25783
145,AMCR,2020-08-31,0 days 15:59:06.255749,2530871,11.07,11.06,30232,68264,19571,-8829
146,AMCR,2020-08-31,0 days 15:59:40.256461,2558162,11.07,11.06,51231,53916,-22858,13142
147,AMCR,2020-08-31,0 days 15:59:41.256186,2546621,11.07,11.06,51231,51126,11541,-22858
148,AMCR,2020-08-31,0 days 15:59:45.257688,2558162,11.07,11.06,34941,55572,-2459,9541
149,AMCR,2020-08-31,0 days 15:59:47.255242,2504376,11.07,11.06,36224,59648,53786,-20838
150,AMX,2020-08-31,0 days 15:55:00.230157,109256,12.2,12.19,31024,14417,-18204,64039
151,AMX,2020-08-31,0 days 15:55:01.229524,106060,12.2,12.19,32924,14817,3196,-18204
152,AMX,2020-08-31,0 days 15:58:30.236451,109635,12.18,12.17,25961,21995,-598,2702
153,AMX,2020-08-31,0 days 15:58:31.236300,107233,12.18,12.17,26381,25595,2402,-598
154,AMX,2020-08-31,0 days 15:59:15.237005,122373,12.18,12.17,12331,35612,-2207,2193
155,AMX,2020-08-31,0 days 15:59:46.235873,132999,12.17,12.16,26769,62741,-518,2682
156,ANF,2020-08-31,0 days 15:59:06.338591,290652,13.03,13.02,14137,6883,-2126,25274
157,ANF,2020-08-31,0 days 15:59:07.337544,290331,13.03,13.02,14587,9484,21,-2126
158,ANF,2020-08-31,0 days 15:59:14.339754,290652,13.03,13.02,11928,16856,-12681,4074
159,ANF,2020-08-31,0 days 15:59:15.340023,287533,13.03,13.02,12991,19598,3419,-12681
160,ANF,2020-08-31,0 days 15:59:28.337495,291252,13.03,13.02,4467,25621,-496,3208
161,ANF,2020-08-31,0 days 15:59:31.338105,266548,13.03,13.02,15596,8749,931,-23969
162,ANF,2020-08-31,0 days 15:59:45.340403,287197,13.03,13.02,12520,17115,-6955,1733
163,ANF,2020-08-31,0 days 15:59:47.338031,285981,13.03,13.02,12813,7903,2916,-1484
164,APLE,2020-08-31,0 days 15:57:49.269883,284699,10.22,10.21,12449,8570,-1339,1661
165,APLE,2020-08-31,0 days 15:57:50.270059,283338,10.22,10.21,12788,8809,1361,-1339
166,APLE,2020-08-31,0 days 15:58:11.272460,297508,10.22,10.21,14380,7513,-4604,4570
167,APLE,2020-08-31,0 days 15:58:24.272395,295108,10.22,10.21,14556,6913,-1904,1096
168,APLE,2020-08-31,0 days 15:58:25.272255,294312,10.22,10.21,14356,7981,796,-1904
169,APLE,2020-08-31,0 days 15:58:58.273680,297508,10.21,10.2,4309,16028,-50084,996
170,APLE,2020-08-31,0 days 15:59:31.265022,393968,10.19,10.18,21742,10530,2528,-58044
171,AR,2020-08-31,0 days 15:55:04.245370,459362,3.27,3.26,27455,63736,-15584,371
172,ARMK,2020-08-31,0 days 15:55:01.231962,273764,27.78,27.75,1100,1370,-653,11347
173,ARMK,2020-08-31,0 days 15:55:11.232587,274417,27.76,27.72,1416,1160,647,-653
174,ARMK,2020-08-31,0 days 15:55:12.233247,273889,27.76,27.72,1416,1363,-528,647
175,ARMK,2020-08-31,0 days 15:55:29.233744,274510,27.72,27.7,2834,627,1069,-531
176,ARMK,2020-08-31,0 days 15:57:21.236549,294307,27.71,27.7,797,200,-10814,14986
177,ARMK,2020-08-31,0 days 15:57:22.236553,292821,27.71,27.7,997,100,1486,-10814
178,ARMK,2020-08-31,0 days 15:57:24.236187,294307,27.71,27.7,1480,287,-414,1486
179,ARMK,2020-08-31,0 days 15:57:25.235800,292821,27.71,27.7,1680,1387,1486,-414
180,ARMK,2020-08-31,0 days 15:57:38.235590,294307,27.71,27.7,2670,300,-3614,1486
181,ARMK,2020-08-31,0 days 15:57:42.237253,297607,27.71,27.7,2570,400,-2614,286
182,ARMK,2020-08-31,0 days 15:58:01.239485,323584,27.68,27.67,100,1812,391,-4046
183,ARMK,2020-08-31,0 days 15:58:04.239364,316175,27.66,27.65,828,800,-2437,2063
184,ARMK,2020-08-31,0 days 15:58:35.239978,336975,27.66,27.64,1265,200,-4619,1081
185,ARMK,2020-08-31,0 days 15:58:56.242232,335794,27.63,27.61,511,1270,1273,-9027
186,ARMK,2020-08-31,0 days 15:58:57.241048,331667,27.63,27.61,816,1370,-4127,1273
187,ATUS,2020-08-31,0 days 15:55:00.324395,833353,27.61,27.6,7830,1013,-18262,145889
188,ATUS,2020-08-31,0 days 15:55:01.327279,829815,27.6,27.59,3342,6100,3538,-18262
189,ATUS,2020-08-31,0 days 15:56:01.328827,833414,27.6,27.59,3796,10462,-6278,2503
190,ATUS,2020-08-31,0 days 15:56:02.328582,832177,27.6,27.59,6040,8349,1237,-6278
191,ATUS,2020-08-31,0 days 15:56:08.328250,833414,27.6,27.59,3779,10552,-2262,1237
192,ATUS,2020-08-31,0 days 15:56:09.328693,832316,27.61,27.6,3690,8503,1098,-2262
193,ATUS,2020-08-31,0 days 15:56:35.328742,833414,27.6,27.59,3231,10151,-1862,1398
194,ATUS,2020-08-31,0 days 15:56:36.328655,832316,27.6,27.59,3631,10051,1098,-1862
195,ATUS,2020-08-31,0 days 15:58:03.334258,885502,27.6,27.59,8356,4370,-4513,2590
196,ATUS,2020-08-31,0 days 15:58:04.333769,883615,27.6,27.59,8336,4370,1887,-4513
197,ATUS,2020-08-31,0 days 15:58:09.334880,885502,27.61,27.6,5911,4171,-4913,1887
198,ATUS,2020-08-31,0 days 15:59:35.337792,897076,27.6,27.59,12723,4840,7841,-7789
199,ATUS,2020-08-31,0 days 15:59:39.337842,904917,27.6,27.59,13787,6246,-29084,441
200,ATUS,2020-08-31,0 days 15:59:41.339375,935062,27.59,27.58,11972,6306,41,-9840
201,AU,2020-08-31,0 days 15:58:04.252811,520532,29.51,29.5,2968,1578,3052,-4739
202,AU,2020-08-31,0 days 15:58:05.252752,514084,29.53,29.52,2438,575,-6448,3052
203,AU,2020-08-31,0 days 15:58:10.252970,520629,29.53,29.52,2138,1375,1055,-6448
204,AU,2020-08-31,0 days 15:58:11.253278,515884,29.53,29.52,2122,1646,-4745,1055
205,AU,2020-08-31,0 days 15:58:12.253299,520629,29.53,29.52,2522,1581,1155,-4745
206,AU,2020-08-31,0 days 15:58:13.253123,515884,29.54,29.53,1100,3198,-4745,1155
207,AU,2020-08-31,0 days 15:59:17.254830,526552,29.53,29.52,1686,1990,65080,-2386
208,AU,2020-08-31,0 days 15:59:22.254936,523176,29.55,29.54,2553,4263,-18991,9865
209,AU,2020-08-31,0 days 15:59:23.254547,542167,29.54,29.53,2656,2349,2268,-18991
210,AU,2020-08-31,0 days 15:59:26.254569,535535,29.54,29.53,2560,1184,-3891,4368
211,AU,2020-08-31,0 days 15:59:30.257810,530185,29.53,29.52,3797,900,9234,-152
212,AU,2020-08-31,0 days 15:59:31.258396,529919,29.53,29.52,3499,800,-266,9234
213,AU,2020-08-31,0 days 15:59:35.257885,529719,29.52,29.51,1280,6394,-9518,431
214,AU,2020-08-31,0 days 15:59:36.255464,539237,29.52,29.51,3501,1333,3982,-9518
215,AUY,2020-08-31,0 days 15:55:11.232647,245269,6.21,6.2,434862,126102,-109283,149098
216,AUY,2020-08-31,0 days 15:55:12.233258,231352,6.21,6.2,450562,111002,13917,-109283
217,AUY,2020-08-31,0 days 15:59:01.243288,248872,6.2,6.19,440456,508394,-110149,138351
218,AUY,2020-08-31,0 days 15:59:02.241171,232721,6.2,6.19,450295,502394,17439,-110149
219,AUY,2020-08-31,0 days 15:59:46.243884,250089,6.2,6.19,446504,478184,-5559,8758
220,AUY,2020-08-31,0 days 15:59:48.245333,243848,6.2,6.19,436746,447084,6241,-5559
221,AVTR,2020-08-31,0 days 15:59:39.259929,1638371,22.58,22.57,10260,600,-10440,29803
222,AVTR,2020-08-31,0 days 15:59:40.261325,1637051,22.58,22.57,4122,3277,1320,-10440
223,AVTR,2020-08-31,0 days 15:59:41.260935,1638371,22.58,22.57,8146,3277,-2963,1320
224,AVTR,2020-08-31,0 days 15:59:42.262859,1635634,22.58,22.57,5057,10967,2737,-2963
225,AVTR,2020-08-31,0 days 15:59:45.262334,1638371,22.6,22.59,1636,6447,-9160,13537
226,AXP,2020-08-31,0 days 15:55:00.264431,545714,101.86,101.85,500,100,675,-109181
227,AXP,2020-08-31,0 days 15:57:42.269465,577059,101.82,101.81,200,326,-5310,1790
228,AXP,2020-08-31,0 days 15:57:43.269764,573469,101.83,101.81,803,678,3590,-5310
229,AXP,2020-08-31,0 days 15:57:44.270032,577059,101.83,101.81,836,629,-10,3590
230,AXP,2020-08-31,0 days 15:57:46.269303,572569,101.83,101.81,1246,1330,4490,-2910
231,AXP,2020-08-31,0 days 15:57:49.269813,578059,101.83,101.82,430,992,-4610,90
232,AXP,2020-08-31,0 days 15:57:50.270027,575869,101.83,101.82,330,1192,2190,-4610
233,AXP,2020-08-31,0 days 15:57:53.269925,578059,101.84,101.83,100,807,-410,1190
234,AXP,2020-08-31,0 days 15:57:54.270092,575569,101.84,101.83,161,924,2490,-410
235,AXP,2020-08-31,0 days 15:58:01.272253,572316,101.82,101.8,648,400,-4044,5304
236,AXP,2020-08-31,0 days 15:58:03.271295,571788,101.81,101.8,1348,698,528,-672
237,AXP,2020-08-31,0 days 15:58:09.271602,581500,101.8,101.79,2146,801,-2988,3812
238,AXP,2020-08-31,0 days 15:58:11.272419,579288,101.77,101.76,1511,807,2537,-4488
239,AXP,2020-08-31,0 days 15:58:46.273792,580488,101.82,101.81,200,630,716,-26384
240,AXP,2020-08-31,0 days 15:59:05.276731,582093,101.89,101.88,400,300,-5797,203
241,AXP,2020-08-31,0 days 15:59:30.266959,573689,101.79,101.78,618,945,23467,-54933
242,AXP,2020-08-31,0 days 15:59:33.264714,601231,101.76,101.75,940,500,-702,11794
243,AXP,2020-08-31,0 days 15:59:34.265333,600733,101.8,101.78,900,600,402,-702
244,AXP,2020-08-31,0 days 15:59:35.264981,598189,101.81,101.79,500,700,-2744,402
245,AYX,2020-08-31,0 days 15:56:18.251673,46286,120.73,120.67,500,628,-1961,284
246,AYX,2020-08-31,0 days 15:56:19.250972,42502,120.72,120.64,826,230,3784,-1961
247,AYX,2020-08-31,0 days 15:57:03.255161,46286,120.7,120.64,100,650,-655,1590
248,AYX,2020-08-31,0 days 15:57:04.255152,44741,120.7,120.64,320,1549,1545,-655
249,AYX,2020-08-31,0 days 15:57:50.249698,46128,120.79,120.75,100,1672,-213,687
250,AYX,2020-08-31,0 days 15:57:51.249794,45041,120.78,120.75,210,1673,1087,-213
251,AYX,2020-08-31,0 days 15:58:52.253493,46706,120.88,120.83,200,2133,-170,766
252,AYX,2020-08-31,0 days 15:58:53.257531,45776,120.88,120.83,400,2107,906,-170
253,AYX,2020-08-31,0 days 15:59:06.255908,46703,120.9,120.87,1100,722,-1323,225
254,AYX,2020-08-31,0 days 15:59:41.256384,49672,120.85,120.83,110,256,-157,48
255,AYX,2020-08-31,0 days 15:59:50.260673,47981,120.88,120.87,717,368,867,-933
256,AZN,2020-08-31,0 days 15:55:00.228956,69886,56.07,56.06,1502,1100,-1328,1307
257,AZN,2020-08-31,0 days 15:55:49.230205,71514,56.09,56.08,1597,826,430,-961
258,AZN,2020-08-31,0 days 15:55:50.230196,71388,56.09,56.08,970,1928,-126,430
259,AZN,2020-08-31,0 days 15:59:14.237249,93540,56.06,56.05,1851,1325,836,-664
260,AZN,2020-08-31,0 days 15:59:15.236920,91676,56.06,56.05,3726,725,-1864,836
261,AZN,2020-08-31,0 days 15:59:17.236124,93340,56.05,56.04,2892,1101,281,-1439
262,AZN,2020-08-31,0 days 15:59:22.233971,93621,56.05,56.04,4702,1603,-4330,195
263,AZN,2020-08-31,0 days 15:59:28.233398,97951,56.03,56.02,4404,1707,1186,-560
264,AZN,2020-08-31,0 days 15:59:29.234466,96337,56.03,56.02,4104,1301,-1614,1186
265,AZN,2020-08-31,0 days 15:59:46.235745,97237,56.02,56.01,1100,2471,1050,-750
266,AZN,2020-08-31,0 days 15:59:47.234696,96498,56.02,56.01,1100,3271,-739,1050
267,AZUL,2020-08-31,0 days 15:58:52.294123,34595,12.14,12.13,2615,4137,-304,693
268,AZUL,2020-08-31,0 days 15:58:53.299303,33399,12.14,12.13,3970,2937,393,-304
269,AZUL,2020-08-31,0 days 15:59:01.300401,33592,12.16,12.15,2200,2100,-107,393
270,AZUL,2020-08-31,0 days 15:59:05.297850,33792,12.15,12.14,737,4000,-500,618
271,AZUL,2020-08-31,0 days 15:59:06.296837,33392,12.15,12.14,737,4100,200,-500
272,AZUL,2020-08-31,0 days 15:59:46.284623,35092,12.15,12.14,6028,12750,-2400,420
273,BABA,2020-08-31,0 days 15:55:19.260413,1387326,287.36,287.31,1283,313,5812,-9590
274,BABA,2020-08-31,0 days 15:55:20.259836,1384738,287.41,287.39,200,114,-2615,5812
275,BABA,2020-08-31,0 days 15:55:31.260994,1366638,287.45,287.43,219,400,-20780,10020
276,BABA,2020-08-31,0 days 15:55:42.261316,1387418,287.42,287.41,308,106,14592,-4008
277,BABA,2020-08-31,0 days 15:55:43.261588,1385710,287.43,287.41,780,384,-1671,14592
278,BABA,2020-08-31,0 days 15:59:43.257659,1523495,286.95,286.92,100,1500,34562,-8842
279,BABA,2020-08-31,0 days 15:59:44.256939,1494260,287.11,287.07,657,1350,-46579,34562
280,BAC,2020-08-31,0 days 15:55:01.229510,3421060,25.87,25.86,88794,42379,8683,-63856
281,BAC,2020-08-31,0 days 15:55:22.228949,3448492,25.86,25.85,144352,31824,-29053,19247
282,BAC,2020-08-31,0 days 15:55:23.229389,3433945,25.86,25.85,146372,26837,21847,-29053
283,BAC,2020-08-31,0 days 15:55:28.230585,3473028,25.86,25.85,110704,80596,-519817,16499
284,BAC,2020-08-31,0 days 15:57:23.230470,4036928,25.79,25.78,59163,94100,18153,-65104
285,BAC,2020-08-31,0 days 15:57:24.230132,4028229,25.79,25.78,61633,98100,-8699,18153
286,BAX,2020-08-31,0 days 15:55:00.283715,291516,87.08,87.05,421,400,-7760,14904
287,BAX,2020-08-31,0 days 15:55:01.283521,285976,87.03,87.02,450,351,5540,-7760
288,BAX,2020-08-31,0 days 15:57:21.288635,334158,87.14,87.13,731,100,-920,4480
289,BAX,2020-08-31,0 days 15:57:24.288685,326402,87.13,87.11,1728,700,7756,-920
290,BAX,2020-08-31,0 days 15:58:45.298670,325721,87.19,87.17,5498,400,4796,-3704
291,BAX,2020-08-31,0 days 15:59:09.297389,389576,87.24,87.23,1341,201,-1330,5571
292,BAX,2020-08-31,0 days 15:59:16.296999,384000,87.21,87.2,2977,100,6192,-3537
293,BAX,2020-08-31,0 days 15:59:28.282989,391952,87.19,87.18,1733,590,-4230,1248
294,BAX,2020-08-31,0 days 15:59:29.282906,386882,87.19,87.18,2049,222,5070,-4230
295,BAX,2020-08-31,0 days 15:59:44.283921,389340,87.17,87.16,7630,488,2612,-4032
296,BB,2020-08-31,0 days 15:55:26.259409,30200,5.24,5.23,72970,90414,-2631,5207
297,BB,2020-08-31,0 days 15:59:03.268428,33985,5.22,5.21,123232,61323,3239,-419
298,BB,2020-08-31,0 days 15:59:36.259711,51856,5.22,5.21,145850,78170,-13129,15745
299,BB,2020-08-31,0 days 15:59:37.259928,50885,5.22,5.21,145650,75970,971,-13129
300,BB,2020-08-31,0 days 15:59:40.262507,51856,5.22,5.21,145092,101302,-5029,971
301,BB,2020-08-31,0 days 15:59:41.261099,50885,5.22,5.21,142731,100702,971,-5029
302,BBD,2020-08-31,0 days 15:59:34.256098,716203,3.78,3.77,1177376,942111,10686,-19376
303,BBD,2020-08-31,0 days 15:59:35.255269,696789,3.78,3.77,1172776,974491,-19414,10686
304,BBD,2020-08-31,0 days 15:59:46.257429,716203,3.78,3.77,1323844,733485,19286,-8814
305,BBVA,2020-08-31,0 days 15:59:36.259886,77191,2.9,2.89,901358,30846,-13623,18355
306,BBY,2020-08-31,0 days 15:55:00.283702,377333,110.95,110.92,600,300,3713,-43570
307,BBY,2020-08-31,0 days 15:57:52.289439,403870,110.9,110.89,614,1831,-2569,4931
308,BBY,2020-08-31,0 days 15:57:53.289792,398939,110.9,110.89,714,2652,4431,-2569
309,BBY,2020-08-31,0 days 15:59:07.296058,407620,111.06,111.03,700,100,2578,-6722
310,BBY,2020-08-31,0 days 15:59:36.283348,421322,111.02,111.0,1502,529,-1351,2333
311,BBY,2020-08-31,0 days 15:59:46.284451,420222,111.05,111.0,1206,400,-22196,818
312,BBY,2020-08-31,0 days 15:59:48.286998,420618,111.05,111.0,832,647,319,-496
313,BE,2020-08-31,0 days 15:56:22.262264,285216,15.67,15.66,2804,1601,-925,1523
314,BE,2020-08-31,0 days 15:56:23.262236,278541,15.67,15.66,1965,2601,6675,-925
315,BE,2020-08-31,0 days 15:59:17.259008,295976,15.68,15.67,3234,1402,-62321,3641
316,BE,2020-08-31,0 days 15:59:18.258810,294491,15.68,15.67,1723,1500,1485,-62321
317,BE,2020-08-31,0 days 15:59:46.258119,313632,15.66,15.65,546,3493,-5814,3470
318,BE,2020-08-31,0 days 15:59:50.262026,297410,15.66,15.65,789,3303,362,-1438
319,BEKE,2020-08-31,0 days 15:55:00.230313,6704153,52.17,52.06,1900,1500,-258939,710684
320,BEKE,2020-08-31,0 days 15:55:02.228932,6661699,52.01,51.94,900,199,42454,-18637
321,BEKE,2020-08-31,0 days 15:59:17.236377,6908579,51.6,51.55,100,900,-312428,239695
322,BEKE,2020-08-31,0 days 15:59:18.234152,6858049,51.42,51.35,2071,436,94530,-312428
323,BEKE,2020-08-31,0 days 15:59:23.233293,6952579,51.42,51.32,4205,600,-71600,107530
324,BEKE,2020-08-31,0 days 15:59:24.233378,6944679,51.42,51.32,4709,700,7900,-71600
325,BEKE,2020-08-31,0 days 15:59:28.233509,6954484,51.41,51.4,1580,800,-70145,100005
326,BEKE,2020-08-31,0 days 15:59:29.234562,6947429,51.41,51.32,3119,400,7055,-70145
327,BEKE,2020-08-31,0 days 15:59:31.234704,6954484,51.4,51.33,1380,938,-71145,176755
328,BEKE,2020-08-31,0 days 15:59:33.233941,6791776,51.31,51.3,9800,149,167108,-2592
329,BEKE,2020-08-31,0 days 15:59:47.234791,6958884,51.28,51.27,643,700,-25346,206921
330,BEKE,2020-08-31,0 days 15:59:48.236523,6950830,51.28,51.27,643,600,8054,-25346
331,BEKE,2020-08-31,0 days 15:59:52.236221,6958884,51.33,51.25,300,5100,-34646,15354
332,BEN,2020-08-31,0 days 15:55:40.327377,402946,21.13,21.12,6026,2257,-1989,811
333,BEN,2020-08-31,0 days 15:56:05.328951,410917,21.13,21.12,8425,11283,1619,-2281
334,BEN,2020-08-31,0 days 15:56:09.328920,409468,21.13,21.12,5210,7123,-1449,1619
335,BEN,2020-08-31,0 days 15:57:50.333252,433501,21.07,21.06,9443,15667,766,-3634
336,BEN,2020-08-31,0 days 15:57:51.332847,431267,21.08,21.07,6454,7947,-7534,766
337,BEN,2020-08-31,0 days 15:59:15.339954,474839,21.07,21.06,10456,16084,-2150,1850
338,BEN,2020-08-31,0 days 15:59:46.339023,479722,21.07,21.06,13509,27779,6673,-2203
339,BHC,2020-08-31,0 days 15:55:00.260133,56917,16.66,16.65,7700,2612,-452,11787
340,BHC,2020-08-31,0 days 15:55:47.262167,57769,16.65,16.64,6290,7493,274,-226
341,BHC,2020-08-31,0 days 15:55:48.261918,57343,16.65,16.64,6277,7193,-426,274
342,BHC,2020-08-31,0 days 15:56:31.263389,58671,16.66,16.65,9786,6561,3272,-528
343,BHC,2020-08-31,0 days 15:56:32.263269,58143,16.66,16.65,10886,5961,-528,3272
344,BHC,2020-08-31,0 days 15:57:11.265017,58671,16.65,16.64,6864,7905,172,-528
345,BHC,2020-08-31,0 days 15:58:02.263613,56643,16.65,16.64,10716,8023,-2028,1472
346,BHC,2020-08-31,0 days 15:59:46.258415,73133,16.64,16.63,12959,9887,-722,2678
347,BIG,2020-08-31,0 days 15:56:35.263141,106906,47.24,47.23,200,500,9544,-4975
348,BIG,2020-08-31,0 days 15:57:55.261760,106912,47.19,47.18,781,383,10406,-4684
349,BIG,2020-08-31,0 days 15:58:08.263121,118243,47.21,47.18,606,2400,-3348,10931
350,BIG,2020-08-31,0 days 15:59:11.265670,117106,47.27,47.26,100,2450,-5005,7574
351,BIG,2020-08-31,0 days 15:59:12.265054,107432,47.27,47.26,492,1587,9674,-5005
352,BIG,2020-08-31,0 days 15:59:48.258639,119945,47.18,47.16,389,3220,-9598,3784
353,BILL,2020-08-31,0 days 16:00:00.250221,548300,99.05,99.04,6115,7568,-19474,6126
354,BJ,2020-08-31,0 days 15:55:39.230009,169058,44.44,44.43,188,1079,-280,986
355,BJ,2020-08-31,0 days 15:55:40.230234,167738,44.44,44.42,2025,2119,820,-280
356,BJ,2020-08-31,0 days 15:55:49.230230,169058,44.43,44.42,800,1286,-667,586
357,BJ,2020-08-31,0 days 15:55:50.230215,167925,44.43,44.42,1100,1286,1044,-667
358,BJ,2020-08-31,0 days 15:58:02.232704,179612,44.41,44.4,300,1038,-1088,1763
359,BJ,2020-08-31,0 days 15:58:03.232675,178000,44.42,44.4,560,1313,612,-1088
360,BJ,2020-08-31,0 days 15:59:02.234566,178775,44.45,44.44,5666,4674,2522,-26
361,BJ,2020-08-31,0 days 15:59:05.236120,181697,44.45,44.44,2595,5061,-10409,2241
362,BJ,2020-08-31,0 days 15:59:06.236060,181206,44.45,44.44,2366,4461,91,-10409
363,BJ,2020-08-31,0 days 15:59:13.236144,185397,44.43,44.42,300,600,-22541,91
364,BJ,2020-08-31,0 days 15:59:30.236565,212153,44.42,44.41,4314,5967,-721,1879
365,BJ,2020-08-31,0 days 15:59:31.234664,192788,44.42,44.41,4314,6354,2065,-721
366,BJ,2020-08-31,0 days 15:59:32.235071,195553,44.42,44.41,646,5954,-335,2065
367,BJ,2020-08-31,0 days 15:59:43.234575,209159,44.42,44.41,2198,11126,2188,-806
368,BJ,2020-08-31,0 days 15:59:50.240369,208817,44.42,44.41,2225,10854,-342,1058
369,BK,2020-08-31,0 days 15:59:12.264962,667330,37.03,37.02,3500,3864,61182,-33349
370,BKR,2020-08-31,0 days 15:55:00.264465,657131,14.28,14.27,6192,14508,4667,-166863
371,BKR,2020-08-31,0 days 15:55:01.265293,656098,14.28,14.27,6043,15939,-1033,4667
372,BKR,2020-08-31,0 days 15:58:12.271623,715322,14.28,14.27,6917,33522,2031,-4139
373,BKU,2020-08-31,0 days 15:59:54.276061,12063743,23.51,23.49,7000,7200,-12108,12292
374,BKU,2020-08-31,0 days 15:59:55.275765,11596232,23.39,23.31,1800,1654,467944,-12108
375,BKU,2020-08-31,0 days 16:00:00.297787,12064176,23.43,23.42,20697,4062,-200111,278633
376,BMY,2020-08-31,0 days 15:59:35.337928,1936032,62.24,62.23,3406,2684,62154,-13065
377,BMY,2020-08-31,0 days 15:59:36.338114,1898141,62.26,62.25,1800,5721,-37891,62154
378,BMY,2020-08-31,0 days 15:59:39.337960,1936032,62.28,62.27,3729,2098,19598,-12020
379,BMY,2020-08-31,0 days 15:59:40.339283,1949130,62.29,62.28,4200,5183,-663,19598
380,BMY,2020-08-31,0 days 15:59:42.339191,1949793,62.28,62.27,4176,1468,20036,-42691
381,BMY,2020-08-31,0 days 15:59:44.340092,1929350,62.28,62.27,4200,2292,-20443,26196
382,BMY,2020-08-31,0 days 15:59:59.338275,1924753,62.21,62.2,800,200,-11279,8924
383,BMY^,2020-08-31,0 days 15:59:57.247061,201100,2.73,2.72,35500,200,-20883,71485
384,BOX,2020-08-31,0 days 15:55:00.228910,149599,19.72,19.71,3979,1435,-1771,2684
385,BOX,2020-08-31,0 days 15:55:31.230010,152270,19.72,19.71,4024,5217,4932,-368
386,BOX,2020-08-31,0 days 15:59:18.233928,193114,19.72,19.71,5872,6896,-5138,1762
387,BOX,2020-08-31,0 days 15:59:36.233727,201499,19.71,19.7,5778,7659,3335,-4065
388,BOX,2020-08-31,0 days 15:59:50.240227,198056,19.71,19.7,14659,2218,-3996,832
389,BP,2020-08-31,0 days 15:55:00.231685,87251,20.94,20.93,88327,16907,5621,-4672
390,BP,2020-08-31,0 days 15:56:34.234783,92872,20.94,20.93,42591,40890,-12,1531
391,BP,2020-08-31,0 days 15:59:07.242108,112165,20.93,20.92,46722,79611,18925,-17075
392,BP,2020-08-31,0 days 15:59:08.242088,131090,20.93,20.92,45422,81490,-175,18925
393,BP,2020-08-31,0 days 15:59:15.242907,106832,20.93,20.92,60087,28245,24258,-337
394,BP,2020-08-31,0 days 15:59:36.243090,130238,20.93,20.92,55020,56197,-2977,506
395,BP,2020-08-31,0 days 15:59:50.249061,129615,20.93,20.92,43729,70794,2234,-1010
396,BRFS,2020-08-31,0 days 15:55:00.231631,53751,3.63,3.62,32693,124672,-5016,20371
397,BRFS,2020-08-31,0 days 15:57:14.236162,56730,3.61,3.6,171879,45193,707,-1886
398,BRFS,2020-08-31,0 days 15:59:32.242678,59899,3.61,3.6,246747,79205,-647,13076
399,BRFS,2020-08-31,0 days 15:59:36.243034,60646,3.61,3.6,249229,76505,31,-647
400,BRK.B,2020-08-31,0 days 15:55:01.256731,963342,218.84,218.82,540,200,5779,-836
401,BRK.B,2020-08-31,0 days 15:57:13.262675,978329,218.66,218.64,500,303,-269,784
402,BRK.B,2020-08-31,0 days 15:57:15.261345,976998,218.65,218.62,300,300,1331,-269
403,BRK.B,2020-08-31,0 days 15:57:23.260763,975695,218.65,218.63,316,322,2634,-2619
404,BRK.B,2020-08-31,0 days 15:57:33.261697,978329,218.67,218.65,515,542,-12819,2334
405,BRK.B,2020-08-31,0 days 15:57:34.262718,976448,218.66,218.62,400,100,1881,-12819
406,BRK.B,2020-08-31,0 days 15:57:41.263191,978329,218.65,218.62,300,100,-6219,4281
407,BRK.B,2020-08-31,0 days 15:57:42.262525,974748,218.65,218.63,300,195,3581,-6219
408,BRK.B,2020-08-31,0 days 15:57:45.263287,978329,218.65,218.62,200,400,-8219,426
409,BRK.B,2020-08-31,0 days 15:57:55.264297,1035820,218.63,218.6,400,200,2509,-14003
410,BRK.B,2020-08-31,0 days 15:57:59.264173,1038329,218.62,218.58,360,308,-4126,33
411,BRK.B,2020-08-31,0 days 15:58:00.265838,1036396,218.62,218.56,659,211,1933,-4126
412,BRK.B,2020-08-31,0 days 15:58:05.266036,1041996,218.53,218.51,606,803,-7908,12797
413,BRK.B,2020-08-31,0 days 15:58:06.265262,1039004,218.54,218.51,365,802,2992,-7908
414,BRK.B,2020-08-31,0 days 15:58:10.265440,1042044,218.52,218.49,770,100,-750,2450
415,BRK.B,2020-08-31,0 days 15:58:11.265395,1039694,218.52,218.49,870,200,2350,-750
416,BRK.B,2020-08-31,0 days 15:58:13.264649,1042044,218.52,218.49,1110,199,-5350,2350
417,BRK.B,2020-08-31,0 days 15:58:14.265313,1039694,218.51,218.49,200,199,2350,-5350
418,BRK.B,2020-08-31,0 days 15:58:17.263673,1042044,218.51,218.49,416,315,-5250,2350
419,BRK.B,2020-08-31,0 days 15:58:18.264561,1039642,218.51,218.49,731,315,2402,-5250
420,BRK.B,2020-08-31,0 days 15:58:46.266960,1041575,218.61,218.57,200,200,-214,801
421,BRK.B,2020-08-31,0 days 15:58:51.266968,1028794,218.52,218.43,618,4800,13301,-5561
422,BRK.B,2020-08-31,0 days 15:58:57.266945,1041652,218.67,218.6,200,492,-8308,482
423,BRK.B,2020-08-31,0 days 15:59:51.259674,1078010,218.3,218.21,320,1321,1838,-23296
424,BSX,2020-08-31,0 days 15:59:41.258928,1643343,41.11,41.1,4603,400,-5513,44582
425,BSX,2020-08-31,0 days 15:59:43.258681,1649636,41.1,41.09,670,9146,30920,-40526
426,BSX,2020-08-31,0 days 15:59:44.259788,1643456,41.11,41.1,4575,4326,-5780,30920
427,BTU,2020-08-31,0 days 15:58:00.239136,54751,2.61,2.6,9805,25198,621,-1679
428,BTU,2020-08-31,0 days 15:58:01.239030,53472,2.61,2.6,9654,25698,-1279,621
429,BTU,2020-08-31,0 days 15:58:08.237852,55899,2.61,2.6,10154,26125,-1276,4124
430,BTU,2020-08-31,0 days 15:59:01.242717,59223,2.62,2.61,3084,28538,3857,-1190
431,BTU,2020-08-31,0 days 15:59:02.241005,58680,2.62,2.61,2364,29538,-509,3857
432,BTU,2020-08-31,0 days 15:59:04.248582,59223,2.63,2.62,41325,7286,646,-509
433,BTU,2020-08-31,0 days 15:59:05.242388,58769,2.62,2.61,19127,23410,-420,646
434,BTU,2020-08-31,0 days 15:59:34.241638,79192,2.63,2.62,45293,11473,2472,-1889
435,BTU,2020-08-31,0 days 15:59:35.242408,77664,2.63,2.62,46092,8673,-1494,2472
436,BWA,2020-08-31,0 days 15:55:16.260771,226650,40.7,40.69,153,2610,7534,-10666
437,BWA,2020-08-31,0 days 15:55:18.260170,227884,40.7,40.69,799,2323,-1076,524
438,BWA,2020-08-31,0 days 15:55:38.261648,237660,40.71,40.7,2412,1603,342,-580
439,BWA,2020-08-31,0 days 15:55:45.261857,238102,40.71,40.7,1700,4193,-2458,342
440,BWA,2020-08-31,0 days 15:55:46.261732,237160,40.71,40.7,1900,4093,5216,-2458
441,BWA,2020-08-31,0 days 15:56:49.263503,256406,40.7,40.69,3363,632,-282,1818
442,BWA,2020-08-31,0 days 15:56:50.263833,256188,40.7,40.69,3763,632,218,-282
443,BWA,2020-08-31,0 days 15:57:24.260815,262481,40.68,40.67,2888,543,-1770,630
444,BWA,2020-08-31,0 days 15:57:25.260799,261851,40.68,40.67,3188,543,630,-1770
445,BWA,2020-08-31,0 days 15:57:46.260918,268551,40.69,40.68,3754,2235,531,-569
446,BWA,2020-08-31,0 days 15:57:47.262182,268082,40.69,40.68,3154,2735,-469,531
447,BWA,2020-08-31,0 days 15:57:54.261721,270851,40.69,40.68,1954,3535,831,-69
448,BWA,2020-08-31,0 days 15:57:55.261621,270182,40.69,40.68,2754,3043,-669,831
449,BWA,2020-08-31,0 days 15:57:56.261748,270851,40.69,40.68,4011,1868,2231,-669
450,BWA,2020-08-31,0 days 15:58:04.263641,261931,40.66,40.65,902,3246,-2620,180
451,BWA,2020-08-31,0 days 15:58:46.264423,276292,40.7,40.69,2400,986,539,-1761
452,BWA,2020-08-31,0 days 15:58:50.266672,276076,40.71,40.7,582,4297,655,-1045
453,BWA,2020-08-31,0 days 15:59:46.257912,442624,40.64,40.63,1561,3112,-1088,3170
454,BX,2020-08-31,0 days 15:59:46.261278,247926,53.04,53.02,612,500,1597,-1152
455,BX,2020-08-31,0 days 15:59:50.266052,234180,53.0,52.99,300,623,-13746,994
456,C,2020-08-31,0 days 15:59:39.236266,1675288,51.16,51.15,1832,22100,4858,-10142
457,C,2020-08-31,0 days 15:59:41.234267,1658397,51.19,51.18,12001,4583,-46407,3358
458,CAG,2020-08-31,0 days 15:55:00.258724,463530,38.47,38.46,8147,274,3005,-7024
459,CAG,2020-08-31,0 days 15:55:01.259688,463235,38.47,38.46,8669,200,-295,3005
460,CAG,2020-08-31,0 days 15:55:17.260455,465714,38.43,38.42,3489,2953,518,-419
461,CAG,2020-08-31,0 days 15:55:45.261878,468010,38.41,38.4,11665,559,-586,2197
462,CAG,2020-08-31,0 days 15:55:53.261665,468939,38.42,38.41,4555,916,1033,-929
463,CAG,2020-08-31,0 days 15:57:34.261776,473125,38.43,38.42,2441,7413,-3672,2328
464,CAG,2020-08-31,0 days 15:57:37.262054,470797,38.43,38.42,5301,7313,2328,-3072
465,CAG,2020-08-31,0 days 15:57:54.261763,479425,38.44,38.43,2839,5720,-272,2028
466,CAG,2020-08-31,0 days 15:58:14.263526,480132,38.44,38.43,11160,202,-2171,729
467,CAG,2020-08-31,0 days 15:58:15.264710,479403,38.43,38.42,3336,2770,729,-2171
468,CAG,2020-08-31,0 days 15:58:52.264284,474103,38.45,38.44,500,4984,132,-30
469,CAG,2020-08-31,0 days 15:59:01.269800,474647,38.46,38.45,4483,4459,146,-412
470,CAG,2020-08-31,0 days 15:59:02.265990,474491,38.46,38.45,2688,5144,-336,146
471,CAG,2020-08-31,0 days 15:59:06.265664,505309,38.46,38.45,7890,834,669,-19631
472,CAG,2020-08-31,0 days 15:59:12.264876,520075,38.42,38.41,2700,2982,-49832,2234
473,CAG,2020-08-31,0 days 15:59:28.256883,570541,38.4,38.39,6582,4584,1970,-23
474,CAG,2020-08-31,0 days 15:59:29.258036,568611,38.4,38.39,6482,4846,-1930,1970
475,CAG,2020-08-31,0 days 15:59:40.257945,570131,38.38,38.37,581,6141,-410,12190
476,CARR,2020-08-31,0 days 15:59:40.262757,751671,29.88,29.87,3295,2608,11417,-7201
477,CARR,2020-08-31,0 days 15:59:41.261345,750655,29.88,29.87,2927,4634,-1016,11417
478,CARR,2020-08-31,0 days 15:59:44.262037,751781,29.88,29.87,9562,3628,141,-1126
479,CARR,2020-08-31,0 days 15:59:46.261225,736297,29.89,29.88,2732,1805,-22268,9116
480,CAT,2020-08-31,0 days 15:57:05.262427,556867,142.63,142.62,460,300,26975,-871
481,CAT,2020-08-31,0 days 15:57:06.262356,555843,142.65,142.62,300,618,-1024,26975
482,CAT,2020-08-31,0 days 15:57:08.262175,557027,142.64,142.63,200,200,4816,-954
483,CAT,2020-08-31,0 days 15:57:11.263858,554580,142.7,142.68,400,800,-2518,4816
484,CAT,2020-08-31,0 days 15:57:15.262334,557027,142.67,142.63,968,200,6316,-717
485,CAT,2020-08-31,0 days 15:57:34.263892,569121,142.66,142.63,224,800,5222,-12400
486,CAT,2020-08-31,0 days 15:57:35.263275,568243,142.66,142.64,200,348,-878,5222
487,CAT,2020-08-31,0 days 15:57:38.262897,569121,142.68,142.65,100,500,47,-125
488,CAT,2020-08-31,0 days 15:58:00.266092,577671,142.64,142.62,300,600,14734,-8637
489,CAT,2020-08-31,0 days 15:58:01.265856,574533,142.63,142.59,1540,300,-3138,14734
490,CAT,2020-08-31,0 days 15:58:07.265330,581901,142.58,142.54,1141,871,1661,-2868
491,CAT,2020-08-31,0 days 15:58:08.265643,579162,142.58,142.54,2963,238,-2739,1661
492,CAT,2020-08-31,0 days 15:58:53.271537,584203,142.65,142.61,400,500,9715,-13647
493,CAT,2020-08-31,0 days 15:58:54.267897,581288,142.62,142.6,400,100,-2915,9715
494,CAT,2020-08-31,0 days 15:59:01.271453,584261,142.75,142.69,300,900,9847,-22276
495,CAT,2020-08-31,0 days 15:59:02.268411,576846,142.75,142.69,440,1041,-23541,9847
496,CAT,2020-08-31,0 days 15:59:49.260233,633677,142.66,142.62,619,1437,2909,-956
497,CAT,2020-08-31,0 days 15:59:50.265695,613866,142.65,142.58,1900,1242,-19811,2909
498,CAT,2020-08-31,0 days 15:59:57.261011,619775,142.56,142.45,6483,2134,18350,-6427
499,CCJ,2020-08-31,0 days 15:58:51.252497,41014,11.61,11.6,27360,4343,1030,-770
500,CCO,2020-08-31,0 days 15:55:00.228956,100113,1.19,1.18,4868,19727,-8457,5063
501,CDE,2020-08-31,0 days 15:59:14.256645,419786,8.48,8.47,47498,29649,-13714,8686
502,CDE,2020-08-31,0 days 15:59:31.258406,419438,8.48,8.47,36014,32950,13247,-1259
503,CDE,2020-08-31,0 days 15:59:32.255853,407685,8.48,8.47,31928,37096,-11753,13247
504,CDE,2020-08-31,0 days 15:59:46.257344,431544,8.48,8.47,41535,33604,7225,-2300
505,CDE,2020-08-31,0 days 15:59:48.258393,424169,8.48,8.47,41132,34586,-7375,7225
506,CGC,2020-08-31,0 days 15:55:00.228910,34850,16.54,16.53,1039,2546,-64922,14327
507,CGC,2020-08-31,0 days 15:55:12.229929,34589,16.53,16.52,527,3228,261,-722
508,CGC,2020-08-31,0 days 15:55:40.230200,34850,16.52,16.51,3105,100,-365,257
509,CGC,2020-08-31,0 days 15:56:33.230830,34215,16.54,16.52,2547,2862,635,-2065
510,CGC,2020-08-31,0 days 15:59:23.233178,37918,16.52,16.5,1475,7663,-366,2134
511,CGC,2020-08-31,0 days 15:59:24.233211,37284,16.52,16.5,1715,7635,634,-366
512,CHGG,2020-08-31,0 days 15:59:15.256526,820895,73.91,73.9,240,100,-8682,3218
513,CHGG,2020-08-31,0 days 15:59:16.256403,819177,73.91,73.9,896,243,1762,-8682
514,CHGG,2020-08-31,0 days 15:59:18.254224,820939,73.91,73.9,1940,243,-14023,1762
515,CHGG,2020-08-31,0 days 15:59:19.254608,819762,73.91,73.9,2196,391,1177,-14023
516,CHGG,2020-08-31,0 days 15:59:39.254981,849439,73.79,73.73,600,460,-6298,1885
517,CHGG,2020-08-31,0 days 15:59:40.256664,848297,73.75,73.73,265,260,1142,-6298
518,CHGG,2020-08-31,0 days 15:59:49.255130,851789,73.76,73.75,2978,875,-3695,1611
519,CHGG,2020-08-31,0 days 15:59:50.260991,838017,73.76,73.75,3681,497,13772,-3695
520,CHGG,2020-08-31,0 days 16:00:00.274979,868889,73.75,73.73,1710,1525,-2080,9219
521,CHWY,2020-08-31,0 days 15:55:28.230596,72987,61.25,61.24,100,440,2932,-344
522,CHWY,2020-08-31,0 days 15:58:09.232960,78229,61.21,61.2,700,1211,248,-752
523,CHWY,2020-08-31,0 days 15:58:40.236408,80418,61.21,61.2,864,913,-111,189
524,CHWY,2020-08-31,0 days 15:59:14.237500,82577,61.15,61.13,400,200,115,-325
525,CIG,2020-08-31,0 days 15:59:36.254763,371823,1.97,1.96,386208,419308,-4773,28127
526,CL,2020-08-31,0 days 15:55:26.246893,476040,79.39,79.38,5030,400,4656,-2344
527,CL,2020-08-31,0 days 15:55:45.247335,482591,79.36,79.35,662,3300,-903,1506
528,CL,2020-08-31,0 days 15:55:46.247427,481294,79.36,79.35,500,3900,1831,-903
529,CL,2020-08-31,0 days 15:56:28.247408,483612,79.38,79.37,800,2281,-1850,1050
530,CL,2020-08-31,0 days 15:56:29.247503,482626,79.38,79.37,500,3601,986,-1850
531,CL,2020-08-31,0 days 15:57:46.250362,506680,79.34,79.33,300,4102,-449,1751
532,CL,2020-08-31,0 days 15:57:57.250817,514580,79.33,79.32,1100,3976,-1396,6404
533,CL,2020-08-31,0 days 15:57:58.251073,507676,79.33,79.32,4077,176,6904,-1396
534,CL,2020-08-31,0 days 15:58:45.254326,517737,79.35,79.34,1276,838,-10573,4427
535,CL,2020-08-31,0 days 15:58:46.254591,514610,79.34,79.33,4249,1193,3127,-10573
536,CL,2020-08-31,0 days 15:59:00.259920,514871,79.37,79.36,2900,200,2866,-10802
537,CL,2020-08-31,0 days 15:59:06.256862,569005,79.37,79.36,3296,300,-54669,289
538,CL,2020-08-31,0 days 15:59:07.255276,566527,79.36,79.35,661,3304,2478,-54669
539,CL,2020-08-31,0 days 15:59:22.254808,587515,79.34,79.33,2051,1173,-10,4441
540,CL,2020-08-31,0 days 15:59:29.255538,586452,79.33,79.32,2063,200,1063,-14437
541,CL,2020-08-31,0 days 15:59:37.254912,592062,79.32,79.31,4685,3325,-16621,2695
542,CL,2020-08-31,0 days 15:59:38.255685,590134,79.31,79.3,4161,2500,3028,-16621
543,CL,2020-08-31,0 days 15:59:46.257007,592663,79.34,79.33,300,4663,-29372,23
544,CLDR,2020-08-31,0 days 15:57:45.250395,278759,13.22,13.21,8179,17491,-9662,5685
545,CLDR,2020-08-31,0 days 15:57:46.250415,278121,13.22,13.21,9979,11480,638,-9662
546,CLDR,2020-08-31,0 days 15:57:58.251105,278759,13.22,13.21,12521,7760,-11362,638
547,CLDR,2020-08-31,0 days 15:57:59.251092,277721,13.22,13.21,12221,8060,1038,-11362
548,CLDR,2020-08-31,0 days 15:58:25.253042,276468,13.21,13.2,11851,13917,-1753,947
549,CLDR,2020-08-31,0 days 15:58:26.254254,275521,13.21,13.2,12451,13231,947,-1753
550,CLDR,2020-08-31,0 days 15:58:33.253312,276421,13.22,13.21,3812,22333,47,-753
551,CLDR,2020-08-31,0 days 15:58:52.254635,276468,13.22,13.21,5679,25273,-42,47
552,CLDR,2020-08-31,0 days 15:59:12.256711,274246,13.23,13.22,6715,26892,-276,117
553,CLDR,2020-08-31,0 days 15:59:16.256142,279052,13.23,13.22,1280,32767,14346,-1206
554,CLDR,2020-08-31,0 days 15:59:41.256410,281806,13.22,13.21,24809,15649,314,-186
555,CLDR,2020-08-31,0 days 15:59:42.258717,279720,13.22,13.21,22169,10902,-13486,314
556,CLDR,2020-08-31,0 days 15:59:46.257126,282906,13.22,13.21,4121,28538,2371,-2486
557,CLF,2020-08-31,0 days 15:56:10.235553,384025,6.61,6.6,85329,7157,6235,-5665
558,CLF,2020-08-31,0 days 15:56:11.234985,380160,6.61,6.6,43780,104345,-3865,6235
559,CLF,2020-08-31,0 days 15:57:10.236456,384025,6.61,6.6,61653,85603,4435,-5065
560,CLF,2020-08-31,0 days 15:57:11.237550,378960,6.61,6.6,60753,76603,-5065,4435
561,CLF,2020-08-31,0 days 15:57:25.236734,388860,6.6,6.59,100416,35623,-5960,4340
562,CLF,2020-08-31,0 days 15:59:07.242239,551700,6.61,6.6,48686,78139,59324,-74376
563,CLF,2020-08-31,0 days 15:59:08.242184,541324,6.61,6.6,48586,77131,-10376,59324
564,CLF,2020-08-31,0 days 15:59:45.245619,599747,6.61,6.6,81394,30025,4105,-7895
565,CLF,2020-08-31,0 days 15:59:48.245679,591452,6.61,6.6,42994,76253,-8517,8483
566,CLNY,2020-08-31,0 days 15:59:07.274978,860298,2.72,2.71,25843,118579,16596,-9036
567,CMS,2020-08-31,0 days 15:59:05.256589,340964,60.52,60.51,659,3876,-6359,5813
568,CMS,2020-08-31,0 days 15:59:06.257034,338428,60.52,60.51,1295,890,2716,-6359
569,CMS,2020-08-31,0 days 15:59:10.258663,347644,60.5,60.48,1788,800,-11879,2716
570,CMS,2020-08-31,0 days 15:59:12.256790,327522,60.46,60.44,587,700,20822,-17179
571,CMS,2020-08-31,0 days 15:59:34.257598,362973,60.47,60.46,800,632,-16103,1775
572,CMS,2020-08-31,0 days 15:59:35.257861,360676,60.46,60.45,400,758,2297,-16103
573,CMS,2020-08-31,0 days 15:59:40.256475,366194,60.47,60.45,300,3904,-1482,6018
574,CMS,2020-08-31,0 days 15:59:45.258823,368576,60.48,60.47,351,4046,645,-1632
575,CMS,2020-08-31,0 days 15:59:46.257169,370412,60.5,60.49,700,3254,-2764,645
576,CNC,2020-08-31,0 days 15:58:11.292888,660014,61.38,61.37,600,600,53214,-16986
577,CNC,2020-08-31,0 days 15:58:12.292214,561028,61.37,61.36,300,900,-90886,53214
578,CNC,2020-08-31,0 days 15:59:04.301185,684139,61.48,61.45,300,1054,24110,-12184
579,CNC,2020-08-31,0 days 15:59:05.297798,675424,61.46,61.45,200,300,-10341,24110
580,CNK,2020-08-31,0 days 15:55:38.261839,308978,14.64,14.63,1931,6401,-1928,3714
581,CNK,2020-08-31,0 days 15:55:39.261707,301906,14.64,14.63,1531,5950,7072,-1928
582,CNK,2020-08-31,0 days 15:59:18.259078,320946,14.68,14.67,5202,13237,-28145,7615
583,CNK,2020-08-31,0 days 15:59:19.259524,317791,14.68,14.67,6761,12489,4646,-28145
584,CNK,2020-08-31,0 days 15:59:48.258784,334329,14.67,14.66,6479,16730,308,-1634
585,CNP,2020-08-31,0 days 15:59:47.254550,1400779,20.09,20.08,190,36529,33820,-841
586,CNX,2020-08-31,0 days 15:59:05.242648,340707,11.03,11.02,3127,16368,8078,-14513
587,CNX,2020-08-31,0 days 15:59:06.242879,334485,11.04,11.03,16728,3259,-6222,8078
588,CNX,2020-08-31,0 days 15:59:33.242856,384322,11.02,11.01,4098,15007,-8755,5345
589,COF,2020-08-31,0 days 15:55:17.233024,218771,69.11,69.1,605,220,-1172,314
590,COF,2020-08-31,0 days 15:55:18.232911,218543,69.11,69.09,1200,323,228,-1172
591,COF,2020-08-31,0 days 15:55:29.233744,220041,69.1,69.08,303,741,-13,187
592,COF,2020-08-31,0 days 15:55:57.235125,222425,69.02,69.01,1170,344,-109,258
593,COF,2020-08-31,0 days 15:55:58.234582,222234,69.03,69.02,700,648,91,-109
594,COF,2020-08-31,0 days 15:56:03.234475,224825,69.02,69.0,871,1098,-209,91
595,COF,2020-08-31,0 days 15:56:11.234835,226634,68.97,68.95,782,300,294,-409
596,COF,2020-08-31,0 days 15:56:19.234641,225528,68.96,68.95,1900,596,-206,494
597,COF,2020-08-31,0 days 15:57:51.237543,239870,69.1,69.09,844,1401,404,-1096
598,COF,2020-08-31,0 days 15:57:52.237571,239374,69.1,69.09,844,1301,-496,404
599,COF,2020-08-31,0 days 15:57:55.238095,239870,69.1,69.09,1439,925,1554,-1646
600,COF,2020-08-31,0 days 15:57:58.237928,238924,69.1,69.09,1223,1571,-946,454
601,COF,2020-08-31,0 days 15:58:09.239391,241399,69.11,69.1,889,1099,1571,-1329
602,COF,2020-08-31,0 days 15:58:10.239014,240081,69.11,69.1,1002,1443,-1418,1571
603,COF,2020-08-31,0 days 15:58:13.239420,241499,69.11,69.1,1502,750,1382,-1418
604,COF,2020-08-31,0 days 15:58:14.239468,237381,69.11,69.1,7206,216,-4118,1382
605,COF,2020-08-31,0 days 15:58:17.239903,241599,69.11,69.1,7513,611,1382,-1418
606,COF,2020-08-31,0 days 15:58:18.239588,240181,69.11,69.1,7913,550,-1418,1382
607,COF,2020-08-31,0 days 15:58:52.240463,242399,69.12,69.11,300,1175,4346,-1873
608,COF,2020-08-31,0 days 15:58:54.241609,241272,69.11,69.1,1079,300,-1127,973
609,COF,2020-08-31,0 days 15:59:28.242278,293519,69.11,69.1,537,342,550,-5969
610,COF,2020-08-31,0 days 15:59:31.244431,276469,69.11,69.1,511,1163,-3024,14576
611,COF,2020-08-31,0 days 15:59:43.243658,298585,69.11,69.1,4416,800,1239,-1743
612,COF,2020-08-31,0 days 15:59:47.243342,297801,69.11,69.1,3534,3196,-4014,9816
613,COF,2020-08-31,0 days 15:59:48.245264,301815,69.11,69.1,3456,4040,2515,-4014
614,COF,2020-08-31,0 days 15:59:50.248882,278215,69.11,69.1,2335,1186,-23831,3000
615,COG,2020-08-31,0 days 15:55:40.266960,610881,18.94,18.93,13608,2643,540,-39206
616,COG,2020-08-31,0 days 15:55:47.266724,611421,18.94,18.93,12507,3187,-13760,540
617,COG,2020-08-31,0 days 15:57:11.271408,631161,18.93,18.92,10109,3547,3053,-6940
618,COG,2020-08-31,0 days 15:57:39.270138,636529,18.93,18.92,6239,11800,464,-529
619,COG,2020-08-31,0 days 15:58:08.271764,647834,18.94,18.93,9653,2745,-95,2705
620,COG,2020-08-31,0 days 15:58:09.271720,636529,18.94,18.93,10904,1617,2705,-95
621,COG,2020-08-31,0 days 15:58:14.272526,649800,18.93,18.92,7611,7628,-1229,8171
622,COG,2020-08-31,0 days 15:58:15.272260,648529,18.93,18.92,8693,10328,1271,-1229
623,COG,2020-08-31,0 days 15:59:28.263726,856464,18.99,18.98,10199,10061,-1678,4298
624,COG,2020-08-31,0 days 15:59:30.267071,846142,18.98,18.97,7125,7068,10322,-1678
625,COG,2020-08-31,0 days 15:59:40.266279,860833,18.98,18.97,5927,11662,-3931,12211
626,COG,2020-08-31,0 days 15:59:46.265828,868358,18.98,18.97,3460,14130,285,-39667
627,COP,2020-08-31,0 days 15:59:51.259948,1315282,37.95,37.94,6191,263,1735,-52818
628,COTY,2020-08-31,0 days 15:55:39.259914,576904,3.58,3.57,202533,121957,-6217,10640
629,COTY,2020-08-31,0 days 15:55:40.260294,555821,3.58,3.57,202533,121957,21083,-6217
630,COTY,2020-08-31,0 days 15:57:47.264137,576921,3.58,3.57,143404,178336,-1094,2606
631,COTY,2020-08-31,0 days 15:57:48.263341,559315,3.58,3.57,144904,173936,17606,-1094
632,COTY,2020-08-31,0 days 15:57:59.264313,576921,3.58,3.57,146545,176979,-5794,1406
633,COTY,2020-08-31,0 days 15:58:00.265944,564015,3.58,3.57,147987,176086,12906,-5794
634,COTY,2020-08-31,0 days 15:58:03.265437,576921,3.58,3.57,162987,198962,-2694,12906
635,COTY,2020-08-31,0 days 15:58:04.265080,572615,3.58,3.57,175087,203741,4306,-2694
636,COTY,2020-08-31,0 days 15:59:18.258855,823715,3.58,3.57,147680,245508,13148,-35952
637,COTY,2020-08-31,0 days 15:59:19.259495,836863,3.58,3.57,148375,249804,-15702,13148
638,COTY,2020-08-31,0 days 15:59:20.259165,825765,3.58,3.57,109247,175133,11098,-15702
639,COTY,2020-08-31,0 days 15:59:28.259321,846769,3.58,3.57,79432,246265,-2048,1595
640,COTY,2020-08-31,0 days 15:59:34.261960,829274,3.59,3.58,142379,291159,8389,-6811
641,COTY,2020-08-31,0 days 15:59:50.264988,813398,3.59,3.58,47113,322806,25502,-12995
642,CTVA,2020-08-31,0 days 15:59:40.244127,1122000,28.59,28.58,2206,999,6395,-20916
643,CTVA,2020-08-31,0 days 15:59:45.245584,1122100,28.59,28.58,3724,965,3158,-2390
644,CTVA,2020-08-31,0 days 15:59:47.243566,1097515,28.59,28.58,4910,2154,-24585,9479
645,CTVA,2020-08-31,0 days 15:59:49.244676,1122100,28.59,28.58,3128,5254,8023,-4985
646,CTVA,2020-08-31,0 days 15:59:50.249312,1089038,28.59,28.58,3299,1179,-33062,8023
647,CTVA,2020-08-31,0 days 15:59:53.244753,1121978,28.57,28.56,5300,9123,19620,-17396
648,CVE,2020-08-31,0 days 15:59:36.259947,42312,4.73,4.72,532228,12175,-11269,14131
649,CVS,2020-08-31,0 days 15:57:48.289589,854950,62.19,62.18,2763,3595,-9794,7606
650,CVS,2020-08-31,0 days 15:59:05.297701,908192,62.29,62.28,1300,2081,8326,-9226
651,CVS,2020-08-31,0 days 15:59:08.296681,1070518,62.28,62.27,2075,1600,-17063,126
652,CVS,2020-08-31,0 days 15:59:37.282606,1070521,62.2,62.19,7862,3640,-6533,17267
653,CVS,2020-08-31,0 days 15:59:40.283760,1077054,62.19,62.18,7743,2241,1964,-6533
654,CVS,2020-08-31,0 days 15:59:46.284451,1073403,62.19,62.18,2119,3138,-3537,3586
655,CVX,2020-08-31,0 days 15:55:01.257069,1424763,84.23,84.22,1575,600,2471,-88029
656,CVX,2020-08-31,0 days 15:55:26.259544,1435717,84.16,84.15,1464,700,2527,-4527
657,CVX,2020-08-31,0 days 15:57:57.264232,1508247,84.22,84.2,1638,1652,-15459,7041
658,CVX,2020-08-31,0 days 15:57:58.264345,1504715,84.2,84.19,293,1100,4434,-15459
659,CVX,2020-08-31,0 days 15:58:07.265349,1519704,84.2,84.19,2483,1858,-30954,248
660,CVX,2020-08-31,0 days 15:58:08.265643,1516547,84.2,84.19,3230,690,3157,-30954
661,CVX,2020-08-31,0 days 15:58:12.265653,1519704,84.2,84.18,1717,1381,-11543,21057
662,CVX,2020-08-31,0 days 15:58:13.265866,1518647,84.19,84.18,1323,1032,1057,-11543
663,CVX,2020-08-31,0 days 15:58:15.265972,1519704,84.19,84.18,900,1213,-9843,1050
664,CVX,2020-08-31,0 days 15:58:16.265726,1518747,84.19,84.18,400,1093,957,-9843
665,CVX,2020-08-31,0 days 15:58:59.268981,1522844,84.25,84.23,1200,2095,-921,88
666,CVX,2020-08-31,0 days 15:59:12.269946,1523465,84.25,84.23,1159,1058,-1129,27396
667,CVX,2020-08-31,0 days 15:59:54.259783,1828957,84.03,84.0,3116,1251,120,-2899
668,CWH,2020-08-31,0 days 15:50:07.258351,60715,29.52,29.49,11204,100,-11323,36837
669,CWH,2020-08-31,0 days 15:50:29.259014,22778,29.49,29.47,200,397,36837,-11023
670,CWH,2020-08-31,0 days 15:51:17.261751,61015,29.5,29.47,125,303,-11023,36537
671,CWH,2020-08-31,0 days 15:51:35.258768,22778,29.48,29.46,206,600,36837,-10423
672,CWH,2020-08-31,0 days 15:51:40.259828,61315,29.47,29.45,200,225,-10723,36837
673,CWH,2020-08-31,0 days 15:52:02.260779,22778,29.47,29.46,618,800,36837,-10423
674,CWH,2020-08-31,0 days 15:53:23.261177,61015,29.49,29.47,206,526,-11023,36837
675,CWH,2020-08-31,0 days 15:55:05.256839,86816,29.32,29.31,100,499,-1052,45545
676,CWH,2020-08-31,0 days 15:55:34.260612,38499,29.23,29.22,500,225,46617,-445
677,CWH,2020-08-31,0 days 15:55:49.260831,87516,29.22,29.2,325,461,-2540,44657
678,CWH,2020-08-31,0 days 15:56:11.260663,88378,29.28,29.25,308,325,-2054,44543
679,CWH,2020-08-31,0 days 15:57:01.261830,89178,29.18,29.16,300,600,-989,45708
680,CWH,2020-08-31,0 days 15:57:24.261977,89878,29.1,29.08,862,600,-289,46308
681,CWH,2020-08-31,0 days 15:57:25.261930,41070,29.1,29.09,375,300,46408,-289
682,CX,2020-08-31,0 days 15:59:07.337342,66647,3.23,3.22,133291,328325,-1915,2443
683,CX,2020-08-31,0 days 15:59:36.337829,83435,3.22,3.21,309730,212486,16929,-16771
684,CX,2020-08-31,0 days 15:59:37.337337,82664,3.22,3.21,304998,181566,-771,16929
685,D,2020-08-31,0 days 15:55:32.234173,539242,78.61,78.6,1099,500,-2365,1984
686,D,2020-08-31,0 days 15:55:38.234589,541573,78.56,78.54,3430,300,-1010,1674
687,D,2020-08-31,0 days 15:55:55.234144,542183,78.54,78.53,964,690,392,-330
688,D,2020-08-31,0 days 15:56:12.234651,547201,78.56,78.55,739,600,2474,-4226
689,D,2020-08-31,0 days 15:57:02.235789,549975,78.49,78.48,655,100,-47168,2404
690,D,2020-08-31,0 days 15:57:38.237294,597860,78.42,78.4,1899,1072,5543,-1557
691,D,2020-08-31,0 days 15:57:39.237511,594703,78.43,78.42,200,400,-3157,5543
692,D,2020-08-31,0 days 15:57:41.237326,597860,78.43,78.42,807,300,1243,-3157
693,D,2020-08-31,0 days 15:57:43.238037,595903,78.44,78.42,205,1577,-1957,5643
694,D,2020-08-31,0 days 15:57:47.238529,597860,78.42,78.41,1053,1315,1443,-1557
695,D,2020-08-31,0 days 15:59:05.242821,651153,78.57,78.55,573,1100,586,-30000
696,D,2020-08-31,0 days 15:59:08.242044,648527,78.59,78.57,516,1146,-2626,1374
697,D,2020-08-31,0 days 15:59:14.241835,731454,78.53,78.52,251,888,-4634,13966
698,D,2020-08-31,0 days 15:59:29.243714,753464,78.5,78.49,1507,200,-4324,16176
699,D,2020-08-31,0 days 15:59:35.243517,755064,78.46,78.45,965,243,-2724,10176
700,D,2020-08-31,0 days 15:59:39.242745,757788,78.46,78.45,1711,1300,4840,-2724
701,D,2020-08-31,0 days 15:59:40.243957,756328,78.46,78.45,822,937,-11502,4840
702,D,2020-08-31,0 days 15:59:42.245107,693830,78.45,78.44,1874,2416,73698,-2402
703,D,2020-08-31,0 days 15:59:47.243342,767971,78.49,78.48,400,200,7547,-667
704,DAL,2020-08-31,0 days 15:57:38.289730,465805,30.99,30.98,18507,318,-2629,1071
705,DAL,2020-08-31,0 days 15:57:39.290820,458734,30.99,30.98,18267,6188,1471,-2629
706,DAL,2020-08-31,0 days 15:58:02.291627,444664,30.96,30.95,7443,13653,3088,-1627
707,DAL,2020-08-31,0 days 15:59:14.297955,764958,30.92,30.91,8203,8185,36191,-13699
708,DAL,2020-08-31,0 days 15:59:15.299513,752649,30.92,30.91,6140,11921,-12409,36191
709,DAL,2020-08-31,0 days 15:59:40.283899,775673,30.92,30.91,8623,13671,-12217,812
710,DB,2020-08-31,0 days 15:55:00.284941,75390,9.55,9.54,118850,37627,-4182,18251
711,DB,2020-08-31,0 days 15:56:32.288313,79572,9.54,9.53,64702,88915,1065,-635
712,DB,2020-08-31,0 days 15:59:17.296653,83577,9.53,9.52,141181,89622,-900,236
713,DD,2020-08-31,0 days 15:55:39.247087,426682,55.94,55.93,701,800,25194,-7602
714,DD,2020-08-31,0 days 15:55:41.247371,380976,55.91,55.89,1800,746,-45706,25194
715,DD,2020-08-31,0 days 15:59:14.256747,511648,55.87,55.86,200,943,16533,-90849
716,DD,2020-08-31,0 days 15:59:15.258781,443099,55.88,55.86,250,1943,-80313,16533
717,DD,2020-08-31,0 days 15:59:53.255334,528937,55.87,55.83,481,136,6120,-3651
718,DDD,2020-08-31,0 days 15:59:34.256022,281228,5.51,5.5,21169,26708,7283,-17006
719,DDD,2020-08-31,0 days 15:59:35.256281,275711,5.51,5.5,16610,22777,-3674,7283
720,DDD,2020-08-31,0 days 15:59:45.257457,279385,5.51,5.5,23032,24911,19394,-1869
721,DELL,2020-08-31,0 days 15:55:00.325725,295009,66.21,66.2,533,300,8282,-51687
722,DELL,2020-08-31,0 days 15:55:01.327592,291791,66.24,66.2,939,500,-3218,8282
723,DELL,2020-08-31,0 days 15:55:24.326699,294775,66.2,66.19,1196,624,74,-2326
724,DELL,2020-08-31,0 days 15:55:29.326694,291849,66.21,66.2,1049,608,-2926,74
725,DELL,2020-08-31,0 days 15:55:36.328556,295275,66.28,66.26,689,1400,25474,-3026
726,DELL,2020-08-31,0 days 15:56:24.329885,303331,66.35,66.34,324,1161,-49,751
727,DELL,2020-08-31,0 days 15:56:25.329352,303080,66.35,66.34,424,1446,251,-49
728,DELL,2020-08-31,0 days 15:56:26.328504,303331,66.35,66.34,563,1446,-369,251
729,DELL,2020-08-31,0 days 15:56:28.328441,302800,66.35,66.34,877,2246,531,-169
730,DELL,2020-08-31,0 days 15:57:33.332602,307478,66.29,66.28,1200,1772,-3172,728
731,DELL,2020-08-31,0 days 15:57:34.333247,306530,66.29,66.28,2429,1872,948,-3172
732,DELL,2020-08-31,0 days 15:57:42.332064,307478,66.29,66.28,733,1247,-5352,264
733,DELL,2020-08-31,0 days 15:57:44.332847,306530,66.26,66.22,739,500,2248,-1052
734,DELL,2020-08-31,0 days 15:57:59.333616,307578,66.26,66.25,3016,2387,-1372,128
735,DELL,2020-08-31,0 days 15:58:00.334840,306867,66.24,66.23,639,420,711,-1372
736,DELL,2020-08-31,0 days 15:58:03.334429,307578,66.22,66.21,558,1400,-494,379
737,DELL,2020-08-31,0 days 15:58:04.333984,307272,66.22,66.21,1258,1400,306,-494
738,DELL,2020-08-31,0 days 15:58:09.335084,307578,66.22,66.21,1593,1700,-1244,1156
739,DELL,2020-08-31,0 days 15:58:10.336087,307422,66.22,66.21,1293,2200,156,-1244
740,DELL,2020-08-31,0 days 15:58:11.335815,307578,66.22,66.21,480,2200,-3544,156
741,DELL,2020-08-31,0 days 15:58:12.335430,307422,66.22,66.21,780,2715,156,-3544
742,DELL,2020-08-31,0 days 15:58:14.336067,307578,66.22,66.21,680,3179,-244,156
743,DELL,2020-08-31,0 days 15:59:05.338509,315860,66.2,66.17,1801,1500,5996,-345
744,DELL,2020-08-31,0 days 15:59:06.338730,315356,66.2,66.17,2865,1700,-504,5996
745,DELL,2020-08-31,0 days 15:59:34.338885,314358,66.11,66.1,1119,398,-525,444
746,DELL,2020-08-31,0 days 15:59:42.339338,314932,66.09,66.07,6142,3921,1174,-1417
747,DELL,2020-08-31,0 days 15:59:45.340556,320524,66.09,66.08,3042,300,-4037,475
748,DELL,2020-08-31,0 days 15:59:50.344980,323261,66.08,66.07,3048,110,1882,-718
749,DFS,2020-08-31,0 days 15:59:19.259665,342706,53.16,53.15,300,1859,28293,-20487
750,DFS,2020-08-31,0 days 15:59:20.259259,336899,53.23,53.21,1000,533,-5807,28293
751,DFS,2020-08-31,0 days 15:59:21.260155,342706,53.2,53.18,100,1750,145,-5807
752,DFS,2020-08-31,0 days 15:59:22.260570,312634,53.2,53.19,200,1532,-30072,145
753,DFS,2020-08-31,0 days 15:59:27.259229,344106,53.17,53.15,300,1400,1440,-3546
754,DFS,2020-08-31,0 days 15:59:35.260368,340520,53.17,53.15,6401,1343,-3586,4698
755,DFS,2020-08-31,0 days 15:59:41.261282,344106,53.16,53.13,400,903,11293,-1586
756,DFS,2020-08-31,0 days 15:59:42.263184,342599,53.16,53.15,246,200,-1507,11293
757,DG,2020-08-31,0 days 15:58:48.256529,245599,201.89,201.87,200,100,-2461,1339
758,DG,2020-08-31,0 days 15:58:49.255642,241560,201.91,201.87,200,100,4039,-2461
759,DHI,2020-08-31,0 days 15:55:32.265430,599175,71.34,71.33,3959,411,6244,-19556
760,DHI,2020-08-31,0 days 15:55:33.267376,594019,71.35,71.34,3341,844,-5156,6244
761,DHI,2020-08-31,0 days 15:55:46.266147,599364,71.32,71.31,4148,200,18403,-3897
762,DHI,2020-08-31,0 days 15:55:47.266307,597267,71.32,71.31,100,200,-2097,18403
763,DHI,2020-08-31,0 days 15:55:55.266774,599579,71.36,71.34,400,1800,1239,-2312
764,DHI,2020-08-31,0 days 15:55:56.267224,598201,71.36,71.34,500,1771,-1378,1239
765,DHI,2020-08-31,0 days 15:56:40.266866,599864,71.35,71.34,630,1615,1166,-481
766,DHI,2020-08-31,0 days 15:56:41.266684,598513,71.34,71.33,468,594,-1351,1166
767,DHI,2020-08-31,0 days 15:57:10.269334,601853,71.29,71.28,7285,175,1262,-979
768,DHI,2020-08-31,0 days 15:57:11.269258,600415,71.29,71.28,5024,1047,-1438,1262
769,DHI,2020-08-31,0 days 15:57:33.269408,602732,71.29,71.28,3287,1578,10783,-1417
770,DHI,2020-08-31,0 days 15:58:03.270913,606652,71.41,71.39,1426,2934,-1782,3249
771,DHI,2020-08-31,0 days 15:58:06.271144,606534,71.38,71.37,946,306,318,-4582
772,DHI,2020-08-31,0 days 15:58:25.270830,607834,71.39,71.38,200,1952,174,-3126
773,DHI,2020-08-31,0 days 15:58:27.270818,608208,71.39,71.38,500,1852,-1626,174
774,DHI,2020-08-31,0 days 15:58:28.270968,607834,71.39,71.38,1100,1554,174,-1626
775,DHI,2020-08-31,0 days 15:58:50.274294,599018,71.43,71.42,1200,1600,-8316,374
776,DHI,2020-08-31,0 days 15:58:58.272177,604434,71.44,71.43,200,670,474,-516
777,DHI,2020-08-31,0 days 15:58:59.273588,604211,71.45,71.43,500,605,-223,474
778,DHI,2020-08-31,0 days 15:59:05.276562,605388,71.49,71.47,380,1432,2422,-904
779,DHI,2020-08-31,0 days 15:59:07.274627,605153,71.48,71.47,116,1940,-235,65
780,DHI,2020-08-31,0 days 15:59:19.264016,606079,71.5,71.49,3200,403,13801,-11
781,DHI,2020-08-31,0 days 15:59:41.265646,628942,71.5,71.49,6390,1504,-35637,6183
782,DHI,2020-08-31,0 days 15:59:42.266251,627979,71.5,71.48,6690,1001,963,-35637
783,DHI,2020-08-31,0 days 15:59:46.265539,635645,71.5,71.49,5600,761,-917,8229
784,DHI,2020-08-31,0 days 15:59:50.262712,632154,71.5,71.49,2708,2604,2891,-1109
785,DHT,2020-08-31,0 days 15:59:13.297292,92578,5.3,5.29,26588,40241,-15839,804
786,DIS,2020-08-31,0 days 15:59:20.294494,1280015,132.05,132.02,200,412,-40047,42993
787,DIS,2020-08-31,0 days 15:59:43.283222,1323678,132.0,131.98,928,1158,24697,-18471
788,DIS,2020-08-31,0 days 15:59:55.275748,1330171,132.04,131.98,175,322,27506,-24164
789,DKS,2020-08-31,0 days 15:55:00.246554,120137,54.31,54.3,1612,300,11896,-10117
790,DKS,2020-08-31,0 days 15:55:01.245265,119633,54.31,54.3,1112,100,-504,11896
791,DKS,2020-08-31,0 days 15:56:31.248455,128636,54.2,54.19,947,100,151,-149
792,DKS,2020-08-31,0 days 15:56:32.247928,128387,54.19,54.18,400,534,-249,151
793,DKS,2020-08-31,0 days 15:59:05.256672,134881,54.12,54.11,482,1296,4166,-655
794,DKS,2020-08-31,0 days 15:59:46.257404,163282,54.18,54.16,502,538,-1639,2492
795,DOW,2020-08-31,0 days 15:55:17.232972,494010,45.3,45.29,2505,497,932,-2368
796,DOW,2020-08-31,0 days 15:55:18.232854,491242,45.3,45.28,2205,543,-2768,932
797,DOW,2020-08-31,0 days 15:55:27.234293,494015,45.31,45.3,900,1838,237,-163
798,DOW,2020-08-31,0 days 15:57:12.236462,496949,45.26,45.25,2400,1113,-2430,1169
799,DOW,2020-08-31,0 days 15:58:13.239404,503032,45.2,45.19,4804,200,-7519,5881
800,DOW,2020-08-31,0 days 15:59:04.249213,536692,45.26,45.25,751,900,386,-1190
801,DOW,2020-08-31,0 days 15:59:11.242000,612545,45.23,45.22,1300,200,-5308,15424
802,DOW,2020-08-31,0 days 15:59:33.242732,618293,45.23,45.22,206,1287,3528,-1172
803,DOW,2020-08-31,0 days 15:59:40.243926,619780,45.23,45.22,328,4581,-18297,10287
804,DOW,2020-08-31,0 days 15:59:41.243051,637636,45.23,45.22,600,4525,244,-18297
805,DOW,2020-08-31,0 days 15:59:50.248850,597110,45.22,45.2,980,535,-35750,1870
806,DRI,2020-08-31,0 days 15:55:26.228823,171508,86.99,86.96,790,200,-1279,121
807,DRI,2020-08-31,0 days 15:58:54.234315,175923,87.01,86.97,784,344,-1275,325
808,DRI,2020-08-31,0 days 15:59:01.236131,177198,87.05,87.04,116,316,458,-934
809,DRI,2020-08-31,0 days 15:59:02.234406,176356,87.05,87.04,216,145,-862,458
810,DRI,2020-08-31,0 days 15:59:31.234423,220154,86.86,86.85,102,654,-2467,1101
811,DRI,2020-08-31,0 days 15:59:51.238136,225524,86.79,86.77,352,131,559,-4607
812,DUK,2020-08-31,0 days 15:57:38.262211,488448,80.29,80.28,608,1735,6333,-3667
813,DUK,2020-08-31,0 days 15:58:48.266938,491767,80.36,80.34,700,1028,-198,302
814,DUK,2020-08-31,0 days 15:59:04.270316,495332,80.41,80.4,800,100,37861,-13083
815,DUK,2020-08-31,0 days 15:59:28.257078,561498,80.47,80.46,2327,400,-2544,5190
816,DUK,2020-08-31,0 days 15:59:29.258295,559042,80.46,80.45,500,439,2456,-2544
817,DUK,2020-08-31,0 days 15:59:31.258168,527665,80.42,80.41,1005,100,-8242,2491
818,DUK,2020-08-31,0 days 15:59:34.258057,533807,80.38,80.37,714,100,7643,-4457
819,DUK,2020-08-31,0 days 15:59:44.257738,554485,80.41,80.39,606,1334,1239,-1261
820,DUK,2020-08-31,0 days 15:59:45.259727,560736,80.42,80.41,473,405,-1393,1239
821,DUK,2020-08-31,0 days 15:59:58.253572,560836,80.4,80.34,5613,11484,-1082,7302
822,DUK,2020-08-31,0 days 15:59:59.251192,555219,80.35,80.32,1350,5986,19502,-1082
823,DVN,2020-08-31,0 days 15:59:45.245606,430671,10.89,10.88,42118,23582,7710,-2990
824,DVN,2020-08-31,0 days 15:59:46.244121,426181,10.89,10.88,33782,28877,-4490,7710
825,DXC,2020-08-31,0 days 15:55:00.246955,363276,20.1,20.09,4854,3815,-19767,45424
826,DXC,2020-08-31,0 days 15:55:06.244976,383043,20.08,20.07,3254,2256,1404,-19667
827,DXC,2020-08-31,0 days 15:55:07.244975,374447,20.08,20.07,5145,793,-8596,1404
828,DXC,2020-08-31,0 days 15:59:11.256725,431201,20.08,20.07,900,8353,8584,-3175
829,DXC,2020-08-31,0 days 15:59:33.255239,432035,20.04,20.03,12472,4533,-1593,4232
830,EAF,2020-08-31,0 days 15:59:45.245594,104719,6.67,6.66,11497,7539,6006,-694
831,EAT,2020-08-31,0 days 15:59:06.338591,179818,45.26,45.24,725,1226,6924,-3735
832,EAT,2020-08-31,0 days 15:59:07.337568,176742,45.25,45.24,390,765,-2953,6924
833,EAT,2020-08-31,0 days 15:59:35.337970,182150,45.18,45.17,1124,269,3532,-224
834,EAT,2020-08-31,0 days 15:59:36.338232,180182,45.17,45.15,1784,397,-1244,3532
835,EAT,2020-08-31,0 days 15:59:41.339550,180702,45.15,45.14,383,900,10180,-1244
836,EAT,2020-08-31,0 days 15:59:42.339280,179682,45.15,45.14,492,788,-1020,10180
837,EAT,2020-08-31,0 days 15:59:45.340433,181159,45.13,45.11,456,800,886,-1477
838,EAT,2020-08-31,0 days 15:59:48.341028,180337,45.13,45.12,168,1449,-822,1178
839,EAT,2020-08-31,0 days 15:59:54.343123,180205,45.12,45.1,494,913,108,-4546
840,ELAN,2020-08-31,0 days 15:59:16.338053,457535,29.13,29.12,825,303,2402,-62093
841,ELAN,2020-08-31,0 days 15:59:17.339260,451737,29.14,29.12,1600,1888,-5798,2402
842,ELAN,2020-08-31,0 days 15:59:30.340530,446508,29.11,29.1,500,1200,-4050,2951
843,ELAN,2020-08-31,0 days 15:59:32.338535,450558,29.1,29.09,100,2700,5611,-3850
844,ELAN,2020-08-31,0 days 15:59:33.338214,449969,29.11,29.1,2510,1679,-589,5611
845,ELAN,2020-08-31,0 days 15:59:34.338702,449858,29.11,29.09,2310,2160,311,-589
846,ELAN,2020-08-31,0 days 15:59:41.339375,448280,29.1,29.09,6732,3980,-1578,311
847,ELAN,2020-08-31,0 days 15:59:44.340020,449858,29.09,29.08,571,4204,2406,-1578
848,ELAN,2020-08-31,0 days 15:59:47.337939,421414,29.1,29.09,6000,4638,-28444,1506
849,EMR,2020-08-31,0 days 15:55:01.244995,618240,69.63,69.62,901,300,6493,-13807
850,EMR,2020-08-31,0 days 15:55:23.246422,624748,69.59,69.57,1066,200,-2169,2296
851,EMR,2020-08-31,0 days 15:55:24.246749,619217,69.59,69.57,1066,200,5531,-2169
852,EMR,2020-08-31,0 days 15:57:38.249895,652764,69.6,69.59,1119,532,-10837,2763
853,EMR,2020-08-31,0 days 15:57:39.250102,647095,69.6,69.59,1519,609,5669,-10837
854,EMR,2020-08-31,0 days 15:57:42.250182,652764,69.59,69.58,224,620,-7931,469
855,EMR,2020-08-31,0 days 15:57:43.249947,648895,69.59,69.57,900,307,3869,-7931
856,EMR,2020-08-31,0 days 15:58:02.252686,650990,69.59,69.58,509,572,-6079,2864
857,EMR,2020-08-31,0 days 15:58:03.252078,647769,69.59,69.58,1117,517,3221,-6079
858,EMR,2020-08-31,0 days 15:58:04.252640,650990,69.58,69.57,600,207,-5910,3221
859,EMR,2020-08-31,0 days 15:58:12.253173,650990,69.58,69.57,1206,236,-12410,2990
860,EMR,2020-08-31,0 days 15:58:13.252948,648000,69.56,69.55,400,838,2990,-12410
861,EMR,2020-08-31,0 days 15:58:46.254551,648613,69.6,69.59,808,520,2377,-16323
862,EMR,2020-08-31,0 days 15:59:05.256413,652558,69.61,69.6,1705,100,-15067,2198
863,EMR,2020-08-31,0 days 15:59:06.256837,651425,69.6,69.59,1345,538,1133,-15067
864,EMR,2020-08-31,0 days 15:59:23.254393,648171,69.58,69.57,838,560,5796,-4504
865,EMR,2020-08-31,0 days 15:59:28.254559,653967,69.58,69.56,1426,766,-585,596
866,EMR,2020-08-31,0 days 15:59:29.255419,653152,69.57,69.55,994,900,815,-585
867,EMR,2020-08-31,0 days 15:59:50.261442,656452,69.56,69.54,200,100,725,-18575
868,ENB,2020-08-31,0 days 15:55:00.259692,176901,32.09,32.08,14759,5060,4229,-9033
869,ENB,2020-08-31,0 days 15:59:08.265174,184854,32.05,32.04,3234,24189,-59616,971
870,ENB,2020-08-31,0 days 15:59:47.257492,239583,32.02,32.01,14802,23977,1594,-1149
871,ENLC,2020-08-31,0 days 15:55:00.283666,3246883,3.0,2.99,16915,18767,390650,-226225
872,EOG,2020-08-31,0 days 15:55:31.261477,508337,45.43,45.41,400,801,4836,-2422
873,EOG,2020-08-31,0 days 15:55:55.262233,516378,45.43,45.42,3300,726,-8045,3494
874,EOG,2020-08-31,0 days 15:55:56.262029,515736,45.43,45.42,3600,660,642,-8045
875,EOG,2020-08-31,0 days 15:56:02.263197,515540,45.47,45.45,700,1236,-952,642
876,EOG,2020-08-31,0 days 15:56:03.262260,514692,45.46,45.45,601,1535,848,-952
877,EOG,2020-08-31,0 days 15:56:11.263187,515540,45.46,45.45,1246,1605,-1652,848
878,EOG,2020-08-31,0 days 15:56:12.262169,514892,45.46,45.45,1446,1605,648,-1652
879,EOG,2020-08-31,0 days 15:57:04.263772,515540,45.46,45.45,1784,460,-298,22
880,EOG,2020-08-31,0 days 15:57:05.263245,515038,45.45,45.44,1108,400,502,-298
881,EOG,2020-08-31,0 days 15:57:33.262176,536740,45.47,45.46,1800,2687,-3503,1497
882,EOG,2020-08-31,0 days 15:57:34.261888,535243,45.47,45.46,2000,3098,1497,-3503
883,EOG,2020-08-31,0 days 15:57:47.262318,537440,45.48,45.47,814,3175,-2889,355
884,EOG,2020-08-31,0 days 15:57:49.261226,537429,45.48,45.47,1020,2726,2055,-1189
885,EOG,2020-08-31,0 days 15:57:55.261760,541240,45.48,45.47,1993,2377,-289,1255
886,EOG,2020-08-31,0 days 15:57:57.261782,542429,45.47,45.46,3359,1236,3711,-1189
887,EOG,2020-08-31,0 days 15:58:02.263592,541961,45.46,45.45,2781,726,-538,4562
888,EOG,2020-08-31,0 days 15:58:10.263314,543764,45.45,45.44,4052,816,2447,-353
889,EOG,2020-08-31,0 days 15:58:56.266597,542411,45.45,45.44,200,900,-7398,6179
890,EOG,2020-08-31,0 days 15:59:30.259687,572146,45.46,45.45,1532,1254,-9793,13821
891,EOG,2020-08-31,0 days 15:59:31.258140,571139,45.44,45.43,1764,503,3073,-9793
892,EOG,2020-08-31,0 days 15:59:41.257907,574212,45.45,45.44,2600,995,-5527,773
893,EOG,2020-08-31,0 days 15:59:42.259939,572839,45.44,45.43,500,1291,1373,-5527
894,EPD,2020-08-31,0 days 15:55:45.230993,386729,17.53,17.52,18113,4511,-1397,5303
895,EPD,2020-08-31,0 days 15:55:46.229984,380826,17.53,17.52,18113,3411,5403,-1397
896,EPD,2020-08-31,0 days 15:55:57.230903,380904,17.55,17.54,11853,5301,-522,4803
897,EPD,2020-08-31,0 days 15:56:01.231997,372064,17.55,17.54,5830,10275,2940,-6460
898,EPD,2020-08-31,0 days 15:59:28.233303,376368,17.55,17.54,11592,8200,-4636,2464
899,EPD,2020-08-31,0 days 15:59:29.234378,375004,17.55,17.54,14692,5100,1364,-4636
900,EPD,2020-08-31,0 days 15:59:46.235617,376368,17.55,17.54,3188,18867,-5336,1364
901,EPD,2020-08-31,0 days 15:59:47.234589,374870,17.55,17.54,1678,23510,1498,-5336
902,EQNR,2020-08-31,0 days 15:59:04.263945,57539,16.1,16.09,36049,53218,-1927,2035
903,EQNR,2020-08-31,0 days 15:59:19.254540,69479,16.09,16.08,58528,52951,-14714,1329
904,EQT,2020-08-31,0 days 15:59:32.283616,460483,15.92,15.91,6740,400,26662,-4094
905,EQT,2020-08-31,0 days 15:59:33.283435,452045,15.91,15.9,1428,14499,-8138,26662
906,EQT,2020-08-31,0 days 15:59:47.283327,469718,15.92,15.91,3326,6736,-4991,145
907,ERJ,2020-08-31,0 days 15:55:34.234361,116173,5.3,5.29,22883,21825,1986,-2409
908,ERJ,2020-08-31,0 days 15:55:35.234308,114264,5.3,5.29,22811,22025,-1909,1986
909,ERJ,2020-08-31,0 days 15:59:14.241953,118238,5.3,5.29,13096,44848,5270,-930
910,ESRT,2020-08-31,0 days 15:55:00.258688,356488,6.31,6.3,12274,16893,-97291,217317
911,ET,2020-08-31,0 days 15:59:25.232359,736006,6.45,6.44,84620,51194,80200,-114170
912,ET,2020-08-31,0 days 15:59:26.232638,727006,6.45,6.44,84720,80189,-9000,80200
913,ETRN,2020-08-31,0 days 15:59:40.264809,1578369,10.27,10.26,14366,11729,-49625,17077
914,ETRN,2020-08-31,0 days 15:59:41.265374,1572294,10.27,10.26,14188,12351,5575,-49625
915,ETRN,2020-08-31,0 days 15:59:47.264164,1557004,10.27,10.26,5049,16523,1368,-3428
916,EVRG,2020-08-31,0 days 15:55:56.247635,224034,53.22,53.21,100,359,-1683,2729
917,EVRG,2020-08-31,0 days 15:55:57.247355,221817,53.23,53.21,200,405,2217,-1683
918,EVRG,2020-08-31,0 days 15:57:22.249683,229834,53.26,53.25,5069,1602,-97,177
919,EVRG,2020-08-31,0 days 15:57:39.250233,228131,53.26,53.25,7074,6612,1703,-97
920,EVRG,2020-08-31,0 days 15:57:40.250354,229834,53.26,53.25,6169,6712,-97,1703
921,EVRG,2020-08-31,0 days 15:57:42.250302,226831,53.26,53.25,7069,7312,3003,-97
922,EVRG,2020-08-31,0 days 15:57:44.251329,229834,53.26,53.25,9685,7965,-1397,3003
923,EVRG,2020-08-31,0 days 15:57:49.250661,223731,53.26,53.25,9887,6913,6803,-597
924,EVRG,2020-08-31,0 days 15:59:45.258891,249993,53.26,53.25,8387,2568,-7843,9357
925,EW,2020-08-31,0 days 15:59:40.339297,744980,85.96,85.94,1112,3129,1892,-6447
926,EW,2020-08-31,0 days 15:59:46.339051,710443,85.97,85.95,700,1878,-37366,56
927,EW,2020-08-31,0 days 16:00:00.336931,737617,85.85,85.83,11500,37267,10133,-8416
928,EXK,2020-08-31,0 days 15:59:36.338309,8033,4.17,4.16,239354,84373,4699,-5601
929,EXK,2020-08-31,0 days 15:59:37.337663,7732,4.17,4.16,238791,84673,-301,4699
930,FCX,2020-08-31,0 days 15:58:18.253238,1360102,15.64,15.63,50489,59423,-2251,8149
931,FCX,2020-08-31,0 days 15:59:07.255304,1379728,15.65,15.64,24963,58333,1755,-14709
932,FCX,2020-08-31,0 days 15:59:13.256398,1395871,15.65,15.64,60557,23083,-47332,30551
933,FDX,2020-08-31,0 days 15:55:29.326560,141596,220.38,220.32,190,407,5899,-1011
934,FDX,2020-08-31,0 days 15:57:37.333320,151818,220.38,220.33,100,715,-515,285
935,FDX,2020-08-31,0 days 15:58:17.334492,153017,220.25,220.21,1079,703,-730,270
936,FDX,2020-08-31,0 days 15:58:48.337139,158012,220.44,220.3,100,1233,-2498,102
937,FDX,2020-08-31,0 days 15:58:55.336830,158012,220.4,220.31,300,900,-831,369
938,FDX,2020-08-31,0 days 15:59:05.338137,162601,220.54,220.48,600,500,-6466,1396
939,FDX,2020-08-31,0 days 15:59:06.338405,168505,220.47,220.45,481,191,1196,-6466
940,FDX,2020-08-31,0 days 15:59:39.337880,173704,220.16,220.1,1211,200,-2597,3909
941,FDX,2020-08-31,0 days 15:59:40.339138,176401,220.12,220.08,502,100,3203,-2597
942,FDX,2020-08-31,0 days 15:59:50.343951,176004,220.12,220.05,1369,200,-2534,4763
943,FE,2020-08-31,0 days 15:55:15.232979,646406,28.64,28.63,2955,1013,1093,-7
944,FE,2020-08-31,0 days 15:57:46.237268,725252,28.63,28.62,5697,800,-12597,6617
945,FE,2020-08-31,0 days 15:57:47.238561,732264,28.62,28.61,4265,701,7388,-12597
946,FE,2020-08-31,0 days 15:58:00.240084,740847,28.64,28.63,3289,5700,-702,6917
947,FE,2020-08-31,0 days 15:58:01.239584,735035,28.64,28.63,1705,5600,5812,-702
948,FE,2020-08-31,0 days 15:58:04.239428,740847,28.62,28.61,4515,600,-44975,5812
949,FE,2020-08-31,0 days 15:58:05.239327,740007,28.62,28.61,5215,1100,840,-44975
950,FE,2020-08-31,0 days 15:58:07.239372,742787,28.62,28.61,5126,541,-3598,840
951,FE,2020-08-31,0 days 15:58:08.239731,741085,28.61,28.6,2506,800,1702,-3598
952,FE,2020-08-31,0 days 15:58:12.239371,742787,28.61,28.6,2308,2812,-1398,1702
953,FE,2020-08-31,0 days 15:58:13.239461,733571,28.61,28.6,2608,3212,7276,-1398
954,FE,2020-08-31,0 days 15:58:42.240243,739783,28.63,28.62,4408,337,1064,-1236
955,FE,2020-08-31,0 days 15:59:15.242907,950711,28.63,28.62,11204,2912,-25858,19404
956,FE,2020-08-31,0 days 15:59:16.243250,939284,28.61,28.6,2307,2310,17623,-25858
957,FE,2020-08-31,0 days 15:59:24.242348,958847,28.61,28.6,3444,2443,-5051,15649
958,FE,2020-08-31,0 days 15:59:29.243760,945053,28.61,28.6,6447,4100,13794,-10806
959,FE,2020-08-31,0 days 15:59:30.246178,958847,28.61,28.6,4382,4200,-63806,13794
960,FE,2020-08-31,0 days 15:59:31.244495,949952,28.6,28.59,5848,626,23295,-63806
961,FHN,2020-08-31,0 days 15:59:13.256398,439776,9.57,9.56,41957,18347,-73288,4455
962,FIS,2020-08-31,0 days 15:59:32.257059,630120,150.96,150.93,1193,330,7612,-10623
963,FIS,2020-08-31,0 days 15:59:33.257558,617264,151.05,151.02,100,110,-12856,7612
964,FIS,2020-08-31,0 days 15:59:40.257945,630620,151.1,151.06,1037,800,6494,-9462
965,FIS,2020-08-31,0 days 15:59:41.257762,629310,151.15,151.1,930,729,-1310,6494
966,FIS,2020-08-31,0 days 15:59:55.258856,630302,150.96,150.85,550,2600,1516,-1522
967,FIS,2020-08-31,0 days 15:59:57.255812,618011,151.31,151.3,11675,220,-22329,4566
968,FIS,2020-08-31,0 days 16:00:00.250221,630302,150.9,150.84,12242,23610,8863,-4975
969,FRO,2020-08-31,0 days 15:55:40.261417,110236,8.0,7.99,15974,7572,2569,-1062
970,FRO,2020-08-31,0 days 15:55:41.260959,105605,8.0,7.99,14074,5872,-4631,2569
971,FRO,2020-08-31,0 days 15:56:32.261986,110236,7.99,7.98,14727,27781,368,-1332
972,FRO,2020-08-31,0 days 15:57:33.261977,105504,7.99,7.98,16843,26463,-4832,268
973,FSLY,2020-08-31,0 days 15:57:50.333212,107382,92.84,92.78,375,125,-532,1668
974,FSLY,2020-08-31,0 days 15:57:51.332812,100714,92.82,92.77,375,175,11068,-532
975,FSLY,2020-08-31,0 days 15:58:53.337194,108366,92.85,92.83,1360,100,-13,6987
976,FSLY,2020-08-31,0 days 15:58:54.336148,105779,92.83,92.8,675,189,6987,-13
977,FSLY,2020-08-31,0 days 15:58:56.336831,108366,92.84,92.82,100,100,-13,6987
978,FSLY,2020-08-31,0 days 15:59:00.340890,108419,92.83,92.81,1455,100,47,-53
979,FSLY,2020-08-31,0 days 15:59:07.337418,115985,92.83,92.8,1855,304,406,-6994
980,FSLY,2020-08-31,0 days 15:59:23.337361,117669,92.82,92.8,344,236,-581,4519
981,FSLY,2020-08-31,0 days 15:59:33.338214,114750,92.83,92.82,391,591,3382,-2018
982,FSLY,2020-08-31,0 days 15:59:42.339108,120632,92.84,92.82,7500,200,-4452,648
983,FSM,2020-08-31,0 days 15:55:56.247635,30010,7.29,7.28,38533,70633,-251,4849
984,FTCH,2020-08-31,0 days 15:55:39.230009,134827,27.74,27.73,979,114,1426,-1006
985,FTCH,2020-08-31,0 days 15:55:40.230234,130253,27.74,27.73,979,114,-4389,1426
986,FTCH,2020-08-31,0 days 15:58:05.233392,135062,27.71,27.7,1124,500,21073,-1742
987,FTCH,2020-08-31,0 days 15:58:06.233126,133435,27.71,27.7,700,248,-1627,21073
988,FTI,2020-08-31,0 days 15:55:00.283684,315144,7.73,7.72,12418,28352,-148816,50483
989,FTI,2020-08-31,0 days 15:58:02.291466,476188,7.72,7.71,41822,48643,4403,-15197
990,FTI,2020-08-31,0 days 15:58:03.291418,471291,7.72,7.71,40322,50191,-4897,4403
991,FTI,2020-08-31,0 days 15:59:17.296320,509215,7.72,7.71,58439,38533,3025,-17078
992,FTI,2020-08-31,0 days 15:59:47.283173,509986,7.72,7.71,74384,21833,-2168,2832
993,FTV,2020-08-31,0 days 15:59:13.297343,215365,72.16,72.14,817,500,30219,-7751
994,GCI,2020-08-31,0 days 15:57:44.251321,162841,1.74,1.73,13264,12013,-192,208
995,GE,2020-08-31,0 days 15:59:18.259074,6788070,6.35,6.34,742840,167539,17029,-37971
996,GE,2020-08-31,0 days 15:59:25.259987,6806512,6.36,6.35,744316,527244,-64130,219307
997,GEL,2020-08-31,0 days 15:59:45.286410,330189,5.36,5.35,5700,57658,1957,-1261
998,GEL,2020-08-31,0 days 15:59:47.283269,326893,5.36,5.35,5500,58758,-3296,8937
999,GEL,2020-08-31,0 days 16:00:00.296145,330189,5.33,5.31,8879,6910,27622,-17117
1000,GFI,2020-08-31,0 days 15:55:00.246611,1222325,13.05,13.04,15003,17180,47864,-359093
1001,GFI,2020-08-31,0 days 15:55:01.245265,1200089,13.05,13.04,6444,30577,-22236,47864
1002,GFI,2020-08-31,0 days 15:59:16.256424,1392067,13.04,13.03,23518,37098,107855,-24271
1003,GFI,2020-08-31,0 days 15:59:17.254891,1374767,13.04,13.03,16455,39199,-17300,107855
1004,GFI,2020-08-31,0 days 15:59:32.255853,1409312,13.04,13.03,29236,41321,8927,-17999
1005,GFI,2020-08-31,0 days 15:59:33.255212,1398078,13.04,13.03,28336,40134,-1434,8927
1006,GFI,2020-08-31,0 days 15:59:40.256520,1399512,13.04,13.03,28054,38313,1116,-1434
1007,GFI,2020-08-31,0 days 15:59:46.257392,1452917,13.04,13.03,25453,44320,325,-40620
1008,GFI,2020-08-31,0 days 15:59:48.258418,1442042,13.04,13.03,19440,47264,-10875,325
1009,GFL,2020-08-31,0 days 15:55:26.326689,30747,18.26,18.25,3388,2559,6929,-971
1010,GFL,2020-08-31,0 days 15:59:45.340494,37691,18.24,18.23,800,1100,-1731,41480
1011,GGB,2020-08-31,0 days 15:59:18.338224,52050,3.51,3.5,675012,34794,12561,-13308
1012,GGB,2020-08-31,0 days 15:59:36.338274,72080,3.5,3.49,544545,346863,-16970,20030
1013,GGB,2020-08-31,0 days 15:59:37.337652,71050,3.5,3.49,546145,313563,4253,-16970
1014,GIS,2020-08-31,0 days 15:59:18.254149,543271,64.0,63.99,681,1544,3802,-2998
1015,GIS,2020-08-31,0 days 15:59:28.253875,547073,64.01,64.0,1194,1598,-4315,787
1016,GIS,2020-08-31,0 days 15:59:29.255349,543888,64.01,64.0,3280,715,3185,-4315
1017,GIS,2020-08-31,0 days 15:59:40.256664,547073,64.01,64.0,1593,2149,-162,538
1018,GIS,2020-08-31,0 days 15:59:41.256479,548178,64.01,64.0,2658,1612,2324,-162
1019,GIS,2020-08-31,0 days 15:59:43.255508,550502,64.01,64.0,2692,327,-1709,1553
1020,GIS,2020-08-31,0 days 15:59:45.257908,549230,64.0,63.99,736,2259,1272,-1809
1021,GIS,2020-08-31,0 days 15:59:47.255400,550502,64.02,64.01,1050,1658,-59,20776
1022,GIS,2020-08-31,0 days 15:59:50.260778,528240,64.02,64.01,1592,789,22262,-1379
1023,GLW,2020-08-31,0 days 15:55:00.231703,614702,32.5,32.49,2786,5581,5160,-101909
1024,GLW,2020-08-31,0 days 15:58:00.240118,708530,32.47,32.46,32528,9652,-631,10638
1025,GLW,2020-08-31,0 days 15:58:02.239533,709161,32.47,32.46,32352,9628,3012,-631
1026,GLW,2020-08-31,0 days 15:59:01.243426,717286,32.48,32.47,8010,10712,348,-8050
1027,GLW,2020-08-31,0 days 15:59:28.242361,731566,32.48,32.47,11408,13680,-3326,10678
1028,GM,2020-08-31,0 days 15:55:19.246195,1155368,29.69,29.68,9462,9076,-206,3894
1029,GM,2020-08-31,0 days 15:55:23.246496,1156574,29.69,29.68,14277,5992,174,-826
1030,GM,2020-08-31,0 days 15:57:38.249915,1171382,29.66,29.65,12199,9141,-12126,12174
1031,GM,2020-08-31,0 days 15:57:39.250130,1162108,29.66,29.65,15058,4803,9274,-12126
1032,GM,2020-08-31,0 days 15:57:53.250339,1172082,29.65,29.64,17430,3702,-26,3674
1033,GM,2020-08-31,0 days 15:57:55.252444,1160108,29.65,29.64,20352,1091,11274,-26
1034,GM,2020-08-31,0 days 15:58:09.252577,1165343,29.64,29.63,14906,8863,-984,3716
1035,GM,2020-08-31,0 days 15:58:10.252835,1163727,29.64,29.63,18999,5086,916,-984
1036,GM,2020-08-31,0 days 15:58:11.253124,1165343,29.64,29.63,18105,6736,-784,916
1037,GM,2020-08-31,0 days 15:58:12.253197,1163727,29.64,29.63,21205,3932,916,-784
1038,GM,2020-08-31,0 days 15:58:16.252635,1165343,29.64,29.63,15219,6663,-11184,3716
1039,GM,2020-08-31,0 days 15:58:17.253377,1161027,29.64,29.63,22415,2118,4316,-11184
1040,GM,2020-08-31,0 days 15:58:39.254048,1161427,29.66,29.65,12169,8124,3216,-7984
1041,GM,2020-08-31,0 days 15:59:37.254889,1191470,29.65,29.64,30697,3383,8294,-8263
1042,GM,2020-08-31,0 days 15:59:40.256358,1202264,29.65,29.64,15722,28192,-9463,8194
1043,GM,2020-08-31,0 days 15:59:41.256332,1211922,29.65,29.64,26657,14040,35542,-9463
1044,GM,2020-08-31,0 days 15:59:42.258603,1204164,29.65,29.64,21789,15728,-5658,35542
1045,GM,2020-08-31,0 days 15:59:47.255824,1232025,29.66,29.65,22155,5755,23798,-61348
1046,GME,2020-08-31,0 days 15:55:00.283621,263509,6.66,6.65,5012,5829,2191,-53153
1047,GME,2020-08-31,0 days 15:55:56.287804,266500,6.7,6.69,1782,4668,-11176,1496
1048,GME,2020-08-31,0 days 15:55:57.288526,265576,6.7,6.69,3503,3568,1151,-11176
1049,GME,2020-08-31,0 days 15:57:44.289725,271396,6.68,6.67,6480,11207,-2,298
1050,GME,2020-08-31,0 days 15:57:47.290382,271398,6.68,6.67,5158,5259,598,-2
1051,GME,2020-08-31,0 days 15:57:59.290535,272336,6.7,6.69,1200,7055,-562,938
1052,GME,2020-08-31,0 days 15:58:09.291704,272336,6.69,6.68,4111,5707,-1756,1538
1053,GME,2020-08-31,0 days 15:58:10.293511,271592,6.69,6.68,4686,4807,744,-1756
1054,GME,2020-08-31,0 days 15:58:30.293868,271792,6.69,6.68,12633,11858,643,-257
1055,GME,2020-08-31,0 days 15:58:39.293405,272435,6.7,6.69,7839,6025,-1457,143
1056,GME,2020-08-31,0 days 15:58:40.295124,268392,6.7,6.69,12739,4025,4043,-1457
1057,GME,2020-08-31,0 days 15:59:13.297216,293627,6.7,6.69,19901,11713,1002,-1298
1058,GME,2020-08-31,0 days 15:59:14.297630,293229,6.7,6.69,18867,9964,-398,1002
1059,GME,2020-08-31,0 days 15:59:34.284884,291229,6.69,6.68,7689,23479,-198,1002
1060,GOLD,2020-08-31,0 days 15:55:00.284488,315936,29.71,29.7,25937,15319,94864,-96823
1061,GOLD,2020-08-31,0 days 15:58:09.291862,331716,29.71,29.7,6309,81975,-13742,14558
1062,GOLD,2020-08-31,0 days 15:58:10.293661,331558,29.71,29.7,5809,68875,158,-13742
1063,GOLD,2020-08-31,0 days 15:58:13.292014,331716,29.71,29.7,4788,69385,-10942,14458
1064,GOLD,2020-08-31,0 days 15:58:14.301309,317258,29.71,29.7,5488,62370,14458,-10942
1065,GOLD,2020-08-31,0 days 15:58:26.293544,331716,29.71,29.7,39905,30002,-12842,14458
1066,GOLD,2020-08-31,0 days 15:58:27.293756,317258,29.71,29.7,3496,58221,14458,-12842
1067,GOLD,2020-08-31,0 days 15:59:01.300429,331975,29.72,29.71,43957,10466,-3983,11528
1068,GOLD,2020-08-31,0 days 15:59:02.297122,329858,29.72,29.71,50407,6966,2117,-3983
1069,GOLD,2020-08-31,0 days 15:59:15.299513,338420,29.68,29.67,15270,28574,-528,6842
1070,GPK,2020-08-31,0 days 15:59:28.253988,362228,14.01,14.0,35471,9281,355,-6925
1071,GPK,2020-08-31,0 days 15:59:35.255301,350859,14.0,13.99,23933,15733,-11369,7131
1072,GPK,2020-08-31,0 days 15:59:41.256499,362228,14.0,13.99,35064,24665,1213,-9119
1073,GPK,2020-08-31,0 days 15:59:49.255153,362228,14.0,13.99,32635,10372,4974,-4148
1074,GPK,2020-08-31,0 days 15:59:50.261189,323398,14.0,13.99,31268,7676,-38830,4974
1075,GPS,2020-08-31,0 days 15:59:42.266545,415519,17.4,17.39,26257,32223,25562,-238
1076,GPS,2020-08-31,0 days 15:59:43.265136,414881,17.4,17.39,27634,26558,-638,25562
1077,GS,2020-08-31,0 days 15:55:33.247049,234360,205.13,205.09,282,498,-458,642
1078,GS,2020-08-31,0 days 15:55:34.247376,234818,205.08,205.03,200,300,241,-458
1079,GS,2020-08-31,0 days 15:56:59.247101,241652,205.02,204.99,100,300,-2171,529
1080,GS,2020-08-31,0 days 15:57:00.250621,240723,204.95,204.92,100,200,929,-2171
1081,GS,2020-08-31,0 days 15:57:42.249582,242764,205.03,204.97,200,1209,-1133,267
1082,GS,2020-08-31,0 days 15:57:43.249290,242097,205.03,204.97,300,1209,667,-1133
1083,GS,2020-08-31,0 days 15:57:46.250281,242564,205.01,204.98,100,680,-206,367
1084,GS,2020-08-31,0 days 15:57:47.251891,242070,205.01,204.98,200,500,494,-206
1085,GS,2020-08-31,0 days 15:57:52.250338,242564,205.01,204.99,900,100,-706,494
1086,GS,2020-08-31,0 days 15:57:53.249555,242170,205.01,204.99,200,100,394,-706
1087,GS,2020-08-31,0 days 15:57:55.251678,242564,205.01,204.99,302,300,-1306,394
1088,GS,2020-08-31,0 days 15:57:56.249981,242170,205.01,204.99,302,400,394,-1306
1089,GS,2020-08-31,0 days 15:57:58.250975,242564,205.01,204.99,502,913,-1306,194
1090,GS,2020-08-31,0 days 15:58:00.252628,240770,204.95,204.93,297,400,2066,-3906
1091,GS,2020-08-31,0 days 15:58:03.252052,242836,204.94,204.93,220,335,-534,766
1092,GS,2020-08-31,0 days 15:58:06.251788,242670,204.9,204.89,229,400,166,-834
1093,GS,2020-08-31,0 days 15:58:21.252636,247052,205.01,204.95,301,324,-1366,806
1094,GS,2020-08-31,0 days 15:58:22.252960,246218,205.01,204.98,301,200,834,-1366
1095,GS,2020-08-31,0 days 15:58:45.253560,246154,205.13,205.07,400,511,-164,534
1096,GS,2020-08-31,0 days 15:58:46.254485,245418,205.13,205.07,300,511,736,-164
1097,GS,2020-08-31,0 days 15:58:48.256921,246154,205.16,205.11,100,300,-1017,736
1098,GS,2020-08-31,0 days 15:58:49.253870,245571,205.19,205.12,300,311,583,-1017
1099,GS,2020-08-31,0 days 15:59:00.259783,246286,205.27,205.21,200,319,-3631,240
1100,GS,2020-08-31,0 days 15:59:01.259223,245968,205.27,205.22,300,282,318,-3631
1101,GS,2020-08-31,0 days 15:59:05.256362,247784,205.22,205.19,300,119,-295,1681
1102,GS,2020-08-31,0 days 15:59:06.256678,247379,205.19,205.17,400,200,405,-295
1103,GS,2020-08-31,0 days 15:59:32.255546,243276,205.02,204.96,612,100,-701,708
1104,GS,2020-08-31,0 days 15:59:34.257381,242077,204.93,204.89,1000,100,1594,-401
1105,GS,2020-08-31,0 days 15:59:40.256254,246020,204.98,204.93,268,100,-3068,2193
1106,GS,2020-08-31,0 days 15:59:44.256433,247988,204.93,204.88,1100,100,9440,-1968
1107,GSK,2020-08-31,0 days 15:59:46.284866,98203,39.64,39.63,13277,1700,7020,-180
1108,GSK,2020-08-31,0 days 15:59:47.283363,97123,39.64,39.63,11977,2700,-1080,7020
1109,GSX,2020-08-31,0 days 15:59:16.259457,302131,85.79,85.66,144,994,-31601,127436
1110,GSX,2020-08-31,0 days 15:59:17.258793,283442,85.59,85.12,400,728,26289,-31601
1111,GSX,2020-08-31,0 days 15:59:20.258030,307331,85.48,85.19,517,827,-1511,1489
1112,GSX,2020-08-31,0 days 15:59:21.256404,301280,85.48,85.19,2417,427,6051,-1511
1113,GSX,2020-08-31,0 days 15:59:29.257915,304888,85.45,85.2,117,1424,-9984,6208
1114,GSX,2020-08-31,0 days 15:59:30.259487,303772,85.45,85.24,249,1031,1116,-9984
1115,GSX,2020-08-31,0 days 15:59:34.257778,301580,85.67,85.53,1000,628,908,-10533
1116,GSX,2020-08-31,0 days 15:59:49.256699,302488,85.61,85.43,1186,200,-2834,679
1117,GSX,2020-08-31,0 days 15:59:50.261678,287121,85.6,85.32,586,100,17767,-2834
1118,GSX,2020-08-31,0 days 15:59:52.256916,302488,85.66,85.37,500,227,-9769,1821
1119,GSX,2020-08-31,0 days 15:59:54.258432,299802,85.66,85.33,727,100,5086,-9769
1120,GSX,2020-08-31,0 days 15:59:58.253197,304888,85.66,85.35,3966,2400,-230,4086
1121,HAL,2020-08-31,0 days 15:58:06.251295,1214532,16.16,16.15,16825,61185,-16561,27239
1122,HAL,2020-08-31,0 days 15:58:40.254969,1274121,16.16,16.15,64368,17465,14511,-62689
1123,HAL,2020-08-31,0 days 15:58:56.256029,1365872,16.19,16.18,27200,38153,5323,-14389
1124,HBI,2020-08-31,0 days 15:55:45.247440,435961,15.36,15.35,9429,10019,4794,-1506
1125,HBI,2020-08-31,0 days 15:55:46.247535,427355,15.36,15.35,9729,11019,-8606,4794
1126,HBI,2020-08-31,0 days 15:58:04.252862,514909,15.32,15.31,12666,18080,312,-6088
1127,HBI,2020-08-31,0 days 15:58:08.253044,503021,15.32,15.31,14700,20909,-11888,312
1128,HBI,2020-08-31,0 days 15:59:17.254904,659661,15.32,15.31,17180,24377,-3411,8989
1129,HBI,2020-08-31,0 days 15:59:38.255826,664776,15.31,15.3,19227,21247,-149,1646
1130,HBI,2020-08-31,0 days 15:59:40.256534,664925,15.31,15.3,6083,28189,5857,-149
1131,HBI,2020-08-31,0 days 15:59:42.258835,660880,15.32,15.31,26199,4426,-4045,6488
1132,HD,2020-08-31,0 days 15:59:41.283935,937966,285.14,285.11,200,125,-14928,2188
1133,HD,2020-08-31,0 days 15:59:43.283148,952894,285.14,285.1,200,325,64,-2404
1134,HD,2020-08-31,0 days 15:59:44.283962,952958,285.16,285.11,100,125,-136,64
1135,HD,2020-08-31,0 days 15:59:45.286449,953094,285.17,285.13,225,125,2894,-136
1136,HD,2020-08-31,0 days 15:59:46.284540,930709,285.32,285.23,225,1048,-22634,2894
1137,HD,2020-08-31,0 days 15:59:51.276711,953343,285.31,285.23,450,394,5293,-24343
1138,HEXO,2020-08-31,0 days 15:57:10.251509,235,0.72,0.71,43800,58173,-1028,133
1139,HFC,2020-08-31,0 days 15:56:41.247736,7737164,23.84,23.83,8127,1000,-7310,12190
1140,HFC,2020-08-31,0 days 15:57:03.248302,7744817,23.82,23.81,5076,3000,165107,-4823
1141,HFC,2020-08-31,0 days 15:57:04.248827,7669117,23.85,23.84,2000,805,-75700,165107
1142,HFC,2020-08-31,0 days 15:57:35.249974,7730192,23.87,23.86,5292,685,-14805,26395
1143,HFC,2020-08-31,0 days 15:57:44.251280,7744997,23.87,23.86,7676,3571,29895,-15705
1144,HFC,2020-08-31,0 days 15:57:45.250431,7738692,23.87,23.86,7303,4558,-6305,29895
1145,HFC,2020-08-31,0 days 15:57:46.250442,7744997,23.87,23.86,7408,5038,1195,-6305
1146,HFC,2020-08-31,0 days 15:57:47.252086,7743092,23.88,23.87,5867,2227,-5005,1195
1147,HFC,2020-08-31,0 days 15:57:57.250891,7733361,23.9,23.89,5611,1097,-15884,26516
1148,HFC,2020-08-31,0 days 15:58:03.252230,7928629,23.86,23.85,1586,2140,70963,-65816
1149,HFC,2020-08-31,0 days 15:58:04.252811,7769061,23.88,23.87,3958,485,-160716,70963
1150,HFC,2020-08-31,0 days 15:59:34.257598,7955797,23.9,23.89,2890,1719,34722,-16053
1151,HFC,2020-08-31,0 days 15:59:39.255764,7791620,23.91,23.9,4852,1019,-164177,352609
1152,HFC,2020-08-31,0 days 15:59:40.256510,7955797,23.89,23.87,2500,700,98456,-164177
1153,HFC,2020-08-31,0 days 15:59:41.256445,7951320,23.9,23.89,1027,1286,-4477,98456
1154,HL,2020-08-31,0 days 15:55:49.260850,546640,6.04,6.03,125283,40037,-7484,12250
1155,HL,2020-08-31,0 days 15:55:50.259839,530424,6.04,6.03,141683,23908,15516,-7484
1156,HL,2020-08-31,0 days 15:58:02.265632,542083,6.03,6.02,104490,58069,-1244,4913
1157,HL,2020-08-31,0 days 15:58:03.265543,527527,6.03,6.02,102160,59881,14556,-1244
1158,HL,2020-08-31,0 days 15:59:05.269691,546036,6.03,6.02,87690,73867,-26428,2209
1159,HL,2020-08-31,0 days 15:59:06.269458,537964,6.03,6.02,88590,72085,8072,-26428
1160,HL,2020-08-31,0 days 15:59:16.260634,553136,6.03,6.02,118898,60656,-139459,36680
1161,HLF,2020-08-31,0 days 15:55:20.261161,79812,49.34,49.32,400,414,-331,6699
1162,HLF,2020-08-31,0 days 15:57:26.260945,97446,49.36,49.33,264,534,-2460,2840
1163,HLF,2020-08-31,0 days 15:57:45.262107,93576,49.31,49.3,303,780,3870,-3556
1164,HLF,2020-08-31,0 days 15:58:23.263297,99494,49.3,49.27,2780,765,-808,4730
1165,HLF,2020-08-31,0 days 15:58:30.263822,96402,49.3,49.27,2672,1180,3092,-808
1166,HLF,2020-08-31,0 days 15:58:54.265498,99494,49.3,49.26,859,400,-1466,1872
1167,HLF,2020-08-31,0 days 15:59:00.270739,95422,49.3,49.29,851,350,4268,-1912
1168,HLT,2020-08-31,0 days 15:55:00.264979,207493,90.75,90.73,423,300,4444,-37232
1169,HLT,2020-08-31,0 days 15:57:44.270200,224108,90.53,90.52,200,206,-1425,75
1170,HLT,2020-08-31,0 days 15:57:45.270095,219669,90.53,90.51,488,521,4139,-1425
1171,HLT,2020-08-31,0 days 15:57:47.270481,224208,90.52,90.51,200,200,-1061,1339
1172,HLT,2020-08-31,0 days 15:57:55.270665,223333,90.52,90.49,603,811,532,-268
1173,HLT,2020-08-31,0 days 15:57:56.270524,224365,90.52,90.49,561,800,-468,532
1174,HLT,2020-08-31,0 days 15:57:57.270570,219433,90.52,90.49,761,700,4432,-468
1175,HLT,2020-08-31,0 days 15:58:21.272236,226331,90.5,90.47,400,300,-719,7203
1176,HLT,2020-08-31,0 days 15:58:22.272252,223450,90.46,90.45,100,300,2281,-719
1177,HLT,2020-08-31,0 days 15:58:45.274691,226631,90.48,90.45,400,417,-519,3381
1178,HLT,2020-08-31,0 days 15:58:46.273887,219250,90.46,90.44,393,200,6881,-519
1179,HLT,2020-08-31,0 days 15:59:00.278517,227367,90.44,90.41,156,344,-19243,3057
1180,HLT,2020-08-31,0 days 15:59:01.277319,226510,90.43,90.41,429,725,46,-19243
1181,HLT,2020-08-31,0 days 15:59:14.276106,235783,90.43,90.39,340,2420,-8246,3980
1182,HLT,2020-08-31,0 days 15:59:46.265875,241808,90.41,90.4,200,300,-982,2435
1183,HLT,2020-08-31,0 days 15:59:47.264838,241090,90.41,90.4,100,100,860,-982
1184,HON,2020-08-31,0 days 15:57:03.262749,978629,165.75,165.72,442,270,6042,-13169
1185,HON,2020-08-31,0 days 15:57:11.264898,984671,165.77,165.76,300,568,-210,400
1186,HON,2020-08-31,0 days 15:57:22.260994,985076,165.71,165.66,1380,618,-653,195
1187,HON,2020-08-31,0 days 15:59:18.258721,1081413,165.69,165.68,206,1100,49661,-80535
1188,HON,2020-08-31,0 days 15:59:19.259202,1130325,165.87,165.83,180,100,-8888,49661
1189,HON,2020-08-31,0 days 15:59:36.257192,1120631,165.82,165.8,297,300,-11378,5122
1190,HON,2020-08-31,0 days 15:59:37.257489,1120009,165.81,165.78,200,804,622,-11378
1191,HON,2020-08-31,0 days 15:59:40.257945,1121158,165.81,165.79,7771,900,-1136,13570
1192,HON,2020-08-31,0 days 15:59:43.258060,1109694,165.81,165.78,900,200,12814,-1136
1193,HON,2020-08-31,0 days 15:59:45.259417,1120953,165.85,165.82,950,690,-12442,1364
1194,HON,2020-08-31,0 days 15:59:46.258030,1109175,165.8,165.78,500,100,11968,-12442
1195,HON,2020-08-31,0 days 15:59:53.257206,1125850,165.82,165.76,406,600,-7540,5260
1196,HON,2020-08-31,0 days 15:59:54.258572,1120690,165.81,165.76,216,339,6710,-7540
1197,HPE,2020-08-31,0 days 15:59:40.266162,1684172,9.69,9.68,80927,50469,-55448,50665
1198,HPQ,2020-08-31,0 days 15:57:33.290136,1586413,19.64,19.63,10047,24403,-3819,14481
1199,HPQ,2020-08-31,0 days 15:58:56.296120,1652077,19.64,19.63,22509,14542,15416,-7784
1200,HPQ,2020-08-31,0 days 15:58:57.294119,1647493,19.64,19.63,22953,9827,-3984,15416
1201,HRB,2020-08-31,0 days 15:59:18.259074,668075,14.54,14.53,15363,9887,-132170,56088
1202,HRB,2020-08-31,0 days 15:59:40.262709,724904,14.51,14.5,20541,2545,5168,-10839
1203,HSBC,2020-08-31,0 days 15:59:05.242648,52252,21.64,21.63,20078,69995,2045,-2709
1204,HSBC,2020-08-31,0 days 15:59:16.243293,48643,21.64,21.63,18922,57241,-3609,2045
1205,HSBC,2020-08-31,0 days 15:59:46.243944,52252,21.64,21.63,20340,73368,303,-197
1206,HSBC,2020-08-31,0 days 15:59:47.243404,52155,21.64,21.63,32532,71080,-97,303
1207,HST,2020-08-31,0 days 15:59:14.256645,1129685,11.28,11.27,44316,16288,-210308,33777
1208,HTZ,2020-08-31,0 days 15:57:40.269997,124538,1.47,1.46,85019,331474,67604,-94196
1209,HTZ,2020-08-31,0 days 15:57:41.270146,114942,1.47,1.46,85019,331474,-9596,67604
1210,HTZ,2020-08-31,0 days 15:59:01.277345,127266,1.47,1.46,149783,393971,74376,-95724
1211,HTZ,2020-08-31,0 days 15:59:02.274489,119642,1.47,1.46,149483,394879,-7624,74376
1212,HUD,2020-08-31,0 days 15:59:01.259275,311185,7.54,7.53,20563,36654,-5772,7328
1213,HUD,2020-08-31,0 days 15:59:02.254714,310257,7.54,7.53,23261,36554,928,-5772
1214,HUD,2020-08-31,0 days 15:59:28.254496,308904,7.54,7.53,24810,37292,2283,-7017
1215,IBM,2020-08-31,0 days 15:59:18.263601,849578,123.45,123.44,180,200,77303,-21137
1216,IBM,2020-08-31,0 days 15:59:19.262852,839901,123.52,123.5,100,2150,-9677,77303
1217,IBM,2020-08-31,0 days 15:59:21.262310,849578,123.49,123.44,1050,1652,14913,-287
1218,IBM,2020-08-31,0 days 15:59:22.263454,825610,123.47,123.44,210,1924,-23968,14913
1219,IBM,2020-08-31,0 days 15:59:36.264202,857679,123.38,123.37,5484,827,-307,14993
1220,IBM,2020-08-31,0 days 15:59:40.265745,857986,123.36,123.35,4369,228,3656,-207
