,Symbol,Timestamp,TIME,iPaired,Ask_P,Bid_P,Ask_S,Bid_S,iShares,PreviShares
0,AA,2020-12-04,0 days 15:58:50.243053,169123,23.72,23.71,2227,524,1118,-29082
1,AA,2020-12-04,0 days 15:59:01.244904,170741,23.72,23.71,3165,895,-1102,618
2,AA,2020-12-04,0 days 15:59:02.244901,170414,23.71,23.7,1900,901,327,-1102
3,AA,2020-12-04,0 days 15:59:08.246405,174541,23.72,23.71,612,1993,-4425,724
4,AA,2020-12-04,0 days 15:59:10.244492,174266,23.73,23.72,1500,1938,275,-4525
5,AA,2020-12-04,0 days 15:59:38.244963,177376,23.74,23.73,2000,700,82,-3318
6,AA,2020-12-04,0 days 15:59:43.246023,177458,23.74,23.73,2300,823,-249,82
7,AA,2020-12-04,0 days 15:59:44.245089,177407,23.74,23.73,2300,631,51,-249
8,AA,2020-12-04,0 days 15:59:46.246576,178058,23.74,23.72,1700,3921,-4926,51
9,ABBV,2020-12-04,0 days 15:59:46.246050,1012418,107.31,107.28,895,500,-7142,12126
10,ABBV,2020-12-04,0 days 15:59:48.244808,1001499,107.23,107.21,750,100,18319,-4549
11,ABEV,2020-12-04,0 days 15:57:14.260136,235516,2.92,2.91,798097,299109,3129,-18676
12,ABEV,2020-12-04,0 days 15:58:11.262768,241445,2.92,2.91,916862,169508,-7292,5929
13,ABEV,2020-12-04,0 days 15:59:01.266012,233875,2.91,2.9,835290,955389,12320,-2992
14,ABEV,2020-12-04,0 days 15:59:37.265279,260813,2.91,2.9,760311,995446,-13448,852
15,ABEV,2020-12-04,0 days 15:59:38.265298,259961,2.91,2.9,760311,996146,852,-13448
16,ABT,2020-12-04,0 days 15:55:00.256396,394483,107.82,107.81,700,1256,-33487,30923
17,ABT,2020-12-04,0 days 15:55:47.257523,429595,107.81,107.79,400,500,8229,-8532
18,ABT,2020-12-04,0 days 15:55:48.257931,423224,107.81,107.79,200,300,-6371,8229
19,ABT,2020-12-04,0 days 15:56:11.258055,429793,107.8,107.79,275,1384,2349,-3847
20,ABT,2020-12-04,0 days 15:56:12.258581,424242,107.8,107.79,100,1911,-4674,2349
21,ABT,2020-12-04,0 days 15:56:36.258399,433176,107.83,107.82,341,1020,5550,-5150
22,ABT,2020-12-04,0 days 15:57:26.261635,420174,107.81,107.8,757,500,-12678,7818
23,ABT,2020-12-04,0 days 15:57:39.261973,432374,107.82,107.8,225,1900,-1982,5818
24,ABT,2020-12-04,0 days 15:58:11.262688,435253,107.84,107.83,957,1687,4851,-3423
25,ABT,2020-12-04,0 days 15:59:06.265610,429122,107.87,107.86,938,467,3287,-2609
26,ABT,2020-12-04,0 days 15:59:10.264925,467150,107.95,107.92,714,100,-5267,2589
27,ABT,2020-12-04,0 days 15:59:11.265626,465442,107.93,107.91,500,1183,8708,-5267
28,ABT,2020-12-04,0 days 15:59:25.265578,540221,108.02,107.99,901,100,-7574,35026
29,ABT,2020-12-04,0 days 15:59:26.265506,534828,107.99,107.94,500,800,5393,-7574
30,ACB,2020-12-04,0 days 15:55:01.236255,47155,10.94,10.93,2501,7861,-775,25
31,ACB,2020-12-04,0 days 15:57:23.241932,54330,10.86,10.85,2424,4725,9563,-1237
32,ACB,2020-12-04,0 days 15:59:19.246238,64659,10.86,10.84,5707,14661,184,-816
33,ACI,2020-12-04,0 days 15:56:06.259168,62521,14.9,14.89,3746,1730,-565,979
34,ACI,2020-12-04,0 days 15:56:07.258000,61086,14.9,14.89,3746,1730,1475,-565
35,ACI,2020-12-04,0 days 15:57:33.262199,61412,14.94,14.93,1500,3875,-1974,26
36,ACI,2020-12-04,0 days 15:57:34.262247,60286,14.94,14.93,500,4175,1126,-1974
37,ACI,2020-12-04,0 days 15:59:23.265044,63816,14.95,14.94,1095,3567,-2319,819
38,ACI,2020-12-04,0 days 15:59:24.264988,63035,14.95,14.94,1095,3267,781,-2319
39,ACI,2020-12-04,0 days 15:59:46.267989,63816,14.96,14.94,3000,4810,-1936,261
40,ACI,2020-12-04,0 days 15:59:47.266776,63452,14.96,14.94,3100,3881,364,-1936
41,ACM,2020-12-04,0 days 15:55:27.254494,47331,51.27,51.23,100,100,-4838,907
42,ACM,2020-12-04,0 days 15:57:41.259638,65053,51.3,51.27,120,290,30,-1570
43,ACM,2020-12-04,0 days 15:58:30.247405,66933,51.32,51.28,300,100,2265,-2175
44,ACM,2020-12-04,0 days 15:58:31.247787,65598,51.32,51.28,300,200,-1335,2265
45,ACM,2020-12-04,0 days 15:58:57.248163,66933,51.3,51.28,100,314,3027,-1413
46,ACM,2020-12-04,0 days 15:58:58.248861,65660,51.31,51.29,444,399,-1273,3027
47,ACM,2020-12-04,0 days 15:59:37.246309,72412,51.33,51.3,300,178,717,-883
48,ACM,2020-12-04,0 days 15:59:40.245371,71529,51.33,51.3,300,299,-883,4817
49,ACM,2020-12-04,0 days 15:59:41.245267,70812,51.31,51.28,200,100,717,-883
50,ACM,2020-12-04,0 days 15:59:46.245969,70169,51.3,51.27,200,400,-1069,3557
51,ADM,2020-12-04,0 days 15:55:03.245096,394080,50.42,50.41,1362,100,-328,622
52,ADM,2020-12-04,0 days 15:55:04.245159,394708,50.42,50.41,1162,200,3910,-328
53,ADM,2020-12-04,0 days 15:55:39.247899,395846,50.41,50.4,1647,334,-129,671
54,ADM,2020-12-04,0 days 15:55:45.247885,396175,50.41,50.4,1862,734,3692,-279
55,ADM,2020-12-04,0 days 15:55:48.248053,397067,50.41,50.4,1861,1246,-66,892
56,ADM,2020-12-04,0 days 15:56:01.248841,397333,50.41,50.4,1473,1514,4634,-266
57,ADM,2020-12-04,0 days 15:57:44.245812,401488,50.48,50.46,1313,2193,-1059,1741
58,ADM,2020-12-04,0 days 15:57:45.246397,403147,50.47,50.46,646,1919,3541,-1059
59,ADM,2020-12-04,0 days 15:59:32.250856,452902,50.54,50.53,1200,800,-5083,2188
60,ADM,2020-12-04,0 days 15:59:33.250245,450985,50.54,50.53,1863,900,1917,-5083
61,ADT,2020-12-04,0 days 15:55:00.257643,90977,8.44,8.43,15319,6835,-6540,14628
62,ADT,2020-12-04,0 days 15:55:49.258229,99317,8.44,8.43,20598,10702,30,-4670
63,ADT,2020-12-04,0 days 15:56:02.258909,96077,8.44,8.43,19397,12219,-3240,30
64,ADT,2020-12-04,0 days 15:56:17.258480,99317,8.44,8.43,20472,12019,1460,-3240
65,ADT,2020-12-04,0 days 15:58:09.262936,111069,8.44,8.43,6597,14798,-838,1362
66,ADT,2020-12-04,0 days 15:58:11.262940,101841,8.44,8.43,6197,15221,9511,-5572
67,ADT,2020-12-04,0 days 15:59:39.266049,117593,8.45,8.44,3928,15612,-519,581
68,AEL,2020-12-04,0 days 15:59:17.242972,362594,28.33,28.29,100,883,6806,-236348
69,AEL,2020-12-04,0 days 15:59:50.248371,361227,28.32,28.25,1003,200,-6503,5887
70,AER,2020-12-04,0 days 15:59:01.243148,101402,43.34,43.29,415,300,-2377,7623
71,AER,2020-12-04,0 days 15:59:02.242623,103779,43.34,43.29,415,300,1923,-2377
72,AER,2020-12-04,0 days 15:59:46.246180,106859,43.31,43.29,540,200,-5425,1771
73,AER,2020-12-04,0 days 15:59:47.244583,105384,43.3,43.29,536,200,1475,-5425
74,AES,2020-12-04,0 days 15:59:08.252223,252748,21.05,21.04,3100,12724,-6949,1222
75,AES,2020-12-04,0 days 15:59:09.249391,248897,21.05,21.04,3100,12624,3851,-6949
76,AES,2020-12-04,0 days 15:59:12.250865,256197,21.06,21.05,3548,7267,12257,-949
77,AES,2020-12-04,0 days 15:59:18.250044,270654,21.06,21.05,5718,8464,-1016,159
78,AES,2020-12-04,0 days 15:59:22.249834,269686,21.06,21.05,1237,11864,351,-959
79,AES,2020-12-04,0 days 15:59:26.250569,270174,21.07,21.06,4822,5879,-1877,488
80,AES,2020-12-04,0 days 15:59:27.250027,267051,21.07,21.06,7722,2246,3123,-1877
81,AES,2020-12-04,0 days 15:59:37.250552,268230,21.07,21.06,10200,4164,1944,-5756
82,AES,2020-12-04,0 days 15:59:46.252238,270174,21.08,21.07,7112,4004,-3956,344
83,AES,2020-12-04,0 days 15:59:47.250426,268530,21.08,21.07,5700,2904,1644,-3956
84,AFL,2020-12-04,0 days 15:59:21.246167,429754,46.34,46.32,1900,5202,-6254,3746
85,AFL,2020-12-04,0 days 15:59:32.248855,446414,46.33,46.32,1800,1215,-1910,1213
86,AFL,2020-12-04,0 days 15:59:47.248492,442850,46.31,46.3,375,3500,-5484,14826
87,AG,2020-12-04,0 days 15:59:37.250683,25952,11.02,11.01,37640,290,-2424,276
88,AGI,2020-12-04,0 days 15:59:18.245367,30245,8.74,8.73,2468,29947,1812,-774
89,AGI,2020-12-04,0 days 15:59:19.244465,23257,8.74,8.73,2468,32347,-6988,1812
90,AGI,2020-12-04,0 days 15:59:36.247427,30645,8.75,8.74,36183,21555,5558,-6642
91,AGI,2020-12-04,0 days 15:59:37.246309,30303,8.75,8.74,38083,22055,-342,5558
92,AGI,2020-12-04,0 days 15:59:46.246050,30645,8.75,8.74,41162,6600,1958,-342
93,AHT,2020-12-04,0 days 15:59:01.332539,24996,2.72,2.71,1900,2458,-2540,1920
94,AHT,2020-12-04,0 days 15:59:02.332392,23736,2.72,2.71,2200,2331,910,-2540
95,AIG,2020-12-04,0 days 15:59:06.250267,513976,40.66,40.65,102,4308,-23156,5477
96,AIG,2020-12-04,0 days 15:59:19.249642,511969,40.69,40.68,2031,4801,11819,-3081
97,ALK,2020-12-04,0 days 15:57:46.244304,92854,52.9,52.89,600,900,-625,75
98,ALK,2020-12-04,0 days 15:57:47.244556,90579,52.9,52.89,162,790,2275,-625
99,ALK,2020-12-04,0 days 15:59:09.249164,93244,52.9,52.89,300,671,-8680,1629
100,ALK,2020-12-04,0 days 15:59:10.249018,91724,52.9,52.89,200,300,1520,-8680
101,ALK,2020-12-04,0 days 15:59:18.245337,93567,52.9,52.88,300,300,-2110,1590
102,ALK,2020-12-04,0 days 15:59:19.244409,93077,52.9,52.88,200,400,490,-2110
103,ALK,2020-12-04,0 days 15:59:46.245888,94409,52.91,52.89,200,446,-1515,896
104,ALK,2020-12-04,0 days 15:59:47.244713,94224,52.91,52.89,452,399,185,-1515
105,ALLY,2020-12-04,0 days 15:58:44.332158,153708,32.08,32.07,3052,2804,3600,-1800
106,ALLY,2020-12-04,0 days 15:59:45.321311,190600,32.08,32.07,1000,6000,-5466,2730
107,ALLY,2020-12-04,0 days 15:59:46.321394,188366,32.08,32.07,2242,4554,2234,-5466
108,AM,2020-12-04,0 days 15:55:45.241360,116884,7.57,7.56,4842,12900,263,-974
109,AM,2020-12-04,0 days 15:55:46.241160,114647,7.57,7.56,4642,12700,-2237,263
110,AM,2020-12-04,0 days 15:56:14.245795,116884,7.57,7.56,6005,9706,1550,-2237
111,AM,2020-12-04,0 days 15:56:15.242008,115034,7.57,7.56,5505,8606,-1850,1550
112,AM,2020-12-04,0 days 15:59:15.244553,131421,7.56,7.55,1780,9376,4377,-162
113,AM,2020-12-04,0 days 15:59:16.244672,129898,7.56,7.55,1580,9376,-1523,4377
114,AM,2020-12-04,0 days 15:59:46.246840,139475,7.57,7.56,2623,12466,4453,-2277
115,AMCR,2020-12-04,0 days 15:59:46.249485,1097395,11.52,11.51,16676,21358,-12676,15666
116,AMCR,2020-12-04,0 days 15:59:48.248534,1095971,11.52,11.51,28476,4204,1424,-12676
117,AMH,2020-12-04,0 days 15:55:00.238498,128868,29.54,29.53,2021,483,-5888,13339
118,AMH,2020-12-04,0 days 15:57:35.243713,135158,29.54,29.53,769,863,516,-2084
119,AMH,2020-12-04,0 days 15:57:36.244790,132574,29.56,29.54,800,932,-6084,516
120,AMH,2020-12-04,0 days 15:57:52.242653,140458,29.55,29.54,800,118,92,-4208
121,AMH,2020-12-04,0 days 15:57:53.242966,137350,29.56,29.54,900,1190,-3108,92
122,AMH,2020-12-04,0 days 15:59:06.246649,139250,29.56,29.55,1440,539,438,-2075
123,AMH,2020-12-04,0 days 15:59:08.249410,139688,29.56,29.55,1440,539,-6948,438
124,AMH,2020-12-04,0 days 15:59:12.246986,146636,29.55,29.54,801,386,7341,-2848
125,AMH,2020-12-04,0 days 15:59:13.246745,144577,29.55,29.54,701,286,-2059,7341
126,AMH,2020-12-04,0 days 15:59:33.246500,148341,29.55,29.54,1170,500,2373,-1972
127,AMH,2020-12-04,0 days 15:59:34.246601,146714,29.55,29.54,200,700,-1627,2373
128,AMT,2020-12-04,0 days 15:55:00.245868,202803,228.69,228.63,420,400,-6049,103703
129,AMT,2020-12-04,0 days 15:57:32.248127,215686,228.5,228.44,693,500,3004,-2896
130,AMT,2020-12-04,0 days 15:57:33.248812,218690,228.5,228.44,302,500,-2696,3004
131,AMT,2020-12-04,0 days 15:58:29.247712,220132,228.5,228.46,100,200,-3189,311
132,AMT,2020-12-04,0 days 15:59:07.250620,224761,228.59,228.54,673,200,10207,-2039
133,AMT,2020-12-04,0 days 15:59:08.252551,234468,228.59,228.54,373,100,-2658,10207
134,AMT,2020-12-04,0 days 15:59:50.256477,235741,228.75,228.64,100,523,5600,-1600
135,AMT,2020-12-04,0 days 15:59:54.252451,241341,228.91,228.67,100,100,-149,1100
136,AMT,2020-12-04,0 days 15:59:56.253404,235041,228.82,228.46,100,200,6400,-100
137,AMX,2020-12-04,0 days 15:55:00.239714,87367,14.77,14.76,6830,8201,-3807,355
138,AMX,2020-12-04,0 days 15:56:12.241464,91174,14.76,14.75,4665,12907,1603,-1800
139,AMX,2020-12-04,0 days 15:59:35.244977,98939,14.74,14.73,16163,3900,-3274,582
140,AMX,2020-12-04,0 days 15:59:46.246731,101413,14.73,14.72,26540,2400,7326,-74
141,APD,2020-12-04,0 days 15:56:04.249163,108093,272.93,272.82,301,500,-8950,949
142,APD,2020-12-04,0 days 15:56:05.248030,107643,272.92,272.82,100,500,502,-8950
143,APD,2020-12-04,0 days 15:56:36.247417,110877,273.07,272.89,301,100,-252,1048
144,APD,2020-12-04,0 days 15:56:37.246970,110329,273.07,272.89,401,100,548,-252
145,APD,2020-12-04,0 days 15:57:17.247748,110997,273.38,273.32,100,141,-329,57
146,APD,2020-12-04,0 days 15:57:18.248144,110626,273.46,273.33,326,241,371,-329
147,APD,2020-12-04,0 days 15:57:28.247828,110997,273.5,273.43,222,246,-433,267
148,APD,2020-12-04,0 days 15:57:29.247946,110930,273.5,273.43,224,146,57,-433
149,APD,2020-12-04,0 days 15:57:35.248713,111497,273.5,273.35,321,100,-333,267
150,APD,2020-12-04,0 days 15:57:36.250060,112030,273.5,273.35,321,100,157,-333
151,APD,2020-12-04,0 days 15:57:42.247756,114797,273.54,273.43,200,100,-948,567
152,APD,2020-12-04,0 days 15:57:43.247946,114545,273.54,273.4,100,100,252,-948
153,APD,2020-12-04,0 days 15:57:44.245794,114797,273.53,273.43,300,110,-1048,252
154,APD,2020-12-04,0 days 15:57:45.246381,114545,273.53,273.43,300,164,252,-1048
155,APD,2020-12-04,0 days 15:57:46.245224,114797,273.53,273.43,300,268,-48,252
156,APD,2020-12-04,0 days 15:57:49.245325,114545,273.52,273.43,300,163,242,-448
157,APD,2020-12-04,0 days 15:58:02.246772,113550,273.63,273.51,200,200,37,-1234
158,APD,2020-12-04,0 days 15:58:59.249145,114138,273.66,273.58,100,251,-426,271
159,APD,2020-12-04,0 days 15:59:43.251352,119611,273.73,273.54,550,100,23611,-37
160,APG,2020-12-04,0 days 15:59:09.245085,308338,16.38,16.37,400,2569,1628,-13372
161,APLE,2020-12-04,0 days 15:55:00.097099,153346,13.3,13.29,3655,2443,-3578,82101
162,APLE,2020-12-04,0 days 15:55:01.099876,151024,13.3,13.29,4055,2543,2322,-3578
163,APLE,2020-12-04,0 days 15:57:54.095825,166055,13.33,13.32,3797,7591,-37,3263
164,APLE,2020-12-04,0 days 15:57:55.095444,162792,13.33,13.32,3797,7091,3263,-37
165,APLE,2020-12-04,0 days 15:58:08.097582,164655,13.33,13.32,3931,6371,-1057,3343
166,APLE,2020-12-04,0 days 15:58:09.096968,161412,13.33,13.32,4678,6634,3243,-1057
167,APLE,2020-12-04,0 days 15:59:16.097206,233705,13.32,13.31,8382,2800,-3681,7619
168,APLE,2020-12-04,0 days 15:59:34.097771,235567,13.3,13.29,2400,6100,-1819,16581
169,APLE,2020-12-04,0 days 15:59:44.098533,234845,13.29,13.28,4149,1700,-1011,6189
170,APLE,2020-12-04,0 days 15:59:49.097770,249054,13.29,13.28,8149,873,2941,-1586
171,APLE,2020-12-04,0 days 15:59:50.099883,244995,13.29,13.28,6149,873,-4059,2941
172,AQUA,2020-12-04,0 days 15:55:04.233840,117689,24.43,24.41,1446,493,237,-448
173,AQUA,2020-12-04,0 days 15:55:05.234619,117326,24.43,24.41,1446,493,-263,237
174,AQUA,2020-12-04,0 days 15:57:51.239805,121189,24.43,24.42,1121,895,83,-317
175,AQUA,2020-12-04,0 days 15:57:52.239242,120872,24.43,24.42,900,895,-217,83
176,AQUA,2020-12-04,0 days 15:58:59.242466,132289,24.4,24.39,800,890,851,-938
177,AQUA,2020-12-04,0 days 15:59:00.246132,131040,24.4,24.39,800,890,-1249,851
178,AQUA,2020-12-04,0 days 15:59:10.243309,132389,24.43,24.42,300,684,6859,-649
179,AQUA,2020-12-04,0 days 15:59:11.243924,132248,24.43,24.42,543,464,-41,6859
180,AQUA,2020-12-04,0 days 15:59:18.243496,137519,24.43,24.41,100,100,-370,1230
181,AQUA,2020-12-04,0 days 15:59:32.244036,138911,24.41,24.34,498,500,3456,-468
182,AQUA,2020-12-04,0 days 15:59:33.243700,138767,24.41,24.34,240,500,-144,3456
183,AQUA,2020-12-04,0 days 15:59:43.245341,139011,24.41,24.4,280,200,2252,-144
184,AR,2020-12-04,0 days 15:59:33.249989,632863,4.17,4.16,47521,15235,-2578,8968
185,AR,2020-12-04,0 days 15:59:42.250811,619772,4.18,4.17,26398,25217,13091,-24209
186,ARMK,2020-12-04,0 days 15:59:16.243055,178156,38.15,38.14,100,100,2944,-1548
187,ARMK,2020-12-04,0 days 15:59:39.245023,184518,38.21,38.18,100,300,-226,1347
188,ARMK,2020-12-04,0 days 15:59:40.244855,184744,38.21,38.18,100,300,234,-226
189,ASAN,2020-12-04,0 days 15:51:12.251987,1806,26.55,26.48,100,100,1892,-48108
190,ASAN,2020-12-04,0 days 15:52:39.253090,1806,26.53,26.48,100,371,1892,-48108
191,ASAN,2020-12-04,0 days 15:53:02.253658,3698,26.56,26.52,100,200,-48108,1892
192,ASAN,2020-12-04,0 days 15:56:22.259170,16267,26.54,26.5,100,200,-49041,959
193,ASAN,2020-12-04,0 days 15:58:00.262425,16781,26.57,26.49,1066,100,-27,442
194,ASAN,2020-12-04,0 days 15:58:43.263909,12808,26.5,26.48,251,100,26723,-23277
195,ASAN,2020-12-04,0 days 15:59:01.265933,21688,26.53,26.49,1100,245,-889,54
196,ASAN,2020-12-04,0 days 15:59:23.264924,13877,26.53,26.48,1100,200,10989,-39011
197,ASAN,2020-12-04,0 days 15:59:29.265038,24866,26.53,26.44,1100,100,-49111,889
198,ATI,2020-12-04,0 days 15:59:05.332826,121620,16.91,16.9,4402,2377,3318,-2682
199,ATUS,2020-12-04,0 days 15:55:00.323128,233906,34.71,34.7,3216,2665,-135495,94152
200,ATUS,2020-12-04,0 days 15:55:40.325659,372212,34.69,34.68,914,3901,10394,-14606
201,ATUS,2020-12-04,0 days 15:55:41.325994,363006,34.69,34.68,703,3501,-9206,10394
202,ATUS,2020-12-04,0 days 15:56:23.327127,372212,34.69,34.68,3576,3282,2776,-5404
203,ATUS,2020-12-04,0 days 15:56:24.327354,366088,34.69,34.68,3124,3306,-6124,2776
204,ATUS,2020-12-04,0 days 15:57:16.328053,372212,34.68,34.67,2847,3103,10875,-1525
205,ATUS,2020-12-04,0 days 15:57:17.328812,370287,34.68,34.66,6536,728,-1925,10875
206,ATUS,2020-12-04,0 days 15:58:15.330923,370293,34.71,34.7,2866,3011,-2879,2621
207,ATUS,2020-12-04,0 days 15:58:17.331094,373172,34.71,34.7,3266,2911,1521,-2879
208,ATUS,2020-12-04,0 days 15:58:20.331819,370293,34.71,34.7,5507,619,-2879,421
209,ATUS,2020-12-04,0 days 15:58:53.331659,369640,34.72,34.71,3000,1988,-3532,2068
210,ATUS,2020-12-04,0 days 15:59:11.333434,373772,34.72,34.71,2068,2849,368,-499
211,ATUS,2020-12-04,0 days 15:59:15.318270,374140,34.72,34.71,3784,1371,-1498,368
212,AU,2020-12-04,0 days 15:59:07.250565,61799,22.12,22.11,296,7897,-5433,773
213,AU,2020-12-04,0 days 15:59:08.252433,61632,22.12,22.11,196,7797,167,-5433
214,AU,2020-12-04,0 days 15:59:46.252467,65743,22.13,22.12,2306,5800,-248,456
215,AU,2020-12-04,0 days 15:59:47.250669,65491,22.12,22.1,4600,7663,252,-248
216,AUY,2020-12-04,0 days 15:55:00.233269,56008,5.51,5.5,197442,148840,-67210,11116
217,AUY,2020-12-04,0 days 15:59:46.246066,152560,5.5,5.49,52891,555188,336,-3505
218,AUY,2020-12-04,0 days 15:59:48.245446,149296,5.5,5.49,47757,535688,-2264,336
219,AVTR,2020-12-04,0 days 15:59:09.246118,250108,27.1,27.08,1600,1753,-338,11340
220,AVTR,2020-12-04,0 days 15:59:34.246374,240442,27.11,27.1,867,1570,7107,-4489
221,AVTR,2020-12-04,0 days 15:59:46.248148,244949,27.12,27.11,890,3575,-8932,1937
222,AVTR,2020-12-04,0 days 15:59:47.246701,240881,27.13,27.12,1967,1791,3416,-8932
223,AXP,2020-12-04,0 days 15:59:19.097580,437091,125.03,124.98,100,260,80479,-296
224,AXP,2020-12-04,0 days 15:59:34.097733,517617,125.05,124.99,600,865,-20246,70054
225,AXP,2020-12-04,0 days 15:59:36.098618,437603,125.0,124.96,679,100,80014,-3866
226,AXP,2020-12-04,0 days 15:59:39.098089,517617,125.05,124.98,401,600,-2747,80014
227,AXP,2020-12-04,0 days 15:59:42.098269,445298,125.02,124.98,503,900,72319,-3062
228,AZEK,2020-12-04,0 days 15:55:23.240083,133229,34.2,34.16,300,300,203,-407
229,AZEK,2020-12-04,0 days 15:55:24.240049,132832,34.2,34.16,600,300,-397,203
230,AZEK,2020-12-04,0 days 15:55:32.240834,133229,34.22,34.18,500,200,1223,-397
231,AZEK,2020-12-04,0 days 15:55:33.241245,133052,34.22,34.18,600,200,-177,1223
232,AZEK,2020-12-04,0 days 15:55:45.240904,133766,34.24,34.18,200,300,695,-314
233,AZEK,2020-12-04,0 days 15:55:46.240921,133561,34.24,34.18,200,300,-205,695
234,AZEK,2020-12-04,0 days 15:57:24.243311,137162,34.24,34.22,500,210,199,-501
235,AZEK,2020-12-04,0 days 15:57:25.244130,136761,34.24,34.23,300,639,-401,199
236,AZEK,2020-12-04,0 days 15:58:05.243547,138161,34.23,34.2,300,635,-181,109
237,AZEK,2020-12-04,0 days 15:58:20.244676,139642,34.23,34.18,500,200,5719,-81
238,AZEK,2020-12-04,0 days 15:58:37.245100,138161,34.26,34.19,200,553,-5381,419
239,AZEK,2020-12-04,0 days 15:58:59.246350,139642,34.26,34.23,100,153,224,-391
240,AZEK,2020-12-04,0 days 15:59:31.248590,145575,34.29,34.12,200,200,-5145,855
241,AZEK,2020-12-04,0 days 15:59:32.246309,150820,34.29,34.12,200,200,343,-5145
242,AZUL,2020-12-04,0 days 15:59:00.269207,23303,24.57,24.55,700,1100,659,-365
243,AZUL,2020-12-04,0 days 15:59:46.268070,23942,24.58,24.57,690,922,-1850,471
244,AZUL,2020-12-04,0 days 15:59:47.266869,23692,24.58,24.57,1190,922,250,-1850
245,BA,2020-12-04,0 days 15:59:15.318552,490528,232.58,232.49,300,100,61633,-101325
246,BA,2020-12-04,0 days 15:59:32.319299,509219,232.68,232.59,100,700,-4040,15030
247,BA,2020-12-04,0 days 15:59:33.319660,508459,232.74,232.6,200,600,760,-4040
248,BA,2020-12-04,0 days 15:59:35.319178,509219,232.73,232.62,300,850,-435,760
249,BA,2020-12-04,0 days 15:59:46.321214,518660,232.83,232.65,584,800,5938,-6399
250,BA,2020-12-04,0 days 15:59:47.321026,518517,232.83,232.69,1084,700,-143,5938
251,BA,2020-12-04,0 days 15:59:48.320083,518660,232.82,232.7,784,400,351,-143
252,BA,2020-12-04,0 days 15:59:49.320732,518530,232.82,232.74,411,700,-130,351
253,BA,2020-12-04,0 days 15:59:50.324750,513354,232.74,232.66,500,200,3920,-130
254,BABA,2020-12-04,0 days 15:55:00.250409,2662507,267.54,267.5,300,210,41295,-147186
255,BABA,2020-12-04,0 days 15:55:15.251569,2669765,267.5,267.49,100,700,-3785,1410
256,BABA,2020-12-04,0 days 15:55:17.252356,2669050,267.59,267.54,1000,100,715,-3785
257,BABA,2020-12-04,0 days 15:55:48.255423,2672083,267.3,267.24,201,100,-227,273
258,BABA,2020-12-04,0 days 15:56:05.255949,2687473,267.21,267.14,200,200,173,-527
259,BABA,2020-12-04,0 days 15:56:37.256900,2691949,267.22,267.18,1213,300,-1289,611
260,BABA,2020-12-04,0 days 15:56:38.257137,2691538,267.2,267.18,204,300,411,-1289
261,BABA,2020-12-04,0 days 15:57:33.259214,2692524,267.22,267.17,500,100,-414,449
262,BABA,2020-12-04,0 days 15:57:37.258738,2699838,267.11,267.03,500,124,3923,-777
263,BABA,2020-12-04,0 days 15:57:41.258863,2697298,267.11,267.05,878,212,-280,10526
264,BABA,2020-12-04,0 days 15:57:49.243889,2710338,267.1,267.07,1070,201,2023,-1777
265,BABA,2020-12-04,0 days 15:57:50.244577,2708561,267.12,267.09,930,500,-1777,2023
266,BABA,2020-12-04,0 days 15:57:54.244018,2710338,267.21,267.18,300,100,2986,-114
267,BABA,2020-12-04,0 days 15:57:55.244042,2708587,267.24,267.2,200,200,-11751,2986
268,BABA,2020-12-04,0 days 15:58:07.245897,2723938,267.28,267.25,600,100,2228,-1669
269,BABA,2020-12-04,0 days 15:58:08.246454,2720828,267.29,267.27,200,100,-3110,2228
270,BABA,2020-12-04,0 days 15:59:01.249333,2724368,267.3,267.26,1065,200,591,-488
271,BABA,2020-12-04,0 days 15:59:03.248578,2721997,267.26,267.21,200,200,-1941,1021
272,BABA,2020-12-04,0 days 15:59:15.244444,2737242,267.26,267.23,704,591,1320,-4361
273,BABA,2020-12-04,0 days 15:59:16.244950,2734762,267.26,267.24,700,291,-2480,1320
274,BABA,2020-12-04,0 days 15:59:55.240237,2743544,267.23,267.14,475,100,23072,-22140
275,BAC,2020-12-04,0 days 15:59:15.244538,3637238,29.26,29.24,45230,101439,723568,-698729
276,BAC,2020-12-04,0 days 15:59:31.245444,4082209,29.3,29.29,90534,2827,-18835,9933
277,BAC,2020-12-04,0 days 15:59:32.244559,4191786,29.29,29.28,49773,84956,1323,-18835
278,BAC,2020-12-04,0 days 15:59:46.246593,4196112,29.3,29.29,24498,67668,50468,-803
279,BAC,2020-12-04,0 days 15:59:47.245421,4203880,29.3,29.29,31615,63555,-10124,50468
280,BAC,2020-12-04,0 days 15:59:49.245385,4231896,29.3,29.29,61326,25095,5984,-11116
281,BAC-O,2020-12-04,0 days 15:57:00.247870,300,26.12,26.09,646,300,100,-100
282,BAC-O,2020-12-04,0 days 15:57:01.248861,200,26.12,26.09,646,490,-100,100
283,BAM,2020-12-04,0 days 15:55:00.234687,37079,42.57,42.56,916,1388,2322,-6027
284,BAM,2020-12-04,0 days 15:55:24.235238,39401,42.55,42.54,2701,272,-110,2322
285,BAM,2020-12-04,0 days 15:56:14.240609,40727,42.56,42.55,763,2523,633,-1217
286,BAM,2020-12-04,0 days 15:58:11.241640,46848,42.56,42.55,200,3100,-1143,2117
287,BAM,2020-12-04,0 days 15:58:49.242325,48191,42.57,42.56,3500,694,1723,-1343
288,BAM,2020-12-04,0 days 15:59:23.243987,48538,42.58,42.57,1000,1720,-414,3337
289,BAM,2020-12-04,0 days 15:59:33.243806,50542,42.59,42.57,1300,3944,3096,-2304
290,BAM,2020-12-04,0 days 15:59:50.250646,54538,42.59,42.58,1600,454,-2200,3300
291,BAX,2020-12-04,0 days 15:58:40.263807,216392,78.03,78.01,300,141,-4925,975
292,BAX,2020-12-04,0 days 15:59:06.265661,227571,78.02,78.0,300,400,2539,-2655
293,BAX,2020-12-04,0 days 15:59:07.264947,224810,78.02,78.0,300,400,-2761,2539
294,BAX,2020-12-04,0 days 15:59:46.267897,246387,77.99,77.98,700,201,5792,-1064
295,BAX,2020-12-04,0 days 15:59:47.266740,243479,77.99,77.98,700,201,-2908,5792
296,BBD,2020-12-04,0 days 15:57:20.241576,2215626,5.08,5.07,405489,562657,-18394,22106
297,BBD,2020-12-04,0 days 15:59:11.246961,2492822,5.09,5.08,271484,903439,68912,-13887
298,BBY,2020-12-04,0 days 15:55:00.256459,298692,105.51,105.48,718,315,918,-11813
299,BBY,2020-12-04,0 days 15:55:31.259716,302598,105.45,105.41,400,702,-691,209
300,BBY,2020-12-04,0 days 15:55:32.259166,302389,105.42,105.37,200,508,209,-691
301,BBY,2020-12-04,0 days 15:55:38.260176,302598,105.38,105.34,100,206,-69502,198
302,BBY,2020-12-04,0 days 15:56:24.259504,372758,105.48,105.44,1212,100,695,-389
303,BBY,2020-12-04,0 days 15:56:25.258472,367053,105.48,105.41,1212,200,-5705,695
304,BBY,2020-12-04,0 days 15:57:06.259512,372758,105.49,105.44,414,100,3395,-5005
305,BBY,2020-12-04,0 days 15:57:09.260411,372153,105.52,105.48,408,500,-605,3395
306,BBY,2020-12-04,0 days 15:57:19.260147,372758,105.5,105.47,800,203,3395,-605
307,BBY,2020-12-04,0 days 15:57:27.261082,372153,105.5,105.49,100,200,-605,3395
308,BBY,2020-12-04,0 days 15:57:33.262121,372758,105.5,105.49,400,200,3094,-605
309,BBY,2020-12-04,0 days 15:57:40.261385,370657,105.61,105.58,200,300,-2101,14499
310,BBY,2020-12-04,0 days 15:57:41.261896,372758,105.61,105.58,300,300,499,-2101
311,BBY,2020-12-04,0 days 15:57:43.260789,373065,105.61,105.59,100,406,-993,307
312,BBY,2020-12-04,0 days 15:58:03.265858,371230,105.53,105.46,269,100,6276,-52
313,BBY,2020-12-04,0 days 15:58:06.262743,365507,105.5,105.46,200,200,-5723,6777
314,BBY,2020-12-04,0 days 15:58:07.262180,371230,105.5,105.46,100,100,2877,-5723
315,BBY,2020-12-04,0 days 15:58:08.263063,360506,105.51,105.5,100,200,-10724,2877
316,BBY,2020-12-04,0 days 15:59:29.265038,374951,105.58,105.53,100,229,1752,-94
317,BBY,2020-12-04,0 days 15:59:30.269760,373903,105.56,105.51,992,100,-1048,1752
318,BBY,2020-12-04,0 days 15:59:32.266603,374951,105.56,105.55,100,149,4561,-1048
319,BBY,2020-12-04,0 days 15:59:40.265792,374825,105.62,105.57,100,403,-126,74
320,BBY,2020-12-04,0 days 15:59:46.267897,375451,105.63,105.56,100,300,10356,-126
321,BCS,2020-12-04,0 days 15:59:17.097224,47792,8.07,8.06,205820,100185,-3380,1896
322,BDX,2020-12-04,0 days 15:55:00.245582,103395,242.46,242.3,144,100,-1292,32987
323,BDX,2020-12-04,0 days 15:55:09.245375,103646,242.34,242.27,408,400,3791,-225
324,BDX,2020-12-04,0 days 15:56:16.246211,109402,242.62,242.56,100,234,-446,954
325,BDX,2020-12-04,0 days 15:56:17.247130,109248,242.62,242.56,100,605,154,-446
326,BDX,2020-12-04,0 days 15:56:26.247000,109405,242.54,242.5,100,102,-34,266
327,BDX,2020-12-04,0 days 15:56:27.246553,109239,242.51,242.46,100,100,166,-34
328,BDX,2020-12-04,0 days 15:59:11.250288,116734,242.52,242.45,100,100,-310,1552
329,BDX,2020-12-04,0 days 15:59:14.250153,117173,242.5,242.46,200,100,1571,-339
330,BDX,2020-12-04,0 days 15:59:32.250890,118762,242.61,242.56,100,100,-545,217
331,BDX,2020-12-04,0 days 15:59:50.256321,115688,242.61,242.56,200,100,3074,-1347
332,BDX,2020-12-04,0 days 15:59:57.252648,118762,242.84,242.61,100,300,-398,525
333,BDX,2020-12-04,0 days 15:59:59.250083,118260,242.8,242.52,200,100,502,-398
334,BEKE,2020-12-04,0 days 15:59:46.246786,61675,62.05,61.83,1200,1200,-2542,416
335,BEKE,2020-12-04,0 days 15:59:47.245435,61117,62.05,61.83,1200,1200,558,-2542
336,BEN,2020-12-04,0 days 15:57:33.329278,190078,23.72,23.71,4395,4959,-9191,4509
337,BEN,2020-12-04,0 days 15:57:34.328849,189269,23.72,23.71,4195,4658,809,-9191
338,BEN,2020-12-04,0 days 15:58:33.332535,197957,23.71,23.7,4041,3209,1128,-3972
339,BEN,2020-12-04,0 days 15:59:06.333176,198854,23.72,23.71,416,9809,-19891,3279
340,BEST,2020-12-04,0 days 15:58:12.244478,1050449,2.78,2.77,11018,6874,9163,-3337
341,BEST,2020-12-04,0 days 15:58:13.244352,1047112,2.78,2.77,10883,6874,-3337,9163
342,BEST,2020-12-04,0 days 15:59:46.248448,1123949,2.78,2.77,7743,19185,4187,-2313
343,BEST,2020-12-04,0 days 15:59:47.246892,1120836,2.78,2.77,7743,19185,-3113,4187
344,BHP,2020-12-04,0 days 15:59:15.318478,134962,63.1,63.09,2635,100,31684,-5518
345,BHP,2020-12-04,0 days 15:59:16.317417,127866,63.1,63.09,600,2878,-7096,31684
346,BHP,2020-12-04,0 days 15:59:18.318050,136562,63.1,63.09,1700,1163,6072,-7096
347,BHP,2020-12-04,0 days 15:59:50.324465,131417,63.08,63.06,3090,3800,-6525,8375
348,BJ,2020-12-04,0 days 15:56:26.241531,111009,38.54,38.52,682,2624,-2727,1843
349,BJ,2020-12-04,0 days 15:56:27.241560,109336,38.54,38.52,682,2624,1673,-2727
350,BJ,2020-12-04,0 days 15:57:34.243555,110031,38.62,38.6,1094,994,578,-422
351,BJ,2020-12-04,0 days 15:57:49.240422,110431,38.64,38.62,100,3239,178,-822
352,BJ,2020-12-04,0 days 15:57:59.240474,110431,38.65,38.63,101,316,178,-422
353,BJ,2020-12-04,0 days 15:58:10.242058,109800,38.64,38.63,206,1800,-572,928
354,BJ,2020-12-04,0 days 15:58:11.242508,109472,38.64,38.63,109,1800,328,-572
355,BK,2020-12-04,0 days 15:55:00.250805,441165,40.57,40.56,2020,3482,-108,21546
356,BK,2020-12-04,0 days 15:55:09.251754,441435,40.57,40.56,1828,5152,188,-262
357,BK,2020-12-04,0 days 15:55:37.255771,441051,40.56,40.55,801,4676,-384,3916
358,BK,2020-12-04,0 days 15:56:03.256470,441435,40.56,40.55,2251,5799,5794,-307
359,BK,2020-12-04,0 days 15:56:11.256574,441700,40.57,40.56,1707,6982,-121,265
360,BK,2020-12-04,0 days 15:56:25.256973,445381,40.59,40.58,5273,1248,1157,-454
361,BK,2020-12-04,0 days 15:58:14.246802,446073,40.59,40.58,6207,700,1743,-357
362,BK,2020-12-04,0 days 15:59:11.250132,456274,40.62,40.61,600,4707,65382,-1460
363,BKI,2020-12-04,0 days 15:59:32.266805,89700,88.62,88.59,828,218,-3368,375
364,BKI,2020-12-04,0 days 15:59:47.266920,81788,88.57,88.55,162,300,7912,-3158
365,BKR,2020-12-04,0 days 15:57:20.101195,800697,21.77,21.76,2445,14947,-9440,8860
366,BKR,2020-12-04,0 days 15:57:21.101074,793437,21.77,21.76,2445,14150,7260,-9440
367,BKR,2020-12-04,0 days 15:57:36.101855,806481,21.76,21.75,3931,8742,-556,12944
368,BKR,2020-12-04,0 days 15:57:52.095547,806214,21.76,21.75,8705,3568,267,-2933
369,BKR,2020-12-04,0 days 15:57:54.095825,806481,21.76,21.75,9305,4768,-433,267
370,BKR,2020-12-04,0 days 15:57:56.095830,805614,21.76,21.75,9005,4068,867,-3833
371,BKR,2020-12-04,0 days 15:58:11.097151,806481,21.76,21.75,5435,5374,-34283,540
372,BKR,2020-12-04,0 days 15:59:00.100699,812382,21.78,21.77,2021,12718,29420,-6180
373,BKR,2020-12-04,0 days 15:59:01.099374,841802,21.78,21.77,2821,10866,-2380,29420
374,BKR,2020-12-04,0 days 15:59:24.097904,917749,21.78,21.77,690,10225,-537,3088
375,BKR,2020-12-04,0 days 15:59:39.098142,933849,21.77,21.76,4481,6600,-3112,22388
376,BKR,2020-12-04,0 days 15:59:43.098604,937261,21.77,21.76,3644,8100,534,-3112
377,BKR,2020-12-04,0 days 15:59:50.099883,886572,21.77,21.76,4879,7997,58585,-1115
378,BMY,2020-12-04,0 days 15:59:46.321008,933495,62.27,62.26,827,4519,-12610,12893
379,BMY,2020-12-04,0 days 15:59:47.320877,932485,62.27,62.26,1957,3203,5893,-12610
380,BMY,2020-12-04,0 days 15:59:49.320638,943261,62.28,62.26,2201,6420,-392,908
381,BMY,2020-12-04,0 days 15:59:50.324365,855991,62.27,62.26,3618,3309,87270,-392
382,BOX,2020-12-04,0 days 15:55:01.238799,63781,17.0,16.99,1263,1899,-285,715
383,BOX,2020-12-04,0 days 15:57:01.242651,68023,16.99,16.98,967,3053,419,-221
384,BOX,2020-12-04,0 days 15:58:10.241982,74042,17.01,17.0,500,2786,-1470,675
385,BOX,2020-12-04,0 days 15:58:11.242434,73612,17.01,17.0,400,2286,330,-1470
386,BOX,2020-12-04,0 days 15:58:12.242228,74042,17.01,17.0,1900,986,-1991,330
387,BOX,2020-12-04,0 days 15:58:28.242272,76033,17.01,17.0,2300,1067,609,-1991
388,BOX,2020-12-04,0 days 15:58:29.242372,74042,17.01,17.0,2300,967,-1991,609
389,BOX,2020-12-04,0 days 15:59:14.244260,95695,17.0,16.99,1905,3601,712,-1592
390,BOX,2020-12-04,0 days 15:59:16.244560,87707,17.0,16.99,2705,1300,-908,5592
391,BOX,2020-12-04,0 days 15:59:33.244189,91499,17.0,16.99,2623,1390,1616,-1083
392,BOX,2020-12-04,0 days 15:59:34.244202,90615,17.0,16.99,2323,801,-884,1616
393,BP,2020-12-04,0 days 15:55:00.233369,210038,22.25,22.24,38727,26700,-42094,62965
394,BP,2020-12-04,0 days 15:55:01.234001,206532,22.25,22.24,59210,1300,3506,-42094
395,BP,2020-12-04,0 days 15:56:11.236613,231881,22.21,22.2,5763,63450,-646,4391
396,BP,2020-12-04,0 days 15:56:14.240499,227728,22.21,22.2,35300,48420,5247,-88
397,BP,2020-12-04,0 days 15:57:17.238172,249652,22.23,22.22,47900,58229,-3776,10524
398,BP,2020-12-04,0 days 15:57:18.239337,247328,22.23,22.22,42400,57429,2324,-3776
399,BP,2020-12-04,0 days 15:58:46.242033,245954,22.24,22.23,49222,67048,5755,-5545
400,BP,2020-12-04,0 days 15:59:47.244583,272198,22.25,22.24,45877,85697,576,-15524
401,BRFS,2020-12-04,0 days 15:59:37.243758,73108,4.17,4.16,271743,92733,13423,-977
402,BRK.B,2020-12-04,0 days 15:59:25.246652,739195,231.4,231.28,100,100,-16605,2993
403,BRK.B,2020-12-04,0 days 15:59:26.247256,728635,231.28,231.18,300,325,61739,-16605
404,BRK.B,2020-12-04,0 days 15:59:37.246755,739785,231.34,231.27,100,200,-5481,2603
405,BRK.B,2020-12-04,0 days 15:59:38.245627,733817,231.28,231.24,300,100,57057,-5481
406,BRK.B,2020-12-04,0 days 15:59:39.246042,739750,231.33,231.27,1500,100,-3460,57057
407,BRK.B,2020-12-04,0 days 15:59:41.247818,734769,231.3,231.27,100,200,5069,-3150
408,BRK.B,2020-12-04,0 days 15:59:47.246725,739885,231.33,231.27,1700,100,-5989,1964
409,BRK.B,2020-12-04,0 days 15:59:48.246664,742671,231.23,231.15,700,100,49523,-5989
410,BRK.B,2020-12-04,0 days 15:59:51.248309,739938,231.33,231.19,100,700,-27075,26112
411,BRX,2020-12-04,0 days 15:55:00.324298,81899,16.44,16.43,7903,1200,4992,-2118
412,BRX,2020-12-04,0 days 15:57:38.329238,88304,16.47,16.46,3368,4881,-785,715
413,BRX,2020-12-04,0 days 15:58:01.330522,95989,16.47,16.46,2575,4981,415,-1385
414,BRX,2020-12-04,0 days 15:58:16.331420,97581,16.47,16.46,3221,4739,1247,-1553
415,BRX,2020-12-04,0 days 15:58:17.331185,96628,16.47,16.46,2421,5339,-453,1247
416,BRX,2020-12-04,0 days 15:58:24.331991,95281,16.46,16.45,3250,4800,747,-1553
417,BRX,2020-12-04,0 days 15:58:25.332409,94628,16.46,16.45,3350,4900,-453,747
418,BRX,2020-12-04,0 days 15:59:01.333607,94960,16.47,16.46,3662,4226,955,-844
419,BSBR,2020-12-04,0 days 15:59:40.245386,12975,8.13,8.12,47176,19317,530,-270
420,BSX,2020-12-04,0 days 15:59:46.246443,742871,34.36,34.35,4000,4100,-6078,2690
421,BSX,2020-12-04,0 days 15:59:50.248895,634586,34.36,34.35,4628,3199,105285,-1515
422,C,2020-12-04,0 days 15:59:49.245232,3058344,58.57,58.56,12200,800,-9106,47765
423,CAG,2020-12-04,0 days 15:55:45.255565,313725,35.52,35.51,3644,588,-7120,14578
424,CAG,2020-12-04,0 days 15:55:46.256643,303745,35.51,35.5,3118,529,9980,-7120
425,CAG,2020-12-04,0 days 15:56:46.258756,325284,35.5,35.49,2931,809,-159300,19320
426,CAG,2020-12-04,0 days 15:57:17.258494,338628,35.49,35.48,576,1000,1193,-713
427,CAG,2020-12-04,0 days 15:57:18.260429,337721,35.5,35.49,1400,1455,-907,1193
428,CAG,2020-12-04,0 days 15:57:46.244222,339128,35.49,35.48,1574,200,1931,-669
429,CAG,2020-12-04,0 days 15:57:47.244501,338459,35.49,35.48,1074,400,-669,1931
430,CAG,2020-12-04,0 days 15:58:10.247128,338959,35.5,35.49,1450,1246,-169,1131
431,CAG,2020-12-04,0 days 15:58:11.247758,339128,35.49,35.48,100,1821,878,-169
432,CAG,2020-12-04,0 days 15:59:21.244847,366924,35.51,35.5,2386,1462,404,-912
433,CAG,2020-12-04,0 days 15:59:47.244577,403557,35.51,35.5,3337,400,-10260,1615
434,CAG,2020-12-04,0 days 15:59:50.250115,411916,35.5,35.49,3600,1684,1818,-2362
435,CAH,2020-12-04,0 days 15:59:36.250157,226054,56.9,56.87,114,300,-237,363
436,CAH,2020-12-04,0 days 15:59:41.249391,224191,56.87,56.85,765,369,1863,-1563
437,CAH,2020-12-04,0 days 15:59:45.251913,222654,56.92,56.89,200,1269,-1963,2263
438,CAH,2020-12-04,0 days 15:59:47.248924,213669,56.93,56.91,300,100,8985,-4563
439,CAH,2020-12-04,0 days 15:59:48.248913,222654,56.92,56.9,100,200,-958,8985
440,CAH,2020-12-04,0 days 15:59:50.254141,179512,56.92,56.89,1238,200,43142,-1458
441,CARR,2020-12-04,0 days 15:58:51.245411,549653,37.64,37.63,1223,2223,-1730,670
442,CARR,2020-12-04,0 days 15:58:52.245505,548883,37.64,37.63,623,1990,770,-1730
443,CARR,2020-12-04,0 days 15:59:08.249687,554521,37.64,37.63,1264,1800,-2344,1278
444,CARR,2020-12-04,0 days 15:59:23.246360,681990,37.67,37.65,699,100,-2605,6325
445,CARR,2020-12-04,0 days 15:59:25.247075,673741,37.68,37.67,700,800,8249,-51305
446,CARR,2020-12-04,0 days 15:59:30.251039,681990,37.68,37.67,912,700,-17391,8209
447,CARR,2020-12-04,0 days 15:59:31.248712,673381,37.68,37.67,1000,500,28048,-17391
448,CARR,2020-12-04,0 days 15:59:32.246506,701429,37.68,37.67,1300,200,-6130,28048
449,CARR,2020-12-04,0 days 15:59:33.246703,701159,37.68,37.66,3631,500,270,-6130
450,CARR,2020-12-04,0 days 15:59:39.247039,701429,37.67,37.66,1300,1200,-13630,13890
451,CARR,2020-12-04,0 days 15:59:42.247127,697059,37.67,37.66,1492,500,4370,-21130
452,CAT,2020-12-04,0 days 15:56:06.241942,298486,182.18,182.12,200,420,56203,-16894
453,CAT,2020-12-04,0 days 15:56:10.242049,229781,182.26,182.24,100,500,-67274,61232
454,CAT,2020-12-04,0 days 15:57:12.242999,299369,182.18,182.09,800,100,13416,-12484
455,CAT,2020-12-04,0 days 15:57:21.243482,299016,182.22,182.17,100,100,-460,782
456,CAT,2020-12-04,0 days 15:58:58.245780,305332,182.17,182.11,500,100,-3217,2526
457,CAT,2020-12-04,0 days 15:59:01.247887,307464,182.21,182.15,966,600,1995,-3142
458,CAT,2020-12-04,0 days 15:59:04.245783,305284,182.21,182.18,531,172,-2832,2068
459,CAT,2020-12-04,0 days 15:59:08.249687,310587,182.24,182.19,800,100,9505,-2058
460,CAT,2020-12-04,0 days 15:59:26.247520,326237,182.15,182.1,300,100,-1659,1065
461,CB,2020-12-04,0 days 15:59:46.320926,284150,155.42,155.31,100,100,-331,3942
462,CB,2020-12-04,0 days 15:59:47.320839,283056,155.39,155.31,540,100,1094,-331
463,CBRE,2020-12-04,0 days 15:55:06.252497,189439,65.69,65.68,876,600,636,-964
464,CBRE,2020-12-04,0 days 15:59:14.249662,216330,65.8,65.76,400,300,3239,-2561
465,CBRE,2020-12-04,0 days 15:59:15.245013,215169,65.8,65.75,300,462,-1493,3239
466,CBRE,2020-12-04,0 days 15:59:48.244823,215004,65.78,65.73,500,217,-527,673
467,CCEP,2020-12-04,0 days 15:57:07.241142,79191,47.32,47.3,1366,942,-296,4
468,CCEP,2020-12-04,0 days 15:57:08.241244,76887,47.32,47.3,1366,942,2304,-296
469,CCEP,2020-12-04,0 days 15:58:12.243334,79087,47.39,47.36,200,2718,1904,-40
470,CCEP,2020-12-04,0 days 15:59:00.247885,80991,47.39,47.37,216,900,-2396,704
471,CCEP,2020-12-04,0 days 15:59:01.245708,80037,47.39,47.37,516,237,954,-2396
472,CCEP,2020-12-04,0 days 15:59:29.247470,77928,47.45,47.41,100,2051,243,-857
473,CCEP,2020-12-04,0 days 15:59:32.248980,77928,47.48,47.45,500,100,243,-457
474,CCEP,2020-12-04,0 days 15:59:42.248475,78171,47.53,47.46,400,300,-4037,143
475,CCEP,2020-12-04,0 days 15:59:45.251773,76628,47.51,47.46,100,700,1543,-2637
476,CCEP,2020-12-04,0 days 15:59:46.249606,78171,47.5,47.46,262,424,-3794,1543
477,CCEP,2020-12-04,0 days 15:59:54.249477,77474,47.45,47.39,100,900,697,-503
478,CCL,2020-12-04,0 days 15:55:00.256998,420538,23.4,23.39,2602,15174,-3489,119041
479,CCL,2020-12-04,0 days 15:58:07.262278,477441,23.44,23.43,7140,24051,-7018,4482
480,CCL,2020-12-04,0 days 15:58:27.266840,479478,23.44,23.43,500,35449,-4981,2919
481,CCL,2020-12-04,0 days 15:59:10.265056,488194,23.47,23.45,14057,29009,23426,-3739
482,CCL,2020-12-04,0 days 15:59:11.265840,486420,23.47,23.45,14014,32508,-1774,23426
483,CCL,2020-12-04,0 days 15:59:44.265151,496380,23.47,23.46,15752,12660,-1287,4713
484,CCO,2020-12-04,0 days 15:58:11.242481,24847,1.55,1.54,5475,5904,-443,1915
485,CDE,2020-12-04,0 days 15:56:06.246861,92601,8.05,8.04,11640,8700,2638,-17062
486,CDE,2020-12-04,0 days 15:59:16.250092,106952,8.05,8.04,11358,13088,2090,-1110
487,CDE,2020-12-04,0 days 15:59:47.250718,110276,8.05,8.04,13811,20833,-9199,1901
488,CDE,2020-12-04,0 days 15:59:48.250847,109375,8.05,8.04,19117,18566,901,-9199
489,CF,2020-12-04,0 days 15:55:00.256508,216911,39.69,39.68,1686,200,65114,-83126
490,CF,2020-12-04,0 days 15:57:36.262569,288055,39.63,39.62,2106,1785,-3206,3394
491,CF,2020-12-04,0 days 15:57:37.261499,286961,39.63,39.62,2012,1785,1094,-3206
492,CF,2020-12-04,0 days 15:57:38.261695,288055,39.63,39.62,1849,1837,-2506,1094
493,CFG,2020-12-04,0 days 15:57:36.262652,310780,35.38,35.37,3012,1919,-3373,1727
494,CFG,2020-12-04,0 days 15:57:37.261568,309553,35.38,35.37,3593,1285,1227,-3373
495,CFG,2020-12-04,0 days 15:57:42.260978,310780,35.37,35.36,3248,2466,-1273,1027
496,CFG,2020-12-04,0 days 15:57:45.260434,310253,35.37,35.36,3768,1945,527,-1273
497,CFG,2020-12-04,0 days 15:58:18.262890,310780,35.36,35.35,952,4150,-922,1034
498,CFX,2020-12-04,0 days 15:55:00.096930,31011,38.07,38.05,300,425,-2659,4217
499,CFX,2020-12-04,0 days 15:55:01.099755,30870,38.07,38.05,200,425,141,-2659
500,CFX,2020-12-04,0 days 15:55:53.098815,31175,38.02,38.0,100,300,-2534,466
501,CFX,2020-12-04,0 days 15:55:54.098664,31009,38.06,37.99,200,528,166,-2534
502,CFX,2020-12-04,0 days 15:56:22.099697,31021,38.02,38.01,100,300,-1937,63
503,CFX,2020-12-04,0 days 15:57:18.101110,34865,37.97,37.91,439,200,81,-519
504,CFX,2020-12-04,0 days 15:57:45.095593,35146,38.02,37.97,249,700,-619,281
505,CFX,2020-12-04,0 days 15:57:46.095333,35065,38.02,37.97,249,700,81,-619
506,CFX,2020-12-04,0 days 15:59:01.099275,37227,38.0,37.98,100,102,88,-1304
507,CFX,2020-12-04,0 days 15:59:53.096478,38181,38.02,37.97,100,100,-3775,25
508,CHL,2020-12-04,0 days 15:57:02.247710,33805,29.85,29.84,2455,6481,-4,1765
509,CHL,2020-12-04,0 days 15:57:17.247692,30509,29.85,29.84,2865,6807,3296,-4
510,CHL,2020-12-04,0 days 15:59:12.250912,33389,29.84,29.82,2500,6697,1009,-6676
511,CHL,2020-12-04,0 days 15:59:18.250082,34658,29.84,29.82,2500,5327,-345,769
512,CHL,2020-12-04,0 days 15:59:47.250462,35328,29.84,29.82,2400,6726,-2175,25
513,CHWY,2020-12-04,0 days 15:56:15.242008,59122,74.49,74.42,200,1034,-1213,3687
514,CHWY,2020-12-04,0 days 15:56:16.241586,57235,74.45,74.39,100,100,1887,-1213
515,CHWY,2020-12-04,0 days 15:57:08.242377,59534,74.64,74.5,500,700,-10,14
516,CHWY,2020-12-04,0 days 15:57:17.243179,59520,74.63,74.5,218,100,14,-10
517,CHWY,2020-12-04,0 days 15:57:43.243003,66034,74.56,74.47,100,100,-86,414
518,CHWY,2020-12-04,0 days 15:57:46.240445,63320,74.66,74.47,700,100,2714,-86
519,CHWY,2020-12-04,0 days 15:59:14.244368,62236,74.7,74.67,193,256,-436,1669
520,CHWY,2020-12-04,0 days 15:59:15.244553,61672,74.7,74.67,193,256,564,-436
521,CHWY,2020-12-04,0 days 15:59:16.244672,62236,74.7,74.67,193,200,-36,564
522,CHWY,2020-12-04,0 days 15:59:19.244367,61742,74.7,74.67,172,200,494,-706
523,CHWY,2020-12-04,0 days 15:59:32.244576,120346,74.77,74.74,200,212,-4846,3904
524,CHWY,2020-12-04,0 days 15:59:33.244372,116492,74.77,74.74,200,212,12846,-4846
525,CHWY,2020-12-04,0 days 15:59:41.245546,129338,74.81,74.75,300,363,-554,146
526,CHWY,2020-12-04,0 days 15:59:47.245435,127539,74.84,74.81,600,363,7403,-4605
527,CL,2020-12-04,0 days 15:55:00.244506,439961,85.11,85.09,504,758,-13185,102331
528,CL,2020-12-04,0 days 15:55:32.247650,444324,85.01,85.0,100,100,152,-2263
529,CL,2020-12-04,0 days 15:55:42.250593,444776,84.99,84.97,402,702,-21985,415
530,CL,2020-12-04,0 days 15:56:30.246882,465690,84.93,84.92,400,360,2669,-831
531,CL,2020-12-04,0 days 15:56:31.246879,464132,84.94,84.92,600,706,-1558,2669
532,CL,2020-12-04,0 days 15:57:22.247247,465600,84.96,84.95,100,1014,-129,1371
533,CL,2020-12-04,0 days 15:57:36.249904,475023,84.95,84.94,202,201,878,-122
534,CL,2020-12-04,0 days 15:57:41.248714,477723,84.97,84.96,107,301,1168,-332
535,CL,2020-12-04,0 days 15:57:45.246312,480502,84.97,84.95,623,1486,-1721,1079
536,CL,2020-12-04,0 days 15:57:53.245228,477850,84.99,84.97,300,401,1041,-1059
537,CL,2020-12-04,0 days 15:58:05.246720,478200,85.0,84.99,908,200,-34701,5399
538,CL,2020-12-04,0 days 15:58:06.246599,477201,84.99,84.98,403,300,999,-34701
539,CL,2020-12-04,0 days 15:58:26.247540,468918,85.01,84.99,675,1004,-402,298
540,CL,2020-12-04,0 days 15:58:27.251428,468720,85.02,85.0,200,996,198,-402
541,CL,2020-12-04,0 days 15:58:28.247302,468918,85.03,84.99,100,749,-2217,198
542,CL,2020-12-04,0 days 15:59:07.250401,473829,85.03,85.01,161,2033,335,-87
543,CL,2020-12-04,0 days 15:59:08.252223,474164,85.04,85.01,200,2033,-2609,335
544,CL,2020-12-04,0 days 15:59:09.249391,474073,85.02,85.01,200,200,91,-2609
545,CL,2020-12-04,0 days 15:59:15.250408,476604,85.03,85.01,121,2000,-26380,240
546,CLDR,2020-12-04,0 days 15:55:43.247779,309868,12.35,12.34,2870,1800,-13,9287
547,CLDR,2020-12-04,0 days 15:55:48.247968,300074,12.35,12.34,2170,4300,9794,-3806
548,CLDR,2020-12-04,0 days 15:56:39.247007,295760,12.38,12.37,4581,2753,10498,-21902
549,CLF,2020-12-04,0 days 15:55:00.234641,171439,12.61,12.6,8333,13691,-2991,29185
550,CLF,2020-12-04,0 days 15:57:33.239800,229193,12.59,12.58,10486,21132,8521,-2479
551,CLF,2020-12-04,0 days 15:57:34.239316,222414,12.59,12.58,16523,8563,-6779,8521
552,CLF,2020-12-04,0 days 15:58:03.244021,231137,12.58,12.57,15788,23362,1662,-8679
553,CLF,2020-12-04,0 days 15:59:47.244879,242401,12.57,12.56,16156,19982,-6890,1995
554,CLNY,2020-12-04,0 days 15:55:51.098402,269276,4.77,4.76,10200,28288,-4000,2000
555,CLNY,2020-12-04,0 days 15:55:52.098461,251376,4.77,4.76,8500,28605,17900,-4000
556,CLNY,2020-12-04,0 days 15:59:13.099166,275122,4.77,4.76,17284,56825,-36,385
557,CLNY,2020-12-04,0 days 15:59:14.101096,275158,4.77,4.76,16864,58416,1947,-36
558,CLNY,2020-12-04,0 days 15:59:47.098015,277805,4.77,4.76,13780,45013,-2732,14897
559,CLNY,2020-12-04,0 days 15:59:48.097484,271237,4.77,4.76,10080,45163,6568,-2732
560,CLR,2020-12-04,0 days 15:59:36.098618,434078,18.8,18.79,408,2772,-6391,1209
561,CLR,2020-12-04,0 days 15:59:42.098237,434078,18.81,18.8,1500,511,-534,18509
562,CLR,2020-12-04,0 days 15:59:46.098728,434078,18.81,18.8,677,1986,-7071,9829
563,CLR,2020-12-04,0 days 15:59:48.097535,422987,18.8,18.79,1240,660,11091,-14709
564,CNP,2020-12-04,0 days 15:55:00.235287,270439,22.86,22.85,2073,4718,-35659,24453
565,CNP,2020-12-04,0 days 15:55:45.238572,308948,22.84,22.83,8045,1857,11305,-6393
566,CNP,2020-12-04,0 days 15:55:46.238484,305653,22.84,22.83,6242,3157,-3295,11305
567,CNP,2020-12-04,0 days 15:56:23.239146,346138,22.84,22.83,5851,2760,17565,-2052
568,CNP,2020-12-04,0 days 15:56:24.239048,340403,22.84,22.83,3251,5185,-5735,17565
569,CNP,2020-12-04,0 days 15:59:11.245988,352684,22.87,22.86,4300,1539,2272,-2921
570,CNP,2020-12-04,0 days 15:59:12.245123,349883,22.87,22.86,4100,2539,-2801,2272
571,CNP,2020-12-04,0 days 15:59:43.248617,355534,22.87,22.86,9536,1124,253,-2487
572,CNP,2020-12-04,0 days 15:59:48.247845,354215,22.87,22.86,9636,390,-1319,2081
573,CNP,2020-12-04,0 days 15:59:49.247905,355534,22.87,22.85,14336,8364,1758,-1319
574,CNP,2020-12-04,0 days 15:59:50.252733,352392,22.85,22.84,2386,10157,-3142,1758
575,CNQ,2020-12-04,0 days 15:57:05.329138,37054,25.15,25.14,8287,3019,-319,881
576,CNQ,2020-12-04,0 days 15:57:06.329479,36273,25.15,25.14,8287,3391,781,-319
577,CNQ,2020-12-04,0 days 15:57:14.329231,38954,25.15,25.14,549,14896,-1319,781
578,CNQ,2020-12-04,0 days 15:57:15.328980,38073,25.15,25.14,549,14596,81,-1319
579,CNQ,2020-12-04,0 days 15:59:05.332878,38944,25.14,25.13,6785,2488,-2544,656
580,CNQ,2020-12-04,0 days 15:59:06.333302,38488,25.14,25.13,4600,4788,456,-2544
581,CNQ,2020-12-04,0 days 15:59:08.334619,34191,25.14,25.13,3500,8493,-4297,456
582,CNQ,2020-12-04,0 days 15:59:09.333598,33888,25.14,25.13,6305,3888,303,-4297
583,CNQ,2020-12-04,0 days 15:59:47.321026,40322,25.14,25.13,2200,11535,-1267,145
584,CNX,2020-12-04,0 days 15:57:52.239179,322214,9.44,9.43,10794,11369,8947,-7853
585,CNX,2020-12-04,0 days 15:58:03.243738,322697,9.44,9.43,10288,12869,-8017,447
586,CNX,2020-12-04,0 days 15:58:04.241075,312414,9.44,9.43,11288,5658,10283,-8017
587,COF,2020-12-04,0 days 15:59:22.243500,368915,92.37,92.29,400,223,-2827,38693
588,COG,2020-12-04,0 days 15:59:32.097639,812535,16.39,16.38,9640,4800,-14109,9655
589,COG,2020-12-04,0 days 15:59:42.098373,803844,16.38,16.37,6496,6000,8691,-6788
590,COP,2020-12-04,0 days 15:56:10.257206,568850,44.24,44.23,3189,5743,-3879,4121
591,COP,2020-12-04,0 days 15:56:11.256677,564729,44.24,44.23,5089,700,4784,-3879
592,COP,2020-12-04,0 days 15:56:15.257067,582917,44.28,44.27,1902,2726,-9979,6524
593,COP,2020-12-04,0 days 15:56:16.256590,577093,44.28,44.27,3701,300,5824,-9979
594,COP,2020-12-04,0 days 15:56:25.257014,585019,44.29,44.27,2500,6784,-11560,3840
595,COP,2020-12-04,0 days 15:56:26.258131,581676,44.28,44.27,4600,1910,3343,-11560
596,COP,2020-12-04,0 days 15:57:36.260711,603854,44.25,44.24,2330,5776,-6061,3839
597,COP,2020-12-04,0 days 15:57:37.259189,600915,44.25,44.24,227,7076,2939,-6061
598,COP,2020-12-04,0 days 15:57:55.244480,603854,44.25,44.24,1200,5546,-6461,3575
599,COP,2020-12-04,0 days 15:57:56.245311,601779,44.25,44.24,1717,3859,2075,-6461
600,COP,2020-12-04,0 days 15:58:12.246546,608754,44.2,44.19,4058,1632,-160,4084
601,COP,2020-12-04,0 days 15:58:15.247479,600514,44.2,44.19,4958,762,5340,-160
602,COP,2020-12-04,0 days 15:58:28.247396,590229,44.21,44.2,3701,1501,15625,-5649
603,COP,2020-12-04,0 days 15:58:45.248544,603803,44.25,44.23,2180,4746,51,-4349
604,COP,2020-12-04,0 days 15:58:56.248088,601767,44.26,44.25,3909,2856,2087,-949
605,COP,2020-12-04,0 days 15:59:26.246052,608316,44.22,44.21,4589,1046,14701,-6773
606,COP,2020-12-04,0 days 15:59:45.246315,636591,44.26,44.25,6700,692,751,-24191
607,COTY,2020-12-04,0 days 15:56:04.241532,311405,7.75,7.74,11901,26335,1576,-879
608,COTY,2020-12-04,0 days 15:56:05.241284,299381,7.75,7.74,7736,29635,-12024,1576
609,COTY,2020-12-04,0 days 15:56:11.241534,311405,7.75,7.74,4649,33587,56,-2203
610,COTY,2020-12-04,0 days 15:56:15.242291,309861,7.76,7.75,9901,28913,-1544,56
611,COTY,2020-12-04,0 days 15:58:03.245971,378500,7.76,7.75,19934,21640,4901,-3459
612,COTY,2020-12-04,0 days 15:58:04.244942,352058,7.75,7.74,19550,13513,-20342,4901
613,COTY,2020-12-04,0 days 15:59:15.246895,388357,7.75,7.74,15000,29226,145640,-5539
614,CPE,2020-12-04,0 days 15:55:30.247499,58957,13.37,13.36,4779,300,4610,-3164
615,CPE,2020-12-04,0 days 15:55:31.247545,57367,13.36,13.35,140,1200,-1590,4610
616,CPE,2020-12-04,0 days 15:57:26.248523,59399,13.37,13.36,100,2761,708,-992
617,CPE,2020-12-04,0 days 15:57:27.248155,58307,13.37,13.36,100,2761,-1092,708
618,CPE,2020-12-04,0 days 15:58:03.248511,50078,13.36,13.35,1304,5600,8249,-92
619,CPE,2020-12-04,0 days 15:58:04.246719,47627,13.36,13.35,1204,5500,-2451,8249
620,CPE,2020-12-04,0 days 15:59:39.250321,58694,13.33,13.31,2675,400,-422,1778
621,CPG,2020-12-04,0 days 15:59:36.252008,5293,2.09,2.08,81084,348350,-307,3093
622,CPRI,2020-12-04,0 days 15:57:29.237224,88090,39.11,39.09,400,312,-8016,2685
623,CPRI,2020-12-04,0 days 15:57:30.237792,85505,39.11,39.09,100,112,2585,-8016
624,CPRI,2020-12-04,0 days 15:57:46.237373,88090,39.15,39.13,100,200,-87,513
625,CPRI,2020-12-04,0 days 15:57:47.237593,86477,39.15,39.12,100,204,1613,-87
626,CPRI,2020-12-04,0 days 15:58:08.239767,88248,39.12,39.1,429,100,-4739,1594
627,CPRI,2020-12-04,0 days 15:58:09.239516,87387,39.12,39.1,300,100,861,-4739
628,CPRI,2020-12-04,0 days 15:58:11.240210,88248,39.14,39.1,364,1090,-1049,861
629,CPRI,2020-12-04,0 days 15:58:12.238874,87297,39.14,39.1,464,826,951,-1049
630,CPRI,2020-12-04,0 days 15:58:48.240409,87297,39.13,39.11,452,214,951,-49
631,CPRI,2020-12-04,0 days 15:59:05.241791,89225,39.15,39.13,200,272,-126,574
632,CPRI,2020-12-04,0 days 15:59:07.241026,87101,39.17,39.13,100,436,111,-2139
633,CPRI,2020-12-04,0 days 15:59:08.245315,87252,39.17,39.14,300,200,-2038,111
634,CPRI,2020-12-04,0 days 15:59:13.241802,87982,39.15,39.13,120,100,5,-295
635,CPRI,2020-12-04,0 days 15:59:29.241798,85923,39.12,39.04,100,602,2414,-6
636,CPRI,2020-12-04,0 days 15:59:32.242215,88337,39.12,39.07,100,400,-1196,214
637,CPRI,2020-12-04,0 days 15:59:35.242658,87436,39.12,39.09,200,400,901,-999
638,CPRI,2020-12-04,0 days 15:59:37.242210,88337,39.15,39.09,300,607,-909,101
639,CPRI,2020-12-04,0 days 15:59:43.243933,87436,39.13,39.08,300,785,901,-99
640,CPRI,2020-12-04,0 days 15:59:46.245477,88337,39.14,39.1,100,100,-4761,101
641,CRK,2020-12-04,0 days 15:58:10.242095,68178,4.85,4.84,3910,9036,-575,3525
642,CRK,2020-12-04,0 days 15:58:11.242573,67553,4.85,4.84,3910,8208,625,-575
643,CRK,2020-12-04,0 days 15:59:06.244821,69178,4.85,4.84,3763,10059,-8072,7419
644,CRM,2020-12-04,0 days 15:55:00.235543,478133,225.22,225.16,405,100,-4465,39431
645,CRM,2020-12-04,0 days 15:55:32.239227,490370,225.12,225.03,1002,600,13072,-195
646,CRM,2020-12-04,0 days 15:56:15.239398,509126,225.03,225.0,11797,200,-286,1248
647,CRM,2020-12-04,0 days 15:56:16.239882,507712,225.02,224.98,100,100,1414,-286
648,CRM,2020-12-04,0 days 15:56:22.239980,509126,225.02,224.97,1701,500,-415,1399
649,CRM,2020-12-04,0 days 15:56:23.239572,507941,225.02,224.97,100,400,1366,-415
650,CRM,2020-12-04,0 days 15:57:25.243092,513789,225.1,225.03,1146,421,-4476,1424
651,CRM,2020-12-04,0 days 15:57:26.242160,512265,225.1,225.03,2096,618,1524,-4476
652,CRM,2020-12-04,0 days 15:57:42.241526,525189,225.13,225.09,500,804,-2478,322
653,CRM,2020-12-04,0 days 15:57:45.241597,527665,225.12,225.07,100,196,6624,-2478
654,CRM,2020-12-04,0 days 15:57:52.241631,541032,225.1,225.01,100,100,-233,5067
655,CRM,2020-12-04,0 days 15:57:54.241972,541265,225.06,225.0,100,1040,567,-233
656,CRM,2020-12-04,0 days 15:58:34.243913,546203,225.08,225.03,333,200,-314,4986
657,CRM,2020-12-04,0 days 15:58:35.243238,542417,225.1,225.02,302,300,3786,-314
658,CRM,2020-12-04,0 days 15:58:39.243763,535857,225.17,225.11,717,400,-6962,3786
659,CRM,2020-12-04,0 days 15:58:40.244229,532617,225.14,225.06,100,120,13586,-6962
660,CRM,2020-12-04,0 days 15:58:41.244320,535903,225.14,225.09,200,103,-6916,13586
661,CRM,2020-12-04,0 days 15:58:42.244615,533119,225.14,225.09,100,100,2784,-6916
662,CRM,2020-12-04,0 days 15:59:00.247794,534703,225.16,225.1,600,300,1177,-4923
663,CRM,2020-12-04,0 days 15:59:07.245385,535176,225.21,225.15,200,300,3604,-7927
664,CS,2020-12-04,0 days 15:59:01.247905,16873,13.19,13.18,2708,100435,145,-71
665,CTVA,2020-12-04,0 days 15:59:22.243695,571942,38.63,38.62,718,1005,137,-39913
666,CTVA,2020-12-04,0 days 15:59:55.245586,581928,38.65,38.64,177,700,-5918,419
667,CUK,2020-12-04,0 days 15:57:00.246975,21153,20.5,20.49,6023,509,1785,-855
668,CUK,2020-12-04,0 days 15:57:01.247321,20338,20.49,20.48,3900,5400,-815,1785
669,CUK,2020-12-04,0 days 15:59:45.249370,22843,20.46,20.45,3126,900,2235,-6
670,CUK,2020-12-04,0 days 15:59:46.248939,22478,20.46,20.45,2326,1400,-1245,2235
671,CVE,2020-12-04,0 days 15:59:36.248039,98717,5.65,5.64,288740,300091,-7808,19892
672,CVS,2020-12-04,0 days 15:55:00.256508,378652,74.41,74.4,2322,1421,-12952,25543
673,CVS,2020-12-04,0 days 15:55:45.257796,408183,74.34,74.32,1702,853,75,-6160
674,CVS,2020-12-04,0 days 15:55:47.257566,404829,74.34,74.33,1260,1600,-3354,75
675,CVS,2020-12-04,0 days 15:56:08.258479,409504,74.32,74.31,2504,651,2923,-2077
676,CVS,2020-12-04,0 days 15:56:09.258538,406727,74.32,74.31,1604,603,-2777,2923
677,CVS,2020-12-04,0 days 15:56:12.258611,409640,74.32,74.31,1536,3000,246,-86
678,CVS,2020-12-04,0 days 15:56:13.258145,407186,74.35,74.33,1578,2953,-2318,246
679,CVS,2020-12-04,0 days 15:56:23.258811,413350,74.37,74.36,437,3603,1224,-1774
680,CVS,2020-12-04,0 days 15:56:24.259504,410974,74.38,74.37,1400,837,-1676,1224
681,CVS,2020-12-04,0 days 15:59:02.265861,497915,74.37,74.36,969,200,13031,-5376
682,CVS,2020-12-04,0 days 15:59:03.264917,492096,74.37,74.36,1769,765,-5819,13031
683,CVS,2020-12-04,0 days 15:59:08.267008,507870,74.38,74.37,667,2475,9279,-6674
684,CVS,2020-12-04,0 days 15:59:09.265278,501449,74.39,74.38,1000,200,-5721,9279
685,CVS,2020-12-04,0 days 15:59:39.265877,547485,74.4,74.39,400,100,24735,-10865
686,CVS,2020-12-04,0 days 15:59:40.265792,542620,74.42,74.4,1300,461,-1965,24735
687,CVX,2020-12-04,0 days 15:55:00.239661,674207,93.2,93.19,700,409,-13965,98439
688,CVX,2020-12-04,0 days 15:55:36.241414,689882,93.13,93.12,400,1700,963,-4600
689,CVX,2020-12-04,0 days 15:57:52.242734,715977,93.23,93.22,400,700,-865,668
690,CVX,2020-12-04,0 days 15:58:02.244322,716842,93.21,93.2,4168,178,235,-865
691,CVX,2020-12-04,0 days 15:58:10.244238,717077,93.18,93.17,1232,800,-2677,794
692,CVX,2020-12-04,0 days 15:59:01.247928,720288,93.22,93.21,321,1100,5568,-5046
693,CVX,2020-12-04,0 days 15:59:02.245930,719256,93.22,93.21,821,1954,-1032,5568
694,CVX,2020-12-04,0 days 15:59:04.245797,720288,93.22,93.21,200,2337,38851,-849
695,CVX,2020-12-04,0 days 15:59:40.248007,828210,93.3,93.28,950,2090,-42224,34767
696,CVX,2020-12-04,0 days 15:59:41.248045,800331,93.27,93.25,1442,100,33379,-42224
697,CVX,2020-12-04,0 days 15:59:44.246414,831510,93.31,93.29,200,2320,-38922,28668
698,CVX,2020-12-04,0 days 15:59:58.247014,866481,93.33,93.29,300,793,-25532,44011
699,CX,2020-12-04,0 days 15:59:11.333409,387726,5.59,5.58,128909,68113,-14847,5024
700,CX,2020-12-04,0 days 15:59:12.333508,372473,5.59,5.58,128109,67113,15253,-14847
701,CX,2020-12-04,0 days 15:59:46.320713,396625,5.59,5.58,28500,160383,-3133,16267
702,CX,2020-12-04,0 days 15:59:48.319672,383758,5.59,5.58,7738,203983,5367,-11333
703,CXO,2020-12-04,0 days 15:57:25.101414,447070,64.47,64.46,100,100,-4332,1468
704,CXO,2020-12-04,0 days 15:58:12.096802,445900,64.39,64.38,1425,134,3070,-730
705,CXO,2020-12-04,0 days 15:58:26.096910,448670,64.43,64.4,146,231,-13013,3070
706,CXO,2020-12-04,0 days 15:58:27.097021,447083,64.42,64.41,295,200,1587,-13013
707,CXO,2020-12-04,0 days 15:58:53.097949,446883,64.47,64.45,200,400,187,-4113
708,CXO,2020-12-04,0 days 15:58:55.098595,447070,64.47,64.46,200,600,-761,187
709,CXO,2020-12-04,0 days 15:59:08.100111,455445,64.45,64.42,300,200,-4721,694
710,CXO,2020-12-04,0 days 15:59:25.097910,457677,64.42,64.41,111,100,987,-14013
711,CXO,2020-12-04,0 days 15:59:37.098169,458229,64.43,64.41,600,168,435,-14365
712,CXO,2020-12-04,0 days 15:59:47.098228,442737,64.4,64.39,200,434,16227,-13578
713,CYH,2020-12-04,0 days 15:58:02.244304,46524,8.62,8.61,2410,1237,1379,-2721
714,CYH,2020-12-04,0 days 15:59:08.249658,47627,8.63,8.62,8700,2729,-910,1490
715,CYH,2020-12-04,0 days 15:59:09.246530,47437,8.63,8.62,8700,2729,190,-910
716,CYH,2020-12-04,0 days 15:59:18.249928,47627,8.63,8.62,7252,4756,-424,443
717,CYH,2020-12-04,0 days 15:59:19.246289,47451,8.63,8.62,7652,3829,176,-424
718,CYH,2020-12-04,0 days 15:59:38.246593,50718,8.63,8.62,5991,3778,-5433,967
719,CYH,2020-12-04,0 days 15:59:39.247027,50151,8.63,8.62,5991,4078,567,-5433
720,D,2020-12-04,0 days 15:59:11.243741,612830,76.02,76.01,1213,203,-4218,31703
721,D,2020-12-04,0 days 15:59:12.243765,606730,76.01,75.99,828,1029,6100,-4218
722,D,2020-12-04,0 days 15:59:15.243412,613743,76.0,75.98,100,198,-222843,8578
723,D,2020-12-04,0 days 15:59:33.243530,709622,75.94,75.93,100,853,40978,-64722
724,D,2020-12-04,0 days 15:59:34.243544,705100,75.94,75.93,500,600,-4522,40978
725,D,2020-12-04,0 days 15:59:36.246143,708422,75.92,75.91,1036,400,9378,-4522
726,D,2020-12-04,0 days 15:59:40.244935,705792,75.9,75.89,100,247,208,-2392
727,D,2020-12-04,0 days 15:59:41.245100,699033,75.9,75.88,200,102,-2779,208
728,D,2020-12-04,0 days 15:59:55.245435,721493,75.85,75.79,1700,400,11087,-2546
729,DAL,2020-12-04,0 days 15:56:15.259280,321422,42.3,42.29,8144,5144,3248,-12952
730,DAL,2020-12-04,0 days 15:56:27.258422,324794,42.31,42.3,2043,5818,-18311,1689
731,DAL,2020-12-04,0 days 15:56:28.258547,323405,42.32,42.31,2520,3866,1389,-18311
732,DAL,2020-12-04,0 days 15:57:23.260452,324794,42.33,42.32,5525,500,-911,1389
733,DAL,2020-12-04,0 days 15:57:24.261248,323705,42.32,42.31,300,4233,1089,-911
734,DAL,2020-12-04,0 days 15:57:33.262284,324794,42.33,42.32,480,5470,-2911,289
735,DAL,2020-12-04,0 days 15:57:41.261984,322505,42.33,42.32,6379,800,2289,-4211
736,DAL,2020-12-04,0 days 15:57:42.260960,324794,42.33,42.32,4369,2675,-11,2289
737,DAL,2020-12-04,0 days 15:57:43.260871,323605,42.33,42.32,4469,200,1189,-11
738,DAL,2020-12-04,0 days 15:58:03.266028,310012,42.32,42.31,5185,334,-1193,582
739,DAL,2020-12-04,0 days 15:58:05.262201,308905,42.31,42.3,4913,299,1107,-1793
740,DAL,2020-12-04,0 days 15:58:19.262663,312906,42.31,42.3,7134,404,-3023,3877
741,DAL,2020-12-04,0 days 15:58:36.264186,314429,42.32,42.31,5068,642,977,-1723
742,DB,2020-12-04,0 days 15:59:08.267517,36226,11.77,11.76,46830,96592,4342,-5507
743,DBI,2020-12-04,0 days 15:57:30.243550,64606,8.69,8.68,4451,6678,-1406,2794
744,DBI,2020-12-04,0 days 15:57:31.243550,61012,8.69,8.68,4252,6696,3594,-1406
745,DBI,2020-12-04,0 days 15:59:09.244338,68114,8.72,8.71,500,7789,-6121,295
746,DBI,2020-12-04,0 days 15:59:46.246272,67700,8.73,8.72,1600,9685,1320,-4986
747,DD,2020-12-04,0 days 15:59:22.250025,1637016,65.99,65.97,1000,701,37760,-36041
748,DD,2020-12-04,0 days 15:59:27.250278,1641386,66.0,65.98,600,200,-652,1938
749,DD,2020-12-04,0 days 15:59:28.250098,1642016,65.98,65.95,300,1300,24801,-652
750,DDD,2020-12-04,0 days 15:56:09.245276,89766,10.46,10.45,1636,4695,3794,-706
751,DDD,2020-12-04,0 days 15:56:14.250325,93615,10.47,10.46,2290,3477,-11626,3849
752,DDD,2020-12-04,0 days 15:56:15.245109,93584,10.47,10.46,4012,2689,31,-11626
753,DE,2020-12-04,0 days 15:57:16.101054,151977,253.0,252.95,619,300,-1755,2345
754,DE,2020-12-04,0 days 15:57:17.101249,150432,253.0,252.91,719,100,1545,-1755
755,DE,2020-12-04,0 days 15:59:07.098709,160940,253.29,253.21,800,400,-293,207
756,DE,2020-12-04,0 days 15:59:11.099282,159212,253.29,253.21,383,563,1728,-490
757,DE,2020-12-04,0 days 15:59:15.098885,160951,253.29,253.22,683,300,-23213,1412
758,DE,2020-12-04,0 days 15:59:16.097280,166764,253.29,253.23,483,158,3278,-23213
759,DE,2020-12-04,0 days 15:59:17.097368,166542,253.29,253.23,483,158,-252,3278
760,DE,2020-12-04,0 days 15:59:19.097664,166794,253.29,253.23,400,407,408,-52
761,DE,2020-12-04,0 days 15:59:27.097295,167632,253.29,253.25,625,266,-453,147
762,DE,2020-12-04,0 days 15:59:28.097340,167585,253.29,253.23,725,205,47,-453
763,DE,2020-12-04,0 days 15:59:46.098908,168770,253.54,253.41,100,210,-3803,121
764,DELL,2020-12-04,0 days 15:55:00.324486,181383,72.2,72.14,100,200,-7174,72950
765,DELL,2020-12-04,0 days 15:55:04.324014,179728,72.1,72.08,632,200,1668,-3051
766,DELL,2020-12-04,0 days 15:55:10.324124,185827,72.17,72.1,100,200,-2201,6099
767,DELL,2020-12-04,0 days 15:56:34.327468,182708,72.01,71.99,100,200,1369,-2851
768,DELL,2020-12-04,0 days 15:56:35.327555,184677,72.01,71.99,600,200,-2731,1369
769,DELL,2020-12-04,0 days 15:59:20.318716,252910,72.15,72.13,276,1100,3713,-2906
770,DELL,2020-12-04,0 days 15:59:21.318569,248138,72.21,72.15,400,100,-9491,3713
771,DELL,2020-12-04,0 days 15:59:40.320315,260794,72.19,72.1,268,400,3439,-4139
772,DELL,2020-12-04,0 days 15:59:41.319507,258633,72.24,72.16,268,461,-9416,3439
773,DELL,2020-12-04,0 days 15:59:44.319260,260784,72.21,72.12,494,100,5988,-2389
774,DELL,2020-12-04,0 days 15:59:45.321311,257750,72.21,72.12,150,100,-19098,5988
775,DELL,2020-12-04,0 days 15:59:49.320767,267168,72.18,72.12,350,100,-2415,4985
776,DFS,2020-12-04,0 days 15:55:38.241316,153046,82.58,82.56,200,100,120,-180
777,DFS,2020-12-04,0 days 15:55:39.240984,152066,82.58,82.56,600,100,-980,120
778,DFS,2020-12-04,0 days 15:56:23.242720,155800,82.58,82.56,936,637,4820,-2863
779,DFS,2020-12-04,0 days 15:56:24.243190,155420,82.6,82.58,200,235,-380,4820
780,DFS,2020-12-04,0 days 15:59:32.246432,166681,82.69,82.67,250,200,510,-381
781,DFS,2020-12-04,0 days 15:59:50.251701,163382,82.7,82.65,410,200,-980,1220
782,DG,2020-12-04,0 days 15:59:24.246517,178088,213.36,213.16,200,100,4176,-4624
783,DG,2020-12-04,0 days 15:59:55.248120,186489,213.58,213.35,300,100,-2814,5151
784,DG,2020-12-04,0 days 15:59:58.248706,181638,213.58,213.35,300,100,7126,-839
785,DG,2020-12-04,0 days 16:00:00.246208,188464,213.66,213.36,400,100,-839,7126
786,DHI,2020-12-04,0 days 15:57:02.100447,258194,71.25,71.23,404,366,3191,-2118
787,DHI,2020-12-04,0 days 15:57:03.100802,257585,71.25,71.23,203,466,-609,3191
788,DHI,2020-12-04,0 days 15:58:12.096692,265433,71.28,71.26,501,100,1926,-2643
789,DHI,2020-12-04,0 days 15:58:13.096901,264659,71.28,71.27,400,200,-774,1926
790,DHI,2020-12-04,0 days 15:58:38.097212,260859,71.26,71.24,810,332,-274,2726
791,DHI,2020-12-04,0 days 15:59:10.098524,264750,71.24,71.22,100,300,2917,-2647
792,DHI,2020-12-04,0 days 15:59:12.098816,265567,71.24,71.22,600,300,-3392,817
793,DHI,2020-12-04,0 days 15:59:15.098580,268959,71.24,71.23,704,600,33500,-3392
794,DHI,2020-12-04,0 days 15:59:17.096966,268568,71.29,71.26,200,200,-4691,1833
795,DHR,2020-12-04,0 days 15:59:22.243479,167736,224.62,224.57,100,100,-8630,3311
796,DHR,2020-12-04,0 days 15:59:50.249656,180714,224.47,224.35,100,550,1659,-737
797,DHR,2020-12-04,0 days 15:59:51.246613,180729,224.54,224.39,100,850,-685,1659
798,DHR,2020-12-04,0 days 16:00:00.243100,180729,224.61,224.39,100,100,-1096,588
799,DHT,2020-12-04,0 days 15:58:10.262188,56779,5.54,5.53,22676,22487,-646,3507
800,DIS,2020-12-04,0 days 15:59:23.265082,926153,153.99,153.95,111,200,3186,-105245
801,DIS,2020-12-04,0 days 15:59:51.266019,967578,154.12,154.07,100,250,-208,1861
802,DKS,2020-12-04,0 days 15:55:00.245730,51737,56.25,56.24,3307,1002,-343,5349
803,DKS,2020-12-04,0 days 15:57:03.248049,57701,56.2,56.19,445,923,2012,-288
804,DKS,2020-12-04,0 days 15:57:05.248558,57342,56.2,56.19,545,1122,-359,541
805,DKS,2020-12-04,0 days 15:57:35.248727,57701,56.17,56.16,828,376,41,-359
806,DKS,2020-12-04,0 days 15:57:36.250077,57442,56.17,56.16,828,476,-259,41
807,DKS,2020-12-04,0 days 15:57:38.248252,57701,56.17,56.16,928,776,141,-259
808,DKS,2020-12-04,0 days 15:57:44.245812,57701,56.17,56.16,1086,100,441,-259
809,DKS,2020-12-04,0 days 15:57:52.245165,58742,56.17,56.16,599,978,-359,141
810,DKS,2020-12-04,0 days 15:57:53.245315,58601,56.17,56.16,599,978,341,-359
811,DKS,2020-12-04,0 days 15:57:56.245347,59042,56.17,56.16,699,978,-59,241
812,DKS,2020-12-04,0 days 15:57:57.245525,58901,56.17,56.16,799,978,141,-59
813,DKS,2020-12-04,0 days 15:58:00.246800,59142,56.17,56.16,459,1258,-59,141
814,DKS,2020-12-04,0 days 15:58:01.247589,59001,56.17,56.16,415,1283,141,-59
815,DKS,2020-12-04,0 days 15:58:02.246784,59142,56.17,56.16,545,999,-59,141
816,DKS,2020-12-04,0 days 15:58:04.246917,59001,56.17,56.16,658,403,141,-559
817,DKS,2020-12-04,0 days 15:58:07.246609,59154,56.17,56.16,530,699,-147,153
818,DKS,2020-12-04,0 days 15:58:08.246975,59001,56.17,56.16,558,699,2530,-147
819,DKS,2020-12-04,0 days 15:58:10.246702,61531,56.17,56.16,428,999,-170,330
820,DKS,2020-12-04,0 days 15:58:11.247649,60404,56.17,56.16,528,899,1127,-170
821,DKS,2020-12-04,0 days 15:59:00.252295,59254,56.17,56.16,590,309,-1089,227
822,DKS,2020-12-04,0 days 15:59:20.249700,67188,56.16,56.15,100,521,480,-539
823,DKS,2020-12-04,0 days 15:59:24.250519,66068,56.17,56.15,200,421,-220,580
824,DOW,2020-12-04,0 days 15:55:32.236132,317818,54.9,54.88,501,300,2372,-1693
825,DOW,2020-12-04,0 days 15:55:33.235805,313690,54.9,54.88,301,300,-4128,2372
826,DOW,2020-12-04,0 days 15:56:04.236753,317918,54.89,54.88,546,600,1017,-480
827,DOW,2020-12-04,0 days 15:56:05.236397,314410,54.9,54.89,308,723,-3508,1017
828,DOW,2020-12-04,0 days 15:57:33.239577,321120,54.94,54.93,759,600,50,-2250
829,DOW,2020-12-04,0 days 15:57:37.239808,316770,54.94,54.93,453,1001,-4350,50
830,DOW,2020-12-04,0 days 15:58:00.240705,321136,54.95,54.94,1142,499,34,-7
831,DOW,2020-12-04,0 days 15:58:01.240906,315370,54.95,54.94,552,818,-5766,34
832,DOW,2020-12-04,0 days 15:58:10.240482,319059,54.95,54.94,304,786,1128,-5389
833,DOW,2020-12-04,0 days 15:58:11.241379,316370,54.97,54.95,100,1330,-2689,1128
834,DOW,2020-12-04,0 days 15:58:44.240211,316370,54.96,54.95,373,246,-2689,3911
835,DOW,2020-12-04,0 days 15:59:09.242938,324802,55.0,54.96,500,500,32672,-2898
836,DOW,2020-12-04,0 days 15:59:46.246011,360095,55.02,54.99,676,400,-5609,14491
837,DRH,2020-12-04,0 days 15:56:23.246632,115080,8.74,8.73,9774,14264,-4620,1459
838,DRH,2020-12-04,0 days 15:59:37.250596,123492,8.73,8.72,10995,9800,-264,136
839,DRI,2020-12-04,0 days 15:59:08.245959,130075,114.74,114.67,200,300,31409,-4643
840,DRI,2020-12-04,0 days 15:59:09.244338,129684,114.76,114.67,300,300,-391,31409
841,DRI,2020-12-04,0 days 15:59:22.243665,136915,114.76,114.72,300,497,2960,-2385
842,DRI,2020-12-04,0 days 15:59:31.245231,139759,114.84,114.8,100,455,-796,417
843,DRI,2020-12-04,0 days 15:59:32.244330,139342,114.83,114.8,100,233,417,-796
844,DRI,2020-12-04,0 days 15:59:33.244100,140059,114.86,114.8,786,500,-97,417
845,DRI,2020-12-04,0 days 15:59:37.244735,138256,114.79,114.74,494,200,1803,-97
846,DRI,2020-12-04,0 days 15:59:38.244803,139759,114.82,114.79,100,400,-397,1803
847,DRI,2020-12-04,0 days 15:59:46.246239,138900,114.71,114.64,400,600,4769,-3541
848,DS,2020-12-04,0 days 15:59:02.242567,5203,2.06,2.05,1431,2722,-1805,263
849,DS,2020-12-04,0 days 15:59:03.242293,5040,2.07,2.05,5710,2450,163,-1805
850,DS,2020-12-04,0 days 15:59:37.243758,5203,2.07,2.06,2787,4265,-1845,155
851,DS,2020-12-04,0 days 15:59:38.243886,5048,2.07,2.06,7097,1282,155,-1845
852,DUK,2020-12-04,0 days 15:55:00.251998,243225,90.97,90.96,100,200,-597,63691
853,DUK,2020-12-04,0 days 15:55:39.255653,255346,90.93,90.92,1073,110,11438,-1658
854,DUK,2020-12-04,0 days 15:55:40.255621,254294,90.93,90.92,1073,110,-3020,11438
855,DUK,2020-12-04,0 days 15:58:41.247973,267887,91.09,91.08,100,435,2312,-6878
856,DUK,2020-12-04,0 days 15:58:42.247499,265809,91.09,91.08,500,235,-2078,2312
857,DUK,2020-12-04,0 days 15:58:59.248615,268394,91.08,91.06,301,621,6144,-1886
858,DUK,2020-12-04,0 days 15:59:00.252791,265238,91.09,91.07,400,200,-3156,6144
859,DUK,2020-12-04,0 days 15:59:08.251545,273352,91.14,91.12,300,583,19636,-2715
860,DUK,2020-12-04,0 days 15:59:39.246430,295789,91.19,91.18,394,200,-1631,1569
861,DUK,2020-12-04,0 days 15:59:52.245270,295999,91.2,91.13,300,300,-726,774
862,DVN,2020-12-04,0 days 15:55:31.235771,800126,16.69,16.68,9297,13401,-48049,1751
863,DVN,2020-12-04,0 days 15:55:32.236220,794575,16.69,16.68,17705,1101,5551,-48049
864,DVN,2020-12-04,0 days 15:55:33.235878,800126,16.69,16.68,13638,6451,-949,5551
865,DVN,2020-12-04,0 days 15:55:34.236183,795175,16.69,16.68,15418,3201,4951,-949
866,DVN,2020-12-04,0 days 15:55:49.236372,804254,16.68,16.67,12460,11688,-3334,2566
867,DVN,2020-12-04,0 days 15:55:50.236039,800088,16.68,16.67,12762,12188,66,-3334
868,DVN,2020-12-04,0 days 15:56:16.236710,796825,16.7,16.69,8550,14129,3524,-2376
869,DVN,2020-12-04,0 days 15:56:20.236959,800349,16.7,16.69,14900,12652,-6876,3524
870,DVN,2020-12-04,0 days 15:56:21.237164,797825,16.7,16.69,12950,13001,2524,-6876
871,DVN,2020-12-04,0 days 15:57:05.238352,804689,16.69,16.68,6991,20640,-8773,6827
872,DVN,2020-12-04,0 days 15:57:06.238546,803262,16.69,16.68,2221,23825,1427,-8773
873,DVN,2020-12-04,0 days 15:57:10.238924,802989,16.71,16.7,12250,11767,-273,1427
874,DVN,2020-12-04,0 days 15:57:24.239201,803262,16.71,16.7,30351,6311,2727,-273
875,DVN,2020-12-04,0 days 15:57:36.241112,805989,16.71,16.7,22252,15602,-6473,1027
876,DVN,2020-12-04,0 days 15:58:00.240854,795262,16.72,16.71,17968,14298,6327,-5373
877,DVN,2020-12-04,0 days 15:58:01.241108,802589,16.72,16.71,7947,18173,-3973,6327
878,DVN,2020-12-04,0 days 15:58:03.244010,798502,16.72,16.71,11375,13989,3087,-4073
879,DVN,2020-12-04,0 days 15:58:36.241559,804489,16.73,16.72,10904,13422,-13913,4687
880,DVN,2020-12-04,0 days 15:58:54.242130,801954,16.74,16.73,6003,14339,3935,-33565
881,DXC,2020-12-04,0 days 15:59:23.249707,151505,24.96,24.95,1217,200,-175,9285
882,DXC,2020-12-04,0 days 15:59:24.250519,149820,24.96,24.95,1067,100,1485,-175
883,EAF,2020-12-04,0 days 15:55:41.235920,96001,9.84,9.83,4779,1937,-78,1322
884,EAF,2020-12-04,0 days 15:57:36.241101,118299,9.84,9.82,2200,5020,-229,2670
885,EAF,2020-12-04,0 days 15:57:42.239440,118528,9.83,9.82,2660,1720,471,-229
886,EAF,2020-12-04,0 days 15:57:48.239038,118999,9.83,9.82,3060,1520,-129,471
887,EAF,2020-12-04,0 days 15:57:55.239618,116628,9.83,9.82,2729,2920,2371,-1029
888,EAF,2020-12-04,0 days 15:58:41.242593,116863,9.84,9.83,1300,5210,1084,-1616
889,EAF,2020-12-04,0 days 15:58:50.242055,111163,9.85,9.84,6510,1445,6784,-4216
890,EAF,2020-12-04,0 days 15:59:07.243103,117947,9.86,9.85,490,5668,-5651,629
891,EAF,2020-12-04,0 days 15:59:08.247017,120698,9.86,9.85,490,7668,1149,-5651
892,EAF,2020-12-04,0 days 15:59:18.243496,121847,9.87,9.86,100,4578,-522,650
893,EAF,2020-12-04,0 days 15:59:19.244066,120869,9.87,9.86,100,5778,978,-522
894,ELAN,2020-12-04,0 days 15:59:33.319496,412574,29.38,29.36,1027,725,130,-15270
895,EMR,2020-12-04,0 days 15:55:04.244960,311661,80.15,80.12,901,402,1620,-2156
896,EMR,2020-12-04,0 days 15:55:05.245025,309881,80.15,80.12,911,402,-1656,1620
897,EMR,2020-12-04,0 days 15:56:04.248996,313310,80.06,80.05,635,1020,1037,-63
898,EMR,2020-12-04,0 days 15:57:14.247223,319039,80.07,80.06,2345,435,-1542,1758
899,EMR,2020-12-04,0 days 15:57:36.249865,324626,80.03,80.02,233,792,1913,-287
900,EMR,2020-12-04,0 days 15:59:07.250328,329237,80.1,80.08,700,1665,-2676,3324
901,EMR,2020-12-04,0 days 15:59:14.249957,384914,80.08,80.06,400,1126,1873,-2527
902,EMR,2020-12-04,0 days 15:59:15.250371,381687,80.08,80.06,400,1026,-3227,1873
903,EMR,2020-12-04,0 days 15:59:26.250523,386721,80.08,80.06,321,3558,1584,-1759
904,EMR,2020-12-04,0 days 15:59:27.250001,383805,80.08,80.06,816,3361,-2916,1584
905,ENB,2020-12-04,0 days 15:55:08.251601,43229,33.35,33.34,8694,8600,-1133,167
906,ENB,2020-12-04,0 days 15:58:10.247320,45608,33.37,33.36,24601,3520,4814,-8495
907,ENB,2020-12-04,0 days 15:58:15.247465,36922,33.36,33.35,16000,10336,-8755,345
908,ENLC,2020-12-04,0 days 15:55:43.257796,33942,4.53,4.52,13468,7507,-140,360
909,ENLC,2020-12-04,0 days 15:57:13.259478,32691,4.53,4.52,731,22425,1251,-349
910,ENLC,2020-12-04,0 days 15:58:10.262139,35342,4.53,4.52,21052,6113,-770,2530
911,EOG,2020-12-04,0 days 15:55:33.255000,930254,52.78,52.74,831,976,223,-2445
912,EOG,2020-12-04,0 days 15:55:37.255819,928777,52.76,52.74,400,449,-1482,14118
913,EOG,2020-12-04,0 days 15:56:08.256651,930444,52.79,52.77,229,100,2367,-342
914,EOG,2020-12-04,0 days 15:56:09.257469,928511,52.79,52.78,200,363,-1933,2367
915,EOG,2020-12-04,0 days 15:56:11.256666,930444,52.79,52.77,316,1595,956,-1933
916,EOG,2020-12-04,0 days 15:56:12.256915,929065,52.79,52.77,416,1595,-1379,956
917,EOG,2020-12-04,0 days 15:56:23.257684,931051,52.82,52.8,400,2303,2961,-1561
918,EOG,2020-12-04,0 days 15:56:25.256999,930216,52.82,52.8,300,2503,-635,1065
919,EOG,2020-12-04,0 days 15:57:23.258719,956251,52.82,52.81,542,1038,674,-1326
920,EOG,2020-12-04,0 days 15:57:24.259777,953525,52.83,52.81,300,2238,-2526,674
921,EOG,2020-12-04,0 days 15:57:43.258241,962451,52.82,52.81,316,555,10576,-5724
922,EOG,2020-12-04,0 days 15:57:45.254903,960727,52.84,52.82,400,883,-1524,9976
923,EOG,2020-12-04,0 days 15:57:49.244642,962851,52.84,52.83,442,140,176,-5424
924,EOG,2020-12-04,0 days 15:57:50.244989,956027,52.84,52.83,302,840,-6324,176
925,EOG,2020-12-04,0 days 15:57:54.244778,962851,52.84,52.83,302,1705,776,-1624
926,EOG,2020-12-04,0 days 15:57:55.244458,962027,52.84,52.83,302,905,-424,776
927,EOG,2020-12-04,0 days 15:57:56.245296,962951,52.84,52.83,302,1705,5476,-424
928,EOG,2020-12-04,0 days 15:57:57.244737,962127,52.84,52.83,502,1805,-324,5476
929,EOG,2020-12-04,0 days 15:58:03.249632,962489,52.79,52.76,300,200,14403,-1697
930,EOG,2020-12-04,0 days 15:58:04.247472,962292,52.79,52.77,659,300,-197,14403
931,EOG,2020-12-04,0 days 15:58:05.246409,962489,52.78,52.76,806,500,5703,-197
932,EOG,2020-12-04,0 days 15:58:06.247174,961192,52.77,52.76,100,800,-1297,5703
933,EOG,2020-12-04,0 days 15:58:10.247297,962589,52.77,52.76,200,1078,8303,-297
934,EOG,2020-12-04,0 days 15:58:11.247907,962392,52.78,52.76,875,1278,-21182,8303
935,EOG,2020-12-04,0 days 15:59:02.249469,984574,52.83,52.81,900,400,3614,-2288
936,EOG,2020-12-04,0 days 15:59:12.249813,1033125,52.84,52.83,1173,263,7844,-3756
937,EOG,2020-12-04,0 days 15:59:13.249500,1031169,52.83,52.82,100,710,-1456,7844
938,EOG,2020-12-04,0 days 15:59:18.245367,1032825,52.83,52.82,1618,300,2201,-1339
939,EOG,2020-12-04,0 days 15:59:19.244443,1030026,52.85,52.83,1100,400,-2599,2201
940,EOG,2020-12-04,0 days 15:59:32.246079,1034636,52.87,52.86,500,100,43615,-1565
941,EOG,2020-12-04,0 days 15:59:46.246004,1052445,52.89,52.87,384,400,-2376,5084
942,EPD,2020-12-04,0 days 15:59:37.244770,55232,20.77,20.75,29847,16386,814,-186
943,EPR,2020-12-04,0 days 15:55:00.256170,60265,33.54,33.51,100,1229,-740,20512
944,EPR,2020-12-04,0 days 15:55:01.256023,60105,33.54,33.51,200,1234,160,-740
945,EPR,2020-12-04,0 days 15:56:06.258893,61241,33.54,33.52,100,900,-598,236
946,EPR,2020-12-04,0 days 15:56:07.257697,61039,33.54,33.52,100,900,202,-598
947,EPR,2020-12-04,0 days 15:56:34.258517,61489,33.52,33.5,117,605,-750,250
948,EPR,2020-12-04,0 days 15:56:35.258696,61339,33.52,33.5,117,605,150,-750
949,EPR,2020-12-04,0 days 15:56:42.258391,61489,33.53,33.51,100,500,-50,150
950,EPR,2020-12-04,0 days 15:56:43.259528,61339,33.53,33.51,100,500,150,-50
951,EPR,2020-12-04,0 days 15:57:11.259740,61939,33.5,33.48,190,200,265,-35
952,EPR,2020-12-04,0 days 15:59:03.264747,65957,33.54,33.5,200,500,611,-1889
953,EQH,2020-12-04,0 days 15:56:36.258432,190199,27.12,27.11,1286,1635,-3722,7878
954,EQH,2020-12-04,0 days 15:56:37.258705,185821,27.12,27.11,2789,535,4378,-3722
955,EQH,2020-12-04,0 days 15:59:07.264947,191189,27.14,27.13,700,3899,-1649,1321
956,EQH,2020-12-04,0 days 15:59:40.265792,203752,27.14,27.12,3171,1121,-436,814
957,EQH,2020-12-04,0 days 15:59:47.266690,202688,27.13,27.12,1404,229,1064,-2236
958,EQNR,2020-12-04,0 days 15:59:01.245825,61463,16.7,16.69,9091,66736,-328,37
959,EQNR,2020-12-04,0 days 15:59:14.246125,59736,16.7,16.69,10691,68936,1779,-276
960,EQNR,2020-12-04,0 days 15:59:47.248788,58483,16.72,16.71,23200,51377,272,-4728
961,EQR,2020-12-04,0 days 15:57:39.249104,319024,63.46,63.43,1603,300,36666,-12492
962,EQR,2020-12-04,0 days 15:58:10.246628,323468,63.41,63.39,550,600,-2617,5477
963,EQR,2020-12-04,0 days 15:58:52.248319,337406,63.46,63.43,730,247,-531,3269
964,EQR,2020-12-04,0 days 15:59:32.250804,360621,63.48,63.46,100,739,-5662,7447
965,EQR,2020-12-04,0 days 15:59:50.256146,354937,63.41,63.39,100,100,-7910,12190
966,ERJ,2020-12-04,0 days 15:55:05.234619,533634,7.29,7.28,19348,7800,29439,-40261
967,ERJ,2020-12-04,0 days 15:55:06.235098,529873,7.29,7.28,20948,6600,-3761,29439
968,ERJ,2020-12-04,0 days 15:55:45.236156,533634,7.28,7.27,18458,8300,19019,-1161
969,ERJ,2020-12-04,0 days 15:55:46.236046,531953,7.28,7.27,21448,6600,-1681,19019
970,ERJ,2020-12-04,0 days 15:58:08.240611,568140,7.29,7.28,12000,21029,8487,-5513
971,ERJ,2020-12-04,0 days 15:58:09.240915,561927,7.29,7.28,11500,21129,-6213,8487
972,ERJ,2020-12-04,0 days 15:58:15.241386,568140,7.29,7.28,9500,20229,8487,-1513
973,ERJ,2020-12-04,0 days 15:58:16.241274,563327,7.29,7.28,9500,20229,-4813,8487
974,ERJ,2020-12-04,0 days 15:59:46.246278,590001,7.28,7.27,19143,33566,-19357,1610
975,ESI,2020-12-04,0 days 15:55:44.326983,99015,14.79,14.78,5195,6799,-3601,6129
976,ESI,2020-12-04,0 days 15:55:45.325786,93616,14.79,14.78,5195,6174,5399,-3601
977,ESI,2020-12-04,0 days 15:57:00.329143,99130,14.79,14.78,3923,1158,-386,2254
978,ESI,2020-12-04,0 days 15:57:39.330354,99516,14.79,14.78,2142,4589,2215,-385
979,ESI,2020-12-04,0 days 15:59:38.319256,96549,14.81,14.8,3474,3886,7002,-498
980,ESI,2020-12-04,0 days 15:59:46.321214,103551,14.81,14.8,4385,5995,-7272,762
981,ESI,2020-12-04,0 days 15:59:47.321026,102423,14.81,14.8,4485,5861,1128,-7272
982,ESRT,2020-12-04,0 days 15:55:00.250591,74534,10.13,10.12,6668,6517,-10288,4878
983,ESRT,2020-12-04,0 days 15:57:14.258705,70638,10.12,10.11,4783,8896,10531,-8069
984,ESRT,2020-12-04,0 days 15:58:11.247720,76788,10.13,10.12,6318,8139,4844,-856
985,ESRT,2020-12-04,0 days 15:59:08.251122,82032,10.14,10.13,3951,5705,-1258,2042
986,ESRT,2020-12-04,0 days 15:59:18.245185,79690,10.12,10.11,5499,4508,4249,-351
987,ESRT,2020-12-04,0 days 15:59:32.245884,88490,10.12,10.11,5311,7504,-58799,600
988,ESTC,2020-12-04,0 days 15:55:00.239021,34683,143.8,143.71,100,100,1185,-15328
989,ESTC,2020-12-04,0 days 15:56:30.242578,38200,143.77,143.5,299,100,-383,1317
990,ESTC,2020-12-04,0 days 15:56:34.242676,38783,143.71,143.5,100,100,1217,-583
991,ESTC,2020-12-04,0 days 15:57:18.243222,40000,143.85,143.64,300,299,-1019,1281
992,ESTC,2020-12-04,0 days 15:57:36.244869,45632,143.84,143.64,300,464,668,-2219
993,ESTC,2020-12-04,0 days 15:57:49.242819,46400,143.84,143.68,300,115,-45,586
994,ESTC,2020-12-04,0 days 15:58:04.245106,44145,143.72,143.56,100,100,1725,-1745
995,ESTC,2020-12-04,0 days 15:58:09.244440,45170,143.67,143.47,508,200,-2600,869
996,ESTC,2020-12-04,0 days 15:58:11.244963,50765,143.62,143.56,103,100,105,-5595
997,ESTC,2020-12-04,0 days 15:58:30.245364,49446,143.55,143.33,201,600,-1686,14
998,ESTC,2020-12-04,0 days 15:58:59.246522,50632,143.52,143.33,200,600,473,-286
999,ESTC,2020-12-04,0 days 15:59:02.245903,50905,143.53,143.33,159,400,-27,273
1000,ESTC,2020-12-04,0 days 15:59:05.247334,48632,143.62,143.46,201,160,2273,-27
1001,ESTC,2020-12-04,0 days 15:59:11.247467,49552,143.62,143.33,300,400,-1690,920
1002,ESTC,2020-12-04,0 days 15:59:48.247022,53685,143.44,143.38,158,200,1129,-1771
1003,ESTC,2020-12-04,0 days 15:59:50.251846,38014,143.58,143.38,326,200,-15471,1429
1004,ET,2020-12-04,0 days 15:59:46.246099,182495,6.93,6.92,52793,61564,-2060,4573
1005,ET,2020-12-04,0 days 15:59:47.244669,180655,6.93,6.92,21700,60364,1840,-2060
1006,ETN,2020-12-04,0 days 15:55:23.257879,174435,118.84,118.79,701,300,57,-723
1007,ETN,2020-12-04,0 days 15:55:24.257720,173798,118.82,118.77,100,100,-641,57
1008,ETN,2020-12-04,0 days 15:56:12.258669,176336,118.74,118.71,252,100,135,-402
1009,ETN,2020-12-04,0 days 15:56:13.258145,175771,118.74,118.71,232,300,-565,135
1010,ETN,2020-12-04,0 days 15:56:23.258846,177002,118.77,118.73,505,200,153,-881
1011,ETN,2020-12-04,0 days 15:56:24.259504,176255,118.77,118.73,405,500,-747,153
1012,ETN,2020-12-04,0 days 15:57:19.260174,177029,118.72,118.67,307,100,1943,-697
1013,ETN,2020-12-04,0 days 15:57:20.260352,176572,118.72,118.67,307,285,-457,1943
1014,ETN,2020-12-04,0 days 15:57:22.260526,177129,118.71,118.67,512,100,353,-557
1015,ETN,2020-12-04,0 days 15:57:23.260355,176782,118.7,118.66,280,200,-347,353
1016,ETN,2020-12-04,0 days 15:57:35.262009,177129,118.68,118.65,100,100,853,-347
1017,ETN,2020-12-04,0 days 15:59:08.267070,187061,118.77,118.71,200,100,-7581,539
1018,ETN,2020-12-04,0 days 15:59:43.265665,211472,118.79,118.77,104,200,103,-516
1019,ETN,2020-12-04,0 days 15:59:48.265745,211329,118.78,118.75,500,300,-143,530
1020,ETN,2020-12-04,0 days 15:59:49.266202,211472,118.78,118.75,500,300,157,-143
1021,ETN,2020-12-04,0 days 15:59:51.265926,211229,118.82,118.76,100,700,-243,673
1022,ETRN,2020-12-04,0 days 15:59:33.097755,141418,8.65,8.64,3354,10001,-8072,1976
1023,ETRN,2020-12-04,0 days 15:59:34.097402,138990,8.65,8.64,3154,10195,2428,-8072
1024,ETRN,2020-12-04,0 days 15:59:46.098344,141418,8.65,8.64,669,10586,-4172,2428
1025,EV,2020-12-04,0 days 15:57:47.239123,114203,65.6,65.59,2436,361,-1162,438
1026,EV,2020-12-04,0 days 15:57:48.239053,113765,65.6,65.59,2436,323,438,-1162
1027,EV,2020-12-04,0 days 15:58:02.240717,114303,65.58,65.57,4000,100,-962,438
1028,EV,2020-12-04,0 days 15:58:03.244021,113865,65.57,65.56,3150,225,216,-962
1029,EV,2020-12-04,0 days 15:58:05.240370,114087,65.57,65.56,1900,2525,-578,216
1030,EV,2020-12-04,0 days 15:58:06.241008,113665,65.57,65.56,1700,2625,422,-578
1031,EV,2020-12-04,0 days 15:58:48.242245,113887,65.6,65.59,100,734,-1904,122
1032,EV,2020-12-04,0 days 15:58:49.242325,113591,65.6,65.59,100,702,296,-1904
1033,EV,2020-12-04,0 days 15:59:35.244354,123846,65.62,65.59,200,200,-32,268
1034,EV,2020-12-04,0 days 15:59:46.246583,123846,65.6,65.57,100,400,-1667,168
1035,EVRI,2020-12-04,0 days 15:55:00.257706,68958,12.7,12.69,2602,688,-1104,2068
1036,EVRI,2020-12-04,0 days 15:57:00.259556,75080,12.7,12.69,4577,1204,1077,-1463
1037,EVRI,2020-12-04,0 days 15:57:43.260904,80380,12.7,12.69,1410,2941,877,-823
1038,EVRI,2020-12-04,0 days 15:57:44.260811,78957,12.7,12.69,1210,2941,-1423,877
1039,EVRI,2020-12-04,0 days 15:59:02.266116,86692,12.71,12.7,2766,1445,734,-1666
1040,EVRI,2020-12-04,0 days 15:59:03.265091,85126,12.71,12.7,2766,1445,-1566,734
1041,EVRI,2020-12-04,0 days 15:59:32.266884,86692,12.71,12.7,6212,1275,783,-1392
1042,EVRI,2020-12-04,0 days 15:59:33.265118,85375,12.71,12.7,4612,1375,-1317,783
1043,F,2020-12-04,0 days 15:59:46.098937,3492189,9.35,9.34,241466,303616,-27229,31445
1044,FCAU,2020-12-04,0 days 15:57:18.260563,52794,16.41,16.4,13866,15087,-1600,952
1045,FCAU,2020-12-04,0 days 15:59:41.245330,56605,16.4,16.39,29391,23157,-14237,1363
1046,FCX,2020-12-04,0 days 15:59:15.250453,2318312,25.11,25.1,26500,5222,-95389,116428
1047,FCX,2020-12-04,0 days 15:59:48.250628,2595741,25.06,25.05,28212,6800,-55483,19789
1048,FE,2020-12-04,0 days 15:55:54.236439,359666,28.89,28.88,7033,3234,10378,-20222
1049,FE,2020-12-04,0 days 15:57:19.238434,375989,28.93,28.92,2930,4338,-210,290
1050,FE,2020-12-04,0 days 15:59:43.245234,437312,28.94,28.93,5044,5291,4500,-3089
1051,FE,2020-12-04,0 days 15:59:52.244625,478071,28.96,28.95,2547,2609,-10029,522
1052,FEAC,2020-12-04,0 days 15:59:46.248693,21237,17.75,17.59,1323,100,-1027,613
1053,FEAC,2020-12-04,0 days 15:59:47.247120,20364,17.75,17.59,1323,200,873,-1027
1054,FHN,2020-12-04,0 days 15:55:00.244645,513426,13.15,13.14,10044,14687,-464236,72531
1055,FHN,2020-12-04,0 days 15:59:22.249911,1019827,13.16,13.15,6392,29764,55136,-341933
1056,FIS,2020-12-04,0 days 15:55:35.255260,306491,149.47,149.42,100,100,666,-3144
1057,FIS,2020-12-04,0 days 15:57:45.254848,313949,149.69,149.65,100,201,-190,1910
1058,FIS,2020-12-04,0 days 15:57:52.244725,314139,149.67,149.63,100,200,1310,-190
1059,FIS,2020-12-04,0 days 15:58:11.247812,307715,149.7,149.66,354,100,-3408,2226
1060,FIS,2020-12-04,0 days 15:58:37.247803,312610,149.65,149.6,123,100,305,-5795
1061,FIT,2020-12-04,0 days 15:58:59.100131,104872,7.25,7.24,42888,97647,-154,17269
1062,FIT,2020-12-04,0 days 15:59:03.098936,105026,7.25,7.24,44888,92331,3246,-154
1063,FIT,2020-12-04,0 days 15:59:11.099307,108272,7.25,7.24,43773,98987,-6042,3246
1064,FL,2020-12-04,0 days 15:56:06.256826,92042,41.61,41.6,362,1016,-185,516
1065,FL,2020-12-04,0 days 15:56:07.256425,91327,41.61,41.6,436,1116,715,-185
1066,FL,2020-12-04,0 days 15:57:31.259709,105488,41.65,41.64,1102,1944,-859,741
1067,FL,2020-12-04,0 days 15:57:32.260086,104147,41.64,41.63,1041,1400,1341,-859
1068,FL,2020-12-04,0 days 15:59:46.246157,111166,41.71,41.69,343,300,-3812,814
1069,FLR,2020-12-04,0 days 15:55:00.238661,69906,18.66,18.64,920,665,-17245,34381
1070,FLR,2020-12-04,0 days 15:55:01.238848,67851,18.66,18.64,1055,865,2055,-17245
1071,FLR,2020-12-04,0 days 15:57:01.242695,81341,18.64,18.62,625,1174,-15,2925
1072,FLR,2020-12-04,0 days 15:57:02.242337,78956,18.63,18.62,200,733,2385,-15
1073,FLR,2020-12-04,0 days 15:57:33.243981,81541,18.65,18.64,300,1620,-2095,2005
1074,FLR,2020-12-04,0 days 15:57:34.243555,79636,18.65,18.64,600,1820,1905,-2095
1075,FLR,2020-12-04,0 days 15:59:03.244200,86601,18.65,18.64,1898,200,-547,1453
1076,FLR,2020-12-04,0 days 15:59:04.243749,84948,18.65,18.64,1798,200,1553,-547
1077,FLR,2020-12-04,0 days 15:59:07.244332,85300,18.65,18.64,682,418,-3769,1483
1078,FLR,2020-12-04,0 days 15:59:08.246226,86172,18.65,18.64,500,1318,1228,-3769
1079,FLR,2020-12-04,0 days 15:59:46.246456,88440,18.65,18.63,1200,2486,-3500,1920
1080,FNB,2020-12-04,0 days 15:58:48.243062,149545,9.55,9.54,13434,14356,1347,-1357
1081,FNB,2020-12-04,0 days 15:58:49.242976,147992,9.55,9.54,13934,13456,-1253,1347
1082,FNB,2020-12-04,0 days 15:59:08.246226,141040,9.55,9.54,18800,2973,452,-548
1083,FNB,2020-12-04,0 days 15:59:26.244256,147179,9.55,9.54,17223,5134,-2418,5987
1084,FOUR,2020-12-04,0 days 15:59:15.318478,242388,62.62,62.59,499,100,3619,-22780
1085,FOUR,2020-12-04,0 days 15:59:19.318258,245007,62.64,62.59,500,100,-10381,2619
1086,FOUR,2020-12-04,0 days 15:59:25.318798,242388,62.67,62.59,100,100,2702,-10298
1087,FOUR,2020-12-04,0 days 15:59:27.318339,245438,62.66,62.59,100,1600,-9950,3050
1088,FOUR,2020-12-04,0 days 15:59:48.320014,257750,62.84,62.6,100,900,3015,-6285
1089,FOUR,2020-12-04,0 days 15:59:49.320688,261465,62.85,62.6,100,300,-4763,3015
1090,FOUR,2020-12-04,0 days 15:59:57.318429,223250,62.6,62.46,100,100,19096,-3587
1091,FOUR,2020-12-04,0 days 15:59:59.317999,241978,62.6,62.45,100,100,-772,19096
1092,FOUR,2020-12-04,0 days 16:00:00.318495,242750,62.81,62.44,100,100,1420,-772
1093,FRO,2020-12-04,0 days 15:55:00.250430,60432,6.64,6.63,3287,8609,-145883,28351
1094,FSLY,2020-12-04,0 days 15:57:38.329055,116793,88.59,88.49,100,100,944,-856
1095,FSLY,2020-12-04,0 days 15:58:11.330969,110527,88.72,88.68,600,100,-4977,8423
1096,FSLY,2020-12-04,0 days 15:59:45.320980,119469,88.69,88.64,683,100,4646,-502
1097,FSLY,2020-12-04,0 days 15:59:46.320868,118915,88.69,88.65,683,100,-847,4646
1098,FSLY,2020-12-04,0 days 15:59:48.319777,119762,88.69,88.64,766,100,2253,-3847
1099,FSLY,2020-12-04,0 days 15:59:49.320541,119315,88.69,88.65,766,100,-447,2253
1100,FTCH,2020-12-04,0 days 15:55:00.238767,60446,57.43,57.42,600,1600,4858,-28170
1101,FTCH,2020-12-04,0 days 15:56:36.241596,69395,57.46,57.45,2405,854,-2123,4577
1102,FTCH,2020-12-04,0 days 15:59:10.244412,81293,57.26,57.24,778,100,-2707,4996
1103,FTCH,2020-12-04,0 days 15:59:28.244274,83961,57.2,57.18,1653,300,1045,-2298
1104,FTCH,2020-12-04,0 days 15:59:50.249357,79536,57.2,57.14,106,740,-4827,5873
1105,FTV,2020-12-04,0 days 15:55:00.256840,330185,71.26,71.25,100,200,-36691,117788
1106,FTV,2020-12-04,0 days 15:57:33.262248,370733,71.27,71.26,548,159,121,-2379
1107,FTV,2020-12-04,0 days 15:57:34.262317,369054,71.27,71.26,448,462,-1679,121
1108,FTV,2020-12-04,0 days 15:59:08.267226,369560,71.26,71.23,100,300,28773,-10409
1109,FTV,2020-12-04,0 days 15:59:46.268070,421488,71.29,71.26,100,300,-4536,5210
1110,FUBO,2020-12-04,0 days 15:55:04.245159,21883,26.84,26.82,1189,1000,-7961,664
1111,FUBO,2020-12-04,0 days 15:55:05.245208,21544,26.84,26.82,1189,1000,339,-7961
1112,FUBO,2020-12-04,0 days 15:57:56.245347,24999,26.94,26.91,200,1000,-293,307
1113,FUBO,2020-12-04,0 days 15:57:57.245549,24492,26.94,26.91,200,1000,507,-293
1114,FUBO,2020-12-04,0 days 15:59:14.250186,25136,27.0,26.98,312,600,363,-1137
1115,FUBO,2020-12-04,0 days 15:59:22.250025,24699,27.05,26.98,100,500,-1462,38
1116,GE,2020-12-04,0 days 15:59:50.251701,8979495,10.88,10.87,119127,89042,392883,-60131
1117,GEO,2020-12-04,0 days 15:59:13.243389,159375,10.0,9.99,6018,1926,-1779,1421
1118,GEO,2020-12-04,0 days 15:59:14.243397,153608,10.0,9.99,6018,1626,5767,-1779
1119,GEO,2020-12-04,0 days 15:59:32.243869,159375,9.99,9.98,3890,2900,-907,5189
1120,GEO,2020-12-04,0 days 15:59:48.245446,157871,9.99,9.98,2500,4000,1504,-6096
1121,GES,2020-12-04,0 days 15:50:07.251680,24492,19.5,19.49,100,100,1857,-5270
1122,GES,2020-12-04,0 days 15:57:00.259098,37119,19.57,19.56,807,1448,1736,-904
1123,GES,2020-12-04,0 days 15:57:01.260447,36655,19.57,19.56,628,1423,-464,1736
1124,GES,2020-12-04,0 days 15:59:02.249507,37526,19.59,19.58,1284,3595,1552,-1027
1125,GES,2020-12-04,0 days 15:59:03.249002,37188,19.59,19.58,1084,3155,-238,1552
1126,GES,2020-12-04,0 days 15:59:17.243983,38913,19.6,19.59,400,4224,1545,-188
1127,GES,2020-12-04,0 days 15:59:18.245401,38558,19.61,19.59,560,5024,-255,1545
1128,GES,2020-12-04,0 days 15:59:34.245344,41169,19.61,19.6,777,700,268,-511
1129,GES,2020-12-04,0 days 15:59:35.245261,40737,19.61,19.6,300,1000,-332,268
1130,GES,2020-12-04,0 days 15:59:46.246204,41269,19.61,19.6,1500,917,618,-332
1131,GES,2020-12-04,0 days 15:59:47.244846,40987,19.61,19.6,1200,617,-82,618
1132,GFI,2020-12-04,0 days 15:55:00.245837,299818,8.7,8.69,12500,15431,1475,-73887
1133,GFI,2020-12-04,0 days 15:55:48.248053,311605,8.69,8.68,38746,13112,-2375,7525
1134,GFI,2020-12-04,0 days 15:59:01.250559,332065,8.7,8.69,31101,34032,-789,6211
1135,GFI,2020-12-04,0 days 15:59:36.252008,343646,8.71,8.7,31660,24395,11019,-19981
1136,GFI,2020-12-04,0 days 15:59:50.256450,285865,8.71,8.7,26015,28712,-50940,12360
1137,GGB,2020-12-04,0 days 15:59:36.319449,127552,4.51,4.5,645310,22041,-34348,40352
1138,GGB,2020-12-04,0 days 15:59:37.319005,125500,4.51,4.5,669910,18891,2052,-34348
1139,GIS,2020-12-04,0 days 15:56:23.239729,463541,60.42,60.41,1978,1105,870,-8230
1140,GIS,2020-12-04,0 days 15:58:06.243779,475303,60.46,60.45,660,1108,-478,3222
1141,GIS,2020-12-04,0 days 15:58:56.244920,501786,60.45,60.43,1532,1952,1445,-7155
1142,GIS,2020-12-04,0 days 15:58:59.245061,503231,60.45,60.44,331,800,-113,1445
1143,GIS,2020-12-04,0 days 15:59:07.245489,505147,60.46,60.45,1393,705,11643,-538
1144,GIS,2020-12-04,0 days 15:59:47.248788,515171,60.45,60.44,400,200,-7215,8732
1145,GIS,2020-12-04,0 days 15:59:48.248735,522386,60.45,60.44,1500,963,5585,-7215
1146,GIS,2020-12-04,0 days 15:59:50.253768,499471,60.45,60.44,2400,414,-21415,5685
1147,GIX,2020-12-04,0 days 15:59:06.249953,1573,10.24,10.22,1009,200,-135,173
1148,GIX,2020-12-04,0 days 15:59:07.249161,1408,10.23,10.22,300,200,165,-135
1149,GLW,2020-12-04,0 days 15:59:05.243403,289741,37.87,37.86,1551,4599,1995,-9205
1150,GLW,2020-12-04,0 days 15:59:06.244058,279554,37.89,37.88,4000,1125,-8189,1995
1151,GLW,2020-12-04,0 days 15:59:08.246843,291543,37.88,37.87,767,5299,6040,-6689
1152,GLW,2020-12-04,0 days 15:59:46.246216,323312,37.93,37.92,3011,2775,-36,144
1153,GLW,2020-12-04,0 days 15:59:47.244583,323348,37.91,37.9,500,6221,17206,-36
1154,GLW,2020-12-04,0 days 15:59:49.244591,340554,37.91,37.9,200,5501,-2993,17206
1155,GLW,2020-12-04,0 days 15:59:50.249988,339748,37.91,37.9,1712,5359,806,-2993
1156,GM,2020-12-04,0 days 15:56:15.246376,422617,44.27,44.26,6200,4173,-562,3250
1157,GM,2020-12-04,0 days 15:56:16.246079,415814,44.27,44.26,5805,3240,6803,-562
1158,GM,2020-12-04,0 days 15:56:30.246870,422987,44.27,44.26,5752,4967,-32840,10627
1159,GM,2020-12-04,0 days 15:56:31.246819,415227,44.27,44.26,8115,3644,7760,-32840
1160,GM,2020-12-04,0 days 15:58:00.246584,424139,44.34,44.33,1422,5747,-32908,12592
1161,GM,2020-12-04,0 days 15:58:01.247377,417547,44.34,44.33,2430,4547,6592,-32908
1162,GM,2020-12-04,0 days 15:58:30.247723,424675,44.35,44.34,3600,1587,-34269,17131
1163,GM,2020-12-04,0 days 15:58:31.247880,418044,44.34,44.33,200,5938,6631,-34269
1164,GM,2020-12-04,0 days 15:59:46.252238,505515,44.37,44.36,3655,1458,-16466,1397
1165,GM,2020-12-04,0 days 15:59:48.250591,501481,44.37,44.36,2700,2397,1634,-3366
1166,GME,2020-12-04,0 days 15:55:00.256359,83711,16.86,16.85,407,2150,-2987,41046
1167,GME,2020-12-04,0 days 15:55:01.256234,79798,16.86,16.85,1367,2150,3913,-2987
1168,GNW,2020-12-04,0 days 15:59:35.265356,156867,4.75,4.74,2900,85607,-12517,20913
1169,GOL,2020-12-04,0 days 15:57:01.242721,6788,10.53,10.52,7046,2600,1265,-1375
1170,GOL,2020-12-04,0 days 15:57:11.242728,8053,10.53,10.52,5809,3300,-335,1265
1171,GOLD,2020-12-04,0 days 15:55:00.257216,272267,23.48,23.47,35491,9657,-9950,173000
1172,GOLD,2020-12-04,0 days 15:55:01.256437,258417,23.48,23.47,39741,25157,13850,-9950
1173,GOLD,2020-12-04,0 days 15:59:47.266942,280838,23.5,23.49,44166,14205,4865,-18535
1174,GPK,2020-12-04,0 days 15:59:10.245927,146117,16.17,16.16,3579,11489,-2108,6051
1175,GPK,2020-12-04,0 days 15:59:13.246196,140925,16.17,16.16,5142,9586,5192,-2108
1176,GPK,2020-12-04,0 days 15:59:33.248991,148483,16.17,16.16,2496,16780,-2258,2322
1177,GPK,2020-12-04,0 days 15:59:34.248659,144441,16.17,16.16,3096,15880,4042,-2258
1178,GPK,2020-12-04,0 days 15:59:47.248853,148483,16.18,16.17,5368,20178,-3024,1777
1179,GPK,2020-12-04,0 days 15:59:48.248763,147307,16.18,16.17,5368,20575,1176,-3024
1180,GPS,2020-12-04,0 days 15:55:45.099053,458755,21.41,21.4,5936,5319,9431,-892
1181,GS,2020-12-04,0 days 15:55:04.244325,177864,239.51,239.45,100,100,-2,98
1182,GS,2020-12-04,0 days 15:55:05.244996,177766,239.47,239.43,100,100,98,-2
1183,GS,2020-12-04,0 days 15:55:42.250436,179480,239.46,239.4,100,102,-55,253
1184,GS,2020-12-04,0 days 15:55:44.246861,179322,239.45,239.35,203,640,590,-1142
1185,GS,2020-12-04,0 days 15:55:58.247229,179912,239.5,239.42,361,700,-1213,274
1186,GS,2020-12-04,0 days 15:55:59.246852,179725,239.5,239.42,361,700,187,-1213
1187,GS,2020-12-04,0 days 15:56:17.246962,181071,239.59,239.55,100,300,-1727,250
1188,GS,2020-12-04,0 days 15:56:18.246893,181039,239.59,239.55,200,238,32,-1727
1189,GS,2020-12-04,0 days 15:57:22.246199,183551,239.67,239.64,100,300,681,-378
1190,GS,2020-12-04,0 days 15:57:26.248436,187443,239.68,239.65,100,499,-381,78
1191,GS,2020-12-04,0 days 15:57:33.248650,187478,239.66,239.59,1100,440,2265,-481
1192,GS,2020-12-04,0 days 15:57:34.247420,187243,239.65,239.62,700,271,-193,2265
1193,GS,2020-12-04,0 days 15:57:36.249802,187878,239.65,239.62,406,102,65,-193
1194,GS,2020-12-04,0 days 15:57:40.247401,212343,239.67,239.62,500,584,-722,65
1195,GS,2020-12-04,0 days 15:57:41.248625,210065,239.67,239.62,431,585,2278,-722
1196,GS,2020-12-04,0 days 15:57:45.246243,212343,239.68,239.64,400,400,-122,4965
1197,GS,2020-12-04,0 days 15:57:46.245016,210065,239.7,239.66,100,300,2278,-122
1198,GS,2020-12-04,0 days 15:57:52.244379,209243,239.74,239.7,500,683,-164,2978
1199,GS,2020-12-04,0 days 15:57:53.244191,207448,239.75,239.71,100,300,1795,-164
1200,GS,2020-12-04,0 days 15:58:11.247374,213728,239.71,239.66,100,799,-924,378
1201,GS,2020-12-04,0 days 15:58:12.246980,211494,239.69,239.65,226,100,2234,-924
1202,GS,2020-12-04,0 days 15:58:23.246493,213728,239.72,239.65,100,183,-166,2563
1203,GS,2020-12-04,0 days 15:58:24.246643,211494,239.72,239.65,200,300,2234,-166
1204,GS,2020-12-04,0 days 15:58:47.247197,213728,239.71,239.65,100,674,-124,2563
1205,GS,2020-12-04,0 days 15:58:48.247814,211452,239.71,239.65,100,674,2276,-124
1206,GS,2020-12-04,0 days 15:59:20.249466,223914,239.73,239.64,500,496,-1710,1002
1207,GS,2020-12-04,0 days 15:59:21.249638,221729,239.73,239.64,500,496,2185,-1710
1208,GSK,2020-12-04,0 days 15:55:00.257606,30036,37.52,37.51,19731,2693,543,-4204
1209,GSK,2020-12-04,0 days 15:56:58.259868,31661,37.49,37.48,3104,6450,-4681,6619
1210,GSK,2020-12-04,0 days 15:56:59.259878,30942,37.49,37.48,3104,6450,719,-4681
1211,GSK,2020-12-04,0 days 15:57:24.261262,31661,37.49,37.48,2699,6257,-3416,4784
1212,GSK,2020-12-04,0 days 15:57:25.262389,31177,37.49,37.48,2571,6657,484,-3416
1213,GSK,2020-12-04,0 days 15:58:49.264762,26877,37.5,37.49,16205,5378,6073,-27
1214,GSK,2020-12-04,0 days 15:58:59.265247,33922,37.5,37.49,17300,5471,-3944,5784
1215,GSK,2020-12-04,0 days 15:59:00.269308,33266,37.5,37.49,17400,4271,656,-3944
1216,GSK,2020-12-04,0 days 15:59:18.264937,129859,37.5,37.49,4567,5200,-3807,7443
1217,GSK,2020-12-04,0 days 15:59:19.265258,123466,37.5,37.49,4567,5300,5693,-3807
1218,GSK,2020-12-04,0 days 15:59:43.265802,130954,37.5,37.49,919,12599,-7186,4271
1219,GSX,2020-12-04,0 days 15:55:32.255457,40961,60.61,60.52,300,400,542,-858
1220,GSX,2020-12-04,0 days 15:55:33.254636,40203,60.61,60.52,400,500,-758,542
1221,GSX,2020-12-04,0 days 15:55:45.255501,40961,60.61,60.55,700,100,411,-158
1222,GSX,2020-12-04,0 days 15:55:46.256457,38972,60.64,60.57,400,100,-1989,411
1223,GSX,2020-12-04,0 days 15:56:00.256247,40961,60.54,60.45,300,300,711,-689
1224,GSX,2020-12-04,0 days 15:56:01.257010,40372,60.52,60.4,400,300,-589,711
1225,GSX,2020-12-04,0 days 15:56:32.257361,40976,60.6,60.54,701,100,699,-701
1226,GSX,2020-12-04,0 days 15:56:33.257735,40375,60.6,60.54,901,100,-601,699
1227,GSX,2020-12-04,0 days 15:56:52.257938,40876,60.4,60.34,601,100,3199,-601
1228,GSX,2020-12-04,0 days 15:56:53.258639,40675,60.4,60.34,701,100,-201,3199
1229,GSX,2020-12-04,0 days 15:59:17.243707,47820,60.98,60.9,1200,1266,430,-1305
1230,GSX,2020-12-04,0 days 15:59:25.245783,45776,61.07,61.0,400,363,-3279,156
1231,GSX,2020-12-04,0 days 15:59:29.244350,54116,61.01,60.77,1000,400,260,-1240
1232,GSX,2020-12-04,0 days 15:59:32.245697,52339,61.01,60.77,500,400,-2777,1358
1233,GSX,2020-12-04,0 days 15:59:35.244846,54081,60.99,60.77,500,400,758,-977
1234,GSX,2020-12-04,0 days 15:59:36.247173,53339,60.99,60.77,500,400,-642,758
1235,GSX,2020-12-04,0 days 15:59:47.244444,53481,60.8,60.65,1440,300,2519,-42
1236,GSX,2020-12-04,0 days 15:59:48.244462,52900,60.79,60.65,1537,300,-481,2519
1237,HAL,2020-12-04,0 days 15:55:43.239831,641505,19.43,19.42,15910,6401,-34133,5867
1238,HAL,2020-12-04,0 days 15:55:44.238843,639538,19.43,19.42,15910,6301,1967,-34133
1239,HAL,2020-12-04,0 days 15:56:16.239882,639895,19.44,19.43,4600,14869,731,-9
