,Symbol,Timestamp,TIME,iPaired,Ask_P,Bid_P,Ask_S,Bid_S,iShares,PreviShares
0,ABB,2020-02-07,0 days 15:59:25.743603,33293,24.28,24.27,26340,51599,-2159,1581
1,ABBV,2020-02-07,0 days 15:58:40.635826,887506,92.2,92.19,929,25,12975,-71825
2,ABBV,2020-02-07,0 days 15:58:41.638084,871681,92.19,92.18,935,349,-15825,12975
3,ABBV,2020-02-07,0 days 15:59:03.692334,888068,92.23,92.22,859,1,49142,-4218
4,ABBV,2020-02-07,0 days 15:59:04.695185,884110,92.24,92.23,863,200,-3908,49142
5,ABBV,2020-02-07,0 days 15:59:10.709440,888018,92.24,92.23,1608,579,5055,-1170
6,ABBV,2020-02-07,0 days 15:59:11.713952,890243,92.25,92.23,2764,800,-404,5055
7,ABBV,2020-02-07,0 days 15:59:15.723599,890647,92.23,92.22,800,542,46,-157
8,ABBV,2020-02-07,0 days 15:59:20.733333,878265,92.21,92.2,204,700,-13033,11338
9,ABBV,2020-02-07,0 days 15:59:21.735654,891810,92.22,92.21,100,1258,8952,-13033
10,ABBV,2020-02-07,0 days 15:59:22.737883,880565,92.23,92.22,602,1238,-11245,8952
11,ABBV,2020-02-07,0 days 15:59:25.745106,891810,92.23,92.22,1223,300,335,-1748
12,ABBV,2020-02-07,0 days 15:59:41.785017,796845,92.32,92.31,700,1200,-97314,71998
13,ABBV,2020-02-07,0 days 15:59:42.787218,896198,92.3,92.28,1600,900,163947,-97314
14,ABEV,2020-02-07,0 days 15:59:36.700340,274368,3.91,3.9,539337,879537,7861,-9339
15,ABEV,2020-02-07,0 days 15:59:37.702684,273829,3.91,3.9,534337,880337,-539,7861
16,ABT,2020-02-07,0 days 15:55:01.036418,441214,87.75,87.74,100,366,-73676,85120
17,ABT,2020-02-07,0 days 15:55:02.036807,437611,87.73,87.71,803,1028,3843,-73676
18,ABT,2020-02-07,0 days 15:59:04.624499,535113,87.91,87.9,857,1107,-20656,6535
19,ABT,2020-02-07,0 days 15:59:05.627512,529269,87.91,87.9,812,1748,5844,-20656
20,ABT,2020-02-07,0 days 15:59:09.636769,528339,87.91,87.9,1113,205,-930,5877
21,ABT,2020-02-07,0 days 15:59:19.659763,535956,87.89,87.88,589,1469,2777,-2164
22,ABT,2020-02-07,0 days 15:59:39.707880,548500,87.89,87.88,902,1477,-5217,3145
23,ABT,2020-02-07,0 days 15:59:50.735066,511855,87.91,87.89,460,1391,26605,-1242
24,ADM,2020-02-07,0 days 15:57:05.404028,266114,45.75,45.74,2977,2811,746,-533
25,ADM,2020-02-07,0 days 15:57:06.406660,260287,45.75,45.74,2877,2911,-6667,746
26,ADM,2020-02-07,0 days 15:59:22.736582,300164,45.76,45.75,3707,813,2949,-1511
27,ADM,2020-02-07,0 days 15:59:23.739064,294713,45.76,45.75,1876,2513,-5451,2949
28,ADM,2020-02-07,0 days 15:59:36.771598,300355,45.75,45.74,3869,1006,373,-3
29,ADM,2020-02-07,0 days 15:59:46.795468,292238,45.74,45.73,1608,7000,-8717,3917
30,AEG,2020-02-07,0 days 15:59:36.734333,21355,4.25,4.24,55774,180217,3931,-5769
31,AEO,2020-02-07,0 days 15:56:28.733597,112127,14.24,14.23,10836,23744,86,-1914
32,AEO,2020-02-07,0 days 15:56:34.748041,105813,14.24,14.23,11561,22039,-6314,86
33,AEO,2020-02-07,0 days 15:57:57.949782,115489,14.24,14.23,22314,23339,256,-2544
34,AEO,2020-02-07,0 days 15:57:58.952263,113745,14.24,14.23,22014,23639,-1744,256
35,AEO,2020-02-07,0 days 15:58:23.011765,115489,14.25,14.24,11290,31802,52,-1948
36,AEO,2020-02-07,0 days 15:58:24.013354,115541,14.25,14.24,10790,32502,-2265,52
37,AEO,2020-02-07,0 days 15:59:45.211136,148135,14.26,14.25,41741,31591,5879,-2057
38,AEO,2020-02-07,0 days 15:59:46.213323,146314,14.26,14.25,33466,31891,-1821,5879
39,AEP,2020-02-07,0 days 15:57:20.370809,273726,101.31,101.29,872,1218,7431,-4569
40,AEP,2020-02-07,0 days 15:57:21.372856,266283,101.32,101.3,815,434,-7443,7431
41,AEP,2020-02-07,0 days 15:57:43.425996,274026,101.3,101.28,600,938,586,-4014
42,AEP,2020-02-07,0 days 15:57:44.428607,271012,101.3,101.28,600,738,-3014,586
43,AEP,2020-02-07,0 days 15:58:07.485710,274026,101.33,101.31,500,209,20286,-3714
44,AEP,2020-02-07,0 days 15:58:08.488749,273312,101.32,101.31,300,472,-714,20286
45,AEP,2020-02-07,0 days 15:59:01.617107,274556,101.35,101.34,849,2401,11656,-4824
46,AEP,2020-02-07,0 days 15:59:25.673445,275690,101.38,101.36,933,680,-197,503
47,AEP,2020-02-07,0 days 15:59:34.696036,276343,101.38,101.37,342,627,2204,-153
48,AEP,2020-02-07,0 days 15:59:56.742826,278866,101.34,101.33,440,404,2069,-331
49,AES,2020-02-07,0 days 15:56:16.284952,268847,20.48,20.47,16485,6023,-8478,1722
50,AES,2020-02-07,0 days 15:56:17.287464,264325,20.48,20.47,16485,6023,4882,-8478
51,AES,2020-02-07,0 days 15:58:39.632887,272565,20.48,20.47,4407,27206,283,-4817
52,AES,2020-02-07,0 days 15:59:09.706421,283663,20.49,20.48,3411,25863,-5632,913
53,AES,2020-02-07,0 days 15:59:10.708671,271271,20.49,20.48,4138,23676,10792,-5632
54,AES,2020-02-07,0 days 15:59:19.729356,380371,20.49,20.48,13049,22116,-4547,1513
55,AES,2020-02-07,0 days 15:59:20.731846,359494,20.49,20.48,15759,20257,19277,-4547
56,AES,2020-02-07,0 days 15:59:40.782629,392028,20.49,20.48,406,39713,2514,-17310
57,AES,2020-02-07,0 days 15:59:45.794379,400080,20.5,20.49,9521,32057,2559,-556
58,AFL,2020-02-07,0 days 15:55:30.143203,346267,52.97,52.96,1569,3515,-7381,317
59,AFL,2020-02-07,0 days 15:57:53.488514,364136,52.99,52.98,2275,3026,541,-859
60,AFL,2020-02-07,0 days 15:57:54.490582,363277,52.99,52.98,1504,4326,-859,541
61,AFL,2020-02-07,0 days 15:57:56.495427,364136,52.99,52.98,1404,5826,1841,-859
62,AFL,2020-02-07,0 days 15:57:57.498257,361077,52.99,52.98,1704,6421,-3070,1841
63,AFL,2020-02-07,0 days 15:58:00.505809,364147,52.99,52.98,1008,6938,1230,-870
64,AFL,2020-02-07,0 days 15:58:01.509341,363277,52.99,52.98,1411,7069,-870,1230
65,AFL,2020-02-07,0 days 15:58:04.516857,364147,52.99,52.98,1662,7514,1930,-870
66,AFL,2020-02-07,0 days 15:58:05.518929,363877,52.99,52.98,1462,7514,-625,1930
67,AFL,2020-02-07,0 days 15:58:09.528569,364702,52.99,52.98,1874,7604,575,-825
68,AFL,2020-02-07,0 days 15:58:10.530410,364377,52.99,52.98,2474,7194,-125,575
69,AFL,2020-02-07,0 days 15:58:23.563138,364502,52.99,52.98,1539,8024,1675,-925
70,AFL,2020-02-07,0 days 15:58:24.565201,364177,52.99,52.98,1539,7824,-325,1675
71,AFL,2020-02-07,0 days 15:59:09.674715,425012,52.99,52.98,1214,4443,665,-5048
72,AFL,2020-02-07,0 days 15:59:10.677241,425677,52.99,52.98,414,5618,-242,665
73,AFL,2020-02-07,0 days 15:59:41.746905,435660,52.97,52.96,4619,6039,-1844,4167
74,AG,2020-02-07,0 days 15:55:00.101734,40756,9.59,9.58,13239,35608,1329,-17478
75,AG,2020-02-07,0 days 15:56:53.374241,42085,9.59,9.58,21027,37806,-931,769
76,AG,2020-02-07,0 days 15:58:44.645254,43785,9.59,9.58,42371,29971,604,-1496
77,AG,2020-02-07,0 days 15:59:00.683899,44989,9.58,9.57,30097,52481,-696,4
78,AGN,2020-02-07,0 days 15:59:15.633948,909894,197.23,197.2,10,2,-88238,112714
79,AIG,2020-02-07,0 days 15:56:53.374269,582768,53.51,53.5,902,3070,1272,-168
80,AIG,2020-02-07,0 days 15:56:54.376931,576840,53.52,53.51,1311,1541,-4958,1272
81,AIG,2020-02-07,0 days 15:57:03.399147,585453,53.51,53.5,1083,2779,18306,-7142
82,AIG,2020-02-07,0 days 15:57:04.401456,580559,53.51,53.5,877,2674,-4894,18306
83,AIG,2020-02-07,0 days 15:57:41.491153,599320,53.53,53.52,3693,2686,1515,-4385
84,AIG,2020-02-07,0 days 15:57:42.493574,595035,53.53,53.52,3893,2486,-4285,1515
85,AIG,2020-02-07,0 days 15:57:47.506288,603320,53.53,53.52,4460,2436,615,-8285
86,AIG,2020-02-07,0 days 15:57:48.507763,598635,53.53,53.52,4145,2436,-4685,615
87,AIG,2020-02-07,0 days 15:57:55.525023,603756,53.54,53.53,1300,4454,3979,-5421
88,AIG,2020-02-07,0 days 15:57:56.527495,599035,53.54,53.53,1200,4354,-4721,3979
89,AIG,2020-02-07,0 days 15:58:09.560504,603756,53.54,53.53,3432,5152,579,-4721
90,AIG,2020-02-07,0 days 15:58:10.562480,599035,53.54,53.53,3432,5487,-4721,579
91,AIG,2020-02-07,0 days 15:59:30.756815,617859,53.53,53.52,6814,383,55,-335
92,AIG,2020-02-07,0 days 15:59:40.782868,616219,53.5,53.49,242,5608,-3409,6691
93,AIG,2020-02-07,0 days 15:59:45.794608,632013,53.5,53.49,1110,3320,540,-12594
94,AIG,2020-02-07,0 days 15:59:48.800843,629153,53.5,53.49,1856,2211,-2960,340
95,ALB,2020-02-07,0 days 15:55:00.150742,142829,82.53,82.5,81,830,-2733,13745
96,ALB,2020-02-07,0 days 15:58:09.609431,155842,82.54,82.52,1294,732,9849,-3551
97,ALB,2020-02-07,0 days 15:58:10.651895,150741,82.59,82.55,300,396,-5101,9849
98,ALB,2020-02-07,0 days 15:58:36.674090,155964,82.54,82.5,108,525,327,-2173
99,ALB,2020-02-07,0 days 15:58:37.676631,153991,82.57,82.52,113,500,-1973,327
100,ALB,2020-02-07,0 days 15:58:53.716213,154683,82.5,82.45,353,315,-1281,1619
101,ALB,2020-02-07,0 days 15:59:04.744560,155964,82.52,82.5,851,21,8825,-1905
102,ALB,2020-02-07,0 days 15:59:07.751807,164689,82.53,82.49,201,600,-3055,8545
103,ALB,2020-02-07,0 days 15:59:43.837344,171460,82.61,82.57,1339,1010,4734,-422
104,ALB,2020-02-07,0 days 15:59:44.838940,165338,82.61,82.57,1244,910,-6222,4734
105,ALB,2020-02-07,0 days 15:59:48.849769,172585,82.55,82.53,13309,2278,11201,-763
106,ALB,2020-02-07,0 days 15:59:49.851759,172186,82.55,82.53,12809,1641,-399,11201
107,ALLY,2020-02-07,0 days 15:57:52.937648,368190,32.58,32.57,1000,9032,1599,-601
108,ALLY,2020-02-07,0 days 15:57:53.940268,366489,32.58,32.57,1700,8522,-1701,1599
109,ALLY,2020-02-07,0 days 15:57:57.949812,368190,32.58,32.57,3128,8427,499,-1701
110,ALLY,2020-02-07,0 days 15:58:00.959047,364589,32.58,32.57,2359,8465,-3601,1399
111,ALLY,2020-02-07,0 days 15:58:03.965550,368190,32.58,32.57,3340,7960,10779,-1701
112,ALLY,2020-02-07,0 days 15:58:04.967070,366794,32.58,32.57,1835,8517,-1495,10779
113,ALLY,2020-02-07,0 days 15:58:09.979351,368289,32.58,32.57,6124,7147,655,-1445
114,ALLY,2020-02-07,0 days 15:58:11.983958,366844,32.58,32.57,7009,8308,-1445,1755
115,ALLY,2020-02-07,0 days 15:58:14.991397,366789,32.57,32.56,4006,5542,55,-1445
116,ALLY,2020-02-07,0 days 15:58:15.993632,361444,32.57,32.56,5052,5767,-5345,55
117,ALLY,2020-02-07,0 days 15:59:18.145233,383466,32.58,32.57,2018,8495,463,-2171
118,ALLY,2020-02-07,0 days 15:59:37.192241,388898,32.58,32.57,2342,14226,-354,1017
119,AM,2020-02-07,0 days 15:59:37.874519,224584,4.91,4.9,4327,61541,-1199,1876
120,AM,2020-02-07,0 days 15:59:48.901045,221983,4.92,4.91,17800,18346,1101,-1199
121,AMC,2020-02-07,0 days 15:57:32.399934,42021,6.57,6.56,9487,5577,4904,-9591
122,AMC,2020-02-07,0 days 15:59:09.636530,44153,6.57,6.56,11627,2994,1968,-1342
123,AMC,2020-02-07,0 days 15:59:35.698623,48126,6.56,6.55,14517,18568,-1118,482
124,AMC,2020-02-07,0 days 15:59:37.702459,49244,6.56,6.55,15361,17268,2482,-295
125,AMCR,2020-02-07,0 days 15:59:03.660046,1067105,10.83,10.82,76108,21187,47700,-95207
126,AMCR,2020-02-07,0 days 15:59:04.663014,1049805,10.83,10.82,75232,21187,-17300,47700
127,AMCR,2020-02-07,0 days 15:59:08.672212,1067105,10.83,10.82,67269,32214,88675,-17300
128,AMCR,2020-02-07,0 days 15:59:09.674746,1057480,10.83,10.82,72769,31872,-9625,88675
129,AMCR,2020-02-07,0 days 15:59:16.686186,1058381,10.83,10.82,71605,25518,-3847,7430
130,AMCR,2020-02-07,0 days 15:59:18.691557,1067528,10.83,10.82,71857,19715,11725,-3847
131,AMCR,2020-02-07,0 days 15:59:19.693117,1059053,10.83,10.82,72157,21066,-8475,11725
132,AMCR,2020-02-07,0 days 15:59:21.698384,1067528,10.83,10.82,67957,27849,8503,-8475
133,AMCR,2020-02-07,0 days 15:59:22.700607,1065531,10.83,10.82,64357,22824,-1997,8503
134,AMCR,2020-02-07,0 days 15:59:23.702894,1067528,10.83,10.82,64457,22840,8603,-1997
135,AMCR,2020-02-07,0 days 15:59:25.707769,1067441,10.83,10.82,58989,27810,-87,1603
136,AMX,2020-02-07,0 days 15:57:04.505379,40132,16.69,16.68,31209,20076,-2782,1797
137,AMX,2020-02-07,0 days 15:57:05.507705,38914,16.69,16.68,29784,20997,1218,-2782
138,AMX,2020-02-07,0 days 15:58:30.714443,41832,16.69,16.68,36662,8650,-915,1684
139,AMX,2020-02-07,0 days 15:58:31.716890,40647,16.69,16.68,36247,9050,1185,-915
140,APA,2020-02-07,0 days 15:55:00.520867,257870,28.07,28.06,2335,1552,-6205,69467
141,APA,2020-02-07,0 days 15:55:01.522944,255375,28.06,28.05,1200,4467,2495,-6205
142,APA,2020-02-07,0 days 15:55:37.610309,259550,28.08,28.07,1541,4797,-5828,4072
143,APA,2020-02-07,0 days 15:55:38.612578,257878,28.08,28.07,1541,5195,1572,-5828
144,APA,2020-02-07,0 days 15:57:49.929556,278385,28.11,28.1,3261,3718,-448,4652
145,APA,2020-02-07,0 days 15:57:50.932378,275933,28.12,28.11,6367,1216,2511,-448
146,APA,2020-02-07,0 days 15:58:03.964645,278452,28.12,28.11,4418,4288,-2513,6387
147,APA,2020-02-07,0 days 15:58:04.966174,275465,28.12,28.11,3095,4378,2987,-2513
148,APA,2020-02-07,0 days 15:59:05.113578,285328,28.1,28.09,2695,10447,-12059,3315
149,APA,2020-02-07,0 days 15:59:06.114958,284687,28.1,28.09,2997,7687,412,-12059
150,APA,2020-02-07,0 days 15:59:46.212324,291796,28.1,28.09,2267,8941,408,-68
151,APO,2020-02-07,0 days 15:53:29.300771,17951,47.35,47.34,260,100,85,-115
152,APO,2020-02-07,0 days 15:55:25.582276,40888,47.34,47.33,380,979,-19,463
153,APO,2020-02-07,0 days 15:55:26.584693,40707,47.34,47.33,180,979,181,-19
154,APO,2020-02-07,0 days 15:57:25.871847,52266,47.38,47.37,417,455,-2215,895
155,APO,2020-02-07,0 days 15:57:26.874547,51181,47.39,47.38,100,754,590,-2215
156,APO,2020-02-07,0 days 15:59:19.147656,53355,47.44,47.43,595,48,-1543,977
157,APO,2020-02-07,0 days 15:59:20.150505,52598,47.44,47.42,695,11,757,-1543
158,APO,2020-02-07,0 days 15:59:51.225037,55590,47.37,47.28,301,500,-507,2278
159,APO,2020-02-07,0 days 15:59:57.239589,54997,47.37,47.29,5665,2301,2278,-507
160,APO,2020-02-07,0 days 15:59:58.242031,55590,47.37,47.29,4000,3101,-507,2278
161,AR,2020-02-07,0 days 15:59:14.718488,624155,1.76,1.75,54253,179253,553,-73896
162,AR,2020-02-07,0 days 15:59:37.773615,654859,1.76,1.75,46754,174258,5729,-21016
163,AR,2020-02-07,0 days 15:59:48.800635,640888,1.76,1.75,40587,168801,-13971,5729
164,ARMK,2020-02-07,0 days 15:56:13.327115,185420,40.82,40.81,1012,3598,-8128,2472
165,ARMK,2020-02-07,0 days 15:56:14.330660,182048,40.82,40.81,1312,2630,3372,-8128
166,ARMK,2020-02-07,0 days 15:57:21.492385,186798,40.82,40.81,1840,4172,-2289,1011
167,ARMK,2020-02-07,0 days 15:57:22.494561,184587,40.82,40.81,1840,4514,2211,-2289
168,ARMK,2020-02-07,0 days 15:58:07.605285,194790,40.81,40.8,1442,207,-14196,4125
169,ARMK,2020-02-07,0 days 15:58:08.607670,191886,40.81,40.8,2034,298,2304,-14196
170,ARMK,2020-02-07,0 days 15:58:13.618997,194790,40.81,40.8,1500,1613,-1096,2004
171,ARMK,2020-02-07,0 days 15:58:14.621479,193186,40.83,40.82,2000,11,4,-1096
172,ARMK,2020-02-07,0 days 15:58:31.663197,193190,40.83,40.82,1267,1809,-1668,1832
173,ARMK,2020-02-07,0 days 15:58:36.674797,193190,40.83,40.82,1717,2535,-3168,132
174,ARMK,2020-02-07,0 days 15:59:06.749444,201600,40.81,40.79,1796,1236,-9216,1122
175,ARNC,2020-02-07,0 days 15:55:56.205197,144349,31.28,31.27,1307,4961,143,-1
176,ARNC,2020-02-07,0 days 15:55:57.209293,143392,31.28,31.27,707,5207,-957,143
177,ARNC,2020-02-07,0 days 15:56:03.222565,144349,31.28,31.27,807,6474,5252,-957
178,ARNC,2020-02-07,0 days 15:56:04.224338,144001,31.28,31.27,507,6474,-348,5252
179,ARNC,2020-02-07,0 days 15:56:14.249660,144449,31.29,31.28,2600,3298,598,-317
180,ARNC,2020-02-07,0 days 15:57:05.372963,146497,31.3,31.29,4633,3072,-7752,248
181,ARNC,2020-02-07,0 days 15:57:06.375117,146149,31.29,31.28,7866,1600,348,-7752
182,ARNC,2020-02-07,0 days 15:57:59.503205,151870,31.32,31.31,4553,1907,1751,-1149
183,ARNC,2020-02-07,0 days 15:58:00.506044,150521,31.32,31.31,5553,1494,-1149,1751
184,ARNC,2020-02-07,0 days 15:58:03.514495,151870,31.32,31.31,3468,4596,1119,-1149
185,ARNC,2020-02-07,0 days 15:58:04.516857,151589,31.32,31.31,3568,4501,-81,1119
186,ARNC,2020-02-07,0 days 15:58:49.625568,153594,31.32,31.31,2360,7682,6015,-1326
187,ARNC,2020-02-07,0 days 15:58:50.628332,152809,31.33,31.32,6834,4414,-585,6015
188,ARNC,2020-02-07,0 days 15:59:11.681628,155425,31.32,31.31,6100,3723,1658,-1392
189,ARNC,2020-02-07,0 days 15:59:12.682716,154983,31.32,31.31,3011,5329,-442,1658
190,ARNC,2020-02-07,0 days 15:59:18.691507,155625,31.32,31.31,1960,7916,1415,-442
191,ARNC,2020-02-07,0 days 15:59:26.710536,154762,31.33,31.32,8433,761,-663,2218
192,ARNC,2020-02-07,0 days 15:59:37.736944,155445,31.31,31.3,1400,6686,-1638,5685
193,ARNC,2020-02-07,0 days 15:59:38.740249,157083,31.31,31.3,6160,6299,1262,-1638
194,ARNC,2020-02-07,0 days 15:59:39.742182,156945,31.31,31.3,1511,7683,-138,1262
195,ARNC,2020-02-07,0 days 15:59:41.746950,158183,31.32,31.31,12726,2366,762,-1238
196,ARNC,2020-02-07,0 days 15:59:42.749683,157945,31.32,31.31,7471,7801,-3134,762
197,ARNC,2020-02-07,0 days 15:59:43.757985,162179,31.32,31.31,7071,9309,266,-3134
198,ARNC,2020-02-07,0 days 15:59:45.766129,162445,31.32,31.31,6605,12251,-2192,266
199,ATUS,2020-02-07,0 days 15:59:23.157121,1375030,27.83,27.82,1421,3999,2516,-9370
200,ATUS,2020-02-07,0 days 15:59:24.159257,1371744,27.83,27.82,2520,4059,-3286,2516
201,ATUS,2020-02-07,0 days 15:59:43.205771,1379052,27.78,27.77,5630,1394,-92,5656
202,ATUS,2020-02-07,0 days 15:59:46.213215,1420526,27.76,27.75,1447,4154,1663,-40485
203,ATUS,2020-02-07,0 days 15:59:49.220651,1418913,27.76,27.75,4766,2668,-1613,6087
204,AU,2020-02-07,0 days 15:56:53.374241,31636,19.13,19.12,3341,8189,-994,496
205,AU,2020-02-07,0 days 15:59:24.741350,67137,19.12,19.11,7146,7597,2606,-17461
206,AU,2020-02-07,0 days 15:59:25.743623,65643,19.12,19.11,7475,8497,-1494,2606
207,AU,2020-02-07,0 days 15:59:32.760964,65758,19.1,19.09,8707,7100,-1379,821
208,AU,2020-02-07,0 days 15:59:35.769372,67705,19.1,19.09,10207,2875,806,-1379
209,AU,2020-02-07,0 days 15:59:36.771541,66862,19.1,19.09,9507,3175,-843,806
210,AVTR,2020-02-07,0 days 15:55:01.022169,108370,17.52,17.51,10201,3490,-2870,19196
211,AVTR,2020-02-07,0 days 15:55:31.093064,111240,17.52,17.51,14103,3553,1030,-2870
212,AVYA,2020-02-07,0 days 15:55:01.022625,437522,12.23,12.22,2899,2494,-60698,47494
213,AVYA,2020-02-07,0 days 15:55:02.022869,430120,12.23,12.22,3419,2669,7402,-60698
214,AVYA,2020-02-07,0 days 15:58:35.537115,470712,12.24,12.23,4584,10608,-12045,91
215,AVYA,2020-02-07,0 days 15:58:36.539959,464457,12.24,12.23,4684,11302,6191,-12045
216,AVYA,2020-02-07,0 days 15:59:05.611247,471712,12.23,12.22,14425,6048,-53061,16355
217,AVYA,2020-02-07,0 days 15:59:06.613233,470837,12.23,12.22,14384,2359,875,-53061
218,AVYA,2020-02-07,0 days 15:59:18.641190,448342,12.2,12.19,11976,7075,-672,264
219,AVYA,2020-02-07,0 days 15:59:19.643527,448114,12.2,12.19,11613,7265,19539,-672
220,AVYA,2020-02-07,0 days 15:59:28.665792,467853,12.2,12.19,9996,7084,-118,444
221,AXP,2020-02-07,0 days 15:55:00.117340,263903,131.59,131.57,202,555,-938,40035
222,AXP,2020-02-07,0 days 15:55:01.120952,261341,131.56,131.54,200,588,2562,-938
223,AXP,2020-02-07,0 days 15:55:36.204682,263948,131.58,131.55,809,858,-5887,2213
224,AXP,2020-02-07,0 days 15:55:37.206937,261835,131.58,131.55,809,958,2113,-5887
225,AXP,2020-02-07,0 days 15:56:14.296134,265127,131.65,131.62,500,725,-96,3067
226,AXP,2020-02-07,0 days 15:56:15.298498,272705,131.65,131.62,500,538,2407,-96
227,AXP,2020-02-07,0 days 15:57:00.406984,275398,131.69,131.67,200,700,-81,1922
228,AXP,2020-02-07,0 days 15:57:05.419311,281779,131.71,131.69,400,1105,2394,-81
229,AXP,2020-02-07,0 days 15:57:24.465087,284714,131.74,131.72,10,1052,-13211,2089
230,AXP,2020-02-07,0 days 15:57:25.467586,282425,131.73,131.71,717,955,2289,-13211
231,AXP,2020-02-07,0 days 15:57:45.516708,292611,131.72,131.71,569,1197,-123,1677
232,AXP,2020-02-07,0 days 15:57:46.518943,292734,131.72,131.71,569,1305,177,-123
233,AXP,2020-02-07,0 days 15:58:04.563640,289711,131.76,131.74,75,1522,-1123,1697
234,AXP,2020-02-07,0 days 15:58:05.566132,295334,131.78,131.75,707,602,7136,-1123
235,AXP,2020-02-07,0 days 15:58:50.675515,300570,131.78,131.76,500,828,-208,192
236,AXP,2020-02-07,0 days 15:58:58.693680,300570,131.8,131.77,1200,403,-308,3692
237,AXP,2020-02-07,0 days 15:58:59.696099,298278,131.8,131.77,1300,504,2292,-308
238,AXP,2020-02-07,0 days 15:59:17.740643,310224,131.8,131.79,400,674,-867,2247
239,AXP,2020-02-07,0 days 15:59:19.745882,311091,131.79,131.77,79,400,2055,-867
240,AXP,2020-02-07,0 days 15:59:20.748184,313646,131.8,131.77,600,400,-744,2055
241,AXP,2020-02-07,0 days 15:59:31.775017,308019,131.8,131.77,746,554,5227,-1473
242,AXP,2020-02-07,0 days 15:59:39.794806,315950,131.84,131.82,865,1269,-2670,4030
243,AXP,2020-02-07,0 days 15:59:40.797975,314620,131.84,131.83,728,873,630,-2670
244,AXP,2020-02-07,0 days 15:59:42.801837,315250,131.84,131.83,438,401,-110,630
245,AXP,2020-02-07,0 days 15:59:43.806061,313360,131.85,131.84,754,820,1890,-110
246,AZN,2020-02-07,0 days 15:55:16.244670,21755,49.4,49.39,3645,1509,905,-895
247,AZN,2020-02-07,0 days 15:55:17.247250,20860,49.41,49.4,3200,2300,-895,905
248,AZN,2020-02-07,0 days 15:55:54.336585,22262,49.41,49.4,3468,2505,4345,-755
249,AZN,2020-02-07,0 days 15:55:55.339644,21407,49.41,49.4,3468,2505,-855,4345
250,AZN,2020-02-07,0 days 15:56:28.418459,22890,49.41,49.4,4580,3842,791,-29
251,AZN,2020-02-07,0 days 15:56:29.420716,22281,49.41,49.4,4080,3842,-609,791
252,AZN,2020-02-07,0 days 15:57:42.597039,22891,49.44,49.43,3919,801,127,-525
253,AZN,2020-02-07,0 days 15:57:56.630923,22891,49.45,49.44,2870,6041,4075,-473
254,AZN,2020-02-07,0 days 15:57:57.633680,22366,49.45,49.44,2670,6161,-525,4075
255,AZN,2020-02-07,0 days 15:58:49.760199,22470,49.43,49.42,4771,3308,-421,579
256,AZN,2020-02-07,0 days 15:59:31.859569,30721,49.42,49.41,8950,2358,1026,-174
257,AZN,2020-02-07,0 days 15:59:32.862461,30047,49.42,49.41,8132,1100,-674,1026
258,BA,2020-02-07,0 days 15:56:14.700193,189719,336.75,336.69,149,519,13327,-385
259,BA,2020-02-07,0 days 15:56:15.702575,188546,336.7,336.67,100,107,-1173,13327
260,BA,2020-02-07,0 days 15:57:35.895976,196028,336.73,336.68,89,210,1996,-1304
261,BA,2020-02-07,0 days 15:57:36.899569,194524,336.75,336.68,218,417,-1504,1996
262,BA,2020-02-07,0 days 15:57:50.933283,196828,336.75,336.72,360,5,124,-2176
263,BA,2020-02-07,0 days 15:57:51.935151,195252,336.75,336.72,361,5,-1576,124
264,BA,2020-02-07,0 days 15:57:54.942684,196828,336.75,336.69,127,300,727,-873
265,BA,2020-02-07,0 days 15:57:55.944697,195355,336.75,336.69,127,301,-1473,727
266,BA,2020-02-07,0 days 15:58:31.030358,198888,336.84,336.79,11,400,-329,18
267,BA,2020-02-07,0 days 15:59:05.114758,205214,336.93,336.92,100,116,21,-2426
268,BA,2020-02-07,0 days 15:59:07.118700,203696,336.95,336.89,318,200,-1518,21
269,BABA,2020-02-07,0 days 15:59:57.820552,853249,216.65,216.57,1400,2000,-15872,34517
270,BABA,2020-02-07,0 days 15:59:58.822612,839829,216.51,216.44,1164,200,15953,-15872
271,BABA,2020-02-07,0 days 16:00:00.827293,855782,216.55,216.49,26175,521,-12831,38682
272,BAC,2020-02-07,0 days 15:59:24.842445,2265106,34.62,34.61,102222,24743,21824,-8304
273,BAC,2020-02-07,0 days 15:59:46.896073,2316261,34.61,34.6,51566,83298,4,-2230
274,BAX,2020-02-07,0 days 15:55:50.155221,208980,91.24,91.23,200,234,30898,-43502
275,BAX,2020-02-07,0 days 15:55:51.156973,204978,91.28,91.25,572,410,-4002,30898
276,BAX,2020-02-07,0 days 15:56:07.194882,172980,91.28,91.27,945,210,28212,-7788
277,BAX,2020-02-07,0 days 15:56:08.197528,171492,91.3,91.28,623,855,-1488,28212
278,BAX,2020-02-07,0 days 15:57:04.332101,182877,91.3,91.27,1028,1600,1874,-426
279,BAX,2020-02-07,0 days 15:57:05.334463,181952,91.3,91.27,1029,1600,-925,1874
280,BAX,2020-02-07,0 days 15:57:47.435976,247721,91.3,91.29,964,353,-7956,344
281,BAX,2020-02-07,0 days 15:58:30.541419,268485,91.31,91.29,892,253,31,-1469
282,BAX,2020-02-07,0 days 15:59:13.646606,269690,91.31,91.28,1505,1174,-3016,3484
283,BAX,2020-02-07,0 days 15:59:18.657945,273294,91.29,91.27,600,5300,7975,-1130
284,BAX,2020-02-07,0 days 15:59:19.659850,268569,91.29,91.27,488,5999,-4725,7975
285,BAX,2020-02-07,0 days 15:59:30.686288,247293,91.25,91.24,100,200,-2162,32219
286,BAX,2020-02-07,0 days 15:59:42.715064,251260,91.26,91.23,304,2388,-1201,12390
287,BB,2020-02-07,0 days 15:55:01.022361,37707,6.03,6.02,66942,111707,10418,-9675
288,BB,2020-02-07,0 days 15:56:57.299462,43609,6.03,6.02,149669,87006,-15230,4766
289,BB,2020-02-07,0 days 15:59:33.677439,81582,6.03,6.02,120729,104168,21949,-28247
290,BB,2020-02-07,0 days 15:59:34.679973,79735,6.03,6.02,107629,105768,-1847,21949
291,BBD,2020-02-07,0 days 15:59:15.684194,410349,7.79,7.78,67597,521339,24905,-41568
292,BCS,2020-02-07,0 days 15:58:50.675515,33155,9.07,9.06,109426,102980,6,-2949
293,BCS,2020-02-07,0 days 15:59:11.727352,30490,9.07,9.06,123377,95617,2671,-492
294,BCS,2020-02-07,0 days 15:59:46.813594,39395,9.07,9.06,130897,35793,-1610,490
295,BCS,2020-02-07,0 days 15:59:47.816593,38905,9.07,9.06,126697,36593,490,-1610
296,BDX,2020-02-07,0 days 15:59:35.769393,191818,247.11,247.06,426,100,-1473,6797
297,BDX,2020-02-07,0 days 15:59:36.771598,191087,247.11,247.06,244,200,731,-1473
298,BDX,2020-02-07,0 days 15:59:53.812317,189960,247.0,246.89,2196,400,11210,-6420
299,BDXA,2020-02-07,0 days 15:55:38.162057,90,58.93,58.92,100,1100,125,-47
300,BEN,2020-02-07,0 days 15:55:39.615681,259755,25.56,25.55,4053,4035,5887,-4291
301,BEN,2020-02-07,0 days 15:55:40.618226,257042,25.56,25.55,3159,4235,-2713,5887
302,BEN,2020-02-07,0 days 15:56:13.697350,261937,25.56,25.55,5912,2915,280,-3491
303,BEN,2020-02-07,0 days 15:56:14.700161,259517,25.56,25.55,7112,1814,-3561,280
304,BEN,2020-02-07,0 days 15:57:56.947188,265023,25.56,25.55,5648,5017,365,-2535
305,BEN,2020-02-07,0 days 15:57:57.949782,262288,25.56,25.55,5448,5223,-2735,365
306,BEN,2020-02-07,0 days 15:58:01.959544,265023,25.56,25.55,8152,5138,1765,-1435
307,BEN,2020-02-07,0 days 15:58:02.962707,262387,25.56,25.55,7752,5838,-2636,1765
308,BEN,2020-02-07,0 days 15:58:05.969651,265110,25.56,25.55,8052,6030,513,-1694
309,BEN,2020-02-07,0 days 15:58:06.972142,258223,25.56,25.55,7979,6030,-6887,513
310,BEN,2020-02-07,0 days 15:58:08.976557,265110,25.56,25.55,9741,6347,813,-1487
311,BEN,2020-02-07,0 days 15:58:09.979333,263039,25.56,25.55,9841,5945,-2071,813
312,BEN,2020-02-07,0 days 15:58:11.983897,265110,25.56,25.55,8888,5628,329,-4371
313,BEN,2020-02-07,0 days 15:58:13.988745,263039,25.56,25.55,7078,5730,-2071,1129
314,BEN,2020-02-07,0 days 15:59:07.118630,271820,25.6,25.59,6172,4878,30102,-2090
315,BEN,2020-02-07,0 days 15:59:12.130610,302289,25.61,25.6,5015,4911,-351,32244
316,BEN,2020-02-07,0 days 15:59:14.135375,300274,25.61,25.6,6515,5731,2015,-1785
317,BEN,2020-02-07,0 days 15:59:29.172421,311445,25.61,25.6,2761,7875,-3123,4371
318,BEN,2020-02-07,0 days 15:59:30.176991,310968,25.61,25.6,3518,7550,457,-3123
319,BEN,2020-02-07,0 days 15:59:40.199663,311552,25.61,25.6,10780,4054,-432,639
320,BGS,2020-02-07,0 days 15:57:52.518263,88441,14.41,14.4,5515,9766,620,-880
321,BGS,2020-02-07,0 days 15:57:53.520274,87561,14.41,14.4,5865,9766,-880,620
322,BGS,2020-02-07,0 days 15:58:03.545571,88441,14.41,14.4,7427,10202,620,-880
323,BGS,2020-02-07,0 days 15:58:04.547908,87561,14.41,14.4,7427,9449,-880,620
324,BGS,2020-02-07,0 days 15:58:17.580157,88441,14.41,14.4,9167,8219,242,-1358
325,BGS,2020-02-07,0 days 15:58:18.581554,87083,14.41,14.4,9167,8041,-1358,242
326,BGS,2020-02-07,0 days 15:59:19.729446,93272,14.41,14.4,10432,10627,8139,-5148
327,BGS,2020-02-07,0 days 15:59:20.731980,86911,14.41,14.4,10310,10450,-6361,8139
328,BGS,2020-02-07,0 days 15:59:21.734116,93272,14.41,14.4,7590,11030,39,-6361
329,BGS,2020-02-07,0 days 15:59:22.736495,92311,14.41,14.4,9840,10363,-961,39
330,BHC,2020-02-07,0 days 15:55:26.165832,40322,28.13,28.12,4200,2333,-134,748
331,BHC,2020-02-07,0 days 15:55:27.168089,39656,28.13,28.12,3900,1933,666,-134
332,BHC,2020-02-07,0 days 15:57:34.475818,43231,28.12,28.11,1460,4838,-30,370
333,BHC,2020-02-07,0 days 15:57:35.477744,42961,28.12,28.11,1460,4938,270,-30
334,BHC,2020-02-07,0 days 15:59:11.714028,44957,28.14,28.13,1533,5558,774,-626
335,BHC,2020-02-07,0 days 15:59:39.780677,49203,28.15,28.14,3917,10537,-2135,565
336,BHC,2020-02-07,0 days 15:59:40.783453,49038,28.15,28.14,2027,10092,165,-2135
337,BHC,2020-02-07,0 days 15:59:52.813188,45838,28.14,28.13,3440,3400,3365,-58
338,BHP,2020-02-07,0 days 15:59:25.162066,80062,51.05,51.04,1028,7611,-1517,103
339,BHP,2020-02-07,0 days 15:59:34.183606,73233,51.06,51.05,200,7217,6829,-1517
340,BHP,2020-02-07,0 days 15:59:50.224870,76322,51.06,51.05,161,5380,5388,-112
341,BK,2020-02-07,0 days 15:57:24.450067,393134,47.25,47.24,1647,4627,-907,893
342,BK,2020-02-07,0 days 15:57:25.452821,387061,47.25,47.24,4152,1665,6073,-907
343,BK,2020-02-07,0 days 15:57:33.472796,395810,47.24,47.23,1504,5305,-351,6479
344,BK,2020-02-07,0 days 15:57:34.475755,391298,47.24,47.23,1566,5595,4512,-351
345,BK,2020-02-07,0 days 15:57:42.494875,395740,47.25,47.24,1103,6050,-2158,1542
346,BK,2020-02-07,0 days 15:57:43.497228,394180,47.25,47.24,2803,3182,1560,-2158
347,BK,2020-02-07,0 days 15:59:11.713862,425795,47.25,47.24,548,6567,-3714,3997
348,BK,2020-02-07,0 days 15:59:18.728594,421889,47.26,47.25,8929,742,3849,-8751
349,BK,2020-02-07,0 days 15:59:29.755300,425838,47.25,47.24,4802,1743,-7628,2772
350,BK,2020-02-07,0 days 15:59:30.758858,423666,47.25,47.24,5490,900,2072,-7628
351,BK,2020-02-07,0 days 15:59:38.777721,431127,47.26,47.25,10355,1543,-8127,7358
352,BK,2020-02-07,0 days 15:59:39.780469,425854,47.25,47.24,7299,1623,5273,-8127
353,BKR,2020-02-07,0 days 15:59:35.785081,421874,22.49,22.48,6206,14484,-7599,801
354,BLL,2020-02-07,0 days 15:56:55.311152,199420,76.82,76.81,2,140,582,-34
355,BLL,2020-02-07,0 days 15:56:56.313617,197117,76.82,76.8,2,825,-2303,582
356,BLL,2020-02-07,0 days 15:58:06.483163,208406,76.85,76.83,509,200,21297,-3749
357,BLL,2020-02-07,0 days 15:58:07.485710,206706,76.87,76.84,997,250,-1700,21297
358,BLL,2020-02-07,0 days 15:58:35.553795,209295,76.86,76.85,174,139,799,-1201
359,BLL,2020-02-07,0 days 15:58:36.555720,208394,76.87,76.85,575,743,-201,799
360,BLL,2020-02-07,0 days 15:59:03.622112,211668,76.92,76.9,966,916,1041,-587
361,BLL,2020-02-07,0 days 15:59:04.624961,210909,76.91,76.9,48,829,-4059,1041
362,BLL,2020-02-07,0 days 15:59:07.632495,217999,76.96,76.93,200,1154,29366,-1690
363,BLL,2020-02-07,0 days 15:59:52.737752,246153,77.0,76.97,29826,581,-964,1734
364,BLL,2020-02-07,0 days 15:59:53.740191,244419,77.0,76.97,27024,484,1734,-964
365,BLL,2020-02-07,0 days 15:59:54.742289,246153,77.0,76.97,27488,577,-964,1734
366,BLL,2020-02-07,0 days 15:59:58.746221,238844,76.98,76.9,4449,402,11561,-486
367,BMY,2020-02-07,0 days 15:59:06.115927,792905,66.25,66.24,14115,9321,-4041,30289
368,BMY,2020-02-07,0 days 15:59:08.120811,783561,66.25,66.24,14239,5971,9344,-16152
369,BMY,2020-02-07,0 days 15:59:37.192172,789745,66.25,66.24,15030,559,3660,-21040
370,BMY,2020-02-07,0 days 15:59:56.236972,762241,66.25,66.24,3095,368,31364,-31289
371,BOOT,2020-02-07,0 days 15:56:16.286077,74519,35.7,35.68,2241,624,65,-48
372,BOOT,2020-02-07,0 days 15:56:29.317199,70524,35.76,35.73,1700,723,-3995,65
373,BOOT,2020-02-07,0 days 15:57:41.492541,74578,35.7,35.68,1726,254,621,-421
374,BOOT,2020-02-07,0 days 15:57:42.494875,73157,35.7,35.68,1873,254,-1421,621
375,BOOT,2020-02-07,0 days 15:57:45.502217,74578,35.7,35.68,2103,360,1021,-1421
376,BOOT,2020-02-07,0 days 15:59:03.692144,75785,35.68,35.67,2019,2282,3740,-1205
377,BOOT,2020-02-07,0 days 15:59:04.694913,75125,35.69,35.68,580,1291,-660,3740
378,BOOT,2020-02-07,0 days 15:59:20.733274,75468,35.7,35.68,1250,402,853,-701
379,BOOT,2020-02-07,0 days 15:59:21.735545,74042,35.7,35.68,1305,673,-1426,853
380,BOOT,2020-02-07,0 days 15:59:25.745091,75468,35.7,35.68,976,675,45,-182
381,BOOT,2020-02-07,0 days 15:59:26.747489,79713,35.7,35.67,1312,1249,-755,45
382,BOOT,2020-02-07,0 days 15:59:54.818188,80874,35.73,35.68,200,30,1449,-1909
383,BP,2020-02-07,0 days 15:59:00.734185,217368,36.33,36.32,12472,46576,-2320,2180
384,BP,2020-02-07,0 days 15:59:07.752004,170826,36.33,36.32,33185,15859,48217,-36243
385,BP,2020-02-07,0 days 15:59:19.779098,218255,36.33,36.32,30515,20171,-663,1829
386,BP,2020-02-07,0 days 15:59:20.781057,202518,36.33,36.32,31115,18371,15879,-663
387,BRK.B,2020-02-07,0 days 15:55:01.022169,433891,227.24,227.22,20,296,-56369,27109
388,BRK.B,2020-02-07,0 days 15:56:53.289763,479896,227.35,227.32,894,625,4839,-610
389,BRK.B,2020-02-07,0 days 15:56:54.291748,477535,227.34,227.32,90,536,-2361,4839
390,BRK.B,2020-02-07,0 days 15:57:24.364406,482004,227.45,227.41,134,400,2051,-1549
391,BRK.B,2020-02-07,0 days 15:57:25.367051,480055,227.45,227.41,134,400,-1949,2051
392,BRK.B,2020-02-07,0 days 15:57:40.402779,482205,227.4,227.38,1117,201,512,-988
393,BRK.B,2020-02-07,0 days 15:57:44.411968,482205,227.43,227.4,101,300,3312,-4088
394,BRK.B,2020-02-07,0 days 15:57:45.414666,481217,227.43,227.41,1,240,-988,3312
395,BRK.B,2020-02-07,0 days 15:57:50.427992,482205,227.48,227.44,200,100,2012,-988
396,BRK.B,2020-02-07,0 days 15:57:51.429533,481217,227.47,227.44,113,301,-988,2012
397,BRK.B,2020-02-07,0 days 15:57:56.441799,482205,227.49,227.46,100,410,217,-1083
398,BRK.B,2020-02-07,0 days 15:57:57.444470,481222,227.51,227.47,200,603,-983,217
399,BRK.B,2020-02-07,0 days 15:58:07.469728,490539,227.49,227.47,34,1202,1262,-1338
400,BRK.B,2020-02-07,0 days 15:58:08.471376,488801,227.49,227.47,34,1202,-1738,1262
401,BRK.B,2020-02-07,0 days 15:58:18.495339,490539,227.5,227.47,1420,59,2562,-1738
402,BRK.B,2020-02-07,0 days 15:58:19.497452,488801,227.48,227.46,30,200,-1738,2562
403,BRK.B,2020-02-07,0 days 15:59:11.624934,503010,227.56,227.52,2,100,-1838,11335
404,BRK.B,2020-02-07,0 days 15:59:29.667384,505228,227.51,227.47,200,290,9134,-1361
405,BRK.B,2020-02-07,0 days 15:59:30.670222,503957,227.46,227.4,525,530,-671,9134
406,BRK.B,2020-02-07,0 days 15:59:54.727055,507428,227.47,227.4,100,262,1929,-171
407,BSX,2020-02-07,0 days 15:55:01.020829,396074,42.14,42.13,11062,4565,-126399,128057
408,BSX,2020-02-07,0 days 15:55:02.021488,393110,42.12,42.11,4825,4044,3064,-126399
409,BSX,2020-02-07,0 days 15:55:27.082435,397283,42.15,42.14,200,8673,-39065,6252
410,BSX,2020-02-07,0 days 15:55:28.084502,394748,42.16,42.15,15678,2515,2435,-39065
411,BSX,2020-02-07,0 days 15:58:27.516315,423572,42.2,42.19,11434,10395,1745,-1686
412,BSX,2020-02-07,0 days 15:59:13.628516,462892,42.2,42.19,5840,6380,-1318,6494
413,BSX,2020-02-07,0 days 15:59:16.634293,459423,42.2,42.19,6922,6338,2069,-2294
414,BSX,2020-02-07,0 days 15:59:30.668857,468621,42.2,42.19,7349,5332,-7258,7405
415,BSX,2020-02-07,0 days 15:59:31.671086,464479,42.2,42.19,9635,13141,4142,-7258
416,BSX,2020-02-07,0 days 15:59:39.690758,468621,42.2,42.19,5346,11280,-1445,134
417,BTU,2020-02-07,0 days 15:55:01.153113,61643,8.49,8.48,13121,1020,566,-1734
418,BTU,2020-02-07,0 days 15:56:45.404368,62209,8.49,8.48,4030,3438,-1672,428
419,BTU,2020-02-07,0 days 15:57:55.574675,67706,8.5,8.49,1900,2601,588,-512
420,BTU,2020-02-07,0 days 15:57:56.576422,67194,8.5,8.49,1900,2606,-512,588
421,BTU,2020-02-07,0 days 15:57:57.579650,67706,8.5,8.49,1798,2615,930,-512
422,BTU,2020-02-07,0 days 15:57:58.581479,67336,8.5,8.49,1898,2517,-370,930
423,BTU,2020-02-07,0 days 15:58:06.601924,67706,8.5,8.49,2533,3461,730,-370
424,BTU,2020-02-07,0 days 15:58:07.604835,67336,8.5,8.49,2246,3760,-370,730
425,BTU,2020-02-07,0 days 15:59:04.744428,83730,8.5,8.49,5103,3696,8656,-1343
426,BTU,2020-02-07,0 days 15:59:05.754049,80286,8.5,8.49,5103,3596,-1393,8656
427,BTU,2020-02-07,0 days 15:59:13.766486,96311,8.51,8.5,3798,2085,8575,-11825
428,BTU,2020-02-07,0 days 15:59:27.797611,98545,8.51,8.5,4186,3612,362,-829
429,BTU,2020-02-07,0 days 15:59:50.854492,101294,8.5,8.49,2395,4140,4213,-515
430,BWA,2020-02-07,0 days 15:56:08.267455,273089,33.49,33.48,368,2152,2536,-3964
431,BWA,2020-02-07,0 days 15:56:09.269433,269725,33.49,33.48,380,1752,-3364,2536
432,BWA,2020-02-07,0 days 15:59:05.696818,288068,33.55,33.54,2479,997,40404,-2955
433,BWA,2020-02-07,0 days 15:59:45.795885,387316,33.57,33.56,757,220,-1137,2356
434,BX,2020-02-07,0 days 15:59:16.635769,503883,62.71,62.7,501,1412,218926,-30647
435,C,2020-02-07,0 days 15:59:20.832953,596859,78.75,78.74,5120,827,784,-194
436,C,2020-02-07,0 days 15:59:34.867057,599843,78.72,78.71,778,6000,-2226,10424
437,C,2020-02-07,0 days 15:59:36.871755,598770,78.73,78.72,1304,1600,973,-2226
438,C,2020-02-07,0 days 15:59:48.900872,588181,78.71,78.7,1730,1498,11662,-4616
439,CAG,2020-02-07,0 days 15:56:25.307731,486167,31.91,31.9,825,5574,1423,-877
440,CAG,2020-02-07,0 days 15:59:06.699596,508988,31.94,31.93,2400,6116,2221,-1679
441,CAG,2020-02-07,0 days 15:59:24.743037,508846,31.94,31.93,3023,12555,1969,-631
442,CAG,2020-02-07,0 days 15:59:37.775019,510406,31.95,31.94,4833,10593,698,-13902
443,CAH,2020-02-07,0 days 15:56:08.235229,301895,58.27,58.26,528,1167,616,-8984
444,CAH,2020-02-07,0 days 15:56:09.236827,293811,58.27,58.26,536,1267,-7684,616
445,CAH,2020-02-07,0 days 15:57:08.379743,308301,58.25,58.23,823,1902,694,-2111
446,CAH,2020-02-07,0 days 15:57:09.382165,300815,58.24,58.23,100,1902,-7486,694
447,CAH,2020-02-07,0 days 15:58:06.521921,312296,58.27,58.26,1274,1204,438,-5773
448,CAH,2020-02-07,0 days 15:58:07.524220,306934,58.27,58.26,2015,974,-5362,438
449,CAT,2020-02-07,0 days 15:57:06.321128,446693,133.25,133.23,545,414,13,-1465
450,CAT,2020-02-07,0 days 15:57:17.347808,451371,133.3,133.28,205,1141,448,-2052
451,CAT,2020-02-07,0 days 15:57:26.369859,451819,133.28,133.27,438,511,-7705,295
452,CAT,2020-02-07,0 days 15:57:27.372176,451624,133.26,133.23,454,400,2995,-7705
453,CAT,2020-02-07,0 days 15:57:43.411076,471399,133.25,133.21,431,749,-1044,3956
454,CAT,2020-02-07,0 days 15:57:44.413205,469343,133.25,133.21,531,749,1956,-1044
455,CAT,2020-02-07,0 days 15:58:00.453629,471610,133.27,133.25,734,1402,-914,1686
456,CAT,2020-02-07,0 days 15:58:02.458089,457724,133.3,133.26,180,1002,2286,-7914
457,CAT,2020-02-07,0 days 15:58:07.469974,455499,133.3,133.28,195,1298,18035,-1001
458,CAT,2020-02-07,0 days 15:58:18.495964,479234,133.26,133.24,200,320,-1365,6835
459,CAT,2020-02-07,0 days 15:58:22.505853,467499,133.29,133.26,11,2,135,-7165
460,CAT,2020-02-07,0 days 15:58:34.535007,467634,133.28,133.26,100,1363,-9185,2415
461,CAT,2020-02-07,0 days 15:58:35.537163,466019,133.29,133.26,228,1765,1615,-9185
462,CAT,2020-02-07,0 days 15:59:00.598282,479434,133.24,133.22,200,347,-4604,2496
463,CAT,2020-02-07,0 days 15:59:01.600424,478419,133.27,133.25,399,300,815,-4604
464,CAT,2020-02-07,0 days 15:59:03.605700,469776,133.3,133.27,300,602,-8643,1285
465,CAT,2020-02-07,0 days 15:59:17.638673,468994,133.3,133.28,100,283,670,-430
466,CAT,2020-02-07,0 days 15:59:21.648411,478466,133.31,133.28,200,311,-9028,15972
467,CAT,2020-02-07,0 days 15:59:22.650817,477194,133.31,133.28,245,10,2763,-9028
468,CAT,2020-02-07,0 days 15:59:28.665814,474661,133.34,133.28,1054,103,296,-2704
469,CAT,2020-02-07,0 days 15:59:37.687607,477871,133.32,133.3,210,13,832,-4268
470,CAT,2020-02-07,0 days 15:59:42.699766,478703,133.4,133.38,10,1435,-268,632
471,CAT,2020-02-07,0 days 15:59:44.704415,477871,133.4,133.35,200,1274,1081,-1368
472,CB,2020-02-07,0 days 15:55:00.521869,230144,162.72,162.68,404,260,-461,4685
473,CB,2020-02-07,0 days 15:57:36.899510,242236,162.84,162.82,479,139,1029,-3871
474,CB,2020-02-07,0 days 15:57:38.903657,238765,162.83,162.81,400,282,-3471,2729
475,CB,2020-02-07,0 days 15:57:42.913333,242236,162.83,162.8,500,347,129,-1071
476,CB,2020-02-07,0 days 15:57:43.915600,240465,162.83,162.8,603,347,-1771,129
477,CB,2020-02-07,0 days 15:57:55.944667,242236,162.82,162.8,200,543,429,-971
478,CB,2020-02-07,0 days 15:57:56.947135,239865,162.83,162.8,400,443,-2371,429
479,CB,2020-02-07,0 days 15:58:02.962654,242236,162.82,162.79,401,750,1329,-871
480,CB,2020-02-07,0 days 15:58:03.965467,238165,162.82,162.79,401,750,-4071,1329
481,CB,2020-02-07,0 days 15:58:16.996023,242236,162.9,162.84,696,1062,429,-971
482,CB,2020-02-07,0 days 15:58:17.998509,241265,162.9,162.84,596,1262,-971,429
483,CB,2020-02-07,0 days 15:58:20.003579,242236,162.9,162.86,496,100,1129,-971
484,CB,2020-02-07,0 days 15:58:21.005955,239765,162.89,162.86,214,201,-2471,1129
485,CB,2020-02-07,0 days 15:58:23.011657,242236,162.89,162.86,411,758,1129,-971
486,CB,2020-02-07,0 days 15:58:24.013234,241265,162.89,162.86,411,758,-971,1129
487,CB,2020-02-07,0 days 15:59:10.125810,243651,162.95,162.91,725,827,428,-72
488,CB,2020-02-07,0 days 15:59:11.128147,243479,162.95,162.91,1027,931,-172,428
489,CB,2020-02-07,0 days 15:59:18.145127,243727,162.89,162.85,164,707,289,-17
490,CB,2020-02-07,0 days 15:59:19.147517,243516,162.9,162.86,700,200,-150,289
491,CB,2020-02-07,0 days 15:59:21.153215,243666,162.88,162.85,520,1035,1144,-150
492,CB,2020-02-07,0 days 15:59:35.186201,247410,162.85,162.81,611,719,-788,231
493,CB,2020-02-07,0 days 15:59:36.188811,248198,162.82,162.76,622,2500,3612,-788
494,CBL,2020-02-07,0 days 15:59:04.797129,46922,0.81,0.8,10133,691,-2963,3543
495,CBL,2020-02-07,0 days 15:59:34.867134,43379,0.81,0.79,10533,600,4843,-5622
496,CC,2020-02-07,0 days 15:55:56.657124,66755,14.08,14.07,3382,3546,20,-680
497,CC,2020-02-07,0 days 15:56:02.671245,66246,14.08,14.07,4333,2692,-509,20
498,CC,2020-02-07,0 days 15:56:13.697286,66755,14.08,14.07,3901,3579,96,-509
499,CC,2020-02-07,0 days 15:56:14.700076,65651,14.08,14.07,3901,3480,-1104,96
500,CC,2020-02-07,0 days 15:58:34.037469,74819,14.09,14.08,3674,2135,-416,984
501,CC,2020-02-07,0 days 15:59:11.128108,81100,14.09,14.08,4984,4371,2478,-1138
502,CC,2020-02-07,0 days 15:59:12.130522,80178,14.09,14.08,3526,4771,-922,2478
503,CC,2020-02-07,0 days 15:59:36.188763,90268,14.07,14.06,17886,12503,-95,105
504,CCC,2020-02-07,0 days 15:55:01.022474,18281,21.21,21.2,1279,5908,12681,-8589
505,CCC,2020-02-07,0 days 15:55:02.022814,17462,21.21,21.2,1279,6008,-819,12681
506,CCC,2020-02-07,0 days 15:56:03.170006,21010,21.21,21.2,4341,4023,415,-1048
507,CCC,2020-02-07,0 days 15:56:04.172097,20125,21.21,21.2,4345,4023,-885,415
508,CCJ,2020-02-07,0 days 15:59:19.692761,68859,8.58,8.57,16928,31042,2386,-5808
509,CCJ,2020-02-07,0 days 15:59:28.715137,67644,8.58,8.57,15440,29795,-1373,427
510,CCL,2020-02-07,0 days 15:59:04.624797,288598,42.17,42.16,6998,3899,-56380,12360
511,CCL,2020-02-07,0 days 15:59:05.627699,286778,42.16,42.15,2969,26121,1420,-56380
512,CCL,2020-02-07,0 days 15:59:18.658054,303648,42.16,42.15,3725,28553,-2365,3770
513,CDAY,2020-02-07,0 days 15:50:01.317905,43833,67.37,67.34,200,917,-7511,20169
514,CDAY,2020-02-07,0 days 15:50:09.336583,23664,67.38,67.36,100,941,20169,-7511
515,CDAY,2020-02-07,0 days 15:50:43.417825,23664,67.44,67.43,134,2331,20115,-7565
516,CDAY,2020-02-07,0 days 15:50:49.432285,43779,67.48,67.45,103,1110,-7565,20115
517,CDAY,2020-02-07,0 days 15:50:58.453577,23664,67.48,67.47,1107,1500,20115,-7565
518,CDAY,2020-02-07,0 days 15:51:31.532010,23664,67.47,67.45,500,1001,20115,-7565
519,CDAY,2020-02-07,0 days 15:51:37.546415,23664,67.4,67.39,22,300,20169,-7511
520,CDAY,2020-02-07,0 days 15:51:38.548622,43833,67.4,67.37,667,300,-7511,20169
521,CDAY,2020-02-07,0 days 15:51:51.579531,23664,67.22,67.21,300,100,21331,-6249
522,CDAY,2020-02-07,0 days 15:51:55.589117,23664,67.21,67.2,800,1170,21331,-6049
523,CDAY,2020-02-07,0 days 15:52:09.622612,43833,67.3,67.27,1000,548,-7511,21331
524,CDAY,2020-02-07,0 days 15:52:47.713544,23664,67.45,67.42,300,417,20115,-7565
525,CDAY,2020-02-07,0 days 15:52:50.720908,43833,67.35,67.3,1260,300,-7511,20115
526,CDAY,2020-02-07,0 days 15:54:10.912119,23664,67.03,66.97,404,500,21931,-4149
527,CDAY,2020-02-07,0 days 15:54:32.964982,23664,67.18,67.14,92,900,21331,-5549
528,CDAY,2020-02-07,0 days 15:54:41.987044,23664,67.16,66.99,12,900,21331,-5849
529,CDAY,2020-02-07,0 days 15:54:42.988971,44995,67.1,66.99,100,501,-5449,21331
530,CDAY,2020-02-07,0 days 15:54:48.001238,23664,67.09,67.0,602,600,21931,-5349
531,CDAY,2020-02-07,0 days 15:55:00.039944,47471,67.09,67.03,642,600,-14907,21931
532,CDAY,2020-02-07,0 days 15:55:20.081915,32512,67.28,67.25,60,1584,15049,-15417
533,CDAY,2020-02-07,0 days 15:55:21.084363,47561,67.19,67.18,500,1681,-15617,15049
534,CDAY,2020-02-07,0 days 15:57:08.341685,64494,67.01,66.98,1400,3,9194,-4210
535,CDE,2020-02-07,0 days 15:55:00.101806,76812,6.07,6.06,4501,27350,9106,-13457
536,CDE,2020-02-07,0 days 15:57:11.418419,87123,6.08,6.07,21762,27151,-59,918
537,CDE,2020-02-07,0 days 15:59:09.706517,96905,6.08,6.07,28232,15232,8671,-1828
538,CDE,2020-02-07,0 days 15:59:10.708817,95776,6.08,6.07,27932,12132,-1129,8671
539,CDE,2020-02-07,0 days 15:59:11.714376,96905,6.08,6.07,30232,11532,4960,-1129
540,CDE,2020-02-07,0 days 15:59:24.741350,96904,6.07,6.06,18773,32426,-4931,5035
541,CF,2020-02-07,0 days 15:56:58.318135,149036,42.16,42.15,738,3176,-12072,4923
542,CF,2020-02-07,0 days 15:56:59.320907,144733,42.12,42.11,740,100,4303,-12072
543,CF,2020-02-07,0 days 15:57:31.397542,154899,42.17,42.16,421,2187,-617,852
544,CF,2020-02-07,0 days 15:57:32.400317,150216,42.17,42.16,658,2164,4683,-617
545,CF,2020-02-07,0 days 15:57:50.443594,155123,42.17,42.16,1587,1836,-193,7
546,CF,2020-02-07,0 days 15:57:51.445501,150916,42.17,42.16,1587,2161,4207,-193
547,CF,2020-02-07,0 days 15:59:05.627596,161123,42.18,42.17,1470,1345,-5485,6901
548,CF,2020-02-07,0 days 15:59:06.629377,158208,42.18,42.17,1393,781,2915,-5485
549,CF,2020-02-07,0 days 15:59:11.641953,161123,42.18,42.16,301,1307,-823,3801
550,CF,2020-02-07,0 days 15:59:16.652266,158361,42.18,42.17,591,300,3103,-5397
551,CF,2020-02-07,0 days 15:59:23.668510,161614,42.19,42.18,300,357,-11155,441
552,CF,2020-02-07,0 days 15:59:24.671431,159569,42.18,42.16,2470,473,2045,-11155
553,CFG,2020-02-07,0 days 15:58:40.565343,173130,38.43,38.42,4952,9344,1405,-3336
554,CFG,2020-02-07,0 days 15:58:41.567634,172235,38.43,38.42,4952,9564,-895,1405
555,CFG,2020-02-07,0 days 15:59:28.681297,183309,38.44,38.43,8752,3283,210,-469
556,CFG,2020-02-07,0 days 15:59:36.700414,185219,38.44,38.43,13789,166,-3420,210
557,CFG,2020-02-07,0 days 15:59:45.724588,188639,38.43,38.42,11338,4215,80,-20
558,CGC,2020-02-07,0 days 15:59:11.814503,90309,19.63,19.62,6349,700,529,-333
559,CGC,2020-02-07,0 days 15:59:18.828891,87896,19.63,19.62,1014,4714,-3813,2987
560,CGC,2020-02-07,0 days 15:59:32.862461,98635,19.64,19.63,3960,10142,161,-3813
561,CGC,2020-02-07,0 days 15:59:42.886852,96574,19.63,19.62,5000,9707,-2086,8314
562,CHGG,2020-02-07,0 days 15:56:31.290774,107301,42.8,42.79,2670,2419,1413,-447
563,CHGG,2020-02-07,0 days 15:56:32.292593,103914,42.8,42.79,1870,3290,-3387,1413
564,CI,2020-02-07,0 days 15:55:00.024418,82411,208.94,208.9,28,328,-312,9511
565,CI,2020-02-07,0 days 15:55:34.100438,83101,209.0,208.92,300,226,269,-121
566,CI,2020-02-07,0 days 15:56:14.197249,84264,209.05,209.03,100,566,-98,340
567,CI,2020-02-07,0 days 15:56:15.198360,84362,209.08,209.0,420,8,299,-98
568,CI,2020-02-07,0 days 15:57:03.314661,86114,209.16,209.1,184,106,-136,665
569,CI,2020-02-07,0 days 15:57:05.318545,86250,209.13,208.96,84,200,357,-136
570,CI,2020-02-07,0 days 15:57:33.386695,87207,209.16,209.04,300,200,-69,131
571,CI,2020-02-07,0 days 15:57:36.393755,87376,209.16,209.04,200,300,631,-69
572,CI,2020-02-07,0 days 15:57:37.396780,87207,209.14,209.07,6,358,-969,631
573,CI,2020-02-07,0 days 15:57:39.401239,88176,209.16,209.03,31,110,331,-169
574,CI,2020-02-07,0 days 15:57:40.403617,88007,209.09,209.03,30,202,-169,331
575,CI,2020-02-07,0 days 15:57:50.428799,87976,209.05,208.95,100,100,931,-369
576,CI,2020-02-07,0 days 15:57:52.432962,87007,209.09,208.93,200,66,-69,731
577,CI,2020-02-07,0 days 15:57:55.440211,87076,209.09,208.94,200,115,31,-69
578,CI,2020-02-07,0 days 15:57:56.442466,87007,209.06,208.94,100,16,-69,31
579,CI,2020-02-07,0 days 15:58:02.458119,87176,209.07,208.9,2,117,434,-66
580,CI,2020-02-07,0 days 15:58:25.513171,87976,209.0,208.89,500,100,845,-255
581,CI,2020-02-07,0 days 15:58:26.516063,87821,209.0,208.9,529,100,-155,845
582,CI,2020-02-07,0 days 15:58:30.525239,88021,209.0,208.89,542,100,2500,-200
583,CI,2020-02-07,0 days 15:59:04.608932,93450,209.01,208.9,2424,313,-169,2291
584,CI,2020-02-07,0 days 15:59:05.611335,93119,208.97,208.9,60,349,331,-169
585,CI,2020-02-07,0 days 15:59:06.613291,92897,209.0,208.9,2000,362,-1704,331
586,CI,2020-02-07,0 days 15:59:19.643568,94589,208.96,208.85,2712,410,77,-2
587,CI,2020-02-07,0 days 15:59:22.650845,94327,208.96,208.86,2412,402,-262,338
588,CI,2020-02-07,0 days 15:59:43.701906,95189,208.95,208.91,1070,2,458,-42
589,CI,2020-02-07,0 days 15:59:44.704445,94947,209.02,208.96,2201,1085,-28105,458
590,CI,2020-02-07,0 days 15:59:46.709118,95189,208.98,208.9,2400,239,26458,-1605
591,CI,2020-02-07,0 days 15:59:47.711507,94994,208.98,208.9,2400,239,-195,26458
592,CIG,2020-02-07,0 days 15:58:08.526930,55543,3.49,3.48,106442,463879,15748,-19352
593,CIG,2020-02-07,0 days 15:59:36.734298,95450,3.49,3.48,55603,485496,-7145,12592
594,CLDR,2020-02-07,0 days 15:57:21.442271,71044,10.65,10.64,7420,8446,2716,-784
595,CLDR,2020-02-07,0 days 15:57:22.444318,70560,10.65,10.64,8220,8546,-484,2716
596,CLDR,2020-02-07,0 days 15:57:33.471295,71044,10.65,10.64,8394,8867,149,-451
597,CLDR,2020-02-07,0 days 15:57:34.473946,70893,10.65,10.64,8394,8867,-151,149
598,CLDR,2020-02-07,0 days 15:57:35.476351,71044,10.65,10.64,7794,8867,3449,-151
599,CLDR,2020-02-07,0 days 15:57:36.478765,70893,10.65,10.64,7694,8967,-1553,3449
600,CLDR,2020-02-07,0 days 15:57:55.524996,73846,10.65,10.64,3968,10206,647,-653
601,CLDR,2020-02-07,0 days 15:57:56.527432,73193,10.65,10.64,4068,10206,-653,647
602,CLDR,2020-02-07,0 days 15:58:03.545594,73846,10.65,10.64,6546,10206,647,-653
603,CLDR,2020-02-07,0 days 15:58:04.547908,73193,10.65,10.64,5946,11508,-653,647
604,CLDR,2020-02-07,0 days 15:58:24.596677,73846,10.65,10.64,9443,9557,530,-770
605,CLDR,2020-02-07,0 days 15:58:25.598878,73076,10.65,10.64,9443,9560,-4276,530
606,CLDR,2020-02-07,0 days 15:58:37.627936,77352,10.65,10.64,9116,9589,124,-1076
607,CLDR,2020-02-07,0 days 15:58:38.630726,77076,10.65,10.64,9116,9589,-276,124
608,CLDR,2020-02-07,0 days 15:59:29.754608,93755,10.65,10.64,7066,12963,4593,-11505
609,CLDR,2020-02-07,0 days 15:59:30.756695,92348,10.65,10.64,6060,13996,-1407,4593
610,CLDR,2020-02-07,0 days 15:59:37.773845,94055,10.65,10.64,9764,16016,994,-1556
611,CLDR,2020-02-07,0 days 15:59:38.775981,93149,10.65,10.64,11425,16016,-906,994
612,CLF,2020-02-07,0 days 15:59:06.749684,135281,7.55,7.54,117834,77892,12981,-5351
613,CLR,2020-02-07,0 days 15:55:00.117340,84558,26.88,26.87,7842,7015,-4075,18771
614,CLR,2020-02-07,0 days 15:57:23.462633,89539,26.88,26.87,8437,947,6021,-679
615,CLR,2020-02-07,0 days 15:59:12.729042,99767,26.9,26.89,3750,4509,-76,1380
616,CLR,2020-02-07,0 days 15:59:14.733447,105626,26.9,26.89,5888,1854,6141,-6759
617,CLR,2020-02-07,0 days 15:59:15.736118,105267,26.9,26.89,5872,3130,-359,6141
618,CLR,2020-02-07,0 days 15:59:18.743666,107267,26.9,26.89,5974,1862,200,-2000
619,CLR,2020-02-07,0 days 15:59:19.745882,106767,26.9,26.89,5974,1862,-500,200
620,CNC,2020-02-07,0 days 15:59:11.642000,542799,63.25,63.24,5985,2653,-12191,12708
621,CNC,2020-02-07,0 days 15:59:12.643964,536916,63.24,63.23,1300,300,5883,-12191
622,CNC,2020-02-07,0 days 15:59:15.650417,546197,63.21,63.2,210,700,-153996,11851
623,CNHI,2020-02-07,0 days 15:55:01.036281,85073,9.28,9.27,17014,15838,-12393,23349
624,CNHI,2020-02-07,0 days 15:55:02.036664,80466,9.28,9.27,17344,15738,4607,-12393
625,CNHI,2020-02-07,0 days 15:57:50.443474,82899,9.32,9.31,7698,21163,-262,1338
626,CNHI,2020-02-07,0 days 15:59:28.681008,61599,9.33,9.32,11976,5168,-1482,725
627,CNP,2020-02-07,0 days 15:59:16.685671,307377,26.75,26.74,19663,13853,-11130,43447
628,CNX,2020-02-07,0 days 15:55:00.150990,182052,7.4,7.39,6500,12872,-52734,21012
629,CNX,2020-02-07,0 days 15:58:06.602836,241971,7.42,7.41,23950,4647,12883,-5410
630,CNX,2020-02-07,0 days 15:58:07.605337,237754,7.42,7.41,28133,4366,-4217,12883
631,CNX,2020-02-07,0 days 15:58:17.629141,241971,7.42,7.41,31855,5121,83,-4217
632,CNX,2020-02-07,0 days 15:58:23.643864,233554,7.42,7.41,31486,4921,-8417,83
633,CNX,2020-02-07,0 days 15:58:32.665747,244686,7.42,7.41,30083,10437,517,-232
634,CNX,2020-02-07,0 days 15:58:33.668054,240303,7.42,7.41,32252,10964,-4383,517
635,CNX,2020-02-07,0 days 15:59:00.734185,244694,7.41,7.4,19674,20554,9,-191
636,CNX,2020-02-07,0 days 15:59:01.736574,244703,7.41,7.4,18159,21354,-21,9
637,CNX,2020-02-07,0 days 15:59:05.754517,244724,7.41,7.4,20702,21232,13312,-21
638,CNX,2020-02-07,0 days 15:59:06.749588,228136,7.41,7.4,11722,21732,-16588,13312
639,CNX,2020-02-07,0 days 15:59:17.773395,244397,7.4,7.39,34404,20337,3529,-1576
640,CNX,2020-02-07,0 days 15:59:35.817560,253997,7.4,7.39,26053,19617,4157,-643
641,CNX,2020-02-07,0 days 15:59:36.820073,253654,7.4,7.39,25749,21817,-343,4157
642,COG,2020-02-07,0 days 15:56:45.370540,367656,14.65,14.64,32868,12123,277,-4523
643,COG,2020-02-07,0 days 15:56:46.373049,365633,14.65,14.64,33368,9923,-1113,277
644,COG,2020-02-07,0 days 15:57:08.426618,370934,14.65,14.64,39428,5716,120054,-1927
645,COG,2020-02-07,0 days 15:57:09.429008,368788,14.65,14.64,38228,5916,-2146,120054
646,COG,2020-02-07,0 days 15:58:38.645657,389052,14.65,14.64,31932,19402,25969,-3131
647,COG,2020-02-07,0 days 15:58:39.648119,387521,14.65,14.64,32757,20903,-1531,25969
648,COG,2020-02-07,0 days 15:59:04.710038,530024,14.66,14.65,45473,10553,27130,-10507
649,COG,2020-02-07,0 days 15:59:42.801877,468634,14.66,14.65,24706,25576,-71394,134458
650,COP,2020-02-07,0 days 15:55:38.194807,351339,57.83,57.82,1202,3536,2263,-1407
651,COP,2020-02-07,0 days 15:56:02.252373,350013,57.83,57.82,1120,5271,-2982,315
652,COP,2020-02-07,0 days 15:56:15.283671,374485,57.86,57.85,2449,1210,5154,-320
653,COP,2020-02-07,0 days 15:58:31.614309,470446,57.91,57.9,3438,3871,10133,-28532
654,COP,2020-02-07,0 days 15:59:04.695263,480779,57.92,57.91,966,2870,6728,-30672
655,COP,2020-02-07,0 days 15:59:45.796047,567063,57.98,57.97,7164,3761,-3140,1820
656,COP,2020-02-07,0 days 15:59:48.801887,561998,57.99,57.98,1944,3614,4198,-6860
657,COTY,2020-02-07,0 days 15:59:15.633856,770255,12.01,12.0,24358,7261,-83942,236063
658,COTY,2020-02-07,0 days 15:59:16.635708,750087,12.01,12.0,23764,7156,20168,-83942
659,COTY,2020-02-07,0 days 15:59:24.655197,803809,12.01,12.0,2293,27112,-31405,9838
660,COTY,2020-02-07,0 days 15:59:25.657577,795714,12.02,12.01,21502,17723,3195,-31405
661,COTY,2020-02-07,0 days 15:59:32.675098,798109,12.03,12.02,13910,26494,-3415,2196
662,COTY,2020-02-07,0 days 15:59:33.677478,790824,12.03,12.02,13710,27394,16327,-3415
663,CPE,2020-02-07,0 days 15:57:22.444279,333665,3.02,3.01,138198,80992,1615,-8485
664,CPE,2020-02-07,0 days 15:57:23.446852,325180,3.02,3.01,138598,80392,-8485,1615
665,CPE,2020-02-07,0 days 15:57:25.451904,333665,3.02,3.01,134998,80092,6715,-8485
666,CPE,2020-02-07,0 days 15:57:26.454765,325180,3.02,3.01,134701,80592,-8485,6715
667,CPE,2020-02-07,0 days 15:58:15.574255,340165,3.02,3.01,151646,148241,2415,-14985
668,CPE,2020-02-07,0 days 15:58:16.576781,331080,3.02,3.01,152046,148441,-9085,2415
669,CPE,2020-02-07,0 days 15:58:50.659381,345762,3.02,3.01,160007,151458,22090,-14682
670,CPE,2020-02-07,0 days 15:58:51.661787,285152,3.02,3.01,160007,152012,-60610,22090
671,CPE,2020-02-07,0 days 15:58:55.671965,345762,3.02,3.01,145684,192341,52590,-60610
672,CPE,2020-02-07,0 days 15:58:56.674276,285152,3.02,3.01,131496,192041,-60610,52590
673,CPG,2020-02-07,0 days 15:57:26.454856,7060,3.2,3.19,176938,54795,328,-557
674,CPG,2020-02-07,0 days 15:58:50.659441,8376,3.2,3.19,163899,47461,-5616,526
675,CPRI,2020-02-07,0 days 15:55:35.235988,158431,30.53,30.52,1088,2581,5369,-5463
676,CPRI,2020-02-07,0 days 15:55:36.237808,154400,30.53,30.52,699,2508,-4031,5369
677,CPRI,2020-02-07,0 days 15:57:05.453163,161490,30.51,30.5,568,1963,7134,-2766
678,CPRI,2020-02-07,0 days 15:57:06.455338,158624,30.52,30.51,1502,825,-2866,7134
679,CPRI,2020-02-07,0 days 15:59:04.743783,181490,30.54,30.53,2074,3740,1818,-4915
680,CPRI,2020-02-07,0 days 15:59:05.753546,173508,30.54,30.53,2693,3937,-7782,1818
681,CPRI,2020-02-07,0 days 15:59:48.848772,178439,30.52,30.51,2803,1100,-650,10450
682,CRM,2020-02-07,0 days 15:55:00.070292,452192,185.81,185.78,234,200,-13017,45398
683,CRM,2020-02-07,0 days 15:55:01.073986,451409,185.8,185.78,535,248,783,-13017
684,CRM,2020-02-07,0 days 15:55:13.102878,452192,185.84,185.81,300,400,-558,683
685,CRM,2020-02-07,0 days 15:55:15.107278,450850,185.87,185.84,221,203,519,-181
686,CRM,2020-02-07,0 days 15:55:25.130834,451496,185.91,185.87,44,1518,-256,546
687,CRM,2020-02-07,0 days 15:55:26.133811,451052,185.91,185.87,49,1218,344,-256
688,CRM,2020-02-07,0 days 15:55:41.170252,453240,185.94,185.93,349,501,-261,287
689,CRM,2020-02-07,0 days 15:55:42.172157,452701,185.93,185.91,200,375,539,-261
690,CRM,2020-02-07,0 days 15:56:15.251497,455233,185.86,185.85,200,665,-720,732
691,CRM,2020-02-07,0 days 15:56:32.292477,456093,185.87,185.85,607,510,23,-237
692,CRM,2020-02-07,0 days 15:56:33.294365,456016,185.87,185.85,606,510,-77,23
693,CRM,2020-02-07,0 days 15:56:43.318775,456093,185.84,185.83,264,1,23,-77
694,CRM,2020-02-07,0 days 15:56:44.320522,455925,185.84,185.82,464,504,-168,23
695,CRM,2020-02-07,0 days 15:56:48.330441,456093,185.83,185.82,200,55,346,-168
696,CRM,2020-02-07,0 days 15:56:50.336194,455925,185.85,185.84,1400,363,-468,46
697,CRM,2020-02-07,0 days 15:57:15.396726,464641,185.85,185.83,10,438,-44551,440
698,CRM,2020-02-07,0 days 15:57:37.450219,512392,185.81,185.78,300,63,788,-14412
699,CRM,2020-02-07,0 days 15:57:38.452861,507980,185.81,185.78,200,206,-4412,788
700,CRM,2020-02-07,0 days 15:58:15.542645,507192,185.76,185.73,300,601,9811,-2889
701,CRM,2020-02-07,0 days 15:58:16.546035,505503,185.77,185.74,100,300,-1689,9811
702,CRM,2020-02-07,0 days 15:58:21.558003,507192,185.76,185.73,1364,637,1511,-1689
703,CRM,2020-02-07,0 days 15:58:22.560448,505503,185.75,185.73,100,737,-1689,1511
704,CRM,2020-02-07,0 days 15:58:49.625598,507824,185.72,185.69,2100,87,234,-266
705,CRM,2020-02-07,0 days 15:58:50.628383,500458,185.72,185.69,2300,334,-7366,234
706,CRM,2020-02-07,0 days 15:59:04.663071,510957,185.73,185.71,1948,902,1555,-3570
707,CRM,2020-02-07,0 days 15:59:05.665265,510612,185.73,185.71,1948,909,-345,1555
708,CRM,2020-02-07,0 days 15:59:34.729668,524874,185.7,185.69,2706,1656,1828,-1734
709,CRM,2020-02-07,0 days 15:59:35.732653,519602,185.7,185.69,2684,1516,-5272,1828
710,CRM,2020-02-07,0 days 15:59:39.742251,524874,185.69,185.67,1205,52,237,-901
711,CRM,2020-02-07,0 days 15:59:41.746999,524738,185.69,185.67,1534,1002,-139,5564
712,CRM,2020-02-07,0 days 15:59:42.749728,524877,185.69,185.67,1924,439,313,-139
713,CRM,2020-02-07,0 days 15:59:44.754309,524973,185.73,185.68,647,1300,-504,313
714,CRM,2020-02-07,0 days 15:59:55.780743,531094,185.75,185.68,5407,1100,-431,6117
715,CS,2020-02-07,0 days 15:55:00.024400,28702,13.06,13.05,90891,3852,-4796,1670
716,CS,2020-02-07,0 days 15:56:32.239046,33598,13.06,13.05,89893,40885,799,-1201
717,CS,2020-02-07,0 days 15:58:50.573543,39572,13.06,13.05,57253,121437,-4255,8708
718,CS,2020-02-07,0 days 15:59:36.685247,49949,13.06,13.05,53024,98229,7732,-9168
719,CS,2020-02-07,0 days 15:59:37.687621,49481,13.06,13.05,47244,99529,-468,7732
720,CSPR,2020-02-07,0 days 15:55:00.040040,9851,11.57,11.5,6660,500,-188917,1297
721,CTL,2020-02-07,0 days 15:55:00.040059,1029791,14.52,14.51,14188,21510,-30531,119712
722,CTL,2020-02-07,0 days 15:55:39.128250,1059153,14.52,14.51,15530,25772,203,-97
723,CTL,2020-02-07,0 days 15:55:40.130270,1057856,14.52,14.51,15530,25572,-1297,203
724,CTL,2020-02-07,0 days 15:55:43.137500,999236,14.52,14.51,14630,28172,46120,-1480
725,CTL,2020-02-07,0 days 15:56:05.189820,1045929,14.52,14.51,11796,32454,-17074,326
726,CTL,2020-02-07,0 days 15:56:06.192291,1042003,14.52,14.51,13796,29279,3926,-17074
727,CTL,2020-02-07,0 days 15:56:45.286746,1046458,14.53,14.52,10902,53843,-14223,577
728,CTL,2020-02-07,0 days 15:57:01.326271,1062985,14.54,14.53,39601,27469,524,-2169
729,CTL,2020-02-07,0 days 15:57:08.341712,1063648,14.54,14.53,44201,27876,-6539,361
730,CTL,2020-02-07,0 days 15:57:38.415023,1080987,14.54,14.53,44953,27327,3061,-6839
731,CTL,2020-02-07,0 days 15:57:40.418939,1079348,14.54,14.53,43163,25467,-1639,7961
732,CTL,2020-02-07,0 days 15:57:52.466313,1083155,14.54,14.53,35406,35527,13038,-2229
733,CTL,2020-02-07,0 days 15:57:53.450320,1081293,14.54,14.53,22455,31027,-7010,13038
734,CTL,2020-02-07,0 days 15:58:06.483163,1088303,14.54,14.53,22626,42763,1861,-2293
735,CTL,2020-02-07,0 days 15:58:07.485683,1071664,14.54,14.53,23539,48563,-16639,1861
736,CTL,2020-02-07,0 days 15:58:34.551474,1068081,14.53,14.52,45903,29593,-11221,7679
737,CTL,2020-02-07,0 days 15:58:40.565343,1079302,14.53,14.52,45711,28409,2548,-11221
738,CTVA,2020-02-07,0 days 15:55:25.212331,280280,30.99,30.98,950,905,-642,2002
739,CTVA,2020-02-07,0 days 15:55:26.215421,278322,30.99,30.98,1750,805,1958,-642
740,CTVA,2020-02-07,0 days 15:56:13.327815,331058,31.01,31.0,760,3166,-4272,8528
741,CTVA,2020-02-07,0 days 15:56:14.330786,325630,31.01,31.0,1960,1176,5428,-4272
742,CTVA,2020-02-07,0 days 15:57:32.519094,332902,31.02,31.01,1480,3624,-4076,4238
743,CTVA,2020-02-07,0 days 15:57:33.521688,329978,31.02,31.01,1482,3424,3437,-4076
744,CTVA,2020-02-07,0 days 15:58:36.675173,333433,31.03,31.02,444,4613,-4568,2832
745,CTVA,2020-02-07,0 days 15:58:37.677682,328401,31.03,31.02,200,6418,5032,-4568
746,CVE,2020-02-07,0 days 15:59:36.685247,53362,8.94,8.93,88156,94148,13139,-16061
747,CVE,2020-02-07,0 days 15:59:37.687621,52401,8.94,8.93,81356,94257,-661,13139
748,CVS,2020-02-07,0 days 15:59:29.683805,674402,71.56,71.55,400,1098,-12146,2445
749,CVS,2020-02-07,0 days 15:59:30.686246,670196,71.57,71.55,1093,456,4206,-12146
750,CVX,2020-02-07,0 days 15:59:32.675205,604121,109.02,109.0,500,1123,10096,-8105
751,CVX,2020-02-07,0 days 15:59:33.677666,598547,109.03,109.02,107,1312,-5574,10096
752,CVX,2020-02-07,0 days 15:59:38.689889,581742,109.03,109.02,200,639,-21640,13861
753,CX,2020-02-07,0 days 15:59:00.118204,38488,4.18,4.17,139595,183929,8016,-1790
754,CX,2020-02-07,0 days 15:59:34.183503,47765,4.18,4.17,125788,220726,-168,4172
755,CX,2020-02-07,0 days 15:59:46.213135,48933,4.18,4.17,14326,262515,8518,-68
756,CYH,2020-02-07,0 days 15:59:13.630155,46685,4.62,4.61,19917,10071,2635,-863
757,CYH,2020-02-07,0 days 15:59:14.632463,46120,4.62,4.61,19717,13171,-565,2635
758,CYH,2020-02-07,0 days 15:59:36.685247,49572,4.62,4.61,14742,25618,848,-1352
759,CYH,2020-02-07,0 days 15:59:37.687607,49020,4.62,4.61,15003,26718,-252,848
760,D,2020-02-07,0 days 15:55:04.161324,323934,84.8,84.79,416,604,-18328,27826
761,D,2020-02-07,0 days 15:55:05.163500,321062,84.79,84.77,819,700,2872,-18328
762,D,2020-02-07,0 days 15:56:34.378733,332152,84.8,84.79,5,900,-8453,1347
763,D,2020-02-07,0 days 15:56:35.381188,330105,84.79,84.78,905,801,2047,-8453
764,D,2020-02-07,0 days 15:57:38.533986,346021,84.82,84.81,1500,1700,-181,2419
765,D,2020-02-07,0 days 15:57:39.536134,343502,84.82,84.81,1500,1400,819,-181
766,D,2020-02-07,0 days 15:57:49.560441,343702,84.83,84.82,816,3158,2573,-1327
767,D,2020-02-07,0 days 15:58:05.600280,346275,84.84,84.83,1898,848,-1244,2274
768,D,2020-02-07,0 days 15:58:06.602756,344319,84.84,84.83,1898,948,756,-1244
769,D,2020-02-07,0 days 15:58:08.607740,341475,84.86,84.85,809,200,-2844,756
770,D,2020-02-07,0 days 15:58:57.725889,345313,84.84,84.83,1569,2027,-4370,2330
771,D,2020-02-07,0 days 15:58:58.728198,342983,84.84,84.83,1652,1427,2330,-4370
772,D,2020-02-07,0 days 15:59:39.827742,355713,84.83,84.82,200,1308,-394,2206
773,DAL,2020-02-07,0 days 15:56:25.238139,331413,57.88,57.87,2675,2269,-9538,3162
774,DAL,2020-02-07,0 days 15:56:26.240843,345150,57.87,57.86,3569,588,5063,-9538
775,DAL,2020-02-07,0 days 15:56:59.320930,351169,57.84,57.83,4371,600,-608,2881
776,DAL,2020-02-07,0 days 15:57:00.323056,346677,57.84,57.83,4571,600,4492,-608
777,DAL,2020-02-07,0 days 15:57:11.348636,349219,57.86,57.85,2000,900,4442,-8086
778,DB,2020-02-07,0 days 15:58:50.589892,134249,10.41,10.4,184231,122503,11400,-10443
779,DB,2020-02-07,0 days 15:59:00.615018,138149,10.41,10.4,201279,111402,-3726,3900
780,DB,2020-02-07,0 days 15:59:19.659969,141875,10.41,10.4,155265,102557,5386,-1126
781,DB,2020-02-07,0 days 15:59:33.693536,147261,10.41,10.4,148215,116673,-738,2893
782,DELL,2020-02-07,0 days 15:55:00.522224,600752,51.58,51.57,3456,1823,30120,-92071
783,DELL,2020-02-07,0 days 15:56:01.668777,621238,51.61,51.6,1630,2039,4657,-28943
784,DELL,2020-02-07,0 days 15:56:02.671315,609895,51.61,51.6,1730,2039,-11343,4657
785,DELL,2020-02-07,0 days 15:59:04.110821,660784,51.64,51.63,400,100,-6764,31011
786,DELL,2020-02-07,0 days 15:59:17.143050,667741,51.67,51.66,9210,2201,3074,-6957
787,DELL,2020-02-07,0 days 15:59:18.145233,662015,51.67,51.66,9212,2301,-5726,3074
788,DELL,2020-02-07,0 days 15:59:28.169655,656973,51.61,51.6,100,1859,5322,-2446
789,DELL,2020-02-07,0 days 15:59:29.172487,652095,51.64,51.62,203,84,-12939,5322
790,DFS,2020-02-07,0 days 15:55:01.022625,122978,75.24,75.22,528,100,2994,-2231
791,DFS,2020-02-07,0 days 15:55:02.022869,122784,75.25,75.23,752,804,-194,2994
792,DFS,2020-02-07,0 days 15:56:08.181868,171213,75.34,75.33,354,892,52,-9848
793,DFS,2020-02-07,0 days 15:56:26.224611,168035,75.33,75.32,908,607,-3196,222
794,DFS,2020-02-07,0 days 15:59:06.613233,191820,75.37,75.35,282,890,13250,-2765
795,DFS,2020-02-07,0 days 15:59:07.616093,184870,75.38,75.37,2000,83,-9250,13250
796,DFS,2020-02-07,0 days 15:59:08.618101,194120,75.38,75.36,2291,228,7150,-9250
797,DFS,2020-02-07,0 days 15:59:09.620323,193270,75.38,75.36,1900,702,-850,7150
798,DFS,2020-02-07,0 days 15:59:10.623071,191889,75.38,75.37,2000,228,801,-850
799,DFS,2020-02-07,0 days 15:59:11.625080,191190,75.38,75.37,2000,435,-699,801
800,DFS,2020-02-07,0 days 15:59:28.665792,190494,75.36,75.33,3540,1003,-741,573
801,DFS,2020-02-07,0 days 15:59:30.670398,189578,75.33,75.32,425,429,1006,-741
802,DHI,2020-02-07,0 days 15:57:02.412129,160812,60.75,60.74,1551,6063,-2390,710
803,DHI,2020-02-07,0 days 15:57:03.414682,160102,60.75,60.74,1484,5963,710,-2390
804,DHI,2020-02-07,0 days 15:57:33.487203,161100,60.75,60.74,1894,2899,-629,771
805,DHI,2020-02-07,0 days 15:57:34.489831,160629,60.75,60.74,1664,3699,471,-629
806,DHI,2020-02-07,0 days 15:57:38.499284,161100,60.76,60.75,3117,1172,-29,471
807,DHI,2020-02-07,0 days 15:57:39.501707,160629,60.76,60.75,2211,1872,471,-29
808,DHI,2020-02-07,0 days 15:57:42.509435,161100,60.76,60.75,1946,3246,-829,471
809,DHI,2020-02-07,0 days 15:57:43.510793,159229,60.76,60.75,1746,3246,1871,-829
810,DHI,2020-02-07,0 days 15:57:45.516517,161100,60.76,60.75,2064,3095,-829,471
811,DHI,2020-02-07,0 days 15:57:47.521560,160729,60.76,60.75,4093,1439,371,-29
812,DHI,2020-02-07,0 days 15:58:05.565812,161100,60.76,60.75,2104,4250,-18824,409
813,DHI,2020-02-07,0 days 15:59:04.709788,180233,60.75,60.74,984,3188,1014,-4246
814,DHI,2020-02-07,0 days 15:59:05.712239,179047,60.75,60.74,896,3714,-2259,1014
815,DHI,2020-02-07,0 days 15:59:07.716430,188759,60.75,60.74,2200,1890,4288,-7312
816,DHI,2020-02-07,0 days 15:59:08.718530,186947,60.75,60.74,2870,440,-1112,4288
817,DHI,2020-02-07,0 days 15:59:39.794656,198817,60.72,60.71,4985,1192,781,-21319
818,DHT,2020-02-07,0 days 15:55:01.036591,119455,5.36,5.35,8046,13804,-11583,19721
819,DHT,2020-02-07,0 days 15:55:02.036887,116138,5.36,5.35,8076,14904,3317,-11583
820,DHT,2020-02-07,0 days 15:58:42.570061,126470,5.35,5.34,10302,36475,3639,-4861
821,DHT,2020-02-07,0 days 15:59:21.664888,130656,5.36,5.35,48089,37088,-10815,5385
822,DHT,2020-02-07,0 days 15:59:22.666053,130371,5.36,5.35,50189,36445,285,-10815
823,DHT,2020-02-07,0 days 15:59:23.668510,130656,5.36,5.35,46589,37710,-151,285
824,DHT,2020-02-07,0 days 15:59:30.686344,131156,5.36,5.35,42577,36492,-4551,1749
825,DIS,2020-02-07,0 days 15:55:35.119102,774963,140.95,140.94,343,551,-200,2264
826,DIS,2020-02-07,0 days 15:55:52.159459,770043,140.99,140.97,200,1000,4092,-829
827,DIS,2020-02-07,0 days 15:57:27.388142,784477,141.07,141.06,458,650,-15163,5700
828,DIS,2020-02-07,0 days 15:57:28.390114,779161,141.07,141.06,573,1500,5535,-15163
829,DIS,2020-02-07,0 days 15:57:31.397616,784896,141.06,141.04,1285,267,-1865,5235
830,DIS,2020-02-07,0 days 15:57:32.400346,781361,141.06,141.05,1243,100,3435,-1865
831,DIS,2020-02-07,0 days 15:57:40.418913,783259,141.1,141.09,1358,327,-480,11220
832,DIS,2020-02-07,0 days 15:57:41.421356,782739,141.1,141.08,1708,137,520,-480
833,DIS,2020-02-07,0 days 15:57:44.428583,783359,141.1,141.09,2090,399,-3580,2020
834,DIS,2020-02-07,0 days 15:57:45.431059,782839,141.09,141.08,86,300,420,-3580
835,DIS,2020-02-07,0 days 15:57:50.443641,782789,141.12,141.1,1480,372,-1750,2520
836,DIS,2020-02-07,0 days 15:57:52.466313,780639,141.12,141.11,970,100,2150,-6150
837,DIS,2020-02-07,0 days 15:58:05.480801,782789,141.12,141.11,629,644,-209,950
838,DIS,2020-02-07,0 days 15:58:06.483163,781598,141.12,141.11,1169,700,591,-209
839,DIS,2020-02-07,0 days 15:58:21.519657,782789,141.11,141.1,400,559,-2960,1340
840,DIS,2020-02-07,0 days 15:58:22.522628,781349,141.1,141.09,295,716,1910,-2960
841,DIS,2020-02-07,0 days 15:58:50.589873,799389,141.13,141.11,3700,400,-4823,711
842,DIS,2020-02-07,0 days 15:58:51.591806,797112,141.13,141.11,3609,600,2277,-4823
843,DIS,2020-02-07,0 days 15:59:00.615018,799650,141.13,141.11,2985,1573,-450,2277
844,DIS,2020-02-07,0 days 15:59:02.618998,798146,141.13,141.11,3624,2256,1854,-1796
845,DIS,2020-02-07,0 days 15:59:03.622093,807200,141.13,141.11,1400,1022,-17757,1854
846,DO,2020-02-07,0 days 15:59:01.687037,86128,4.4,4.39,17620,5806,403,-2597
847,DOC,2020-02-07,0 days 15:55:00.205770,48574,19.91,19.9,6048,4340,-9899,3367
848,DOC,2020-02-07,0 days 15:57:20.543576,74340,19.88,19.87,7904,19145,6175,-8525
849,DOC,2020-02-07,0 days 15:57:21.546073,73615,19.88,19.87,7633,19145,-725,6175
850,DOC,2020-02-07,0 days 15:57:25.555868,74340,19.89,19.88,8627,13235,1403,-825
851,DOC,2020-02-07,0 days 15:57:26.558589,74143,19.89,19.88,9727,12735,-197,1403
852,DOC,2020-02-07,0 days 15:57:43.599573,75595,19.89,19.88,10338,17178,748,-652
853,DOC,2020-02-07,0 days 15:57:44.602045,75043,19.89,19.88,10838,16178,-552,748
854,DOC,2020-02-07,0 days 15:59:13.819384,94656,19.89,19.88,22626,8847,1705,-1368
855,DOC,2020-02-07,0 days 15:59:42.886936,105452,19.88,19.87,19274,8767,1262,-1002
856,DOW,2020-02-07,0 days 15:59:03.741722,320121,48.04,48.02,6810,2010,-7430,3173
857,DOW,2020-02-07,0 days 15:59:04.744636,316666,48.04,48.02,8310,1956,19426,-7430
858,DOW,2020-02-07,0 days 15:59:18.776270,336668,48.04,48.02,7840,1312,-308,7457
859,DOW,2020-02-07,0 days 15:59:23.788013,320664,48.04,48.03,8731,100,15796,-4396
860,DOW,2020-02-07,0 days 15:59:30.805379,347420,48.04,48.03,11974,200,-2361,16939
861,DOW,2020-02-07,0 days 15:59:34.815684,337881,48.04,48.03,11974,1500,9331,-2569
862,DUK,2020-02-07,0 days 15:55:00.102600,338708,96.31,96.3,400,1400,-5956,31005
863,DUK,2020-02-07,0 days 15:57:33.472846,397017,96.26,96.24,2800,4100,4637,-1928
864,DUK,2020-02-07,0 days 15:57:34.475818,393155,96.25,96.24,1000,2500,-4162,4637
865,DUK,2020-02-07,0 days 15:57:43.497287,397317,96.25,96.24,2907,1500,2438,-1462
866,DUK,2020-02-07,0 days 15:57:44.499324,394855,96.25,96.24,3007,1404,-2462,2438
867,DUK,2020-02-07,0 days 15:57:45.502324,397317,96.24,96.23,2300,3203,2938,-2462
868,DUK,2020-02-07,0 days 15:57:46.504442,394990,96.25,96.24,1900,1200,-2327,2938
869,DUK,2020-02-07,0 days 15:58:02.544392,397317,96.26,96.25,1100,4289,1038,-2262
870,DUK,2020-02-07,0 days 15:58:03.546638,395355,96.26,96.25,2700,3989,-1962,1038
871,DUK,2020-02-07,0 days 15:58:11.565702,397399,96.26,96.25,1500,1700,1056,-2044
872,DUK,2020-02-07,0 days 15:58:12.567939,395455,96.25,96.24,1500,407,-1944,1056
873,DUK,2020-02-07,0 days 15:58:14.572742,397399,96.25,96.23,2200,1606,1356,-1944
874,DUK,2020-02-07,0 days 15:58:21.589856,395390,96.24,96.23,2337,500,-2009,691
875,DVN,2020-02-07,0 days 15:59:05.754745,327040,22.97,22.96,4976,22672,-16996,601
876,DVN,2020-02-07,0 days 15:59:06.749658,302436,22.97,22.96,5112,20547,43796,-16996
877,DVN,2020-02-07,0 days 15:59:07.752050,346741,22.98,22.97,5438,15426,-9995,43796
878,DVN,2020-02-07,0 days 15:59:08.754919,340736,22.98,22.97,6438,16387,6005,-9995
879,DVN,2020-02-07,0 days 15:59:12.763739,346741,22.98,22.97,15199,5381,-1295,6005
880,DVN,2020-02-07,0 days 15:59:18.776459,346023,22.98,22.97,16013,3269,718,-2101
881,DXC,2020-02-07,0 days 15:56:28.313924,381377,32.65,32.64,901,3,-3228,14447
882,DXC,2020-02-07,0 days 15:56:29.316547,379905,32.63,32.61,580,500,1472,-3228
883,DXC,2020-02-07,0 days 15:56:51.370367,381577,32.64,32.62,152,1207,-928,955
884,DXC,2020-02-07,0 days 15:56:52.371707,381205,32.64,32.63,400,200,172,-928
885,DXC,2020-02-07,0 days 15:57:18.434505,381882,32.65,32.64,711,800,1201,-899
886,DXC,2020-02-07,0 days 15:57:27.457244,383211,32.66,32.65,704,1414,-46,1119
887,DXC,2020-02-07,0 days 15:57:30.464970,382267,32.66,32.65,825,1965,944,-1356
888,DXC,2020-02-07,0 days 15:57:37.481516,383211,32.68,32.67,700,900,-98,602
889,DXC,2020-02-07,0 days 15:57:55.525023,384290,32.63,32.61,463,660,-19,181
890,DXC,2020-02-07,0 days 15:59:41.783300,544390,32.69,32.67,1966,359,-852,15082
891,DXC,2020-02-07,0 days 15:59:43.790986,531383,32.69,32.67,2145,406,13007,-2770
892,DXC,2020-02-07,0 days 15:59:44.790680,544390,32.69,32.68,1280,500,-2770,13007
893,ELAN,2020-02-07,0 days 15:55:31.596669,337325,31.42,31.41,3665,2186,-1311,189
894,ELAN,2020-02-07,0 days 15:56:14.700124,340955,31.43,31.41,3220,3546,3139,-421
895,ELAN,2020-02-07,0 days 15:56:15.702495,340894,31.42,31.41,300,3814,-61,3139
896,ELAN,2020-02-07,0 days 15:57:27.876751,341642,31.41,31.4,5713,1303,2631,-1162
897,ELAN,2020-02-07,0 days 15:59:03.108065,349470,31.42,31.41,2492,600,-11188,702
898,ELAN,2020-02-07,0 days 15:59:37.192093,355884,31.39,31.38,8345,212,5410,-266
899,ELF,2020-02-07,0 days 15:57:07.377306,43581,18.97,18.96,1078,2237,-1476,224
900,ELF,2020-02-07,0 days 15:57:08.379743,43557,18.97,18.96,1578,2137,24,-1476
901,ELF,2020-02-07,0 days 15:57:10.384992,43581,18.97,18.96,1562,2172,-109,191
902,ELF,2020-02-07,0 days 15:58:04.517042,43581,18.97,18.96,1398,2213,-2401,91
903,ELF,2020-02-07,0 days 15:58:07.524220,48782,18.97,18.96,1635,2193,300,-2401
904,ELF,2020-02-07,0 days 15:58:23.563652,49082,18.97,18.96,2212,3042,-331,300
905,ELF,2020-02-07,0 days 15:58:24.565834,48813,18.97,18.96,2212,3042,269,-331
906,ELF,2020-02-07,0 days 15:58:52.632624,49082,18.97,18.96,3231,1717,-631,269
907,ELF,2020-02-07,0 days 15:58:53.635086,48913,18.97,18.96,3031,1717,169,-631
908,EMR,2020-02-07,0 days 15:55:02.106229,272012,73.68,73.67,1634,592,4447,-3872
909,EMR,2020-02-07,0 days 15:56:45.354453,280770,73.76,73.75,2364,1432,-5808,292
910,EMR,2020-02-07,0 days 15:56:46.356902,278578,73.74,73.73,1700,500,2192,-5808
911,EMR,2020-02-07,0 days 15:57:24.449879,283176,73.77,73.76,1201,1728,-3115,250
912,EMR,2020-02-07,0 days 15:57:25.451889,282791,73.77,73.76,1312,1728,385,-3115
913,EMR,2020-02-07,0 days 15:57:28.459163,283176,73.76,73.75,2633,1414,-2587,385
914,EMR,2020-02-07,0 days 15:57:33.471245,282119,73.77,73.76,1875,983,6441,-524
915,EMR,2020-02-07,0 days 15:57:44.497984,288560,73.77,73.76,1579,1524,-559,1141
916,EMR,2020-02-07,0 days 15:57:55.524913,288560,73.77,73.76,1087,2235,-1159,1041
917,EMR,2020-02-07,0 days 15:57:57.530114,286954,73.77,73.76,1311,2491,1606,-159
918,EMR,2020-02-07,0 days 15:58:11.564811,288560,73.8,73.79,1742,1446,-3595,1705
919,EMR,2020-02-07,0 days 15:58:12.567098,287355,73.8,73.79,1442,2045,1005,-3595
920,EMR,2020-02-07,0 days 15:58:17.580084,288560,73.8,73.79,1042,3436,-1095,1005
921,EMR,2020-02-07,0 days 15:58:18.581184,287355,73.8,73.79,942,3236,1005,-1095
922,EMR,2020-02-07,0 days 15:59:21.733993,301497,73.8,73.79,1744,499,389,-1176
923,EMR,2020-02-07,0 days 15:59:26.746204,301886,73.8,73.79,3842,1696,-1271,389
924,EMR,2020-02-07,0 days 15:59:27.748997,300457,73.79,73.78,2708,1175,1429,-1271
925,EMR,2020-02-07,0 days 15:59:44.790599,309821,73.78,73.77,1372,635,95,-1660
926,EMR,2020-02-07,0 days 15:59:51.808830,309916,73.78,73.77,2848,654,-424,3586
927,EMR,2020-02-07,0 days 15:59:58.824082,308940,73.77,73.76,800,5200,976,-1924
928,ENB,2020-02-07,0 days 15:57:41.492590,3347606,42.17,42.16,7715,26866,-20307,1193
929,ENB,2020-02-07,0 days 15:57:56.528865,3347606,42.17,42.16,2720,32740,-19407,886
930,ENB,2020-02-07,0 days 15:57:57.531175,3338720,42.17,42.16,3020,29503,21086,-19407
931,ENB,2020-02-07,0 days 15:58:24.597114,3347606,42.17,42.16,5464,21807,-207,7586
932,ENB,2020-02-07,0 days 15:58:25.599595,3342220,42.17,42.16,6424,21858,5386,-207
933,ENB,2020-02-07,0 days 15:59:11.713988,3353896,42.19,42.18,2912,28852,837,-1063
934,ENB,2020-02-07,0 days 15:59:39.780612,3356033,42.18,42.17,15892,27802,-1731,769
935,ENB,2020-02-07,0 days 15:59:40.783397,3355464,42.18,42.17,12346,32558,569,-1731
936,ENB,2020-02-07,0 days 15:59:42.787221,3356033,42.18,42.17,10429,35773,-4987,569
937,ENB,2020-02-07,0 days 15:59:43.791276,3355720,42.18,42.17,9234,35873,313,-4987
938,ENB,2020-02-07,0 days 15:59:45.796047,3356033,42.18,42.17,609,34589,-5007,313
939,ENLC,2020-02-07,0 days 15:55:01.036418,409671,4.89,4.88,27457,16802,128638,-85011
940,ENLC,2020-02-07,0 days 15:55:02.036807,402267,4.9,4.89,17158,33679,-7404,128638
941,ENLC,2020-02-07,0 days 15:56:02.183026,411671,4.92,4.91,3800,57010,49096,-10454
942,ENLC,2020-02-07,0 days 15:56:03.185457,404267,4.93,4.92,20200,32800,-5504,49096
943,ENLC,2020-02-07,0 days 15:56:07.194882,415471,4.93,4.92,18600,41868,14596,-11204
944,ENLC,2020-02-07,0 days 15:56:08.197491,407667,4.93,4.92,14300,51168,-7804,14596
945,ENLC,2020-02-07,0 days 15:56:53.306178,419671,4.94,4.93,17450,34304,17191,-1831
946,ENLC,2020-02-07,0 days 15:57:10.346755,479662,4.95,4.94,20908,59000,-1514,6112
947,ENLC,2020-02-07,0 days 15:58:57.606021,493393,4.96,4.95,28599,44535,-3743,6457
948,EOG,2020-02-07,0 days 15:55:00.102519,183120,74.27,74.26,100,438,-14798,32901
949,EOG,2020-02-07,0 days 15:55:01.110111,182618,74.29,74.26,1550,4,502,-14798
950,EOG,2020-02-07,0 days 15:55:13.134407,183120,74.29,74.26,730,1425,-385,294
951,EOG,2020-02-07,0 days 15:55:14.136869,182605,74.31,74.29,200,790,200,-385
952,EOG,2020-02-07,0 days 15:56:56.382338,183916,74.45,74.42,1136,781,-659,413
953,EOG,2020-02-07,0 days 15:56:58.387266,185464,74.45,74.43,1234,395,1654,-1948
954,EOG,2020-02-07,0 days 15:57:08.411744,202305,74.49,74.46,888,300,-2071,349
955,EOG,2020-02-07,0 days 15:57:09.414756,200576,74.47,74.45,729,428,1729,-2071
956,EOG,2020-02-07,0 days 15:58:50.659861,220464,74.45,74.44,500,602,-1130,3168
957,EOG,2020-02-07,0 days 15:58:51.662284,217194,74.45,74.44,319,606,3270,-1130
958,EOG,2020-02-07,0 days 15:59:04.695185,220464,74.47,74.44,300,535,-7388,2760
959,EOG,2020-02-07,0 days 15:59:05.697013,218969,74.47,74.44,400,535,1495,-7388
960,EOG,2020-02-07,0 days 15:59:43.791276,219342,74.49,74.47,9,500,-1311,89
961,EOG,2020-02-07,0 days 15:59:44.792070,218453,74.5,74.47,5027,612,889,-1311
962,EPD,2020-02-07,0 days 15:57:22.548393,99404,25.56,25.55,5641,11625,-572,928
963,EPD,2020-02-07,0 days 15:59:04.796993,99644,25.58,25.57,10643,9673,-332,468
964,EQH,2020-02-07,0 days 15:55:01.036505,382343,25.69,25.68,4801,300,-43574,32932
965,EQH,2020-02-07,0 days 15:55:02.036843,381217,25.69,25.68,4001,1400,600,-43574
966,EQH,2020-02-07,0 days 15:56:02.183061,382441,25.71,25.7,3779,3103,-1576,1492
967,EQH,2020-02-07,0 days 15:56:03.185457,381317,25.71,25.7,3779,3102,1124,-1576
968,EQH,2020-02-07,0 days 15:57:24.380258,388186,25.7,25.69,5179,2837,-1997,1203
969,EQH,2020-02-07,0 days 15:57:25.382761,387283,25.7,25.69,5279,3238,903,-1997
970,EQH,2020-02-07,0 days 15:57:38.414963,388186,25.71,25.7,6020,3232,-2897,903
971,EQH,2020-02-07,0 days 15:57:39.417225,387683,25.71,25.7,5720,3932,503,-2897
972,EQH,2020-02-07,0 days 15:57:46.433257,388186,25.71,25.7,4522,4132,-797,503
973,EQH,2020-02-07,0 days 15:57:47.435935,387783,25.71,25.7,4822,4032,403,-797
974,EQH,2020-02-07,0 days 15:57:50.443594,388186,25.71,25.7,4822,4522,-1597,403
975,EQH,2020-02-07,0 days 15:57:51.445501,384683,25.71,25.7,4822,4432,3503,-1597
976,EQH,2020-02-07,0 days 15:57:58.462878,388186,25.71,25.7,4822,5032,-1597,403
977,EQH,2020-02-07,0 days 15:58:00.469108,387783,25.71,25.7,4622,5532,403,-597
978,EQH,2020-02-07,0 days 15:58:07.485589,388398,25.71,25.7,6431,3300,-2985,615
979,EQH,2020-02-07,0 days 15:58:08.488684,387983,25.71,25.7,6431,3300,415,-2985
980,EQH,2020-02-07,0 days 15:58:09.491000,388398,25.71,25.7,6431,3300,-1785,415
981,EQH,2020-02-07,0 days 15:58:10.492899,384683,25.71,25.7,4931,4701,3715,-1785
982,EQH,2020-02-07,0 days 15:58:16.507327,388398,25.71,25.7,6449,4300,-4385,415
983,EQH,2020-02-07,0 days 15:58:23.524621,388398,25.71,25.7,2860,4822,-2485,415
984,EQH,2020-02-07,0 days 15:59:05.627596,400116,25.69,25.68,3133,2953,-180743,11196
985,EQNR,2020-02-07,0 days 15:56:14.249778,24252,17.29,17.28,13135,24293,363,-1001
986,EQNR,2020-02-07,0 days 15:56:56.350141,24709,17.29,17.28,14616,25964,-127,363
987,EQNR,2020-02-07,0 days 15:58:50.628439,29150,17.3,17.29,10014,45115,4023,-1066
988,EQNR,2020-02-07,0 days 15:59:25.707945,34022,17.3,17.29,9114,40447,-1760,852
989,EQNR,2020-02-07,0 days 15:59:46.758965,34022,17.29,17.28,19693,27125,-86,2814
990,EQT,2020-02-07,0 days 15:59:13.646723,340321,5.31,5.3,31865,52175,6262,-12899
991,EQT,2020-02-07,0 days 15:59:14.648990,332083,5.31,5.3,30368,53229,-8238,6262
992,EQT,2020-02-07,0 days 15:59:15.650678,340321,5.31,5.3,25068,50729,21943,-8238
993,EQT,2020-02-07,0 days 15:59:16.652368,334164,5.31,5.3,27468,52627,-6157,21943
994,EQT,2020-02-07,0 days 15:59:36.700398,343852,5.31,5.3,8092,73511,8331,-2303
995,ET,2020-02-07,0 days 15:59:15.820510,1940597,12.53,12.52,22738,49414,-19835,1494314
996,ET,2020-02-07,0 days 15:59:16.822914,1921348,12.52,12.51,71228,24815,19274,-19835
997,ET,2020-02-07,0 days 15:59:48.900628,1967237,12.55,12.54,16496,46160,-8617,19835
998,ET,2020-02-07,0 days 15:59:50.905943,1861555,12.56,12.55,102985,46274,105682,-3600
999,ETN,2020-02-07,0 days 15:56:58.318135,307024,102.09,102.08,300,208,-38545,29366
1000,ETN,2020-02-07,0 days 15:57:33.402533,245200,102.0,101.98,402,490,93947,-3053
1001,ETN,2020-02-07,0 days 15:57:36.409874,308147,102.02,102.01,752,200,-68753,34247
1002,ETN,2020-02-07,0 days 15:57:41.421329,242200,101.99,101.98,40,1155,99947,-6353
1003,ETN,2020-02-07,0 days 15:57:53.450256,309615,102.05,102.02,509,320,-71385,35715
1004,ETN,2020-02-07,0 days 15:58:30.541419,351817,102.1,102.08,517,1106,2138,-1761
1005,ETN,2020-02-07,0 days 15:58:31.544107,348355,102.1,102.09,433,800,-3701,2138
1006,ETN,2020-02-07,0 days 15:58:50.589794,300656,102.14,102.11,303,500,13659,-1700
1007,ETN,2020-02-07,0 days 15:58:54.599113,374115,102.09,102.06,300,500,-5940,4660
1008,ETN,2020-02-07,0 days 15:59:35.698759,368531,102.01,101.99,809,814,-3206,51344
1009,ETN,2020-02-07,0 days 15:59:47.726947,371855,102.0,101.99,9109,200,-382,1568
1010,ETRN,2020-02-07,0 days 15:57:25.466533,218399,9.57,9.56,4983,3739,5736,-964
1011,ETRN,2020-02-07,0 days 15:57:26.469909,210535,9.57,9.56,5683,3639,-7864,5736
1012,ETRN,2020-02-07,0 days 15:59:32.776680,318995,9.55,9.54,6890,15222,-3861,1151
1013,EURN,2020-02-07,0 days 15:58:28.574651,48987,9.42,9.41,9991,18119,498,-2602
1014,EURN,2020-02-07,0 days 15:58:29.577113,47085,9.42,9.41,10431,18440,-1902,498
1015,EURN,2020-02-07,0 days 15:59:04.663495,49147,9.42,9.41,12704,17399,2222,-686
1016,EURN,2020-02-07,0 days 15:59:05.665616,48669,9.42,9.41,12304,17399,-478,2222
1017,EURN,2020-02-07,0 days 15:59:13.685028,50209,9.42,9.41,4261,19174,20860,-478
1018,EXPR,2020-02-07,0 days 15:56:25.307888,27363,4.22,4.21,15257,21407,224,-939
1019,EXPR,2020-02-07,0 days 15:56:26.310213,26624,4.22,4.21,14957,21707,-739,224
1020,EXPR,2020-02-07,0 days 15:59:28.753532,35229,4.23,4.22,29579,19185,-580,4720
1021,F,2020-02-07,0 days 15:55:00.117630,4796987,8.12,8.11,536717,413243,-22648,121942
1022,FCAU,2020-02-07,0 days 15:59:20.733359,110820,13.2,13.19,7219,34451,-27218,21682
1023,FCX,2020-02-07,0 days 15:56:08.265715,2469755,11.81,11.8,79265,63082,-14449,23804
1024,FCX,2020-02-07,0 days 15:56:09.268014,2466004,11.81,11.8,81265,57580,3751,-14449
1025,FCX,2020-02-07,0 days 15:57:27.457163,2472298,11.81,11.8,109257,74714,-141,341
1026,FCX,2020-02-07,0 days 15:59:23.738834,2627575,11.81,11.8,54516,116407,-3427,19616
1027,FCX,2020-02-07,0 days 15:59:24.741254,2605102,11.81,11.8,57366,117907,22473,-3427
1028,FCX,2020-02-07,0 days 15:59:39.778912,2689133,11.81,11.8,64633,120752,-11887,8113
1029,FCX,2020-02-07,0 days 15:59:44.790605,2668177,11.82,11.81,226315,72922,6656,-21344
1030,FDX,2020-02-07,0 days 15:55:08.541142,220877,155.65,155.63,71,200,-3807,993
1031,FDX,2020-02-07,0 days 15:55:09.543436,217784,155.65,155.63,71,300,3093,-3807
1032,FDX,2020-02-07,0 days 15:55:26.584648,220877,155.68,155.66,100,164,-11463,2229
1033,FDX,2020-02-07,0 days 15:55:27.587186,219642,155.68,155.66,113,100,1235,-11463
1034,FDX,2020-02-07,0 days 15:55:41.620562,222831,155.65,155.61,613,364,-2623,2177
1035,FDX,2020-02-07,0 days 15:55:42.622967,221054,155.65,155.61,613,364,1777,-2623
1036,FDX,2020-02-07,0 days 15:55:50.642572,221054,155.65,155.62,56,300,1777,-2623
1037,FDX,2020-02-07,0 days 15:56:22.719153,229479,155.71,155.68,622,797,-408,37
1038,FDX,2020-02-07,0 days 15:56:23.722041,224987,155.71,155.69,722,10,4492,-408
1039,FDX,2020-02-07,0 days 15:56:55.799053,231148,155.94,155.91,710,502,-1511,1089
1040,FDX,2020-02-07,0 days 15:56:56.801674,229059,155.93,155.91,470,502,2748,-1511
1041,FDX,2020-02-07,0 days 15:57:04.821050,232726,155.81,155.78,600,50,-117,661
1042,FDX,2020-02-07,0 days 15:57:06.826350,232843,155.79,155.75,200,200,23,-117
1043,FDX,2020-02-07,0 days 15:57:09.833016,233666,155.77,155.74,425,200,-134,123
1044,FDX,2020-02-07,0 days 15:57:22.864497,240871,155.77,155.75,300,20,9895,-244
1045,FDX,2020-02-07,0 days 15:57:23.867647,240066,155.79,155.74,416,364,-805,9895
1046,FDX,2020-02-07,0 days 15:57:43.915517,251795,155.69,155.67,1248,320,118,-5871
1047,FDX,2020-02-07,0 days 15:57:44.918166,249913,155.72,155.68,600,358,-3582,118
1048,FDX,2020-02-07,0 days 15:57:50.933181,260764,155.74,155.71,300,320,282,-4938
1049,FDX,2020-02-07,0 days 15:57:51.935022,257446,155.74,155.71,3,320,-3618,282
1050,FDX,2020-02-07,0 days 15:57:54.942662,261064,155.76,155.74,600,677,204,-1483
1051,FDX,2020-02-07,0 days 15:57:55.944635,258468,155.76,155.74,600,400,-2596,204
1052,FDX,2020-02-07,0 days 15:58:22.008170,263168,155.83,155.82,716,273,-3120,780
1053,FDX,2020-02-07,0 days 15:59:31.177481,277710,155.71,155.7,27,110,-1701,4310
1054,FE,2020-02-07,0 days 15:55:01.153860,207749,51.29,51.28,2644,1135,-1670,6930
1055,FE,2020-02-07,0 days 15:55:23.207605,210219,51.29,51.28,919,2720,10930,-1670
1056,FE,2020-02-07,0 days 15:55:24.209929,209877,51.29,51.28,919,2720,-342,10930
1057,FE,2020-02-07,0 days 15:56:30.369143,220245,51.29,51.28,4346,2111,65,-735
1058,FE,2020-02-07,0 days 15:56:31.371848,219610,51.29,51.28,4746,2011,-635,65
1059,FE,2020-02-07,0 days 15:56:33.376486,220245,51.29,51.28,5421,2011,1265,-635
1060,FE,2020-02-07,0 days 15:56:34.378733,219810,51.29,51.28,5221,2061,-435,1265
1061,FE,2020-02-07,0 days 15:56:41.395516,220245,51.26,51.25,3094,1000,20706,-435
1062,FE,2020-02-07,0 days 15:56:42.397939,240951,51.26,51.25,3513,1375,-14694,20706
1063,FE,2020-02-07,0 days 15:56:43.400754,238845,51.26,51.25,3846,400,2106,-14694
1064,FE,2020-02-07,0 days 15:56:58.436836,218101,51.28,51.27,1084,1400,-22642,2499
1065,FE,2020-02-07,0 days 15:57:11.468206,220285,51.27,51.26,1099,1920,717,-1184
1066,FE,2020-02-07,0 days 15:57:12.470513,220102,51.27,51.26,1412,2020,-183,717
1067,FE,2020-02-07,0 days 15:57:32.519055,221967,51.28,51.27,2212,1105,496,-304
1068,FE,2020-02-07,0 days 15:57:33.521632,221763,51.28,51.27,2212,1805,-204,496
1069,FE,2020-02-07,0 days 15:57:37.531442,221967,51.28,51.27,1952,2661,396,-204
1070,FE,2020-02-07,0 days 15:57:39.536163,222363,51.28,51.27,2052,2561,-1904,396
1071,FE,2020-02-07,0 days 15:57:40.538516,221967,51.28,51.27,2523,2086,396,-1904
1072,FE,2020-02-07,0 days 15:57:56.577426,221063,51.28,51.27,2137,1400,-904,1996
1073,FE,2020-02-07,0 days 15:58:02.592476,221967,51.28,51.27,1096,4677,1796,-904
1074,FE,2020-02-07,0 days 15:58:03.595821,221063,51.28,51.27,992,4477,-904,1796
1075,FE,2020-02-07,0 days 15:59:06.749588,278849,51.31,51.3,1503,1437,13996,-20298
1076,FG,2020-02-07,0 days 15:57:23.377752,349803,12.28,12.27,12577,15104,-2523,1781
1077,FG,2020-02-07,0 days 15:57:48.438518,371377,12.28,12.27,22411,7754,-1749,3577
1078,FG,2020-02-07,0 days 15:57:49.441120,367726,12.28,12.27,21174,6654,2777,-1749
1079,FG,2020-02-07,0 days 15:58:23.524688,389245,12.23,12.22,4326,11180,-1259,864
1080,FG,2020-02-07,0 days 15:58:24.527119,384104,12.23,12.22,13395,8906,5141,-1259
1081,FG,2020-02-07,0 days 15:59:47.727003,407558,12.16,12.15,25881,40838,-856,472
1082,FG,2020-02-07,0 days 15:59:48.729778,405838,12.16,12.15,26481,39760,1720,-856
1083,FHN,2020-02-07,0 days 15:56:08.265715,141038,16.47,16.46,44478,15432,48,-228
1084,FHN,2020-02-07,0 days 15:56:22.299330,136100,16.47,16.46,43882,14453,-4938,48
1085,FHN,2020-02-07,0 days 15:59:13.719953,178039,16.47,16.46,46331,32431,539,-6421
1086,FHN,2020-02-07,0 days 15:59:18.726926,172304,16.47,16.46,42342,38050,-5735,2865
1087,FIS,2020-02-07,0 days 15:57:03.399572,359931,146.4,146.38,198,5,50,-50
1088,FIS,2020-02-07,0 days 15:57:10.417011,357719,146.41,146.39,7,405,-2212,50
1089,FIS,2020-02-07,0 days 15:57:28.460034,365358,146.46,146.44,537,140,173,-2814
1090,FIS,2020-02-07,0 days 15:57:30.465366,363814,146.46,146.44,439,7,-1544,473
1091,FIS,2020-02-07,0 days 15:57:39.487239,365362,146.43,146.42,100,154,1735,-3048
1092,FIS,2020-02-07,0 days 15:57:40.490282,363414,146.43,146.42,100,154,-1948,1735
1093,FIS,2020-02-07,0 days 15:57:43.497228,365362,146.44,146.42,1632,637,4029,-2054
1094,FIS,2020-02-07,0 days 15:57:44.499253,363408,146.44,146.42,1732,537,-1954,4029
1095,FIS,2020-02-07,0 days 15:57:52.519579,365362,146.42,146.4,377,2,2146,-1954
1096,FIS,2020-02-07,0 days 15:57:53.521496,363308,146.42,146.39,709,570,-2054,2146
1097,FIS,2020-02-07,0 days 15:59:03.692183,365926,146.47,146.45,821,39,2774,-2440
1098,FIT,2020-02-07,0 days 15:55:57.255648,259222,6.64,6.63,85786,54409,5572,-28
1099,FIT,2020-02-07,0 days 15:59:27.765381,276826,6.64,6.63,55879,73847,8367,-12233
1100,FL,2020-02-07,0 days 15:55:00.102570,100122,40.43,40.42,1529,1123,679,-38872
1101,FL,2020-02-07,0 days 15:56:45.355804,103268,40.42,40.41,1463,1584,-257,643
1102,FL,2020-02-07,0 days 15:56:46.358323,103125,40.42,40.41,1390,1484,143,-257
1103,FL,2020-02-07,0 days 15:56:54.377971,104994,40.42,40.41,1298,1592,-703,143
1104,FL,2020-02-07,0 days 15:59:04.695263,120432,40.49,40.48,2000,1861,10912,-1261
1105,FL,2020-02-07,0 days 15:59:05.697085,120044,40.49,40.48,1100,1861,-388,10912
1106,FL,2020-02-07,0 days 15:59:06.699756,120432,40.5,40.49,3100,500,19166,-388
1107,FLO,2020-02-07,0 days 15:55:36.292830,135586,22.22,22.21,7950,1400,-11873,2875
1108,FLO,2020-02-07,0 days 15:55:37.295485,134159,22.22,22.21,9250,258,1427,-11873
1109,FLO,2020-02-07,0 days 15:56:15.387197,136886,22.23,22.22,2207,4823,-851,2727
1110,FLO,2020-02-07,0 days 15:56:16.389281,136037,22.23,22.22,2007,4738,849,-851
1111,FLO,2020-02-07,0 days 15:56:20.399527,136886,22.23,22.22,1807,6275,-11,849
1112,FLO,2020-02-07,0 days 15:56:21.401031,136097,22.23,22.22,1807,6275,789,-11
1113,FLO,2020-02-07,0 days 15:56:28.418258,137204,22.23,22.22,1207,6279,-3107,1107
1114,FLO,2020-02-07,0 days 15:56:29.420641,136811,22.23,22.22,1907,5979,393,-3107
1115,FLO,2020-02-07,0 days 15:59:27.849320,173712,22.28,22.27,6333,7820,-1783,2348
1116,FLO,2020-02-07,0 days 15:59:50.906018,165368,22.29,22.28,14041,6253,10242,-1158
1117,FLO,2020-02-07,0 days 15:59:57.922692,175610,22.3,22.29,6785,5086,-643,6093
1118,FLR,2020-02-07,0 days 15:59:42.886905,171962,18.08,18.07,1901,6026,-2316,12668
1119,FLR,2020-02-07,0 days 15:59:45.893947,174278,18.08,18.07,1921,6248,616,-2316
1120,FLR,2020-02-07,0 days 15:59:48.900985,171660,18.08,18.07,1742,6548,-2618,2744
1121,FLT,2020-02-07,0 days 15:56:58.387240,134775,306.84,306.69,103,100,1326,-1216
1122,FLT,2020-02-07,0 days 15:56:59.389870,133200,306.86,306.7,198,200,-1575,1326
1123,FLT,2020-02-07,0 days 15:58:49.657276,137899,306.53,306.42,190,300,254,-146
1124,FLT,2020-02-07,0 days 15:58:50.659861,136783,306.52,306.39,90,100,-916,254
1125,FLT,2020-02-07,0 days 15:59:03.692270,141653,306.75,306.64,119,480,11850,-3858
1126,FLT,2020-02-07,0 days 15:59:04.695109,141105,306.84,306.65,40,535,-548,11850
1127,FLT,2020-02-07,0 days 15:59:18.728628,141793,306.8,306.67,400,800,2488,-609
1128,FLT,2020-02-07,0 days 15:59:20.733316,141781,306.8,306.65,588,254,-12,1288
1129,FLT,2020-02-07,0 days 15:59:23.740217,142648,306.8,306.65,213,460,633,-867
1130,FLT,2020-02-07,0 days 15:59:24.743076,142481,306.8,306.66,413,390,-167,633
1131,FLT,2020-02-07,0 days 15:59:26.747509,146248,306.8,306.65,301,940,3726,-3767
1132,FLT,2020-02-07,0 days 15:59:27.750510,141643,306.79,306.67,100,390,-4605,3726
1133,FLT,2020-02-07,0 days 15:59:32.763112,146270,306.8,306.69,388,680,3395,-605
1134,FLT,2020-02-07,0 days 15:59:33.765838,141965,306.82,306.74,105,240,-4305,3395
1135,FLT,2020-02-07,0 days 15:59:36.773137,146272,306.84,306.74,114,580,235,-607
1136,FLT,2020-02-07,0 days 15:59:38.777775,146038,306.83,306.69,490,400,-234,4235
1137,FLT,2020-02-07,0 days 15:59:54.818215,146240,306.82,306.64,2500,400,2698,-1702
1138,FLT,2020-02-07,0 days 15:59:59.826858,144538,306.81,306.58,3270,1050,-1702,2698
1139,FMC,2020-02-07,0 days 15:57:21.458071,148103,105.06,105.04,43,888,161,-3172
1140,FMC,2020-02-07,0 days 15:57:22.460150,146444,105.06,105.04,111,788,-1659,161
1141,FMC,2020-02-07,0 days 15:58:07.570830,151017,105.1,105.07,562,439,3739,-2161
1142,FMC,2020-02-07,0 days 15:58:08.573128,149957,105.12,105.09,24,562,-1160,3739
1143,FMC,2020-02-07,0 days 15:58:18.597106,151117,105.16,105.13,571,823,199,-901
1144,FMC,2020-02-07,0 days 15:58:19.599617,150016,105.16,105.13,634,823,-1101,199
1145,FMC,2020-02-07,0 days 15:58:23.609653,151117,105.16,105.14,101,400,99,-1101
1146,FMC,2020-02-07,0 days 15:58:24.612276,150016,105.16,105.14,104,808,-1101,99
1147,FMC,2020-02-07,0 days 15:58:26.616701,151117,105.16,105.14,114,1008,199,-1101
1148,FMC,2020-02-07,0 days 15:58:27.619307,150016,105.16,105.14,114,1008,-1101,199
1149,FMC,2020-02-07,0 days 15:59:05.712627,157435,105.31,105.29,729,25,10551,-2834
1150,FMC,2020-02-07,0 days 15:59:06.714321,152186,105.3,105.28,146,190,-5149,10551
1151,FMC,2020-02-07,0 days 15:59:28.768270,157326,105.27,105.26,1331,160,-2444,997
1152,FMC,2020-02-07,0 days 15:59:39.794903,163619,105.19,105.15,1296,107,3977,-523
1153,FMC,2020-02-07,0 days 15:59:40.798012,162796,105.2,105.18,162,300,-1723,3977
1154,FMC,2020-02-07,0 days 15:59:54.835456,163619,105.22,105.15,2483,100,77,-823
1155,FNB,2020-02-07,0 days 15:56:53.478986,238641,11.87,11.86,17218,15354,21117,-4483
1156,FNB,2020-02-07,0 days 15:56:54.481532,236458,11.87,11.86,16718,16554,-2183,21117
1157,FNB,2020-02-07,0 days 15:57:24.553357,240851,11.87,11.86,12164,19505,257,-4383
1158,FNB,2020-02-07,0 days 15:57:25.555844,238908,11.87,11.86,11864,19405,-1943,257
1159,FNB,2020-02-07,0 days 15:59:59.929373,254165,11.87,11.86,34453,28076,-4055,4145
1160,FNF,2020-02-07,0 days 15:58:30.611337,256336,46.08,46.06,2325,650,-11910,19090
1161,FNF,2020-02-07,0 days 15:59:17.723844,325233,46.06,46.05,621,906,9187,-796
1162,FNF,2020-02-07,0 days 15:59:18.727043,314520,46.06,46.05,1034,1915,-10013,9187
1163,FNF,2020-02-07,0 days 15:59:36.771598,322406,46.02,46.01,592,700,1667,-6099
1164,FNF,2020-02-07,0 days 15:59:46.795468,317989,46.0,45.99,1400,1777,-5717,7583
1165,FRO,2020-02-07,0 days 15:55:57.240515,47107,7.83,7.82,6562,8107,54,-1046
1166,FRO,2020-02-07,0 days 15:56:32.323494,45761,7.83,7.82,6564,7891,-1346,54
1167,FRO,2020-02-07,0 days 15:57:40.490040,47107,7.82,7.81,9231,8362,2719,-1346
1168,FRO,2020-02-07,0 days 15:57:41.491670,46126,7.82,7.81,8632,8255,-981,2719
1169,FRO,2020-02-07,0 days 15:57:53.521215,47107,7.82,7.81,7293,7162,1019,-781
1170,FRO,2020-02-07,0 days 15:57:54.523012,46426,7.82,7.81,6993,7562,-681,1019
1171,FRO,2020-02-07,0 days 15:58:31.613921,47334,7.82,7.81,11061,7300,2098,-2
1172,FRO,2020-02-07,0 days 15:58:32.615903,46732,7.82,7.81,11061,7900,-602,2098
1173,FSK,2020-02-07,0 days 15:56:50.367141,427954,6.23,6.22,44955,69763,4407,-3193
1174,FSK,2020-02-07,0 days 15:57:51.515389,432361,6.23,6.22,49160,38195,-13493,4407
1175,FSK,2020-02-07,0 days 15:57:52.518157,427954,6.23,6.22,49160,38195,4407,-13493
1176,FSK,2020-02-07,0 days 15:58:17.579741,432361,6.23,6.22,67490,46975,-3393,12107
1177,FSK,2020-02-07,0 days 15:58:18.581184,427954,6.23,6.22,67090,46875,4407,-3393
1178,FSK,2020-02-07,0 days 15:59:18.726806,439864,6.23,6.22,61884,46771,-14901,4246
1179,FSK,2020-02-07,0 days 15:59:40.782629,442465,6.23,6.22,61231,59766,-4064,1736
1180,FSK,2020-02-07,0 days 15:59:41.783049,435529,6.23,6.22,61131,60773,6836,-4064
1181,FSK,2020-02-07,0 days 15:59:45.794326,442465,6.23,6.22,65477,66630,-9,1536
1182,FSK,2020-02-07,0 days 15:59:48.800635,441074,6.23,6.22,69735,59502,1291,-9
1183,FTCH,2020-02-07,0 days 15:57:24.553357,142559,11.99,11.98,2701,5942,-322,3278
1184,FTCH,2020-02-07,0 days 15:59:17.826225,149509,11.99,11.98,4795,5154,-760,1442
1185,FTCH,2020-02-07,0 days 15:59:18.828951,148269,11.99,11.98,4895,5154,1240,-760
1186,FTCH,2020-02-07,0 days 15:59:46.896030,147411,12.0,11.99,8900,17274,293,-4007
1187,FTI,2020-02-07,0 days 15:57:08.341630,216155,16.84,16.83,3381,24480,-2759,2841
1188,FTI,2020-02-07,0 days 15:57:09.344009,213314,16.85,16.84,18708,19848,2841,-2759
1189,FTI,2020-02-07,0 days 15:59:26.675873,271648,16.85,16.84,6394,18323,5178,-2722
1190,FTI,2020-02-07,0 days 15:59:35.698720,278264,16.85,16.84,22536,14019,-6071,4216
1191,FTI,2020-02-07,0 days 15:59:36.700289,275135,16.85,16.84,23809,10730,1829,-6071
1192,FTV,2020-02-07,0 days 15:55:00.039896,203102,78.83,78.82,400,300,70255,-12846
1193,FTV,2020-02-07,0 days 15:56:02.183183,269367,78.86,78.84,680,848,-3264,30736
1194,FTV,2020-02-07,0 days 15:56:03.185550,258831,78.86,78.84,680,985,10536,-3264
1195,FTV,2020-02-07,0 days 15:59:05.627675,279516,78.95,78.93,10,700,-19569,6988
1196,FTV,2020-02-07,0 days 15:59:06.629460,273385,78.93,78.91,315,500,6131,-19569
1197,FTV,2020-02-07,0 days 15:59:36.700371,281077,78.98,78.97,991,606,2308,-1209
1198,G,2020-02-07,0 days 15:56:13.293170,89175,42.68,42.67,700,500,-383,4617
1199,G,2020-02-07,0 days 15:56:29.331697,89558,42.68,42.67,3867,1106,512,-183
1200,G,2020-02-07,0 days 15:56:30.334173,89270,42.68,42.67,4034,1006,-288,512
1201,G,2020-02-07,0 days 15:57:02.412280,97828,42.66,42.65,2287,615,3598,-602
1202,G,2020-02-07,0 days 15:57:03.414840,97522,42.66,42.65,3114,150,-2006,3598
1203,G,2020-02-07,0 days 15:57:45.516675,99528,42.61,42.6,4783,2750,53,-647
1204,G,2020-02-07,0 days 15:57:48.523655,98781,42.61,42.6,4844,3336,-747,353
1205,G,2020-02-07,0 days 15:57:54.537956,94528,42.61,42.6,4864,3540,3853,-347
1206,G,2020-02-07,0 days 15:57:56.543103,100381,42.61,42.6,5064,3640,-533,3353
1207,G,2020-02-07,0 days 15:59:19.745806,112231,42.62,42.61,4483,587,1300,-3400
1208,G,2020-02-07,0 days 15:59:36.787148,117326,42.6,42.59,4102,2525,709,-1492
1209,G,2020-02-07,0 days 15:59:37.789285,116335,42.6,42.59,5415,2230,-991,709
1210,G,2020-02-07,0 days 15:59:38.792546,117326,42.6,42.59,6715,2230,15,-991
1211,G,2020-02-07,0 days 15:59:47.816378,117795,42.6,42.59,6798,1132,-957,640
1212,GDI,2020-02-07,0 days 15:56:03.185550,72185,37.15,37.14,2041,4024,1680,-2415
1213,GDI,2020-02-07,0 days 15:56:15.214067,70088,37.15,37.14,2242,4576,-2097,1680
1214,GDI,2020-02-07,0 days 15:57:30.395467,73035,37.15,37.14,2835,1271,3706,-2094
1215,GDI,2020-02-07,0 days 15:57:31.397587,70641,37.15,37.14,3039,736,-2394,3706
1216,GDI,2020-02-07,0 days 15:57:36.409892,72815,37.13,37.12,2113,400,3087,-1774
1217,GDI,2020-02-07,0 days 15:57:37.412150,71002,37.13,37.12,2326,700,-1813,3087
1218,GDI,2020-02-07,0 days 15:57:55.455341,71202,37.11,37.1,2109,200,-1613,187
1219,GDI,2020-02-07,0 days 15:59:04.624755,76966,37.08,37.07,5488,1200,5757,-1864
1220,GDI,2020-02-07,0 days 15:59:05.627699,76523,37.08,37.07,5488,1600,-443,5757
1221,GDI,2020-02-07,0 days 15:59:29.683907,77454,37.08,37.07,7389,4803,163,-862
1222,GDI,2020-02-07,0 days 15:59:46.724877,74787,37.09,37.07,2700,934,-2400,1917
1223,GDI,2020-02-07,0 days 15:59:47.726973,77456,37.09,37.07,2680,1324,1131,-2400
1224,GDI,2020-02-07,0 days 15:59:48.729778,77187,37.12,37.09,900,1029,-269,1131
1225,GE,2020-02-07,0 days 15:59:18.641190,2622968,12.84,12.83,92153,231586,17050,-28625
1226,GE,2020-02-07,0 days 15:59:19.643527,2603818,12.84,12.83,88153,235485,-27519,17050
1227,GGB,2020-02-07,0 days 15:59:36.188990,199075,4.72,4.71,290012,358336,16904,-19996
1228,GGB,2020-02-07,0 days 15:59:37.192241,197979,4.72,4.71,284012,358336,-1096,16904
1229,GIS,2020-02-07,0 days 15:56:15.251603,382697,51.85,51.84,1455,5175,-164,18718
