,Symbol,Timestamp,TIME,iPaired,Ask_P,Bid_P,Ask_S,Bid_S,iShares,PreviShares
0,AA,2020-06-19,0 days 15:59:07.895410,1019950,11.49,11.48,16689,26624,-18584,35514
1,AA,2020-06-19,0 days 15:59:08.898130,1004128,11.49,11.48,22545,21292,15822,-18584
2,AA,2020-06-19,0 days 15:59:18.915639,1020950,11.49,11.48,24622,6727,-76113,15821
3,AA,2020-06-19,0 days 15:59:19.918496,1011757,11.48,11.47,8271,32786,9193,-76113
4,AA,2020-06-19,0 days 15:59:40.968685,1034786,11.49,11.48,23817,9461,-3320,5253
5,AA,2020-06-19,0 days 15:59:42.973276,1033733,11.49,11.48,27465,7000,1053,-3320
6,ABBV,2020-06-19,0 days 15:59:18.824550,2513069,96.98,96.95,100,100,-8166,203818
7,ABBV,2020-06-19,0 days 15:59:19.827033,2520627,96.94,96.92,200,687,2742,-8166
8,ABM,2020-06-19,0 days 15:57:04.499658,160760,38.27,38.25,633,813,3133,-2569
9,ABM,2020-06-19,0 days 15:57:05.501474,159393,38.27,38.25,610,813,-1367,3133
10,ABM,2020-06-19,0 days 15:59:00.782557,160720,38.34,38.33,250,322,4317,-2639
11,ABM,2020-06-19,0 days 15:59:01.785613,150477,38.35,38.33,1112,233,-10243,4317
12,ABM,2020-06-19,0 days 15:59:04.790982,157595,38.34,38.32,1207,522,-3125,3235
13,ABM,2020-06-19,0 days 15:59:17.821568,160720,38.34,38.33,847,572,882,-695
14,ABM,2020-06-19,0 days 15:59:18.823673,160172,38.34,38.33,490,655,-548,882
15,ABM,2020-06-19,0 days 15:59:53.906013,160720,38.34,38.29,2880,500,622,-148
16,ABT,2020-06-19,0 days 15:59:18.758433,3279968,90.82,90.8,1300,1851,-89655,191599
17,ACB,2020-06-19,0 days 15:59:04.733047,28543,13.37,13.36,1408,700,-955,4845
18,ACB,2020-06-19,0 days 15:59:05.735085,27114,13.37,13.36,3516,580,1429,-955
19,AEE,2020-06-19,0 days 15:59:59.845055,890278,69.86,69.79,4000,13615,8339,-87073
20,AES,2020-06-19,0 days 15:59:56.867687,1995675,13.41,13.4,49535,700,-203169,44034
21,AES,2020-06-19,0 days 15:59:57.870881,2097644,13.33,13.32,8700,33241,44034,-203169
22,AES,2020-06-19,0 days 15:59:58.873223,2102478,13.35,13.34,17900,9644,-58622,44034
23,AFL,2020-06-19,0 days 15:55:00.144504,2795461,36.7,36.69,1700,2224,96988,-301388
24,AFL,2020-06-19,0 days 15:55:37.232015,2921210,36.67,36.66,1172,3304,-5548,69052
25,AFL,2020-06-19,0 days 15:55:38.234879,2906958,36.67,36.66,600,4204,5952,-5548
26,AFL,2020-06-19,0 days 15:56:19.332413,2934688,36.63,36.62,1982,1382,-53387,12837
27,AFL,2020-06-19,0 days 15:56:20.334836,2925255,36.63,36.62,1696,2200,8908,-53387
28,AFL,2020-06-19,0 days 15:58:32.654269,3114782,36.58,36.57,5179,5797,-59726,49559
29,AFL,2020-06-19,0 days 15:58:33.658971,3090908,36.56,36.55,3376,3035,28149,-59726
30,AFL,2020-06-19,0 days 15:58:49.695171,3068639,36.64,36.63,2000,200,-53177,4339
31,AFL,2020-06-19,0 days 15:59:07.740396,3005457,36.66,36.65,700,3509,773,-10702
32,AFL,2020-06-19,0 days 15:59:19.768777,3014733,36.64,36.63,775,1904,-31381,38700
33,AFL,2020-06-19,0 days 15:59:20.771966,3014814,36.63,36.62,1891,700,34035,-31381
34,AFL,2020-06-19,0 days 15:59:31.797044,3004383,36.65,36.64,1000,2032,2006,-15769
35,AG,2020-06-19,0 days 15:59:44.842810,877130,8.65,8.64,14828,58152,4239,-2839
36,ALK,2020-06-19,0 days 15:55:00.203856,555962,36.19,36.16,500,301,3482,-36111
37,ALK,2020-06-19,0 days 15:59:24.838530,645956,36.31,36.28,2734,424,-7374,4006
38,ALK,2020-06-19,0 days 15:59:36.866036,645956,36.31,36.28,3077,644,-6174,5206
39,ALLY,2020-06-19,0 days 15:57:58.020477,2408027,19.25,19.24,1100,5936,21563,-2197
40,ALLY,2020-06-19,0 days 15:57:59.026758,2289191,19.31,19.3,33520,2400,-130836,21563
41,AMC,2020-06-19,0 days 15:57:01.460334,296280,5.54,5.53,8692,7604,-8512,15831
42,AMC,2020-06-19,0 days 15:57:02.461557,294549,5.54,5.53,9242,6705,1731,-8512
43,AMC,2020-06-19,0 days 15:59:19.754846,316532,5.52,5.51,13301,22319,-1831,21989
44,AMC,2020-06-19,0 days 15:59:21.760074,313796,5.52,5.51,13752,23570,2736,-9907
45,AMH,2020-06-19,0 days 15:55:00.120627,1864568,26.91,26.9,500,3990,298,-210832
46,AMH,2020-06-19,0 days 15:55:01.121882,1853286,26.97,26.96,1300,1194,-11282,298
47,AMH,2020-06-19,0 days 15:55:47.229329,1863263,26.94,26.93,4900,1669,-1305,2995
48,AMH,2020-06-19,0 days 15:56:16.299791,1864568,26.95,26.94,200,5039,8615,-946
49,AMH,2020-06-19,0 days 15:57:13.436158,1898422,26.91,26.9,4524,2636,-47,1914
50,AMH,2020-06-19,0 days 15:57:41.502449,1880069,26.89,26.88,417,3921,21937,-24
51,AMH,2020-06-19,0 days 15:57:48.518441,1897969,26.91,26.9,6200,1379,37,-13924
52,AMH,2020-06-19,0 days 15:57:50.524554,1909545,26.9,26.89,3100,2013,-724,37
53,AMH,2020-06-19,0 days 15:58:30.620556,1933751,26.87,26.86,7272,1189,2125,-2036
54,AMH,2020-06-19,0 days 15:58:45.657112,1936562,26.87,26.86,6155,5504,-1051,3233
55,AMH,2020-06-19,0 days 15:58:46.659228,1934013,26.87,26.86,6555,4534,2210,-1051
56,AMH,2020-06-19,0 days 15:59:00.695422,1948864,26.87,26.86,6050,4631,-4375,3612
57,AMH,2020-06-19,0 days 15:59:10.719262,1932997,26.88,26.87,6008,526,-45952,2898
58,AMH,2020-06-19,0 days 15:59:31.769466,1987289,26.87,26.86,733,6890,-5538,1366
59,APG,2020-06-19,0 days 15:51:20.610406,5310333,13.55,13.54,200,300,335614,-518717
60,APG,2020-06-19,0 days 15:51:39.656074,4791616,13.61,13.6,606,200,-518717,328414
61,APG,2020-06-19,0 days 15:53:29.919624,5310333,13.57,13.56,400,1017,328414,-518717
62,ARE,2020-06-19,0 days 15:59:18.869135,2185072,165.4,165.39,255,800,169035,-78959
63,ARE,2020-06-19,0 days 15:59:24.883359,2266287,166.16,166.06,440,270,-17041,15994
64,ARE,2020-06-19,0 days 15:59:25.885908,2253558,166.05,165.94,240,200,48760,-17041
65,ARE,2020-06-19,0 days 15:59:30.899743,2264525,166.08,165.98,212,203,-25698,2333
66,ARE,2020-06-19,0 days 15:59:31.897545,2260453,166.08,165.98,466,100,39703,-25698
67,ARE,2020-06-19,0 days 15:59:35.907183,2253014,166.08,165.99,762,600,-37776,16525
68,ARE,2020-06-19,0 days 15:59:37.911841,2290790,166.03,165.9,400,528,11655,-12776
69,ARE,2020-06-19,0 days 15:59:38.913403,2265314,165.98,165.9,200,480,-25884,11655
70,ARE,2020-06-19,0 days 15:59:39.916370,2261428,165.98,165.9,564,301,44317,-25884
71,ATH,2020-06-19,0 days 15:57:48.547674,861817,33.39,33.37,402,703,10888,-6812
72,ATH,2020-06-19,0 days 15:57:49.547265,851805,33.39,33.37,985,600,-10012,10888
73,ATH,2020-06-19,0 days 15:59:17.765086,875238,33.38,33.37,666,1037,-3790,8942
74,ATH,2020-06-19,0 days 15:59:19.768659,879028,33.38,33.37,1475,1196,12251,-3790
75,ATH,2020-06-19,0 days 15:59:20.771777,851579,33.39,33.38,500,233,-33858,12251
76,ATH,2020-06-19,0 days 15:59:34.803896,885437,33.38,33.37,3381,1197,717,-3196
77,ATH,2020-06-19,0 days 15:59:48.837151,881114,33.37,33.36,182,557,-4853,8458
78,ATI,2020-06-19,0 days 15:59:07.188710,1123576,9.89,9.88,16053,100,-27997,6737
79,ATUS,2020-06-19,0 days 15:59:35.255747,2694284,24.28,24.27,7435,9901,-20313,7062
80,ATUS,2020-06-19,0 days 15:59:36.258059,2688197,24.28,24.27,7025,13096,6087,-20313
81,AYX,2020-06-19,0 days 15:57:43.534340,153212,163.56,163.44,100,200,-366,234
82,AYX,2020-06-19,0 days 15:57:44.536421,152178,163.56,163.44,100,200,1034,-366
83,AYX,2020-06-19,0 days 15:57:50.550731,153212,163.55,163.44,100,474,-59,434
84,AYX,2020-06-19,0 days 15:57:53.558299,151171,163.55,163.44,265,920,2041,-659
85,AYX,2020-06-19,0 days 15:59:03.729861,154612,163.3,163.24,324,400,-762,2139
86,AYX,2020-06-19,0 days 15:59:04.732900,151174,163.3,163.17,455,500,4318,-762
87,AYX,2020-06-19,0 days 15:59:20.772822,158886,163.6,163.42,515,931,-1805,1655
88,AYX,2020-06-19,0 days 15:59:21.775137,157379,163.6,163.42,516,1115,1508,-1805
89,AYX,2020-06-19,0 days 15:59:40.819102,161877,163.56,163.49,517,601,-691,6398
90,AYX,2020-06-19,0 days 15:59:41.820132,160579,163.56,163.49,989,435,1298,-691
91,AYX,2020-06-19,0 days 15:59:42.822176,161877,163.66,163.57,515,705,-6757,1298
92,AYX,2020-06-19,0 days 15:59:43.825812,160934,163.67,163.57,805,100,943,-6757
93,AZEK,2020-06-19,0 days 15:55:00.120587,29211,30.28,30.27,400,400,132,-21599
94,AZEK,2020-06-19,0 days 15:57:58.542991,29432,30.4,30.38,200,2339,-251,449
95,AZEK,2020-06-19,0 days 15:57:59.545324,28983,30.4,30.38,200,2339,449,-251
96,AZEK,2020-06-19,0 days 15:58:11.574363,29432,30.6,30.47,1300,1400,-251,449
97,AZEK,2020-06-19,0 days 15:58:12.578711,29383,30.6,30.47,1100,3080,49,-251
98,AZEK,2020-06-19,0 days 15:58:22.602253,29432,30.6,30.47,2500,1100,-251,449
99,AZEK,2020-06-19,0 days 15:58:23.607761,29383,30.6,30.47,2000,1100,49,-251
100,AZEK,2020-06-19,0 days 15:58:47.663791,30632,30.6,30.47,1600,1100,-393,49
101,AZEK,2020-06-19,0 days 15:59:18.737861,35711,30.6,30.48,1994,1000,3646,-4854
102,AZEK,2020-06-19,0 days 15:59:19.740025,35257,30.6,30.51,1994,509,-454,3646
103,AZEK,2020-06-19,0 days 15:59:49.811078,35711,30.67,30.48,1062,600,2968,-354
104,AZEK,2020-06-19,0 days 15:59:50.817025,31857,30.67,30.48,3062,600,-3854,2968
105,AZN,2020-06-19,0 days 15:55:00.300039,42065,53.13,53.12,600,3479,49,-4317
106,AZN,2020-06-19,0 days 15:58:32.809557,54348,53.07,53.06,704,2711,-19,1381
107,AZN,2020-06-19,0 days 15:58:34.813741,54367,53.06,53.05,2485,600,1581,-19
108,AZUL,2020-06-19,0 days 15:58:38.690214,59005,12.15,12.14,1786,2172,-892,951
109,AZUL,2020-06-19,0 days 15:58:39.692075,58197,12.15,12.14,1786,2072,808,-892
110,AZUL,2020-06-19,0 days 15:59:27.775039,63549,12.16,12.15,1024,1462,239,-161
111,BABA,2020-06-19,0 days 15:55:00.203342,2128222,220.34,220.31,500,1300,138685,-19611
112,BABA,2020-06-19,0 days 15:59:17.822037,2333228,221.01,220.95,200,101,-28455,7869
113,BABA,2020-06-19,0 days 15:59:18.824147,2333180,220.96,220.94,420,799,22015,-28455
114,BABA,2020-06-19,0 days 15:59:19.826262,2324828,221.09,221.01,200,200,-27902,22015
115,BABA,2020-06-19,0 days 15:59:20.828475,2324430,221.09,221.04,300,717,398,-27902
116,BABA,2020-06-19,0 days 15:59:40.876512,2358744,220.98,220.96,709,846,-2988,6855
117,BABA,2020-06-19,0 days 15:59:41.877817,2356789,220.94,220.92,1000,200,11555,-2988
118,BB,2020-06-19,0 days 15:59:16.733604,321378,5.08,5.07,215069,60800,26260,-15773
119,BBVA,2020-06-19,0 days 15:55:00.120945,11327,3.39,3.38,136350,70656,-4712,2594
120,BBVA,2020-06-19,0 days 15:59:36.778872,18893,3.39,3.38,169820,215379,2256,-2744
121,BBVA,2020-06-19,0 days 15:59:37.783478,18749,3.39,3.38,167738,215815,-144,2256
122,BBY,2020-06-19,0 days 15:56:17.354523,1587604,81.66,81.65,410,500,-2370,1642
123,BBY,2020-06-19,0 days 15:56:18.356806,1578174,81.63,81.58,700,500,31424,-2370
124,BBY,2020-06-19,0 days 15:59:08.769874,1622564,81.57,81.54,2108,983,-15683,8754
125,BBY,2020-06-19,0 days 15:59:09.769954,1600293,81.54,81.53,500,102,22271,-15683
126,BBY,2020-06-19,0 days 15:59:16.756458,1640864,81.45,81.43,810,100,-218516,11663
127,BBY,2020-06-19,0 days 15:59:17.758996,1760974,81.37,81.35,339,200,21290,-218516
128,BBY,2020-06-19,0 days 15:59:18.758462,1754326,81.38,81.35,426,200,-15102,21290
129,BBY,2020-06-19,0 days 15:59:21.760362,1754388,81.38,81.35,394,300,24738,-13680
130,BBY,2020-06-19,0 days 15:59:22.762885,1748126,81.38,81.35,1300,200,-14216,24738
131,BBY,2020-06-19,0 days 15:59:24.767422,1760098,81.36,81.34,600,200,12328,-19916
132,BBY,2020-06-19,0 days 15:59:25.770831,1753426,81.34,81.33,200,200,-6241,12328
133,BBY,2020-06-19,0 days 15:59:34.788890,1717705,81.23,81.21,634,1000,45621,-4451
134,BBY,2020-06-19,0 days 15:59:35.791671,1725303,81.27,81.26,200,100,-33574,45621
135,BBY,2020-06-19,0 days 15:59:42.805675,1717303,81.25,81.21,634,1188,-2473,33014
136,BBY,2020-06-19,0 days 15:59:48.821128,1724002,81.25,81.24,200,800,2059,-9215
137,BBY,2020-06-19,0 days 15:59:49.823490,1722161,81.29,81.24,1024,900,-1495,2059
138,BCS,2020-06-19,0 days 15:58:46.795621,57119,5.67,5.66,159355,106798,-2923,7084
139,BCS,2020-06-19,0 days 15:59:36.908680,68223,5.67,5.66,172905,113591,9136,-564
140,BCS,2020-06-19,0 days 15:59:37.911637,67659,5.67,5.66,173705,108191,-564,9136
141,BCS,2020-06-19,0 days 15:59:46.932426,68023,5.66,5.65,158724,75905,336,-564
142,BCS,2020-06-19,0 days 15:59:48.937877,67459,5.66,5.65,30488,186448,-564,336
143,BHC,2020-06-19,0 days 15:58:51.759260,108987,19.61,19.6,5704,751,9016,-40
144,BHC,2020-06-19,0 days 15:58:52.761518,99003,19.61,19.6,4804,2051,-9984,9016
145,BHC,2020-06-19,0 days 15:58:53.763383,109410,19.61,19.6,4404,2351,5793,-9984
146,BHC,2020-06-19,0 days 15:58:54.766659,108019,19.61,19.6,4414,2945,-968,5793
147,BHC,2020-06-19,0 days 15:59:28.847578,112951,19.59,19.58,2326,2899,-1168,732
148,BILL,2020-06-19,0 days 15:59:52.904474,494121,81.93,81.83,2708,213,1869,-4503
149,BILL,2020-06-19,0 days 15:59:53.907473,490697,81.95,81.84,1200,100,-5524,1869
150,BILL,2020-06-19,0 days 15:59:57.916878,496221,81.95,81.5,2799,1402,1919,-5524
151,BKR,2020-06-19,0 days 15:55:12.278480,5923155,15.54,15.53,1996,2246,-15028,87472
152,BKR,2020-06-19,0 days 15:55:36.335657,5927755,15.53,15.52,3200,3982,-15487,82413
153,BKR,2020-06-19,0 days 15:55:37.337864,5943242,15.54,15.53,3533,4300,89406,-15487
154,BKR,2020-06-19,0 days 15:56:22.446466,6037253,15.54,15.53,8200,4800,-5791,197209
155,BKR,2020-06-19,0 days 15:56:48.510699,6043637,15.54,15.53,7100,1266,200085,-642021
156,BKR,2020-06-19,0 days 15:56:49.511842,6040722,15.53,15.52,6239,2377,-2915,200085
157,BKR,2020-06-19,0 days 15:56:52.519041,6040722,15.54,15.53,16708,4665,-2915,31285
158,BKR,2020-06-19,0 days 15:57:50.659630,6041091,15.53,15.52,3046,8100,-3077,168723
159,BKR,2020-06-19,0 days 15:58:45.793705,5985981,15.5,15.49,71003,9671,-433,779
160,BMY,2020-06-19,0 days 15:56:20.785907,18735182,56.57,56.56,12878,5788,11876,-110228
161,BMY,2020-06-19,0 days 15:56:21.788334,18712681,56.59,56.58,1784,6317,-22931,11876
162,BMY,2020-06-19,0 days 15:57:04.892356,18735188,56.56,56.55,5726,1600,500169,-4873
163,BMY,2020-06-19,0 days 15:57:05.894810,18744304,56.6,56.59,2044,4356,-159414,500169
164,BMY,2020-06-19,0 days 15:58:01.028797,19261163,56.54,56.53,7285,18081,-57,4820
165,BMY,2020-06-19,0 days 15:58:02.030738,19260560,56.47,56.46,4800,4800,927759,-57
166,BMY,2020-06-19,0 days 15:59:12.200894,19757378,56.49,56.48,5012,6060,-397962,27750
167,BP,2020-06-19,0 days 15:55:00.229688,162302,23.68,23.67,6100,21912,3605,-3203
168,BP,2020-06-19,0 days 15:57:54.641701,168498,23.68,23.67,11302,31476,-453,1447
169,BP,2020-06-19,0 days 15:57:55.640254,165051,23.68,23.67,11302,30474,3447,-453
170,BP,2020-06-19,0 days 15:58:51.776765,168498,23.67,23.66,7100,33708,-7660,2075
171,BP,2020-06-19,0 days 15:58:52.778458,150258,23.67,23.66,8428,30199,18240,-7660
172,BP,2020-06-19,0 days 15:58:53.784705,168498,23.68,23.67,30207,19799,-2860,18240
173,BP,2020-06-19,0 days 15:58:54.786549,168058,23.68,23.67,32218,15803,823,-2860
174,BP,2020-06-19,0 days 15:59:16.838152,171004,23.68,23.67,26393,17321,-4087,3839
175,BRK.B,2020-06-19,0 days 15:59:56.829964,1551580,179.77,179.67,500,1000,10352,-5022
176,BRK.B,2020-06-19,0 days 15:59:57.829293,1554299,179.76,179.71,200,240,-16,10352
177,BRK.B,2020-06-19,0 days 15:59:58.831145,1554315,179.76,179.67,200,100,951,-16
178,BRX,2020-06-19,0 days 15:55:00.594295,2322502,12.65,12.64,5537,2287,71776,-220031
179,BRX,2020-06-19,0 days 15:56:11.764699,2392881,12.65,12.64,4722,9686,5292,-590
180,BRX,2020-06-19,0 days 15:57:44.988518,2531158,12.65,12.64,5741,24168,-5924,13658
181,BRX,2020-06-19,0 days 15:57:45.990843,2461782,12.64,12.63,10962,5259,103920,-5924
182,BRX,2020-06-19,0 days 15:57:47.995724,2566020,12.65,12.64,6500,4400,-9362,17820
183,BRX,2020-06-19,0 days 15:58:37.115206,2567482,12.65,12.64,4831,14478,3323,-5819
184,BRX,2020-06-19,0 days 15:59:00.175909,2548473,12.65,12.64,6611,12122,-28196,19836
185,BRX,2020-06-19,0 days 15:59:01.174160,2542135,12.65,12.64,4656,13720,6020,-28196
186,BRX,2020-06-19,0 days 15:59:26.236470,2587678,12.65,12.64,8724,6747,4809,-64173
187,BRX,2020-06-19,0 days 15:59:45.282293,2601478,12.65,12.64,4148,11425,5274,-64408
188,BTU,2020-06-19,0 days 15:59:15.834587,2592222,3.14,3.13,17183,15608,42413,-156281
189,BTU,2020-06-19,0 days 15:59:24.858004,2477096,3.14,3.13,16577,14211,-18821,126435
190,CADE,2020-06-19,0 days 15:57:04.548182,1585465,9.25,9.24,2202,5725,23620,-9776
191,CADE,2020-06-19,0 days 15:57:05.551234,1579648,9.25,9.24,971,6189,-5817,23620
192,CADE,2020-06-19,0 days 15:59:49.940602,1687976,9.26,9.25,5674,16091,1306,-22931
193,CAH,2020-06-19,0 days 15:50:24.475627,1807895,53.72,53.7,300,200,-1393,8693
194,CAH,2020-06-19,0 days 15:53:54.980231,1808002,53.69,53.67,500,200,193,-1393
195,CAH,2020-06-19,0 days 15:55:34.225526,2005110,53.84,53.83,1090,250,17176,-23959
196,CAH,2020-06-19,0 days 15:57:18.476076,2140149,53.85,53.83,150,400,-55344,7115
197,CAH,2020-06-19,0 days 15:57:19.476257,2135576,53.83,53.82,500,450,4273,-55344
198,CAH,2020-06-19,0 days 15:59:48.838025,2319793,53.79,53.78,1890,2319,3709,-11723
199,CARR,2020-06-19,0 days 15:57:27.467999,6946722,21.54,21.53,4355,10927,12662,-18538
200,CARR,2020-06-19,0 days 15:57:28.471897,6941184,21.54,21.53,4755,10727,-5538,12662
201,CARR,2020-06-19,0 days 15:59:41.793138,6975936,21.49,21.48,1788,5011,-30317,94136
202,CARR,2020-06-19,0 days 15:59:48.812889,7017857,21.49,21.47,2526,838,45359,-4919
203,CBL,2020-06-19,0 days 15:57:53.713792,25454959,0.3,0.29,54900,1400,509586,-642531
204,CBL,2020-06-19,0 days 15:59:01.880506,24628965,0.3,0.29,100500,33300,-1776288,509586
205,CCL,2020-06-19,0 days 15:55:00.172145,5824546,17.77,17.76,10458,8361,-29664,617647
206,CCL,2020-06-19,0 days 15:55:05.178653,5824410,17.76,17.75,12800,35335,136,-5764
207,CCL,2020-06-19,0 days 15:55:13.198853,5824546,17.76,17.75,6043,39492,-766,136
208,CCL,2020-06-19,0 days 15:59:46.817509,6237423,17.84,17.83,42758,13470,-874,4823
209,CCL,2020-06-19,0 days 15:59:49.823697,6240019,17.84,17.83,17829,10684,5614,-128386
210,CCL,2020-06-19,0 days 15:59:50.827758,6245933,17.84,17.83,28867,9612,-21890,5614
211,CDE,2020-06-19,0 days 15:55:36.242109,3453831,4.46,4.45,35653,20037,59231,-325251
212,CDE,2020-06-19,0 days 15:55:37.245133,3432562,4.46,4.45,15742,37134,-21269,59231
213,CDE,2020-06-19,0 days 15:59:45.845264,4222155,4.45,4.44,56279,58599,38275,-1082
214,CHD,2020-06-19,0 days 15:55:00.592914,582662,77.73,77.69,310,400,25252,-192862
215,CHD,2020-06-19,0 days 15:55:36.683375,599114,77.83,77.81,343,300,-11237,2825
216,CHD,2020-06-19,0 days 15:58:34.107360,620891,77.52,77.49,1177,1017,2827,-7493
217,CHD,2020-06-19,0 days 15:59:19.215943,626476,77.57,77.55,861,400,-3431,3759
218,CHD,2020-06-19,0 days 15:59:20.225219,630007,77.56,77.55,566,100,4938,-3431
219,CHD,2020-06-19,0 days 15:59:22.223325,634353,77.56,77.55,206,300,-1510,4346
220,CHD,2020-06-19,0 days 15:59:40.271291,636314,77.57,77.56,500,392,112,-388
221,CHD,2020-06-19,0 days 15:59:51.295172,638826,77.64,77.6,885,218,-42,2717
222,CHGG,2020-06-19,0 days 15:55:00.148973,204276,67.43,67.41,100,200,1405,-48480
223,CHGG,2020-06-19,0 days 15:56:36.373846,205545,67.64,67.62,400,200,1323,-3077
224,CHGG,2020-06-19,0 days 15:56:49.409536,206868,67.67,67.63,300,403,-2677,1767
225,CHGG,2020-06-19,0 days 15:56:50.411568,205545,67.65,67.62,300,300,1323,-2677
226,CHGG,2020-06-19,0 days 15:56:59.433943,206068,67.7,67.68,360,100,-777,23
227,CHGG,2020-06-19,0 days 15:57:00.435676,205604,67.7,67.67,960,1226,464,-777
228,CHGG,2020-06-19,0 days 15:57:36.518444,211312,67.59,67.57,1644,100,-833,1467
229,CHGG,2020-06-19,0 days 15:57:37.519810,209845,67.59,67.57,1644,268,1467,-833
230,CHGG,2020-06-19,0 days 15:57:54.561833,206645,67.63,67.61,577,403,223,-4177
231,CHGG,2020-06-19,0 days 15:58:16.615553,212723,67.7,67.67,149,300,-3132,3708
232,CHGG,2020-06-19,0 days 15:58:17.617309,211655,67.69,67.65,418,400,1068,-3132
233,CHGG,2020-06-19,0 days 15:58:45.684937,209868,67.67,67.65,600,300,-1951,504
234,CHGG,2020-06-19,0 days 15:58:50.698182,209868,67.7,67.68,100,671,-151,1049
235,CHGG,2020-06-19,0 days 15:59:20.773089,253521,67.79,67.77,304,725,-6142,2954
236,CHGG,2020-06-19,0 days 15:59:21.775288,243036,67.79,67.77,407,946,10485,-6142
237,CHS,2020-06-19,0 days 15:57:08.558477,2794630,1.39,1.38,33247,50291,579,-1282
238,CHWY,2020-06-19,0 days 15:56:55.576162,505220,50.16,50.14,1337,200,-9391,409
239,CHWY,2020-06-19,0 days 15:56:56.578510,499811,50.12,50.1,200,301,5409,-9391
240,CHWY,2020-06-19,0 days 15:57:50.707143,507230,50.26,50.22,400,400,-1503,4497
241,CHWY,2020-06-19,0 days 15:57:51.709655,503233,50.26,50.22,939,1067,3997,-1503
242,CHWY,2020-06-19,0 days 15:57:53.713822,507230,50.25,50.22,200,300,-6903,3997
243,CHWY,2020-06-19,0 days 15:57:54.716435,503233,50.24,50.2,300,1839,3997,-6903
244,CHWY,2020-06-19,0 days 15:59:05.890390,511044,50.19,50.15,424,800,-5389,2711
245,CHWY,2020-06-19,0 days 15:59:06.893039,507533,50.19,50.15,921,658,3511,-5389
246,CHWY,2020-06-19,0 days 15:59:09.902621,574110,50.27,50.24,1185,1026,-423,2077
247,CHWY,2020-06-19,0 days 15:59:14.912869,567033,50.28,50.26,2701,1590,7077,-6423
248,CHWY,2020-06-19,0 days 15:59:22.924481,579135,50.36,50.34,1000,400,2491,-3074
249,CIT,2020-06-19,0 days 15:59:20.786695,1469710,22.88,22.87,902,100,-120162,33703
250,CIT,2020-06-19,0 days 15:59:23.791332,1462749,22.79,22.78,826,100,6961,-6098
251,CIT,2020-06-19,0 days 15:59:27.803448,1469710,22.8,22.77,293,568,-682,8474
252,CLB,2020-06-19,0 days 15:55:00.151267,2223316,20.33,20.32,300,700,-168649,73466
253,CLF,2020-06-19,0 days 15:56:21.417910,926133,5.61,5.6,82683,86860,11109,-21661
254,CLF,2020-06-19,0 days 15:56:22.419482,901172,5.61,5.6,77574,91060,-24961,11109
255,CLNY,2020-06-19,0 days 15:55:50.369969,1949714,2.62,2.61,23127,29180,-7841,202459
256,CMA,2020-06-19,0 days 15:55:00.203451,3015795,39.73,39.72,200,100,-303890,190563
257,CMA,2020-06-19,0 days 15:57:57.626303,3338005,39.49,39.48,701,300,100193,-13462
258,CMA,2020-06-19,0 days 15:57:58.629886,3330798,39.5,39.48,901,600,-106162,100193
259,CMA,2020-06-19,0 days 15:58:11.660894,3338028,39.49,39.48,400,416,7070,-105085
260,CMA,2020-06-19,0 days 15:58:14.668175,3331698,39.46,39.45,200,300,-3538,55070
261,CMA,2020-06-19,0 days 15:58:23.690048,3333328,39.46,39.44,400,300,38970,-52138
262,CMA,2020-06-19,0 days 15:58:24.694091,3332498,39.46,39.45,300,400,-438,38970
263,CMA,2020-06-19,0 days 15:59:20.828576,3372548,39.45,39.43,398,223,31482,-26703
264,CMA,2020-06-19,0 days 15:59:24.838434,3368167,39.46,39.45,300,300,-4152,18319
265,CMA,2020-06-19,0 days 15:59:25.839999,3370411,39.45,39.43,300,1000,30156,-4152
266,CMA,2020-06-19,0 days 15:59:35.864619,3382991,39.48,39.47,600,473,9376,-19732
267,CMA,2020-06-19,0 days 15:59:36.865882,3380567,39.48,39.47,500,1013,-2032,9376
268,CMA,2020-06-19,0 days 15:59:42.880010,3371967,39.47,39.46,379,500,-9836,24872
269,CMC,2020-06-19,0 days 15:59:08.823837,476648,20.29,20.28,2894,1525,-1492,4025
270,CMC,2020-06-19,0 days 15:59:09.826279,469640,20.29,20.28,2894,1314,5708,-1492
271,CMC,2020-06-19,0 days 15:59:11.830195,490872,20.3,20.29,5729,331,-11168,17732
272,CMC,2020-06-19,0 days 15:59:12.832435,485940,20.3,20.29,6029,802,7214,-11168
273,CNK,2020-06-19,0 days 15:53:09.932268,555019,14.11,14.1,3249,100,-113202,9934
274,CNK,2020-06-19,0 days 15:55:00.205257,642992,14.09,14.08,3617,1358,-3017,8134
275,CNK,2020-06-19,0 days 15:55:17.243267,643092,14.09,14.08,2810,3272,-2917,49783
276,CNK,2020-06-19,0 days 15:55:42.304056,645499,14.06,14.05,6010,40313,-3010,3490
277,CNK,2020-06-19,0 days 15:57:11.516530,614061,14.08,14.07,2900,1500,-39666,83749
278,CNK,2020-06-19,0 days 15:59:50.902271,636457,14.07,14.05,2700,23030,-131424,6381
279,CNP,2020-06-19,0 days 15:59:22.775198,8995970,17.85,17.84,7053,16258,-144171,222124
280,CNP,2020-06-19,0 days 15:59:23.777386,9023901,17.82,17.81,6707,14410,110997,-144171
281,CNP,2020-06-19,0 days 15:59:24.779944,9021198,17.82,17.81,6690,13710,-12321,110997
282,CNP,2020-06-19,0 days 15:59:25.781883,9035101,17.82,17.81,10653,6521,4897,-12321
283,CNQ,2020-06-19,0 days 15:58:59.168247,293303,17.18,17.17,13720,7620,69,-47
284,CNQ,2020-06-19,0 days 15:59:28.238984,293066,17.16,17.15,18207,1600,2961,-21305
285,CNQ,2020-06-19,0 days 15:59:34.253307,293366,17.17,17.16,13518,7490,4838,-1205
286,CNQ,2020-06-19,0 days 15:59:46.282966,308519,17.15,17.14,14776,1916,-5712,91
287,CNQ,2020-06-19,0 days 15:59:47.289839,306465,17.15,17.14,15776,5307,2054,-5712
288,CNQ,2020-06-19,0 days 15:59:48.293473,308519,17.16,17.15,100,13320,-5398,2054
289,CNQ,2020-06-19,0 days 15:59:49.293222,306851,17.16,17.15,1900,14030,1668,-5398
290,CNX,2020-06-19,0 days 15:58:00.655051,1766134,9.81,9.8,20410,22109,-16599,7247
291,CNX,2020-06-19,0 days 15:59:50.918763,1796412,9.83,9.82,4391,17087,-61948,6328
292,COF,2020-06-19,0 days 15:58:13.683968,1565315,68.33,68.32,280,500,3301,-14749
293,COF,2020-06-19,0 days 15:58:14.685555,1557266,68.33,68.32,940,200,-8049,3301
294,COG,2020-06-19,0 days 15:59:21.876400,4223574,18.67,18.66,3200,10825,387134,-350201
295,COLD,2020-06-19,0 days 15:55:00.301577,1179960,36.26,36.25,4100,2140,-38253,517644
296,COLD,2020-06-19,0 days 15:55:01.301185,1142813,36.24,36.22,300,200,77747,-38253
297,COLD,2020-06-19,0 days 15:56:22.496750,1204663,36.26,36.25,806,400,4497,-61403
298,COLD,2020-06-19,0 days 15:57:21.638938,1210590,36.26,36.24,300,9438,-86297,14303
299,COLD,2020-06-19,0 days 15:57:22.642147,1206087,36.26,36.24,900,9538,4503,-86297
300,COLD,2020-06-19,0 days 15:57:37.676744,1206187,36.26,36.25,757,5800,4421,-86979
301,COLD,2020-06-19,0 days 15:57:40.684290,1210608,36.26,36.25,1157,5800,-10579,4421
302,COLD,2020-06-19,0 days 15:57:50.707109,1256262,36.24,36.23,713,375,-8525,11021
303,COLD,2020-06-19,0 days 15:57:51.709607,1247287,36.24,36.23,417,200,3921,-8525
304,COLD,2020-06-19,0 days 15:57:55.718460,1256262,36.24,36.22,790,200,-2450,2396
305,COLD,2020-06-19,0 days 15:58:04.741729,1256262,36.24,36.22,909,900,-1228,8272
306,COLD,2020-06-19,0 days 15:58:06.746239,1236490,36.24,36.22,300,900,25582,-12182
307,COLD,2020-06-19,0 days 15:58:54.862459,1200321,36.23,36.22,300,400,61398,-102502
308,COLD,2020-06-19,0 days 15:59:00.876976,1261790,36.24,36.22,300,300,-18552,9823
309,COLD,2020-06-19,0 days 15:59:01.880506,1240742,36.25,36.22,597,400,26102,-18552
310,COLD,2020-06-19,0 days 15:59:05.890242,1261790,36.26,36.23,486,400,-27223,6531
311,COLD,2020-06-19,0 days 15:59:19.918401,1286848,36.2,36.19,200,200,-518302,2587
312,CPRI,2020-06-19,0 days 15:56:36.455987,857252,15.72,15.71,1525,658,3579,-4037
313,CPRI,2020-06-19,0 days 15:57:42.609201,859662,15.75,15.74,736,3158,-2731,2582
314,CPRI,2020-06-19,0 days 15:57:43.611484,854429,15.75,15.74,236,6603,5233,-2731
315,CPRI,2020-06-19,0 days 15:57:44.616258,859662,15.75,15.74,336,10075,-31,5233
316,CPRI,2020-06-19,0 days 15:57:46.622287,855429,15.76,15.75,2536,1757,2482,-3631
317,CPRI,2020-06-19,0 days 15:57:48.626199,857911,15.76,15.75,3408,6319,-2382,2482
318,CPRI,2020-06-19,0 days 15:57:49.628644,854229,15.76,15.75,3308,6219,3682,-2382
319,CPRI,2020-06-19,0 days 15:57:54.640424,857911,15.76,15.75,4100,12224,-182,1182
320,CPRI,2020-06-19,0 days 15:57:55.638999,847229,15.76,15.75,5466,11653,10682,-182
321,CPRI,2020-06-19,0 days 15:57:58.646523,859662,15.76,15.75,4773,11657,-31,1682
322,CPRI,2020-06-19,0 days 15:58:01.653577,850529,15.75,15.74,1304,2105,9133,-6531
323,CPRI,2020-06-19,0 days 15:58:45.760894,857772,15.73,15.72,806,1655,3059,-13105
324,CPRI,2020-06-19,0 days 15:58:49.770802,863471,15.72,15.71,1906,1100,-3757,30988
325,CPRI,2020-06-19,0 days 15:58:50.773086,859364,15.7,15.69,300,13225,4107,-3757
326,CRM,2020-06-19,0 days 15:55:00.144681,3334483,187.57,187.52,100,200,-278050,133286
327,CRM,2020-06-19,0 days 15:58:37.664763,3585509,187.12,187.09,400,400,-5745,3352
328,CRM,2020-06-19,0 days 15:59:28.789343,3616959,187.14,187.09,601,200,26772,-4873
329,CRM,2020-06-19,0 days 15:59:31.797113,3595123,187.15,187.1,1052,316,20208,-1477
330,CRM,2020-06-19,0 days 15:59:34.804182,3604331,187.15,187.1,1184,1200,-12477,7208
331,CRM,2020-06-19,0 days 15:59:36.807561,3605491,187.15,187.12,566,400,9840,-1477
332,CRM,2020-06-19,0 days 15:59:37.810620,3605031,187.14,187.1,301,1138,-309,9840
333,CRM,2020-06-19,0 days 15:59:40.819022,3593886,187.11,187.07,200,100,53245,-64441
334,CRM,2020-06-19,0 days 15:59:48.837248,3608984,187.08,187.05,1000,310,-33860,16495
335,CRM,2020-06-19,0 days 15:59:53.849477,3592137,187.0,186.96,8120,7860,54962,-7450
336,CS,2020-06-19,0 days 15:55:17.166165,77087,10.11,10.1,22822,65826,-20027,29273
337,CS,2020-06-19,0 days 15:55:18.161279,47814,10.11,10.1,22522,65826,29273,-20027
338,CTL,2020-06-19,0 days 15:59:32.786582,9065228,10.13,10.12,18768,105200,1461122,-664450
339,CUK,2020-06-19,0 days 15:56:23.317676,24952,14.96,14.95,700,657,100,-188
340,CUK,2020-06-19,0 days 15:56:24.318854,24752,14.96,14.95,100,757,-121,100
341,CUK,2020-06-19,0 days 15:58:47.663933,24873,14.93,14.92,400,1422,650,-232
342,CUK,2020-06-19,0 days 15:58:48.664608,24223,14.93,14.92,326,1322,-650,650
343,CUK,2020-06-19,0 days 15:59:03.709336,26678,14.95,14.93,919,670,645,-1255
344,CUK,2020-06-19,0 days 15:59:04.703694,26423,14.95,14.93,1119,672,-155,645
345,CX,2020-06-19,0 days 15:59:09.193769,689942,2.87,2.86,99083,175892,10041,-6959
346,CX,2020-06-19,0 days 15:59:18.213508,699983,2.87,2.86,99183,189640,-2374,10041
347,CX,2020-06-19,0 days 15:59:19.215398,696357,2.87,2.86,105583,189640,3626,-2374
348,CX,2020-06-19,0 days 15:59:25.232521,699983,2.87,2.86,102783,162452,-1849,766
349,CX,2020-06-19,0 days 15:59:26.236120,696732,2.87,2.86,102883,159952,3251,-1849
350,CX,2020-06-19,0 days 15:59:46.282705,699983,2.87,2.86,107908,138022,-2674,2201
351,CX,2020-06-19,0 days 15:59:47.289543,697957,2.87,2.86,105305,147098,2026,-2674
352,CX,2020-06-19,0 days 15:59:49.292835,699983,2.87,2.86,104705,144109,-9216,2026
353,CX,2020-06-19,0 days 15:59:50.296507,693299,2.87,2.86,111920,144350,6684,-9216
354,CX,2020-06-19,0 days 16:00:00.382735,699983,2.87,2.86,147738,30460,-21216,6684
355,CXO,2020-06-19,0 days 15:55:09.271850,844752,55.54,55.53,200,100,-198575,7704
356,CXO,2020-06-19,0 days 15:55:24.308006,755694,55.49,55.48,900,300,213358,-542
357,CXO,2020-06-19,0 days 15:56:59.537468,854042,55.51,55.5,311,295,-204219,9681
358,CXO,2020-06-19,0 days 15:57:16.577375,758832,55.49,55.48,100,400,205650,-8250
359,CXO,2020-06-19,0 days 15:57:18.583345,893406,55.52,55.5,464,300,-185726,11250
360,CXO,2020-06-19,0 days 15:57:24.597186,758832,55.49,55.48,400,200,206174,-7726
361,CXO,2020-06-19,0 days 15:58:50.807212,875965,55.49,55.46,201,500,17644,-11356
362,CXO,2020-06-19,0 days 15:59:00.831027,927296,55.54,55.53,120,400,-204352,14948
363,CXO,2020-06-19,0 days 15:59:10.852150,789630,55.45,55.44,1246,400,164234,-72851
364,CXO,2020-06-19,0 days 15:59:12.854543,930057,55.5,55.47,400,928,-11871,11936
365,CXO,2020-06-19,0 days 15:59:21.876364,931057,55.5,55.49,400,100,-2042,8350
366,CXO,2020-06-19,0 days 15:59:32.899238,930357,55.52,55.51,996,334,-211185,2715
367,CXO,2020-06-19,0 days 15:59:34.905756,844342,55.5,55.49,306,1035,85015,-128885
368,CXO,2020-06-19,0 days 15:59:35.906951,930357,55.51,55.49,587,1168,-206985,85015
369,CXO,2020-06-19,0 days 15:59:39.916277,842948,55.51,55.49,1111,1391,86409,-129291
370,DAL,2020-06-19,0 days 15:58:11.623218,4271449,29.55,29.54,2456,9856,-28358,5732
371,DAL,2020-06-19,0 days 15:58:24.654927,4285849,29.53,29.52,13355,16618,-13858,38432
372,DAL,2020-06-19,0 days 15:58:43.703556,4328534,29.53,29.52,900,26995,22559,-72731
373,DAL,2020-06-19,0 days 15:58:44.706413,4257903,29.54,29.53,11327,9301,-70731,22559
374,DAL,2020-06-19,0 days 15:59:05.762508,4329268,29.56,29.55,7661,9084,15882,-66382
375,DAL,2020-06-19,0 days 15:59:17.759559,4340614,29.55,29.54,9026,8957,86,-2104
376,DAL,2020-06-19,0 days 15:59:50.827891,4316564,29.53,29.52,6602,6018,-43082,36708
377,DB,2020-06-19,0 days 15:58:46.710749,89044,9.23,9.22,142565,62054,-1478,5698
378,DB,2020-06-19,0 days 15:59:01.752398,90502,9.23,9.22,131535,64497,2422,-1478
379,DB,2020-06-19,0 days 15:59:19.755737,93256,9.23,9.22,132406,51288,-435,1875
380,DD,2020-06-19,0 days 15:59:56.867894,3861546,52.63,52.58,1100,10097,10064,-42166
381,DELL,2020-06-19,0 days 15:55:14.626428,482913,49.09,49.08,1201,242,-117,2483
382,DELL,2020-06-19,0 days 15:55:25.653755,483030,49.06,49.04,1500,200,83,-117
383,DELL,2020-06-19,0 days 15:55:26.656099,482913,49.06,49.04,800,493,-117,83
384,DELL,2020-06-19,0 days 15:55:27.659029,484030,49.06,49.05,1617,221,183,-117
385,DELL,2020-06-19,0 days 15:55:36.683434,485402,49.06,49.05,733,200,-628,872
386,DELL,2020-06-19,0 days 15:55:37.683584,485230,49.05,49.03,439,400,172,-628
387,DELL,2020-06-19,0 days 15:56:07.754663,485402,49.06,49.04,1000,461,-180,20
388,DELL,2020-06-19,0 days 15:56:51.861099,483383,48.99,48.98,700,100,2195,-205
389,DELL,2020-06-19,0 days 15:57:33.962388,488608,48.96,48.93,1108,492,-588,412
390,DELL,2020-06-19,0 days 15:57:34.963966,487195,48.96,48.93,2808,392,113,-588
391,DELL,2020-06-19,0 days 15:57:40.979093,489608,48.97,48.95,1264,1063,-687,113
392,DELL,2020-06-19,0 days 15:57:46.994805,494695,48.97,48.95,1363,1275,4513,-587
393,DELL,2020-06-19,0 days 15:58:13.060114,498077,48.92,48.91,1860,2998,-1327,5373
394,DELL,2020-06-19,0 days 15:59:07.188804,506439,48.9,48.88,914,1467,7044,-196
395,DELL,2020-06-19,0 days 15:59:08.193198,505883,48.9,48.88,656,1468,-556,7044
396,DELL,2020-06-19,0 days 15:59:47.290003,515076,48.94,48.92,200,307,-5080,1920
397,DELL,2020-06-19,0 days 15:59:48.293778,513356,48.91,48.9,200,100,7320,-5080
398,DFS,2020-06-19,0 days 15:50:00.402057,2922393,54.28,54.21,100,200,-141279,339423
399,DFS,2020-06-19,0 days 15:50:01.397614,3040222,54.18,54.01,100,300,345023,-141279
400,DFS,2020-06-19,0 days 15:52:30.754176,2922393,54.22,54.21,300,400,-139607,335495
401,DFS,2020-06-19,0 days 15:52:31.756266,3049750,54.22,54.21,405,200,335495,-139607
402,DFS,2020-06-19,0 days 15:53:36.913272,2922393,54.25,54.22,234,700,-130107,332745
403,DFS,2020-06-19,0 days 15:54:02.975470,3052500,54.24,54.23,504,800,332745,-130107
404,DFS,2020-06-19,0 days 15:54:05.982097,2922393,54.26,54.23,600,502,-130107,332745
405,DFS,2020-06-19,0 days 15:54:09.991880,3049750,54.24,54.21,300,500,335495,-130107
406,DFS,2020-06-19,0 days 15:54:17.010167,2922393,54.26,54.22,500,1300,-130107,332745
407,DFS,2020-06-19,0 days 15:54:25.028422,3052500,54.26,54.23,300,400,332745,-130107
408,DFS,2020-06-19,0 days 15:54:30.041959,2922393,54.25,54.23,111,2800,-139607,332745
409,DFS,2020-06-19,0 days 15:54:40.067769,3049750,54.22,54.18,100,1900,335495,-139607
410,DFS,2020-06-19,0 days 15:54:46.077799,2922393,54.26,54.21,685,1100,-139607,335495
411,DFS,2020-06-19,0 days 15:54:50.090754,3052500,54.23,54.22,300,100,332745,-139607
412,DFS,2020-06-19,0 days 15:55:10.141215,3357267,54.22,54.19,100,200,313012,-152590
413,DFS,2020-06-19,0 days 15:55:32.194537,3497779,54.19,54.16,404,700,-495,5105
414,DFS,2020-06-19,0 days 15:55:33.197345,3485974,54.18,54.16,300,1340,11805,-495
415,DFS,2020-06-19,0 days 15:56:11.287659,3498179,54.04,54.02,800,860,-8291,6809
416,DFS,2020-06-19,0 days 15:56:12.293777,3477570,54.02,54.0,1300,500,20609,-8291
417,DFS,2020-06-19,0 days 15:56:25.321629,3551039,54.06,54.05,372,200,-15277,6669
418,DFS,2020-06-19,0 days 15:56:26.323669,3519370,54.02,54.0,400,234,31669,-15277
419,DFS,2020-06-19,0 days 15:57:40.499510,3561086,53.8,53.79,1000,1395,-21400,13400
420,DFS,2020-06-19,0 days 15:57:41.502528,3550386,53.79,53.78,809,12393,10700,-21400
421,DFS,2020-06-19,0 days 15:57:50.524623,3561089,53.83,53.81,573,900,-34041,859
422,DFS,2020-06-19,0 days 15:57:51.526543,3554630,53.81,53.8,400,700,6459,-34041
423,DFS,2020-06-19,0 days 15:57:54.534087,3561089,53.8,53.78,1798,12593,-28741,6259
424,DFS,2020-06-19,0 days 15:57:55.536175,3558030,53.8,53.78,2298,11993,3059,-28741
425,DFS,2020-06-19,0 days 15:58:08.567309,3564150,53.79,53.77,639,200,-22380,9097
426,DFS,2020-06-19,0 days 15:58:21.600137,3561312,53.81,53.8,1900,200,-56318,22920
427,DFS,2020-06-19,0 days 15:58:22.602284,3559630,53.81,53.8,2103,300,1682,-56318
428,DFS,2020-06-19,0 days 15:58:42.650235,3556056,53.75,53.74,1590,500,8194,-6506
429,DFS,2020-06-19,0 days 15:58:50.670678,3557256,53.76,53.75,1000,500,6994,-6706
430,DFS,2020-06-19,0 days 15:58:51.673395,3564150,53.78,53.77,310,300,-9806,6994
431,DFS,2020-06-19,0 days 15:58:52.674221,3558756,53.77,53.76,510,489,5394,-9806
432,DFS,2020-06-19,0 days 15:59:00.695517,3565934,53.77,53.75,1458,700,-5755,8255
433,DFS,2020-06-19,0 days 15:59:01.697828,3560644,53.76,53.75,300,1100,5290,-5755
434,DFS,2020-06-19,0 days 15:59:11.721523,3633151,53.81,53.79,826,500,-40861,6777
435,DFS,2020-06-19,0 days 15:59:12.722616,3628758,53.81,53.79,1426,1200,4393,-40861
436,DFS,2020-06-19,0 days 15:59:20.743192,3644002,53.82,53.8,500,100,-3116,14138
437,DFS,2020-06-19,0 days 15:59:21.744384,3638864,53.82,53.8,100,702,5138,-3116
438,DFS,2020-06-19,0 days 15:59:25.754419,3644174,53.81,53.8,1000,157,-149036,5070
439,DFS,2020-06-19,0 days 15:59:26.756134,3643716,53.75,53.74,300,200,76596,-149036
440,DFS,2020-06-19,0 days 15:59:27.759000,3649112,53.76,53.74,200,300,-10807,76596
441,DFS,2020-06-19,0 days 15:59:44.799442,3666934,53.78,53.73,637,418,-14086,20564
442,DFS,2020-06-19,0 days 15:59:45.802155,3682218,53.83,53.79,600,200,14347,-14086
443,DFS,2020-06-19,0 days 15:59:46.803999,3680627,53.8,53.76,997,300,-45991,14347
444,DFS,2020-06-19,0 days 15:59:48.812466,3667203,53.79,53.76,1100,344,58662,-6148
445,DFS,2020-06-19,0 days 15:59:52.818083,3652803,53.81,53.71,1040,800,30962,-48476
446,DHI,2020-06-19,0 days 15:58:26.747029,2016367,56.14,56.11,300,500,295,-29051
447,DHI,2020-06-19,0 days 15:58:35.768925,1995339,56.12,56.1,700,600,-21028,18867
448,DHI,2020-06-19,0 days 15:58:41.782459,2016367,56.12,56.11,517,200,861,-1228
449,DHI,2020-06-19,0 days 15:58:42.784908,1972053,56.13,56.12,100,1105,-44314,861
450,DHI,2020-06-19,0 days 15:58:43.786868,2016367,56.12,56.11,400,610,13161,-44314
451,DHI,2020-06-19,0 days 15:58:44.789876,2008853,56.13,56.12,130,1010,-7514,13161
452,DHI,2020-06-19,0 days 15:59:08.849932,2065971,56.17,56.15,400,703,7632,-16376
453,DHI,2020-06-19,0 days 15:59:09.847503,2057428,56.17,56.15,631,645,-8843,7632
454,DHI,2020-06-19,0 days 15:59:17.867514,2093132,56.11,56.1,228,600,-3605,10070
455,DHI,2020-06-19,0 days 15:59:27.891331,2096737,56.1,56.09,2900,190,1044,-1032
456,DHI,2020-06-19,0 days 15:59:28.892813,2100526,56.1,56.08,2900,1223,-1523,1044
457,DHI,2020-06-19,0 days 15:59:40.920313,2102049,56.1,56.09,1937,598,9563,-1232
458,DHI,2020-06-19,0 days 15:59:41.921679,2096937,56.1,56.09,937,840,-5112,9563
459,DHI,2020-06-19,0 days 15:59:42.922598,2102049,56.1,56.09,863,390,1260,-5112
460,DHI,2020-06-19,0 days 15:59:56.956025,2105100,56.06,56.04,500,7389,12931,-26452
461,DHT,2020-06-19,0 days 15:59:01.752146,250373,5.32,5.31,27366,13620,-901,5477
462,DHT,2020-06-19,0 days 15:59:07.764997,251468,5.32,5.31,27465,21675,3317,-901
463,DLPH,2020-06-19,0 days 15:55:00.251657,178167,13.95,13.94,900,4300,37,-6937
464,DLR,2020-06-19,0 days 15:50:01.524515,2293117,140.07,139.85,100,236,-1058,1242
465,DLR,2020-06-19,0 days 15:59:23.879519,2704365,139.94,139.89,500,4354,11549,-2351
466,DLR,2020-06-19,0 days 15:59:26.889168,2704265,139.94,139.89,251,4195,11249,-15551
467,DLR,2020-06-19,0 days 15:59:27.891361,2676514,140.0,139.93,200,200,-37312,11249
468,DLR,2020-06-19,0 days 15:59:28.892939,2708526,139.94,139.89,278,4472,1688,-37312
469,DLR,2020-06-19,0 days 15:59:35.906612,2688334,139.94,139.89,301,4359,-15892,15308
470,DLR,2020-06-19,0 days 15:59:37.911563,2706326,139.88,139.84,704,300,13898,-2092
471,DLR,2020-06-19,0 days 15:59:47.935699,2695198,139.86,139.77,900,200,-7443,4634
472,DOC,2020-06-19,0 days 15:55:54.428559,2068268,17.77,17.76,6300,1347,809,-2753
473,DOC,2020-06-19,0 days 15:56:36.530044,2085640,17.81,17.8,3139,4227,-4615,647
474,DOC,2020-06-19,0 days 15:56:37.533727,2083593,17.81,17.8,3649,3027,2047,-4615
475,DOC,2020-06-19,0 days 15:57:03.600454,2085640,17.81,17.8,2760,11998,-46117,4327
476,DRE,2020-06-19,0 days 15:59:44.928902,3456645,35.64,35.63,1400,700,46986,-46052
477,DRE,2020-06-19,0 days 15:59:45.932157,3391542,35.67,35.66,1802,800,-65103,46986
478,DRH,2020-06-19,0 days 15:59:28.804194,2641484,5.69,5.68,12087,16156,3898,-24240
479,DRH,2020-06-19,0 days 15:59:45.845071,2630582,5.69,5.68,25104,5565,-10902,29120
480,DVN,2020-06-19,0 days 15:56:08.385709,4145328,12.93,12.92,7724,14341,35728,-7406
481,DVN,2020-06-19,0 days 15:56:09.393798,4136056,12.93,12.92,1584,20107,-9272,35728
482,DVN,2020-06-19,0 days 15:56:54.501378,4145668,12.94,12.93,13347,3488,12500,-3380
483,DVN,2020-06-19,0 days 15:56:55.502743,4144568,12.94,12.93,12747,3888,-900,12500
484,DVN,2020-06-19,0 days 15:57:09.533194,4148352,12.93,12.92,6610,13907,1106,-3299
485,DVN,2020-06-19,0 days 15:57:10.539601,4142658,12.93,12.92,5692,15207,-5694,1106
486,DVN,2020-06-19,0 days 15:57:18.554843,4148552,12.94,12.93,11400,9602,120736,-5694
487,DVN,2020-06-19,0 days 15:57:46.623629,4269317,12.95,12.94,9729,10257,-10149,2951
488,DVN,2020-06-19,0 days 15:59:46.912316,4584389,12.97,12.96,17204,3763,90619,-41164
489,ELAN,2020-06-19,0 days 15:57:57.018349,1746923,22.36,22.35,14618,3567,-2459,15073
490,ELAN,2020-06-19,0 days 15:57:59.026559,1734450,22.34,22.33,200,1738,12473,-4359
491,ELAN,2020-06-19,0 days 15:58:01.028767,1746923,22.35,22.34,400,2040,-3559,30673
492,ELAN,2020-06-19,0 days 15:58:02.030706,1739750,22.35,22.34,2000,1240,7173,-3559
493,ELAN,2020-06-19,0 days 15:58:05.037730,1746923,22.35,22.34,3200,400,-9459,12473
494,ENB,2020-06-19,0 days 15:56:05.359407,188962,31.17,31.16,3620,4763,1567,-2033
495,ENB,2020-06-19,0 days 15:56:10.370640,190529,31.17,31.16,859,9330,-984,849
496,ENB,2020-06-19,0 days 15:56:11.372696,189213,31.18,31.17,14412,2600,1316,-984
497,ENB,2020-06-19,0 days 15:57:51.612203,190325,31.17,31.16,5328,6745,1404,-696
498,ENB,2020-06-19,0 days 15:57:58.630057,193129,31.17,31.16,3629,7541,-496,1504
499,ENB,2020-06-19,0 days 15:57:59.631592,191625,31.17,31.16,3029,7441,1504,-496
500,ENB,2020-06-19,0 days 15:59:01.786321,197032,31.16,31.15,5610,5998,-1084,2192
501,ENB,2020-06-19,0 days 15:59:20.828863,196779,31.16,31.15,12161,710,477,-1823
502,ENB,2020-06-19,0 days 15:59:35.864852,197256,31.15,31.14,11415,8620,-823,377
503,ENB,2020-06-19,0 days 15:59:47.893534,204576,31.14,31.13,652,8500,-1003,5197
504,ENB,2020-06-19,0 days 15:59:50.901981,201679,31.14,31.13,14080,3700,2897,-1003
505,ENLC,2020-06-19,0 days 15:55:01.172083,2939534,2.72,2.71,11938,11347,1213062,-1261019
506,EPD,2020-06-19,0 days 15:55:01.301011,742677,19.1,19.09,8478,2766,-3985,44415
507,EPD,2020-06-19,0 days 15:57:17.629197,877187,19.09,19.08,4500,7600,10442,-32510
508,EPD,2020-06-19,0 days 15:59:01.880267,879371,19.06,19.05,4692,8361,7457,-6643
509,EPD,2020-06-19,0 days 15:59:27.937258,890056,19.07,19.06,1730,18322,-2293,5773
510,EPD,2020-06-19,0 days 15:59:44.978394,887472,19.1,19.09,4200,2434,2384,-30616
511,EPD,2020-06-19,0 days 15:59:47.986068,890056,19.11,19.1,7685,9781,-1007,803
512,EPRT,2020-06-19,0 days 15:55:10.179384,1722661,17.02,17.01,449,359,21605,-3300
513,EPRT,2020-06-19,0 days 15:55:11.181941,1721666,17.02,17.01,100,759,-995,21605
514,EPRT,2020-06-19,0 days 15:55:28.222944,1722661,17.03,17.02,974,400,5,-995
515,EPRT,2020-06-19,0 days 15:55:29.224887,1722166,17.03,17.02,974,400,-495,5
516,EPRT,2020-06-19,0 days 15:55:45.263864,1688329,17.0,16.98,649,400,34214,-168
517,EPRT,2020-06-19,0 days 15:56:07.317640,1722519,17.02,17.01,431,969,-32292,9808
518,EPRT,2020-06-19,0 days 15:56:09.322753,1708729,17.01,16.98,749,1900,42990,-3192
519,EPRT,2020-06-19,0 days 15:57:06.459318,1727505,17.0,16.98,1247,1610,-141165,1722
520,EPRT,2020-06-19,0 days 15:59:18.781680,2113779,17.03,17.02,200,1662,-33738,229828
521,EPRT,2020-06-19,0 days 15:59:19.784020,2026469,17.02,17.0,649,600,87310,-33738
522,EPRT,2020-06-19,0 days 15:59:30.811530,2126961,17.06,17.03,547,2249,-40217,4549
523,EPRT,2020-06-19,0 days 15:59:37.825773,2118044,17.08,17.06,947,889,-26234,31327
524,EPRT,2020-06-19,0 days 15:59:38.827470,2113178,17.08,17.06,1231,758,4866,-26234
525,EPRT,2020-06-19,0 days 15:59:45.845071,2118877,17.07,17.05,100,500,-26318,25260
526,EPRT,2020-06-19,0 days 15:59:46.846728,2113995,17.06,17.05,2385,562,7807,-26318
527,EQH,2020-06-19,0 days 15:59:08.769874,2188307,19.65,19.64,1800,8664,86156,-140203
528,EQH,2020-06-19,0 days 15:59:09.769954,2093988,19.65,19.64,3687,6639,-94319,86156
529,EQH,2020-06-19,0 days 15:59:10.766320,2186192,19.64,19.63,2283,2787,6871,-94319
530,EQH,2020-06-19,0 days 15:59:17.759028,2188307,19.64,19.63,4261,2683,167141,-4969
531,EQH,2020-06-19,0 days 15:59:18.758462,2277673,19.65,19.64,4032,3200,-17034,167141
532,EQH,2020-06-19,0 days 15:59:19.755187,2272938,19.65,19.64,3657,2910,20821,-17034
533,EQH,2020-06-19,0 days 15:59:20.758416,2293984,19.65,19.64,3659,2719,-7154,20821
534,EQH,2020-06-19,0 days 15:59:21.760362,2287138,19.65,19.64,4433,1888,6621,-7154
535,EQH,2020-06-19,0 days 15:59:35.791712,2290030,19.65,19.64,632,6977,1229,-10446
536,EQH,2020-06-19,0 days 15:59:46.817304,2292989,19.65,19.64,704,5372,3158,-4780
537,EQH,2020-06-19,0 days 15:59:47.819184,2296372,19.65,19.64,640,9102,-19632,3158
538,EQH,2020-06-19,0 days 15:59:55.839241,2269279,19.69,19.68,7361,100,-19379,12594
539,EQNR,2020-06-19,0 days 15:59:02.726914,64893,14.49,14.48,21627,34530,-7696,7401
540,EQNR,2020-06-19,0 days 15:59:03.729956,59389,14.49,14.48,22227,34556,5504,-7696
541,EQR,2020-06-19,0 days 15:59:18.781844,3090251,59.78,59.76,600,2300,-225876,176199
542,ET,2020-06-19,0 days 15:57:17.628546,2738776,7.98,7.97,50291,32220,-174593,394001
543,ETRN,2020-06-19,0 days 15:59:41.921280,23151343,8.92,8.91,20157,8067,1061870,-161976
544,FCAU,2020-06-19,0 days 15:56:11.372725,284829,9.3,9.29,22380,16563,-5430,731
545,FCAU,2020-06-19,0 days 15:56:12.376128,283998,9.3,9.29,21285,16763,831,-5430
546,FCAU,2020-06-19,0 days 15:57:02.495781,284829,9.3,9.29,18489,17274,-3964,831
547,FE,2020-06-19,0 days 15:59:59.942414,3059763,38.98,38.97,46955,76384,36687,-74620
548,FHN,2020-06-19,0 days 15:56:11.325498,1292283,10.35,10.34,18044,33423,-16850,18753
549,FHN,2020-06-19,0 days 15:56:12.330855,1282730,10.35,10.34,19244,32223,9553,-16850
550,FHN,2020-06-19,0 days 15:57:45.551873,1292572,10.34,10.33,16112,34053,-13483,1620
551,FHN,2020-06-19,0 days 15:57:46.553991,1285252,10.34,10.33,19412,33053,7320,-13483
552,FHN,2020-06-19,0 days 15:57:54.574163,1292572,10.34,10.33,38958,25668,-2983,5820
553,FHN,2020-06-19,0 days 15:57:55.575259,1283352,10.34,10.33,52261,13669,9220,-2983
554,FHN,2020-06-19,0 days 15:57:56.577981,1292572,10.34,10.33,51661,13669,-5883,9220
555,FHN,2020-06-19,0 days 15:58:00.590924,1290352,10.33,10.32,28683,13976,3220,-20683
556,FHN,2020-06-19,0 days 15:58:06.602733,1312942,10.33,10.32,36666,11676,-5113,3520
557,FHN,2020-06-19,0 days 15:58:07.606093,1316852,10.33,10.32,36923,14176,5905,-5113
558,FHN,2020-06-19,0 days 15:59:05.747683,1324851,10.34,10.33,38854,27175,2945,-16258
559,FHN,2020-06-19,0 days 15:59:50.855376,1328282,10.33,10.32,40628,7593,19271,-15932
560,FIT,2020-06-19,0 days 15:56:01.398229,701912,6.36,6.35,69584,12366,-3233,11413
561,FIT,2020-06-19,0 days 15:56:02.399158,691645,6.36,6.35,71748,12491,10267,-3233
562,FIT,2020-06-19,0 days 15:59:23.879759,755231,6.37,6.36,102423,53363,7876,-13924
563,FIT,2020-06-19,0 days 15:59:49.940697,777604,6.37,6.36,102770,31854,-5727,3973
564,FIT,2020-06-19,0 days 15:59:50.942127,682631,6.37,6.36,102141,25994,94973,-5727
565,FLR,2020-06-19,0 days 15:59:17.918921,728167,13.54,13.53,10566,500,-101242,51659
566,FLR,2020-06-19,0 days 15:59:21.922144,729708,13.49,13.48,3555,1201,859,-6738
567,FLR,2020-06-19,0 days 15:59:30.945682,730167,13.52,13.51,800,3601,-4250,2787
568,FLR,2020-06-19,0 days 15:59:48.988346,731767,13.52,13.51,10193,4046,-2886,3919
569,FNB,2020-06-19,0 days 15:55:00.299810,2960511,7.64,7.63,15476,19884,-18086,171529
570,FNB,2020-06-19,0 days 15:56:02.448099,3004317,7.64,7.63,26173,14234,1507,-23166
571,FNB,2020-06-19,0 days 15:59:16.916929,3078460,7.64,7.63,25146,9688,137,-26697
572,FNB,2020-06-19,0 days 15:59:17.918921,3078597,7.64,7.63,25277,16575,-61058,137
573,FRO,2020-06-19,0 days 15:59:16.819610,115017,7.62,7.61,13887,8336,-15650,1392
574,FSK,2020-06-19,0 days 15:55:00.159950,200910,14.01,14.0,5136,13812,-1454,41152
575,FSK,2020-06-19,0 days 15:59:20.786559,215714,14.01,14.0,4090,20719,9936,-12764
576,FSK,2020-06-19,0 days 15:59:21.788207,215050,14.01,14.0,4526,20419,-664,9936
577,FSK,2020-06-19,0 days 15:59:27.803351,215714,14.01,14.0,4831,21934,703,-664
578,FSK,2020-06-19,0 days 15:59:28.804125,215117,14.01,14.0,3931,22334,-597,703
579,FSK,2020-06-19,0 days 15:59:43.839934,215814,14.01,14.0,2833,21534,570,-597
580,FSK,2020-06-19,0 days 15:59:44.842669,215584,14.01,14.0,2833,21034,-130,570
581,FSK,2020-06-19,0 days 15:59:45.845007,215814,14.01,14.0,1505,37441,1038,-130
582,FSK,2020-06-19,0 days 15:59:46.846674,215652,14.01,14.0,1551,38941,-62,1038
583,FSK,2020-06-19,0 days 15:59:47.849925,215814,14.01,14.0,1551,39008,1105,-62
584,FSLY,2020-06-19,0 days 15:59:15.206951,1340581,62.72,62.71,204,875,723053,-171910
585,FTI,2020-06-19,0 days 15:59:15.755095,3361869,7.6,7.59,26711,40105,-104971,206150
586,FTI,2020-06-19,0 days 15:59:17.758965,3434953,7.57,7.56,33900,65700,90274,-74859
587,GCI,2020-06-19,0 days 15:56:19.347406,1123916,1.86,1.85,14692,55802,9044,-7956
588,GFI,2020-06-19,0 days 15:55:00.161516,5832082,8.21,8.2,49755,12320,-212712,576937
589,GFI,2020-06-19,0 days 15:59:01.738192,6050093,8.19,8.18,30479,106343,-5355,51280
590,GIS,2020-06-19,0 days 15:57:03.438599,6070972,61.44,61.43,1401,3858,86945,-83442
591,GIS,2020-06-19,0 days 15:57:04.440676,5995961,61.5,61.49,4109,2200,-75411,86945
592,GIS,2020-06-19,0 days 15:57:56.568360,6072572,61.51,61.5,2500,2050,17437,-41159
593,GIS,2020-06-19,0 days 15:57:57.572250,5987613,61.53,61.52,3000,549,-84959,17437
594,GIS,2020-06-19,0 days 15:58:17.617279,6073927,61.47,61.46,180,1400,41961,-71335
595,GIS,2020-06-19,0 days 15:58:18.622119,6068888,61.47,61.46,400,1800,-5039,41961
596,GIS,2020-06-19,0 days 15:58:27.643553,6070150,61.45,61.44,1070,705,-3377,8623
597,GIS,2020-06-19,0 days 15:58:30.648516,6073527,61.45,61.44,6234,553,3279,-377
598,GIS,2020-06-19,0 days 15:59:16.764299,6134783,61.57,61.56,500,2809,316113,-46497
599,GM,2020-06-19,0 days 15:57:52.568534,11669429,26.58,26.57,8573,8404,19000,-18800
600,GM,2020-06-19,0 days 15:57:53.571166,11645729,26.58,26.57,5211,10737,-23700,19000
601,GM,2020-06-19,0 days 15:57:54.574132,11669429,26.57,26.56,4100,9266,20500,-23700
602,GM,2020-06-19,0 days 15:57:55.575259,11649629,26.59,26.58,7420,2919,-19800,20500
603,GM,2020-06-19,0 days 15:58:31.663768,11673068,26.58,26.57,3800,15419,-16612,40818
604,GM,2020-06-19,0 days 15:58:32.666416,11689680,26.58,26.57,7799,12125,39917,-16612
605,GM,2020-06-19,0 days 15:58:33.667905,11683997,26.58,26.57,10806,9658,-5683,39917
606,GM,2020-06-19,0 days 15:58:41.687202,11693080,26.58,26.57,10319,16373,6947,-9083
607,GM,2020-06-19,0 days 15:59:14.772017,11699615,26.59,26.58,12844,6586,-909,88647
608,GM,2020-06-19,0 days 15:59:15.774936,11700524,26.59,26.58,9395,11424,539801,-909
609,GM,2020-06-19,0 days 15:59:17.779305,11634632,26.63,26.62,15294,9094,-92781,156995
610,GM,2020-06-19,0 days 15:59:20.786635,11727413,26.62,26.61,3787,7971,274417,-12481
611,GM,2020-06-19,0 days 15:59:21.788263,11637642,26.63,26.62,25588,7730,-89771,274417
612,GM,2020-06-19,0 days 15:59:22.788854,11727413,26.62,26.61,5626,8191,264217,-89771
613,GME,2020-06-19,0 days 15:55:00.171115,2337447,4.71,4.7,19023,6618,264657,-185396
614,GNW,2020-06-19,0 days 15:56:15.351595,2179871,2.69,2.68,26950,43680,-36497,20003
615,GNW,2020-06-19,0 days 15:56:16.352673,2052768,2.69,2.68,55250,17980,127103,-36497
616,GNW,2020-06-19,0 days 15:57:01.460926,2208529,2.68,2.67,47353,51715,-92139,186761
617,GNW,2020-06-19,0 days 15:57:02.461742,2190768,2.68,2.67,48853,50215,17761,-92139
618,GNW,2020-06-19,0 days 15:59:45.815179,2237611,2.69,2.68,43450,81036,650,-12550
619,GOLD,2020-06-19,0 days 15:55:36.255822,2778805,24.44,24.43,7104,18112,-22301,8399
620,GOLD,2020-06-19,0 days 15:56:20.360462,2779907,24.45,24.44,39606,2102,-21199,7614
621,GOLD,2020-06-19,0 days 15:57:34.533795,2806877,24.46,24.45,11477,20053,1584,-30829
622,GOLD,2020-06-19,0 days 15:58:25.657528,2779447,24.45,24.44,48801,17789,-21731,13182
623,GOLD,2020-06-19,0 days 15:59:36.794082,2971439,24.51,24.5,23203,21800,-2590,145723
624,GOLD,2020-06-19,0 days 15:59:43.809682,2977469,24.49,24.48,32222,609,9399,-100430
625,GRUB,2020-06-19,0 days 15:57:47.995699,463710,63.74,63.73,100,200,-2250,2355
626,GRUB,2020-06-19,0 days 15:57:48.998301,461655,63.71,63.66,836,500,2055,-2250
627,GRUB,2020-06-19,0 days 15:57:52.005136,463710,63.73,63.7,300,300,-2250,2855
628,GRUB,2020-06-19,0 days 15:57:53.009011,461855,63.72,63.7,309,400,1855,-2250
629,GRUB,2020-06-19,0 days 15:57:54.009795,463710,63.72,63.7,309,662,-3150,1855
630,GRUB,2020-06-19,0 days 15:57:55.013336,462655,63.72,63.7,100,402,1055,-3150
631,GRUB,2020-06-19,0 days 15:57:58.020450,463710,63.76,63.73,300,520,-1950,955
632,GRUB,2020-06-19,0 days 15:57:59.026688,460055,63.76,63.73,300,320,3655,-1950
633,GRUB,2020-06-19,0 days 15:58:01.028797,463710,63.76,63.73,678,399,-8650,955
634,GRUB,2020-06-19,0 days 15:58:02.030738,461455,63.76,63.73,1090,200,2255,-8650
635,GRUB,2020-06-19,0 days 15:58:04.034400,463710,63.72,63.71,200,400,-3650,4255
636,GRUB,2020-06-19,0 days 15:58:05.037762,463155,63.72,63.68,200,200,555,-3650
637,GRUB,2020-06-19,0 days 15:59:00.175770,463229,63.75,63.71,700,755,481,-9824
638,GRUB,2020-06-19,0 days 15:59:01.173917,462710,63.76,63.74,200,301,-4384,481
639,GRUB,2020-06-19,0 days 15:59:28.238920,521264,63.88,63.85,305,333,1824,-4581
640,GRUB,2020-06-19,0 days 15:59:38.265777,523088,63.92,63.9,600,1001,-1305,2219
641,GRUB,2020-06-19,0 days 15:59:49.293055,525157,63.92,63.9,109,306,25,-77
642,GRUB,2020-06-19,0 days 15:59:50.296772,525182,63.97,63.91,300,1116,-3906,25
643,GSX,2020-06-19,0 days 15:55:44.308231,174535,57.95,57.91,200,651,-423,1477
644,GSX,2020-06-19,0 days 15:56:37.434693,175359,57.95,57.9,300,380,205,-1195
645,GSX,2020-06-19,0 days 15:56:38.437964,173764,57.94,57.88,263,476,-95,205
646,GSX,2020-06-19,0 days 15:57:19.535466,173764,57.95,57.91,300,600,-1595,1005
647,GSX,2020-06-19,0 days 15:57:40.585970,178259,57.96,57.93,5066,1400,105,-1895
648,GSX,2020-06-19,0 days 15:57:42.590133,176964,57.96,57.93,4987,1600,-1295,2305
649,GSX,2020-06-19,0 days 15:57:44.595382,178259,57.96,57.93,2500,1600,705,-1295
650,GSX,2020-06-19,0 days 15:57:46.600176,177264,57.96,57.93,2500,1800,-995,805
651,GSX,2020-06-19,0 days 15:58:04.643985,175359,57.91,57.89,300,200,2605,-395
652,GSX,2020-06-19,0 days 15:58:05.646399,175264,57.91,57.89,762,100,-95,2605
653,GSX,2020-06-19,0 days 15:58:06.649323,173926,57.91,57.86,1661,820,1438,-95
654,GSX,2020-06-19,0 days 15:58:33.714880,174764,57.96,57.93,1608,524,-3562,2938
655,GSX,2020-06-19,0 days 15:58:35.719372,176826,57.96,57.93,1906,501,1038,-462
656,GSX,2020-06-19,0 days 15:58:39.729037,175886,57.93,57.92,300,812,578,-2022
657,GSX,2020-06-19,0 days 15:59:01.786041,179562,57.97,57.93,2117,1311,102,-1098
658,GSX,2020-06-19,0 days 15:59:11.808133,176443,57.97,57.93,2295,1987,-463,2237
659,GSX,2020-06-19,0 days 15:59:12.811259,176906,57.97,57.93,2295,1987,837,-463
660,GSX,2020-06-19,0 days 15:59:21.830491,196243,57.93,57.92,497,1100,-662,337
661,GSX,2020-06-19,0 days 15:59:24.838360,195505,57.92,57.87,657,400,738,-662
662,GSX,2020-06-19,0 days 15:59:26.842618,191843,57.92,57.87,657,1100,-262,4338
663,GSX,2020-06-19,0 days 15:59:35.864564,192105,57.92,57.87,628,1059,1638,-262
664,GSX,2020-06-19,0 days 15:59:39.873150,185843,57.91,57.87,500,2019,-6262,5238
665,GSX,2020-06-19,0 days 15:59:40.876608,192105,57.89,57.84,800,501,1638,-6262
666,GSX,2020-06-19,0 days 15:59:56.913990,185643,57.9,57.78,1210,600,-6790,1510
667,GSX,2020-06-19,0 days 16:00:00.921450,187333,57.81,57.8,15653,2105,1510,-6790
668,HAL,2020-06-19,0 days 15:56:07.304040,6457434,13.05,13.04,10600,51012,135445,-46754
669,HAL,2020-06-19,0 days 15:57:47.543180,6543692,13.05,13.04,27191,10656,-2594,71406
670,HAL,2020-06-19,0 days 15:57:49.548229,6546286,13.05,13.04,28691,7852,22106,-2594
671,HAL,2020-06-19,0 days 15:57:50.550627,6543692,13.05,13.04,28691,8860,-80694,22106
672,HAL,2020-06-19,0 days 15:57:54.561738,6780286,13.04,13.03,10634,24876,22706,-125494
673,HAL,2020-06-19,0 days 15:58:01.583523,6682692,13.04,13.03,12547,28518,-19594,42206
674,HAL,2020-06-19,0 days 15:59:04.732710,6779146,13.05,13.04,22160,35265,487,-1789
675,HAL,2020-06-19,0 days 15:59:05.734865,6680933,13.05,13.04,25853,27866,-98213,487
676,HCA,2020-06-19,0 days 15:55:01.595537,383439,98.21,98.16,217,126,-2659,20841
677,HCA,2020-06-19,0 days 15:56:51.861099,402543,97.78,97.75,500,400,-4080,294
678,HCA,2020-06-19,0 days 15:57:15.918558,406830,97.78,97.72,600,200,845,-2098
679,HCA,2020-06-19,0 days 15:57:16.922614,403175,97.78,97.68,510,100,-3529,845
680,HCA,2020-06-19,0 days 15:57:35.966556,407710,97.68,97.65,583,900,590,-3184
681,HCA,2020-06-19,0 days 15:57:36.970102,404100,97.69,97.65,300,1025,-3484,590
682,HCA,2020-06-19,0 days 15:57:57.018541,407723,97.64,97.6,800,400,4077,-3997
683,HCA,2020-06-19,0 days 15:57:59.026758,407800,97.63,97.59,534,493,-697,277
684,HCA,2020-06-19,0 days 15:58:05.037819,408623,97.58,97.56,880,262,1277,-297
685,HCA,2020-06-19,0 days 15:58:06.039895,407500,97.58,97.56,200,362,-997,1277
686,HCA,2020-06-19,0 days 15:58:29.096195,408693,97.57,97.54,881,512,1807,-827
687,HCA,2020-06-19,0 days 15:58:30.099685,407940,97.57,97.54,484,518,-627,1807
688,HCA,2020-06-19,0 days 15:58:42.128634,400850,97.67,97.63,709,550,-2095,879
689,HCA,2020-06-19,0 days 15:58:43.130928,399971,97.67,97.63,509,150,879,-2095
690,HCA,2020-06-19,0 days 15:58:45.134562,394850,97.68,97.65,200,200,-4995,879
691,HCA,2020-06-19,0 days 15:58:48.142243,399650,97.71,97.67,400,200,-11995,679
692,HCA,2020-06-19,0 days 15:59:04.181281,416464,97.84,97.77,806,240,947,-4154
693,HCA,2020-06-19,0 days 15:59:08.193225,411184,97.81,97.77,511,801,-2224,742
694,HCA,2020-06-19,0 days 15:59:20.225475,454762,97.71,97.66,506,421,49,-1234
695,HCA,2020-06-19,0 days 15:59:25.232974,448611,97.6,97.57,800,600,-3081,5193
696,HCA,2020-06-19,0 days 15:59:27.239083,451718,97.57,97.53,100,885,1733,-3081
697,HCA,2020-06-19,0 days 15:59:28.239110,444611,97.57,97.55,367,487,-7081,1733
698,HCA,2020-06-19,0 days 15:59:31.245926,451718,97.55,97.53,399,741,5107,-3041
699,HCA,2020-06-19,0 days 15:59:36.258357,451718,97.55,97.53,318,466,2507,-7267
700,HCA,2020-06-19,0 days 15:59:51.295334,456463,97.55,97.51,1900,827,24002,-7548
701,HEXO,2020-06-19,0 days 15:59:59.874863,1300,0.76,0.75,51059,18849,27188,-1300
702,HL,2020-06-19,0 days 15:59:15.730049,3492728,2.85,2.84,217906,120785,98888,-364958
703,HL,2020-06-19,0 days 15:59:16.733820,3479716,2.85,2.84,219706,111164,-13012,98888
704,HL,2020-06-19,0 days 15:59:19.740106,3492728,2.85,2.84,215854,132656,45302,-12712
705,HLT,2020-06-19,0 days 15:59:52.945803,787047,76.18,76.14,200,1353,12876,-3101
706,HLX,2020-06-19,0 days 15:59:17.758842,1361963,3.71,3.7,8740,30895,133436,-31506
707,HLX,2020-06-19,0 days 15:59:18.758360,1358483,3.71,3.7,5603,31096,-3480,133436
708,HLX,2020-06-19,0 days 15:59:20.758280,1361963,3.71,3.7,5348,31900,2153,-3480
709,HLX,2020-06-19,0 days 15:59:21.760204,1353500,3.71,3.7,4342,33450,-8463,2153
710,HOG,2020-06-19,0 days 15:59:41.272973,12715557,24.83,24.82,2093,388,2940,-290884
711,HOG,2020-06-19,0 days 15:59:44.282018,12717615,24.83,24.82,1500,1068,882,-289818
712,HOG,2020-06-19,0 days 15:59:45.282195,12500957,24.84,24.83,613,789,-265558,882
713,HOG,2020-06-19,0 days 15:59:54.307222,12713510,24.85,24.81,1341,1300,30017,-265783
714,HON,2020-06-19,0 days 15:55:00.203590,1496787,145.91,145.87,100,200,46477,-178201
715,HON,2020-06-19,0 days 15:55:09.223283,1537164,146.04,145.98,712,200,-69,4425
716,HON,2020-06-19,0 days 15:55:10.225747,1533817,145.99,145.9,422,300,9447,-69
717,HON,2020-06-19,0 days 15:55:52.328491,1544528,145.86,145.79,300,400,-2868,3068
718,HON,2020-06-19,0 days 15:55:53.329618,1542096,145.8,145.75,100,500,2268,-2868
719,HON,2020-06-19,0 days 15:56:15.382263,1546049,145.82,145.78,100,500,-5639,1148
720,HON,2020-06-19,0 days 15:56:17.387048,1544808,145.79,145.74,315,225,2873,-3659
721,HON,2020-06-19,0 days 15:59:05.794669,1651600,145.53,145.48,413,1200,-11414,5104
722,HON,2020-06-19,0 days 15:59:06.796766,1647214,145.53,145.48,100,1400,3222,-11414
723,HON,2020-06-19,0 days 15:59:27.846545,1658164,145.48,145.42,200,500,-14916,1913
724,HON,2020-06-19,0 days 15:59:30.853324,1656764,145.52,145.48,200,200,-617,619
725,HON,2020-06-19,0 days 15:59:31.854472,1652181,145.53,145.46,1100,900,4819,-617
726,HON,2020-06-19,0 days 15:59:35.864650,1657164,145.52,145.45,796,700,-11328,21501
727,HON,2020-06-19,0 days 15:59:51.902345,1660086,145.46,145.36,144,300,-4991,1645
728,HON,2020-06-19,0 days 15:59:53.907444,1665077,145.45,145.3,400,501,1645,-4991
729,HON,2020-06-19,0 days 15:59:56.914115,1660186,145.45,145.3,200,2501,-4891,1645
730,HPQ,2020-06-19,0 days 15:57:01.460859,12782114,16.9,16.89,8000,26203,-16986,12887
731,HPQ,2020-06-19,0 days 15:57:10.483496,12775865,16.89,16.88,27169,12322,6349,-5251
732,HPQ,2020-06-19,0 days 15:57:12.484202,12777014,16.91,16.9,4800,26356,-34572,6349
733,HPQ,2020-06-19,0 days 15:57:42.551473,12773630,16.89,16.88,24768,16448,9158,-3142
734,HRB,2020-06-19,0 days 15:59:54.824519,2663475,15.73,15.72,12544,24796,-41507,38288
735,HSBC,2020-06-19,0 days 15:56:04.376643,62757,24.07,24.06,16086,21019,192,-1125
736,HSBC,2020-06-19,0 days 15:56:08.385605,62949,24.07,24.06,18281,21606,-1164,192
737,HSBC,2020-06-19,0 days 15:58:48.769146,64094,24.09,24.08,16300,33438,5007,-400
738,HSBC,2020-06-19,0 days 15:58:49.772184,51501,24.09,24.08,12900,34438,-12593,5007
739,HSBC,2020-06-19,0 days 15:58:50.775093,64094,24.09,24.08,11000,35438,207,-12593
740,HSBC,2020-06-19,0 days 15:58:51.776765,61501,24.09,24.08,11000,33338,-2593,207
741,HST,2020-06-19,0 days 15:56:10.325740,8727242,11.66,11.65,37767,35967,46402,-100523
742,HST,2020-06-19,0 days 15:56:11.325628,8720039,11.68,11.67,13100,26600,-15403,46402
743,HST,2020-06-19,0 days 15:59:02.740188,8755164,11.69,11.68,23732,26370,-18795,10609
744,HST,2020-06-19,0 days 15:59:20.787258,8824484,11.68,11.67,33167,9888,22680,-54488
745,HTA,2020-06-19,0 days 15:59:17.867877,3912604,27.16,27.15,902,2072,733272,-605943
746,HTA,2020-06-19,0 days 15:59:18.868976,4452228,27.31,27.29,2300,1300,-220366,733272
747,HUYA,2020-06-19,0 days 15:57:42.984004,276905,20.28,20.27,1073,3051,-1238,652
748,HUYA,2020-06-19,0 days 15:57:51.002024,276753,20.28,20.27,3878,6367,152,-238
749,HUYA,2020-06-19,0 days 15:57:52.003952,276905,20.28,20.27,4678,6167,-2538,152
750,HUYA,2020-06-19,0 days 15:59:38.264567,275803,20.24,20.22,8725,210,3293,-1669
751,HUYA,2020-06-19,0 days 15:59:45.280878,279096,20.23,20.22,8310,602,-2000,659
752,HUYA,2020-06-19,0 days 15:59:46.281573,275017,20.22,20.2,6598,900,4079,-2000
753,HWM,2020-06-19,0 days 15:55:00.144535,3772392,14.07,14.06,8118,900,-92521,94463
754,HWM,2020-06-19,0 days 15:55:44.249002,3826688,14.07,14.06,6200,2067,-3675,13225
755,HWM,2020-06-19,0 days 15:57:03.438448,3885071,14.08,14.07,11193,3693,-118165,37832
756,HWM,2020-06-19,0 days 15:59:08.742628,3955717,14.01,14.0,2842,2130,-75716,75777
757,HWM,2020-06-19,0 days 15:59:11.750908,4173967,14.0,13.99,3814,2015,12880,-150650
758,HWM,2020-06-19,0 days 15:59:12.752409,4157347,14.0,13.99,3231,2891,-16620,12880
759,IAG,2020-06-19,0 days 15:59:17.917261,510814,3.31,3.3,127669,247541,30341,-21222
760,IAG,2020-06-19,0 days 15:59:18.913773,499908,3.31,3.3,117769,249141,-3506,30341
761,IAG,2020-06-19,0 days 15:59:26.932971,503414,3.31,3.3,120763,199821,5425,-2522
762,IAG,2020-06-19,0 days 15:59:27.935665,493692,3.31,3.3,111463,208765,-9722,5425
763,IBM,2020-06-19,0 days 15:55:00.251531,1955343,122.83,122.81,200,100,-307144,60874
764,IBN,2020-06-19,0 days 15:57:01.409350,831705,9.49,9.48,9970,86144,-19908,190435
765,IBN,2020-06-19,0 days 15:57:02.410925,810870,9.49,9.48,15557,75606,20835,-19908
766,IBN,2020-06-19,0 days 15:57:20.453242,831705,9.49,9.48,18488,61879,-79547,188761
767,IBN,2020-06-19,0 days 15:57:21.454806,814809,9.48,9.47,72881,36644,16896,-79547
768,IBN,2020-06-19,0 days 15:59:29.763942,935609,9.49,9.48,94640,26416,-61246,119799
769,IBN,2020-06-19,0 days 15:59:45.802065,959810,9.48,9.47,88849,68000,61499,-10916
770,IGT,2020-06-19,0 days 15:55:00.203523,410780,9.02,9.01,6222,5968,6888,-290559
771,IGT,2020-06-19,0 days 15:55:01.204598,396468,9.04,9.03,3800,1250,-14312,6888
772,IGT,2020-06-19,0 days 15:57:58.629951,410831,9.03,9.02,5896,3980,699,-1002
773,IGT,2020-06-19,0 days 15:57:59.631433,401029,9.03,9.02,9996,4927,-9802,699
774,IGT,2020-06-19,0 days 15:59:17.822182,431860,9.07,9.06,8988,7320,85784,-17378
775,IGT,2020-06-19,0 days 15:59:18.824362,423365,9.08,9.07,18300,5133,-8495,85784
776,IGT,2020-06-19,0 days 15:59:19.826762,431960,9.08,9.07,21444,3843,3635,-8495
777,IGT,2020-06-19,0 days 15:59:20.828610,431146,9.07,9.06,1600,8925,-714,3635
778,ING,2020-06-19,0 days 15:56:15.774992,526940,6.88,6.87,139395,175718,-19447,9253
779,INVH,2020-06-19,0 days 15:59:17.779400,4478129,27.99,27.98,1661,2725,-566419,789467
780,INVH,2020-06-19,0 days 15:59:18.781754,4634934,27.81,27.8,1100,7447,157033,-566419
781,INVH,2020-06-19,0 days 15:59:19.784102,4750481,27.88,27.87,2510,200,-188706,157033
782,INVH,2020-06-19,0 days 15:59:20.786726,4534058,27.77,27.76,1700,3300,262949,-188706
783,INVH,2020-06-19,0 days 15:59:45.845102,4794217,27.81,27.8,1037,1999,-25711,9489
784,INVH,2020-06-19,0 days 15:59:46.846759,4781228,27.81,27.8,3271,1387,13492,-25711
785,INVH,2020-06-19,0 days 15:59:51.856149,4789320,27.85,27.84,1632,2300,-66954,127064
786,INVH,2020-06-19,0 days 15:59:54.865053,4776420,27.87,27.86,3649,2500,-122854,63999
787,IP,2020-06-19,0 days 15:59:17.758842,4439833,34.68,34.67,100,5399,203772,-962003
788,IP,2020-06-19,0 days 15:59:18.758285,4633853,34.83,34.81,1300,1089,-46603,203772
789,IPG,2020-06-19,0 days 15:59:48.293388,3820238,17.08,17.07,13806,8301,-50821,1920
790,IPG,2020-06-19,0 days 15:59:49.293169,3771145,17.05,17.04,2100,6896,70119,-50821
791,IR,2020-06-19,0 days 15:55:00.171778,2074562,28.91,28.9,6344,15639,-121889,1989
792,IR,2020-06-19,0 days 15:57:54.582698,2173887,28.83,28.82,2840,800,8248,-3852
793,IR,2020-06-19,0 days 15:57:55.582925,2170235,28.83,28.82,1385,1609,-1552,8248
794,IR,2020-06-19,0 days 15:58:17.639360,2167087,28.81,28.8,748,2403,26248,-12352
795,IR,2020-06-19,0 days 15:58:24.654927,2170487,28.82,28.81,8707,845,448,-14052
796,IR,2020-06-19,0 days 15:58:36.684079,2166260,28.82,28.81,9090,401,1475,-952
797,IR,2020-06-19,0 days 15:58:42.703917,2155102,28.83,28.82,5600,1100,-12124,31809
798,IR,2020-06-19,0 days 15:59:51.827388,2198643,28.83,28.8,400,1100,83205,-3268
799,IR,2020-06-19,0 days 15:59:54.835788,2199348,28.85,28.81,668,2725,-2784,36295
800,IR,2020-06-19,0 days 15:59:56.838197,2212053,28.85,28.81,1600,978,32895,-3268
801,ITUB,2020-06-19,0 days 15:59:17.736472,2676540,5.28,5.27,439837,285997,219347,-85373
802,ITUB,2020-06-19,0 days 15:59:18.738172,2656842,5.28,5.27,432747,302784,-19698,219347
803,ITUB,2020-06-19,0 days 15:59:47.806277,2676540,5.28,5.27,195746,600942,54819,-10780
804,ITUB,2020-06-19,0 days 15:59:48.812585,2670837,5.28,5.27,223838,626735,-5703,54819
805,IVZ,2020-06-19,0 days 15:59:15.729721,5422188,11.06,11.05,22253,21146,2790,-106090
806,IVZ,2020-06-19,0 days 15:59:16.732887,5409078,11.08,11.07,32274,16222,-132110,2790
807,IVZ,2020-06-19,0 days 15:59:17.735521,5782856,11.09,11.08,34600,16300,160513,-132110
808,IVZ,2020-06-19,0 days 15:59:32.770605,5974156,11.11,11.1,12170,26390,2897,-98103
809,JBL,2020-06-19,0 days 15:55:02.205747,504067,33.58,33.57,300,200,-1345,855
810,JBL,2020-06-19,0 days 15:55:45.309910,509037,33.54,33.53,659,200,-692,108
811,JBL,2020-06-19,0 days 15:57:20.537448,513951,33.57,33.55,700,308,597,-1203
812,JBL,2020-06-19,0 days 15:57:21.539892,513648,33.57,33.55,861,208,-303,597
813,JBL,2020-06-19,0 days 15:58:04.643059,532751,33.6,33.58,877,303,331,-3669
814,JBL,2020-06-19,0 days 15:58:05.645101,529782,33.6,33.58,1717,403,-2969,331
815,JBL,2020-06-19,0 days 15:58:13.665056,527918,33.56,33.54,1224,500,15515,-2036
816,JBL,2020-06-19,0 days 15:58:14.666869,527033,33.56,33.54,2324,480,-313,15515
817,JBL,2020-06-19,0 days 15:58:42.735192,530918,33.58,33.55,300,212,1472,-2574
818,JCI,2020-06-19,0 days 15:55:00.203311,4283768,34.35,34.34,1502,12449,261006,-69769
819,JCI,2020-06-19,0 days 15:59:32.855759,4666700,34.34,34.33,3541,5181,-52275,5998
820,JCI,2020-06-19,0 days 15:59:33.857878,4597475,34.31,34.3,4600,1000,75098,-52275
821,JCI,2020-06-19,0 days 15:59:50.901174,4579881,34.33,34.32,4074,17001,84110,-17102
822,JEF,2020-06-19,0 days 15:59:34.954659,2630168,15.28,15.27,2049,4879,12192,-9908
823,JNJ,2020-06-19,0 days 15:55:00.594392,3762548,144.63,144.61,100,100,-113616,73629
824,JNJ,2020-06-19,0 days 15:58:43.130928,3899359,144.37,144.35,757,1230,2164,-267
825,JNJ,2020-06-19,0 days 15:58:50.147058,3882823,144.4,144.38,200,100,-19541,564
826,JNJ,2020-06-19,0 days 15:59:05.184427,3928167,144.51,144.5,1100,200,25296,-11616
827,JNJ,2020-06-19,0 days 15:59:06.187349,3926231,144.5,144.49,210,100,-1641,25296
828,JNPR,2020-06-19,0 days 15:59:48.908900,2028240,23.31,23.3,1997,4217,-9366,4453
829,K,2020-06-19,0 days 15:51:42.816371,2552876,67.97,67.95,300,100,-307,11511
830,K,2020-06-19,0 days 15:55:00.300360,2748709,67.96,67.95,100,200,63352,-2917
831,K,2020-06-19,0 days 15:55:02.304036,2737761,67.95,67.92,400,326,-248,9452
832,K,2020-06-19,0 days 15:55:37.387467,2735561,67.95,67.94,108,300,-2010,9290
833,K,2020-06-19,0 days 15:56:01.449440,2751179,67.91,67.88,400,454,-10435,25012
834,K,2020-06-19,0 days 15:57:22.642117,2771321,67.86,67.85,300,705,9215,-185
835,K,2020-06-19,0 days 15:58:58.871991,2796222,67.81,67.78,700,500,-22742,4654
836,K,2020-06-19,0 days 15:58:59.876103,2765590,67.8,67.78,2864,400,30632,-22742
837,K,2020-06-19,0 days 15:59:02.882494,2797281,67.8,67.78,2078,1214,-13999,6523
838,K,2020-06-19,0 days 15:59:48.988378,2833739,67.78,67.77,897,1138,-17898,9474
839,K,2020-06-19,0 days 15:59:49.996249,2807637,67.78,67.77,737,1058,26102,-17898
840,K,2020-06-19,0 days 15:59:55.002024,2833739,67.8,67.76,603,3494,-735,20455
841,K,2020-06-19,0 days 15:59:59.012234,2814084,67.79,67.78,200,5600,19655,-1235
842,KEY,2020-06-19,0 days 15:59:38.871333,10260304,13.38,13.37,58268,30107,53909,-266791
843,KEY,2020-06-19,0 days 15:59:53.907506,9958849,13.36,13.35,46595,3482,357984,-77921
844,KGC,2020-06-19,0 days 15:57:07.447820,1527343,6.38,6.37,292374,253170,-24177,12006
845,KGC,2020-06-19,0 days 15:58:39.670002,1551691,6.39,6.38,305037,300189,17062,-12721
846,KGC,2020-06-19,0 days 15:58:40.673611,1524670,6.39,6.38,297455,319289,-27021,17062
847,KGC,2020-06-19,0 days 15:59:17.765545,1564014,6.39,6.38,236011,300880,40376,-31051
848,KGC,2020-06-19,0 days 15:59:18.767454,1552907,6.39,6.38,221129,300780,-11107,40376
849,KGC,2020-06-19,0 days 15:59:24.781169,1564014,6.39,6.38,226030,279725,3276,-11107
850,KGC,2020-06-19,0 days 15:59:27.788129,1567907,6.39,6.38,218275,300225,-56107,3276
851,KIM,2020-06-19,0 days 15:57:43.643060,4971891,12.72,12.71,22802,12275,7846,-12254
852,KIM,2020-06-19,0 days 15:57:45.647976,4966887,12.72,12.71,10994,11187,-5004,7846
853,KMI,2020-06-19,0 days 15:57:09.477479,6741549,15.59,15.58,29074,20359,20126,-45637
854,KMI,2020-06-19,0 days 15:59:18.758566,7036857,15.55,15.54,34085,17837,-213865,67056
855,KMI,2020-06-19,0 days 15:59:45.814916,7245794,15.53,15.52,29198,16904,25513,-23343
856,KMI,2020-06-19,0 days 15:59:47.819112,7271307,15.54,15.53,23200,16204,-4516,7213
857,KNX,2020-06-19,0 days 15:56:23.423027,345045,42.23,42.22,400,985,-3909,2868
858,KNX,2020-06-19,0 days 15:56:24.425234,338254,42.23,42.21,701,1522,6791,-3909
859,KNX,2020-06-19,0 days 15:59:07.820318,365615,42.16,42.15,288,1323,-504,136
860,KNX,2020-06-19,0 days 15:59:09.826455,361301,42.14,42.13,911,100,5514,-12786
861,KNX,2020-06-19,0 days 15:59:27.866981,378454,42.17,42.16,930,100,-2869,2738
862,KNX,2020-06-19,0 days 15:59:28.867652,376523,42.17,42.15,1102,2410,1931,-2869
863,KOS,2020-06-19,0 days 15:59:59.844925,4563857,1.95,1.94,41900,177990,260460,-71840
864,LB,2020-06-19,0 days 15:51:58.701040,1048236,14.54,14.53,2351,4290,-131066,145738
865,LB,2020-06-19,0 days 15:54:37.080778,1057236,14.55,14.54,2000,2804,-122067,154738
866,LB,2020-06-19,0 days 15:54:39.086111,921012,14.53,14.52,1613,5203,154738,-122066
867,LB,2020-06-19,0 days 15:55:00.144634,1358981,14.53,14.52,5474,5079,-454800,154738
868,LEN,2020-06-19,0 days 15:59:23.777986,2061949,60.23,60.2,303,1510,23333,-45216
869,LEN,2020-06-19,0 days 15:59:24.780895,2056678,60.25,60.21,1028,915,-5271,23333
870,LEN,2020-06-19,0 days 15:59:45.830293,2061665,60.24,60.22,3906,100,-2508,39696
871,LUV,2020-06-19,0 days 15:58:32.712963,2896114,34.57,34.56,2531,1714,7501,-68528
872,LUV,2020-06-19,0 days 15:58:33.714998,2850215,34.6,34.59,2204,1300,-45900,7501
873,LUV,2020-06-19,0 days 15:59:17.822182,2893692,34.61,34.6,2884,2482,42268,-13456
874,LUV,2020-06-19,0 days 15:59:20.828640,2888487,34.61,34.6,3146,2594,-6261,11597
875,LUV,2020-06-19,0 days 15:59:28.847409,2895730,34.61,34.6,1102,2407,5148,-6752
876,LVS,2020-06-19,0 days 15:59:57.930560,2905316,47.19,47.18,4100,13900,41164,-10977
877,LXP,2020-06-19,0 days 15:59:17.737061,9426634,10.62,10.61,8585,2889,697155,-1272090
878,LXP,2020-06-19,0 days 15:59:28.761974,10247048,10.69,10.68,5900,5860,13935,-84736
879,LXP,2020-06-19,0 days 15:59:29.764168,10156983,10.69,10.68,3657,16914,-90065,13935
880,LXP,2020-06-19,0 days 15:59:33.775718,10247048,10.69,10.68,1214,13900,40555,-13365
881,LXP,2020-06-19,0 days 15:59:34.775436,10235603,10.7,10.69,17505,13617,-165378,40555
882,LYG,2020-06-19,0 days 15:59:46.846842,68418,1.53,1.52,668266,976680,-12167,1162
883,LYG,2020-06-19,0 days 15:59:47.850133,67885,1.53,1.52,666466,976680,533,-12167
884,M,2020-06-19,0 days 15:59:08.802257,4890804,6.96,6.95,125957,84897,-143726,207241
885,MA,2020-06-19,0 days 15:57:09.465383,669825,301.38,301.3,225,125,-3165,37335
886,MA,2020-06-19,0 days 15:57:37.532538,673100,301.16,301.1,200,325,214,-50
887,MA,2020-06-19,0 days 15:57:38.534185,671514,301.16,301.13,266,126,-1586,214
888,MA,2020-06-19,0 days 15:57:43.546439,673100,301.1,301.09,254,100,414,-1386
889,MA,2020-06-19,0 days 15:57:44.548253,671914,301.19,301.12,129,300,-1186,414
890,MA,2020-06-19,0 days 15:57:46.553833,673228,301.18,301.1,1089,300,486,-9186
891,MA,2020-06-19,0 days 15:57:47.556252,672214,301.18,301.1,1171,400,-1014,486
892,MA,2020-06-19,0 days 15:57:50.563674,673228,301.17,301.13,365,100,3886,-914
893,MA,2020-06-19,0 days 15:57:52.567852,672817,301.14,301.04,125,325,-424,789
894,MA,2020-06-19,0 days 15:57:53.570466,675241,301.14,301.04,311,325,276,-424
895,MA,2020-06-19,0 days 15:57:55.575191,675517,301.1,301.04,363,230,-5024,276
896,MA,2020-06-19,0 days 15:57:56.577875,674641,301.09,301.04,391,300,876,-5024
897,MA,2020-06-19,0 days 15:58:02.591942,675517,301.01,300.96,470,255,-5524,276
898,MA,2020-06-19,0 days 15:58:03.595512,680641,300.99,300.87,371,100,2776,-5524
899,MA,2020-06-19,0 days 15:58:57.734961,699494,300.81,300.79,201,720,-4855,12089
900,MA,2020-06-19,0 days 15:58:58.738406,697349,300.81,300.79,201,832,2145,-4855
901,MA,2020-06-19,0 days 15:59:04.744578,699544,300.83,300.78,240,300,-28005,16640
902,MA,2020-06-19,0 days 15:59:05.747533,699049,300.88,300.83,132,200,495,-28005
903,MA,2020-06-19,0 days 15:59:06.750362,683844,301.01,300.95,200,225,-15205,495
904,MAC,2020-06-19,0 days 15:59:16.820028,2245121,8.9,8.89,12625,3461,-77500,275021
905,MAC,2020-06-19,0 days 15:59:17.822514,2137263,8.86,8.85,553,7130,119622,-77500
906,MAC,2020-06-19,0 days 15:59:19.827067,2255885,8.9,8.89,12639,600,-77047,28820
907,MAC,2020-06-19,0 days 15:59:20.829048,2203965,8.88,8.87,2000,1800,52420,-77047
908,MAC,2020-06-19,0 days 15:59:21.830985,2256385,8.88,8.87,7490,900,-9430,52420
909,MAC,2020-06-19,0 days 15:59:22.833069,2246048,8.87,8.86,5190,900,10837,-9430
910,MBT,2020-06-19,0 days 15:59:44.812237,2350203,9.22,9.21,97298,90136,6191,-19945
911,MBT,2020-06-19,0 days 15:59:46.817408,2136776,9.22,9.21,91398,88741,-213427,6191
912,MCD,2020-06-19,0 days 16:00:00.960944,1919542,186.54,186.53,2132,7700,14317,-104379
913,MDLA,2020-06-19,0 days 15:59:28.893083,1375162,27.13,27.09,230,200,6822,-4494
914,MDLA,2020-06-19,0 days 15:59:47.935914,1396814,27.17,27.14,330,200,-18849,1814
915,MDLA,2020-06-19,0 days 15:59:51.943767,1386862,27.16,27.13,1900,218,356,-1576
916,MDLA,2020-06-19,0 days 15:59:52.945742,1387602,27.16,27.12,1286,194,-28061,356
917,MDLA,2020-06-19,0 days 15:59:54.950977,1381862,27.16,27.11,1400,171,5356,-28061
918,MDT,2020-06-19,0 days 15:59:17.759138,2516990,93.91,93.89,200,10747,-35447,154699
919,MDT,2020-06-19,0 days 15:59:18.758566,2481432,93.87,93.85,200,200,36358,-35447
920,MDT,2020-06-19,0 days 15:59:20.758496,2518933,93.89,93.86,300,295,-7660,698
921,MDT,2020-06-19,0 days 15:59:21.760462,2515194,93.89,93.86,600,100,3739,-7660
922,MGM,2020-06-19,0 days 15:55:00.123121,3178809,18.25,18.24,4600,8068,-24398,52463
923,MGM,2020-06-19,0 days 15:55:44.222765,3189025,18.22,18.21,10289,2358,-13494,11006
924,MGM,2020-06-19,0 days 15:56:11.287747,3206766,18.22,18.21,10175,3780,22378,-11022
925,MGM,2020-06-19,0 days 15:57:10.438780,3224668,18.25,18.24,14716,12373,95114,-2516
926,MGM,2020-06-19,0 days 15:57:22.456602,3319082,18.25,18.24,7046,15700,-59986,83314
927,MGM,2020-06-19,0 days 15:57:24.461016,3307184,18.26,18.25,9142,7862,7098,-2202
928,MGM,2020-06-19,0 days 15:57:54.534162,3502575,18.22,18.21,12663,13103,-13477,7523
929,MGM,2020-06-19,0 days 15:57:55.536206,3458352,18.22,18.21,12368,12751,44223,-13477
930,MGM,2020-06-19,0 days 15:58:32.626605,3560335,18.19,18.18,10620,9154,-69524,53289
931,MGM,2020-06-19,0 days 15:58:33.628459,3541659,18.19,18.18,10020,9422,18676,-69524
932,MGM,2020-06-19,0 days 15:58:37.637560,3553848,18.2,18.19,12258,10756,-7627,14076
933,MGM,2020-06-19,0 days 15:58:38.639795,3537675,18.2,18.19,8758,11756,16173,-7627
934,MGM,2020-06-19,0 days 15:58:40.645560,3514028,18.21,18.2,9608,9834,-23647,16173
935,MGM,2020-06-19,0 days 15:58:41.648179,3501775,18.21,18.2,10508,9827,12253,-23647
936,MGM,2020-06-19,0 days 15:59:02.707653,3498869,18.22,18.21,20356,15832,6765,-4135
937,MGM,2020-06-19,0 days 15:59:17.737252,3470193,18.23,18.22,11675,7078,40331,-5669
938,MGM,2020-06-19,0 days 15:59:18.738382,3466088,18.23,18.22,12186,8478,-4105,40331
939,MGM,2020-06-19,0 days 15:59:29.764197,3509194,18.23,18.22,10302,4440,38610,-20782
940,MGM,2020-06-19,0 days 15:59:30.767888,3458244,18.24,18.23,16596,11608,-54482,38610
941,MGM,2020-06-19,0 days 15:59:31.769779,3512726,18.23,18.22,14620,7100,1717,-54482
942,MGM,2020-06-19,0 days 15:59:42.794263,3511729,18.23,18.22,11030,8739,42074,-56318
943,MGM,2020-06-19,0 days 15:59:43.796431,3471346,18.24,18.23,21534,12290,-43915,42074
944,MGM,2020-06-19,0 days 15:59:44.799559,3516900,18.23,18.22,11020,4756,202506,-43915
945,MMP,2020-06-19,0 days 15:57:17.580140,841588,44.51,44.46,100,100,-24887,65787
946,MMP,2020-06-19,0 days 15:58:03.690754,857537,44.38,44.35,400,300,11806,-6549
947,MMP,2020-06-19,0 days 15:58:04.694102,852743,44.4,44.39,200,373,-4794,11806
948,MO,2020-06-19,0 days 15:59:20.844696,8988192,40.81,40.8,2615,2310,-341444,585146
949,MO,2020-06-19,0 days 15:59:33.876144,9090385,40.72,40.71,2674,600,16132,-7869
950,MO,2020-06-19,0 days 15:59:34.882993,9082617,40.72,40.71,2474,1300,-7768,16132
951,MOS,2020-06-19,0 days 15:59:20.844462,1703895,12.94,12.93,14910,8169,-39188,423678
952,MPLX,2020-06-19,0 days 15:57:17.551932,2405089,18.35,18.34,4839,315,-75963,498303
953,MPLX,2020-06-19,0 days 15:57:19.559990,2476354,18.26,18.25,1500,2100,26762,-11844
954,MPLX,2020-06-19,0 days 15:57:21.565211,2503116,18.29,18.27,600,2433,-18818,5862
955,MPLX,2020-06-19,0 days 15:57:22.567400,2501536,18.29,18.27,800,2333,1580,-18818
956,MPLX,2020-06-19,0 days 15:58:24.712632,2506516,18.26,18.25,1914,9439,-38408,13290
957,MPLX,2020-06-19,0 days 15:58:25.713347,2498226,18.26,18.25,2214,9239,8290,-38408
958,MPLX,2020-06-19,0 days 15:58:34.734543,2464726,18.3,18.29,4600,1156,4482,-31516
959,MPLX,2020-06-19,0 days 15:59:01.807540,2498300,18.29,18.27,2600,766,4872,-2326
960,MPLX,2020-06-19,0 days 15:59:20.844905,2472056,18.31,18.29,900,1400,-28742,11064
961,MPLX,2020-06-19,0 days 15:59:23.855468,2469700,18.29,18.28,3400,1442,2356,-10042
962,MPLX,2020-06-19,0 days 15:59:28.867652,2463247,18.31,18.3,3200,1200,-11503,895
963,MPLX,2020-06-19,0 days 15:59:33.876216,2469052,18.3,18.29,2700,600,7095,-4603
964,MPLX,2020-06-19,0 days 15:59:42.897244,2470372,18.3,18.29,900,400,5775,-5923
965,MPW,2020-06-19,0 days 15:55:01.158697,3412802,19.31,19.3,4387,1700,-102,11159
966,MPW,2020-06-19,0 days 15:55:15.191863,3384202,19.27,19.26,4430,2607,-800,7000
967,MPW,2020-06-19,0 days 15:55:28.222944,3385019,19.26,19.25,9639,556,83,-800
968,MPW,2020-06-19,0 days 15:56:00.300366,3367702,19.24,19.23,6310,4427,-2704,14002
969,MPW,2020-06-19,0 days 15:58:45.697271,3506745,19.26,19.25,3917,6639,-23219,12327
970,MPW,2020-06-19,0 days 15:58:46.699767,3498058,19.26,19.25,5267,5438,8687,-23219
971,MPW,2020-06-19,0 days 15:58:49.707363,3506745,19.26,19.25,4167,6038,-19119,8687
972,MPW,2020-06-19,0 days 15:58:50.710217,3504658,19.26,19.25,4044,6838,1787,-19119
973,MPW,2020-06-19,0 days 15:59:13.769568,3522386,19.29,19.28,11167,3211,-9384,3622
974,MPW,2020-06-19,0 days 15:59:14.772017,3518864,19.28,19.27,6780,7501,3522,-9384
975,MPW,2020-06-19,0 days 15:59:16.778066,3522386,19.27,19.26,3722,8706,-18581,3522
976,MPW,2020-06-19,0 days 15:59:17.779337,3486961,19.27,19.26,1305,10822,45425,-18581
977,MPW,2020-06-19,0 days 15:59:40.834438,3572355,19.29,19.28,5199,3898,-23945,19511
978,MRO,2020-06-19,0 days 15:56:14.772142,8766221,6.37,6.36,116702,110323,181696,-9402
979,MRO,2020-06-19,0 days 15:56:15.774931,8763917,6.37,6.36,131213,121632,-2302,181696
980,MRO,2020-06-19,0 days 15:57:18.926059,8766221,6.37,6.36,168446,122773,303277,-52616
981,MRO,2020-06-19,0 days 15:59:09.193769,9307856,6.36,6.35,75547,225945,-215173,407352
982,MT,2020-06-19,0 days 15:55:38.209017,84507,10.32,10.31,9510,30300,-114,810
983,MT,2020-06-19,0 days 15:55:39.210905,82821,10.32,10.31,14568,25800,1686,-114
984,MT,2020-06-19,0 days 15:58:47.663837,85807,10.3,10.29,15050,23271,-508,647
985,MT,2020-06-19,0 days 15:58:49.667351,85607,10.3,10.29,9650,30331,200,-508
986,MT,2020-06-19,0 days 15:59:25.754419,88224,10.29,10.28,36291,37111,-77,1231
987,MT,2020-06-19,0 days 15:59:27.758937,86993,10.29,10.28,31706,49911,1231,-77
988,MUR,2020-06-19,0 days 15:57:57.018478,1301740,15.11,15.1,4068,14940,-6201,17201
989,MUR,2020-06-19,0 days 15:57:58.020477,1289239,15.11,15.1,5808,7353,12501,-6201
990,MUR,2020-06-19,0 days 15:59:17.214298,1293519,15.09,15.08,3362,1392,14034,-36553
991,MUR,2020-06-19,0 days 15:59:51.295172,1321161,15.13,15.12,9506,300,-20581,13719
992,MUX,2020-06-19,0 days 15:59:44.842761,8311383,0.89,0.88,7500,3707,184600,-443594
993,MUX,2020-06-19,0 days 16:00:00.871895,8202703,0.9,0.89,28500,421408,-108680,226878
994,NAT,2020-06-19,0 days 15:56:08.281025,1125602,4.45,4.44,26813,15600,-56202,12910
995,NAT,2020-06-19,0 days 15:57:49.522668,1131302,4.45,4.44,22325,63864,-5561,6310
996,NAT,2020-06-19,0 days 15:57:50.524660,1125392,4.45,4.44,22325,64718,5910,-5561
997,NAT,2020-06-19,0 days 15:58:16.587300,1127820,4.46,4.45,31341,24512,3482,-20889
998,NAT,2020-06-19,0 days 15:59:20.743305,1131820,4.45,4.44,40938,10715,-21202,5141
999,NAT,2020-06-19,0 days 15:59:21.744477,1114751,4.45,4.44,43838,10315,17069,-21202
1000,NAT,2020-06-19,0 days 15:59:44.799498,1131820,4.45,4.44,39820,30899,-731,1014
1001,NCLH,2020-06-19,0 days 15:59:16.777739,2490488,18.22,18.21,38551,1465,-18678,14654
1002,NCLH,2020-06-19,0 days 15:59:17.779186,2414773,18.21,18.2,3400,18024,75715,-18678
1003,NCLH,2020-06-19,0 days 15:59:23.791181,2490502,18.21,18.2,5707,9890,-56279,81514
1004,NCLH,2020-06-19,0 days 15:59:24.794780,2479988,18.21,18.2,4750,14098,10514,-56279
1005,NE,2020-06-19,0 days 15:55:00.120668,4917615,0.37,0.36,2845,2852,1052763,-3088924
1006,NE,2020-06-19,0 days 15:57:12.434191,6123142,0.38,0.37,79525,9700,-205038,186692
1007,NE,2020-06-19,0 days 15:59:28.761845,6331694,0.38,0.37,112635,900,57416,-2784
1008,NEM,2020-06-19,0 days 15:58:13.060054,6400424,57.25,57.24,5311,1400,-175902,10020
1009,NEM,2020-06-19,0 days 15:58:42.128595,6443252,57.15,57.14,3460,11316,2712,-15332
1010,NEM,2020-06-19,0 days 15:59:17.214178,6646346,57.18,57.17,1870,1100,1348,-3135
1011,NEM,2020-06-19,0 days 15:59:33.250383,6749539,57.08,57.07,672,1800,9603,-5097
1012,NEM,2020-06-19,0 days 15:59:37.261547,6759142,57.08,57.07,600,1621,-276408,8410
1013,NEM,2020-06-19,0 days 15:59:45.282195,6853991,57.03,57.02,15715,3600,65881,-5745
1014,NEM,2020-06-19,0 days 15:59:46.282862,6852072,57.03,57.02,13629,3843,-2495,65881
1015,NET,2020-06-19,0 days 15:56:37.533727,2134465,36.03,36.01,37444,600,103713,-30395
1016,NET,2020-06-19,0 days 15:56:38.536432,2116209,36.03,36.01,13314,900,-18256,103713
1017,NET,2020-06-19,0 days 15:57:13.619802,2178936,36.0,35.98,1822,900,36652,-700
1018,NET,2020-06-19,0 days 15:57:14.622135,2160465,36.0,35.98,8743,2400,-6171,36652
1019,NET,2020-06-19,0 days 15:59:33.951931,2283556,35.92,35.91,11442,4000,23716,-6675
1020,NET,2020-06-19,0 days 15:59:34.954690,2248149,36.01,36.0,3701,143869,-109210,23716
1021,NLS,2020-06-19,0 days 15:59:17.765682,43624,8.15,8.14,606,1460,-6333,567
1022,NLS,2020-06-19,0 days 15:59:18.767577,35357,8.15,8.14,1211,722,7967,-6333
1023,NOK,2020-06-19,0 days 15:55:00.171447,354588,4.33,4.32,214238,688218,84506,-52251
1024,NUE,2020-06-19,0 days 15:55:01.252267,772026,42.85,42.82,200,200,-1593,22873
1025,NUE,2020-06-19,0 days 15:55:30.321310,777194,42.8,42.79,900,200,3265,-835
1026,NUE,2020-06-19,0 days 15:55:31.323896,775659,42.81,42.8,465,200,-1535,3265
1027,NUE,2020-06-19,0 days 15:56:04.405251,777486,42.8,42.78,334,727,523,-595
1028,NUE,2020-06-19,0 days 15:56:05.406369,776109,42.79,42.77,300,483,-1185,523
1029,NUE,2020-06-19,0 days 15:57:04.548308,794381,42.77,42.76,200,440,3485,-1083
1030,NUE,2020-06-19,0 days 15:57:05.551295,791948,42.79,42.76,469,1140,-16236,3485
1031,NVS,2020-06-19,0 days 15:57:46.564667,72135,91.27,91.26,819,393,-229,371
1032,NVS,2020-06-19,0 days 15:57:47.563437,71664,91.27,91.26,200,1273,471,-229
1033,NVS,2020-06-19,0 days 15:57:54.582593,72235,91.27,91.26,400,502,-129,371
1034,NVS,2020-06-19,0 days 15:57:55.582855,71764,91.27,91.26,500,702,471,-129
1035,NVS,2020-06-19,0 days 15:57:56.591630,72235,91.27,91.26,500,962,-229,471
1036,NVS,2020-06-19,0 days 15:57:57.587863,71764,91.27,91.26,500,1561,471,-229
1037,NVS,2020-06-19,0 days 15:58:38.690145,73405,91.21,91.2,1526,756,-599,731
1038,NVS,2020-06-19,0 days 15:58:39.691979,72804,91.24,91.22,600,300,601,-599
1039,NVS,2020-06-19,0 days 15:58:46.710619,73405,91.22,91.21,200,433,-114,1486
1040,NVS,2020-06-19,0 days 15:58:47.712492,72719,91.23,91.22,1590,100,686,-114
1041,NVS,2020-06-19,0 days 15:58:51.719182,74634,91.23,91.22,1490,886,-285,1915
1042,NVS,2020-06-19,0 days 15:58:52.722040,73919,91.23,91.22,1590,786,715,-285
1043,NVS,2020-06-19,0 days 15:59:04.758036,74634,91.26,91.23,1300,544,-3176,172
1044,NVS,2020-06-19,0 days 15:59:05.762290,70810,91.26,91.24,1400,100,3624,-3176
1045,NVS,2020-06-19,0 days 15:59:10.766109,74834,91.23,91.2,836,500,-261,924
1046,NVS,2020-06-19,0 days 15:59:11.768001,74095,91.23,91.2,845,600,774,-261
1047,NVS,2020-06-19,0 days 15:59:16.756503,74869,91.22,91.21,100,700,-4258,274
1048,NVST,2020-06-19,0 days 15:56:09.336221,1510141,20.83,20.82,6089,2400,-11655,10135
1049,NVST,2020-06-19,0 days 15:56:10.338643,1504606,20.83,20.81,6112,700,5535,-11655
1050,NVST,2020-06-19,0 days 15:57:06.469755,1511341,20.79,20.78,1421,410,-9452,6578
1051,NVST,2020-06-19,0 days 15:57:12.484202,1510801,20.79,20.78,1141,823,540,-21450
1052,NVST,2020-06-19,0 days 15:57:48.566190,1523941,20.8,20.79,605,668,-19889,6299
1053,NVST,2020-06-19,0 days 15:57:49.568547,1520440,20.8,20.79,605,469,3501,-19889
1054,NYCB,2020-06-19,0 days 15:59:16.764720,5459208,10.49,10.48,9179,35654,870,-34261
1055,NYT,2020-06-19,0 days 15:55:00.160923,262456,41.99,41.98,422,1299,-133,33167
1056,NYT,2020-06-19,0 days 15:56:04.313233,267589,41.97,41.96,373,500,437,-452
1057,NYT,2020-06-19,0 days 15:56:05.312872,266026,41.97,41.96,200,400,-1263,437
1058,NYT,2020-06-19,0 days 15:57:44.549121,279832,41.94,41.93,300,516,436,-2864
1059,NYT,2020-06-19,0 days 15:57:45.551940,278168,41.94,41.93,369,428,-1664,436
1060,NYT,2020-06-19,0 days 15:57:53.571308,279832,41.94,41.93,1067,511,4736,-1264
1061,NYT,2020-06-19,0 days 15:58:01.593385,278968,41.94,41.93,4682,235,-864,2036
1062,NYT,2020-06-19,0 days 15:58:11.614793,277443,41.93,41.92,1957,301,-688,212
1063,NYT,2020-06-19,0 days 15:58:16.628785,278131,41.93,41.92,5367,421,3112,-688
1064,NYT,2020-06-19,0 days 15:58:27.654216,279249,41.91,41.89,234,600,694,-87
1065,NYT,2020-06-19,0 days 15:58:28.656923,279143,41.92,41.91,802,600,-106,694
1066,NYT,2020-06-19,0 days 15:58:37.677359,279382,41.92,41.9,1000,500,961,-596
1067,NYT,2020-06-19,0 days 15:58:48.706280,278890,41.92,41.91,600,446,853,-548
1068,NYT,2020-06-19,0 days 15:59:09.757649,287046,41.92,41.89,200,400,10916,-386
1069,NYT,2020-06-19,0 days 15:59:21.788701,294437,41.92,41.89,769,644,-2535,5616
1070,NYT,2020-06-19,0 days 15:59:30.811798,296872,41.9,41.88,2329,1400,13026,-83
1071,O,2020-06-19,0 days 15:59:17.842311,5422062,60.97,60.96,100,1110,1203694,-761717
1072,O,2020-06-19,0 days 15:59:20.844644,6253013,61.6,61.58,100,700,-64357,101288
1073,O,2020-06-19,0 days 15:59:26.862356,6307213,61.61,61.58,200,200,-85746,153237
1074,O,2020-06-19,0 days 15:59:27.866864,6351406,61.59,61.56,300,100,34507,-85746
1075,O,2020-06-19,0 days 15:59:28.867555,6344572,61.59,61.54,406,1700,-48387,34507
1076,O,2020-06-19,0 days 15:59:29.866923,6351406,61.6,61.57,399,1538,31866,-48387
1077,O,2020-06-19,0 days 15:59:30.870575,6313172,61.61,61.59,600,168,-122150,31866
1078,O,2020-06-19,0 days 15:59:31.871524,6272271,61.55,61.54,200,200,112501,-122150
1079,O,2020-06-19,0 days 15:59:32.878328,6311472,61.58,61.56,100,1000,-39934,112501
1080,O,2020-06-19,0 days 15:59:37.887716,6242914,61.59,61.54,200,200,144415,-78593
1081,O,2020-06-19,0 days 15:59:38.888375,6302398,61.61,61.58,795,200,-90561,144415
1082,O,2020-06-19,0 days 15:59:39.895017,6351406,61.58,61.55,298,100,35692,-90561
1083,O,2020-06-19,0 days 15:59:40.897645,6321248,61.6,61.57,600,1100,-114074,35692
1084,O,2020-06-19,0 days 15:59:41.899313,6351406,61.6,61.57,200,397,52142,-114074
1085,O,2020-06-19,0 days 15:59:44.909771,6307641,61.6,61.56,1199,404,-43765,35794
1086,O,2020-06-19,0 days 15:59:45.909311,6351906,61.6,61.57,1079,451,370,-43765
1087,O,2020-06-19,0 days 15:59:49.911462,6350064,61.57,61.56,200,895,-1742,558
1088,OHI,2020-06-19,0 days 15:59:17.214351,4344349,29.47,29.46,1399,900,640702,-824629
1089,OHI,2020-06-19,0 days 15:59:19.216285,4808244,29.62,29.61,372,700,-20481,37650
1090,OHI,2020-06-19,0 days 15:59:25.232871,4853317,29.62,29.61,1236,100,-20939,6371
1091,OHI,2020-06-19,0 days 15:59:34.253307,4847781,29.57,29.56,400,300,57336,-7836
1092,OHI,2020-06-19,0 days 15:59:35.255964,4833530,29.61,29.59,740,600,-44916,57336
1093,OHI,2020-06-19,0 days 15:59:44.282048,4858590,29.59,29.55,1922,1103,-20156,137928
1094,OHI,2020-06-19,0 days 15:59:45.282256,4848081,29.57,29.55,469,385,27388,-20156
1095,OI,2020-06-19,0 days 15:56:07.364901,264967,8.67,8.66,6551,4456,-6222,1878
1096,OI,2020-06-19,0 days 15:56:08.366648,262059,8.67,8.66,6951,4256,2908,-6222
1097,OI,2020-06-19,0 days 15:59:08.802194,271197,8.68,8.67,4600,9096,-147,921
1098,OI,2020-06-19,0 days 15:59:13.812656,271344,8.68,8.67,5863,8327,753,-147
1099,OKE,2020-06-19,0 days 15:57:45.648009,4458330,35.1,35.09,700,927,142303,-48393
1100,OKE,2020-06-19,0 days 15:57:46.649777,4391533,35.17,35.16,1800,200,-540149,142303
1101,OKE,2020-06-19,0 days 15:58:29.754167,4768204,35.14,35.13,725,706,-59565,161678
1102,OKE,2020-06-19,0 days 15:58:44.790293,4813312,35.13,35.12,656,1368,-8989,86511
1103,OKE,2020-06-19,0 days 15:59:17.868046,4945118,35.18,35.17,600,1138,252005,-86375
1104,OKE,2020-06-19,0 days 15:59:18.869135,4913123,35.22,35.2,750,1000,-111243,252005
1105,OKE,2020-06-19,0 days 15:59:22.877937,4960523,35.19,35.18,843,300,111039,-5539
1106,OKE,2020-06-19,0 days 15:59:30.899743,4923862,35.22,35.2,400,798,-101539,13639
1107,OKE,2020-06-19,0 days 15:59:37.911870,4963023,35.18,35.17,100,1785,106439,-10439
1108,OKE,2020-06-19,0 days 15:59:38.913403,4917162,35.23,35.21,300,1701,-109994,106439
1109,OKE,2020-06-19,0 days 15:59:52.945865,5017345,35.2,35.18,500,2274,11321,-53596
1110,ORN,2020-06-19,0 days 15:56:12.471823,8061,3.37,3.36,2200,400,260,-40
1111,OTIS,2020-06-19,0 days 15:59:48.812496,3354219,56.99,56.97,100,200,14146,-49277
1112,OTIS,2020-06-19,0 days 15:59:49.811302,3344867,57.03,56.99,300,200,-9352,14146
1113,OTIS,2020-06-19,0 days 15:59:57.829596,3354219,57.0,56.94,7800,3900,8781,-110058
1114,PAA,2020-06-19,0 days 15:57:16.498423,907448,9.34,9.33,6486,11242,-14369,9231
1115,PAA,2020-06-19,0 days 15:57:20.505220,1054798,9.35,9.34,7887,13077,10827,-11873
1116,PAA,2020-06-19,0 days 15:59:07.765141,1064025,9.35,9.34,4200,15761,-12276,12605
1117,PAA,2020-06-19,0 days 15:59:08.770075,1061126,9.35,9.34,8498,12388,2899,-12276
1118,PAA,2020-06-19,0 days 15:59:36.794127,1069545,9.37,9.36,2815,12781,3897,-27303
1119,PBF,2020-06-19,0 days 15:59:44.928842,2249086,12.9,12.89,2502,3294,-12259,24267
1120,PBF,2020-06-19,0 days 15:59:45.932097,2222235,12.88,12.87,2753,704,27051,-12259
1121,PBR,2020-06-19,0 days 15:58:00.685364,980538,8.4,8.39,149475,141738,-1327,573
1122,PBR,2020-06-19,0 days 15:58:02.688402,940965,8.4,8.39,158975,151819,39573,-1327
1123,PBR,2020-06-19,0 days 15:58:59.828818,978181,8.42,8.41,134115,255733,-21452,9605
1124,PBR,2020-06-19,0 days 15:59:00.831408,973633,8.42,8.41,135490,267267,3548,-21452
1125,PBR,2020-06-19,0 days 15:59:24.883359,970071,8.41,8.4,188374,146783,8112,-35488
1126,PBR.A,2020-06-19,0 days 15:55:00.204170,1058992,8.04,8.03,240552,48763,-1286661,188920
1127,PCG,2020-06-19,0 days 15:58:01.654662,753508,10.2,10.19,14982,8020,5733,-5576
1128,PCG,2020-06-19,0 days 15:58:02.657107,746432,10.21,10.2,16968,16715,-16376,5733
1129,PCG,2020-06-19,0 days 15:58:14.685589,750633,10.2,10.19,11577,16781,-1841,4968
1130,PCG,2020-06-19,0 days 15:59:41.899446,813831,10.24,10.23,10340,16739,-4841,7168
1131,PCG,2020-06-19,0 days 15:59:44.909874,818672,10.24,10.23,14746,10094,10293,-4841
1132,PCG,2020-06-19,0 days 15:59:45.909476,814556,10.24,10.23,15533,9935,-4116,10293
1133,PD,2020-06-19,0 days 15:51:25.071469,224540,30.62,30.58,610,400,22562,-25152
1134,PD,2020-06-19,0 days 15:53:26.362388,203156,30.64,30.61,700,1200,-25152,20862
1135,PD,2020-06-19,0 days 15:53:57.436303,224540,30.58,30.54,1071,610,22562,-25152
1136,PD,2020-06-19,0 days 15:56:17.778342,263703,30.64,30.62,300,500,2248,-42752
1137,PD,2020-06-19,0 days 15:56:39.832333,263704,30.64,30.62,100,500,2247,-40053
1138,PD,2020-06-19,0 days 15:57:10.905966,265384,30.66,30.62,600,600,567,-47433
1139,PD,2020-06-19,0 days 15:57:33.962364,270080,30.68,30.66,400,300,1071,-2129
1140,PD,2020-06-19,0 days 15:57:36.970045,265951,30.64,30.61,295,400,-1733,8767
1141,PD,2020-06-19,0 days 15:57:37.971357,265584,30.64,30.61,295,400,367,-1733
1142,PD,2020-06-19,0 days 15:57:43.986336,265951,30.67,30.63,400,600,-33,167
1143,PD,2020-06-19,0 days 15:58:05.037762,283115,30.67,30.63,680,600,936,-2029
1144,PD,2020-06-19,0 days 15:58:13.060054,274484,30.67,30.65,2400,400,6963,-1668
1145,PD,2020-06-19,0 days 15:58:14.063686,273647,30.67,30.65,2400,300,-837,6963
1146,PD,2020-06-19,0 days 15:58:17.070987,274484,30.66,30.63,400,400,7463,-1168
1147,PD,2020-06-19,0 days 15:58:18.068887,273747,30.66,30.63,400,600,-737,7463
1148,PD,2020-06-19,0 days 15:58:28.093578,274484,30.65,30.63,366,200,1763,-737
1149,PD,2020-06-19,0 days 15:58:29.096148,273747,30.65,30.63,366,300,-737,1763
1150,PD,2020-06-19,0 days 15:59:11.198172,274789,30.62,30.6,900,1308,5127,-52
1151,PD,2020-06-19,0 days 15:59:17.214178,284116,30.62,30.6,1832,1127,-2057,5127
1152,PD,2020-06-19,0 days 15:59:18.213729,286173,30.62,30.57,1820,616,7076,-2057
1153,PE,2020-06-19,0 days 15:59:29.792023,2921782,10.93,10.92,13180,7051,-9768,53198
1154,PE,2020-06-19,0 days 15:59:30.797703,2896770,10.92,10.91,12998,11195,25012,-9768
1155,PE,2020-06-19,0 days 15:59:41.820225,2945378,10.93,10.92,16169,3983,-23965,13748
1156,PE,2020-06-19,0 days 15:59:42.822287,2941443,10.93,10.92,15438,5881,3935,-23965
1157,PE,2020-06-19,0 days 15:59:43.825877,2945378,10.93,10.92,10854,13206,-60820,3935
1158,PEB,2020-06-19,0 days 15:57:41.529732,1107507,13.57,13.56,4863,4332,-7167,4772
1159,PEB,2020-06-19,0 days 15:59:11.751316,1137306,13.56,13.55,7596,10019,328,-7857
1160,PEB,2020-06-19,0 days 15:59:18.768309,1133531,13.57,13.56,4820,2153,-3775,42839
1161,PEB,2020-06-19,0 days 15:59:40.819443,1142531,13.56,13.55,1138,5022,19047,-2685
1162,PFE,2020-06-19,0 days 15:55:01.301217,14975182,33.46,33.45,6674,13763,-653256,1269422
1163,PFE,2020-06-19,0 days 15:58:29.802429,15739711,33.47,33.46,35554,1708,-14202,16647
1164,PFE,2020-06-19,0 days 15:59:44.978617,15984260,33.46,33.45,8934,19999,-73927,62152
1165,PG,2020-06-19,0 days 15:59:51.294826,6539636,118.97,118.93,1520,200,32781,-12090
1166,PGR,2020-06-19,0 days 15:59:17.736863,1107233,81.09,81.08,900,510,-51405,50236
1167,PGR,2020-06-19,0 days 15:59:18.738267,1091363,81.03,81.01,100,510,21466,-51405
1168,PGR,2020-06-19,0 days 15:59:20.743388,1136558,81.03,81.02,500,100,-1396,2266
1169,PGR,2020-06-19,0 days 15:59:21.744543,1123663,81.0,80.96,805,300,18280,-1396
1170,PGR,2020-06-19,0 days 15:59:29.764168,1142124,81.07,81.02,300,1200,-5170,3421
1171,PGR,2020-06-19,0 days 15:59:30.767809,1134303,81.05,81.02,400,300,2436,-5170
1172,PING,2020-06-19,0 days 15:57:10.455544,341944,32.24,32.18,561,400,5296,-6356
1173,PING,2020-06-19,0 days 15:59:29.791958,353783,32.16,32.12,400,161,-972,3680
1174,PING,2020-06-19,0 days 15:59:36.807656,352003,32.15,32.11,300,166,1880,-972
1175,PING,2020-06-19,0 days 15:59:48.837401,355066,32.11,32.07,123,489,-766,531
1176,PING,2020-06-19,0 days 15:59:49.839634,348968,32.1,32.06,395,100,6098,-766
1177,PK,2020-06-19,0 days 15:55:00.251798,3251912,10.75,10.74,12489,21326,-37416,214300
1178,PK,2020-06-19,0 days 15:56:05.406254,3291328,10.73,10.72,12080,10020,13682,-18518
1179,PK,2020-06-19,0 days 15:56:06.407560,3269010,10.73,10.72,12380,11920,-22318,13682
1180,PK,2020-06-19,0 days 15:57:35.623290,3291984,10.73,10.72,8708,8332,21179,-44521
1181,PK,2020-06-19,0 days 15:57:36.625926,3277563,10.72,10.71,6900,9092,-14421,21179
1182,PK,2020-06-19,0 days 15:57:45.647914,3295384,10.72,10.71,10165,10449,24979,-17821
1183,PK,2020-06-19,0 days 15:57:46.649672,3284563,10.72,10.71,9765,9549,-17721,24979
1184,PK,2020-06-19,0 days 15:57:48.654420,3302284,10.71,10.7,8796,44075,21779,-17721
1185,PK,2020-06-19,0 days 15:58:06.698086,3326484,10.71,10.7,11045,22047,23734,-22007
1186,PK,2020-06-19,0 days 15:58:42.785334,3380837,10.73,10.72,5962,21493,8905,-21112
1187,PK,2020-06-19,0 days 15:58:43.787317,3350742,10.73,10.72,5062,20903,-30095,8905
1188,PK,2020-06-19,0 days 15:59:34.905651,3474509,10.74,10.73,9639,13277,98083,-120438
1189,PK,2020-06-19,0 days 15:59:35.906873,3462792,10.74,10.73,7240,14277,-12617,98083
1190,PK,2020-06-19,0 days 15:59:46.932461,3470900,10.74,10.73,9244,3408,-6989,11711
1191,PK,2020-06-19,0 days 15:59:47.935822,3477889,10.74,10.73,7494,6408,7110,-6989
1192,PLAN,2020-06-19,0 days 15:55:27.209135,552633,47.76,47.72,500,347,-6567,2633
1193,PLAN,2020-06-19,0 days 15:57:14.464523,572497,47.66,47.62,1000,200,20478,-4236
1194,PLAN,2020-06-19,0 days 15:57:15.466755,567375,47.66,47.61,1200,300,-1822,20478
1195,PLAN,2020-06-19,0 days 15:57:45.538522,571287,47.65,47.61,2352,400,2231,-2479
1196,PLAN,2020-06-19,0 days 15:57:46.542363,566218,47.6,47.57,300,811,-5069,2231
1197,PLAN,2020-06-19,0 days 15:57:55.563387,568932,47.62,47.59,1140,1391,3035,-210
1198,PLAN,2020-06-19,0 days 15:57:56.568333,564167,47.62,47.59,1140,1391,-2410,3035
1199,PLAN,2020-06-19,0 days 15:58:10.605356,568932,47.61,47.59,500,807,4539,-1916
1200,PLAN,2020-06-19,0 days 15:58:11.607181,564471,47.61,47.59,1432,707,-2106,4539
1201,PLAN,2020-06-19,0 days 15:58:28.644972,564222,47.58,47.55,600,700,1981,-374
1202,PM,2020-06-19,0 days 15:55:00.229603,2944569,72.35,72.33,200,365,64835,-111242
1203,PM,2020-06-19,0 days 15:55:01.228998,2942920,72.4,72.36,325,773,-3349,64835
1204,PM,2020-06-19,0 days 15:55:30.300763,2948299,72.35,72.34,593,200,-448,768
1205,PM,2020-06-19,0 days 15:55:56.356876,2955802,72.39,72.37,400,300,332,-1368
