,Symbol,Timestamp,TIME,iPaired,Ask_P,Bid_P,Ask_S,Bid_S,iShares,PreviShares
0,AA,2020-07-31,0 days 15:59:16.882615,888035,12.96,12.95,19946,18260,14154,-9646
1,AA,2020-07-31,0 days 15:59:49.968017,830603,12.99,12.98,14231,24791,67538,-27782
2,ABEV,2020-07-31,0 days 15:59:48.780099,403121,2.69,2.68,491697,811990,2021,-5793
3,ABEV,2020-07-31,0 days 15:59:49.782072,395094,2.69,2.68,491869,811790,-8027,2021
4,ABT,2020-07-31,0 days 15:59:42.773797,1024987,100.65,100.64,2762,260,-2877,8575
5,ABT,2020-07-31,0 days 15:59:45.781682,1023301,100.63,100.61,1047,300,1886,-8892
6,ABT,2020-07-31,0 days 15:59:46.783154,1025187,100.67,100.65,612,600,-15723,1886
7,ACI,2020-07-31,0 days 15:55:00.108844,40542,14.9,14.89,4156,1799,3994,-9605
8,ACI,2020-07-31,0 days 15:58:08.549018,44236,14.88,14.87,3476,3468,-672,2325
9,ACI,2020-07-31,0 days 15:59:07.692501,45125,14.88,14.87,2216,3147,1158,-1789
10,ACI,2020-07-31,0 days 15:59:08.696934,44883,14.88,14.87,2216,3047,-242,1158
11,ACI,2020-07-31,0 days 15:59:15.712426,42128,14.88,14.87,1100,2631,1355,-242
12,ACI,2020-07-31,0 days 15:59:34.754484,44683,14.88,14.87,500,4736,-240,1255
13,AEM,2020-07-31,0 days 15:55:01.152496,120244,79.39,79.36,421,400,-120,2180
14,AEM,2020-07-31,0 days 15:55:04.158239,120408,79.39,79.38,654,200,1736,-120
15,AEM,2020-07-31,0 days 15:55:42.251913,122156,79.45,79.44,102,100,-747,1748
16,AEM,2020-07-31,0 days 15:56:04.306379,122903,79.47,79.46,600,233,272,-147
17,AEM,2020-07-31,0 days 15:57:06.452088,123434,79.49,79.48,600,404,260,-40
18,AEM,2020-07-31,0 days 15:57:39.529055,123494,79.5,79.49,1752,667,-540,60
19,AEM,2020-07-31,0 days 15:57:54.564565,127114,79.51,79.49,1008,780,480,-420
20,AEM,2020-07-31,0 days 15:57:55.566894,126694,79.51,79.49,808,1640,-420,480
21,AEM,2020-07-31,0 days 15:57:58.573974,127214,79.51,79.5,107,100,1180,-520
22,AEM,2020-07-31,0 days 15:57:59.578225,126794,79.53,79.51,1601,660,-420,1180
23,AEM,2020-07-31,0 days 15:58:50.701162,127114,79.48,79.47,3722,200,16,-84
24,AEM,2020-07-31,0 days 15:58:51.703942,126630,79.48,79.46,3622,300,-484,16
25,AEM,2020-07-31,0 days 15:58:59.724009,127114,79.48,79.47,3284,200,52,-248
26,AEM,2020-07-31,0 days 15:59:00.727566,126266,79.47,79.46,512,220,-858,52
27,AEM,2020-07-31,0 days 15:59:03.734427,127124,79.48,79.47,2976,300,1058,-2038
28,AEM,2020-07-31,0 days 15:59:04.737445,126782,79.48,79.47,3176,300,-342,1058
29,AEM,2020-07-31,0 days 15:59:46.830526,134271,79.53,79.52,257,1186,168,-4924
30,AEM,2020-07-31,0 days 15:59:48.835922,133739,79.54,79.53,2109,200,-532,168
31,AEO,2020-07-31,0 days 15:55:43.240404,273408,9.99,9.98,19142,14482,1218,-1782
32,AEO,2020-07-31,0 days 15:55:44.242221,268326,9.99,9.98,18742,14400,-5082,1218
33,AEO,2020-07-31,0 days 15:58:51.694503,283637,9.98,9.97,20131,32252,-5557,1743
34,AEO,2020-07-31,0 days 15:59:42.817492,299361,9.99,9.98,20440,16040,7696,-4325
35,AEO,2020-07-31,0 days 15:59:43.819452,296857,9.99,9.98,14240,16706,-2504,7696
36,AEO,2020-07-31,0 days 15:59:44.821816,299361,9.99,9.98,5200,16416,6526,-2504
37,AER,2020-07-31,0 days 15:59:06.925335,101378,26.9,26.89,882,2848,-571,1674
38,AER,2020-07-31,0 days 15:59:08.930716,100086,26.9,26.89,884,2930,1292,-1508
39,AER,2020-07-31,0 days 15:59:19.956076,102378,26.93,26.91,432,270,-444,1192
40,AER,2020-07-31,0 days 15:59:33.990004,101322,26.95,26.93,449,968,556,-944
41,AER,2020-07-31,0 days 15:59:41.007378,102478,26.95,26.93,1108,1226,-1286,5416
42,AES,2020-07-31,0 days 15:59:20.739882,535272,15.25,15.24,15456,15749,-43596,17304
43,AES,2020-07-31,0 days 15:59:31.766555,580968,15.25,15.24,17331,25256,9472,-33128
44,AES,2020-07-31,0 days 15:59:32.768809,570840,15.25,15.24,13201,28756,-8028,9472
45,AES,2020-07-31,0 days 15:59:40.789722,582568,15.25,15.24,6625,29045,1061,-8028
46,AES,2020-07-31,0 days 15:59:41.791203,583629,15.25,15.24,9500,30053,-8576,1061
47,AFL,2020-07-31,0 days 15:55:00.135100,1378256,35.54,35.53,2985,200,-15711,105405
48,AFL,2020-07-31,0 days 15:58:22.623869,1474543,35.53,35.52,5012,757,-8881,10119
49,AFL,2020-07-31,0 days 15:58:24.628523,1483424,35.51,35.5,2829,5310,6319,-8881
50,AFL,2020-07-31,0 days 15:59:02.722541,1460413,35.52,35.51,417,7125,-10344,11808
51,AFL,2020-07-31,0 days 15:59:07.733782,1483055,35.52,35.51,5079,3735,4044,-16456
52,AFL,2020-07-31,0 days 15:59:08.737483,1477199,35.52,35.51,5179,4677,-5856,4044
53,AFL,2020-07-31,0 days 15:59:13.749070,1523890,35.53,35.52,453,7237,18046,-36767
54,AFL,2020-07-31,0 days 15:59:17.758010,1537936,35.55,35.54,6006,2784,-3724,8734
55,AFL,2020-07-31,0 days 15:59:19.763289,1541763,35.54,35.53,2998,2836,1793,-724
56,AFL,2020-07-31,0 days 15:59:35.802413,1553340,35.57,35.56,2414,5496,431,-2869
57,AFL,2020-07-31,0 days 15:59:36.804806,1550571,35.57,35.56,3214,4414,-7294,431
58,AFL,2020-07-31,0 days 15:59:37.807634,1557865,35.57,35.56,900,6014,2706,-7294
59,AFL,2020-07-31,0 days 15:59:38.809830,1556471,35.57,35.56,700,7306,-1394,2706
60,AG,2020-07-31,0 days 15:59:14.725050,64709,13.34,13.33,28300,22157,-1537,6763
61,AG,2020-07-31,0 days 15:59:15.727646,63146,13.34,13.33,28500,12980,863,-1537
62,AG,2020-07-31,0 days 15:59:46.803199,64946,13.33,13.32,28641,27695,-2200,100
63,AG,2020-07-31,0 days 15:59:47.804593,64046,13.33,13.32,30450,27743,900,-2200
64,AGI,2020-07-31,0 days 15:55:00.149500,25827,10.61,10.6,24407,7045,11118,-2839
65,AIG,2020-07-31,0 days 15:59:39.792229,1642736,32.12,32.11,879,7118,-7,17992
66,AIG,2020-07-31,0 days 15:59:40.790224,1640875,32.12,32.11,2444,3674,1861,-7
67,ALLY,2020-07-31,0 days 15:59:07.735342,365128,20.09,20.08,3869,4796,12958,-7062
68,ALLY,2020-07-31,0 days 15:59:08.738244,329351,20.1,20.09,5600,5000,-35877,12958
69,ALLY,2020-07-31,0 days 15:59:40.813252,369713,20.09,20.08,1610,15458,8914,-976
70,ALLY,2020-07-31,0 days 15:59:41.815244,367527,20.1,20.09,4338,11369,-2186,8914
71,ALLY,2020-07-31,0 days 15:59:44.821875,366967,20.1,20.09,7814,4870,3707,-1186
72,ALLY,2020-07-31,0 days 15:59:46.827371,367365,20.1,20.09,5722,9668,-7864,21698
73,AM,2020-07-31,0 days 15:55:00.266773,243554,5.65,5.64,18621,23127,357,-40121
74,AM,2020-07-31,0 days 15:55:01.267140,242111,5.65,5.64,19771,23327,-1443,357
75,AM,2020-07-31,0 days 15:55:43.369113,243554,5.65,5.64,21795,25266,4378,-722
76,AM,2020-07-31,0 days 15:55:44.371492,233932,5.65,5.64,21795,24766,-9622,4378
77,AMC,2020-07-31,0 days 15:58:59.673108,108263,4.04,4.03,12659,11142,-5884,7916
78,AMC,2020-07-31,0 days 15:59:00.676637,100447,4.04,4.03,14159,8792,7816,-5884
79,AMC,2020-07-31,0 days 15:59:05.688999,112547,4.04,4.03,14859,14582,-100,1400
80,AMC,2020-07-31,0 days 15:59:12.704908,107215,4.04,4.03,14451,13790,5332,-29668
81,AMC,2020-07-31,0 days 15:59:39.771018,113553,4.04,4.03,26458,18760,-244,138
82,AMC,2020-07-31,0 days 15:59:48.779844,112788,4.04,4.03,24848,15219,765,-435
83,AMCR,2020-07-31,0 days 15:55:00.135129,9691611,10.25,10.24,16470,43600,1052143,-458692
84,ANF,2020-07-31,0 days 15:59:09.740286,559881,9.6,9.59,4724,9114,-1703,16877
85,ANF,2020-07-31,0 days 15:59:17.754941,559984,9.58,9.57,82320,27041,527,-1273
86,AOS,2020-07-31,0 days 15:56:00.256931,866587,47.91,47.9,3815,106,8735,-265
87,AOS,2020-07-31,0 days 15:59:16.730999,931937,48.11,48.1,579,2112,-111634,4242
88,AOS,2020-07-31,0 days 15:59:19.737255,945769,48.06,48.02,1118,321,4348,-1898
89,AOS,2020-07-31,0 days 15:59:21.743275,953217,48.06,48.02,1039,500,-652,3748
90,AOS,2020-07-31,0 days 15:59:24.748669,965597,48.04,48.02,738,714,-15572,12128
91,AOS,2020-07-31,0 days 15:59:25.751748,964969,48.03,48.0,1038,471,628,-15572
92,AOS,2020-07-31,0 days 15:59:30.765114,959697,48.06,48.03,200,569,-35240,4140
93,AR,2020-07-31,0 days 15:55:00.111528,557259,2.94,2.93,73396,45103,100672,-425683
94,AR,2020-07-31,0 days 15:55:01.114161,548831,2.94,2.93,73987,35404,-8428,100672
95,AR,2020-07-31,0 days 15:59:34.774826,534594,2.96,2.95,102307,42873,-33247,18453
96,AR,2020-07-31,0 days 15:59:45.800282,567941,2.96,2.95,87372,74417,35924,-5081
97,AR,2020-07-31,0 days 15:59:46.802995,565465,2.96,2.95,87172,69317,-16350,35924
98,ASX,2020-07-31,0 days 15:58:54.701294,39416,5.03,5.02,3667,3104,-5089,1960
99,ASX,2020-07-31,0 days 15:58:55.703925,38405,5.03,5.02,3667,2544,1011,-5089
100,ASX,2020-07-31,0 days 15:59:45.825706,41033,5.01,5.0,4257,2873,-1548,1843
101,ASX,2020-07-31,0 days 15:59:46.827111,40481,5.01,5.0,1830,2798,1151,-1548
102,ATUS,2020-07-31,0 days 15:56:03.288167,455056,26.95,26.94,1532,2900,7979,-2068
103,ATUS,2020-07-31,0 days 15:57:38.516850,473490,26.94,26.93,12861,23589,-99,5354
104,ATUS,2020-07-31,0 days 15:57:39.519199,473589,26.94,26.93,13146,24274,1801,-99
105,ATUS,2020-07-31,0 days 15:58:40.667445,497639,26.98,26.97,2635,4700,5442,-2058
106,ATUS,2020-07-31,0 days 15:59:15.753744,477605,27.0,26.99,28578,21401,-16775,1701
107,ATUS,2020-07-31,0 days 15:59:16.756872,471845,27.0,26.99,27538,22079,5160,-16775
108,AUY,2020-07-31,0 days 15:55:43.431821,78851,6.5,6.49,347064,160893,-1661,1439
109,AUY,2020-07-31,0 days 15:59:02.915578,80812,6.5,6.49,321335,285113,612,-3528
110,AUY,2020-07-31,0 days 15:59:03.917510,77025,6.5,6.49,322805,284935,-3787,612
111,AUY,2020-07-31,0 days 15:59:15.946983,81312,6.5,6.49,203603,340994,23272,-3168
112,AVTR,2020-07-31,0 days 15:57:40.425030,277759,22.08,22.07,9297,8697,-324,676
113,AVTR,2020-07-31,0 days 15:57:41.427435,271583,22.08,22.07,10126,8470,6176,-324
114,AVTR,2020-07-31,0 days 15:57:54.457967,277759,22.08,22.07,10871,3111,-624,276
115,AVTR,2020-07-31,0 days 15:57:55.460972,272283,22.08,22.07,11571,3111,5476,-624
116,AVTR,2020-07-31,0 days 15:58:44.581084,278156,22.08,22.07,11584,4202,-1320,5473
117,AVTR,2020-07-31,0 days 15:58:45.583905,273276,22.08,22.07,10984,4002,4880,-1320
118,AVTR,2020-07-31,0 days 15:58:59.617431,278756,22.08,22.07,11583,3109,-5174,5426
119,AVTR,2020-07-31,0 days 15:59:00.621831,274837,22.08,22.07,11479,2619,3919,-5174
120,AVTR,2020-07-31,0 days 15:59:15.657339,279051,22.08,22.07,8866,5506,1604,-688
121,AVTR,2020-07-31,0 days 15:59:20.668299,280855,22.08,22.07,7864,5176,-7804,1804
122,AVTR,2020-07-31,0 days 15:59:21.671736,278459,22.08,22.07,9398,2145,6296,-7804
123,AVTR,2020-07-31,0 days 15:59:41.720515,280544,22.08,22.07,6117,5412,9806,-2794
124,AVTR,2020-07-31,0 days 15:59:45.730542,290350,22.08,22.07,3301,5870,-13512,1506
125,AVTR,2020-07-31,0 days 15:59:46.733779,289562,22.08,22.07,4301,5699,3143,-13512
126,AXP,2020-07-31,0 days 15:55:00.263849,428706,93.16,93.15,501,100,-3919,52194
127,AXP,2020-07-31,0 days 15:55:04.273126,432625,93.16,93.15,162,1481,940,-710
128,AXP,2020-07-31,0 days 15:55:05.274961,432074,93.16,93.15,263,712,-551,940
129,AXP,2020-07-31,0 days 15:55:09.286763,432625,93.19,93.18,300,713,418,-660
130,AXP,2020-07-31,0 days 15:55:10.289571,432043,93.2,93.19,401,703,-582,418
131,AXP,2020-07-31,0 days 15:57:38.644503,436125,93.14,93.12,200,1703,2147,-2453
132,AXP,2020-07-31,0 days 15:59:04.855828,444006,93.21,93.2,517,300,-809,754
133,AXP,2020-07-31,0 days 15:59:07.862963,444915,93.22,93.21,600,2044,1238,-4509
134,AXP,2020-07-31,0 days 15:59:09.867838,441345,93.22,93.21,1117,1539,-3570,638
135,AXP,2020-07-31,0 days 15:59:12.876306,458059,93.21,93.19,1300,1410,4297,-172
136,AXP,2020-07-31,0 days 15:59:17.887547,457157,93.24,93.23,300,210,-68,6555
137,AXP,2020-07-31,0 days 15:59:18.889263,457225,93.24,93.22,800,529,832,-68
138,AXP,2020-07-31,0 days 15:59:39.943526,490285,93.34,93.33,200,749,-898,7511
139,AXTA,2020-07-31,0 days 15:59:33.923464,173587,22.21,22.2,3584,6376,-12761,9239
140,AZN,2020-07-31,0 days 15:59:20.891247,137016,55.71,55.7,800,3100,3879,-1720
141,AZN,2020-07-31,0 days 15:59:45.954902,140395,55.76,55.75,1768,3050,-1326,74
142,BAC,2020-07-31,0 days 15:56:15.445851,4187398,24.79,24.78,35118,114525,26678,-5567
143,BAC,2020-07-31,0 days 15:59:31.917831,4398624,24.86,24.85,57196,134114,-94423,68477
144,BAC,2020-07-31,0 days 15:59:49.968017,4588925,24.88,24.87,98871,146046,37706,-38336
145,BAM,2020-07-31,0 days 15:55:00.330309,68785,32.26,32.25,2458,1000,-1747,15455
146,BAX,2020-07-31,0 days 15:55:52.222511,417492,86.41,86.4,1480,1051,-2200,3700
147,BAX,2020-07-31,0 days 15:55:53.224852,415992,86.4,86.39,200,868,1550,-2200
148,BAX,2020-07-31,0 days 15:55:58.237207,417542,86.4,86.39,1358,115,-221,1550
149,BAX,2020-07-31,0 days 15:55:59.239106,416163,86.4,86.39,1358,524,1379,-221
150,BAX,2020-07-31,0 days 15:56:10.265862,419691,86.41,86.4,1359,1392,-649,29
151,BAX,2020-07-31,0 days 15:56:11.267316,418340,86.41,86.4,1363,1385,1351,-649
152,BAX,2020-07-31,0 days 15:56:21.291513,419691,86.38,86.37,1726,300,-949,951
153,BAX,2020-07-31,0 days 15:56:22.294401,418340,86.37,86.35,735,200,1351,-949
154,BAX,2020-07-31,0 days 15:57:15.422355,419691,86.36,86.35,704,823,-1044,856
155,BAX,2020-07-31,0 days 15:57:16.424999,418735,86.36,86.34,1121,1338,956,-1044
156,BAX,2020-07-31,0 days 15:57:39.479078,424400,86.39,86.37,2087,1056,-1000,1067
157,BAX,2020-07-31,0 days 15:57:40.482185,423300,86.39,86.38,2566,800,1100,-1000
158,BAX,2020-07-31,0 days 15:57:55.516052,432900,86.4,86.39,1982,640,-2700,500
159,BAX,2020-07-31,0 days 15:57:56.519443,431100,86.4,86.39,2117,460,1800,-2700
160,BAX,2020-07-31,0 days 15:58:00.532440,428550,86.39,86.38,935,2537,-2950,1500
161,BAX,2020-07-31,0 days 15:58:02.534033,427100,86.39,86.38,1045,1380,1450,-2450
162,BAX,2020-07-31,0 days 15:58:13.561160,428550,86.39,86.38,722,1585,-1150,1350
163,BAX,2020-07-31,0 days 15:58:14.563335,427200,86.39,86.38,833,1272,1350,-1150
164,BAX,2020-07-31,0 days 15:58:46.640363,429650,86.38,86.37,5831,3715,-586,150
165,BAX,2020-07-31,0 days 15:58:47.645799,428436,86.38,86.37,6522,2611,214,-586
166,BAX,2020-07-31,0 days 15:59:04.685303,426633,86.36,86.35,300,740,862,-1738
167,BAX,2020-07-31,0 days 15:59:08.696901,430554,86.36,86.35,1621,327,-5203,921
168,BAX,2020-07-31,0 days 15:59:09.697925,430057,86.36,86.35,1861,1633,497,-5203
169,BAX,2020-07-31,0 days 15:59:10.700387,430554,86.36,86.35,1892,1529,-268,497
170,BAX,2020-07-31,0 days 15:59:11.704154,430095,86.36,86.35,1963,988,3154,-268
171,BAX,2020-07-31,0 days 15:59:12.705418,433249,86.35,86.34,1649,166,-37411,3154
172,BAX,2020-07-31,0 days 15:59:38.765176,467666,86.38,86.37,1658,1738,747,-346
173,BAX,2020-07-31,0 days 15:59:39.771269,464513,86.4,86.39,2161,1535,-3153,747
174,BBD,2020-07-31,0 days 15:59:28.784875,761833,4.23,4.22,597516,390773,-7862,10038
175,BBY,2020-07-31,0 days 15:59:16.714663,366778,99.47,99.44,714,200,-26069,22253
176,BBY,2020-07-31,0 days 15:59:36.758971,391734,99.56,99.53,299,500,285,-15175
177,BBY,2020-07-31,0 days 15:59:37.761045,390619,99.56,99.53,100,1117,-3942,285
178,BBY,2020-07-31,0 days 15:59:45.781682,410007,99.59,99.56,407,290,39,-17581
179,BBY,2020-07-31,0 days 15:59:56.789320,410007,99.59,99.55,457,989,5549,-24304
180,BC,2020-07-31,0 days 15:55:00.265256,78241,66.78,66.75,100,100,1058,-6277
181,BC,2020-07-31,0 days 15:55:43.369017,79499,66.82,66.79,200,300,-268,232
182,BC,2020-07-31,0 days 15:55:44.371409,79067,66.8,66.78,600,200,432,-268
183,BC,2020-07-31,0 days 15:56:05.422539,79899,66.79,66.76,467,452,-513,359
184,BC,2020-07-31,0 days 15:56:06.424468,79512,66.77,66.74,500,226,387,-513
185,BC,2020-07-31,0 days 15:56:10.435081,79719,66.77,66.74,200,626,-137,1093
186,BC,2020-07-31,0 days 15:56:11.436425,79356,66.77,66.74,317,726,363,-137
187,BC,2020-07-31,0 days 15:56:32.486269,79719,66.76,66.73,200,397,-88,263
188,BC,2020-07-31,0 days 15:56:33.487797,79407,66.76,66.73,400,200,312,-88
189,BC,2020-07-31,0 days 15:56:37.496877,86419,66.76,66.72,500,215,-688,312
190,BC,2020-07-31,0 days 15:57:51.673554,87007,66.82,66.79,764,200,1100,-400
191,BC,2020-07-31,0 days 15:57:52.676017,86307,66.82,66.79,764,200,-700,1100
192,BC,2020-07-31,0 days 15:59:23.898105,93235,66.92,66.91,378,500,117,-788
193,BC,2020-07-31,0 days 15:59:24.901110,92435,66.92,66.89,209,520,-800,117
194,BC,2020-07-31,0 days 15:59:33.923322,93392,66.97,66.94,346,402,-1043,1157
195,BC,2020-07-31,0 days 15:59:35.928034,93235,66.95,66.89,580,2400,257,-943
196,BC,2020-07-31,0 days 15:59:37.932848,92689,66.99,66.94,421,350,-1746,257
197,BC,2020-07-31,0 days 15:59:45.954743,99622,67.0,66.97,209,2306,2317,-783
198,BC,2020-07-31,0 days 15:59:46.955809,98839,67.0,66.98,300,700,-1514,2317
199,BCS,2020-07-31,0 days 15:59:10.870925,112881,5.23,5.22,28830,213263,-488,112
200,BCS,2020-07-31,0 days 15:59:20.894327,110261,5.23,5.22,27012,234858,2807,-301
201,BCS,2020-07-31,0 days 15:59:40.944532,112881,5.24,5.23,162122,193407,-6453,2522
202,BCS,2020-07-31,0 days 15:59:41.946274,111434,5.24,5.23,168750,188847,1447,-6453
203,BCS,2020-07-31,0 days 15:59:44.953627,112881,5.24,5.23,113266,198691,-8303,1447
204,BCS,2020-07-31,0 days 15:59:46.959681,112184,5.24,5.23,84709,207611,298,-5803
205,BE,2020-07-31,0 days 15:55:00.149029,89684,12.12,12.11,1457,2430,844,-13793
206,BE,2020-07-31,0 days 15:55:43.254035,90523,12.13,12.12,1886,797,-1783,417
207,BE,2020-07-31,0 days 15:55:44.256919,90306,12.13,12.12,1986,997,217,-1783
208,BE,2020-07-31,0 days 15:58:13.612206,95898,12.1,12.09,7116,18796,-508,592
209,BE,2020-07-31,0 days 15:58:59.723950,96406,12.1,12.09,2294,14859,213,-508
210,BE,2020-07-31,0 days 15:59:19.773094,102006,12.11,12.1,739,6721,-7468,320
211,BE,2020-07-31,0 days 15:59:20.776204,109474,12.11,12.1,1445,6721,5332,-7468
212,BE,2020-07-31,0 days 15:59:21.777387,108606,12.12,12.11,6208,5006,-1871,5332
213,BE,2020-07-31,0 days 15:59:30.793950,92354,12.12,12.11,5000,11079,8047,-1971
214,BEN,2020-07-31,0 days 15:59:21.765206,7363983,21.05,21.04,26959,3634,-152074,447807
215,BEN,2020-07-31,0 days 15:59:22.767528,7357657,21.05,21.04,26031,6500,6326,-152074
216,BEN,2020-07-31,0 days 15:59:25.775396,7364724,21.05,21.04,24832,8486,-249706,398520
217,BEN,2020-07-31,0 days 15:59:26.777208,7346786,21.04,21.03,5985,5760,17938,-249706
218,BEN,2020-07-31,0 days 15:59:37.806050,7370358,21.05,21.04,5338,9375,-1960,13440
219,BEPC,2020-07-31,0 days 15:55:02.102180,18264,44.96,44.92,824,485,428,-172
220,BEPC,2020-07-31,0 days 15:56:15.277979,18692,44.95,44.94,142,600,-172,128
221,BEPC,2020-07-31,0 days 15:56:16.279583,18564,44.95,44.94,142,800,128,-172
222,BEPC,2020-07-31,0 days 15:57:46.494908,17364,45.03,44.99,500,1000,4628,-372
223,BEPC,2020-07-31,0 days 15:57:59.527084,18692,45.03,44.99,400,850,-4872,128
224,BEPC,2020-07-31,0 days 15:58:50.650377,17364,45.03,44.96,500,400,4628,-372
225,BEPC,2020-07-31,0 days 15:59:41.770641,18933,44.94,44.84,300,300,-499,1101
226,BEPC,2020-07-31,0 days 15:59:42.773944,18832,44.94,44.87,300,600,101,-499
227,BEPC,2020-07-31,0 days 15:59:54.785229,18933,44.95,44.81,200,1100,-581,401
228,BEPC,2020-07-31,0 days 15:59:57.791899,17432,44.98,44.81,200,1214,1501,-581
229,BEPC,2020-07-31,0 days 15:59:58.792469,18933,45.05,44.81,200,1014,-581,1501
230,BHC,2020-07-31,0 days 15:56:24.352012,61291,18.21,18.2,4174,7019,343,-1357
231,BHC,2020-07-31,0 days 15:56:25.354860,58734,18.21,18.2,4674,6919,-2557,343
232,BHC,2020-07-31,0 days 15:59:39.814819,62544,18.27,18.26,3864,7022,4115,-665
233,BHC,2020-07-31,0 days 15:59:40.817971,61279,18.27,18.26,1315,9922,-1165,4115
234,BHC,2020-07-31,0 days 15:59:45.829163,62544,18.27,18.26,2039,9766,715,-1285
235,BHP,2020-07-31,0 days 15:57:50.545738,41656,52.77,52.76,10789,1278,-173,327
236,BHP,2020-07-31,0 days 15:57:51.548236,41329,52.77,52.76,11352,884,327,-173
237,BHP,2020-07-31,0 days 15:58:10.594139,41756,52.77,52.76,6429,10424,-73,427
238,BHP,2020-07-31,0 days 15:58:11.596755,41329,52.77,52.76,7278,9374,427,-73
239,BHP,2020-07-31,0 days 15:58:51.694503,41756,52.77,52.76,7060,6531,-868,327
240,BHP,2020-07-31,0 days 15:58:52.696195,39424,52.77,52.76,7460,6331,2332,-868
241,BHP,2020-07-31,0 days 15:59:19.760713,43634,52.83,52.82,9620,724,479,-6
242,BHP,2020-07-31,0 days 15:59:31.789661,41828,52.83,52.82,5294,5147,-106,79
243,BHP,2020-07-31,0 days 15:59:33.796737,41634,52.83,52.82,4832,5650,194,-106
244,BHP,2020-07-31,0 days 15:59:45.825823,44076,52.83,52.82,2976,6081,-1757,542
245,BHP,2020-07-31,0 days 15:59:46.827219,44733,52.83,52.82,3065,6281,1110,-1757
246,BK,2020-07-31,0 days 15:59:18.770628,606065,35.83,35.82,2074,5971,-25878,34965
247,BK,2020-07-31,0 days 15:59:21.777343,629910,35.83,35.82,1783,7390,13166,-22934
248,BK,2020-07-31,0 days 15:59:22.779562,627976,35.84,35.83,3051,6526,-2885,13166
249,BK,2020-07-31,0 days 15:59:35.804311,650533,35.87,35.86,11323,7771,8778,-22922
250,BK,2020-07-31,0 days 15:59:36.806521,647611,35.87,35.86,5259,10106,-6122,8778
251,BKR,2020-07-31,0 days 15:59:44.953752,3984301,15.5,15.49,1255,6204,12441,-66359
252,BMY,2020-07-31,0 days 15:55:00.136834,1599047,58.39,58.38,854,2987,-3695,33987
253,BMY,2020-07-31,0 days 15:55:01.139297,1593542,58.39,58.38,1134,3796,5505,-3695
254,BMY,2020-07-31,0 days 15:55:10.160721,1599047,58.41,58.4,2841,397,-292,1308
255,BMY,2020-07-31,0 days 15:55:11.163058,1594039,58.41,58.4,2347,1901,3921,-292
256,BMY,2020-07-31,0 days 15:57:17.467617,1639939,58.47,58.46,800,4929,-792,1807
257,BMY,2020-07-31,0 days 15:57:18.469839,1632231,58.47,58.46,400,4738,7708,-792
258,BMY,2020-07-31,0 days 15:57:37.514914,1670353,58.53,58.52,344,3897,-1197,35903
259,BMY,2020-07-31,0 days 15:57:39.519344,1662279,58.51,58.5,1795,3584,8074,-15797
260,BMY,2020-07-31,0 days 15:57:44.532077,1676450,58.5,58.49,3211,1152,2603,-5010
261,BMY,2020-07-31,0 days 15:57:46.535939,1679640,58.5,58.49,3011,1948,-910,90
262,BMY,2020-07-31,0 days 15:58:13.601957,1715833,58.51,58.5,1600,6679,4597,-4081
263,BMY,2020-07-31,0 days 15:58:14.603797,1713680,58.51,58.5,900,7578,-2153,4597
264,BMY,2020-07-31,0 days 15:58:27.636073,1702533,58.5,58.49,4344,2368,12934,-1953
265,BMY,2020-07-31,0 days 15:58:49.689108,1716033,58.52,58.51,1404,3851,10001,-1610
266,BMY,2020-07-31,0 days 15:58:50.691676,1714234,58.52,58.51,3300,5595,-1799,10001
267,BMY,2020-07-31,0 days 15:59:02.721454,1716027,58.51,58.5,3693,4038,838,-1973
268,BMY,2020-07-31,0 days 15:59:03.723659,1713265,58.51,58.5,3729,4586,-2762,838
269,BMY,2020-07-31,0 days 15:59:12.746325,1715027,58.55,58.54,1819,1611,153646,-455
270,BMY,2020-07-31,0 days 15:59:45.825742,1970905,58.63,58.62,1458,5632,-811,8180
271,BMY,2020-07-31,0 days 15:59:47.829058,1989068,58.66,58.65,11500,3938,37184,-811
272,BORR,2020-07-31,0 days 15:57:16.474988,291,0.89,0.88,5400,1180,456,-291
273,BP,2020-07-31,0 days 15:55:00.328855,117548,21.97,21.96,26657,32371,-16161,2314
274,BP,2020-07-31,0 days 15:56:10.497609,136009,22.0,21.99,34030,25528,738,-10406
275,BP,2020-07-31,0 days 15:57:39.712592,138207,22.01,22.0,30121,37639,-2,598
276,BP,2020-07-31,0 days 15:58:51.888029,145913,22.02,22.01,6643,44101,2363,-7306
277,BRFS,2020-07-31,0 days 15:59:35.993605,25526,3.98,3.97,23701,167855,10176,-12424
278,BRFS,2020-07-31,0 days 15:59:36.996199,24802,3.98,3.97,23701,189005,-324,10176
279,BRK.B,2020-07-31,0 days 15:55:01.045322,698306,195.47,195.46,349,500,-139982,66068
280,BRK.B,2020-07-31,0 days 15:58:08.492366,853158,195.53,195.5,100,600,887,-42063
281,BRK.B,2020-07-31,0 days 15:58:09.495686,851945,195.54,195.51,200,600,-1717,887
282,BRK.B,2020-07-31,0 days 15:58:23.530193,853985,195.55,195.53,100,275,9682,-2391
283,BRK.B,2020-07-31,0 days 15:58:24.532306,852667,195.55,195.52,200,400,-814,9682
284,BRK.B,2020-07-31,0 days 15:58:36.561733,854185,195.53,195.51,16560,522,7482,-4018
285,BRK.B,2020-07-31,0 days 15:58:37.562785,852867,195.53,195.51,6787,677,-814,7482
286,BRK.B,2020-07-31,0 days 15:58:54.604922,854385,195.54,195.5,600,400,8082,-3418
287,BRK.B,2020-07-31,0 days 15:58:55.607119,853167,195.54,195.52,623,200,-814,8082
288,BRK.B,2020-07-31,0 days 15:59:16.660341,880173,195.62,195.6,542,100,35235,-30641
289,BRK.B,2020-07-31,0 days 15:59:18.663866,882366,195.63,195.6,300,410,-1058,1196
290,BRK.B,2020-07-31,0 days 15:59:57.758450,924703,195.95,195.76,6602,200,4362,-3299
291,BRK.B,2020-07-31,0 days 15:59:58.755810,919110,195.93,195.84,6802,1086,-6768,4362
292,BRX,2020-07-31,0 days 15:55:00.137684,369325,11.46,11.45,7841,2915,-16886,109019
293,BRX,2020-07-31,0 days 15:55:01.139434,359611,11.46,11.45,9441,4485,9714,-16886
294,BRX,2020-07-31,0 days 15:59:15.754033,394884,11.49,11.48,12845,8612,-3144,2462
295,BRX,2020-07-31,0 days 15:59:17.755036,387849,11.48,11.47,11805,10996,7035,-6165
296,BRX,2020-07-31,0 days 15:59:50.839289,355543,11.51,11.5,9849,11800,43949,-6051
297,BSX,2020-07-31,0 days 15:55:01.043332,761988,38.45,38.44,4301,5374,-115437,195198
298,BSX,2020-07-31,0 days 15:55:02.043422,760075,38.45,38.44,3500,7266,1913,-115437
299,BSX,2020-07-31,0 days 15:55:31.115011,763929,38.48,38.47,8022,2332,1727,-3373
300,BSX,2020-07-31,0 days 15:56:02.189772,785656,38.48,38.47,8282,4810,-12073,2039
301,BSX,2020-07-31,0 days 15:56:03.191397,782629,38.48,38.47,7870,4587,4753,-12073
302,BSX,2020-07-31,0 days 15:57:37.416737,802915,38.51,38.5,4200,6553,-6714,686
303,BSX,2020-07-31,0 days 15:57:38.418479,798729,38.51,38.5,8446,1812,4186,-6714
304,BSX,2020-07-31,0 days 15:57:52.451944,802915,38.51,38.5,2600,13530,-3114,8886
305,BSX,2020-07-31,0 days 15:57:54.457088,798829,38.51,38.5,4750,12202,4086,-614
306,BSX,2020-07-31,0 days 15:58:00.473587,792402,38.51,38.5,4211,15192,-6627,8486
307,BSX,2020-07-31,0 days 15:58:01.474789,791929,38.51,38.5,3369,14592,473,-6627
308,BSX,2020-07-31,0 days 15:58:09.494180,792402,38.52,38.51,5954,9122,-7927,2973
309,BSX,2020-07-31,0 days 15:58:10.497320,789429,38.52,38.51,4555,8269,2973,-7927
310,BSX,2020-07-31,0 days 15:58:11.499256,792402,38.52,38.51,5055,9369,-4227,2973
311,BSX,2020-07-31,0 days 15:58:12.502087,789429,38.52,38.51,5555,11272,2973,-4227
312,BSX,2020-07-31,0 days 15:59:02.623761,789770,38.5,38.49,2590,5462,-1985,4946
313,BSX,2020-07-31,0 days 15:59:03.625702,791455,38.5,38.49,4453,6162,2846,-1985
314,BSX,2020-07-31,0 days 15:59:17.659944,836656,38.51,38.5,8355,4409,-12164,35201
315,BSX,2020-07-31,0 days 15:59:20.667363,837032,38.51,38.5,2863,9888,3423,-232
316,BSX,2020-07-31,0 days 15:59:28.686489,849278,38.52,38.51,3229,6945,-141,867
317,BSX,2020-07-31,0 days 15:59:34.701843,844588,38.54,38.53,4404,7923,3881,-5150
318,BSX,2020-07-31,0 days 15:59:38.711901,848469,38.55,38.54,2700,6392,-34062,781
319,BTI,2020-07-31,0 days 15:56:29.543877,32535,33.56,33.55,3434,4001,-319,557
320,BTI,2020-07-31,0 days 15:56:30.545697,32054,33.56,33.55,3234,3986,481,-319
321,BTI,2020-07-31,0 days 15:59:35.993794,33089,33.56,33.55,5144,1580,-487,813
322,BTI,2020-07-31,0 days 15:59:36.996320,32955,33.56,33.55,5167,1345,134,-487
323,BUD,2020-07-31,0 days 15:58:54.830043,61728,54.37,54.36,3857,300,26,-566
324,BUD,2020-07-31,0 days 15:59:01.849122,61754,54.37,54.36,5123,1347,-36,26
325,BUD,2020-07-31,0 days 15:59:02.850876,61526,54.37,54.36,5337,1447,228,-36
326,BUD,2020-07-31,0 days 15:59:49.963626,66054,54.44,54.43,605,3110,-2846,654
327,BWA,2020-07-31,0 days 15:59:44.826637,345880,36.61,36.6,14169,1484,-858,2128
328,BWA,2020-07-31,0 days 15:59:47.832191,345016,36.61,36.6,14623,3206,2524,-6447
329,BX,2020-07-31,0 days 15:59:06.635422,225191,53.03,53.02,500,596,-1002,3707
330,BX,2020-07-31,0 days 15:59:11.648679,218377,53.03,53.02,500,500,6814,-4086
331,BX,2020-07-31,0 days 15:59:16.661004,225191,53.04,53.03,804,2996,-7512,4113
332,BX,2020-07-31,0 days 15:59:17.661917,219303,53.04,53.03,704,3396,6397,-7512
333,BX,2020-07-31,0 days 15:59:41.720875,219958,53.15,53.14,2940,1645,4178,-4122
334,BX,2020-07-31,0 days 15:59:43.726160,222636,53.18,53.17,1100,1100,-1059,1941
335,BX,2020-07-31,0 days 15:59:48.740123,217336,53.21,53.2,600,1563,3557,-2743
336,C,2020-07-31,0 days 15:59:37.932874,2650892,50.05,50.04,12000,326,-7051,21630
337,C,2020-07-31,0 days 15:59:45.954770,2680556,50.03,50.02,10174,900,1343,-14835
338,C,2020-07-31,0 days 15:59:46.955836,2651712,50.04,50.03,1582,4466,-28505,1343
339,CAG,2020-07-31,0 days 15:55:00.148821,576039,37.25,37.24,2111,1501,-556,43134
340,CAG,2020-07-31,0 days 15:55:01.152338,570162,37.25,37.24,848,3836,5577,-556
341,CAG,2020-07-31,0 days 15:57:00.438159,577775,37.34,37.33,129,4008,172,-21
342,CAG,2020-07-31,0 days 15:57:09.459561,577947,37.34,37.33,200,4143,-228,172
343,CAG,2020-07-31,0 days 15:57:10.462188,573375,37.34,37.33,100,5146,4572,-228
344,CAG,2020-07-31,0 days 15:59:01.729566,585769,37.37,37.36,1733,4996,-584,3386
345,CAG,2020-07-31,0 days 15:59:02.731786,582477,37.37,37.36,1233,5296,3292,-584
346,CAG,2020-07-31,0 days 15:59:13.758821,666177,37.44,37.43,5191,1625,-2781,11182
347,CAG,2020-07-31,0 days 15:59:24.788240,665236,37.43,37.42,3775,6159,3951,-3349
348,CAG,2020-07-31,0 days 15:59:33.799857,667533,37.43,37.42,1182,4392,1654,-1689
349,CAG,2020-07-31,0 days 15:59:41.819144,671539,37.44,37.43,2767,4326,1861,-852
350,CALX,2020-07-31,0 days 15:55:00.265352,69658,20.49,20.48,400,809,-3412,20536
351,CALX,2020-07-31,0 days 15:55:01.266886,68170,20.49,20.48,400,1009,1488,-3412
352,CALX,2020-07-31,0 days 15:55:43.369017,70558,20.48,20.47,2233,506,-87,1613
353,CALX,2020-07-31,0 days 15:55:44.371443,69245,20.48,20.47,2233,506,1313,-87
354,CALX,2020-07-31,0 days 15:56:06.424518,71301,20.48,20.47,2038,1179,-90,2056
355,CALX,2020-07-31,0 days 15:56:07.426631,70191,20.48,20.47,2238,1179,1110,-90
356,CALX,2020-07-31,0 days 15:58:04.705452,71359,20.51,20.49,1427,5308,-5323,495
357,CALX,2020-07-31,0 days 15:58:05.708053,67282,20.51,20.49,2930,7608,4077,-5323
358,CALX,2020-07-31,0 days 15:58:13.727676,71359,20.51,20.49,2617,8881,-1499,477
359,CALX,2020-07-31,0 days 15:58:14.730765,69258,20.51,20.49,2617,9581,2101,-1499
360,CALX,2020-07-31,0 days 15:59:04.851607,74381,20.5,20.49,3433,2228,-63,437
361,CALX,2020-07-31,0 days 15:59:12.872315,74444,20.5,20.49,3331,2974,877,-63
362,CALX,2020-07-31,0 days 15:59:17.884135,75321,20.5,20.49,3334,1971,-321,377
363,CALX,2020-07-31,0 days 15:59:18.885885,74942,20.5,20.49,3437,1260,379,-321
364,CALX,2020-07-31,0 days 15:59:32.921205,75135,20.51,20.5,1099,2798,186,-1914
365,CALX,2020-07-31,0 days 15:59:34.926177,75321,20.51,20.5,899,3298,-226,186
366,CALX,2020-07-31,0 days 15:59:44.950857,76147,20.51,20.5,757,5647,6,-226
367,CALX,2020-07-31,0 days 15:59:45.954810,76153,20.51,20.5,957,5798,-294,6
368,CARR,2020-07-31,0 days 15:59:16.660973,2806236,27.22,27.21,2071,14448,-681432,14094
369,CARS,2020-07-31,0 days 15:55:48.444078,140217,8.13,8.12,6164,4366,9111,-373
370,CAT,2020-07-31,0 days 15:57:18.372673,472472,132.51,132.49,691,370,2150,-1550
371,CAT,2020-07-31,0 days 15:59:19.666307,520631,132.46,132.41,736,1470,-3674,6896
372,CAT,2020-07-31,0 days 15:59:20.669282,517334,132.46,132.42,505,494,2182,-3674
373,CAT,2020-07-31,0 days 15:59:30.694786,521696,132.49,132.47,185,1000,-2348,1526
374,CAT,2020-07-31,0 days 15:59:31.696650,503839,132.5,132.49,190,1100,17857,-2348
375,CAT,2020-07-31,0 days 15:59:39.718147,527222,132.65,132.6,6900,1610,-1968,2732
376,CAT,2020-07-31,0 days 15:59:41.720823,513098,132.65,132.64,100,504,11739,-10476
377,CAT,2020-07-31,0 days 15:59:44.729195,522837,132.8,132.69,400,2452,-764,339
378,CAT,2020-07-31,0 days 15:59:48.739826,511701,132.8,132.78,305,700,1555,-3045
379,CAT,2020-07-31,0 days 15:59:49.740461,510956,132.85,132.82,200,1400,-745,1555
380,CAT,2020-07-31,0 days 15:59:50.744753,487901,132.86,132.82,505,492,23055,-745
381,CB,2020-07-31,0 days 15:55:21.187284,416958,127.08,127.05,200,450,120,-2180
382,CB,2020-07-31,0 days 15:55:26.200524,417078,127.08,127.05,200,492,-36,120
383,CB,2020-07-31,0 days 15:55:27.201675,417014,127.08,127.05,600,390,64,-36
384,CB,2020-07-31,0 days 15:55:43.240341,417078,127.1,127.05,300,456,-50,50
385,CB,2020-07-31,0 days 15:55:53.264131,417428,127.08,127.04,200,782,250,-50
386,CB,2020-07-31,0 days 15:57:07.443047,424684,127.0,126.95,200,688,-1450,550
387,CB,2020-07-31,0 days 15:57:09.448285,424134,127.03,126.97,200,622,469,-131
388,CB,2020-07-31,0 days 15:59:16.756956,462130,126.95,126.91,494,373,-35010,3474
389,CB,2020-07-31,0 days 15:59:17.754900,462130,126.94,126.9,545,100,5900,-35010
390,CB,2020-07-31,0 days 15:59:18.758240,462130,126.94,126.9,500,333,-5634,5900
391,CB,2020-07-31,0 days 15:59:19.760638,463164,126.95,126.91,494,306,335,-5634
392,CB,2020-07-31,0 days 15:59:23.770057,463631,126.95,126.93,300,135,-7160,6040
393,CB,2020-07-31,0 days 15:59:30.787649,463450,127.08,127.06,376,100,-10520,2240
394,CB,2020-07-31,0 days 15:59:37.806019,466070,127.09,127.07,300,905,2067,-520
395,CB,2020-07-31,0 days 15:59:39.811963,471003,127.18,127.12,313,1006,-931,1233
396,CC,2020-07-31,0 days 15:59:46.827017,306651,18.53,18.52,7691,2874,3606,-8489
397,CCC,2020-07-31,0 days 15:59:46.733974,104029,27.69,27.66,849,348,-2925,2606
398,CCI,2020-07-31,0 days 15:59:42.946594,663955,166.84,166.79,925,100,5616,-821
399,CCI,2020-07-31,0 days 15:59:43.947998,647080,166.9,166.79,1025,200,-17375,5616
400,CCI,2020-07-31,0 days 15:59:45.954842,664455,166.91,166.85,525,503,2281,-4520
401,CCI,2020-07-31,0 days 15:59:46.955892,660136,166.9,166.79,875,200,-4594,2281
402,CCI,2020-07-31,0 days 15:59:47.960282,664730,166.88,166.8,942,728,606,-4594
403,CCI,2020-07-31,0 days 15:59:50.967876,634097,166.8,166.67,1000,853,-30133,756
404,CCI,2020-07-31,0 days 15:59:55.976410,644030,166.65,166.58,100,200,9218,-6582
405,CCI,2020-07-31,0 days 15:59:58.979290,647448,166.83,166.67,100,100,-6582,11218
406,CCJ,2020-07-31,0 days 15:55:55.268066,96644,10.15,10.14,7622,12898,-5047,1853
407,CCJ,2020-07-31,0 days 15:55:56.269941,95391,10.15,10.14,7622,12398,1253,-5047
408,CCJ,2020-07-31,0 days 15:56:24.336906,96644,10.15,10.14,13839,10819,-447,1253
409,CCJ,2020-07-31,0 days 15:56:25.339077,95591,10.15,10.14,9839,11919,1053,-447
410,CCJ,2020-07-31,0 days 15:57:50.544956,96644,10.15,10.14,6703,11959,-2037,763
411,CCJ,2020-07-31,0 days 15:57:51.547832,92581,10.15,10.14,6303,10259,4063,-2037
412,CCJ,2020-07-31,0 days 15:58:16.608852,96644,10.16,10.15,14410,11628,-1836,463
413,CCJ,2020-07-31,0 days 15:59:11.744081,94475,10.17,10.16,2007,11283,669,-4831
414,CCJ,2020-07-31,0 days 15:59:23.772995,95144,10.17,10.16,21176,8595,-10806,669
415,CCL,2020-07-31,0 days 15:59:45.781924,842043,13.89,13.88,18565,10626,3675,-8304
416,CCL,2020-07-31,0 days 15:59:47.786284,826318,13.89,13.88,18929,10658,-13312,18888
417,CDE,2020-07-31,0 days 15:55:43.215496,276659,7.92,7.91,21839,20348,-3650,2450
418,CDE,2020-07-31,0 days 15:55:44.217917,273709,7.92,7.91,22039,20009,2950,-3650
419,CDE,2020-07-31,0 days 15:58:12.573902,315059,7.91,7.9,40339,68871,-1886,4290
420,CDE,2020-07-31,0 days 15:58:13.576036,309584,7.91,7.9,42940,67571,5475,-1886
421,CDE,2020-07-31,0 days 15:58:33.624005,315959,7.91,7.9,74842,15679,-25,75
422,CDE,2020-07-31,0 days 15:58:51.667854,316288,7.91,7.9,70545,14845,656,-329
423,CDE,2020-07-31,0 days 15:59:02.696159,317844,7.91,7.9,74970,16441,-308,68
424,CDE,2020-07-31,0 days 15:59:14.725128,314206,7.91,7.9,55887,36431,2938,-7362
425,CDE,2020-07-31,0 days 15:59:47.804680,323611,7.92,7.91,21303,48568,1565,-7235
426,CF,2020-07-31,0 days 15:57:16.424970,2273889,31.35,31.34,3661,200,-133109,1982
427,CF,2020-07-31,0 days 15:58:53.657301,2323294,31.32,31.31,1014,200,-37537,16211
428,CF,2020-07-31,0 days 15:59:45.781726,2446382,31.35,31.34,1879,600,179484,-87191
429,CF,2020-07-31,0 days 15:59:46.783195,2443266,31.36,31.35,536,1000,-33104,179484
430,CF,2020-07-31,0 days 15:59:47.786161,2476370,31.35,31.33,2389,1443,19642,-33104
431,CFG,2020-07-31,0 days 15:59:16.714838,1765544,24.81,24.8,19683,5081,-1743,98176
432,CFG,2020-07-31,0 days 15:59:17.716000,1767287,24.81,24.8,18889,6026,5965,-1743
433,CFG,2020-07-31,0 days 15:59:38.765347,1777380,24.83,24.82,4642,3663,-1592,6743
434,CGC,2020-07-31,0 days 15:56:24.465237,43308,18.25,18.24,922,1467,-1436,264
435,CGC,2020-07-31,0 days 15:56:25.467911,42244,18.25,18.24,2022,1228,1064,-1436
436,CGC,2020-07-31,0 days 15:59:43.947998,41984,18.3,18.28,2431,3437,309,-291
437,CHD,2020-07-31,0 days 15:59:23.770111,486427,96.23,96.2,981,3667,-833,2517
438,CHD,2020-07-31,0 days 15:59:24.772672,480960,96.23,96.22,783,400,5467,-833
439,CHD,2020-07-31,0 days 15:59:28.781951,486427,96.25,96.23,2817,300,-2833,9567
440,CHD,2020-07-31,0 days 15:59:29.784722,481560,96.24,96.21,408,391,4867,-2833
441,CHD,2020-07-31,0 days 15:59:36.803642,486427,96.24,96.21,1207,600,-2517,4367
442,CHD,2020-07-31,0 days 15:59:37.806112,485944,96.24,96.19,957,900,483,-2517
443,CHD,2020-07-31,0 days 15:59:39.812036,486427,96.25,96.23,1388,724,-8534,166
444,CHD,2020-07-31,0 days 15:59:41.815116,484556,96.25,96.22,1982,113,1871,-2529
445,CHD,2020-07-31,0 days 15:59:45.825823,486427,96.26,96.24,200,250,-2912,654
446,CHD,2020-07-31,0 days 15:59:46.827219,476661,96.29,96.26,300,400,9766,-2912
447,CHGG,2020-07-31,0 days 15:59:42.819222,464129,81.01,80.99,146,889,3284,-1762
448,CHGG,2020-07-31,0 days 15:59:43.820958,462513,81.01,80.99,100,989,-1516,3284
449,CHWY,2020-07-31,0 days 15:55:56.400975,125171,52.44,52.43,100,794,-2409,2172
450,CHWY,2020-07-31,0 days 15:55:57.403794,123380,52.44,52.42,300,202,1791,-2409
451,CHWY,2020-07-31,0 days 15:56:10.435213,125364,52.43,52.42,1100,791,-1288,1002
452,CHWY,2020-07-31,0 days 15:56:11.436588,123852,52.42,52.41,580,320,1512,-1288
453,CHWY,2020-07-31,0 days 15:56:53.535320,126268,52.46,52.43,100,498,-2684,1897
454,CHWY,2020-07-31,0 days 15:56:54.537597,124752,52.45,52.44,200,388,1516,-2684
455,CHWY,2020-07-31,0 days 15:57:52.676156,128068,52.44,52.4,6607,898,-2621,3760
456,CHWY,2020-07-31,0 days 15:57:53.678572,126189,52.44,52.4,7007,700,1879,-2621
457,CHWY,2020-07-31,0 days 15:58:19.743167,126431,52.43,52.42,320,1318,1107,-1493
458,CHWY,2020-07-31,0 days 15:59:11.870193,126418,52.44,52.43,5994,301,950,-5350
459,CHWY,2020-07-31,0 days 15:59:31.917875,128979,52.5,52.49,20986,400,-487,113
460,CHWY,2020-07-31,0 days 15:59:32.921447,127666,52.49,52.45,985,1161,2092,-487
461,CHWY,2020-07-31,0 days 15:59:46.956128,135901,52.49,52.46,431,3746,1052,-3629
462,CIG,2020-07-31,0 days 15:56:23.335478,298221,2.34,2.33,255002,142263,3830,-1170
463,CIG,2020-07-31,0 days 15:56:24.337360,279551,2.34,2.33,255002,142263,-18670,3830
464,CIG,2020-07-31,0 days 15:59:44.823428,320085,2.33,2.32,519485,315233,2702,-9298
465,CIG,2020-07-31,0 days 15:59:46.829088,310322,2.33,2.32,497297,316983,-22666,33002
466,CL,2020-07-31,0 days 15:59:55.821512,927944,77.23,77.19,635,3197,49034,-15154
467,CLDR,2020-07-31,0 days 15:59:44.798158,314579,11.28,11.27,5919,36919,1151,-5149
468,CLDR,2020-07-31,0 days 15:59:47.804569,309774,11.28,11.27,7447,36567,-5868,7032
469,CLF,2020-07-31,0 days 15:53:04.047259,552402,5.19,5.18,58738,108608,4009,-81097
470,CLF,2020-07-31,0 days 15:59:46.021730,791390,5.18,5.17,164063,74149,4155,-16419
471,CLF,2020-07-31,0 days 16:00:00.160838,792549,5.18,5.17,51145,482527,8895,-16905
472,CLNY,2020-07-31,0 days 15:56:11.435288,810869,1.91,1.9,44921,60370,-407,5748
473,CLNY,2020-07-31,0 days 15:58:01.701737,806476,1.91,1.9,7472,88387,3477,-1323
474,CLNY,2020-07-31,0 days 15:59:44.953627,831608,1.92,1.91,47661,57446,-5814,1586
475,CLNY,2020-07-31,0 days 15:59:49.963316,829122,1.92,1.91,46013,56830,2486,-1714
476,CLR,2020-07-31,0 days 15:55:00.263849,102346,17.25,17.24,2000,2057,43,-35406
477,CLR,2020-07-31,0 days 15:56:10.433611,119014,17.23,17.22,2621,782,-200,2720
478,CLR,2020-07-31,0 days 15:56:11.435307,117014,17.23,17.22,2748,382,2000,-200
479,CLR,2020-07-31,0 days 15:56:25.468548,113480,17.24,17.23,500,2569,-1614,1000
480,CLR,2020-07-31,0 days 15:56:26.471842,111594,17.25,17.23,24055,3063,1886,-1614
481,CLR,2020-07-31,0 days 15:56:38.500050,118969,17.25,17.24,19615,1803,-745,2175
482,CLR,2020-07-31,0 days 15:56:39.501993,117014,17.25,17.24,19835,1803,1122,-745
483,CLR,2020-07-31,0 days 15:58:15.735386,119840,17.26,17.25,1400,5199,-98,1502
484,CLR,2020-07-31,0 days 15:58:16.738003,119438,17.26,17.25,2480,4041,402,-98
485,CLR,2020-07-31,0 days 15:59:25.906722,124711,17.29,17.28,3187,3114,218,-282
486,CMA,2020-07-31,0 days 15:59:33.799807,1470683,38.54,38.53,500,290,11951,-19503
487,CMA,2020-07-31,0 days 15:59:46.830370,1479974,38.59,38.57,716,500,-354,66496
488,CNC,2020-07-31,0 days 15:59:34.754484,462282,65.2,65.17,500,349,16797,-36236
489,CNC,2020-07-31,0 days 15:59:35.756808,439179,65.2,65.18,1000,308,-13563,16797
490,CNC,2020-07-31,0 days 15:59:37.761080,452782,65.19,65.17,100,400,6018,-12814
491,CNC,2020-07-31,0 days 15:59:39.771309,459437,65.24,65.22,200,500,-2845,6347
492,CNC,2020-07-31,0 days 15:59:40.768946,462482,65.24,65.21,248,709,2665,-2845
493,CNC,2020-07-31,0 days 15:59:41.770570,462047,65.23,65.21,300,400,-435,2665
494,CNC,2020-07-31,0 days 15:59:44.778247,462482,65.26,65.24,700,608,3981,-435
495,CNC,2020-07-31,0 days 15:59:52.781200,462482,65.3,65.24,400,308,877,-3369
496,CNC,2020-07-31,0 days 15:59:56.789348,463359,65.31,65.23,4852,100,-12669,877
497,CNC,2020-07-31,0 days 15:59:59.795610,462482,65.31,65.23,14579,12208,1292,-12469
498,CNC,2020-07-31,0 days 16:00:00.790070,463774,65.31,65.25,14547,16838,-12254,1292
499,CNK,2020-07-31,0 days 15:55:43.254102,325395,11.8,11.79,5225,3309,-1275,2225
500,CNK,2020-07-31,0 days 15:55:44.256973,323270,11.8,11.79,5125,3162,2125,-1275
501,CNK,2020-07-31,0 days 15:56:24.352012,326695,11.79,11.78,3400,2437,-704,996
502,CNK,2020-07-31,0 days 15:56:25.354860,324799,11.79,11.78,3200,3437,1896,-704
503,CNK,2020-07-31,0 days 15:56:37.383038,329695,11.79,11.78,2701,2852,-2304,2096
504,CNK,2020-07-31,0 days 15:58:00.581200,333799,11.81,11.8,4443,12980,825,-475
505,CNK,2020-07-31,0 days 15:58:01.583095,333324,11.81,11.8,3863,13180,-475,825
506,CNK,2020-07-31,0 days 15:58:03.588365,334499,11.81,11.8,3635,13980,325,-475
507,CNK,2020-07-31,0 days 15:58:05.597548,333370,11.81,11.8,8302,13279,-429,225
508,CNK,2020-07-31,0 days 15:58:10.604299,333900,11.81,11.8,4481,13155,2570,-530
509,CNK,2020-07-31,0 days 15:58:11.606719,333470,11.81,11.8,9534,12451,-430,2570
510,CNK,2020-07-31,0 days 15:58:23.635994,333900,11.81,11.8,5525,12627,5170,-4030
511,CNK,2020-07-31,0 days 15:58:24.638497,329870,11.81,11.8,11845,12527,-4030,5170
512,CNK,2020-07-31,0 days 15:59:01.729901,332700,11.83,11.82,2166,4988,4111,-2930
513,CNK,2020-07-31,0 days 15:59:02.732067,331611,11.83,11.82,2059,4588,-1089,4111
514,CNK,2020-07-31,0 days 15:59:34.802837,348133,11.84,11.83,800,5888,1800,-479
515,CNK,2020-07-31,0 days 15:59:46.830667,355858,11.83,11.82,3822,4847,1450,-5425
516,CNP,2020-07-31,0 days 15:59:16.756529,4777286,18.98,18.97,27538,3400,24773,-462104
517,CNP,2020-07-31,0 days 15:59:17.757249,4759359,18.98,18.97,21223,7366,-17927,24773
518,CNP,2020-07-31,0 days 15:59:41.815612,5026349,19.02,19.01,13941,21991,17052,-55031
519,CNP,2020-07-31,0 days 15:59:42.818458,5014001,19.02,19.01,14034,22417,-12886,17052
520,CNP,2020-07-31,0 days 15:59:43.820245,5028887,19.02,19.01,11229,22570,6519,-12886
521,CNP,2020-07-31,0 days 15:59:48.830125,5125661,19.03,19.02,23132,7796,26272,-52128
522,CNP,2020-07-31,0 days 15:59:51.835848,5031261,19.03,19.02,10070,8699,27540,-2606
523,CNQ,2020-07-31,0 days 15:55:00.137503,27781,17.63,17.62,18003,5793,746,-7874
524,CNQ,2020-07-31,0 days 15:55:43.240422,28549,17.65,17.64,8710,16812,-232,368
525,CNQ,2020-07-31,0 days 15:55:44.242242,27881,17.65,17.64,9110,14569,668,-232
526,CNQ,2020-07-31,0 days 15:56:27.346190,28239,17.65,17.64,28122,2586,-435,955
527,CNQ,2020-07-31,0 days 15:59:03.723779,29317,17.64,17.63,19442,4113,-42,243
528,CNQ,2020-07-31,0 days 15:59:08.738219,29359,17.63,17.62,7801,29617,3449,-42
529,CNXM,2020-07-31,0 days 15:59:59.834265,238727,8.96,8.94,200,5900,-7669,16599
530,COG,2020-07-31,0 days 15:58:00.699558,864096,18.68,18.67,2864,4222,-6982,15020
531,COG,2020-07-31,0 days 15:58:01.701874,838378,18.68,18.67,3664,3482,25718,-6982
532,COG,2020-07-31,0 days 15:59:44.953815,879564,18.72,18.71,6654,1360,-605,1784
533,COG,2020-07-31,0 days 15:59:46.959806,876906,18.71,18.7,1845,3679,5490,-16642
534,CPE,2020-07-31,0 days 15:55:00.111607,322420,1.14,1.13,194126,332221,6236,-72454
535,CPE,2020-07-31,0 days 15:58:16.582970,328645,1.14,1.13,252275,325454,-223,6225
536,CPRI,2020-07-31,0 days 15:55:07.341688,258967,14.94,14.93,1500,4112,-647,7753
537,CPRI,2020-07-31,0 days 15:55:43.427916,259927,14.93,14.92,6613,4226,110,-590
538,CPRI,2020-07-31,0 days 15:55:44.430486,259437,14.93,14.92,6413,4430,-490,110
539,CPRI,2020-07-31,0 days 15:56:24.527130,264226,14.92,14.91,6706,1055,1341,-359
540,CPRI,2020-07-31,0 days 15:56:25.529617,263567,14.92,14.91,6706,1255,-659,1341
541,CPRI,2020-07-31,0 days 15:57:40.710284,264651,14.92,14.91,1881,4946,3595,-1205
542,CPRI,2020-07-31,0 days 15:57:41.713479,263946,14.92,14.91,6118,5223,-705,3595
543,CPRI,2020-07-31,0 days 15:57:45.722701,265851,14.91,14.9,2260,30183,195,-1905
544,CPRI,2020-07-31,0 days 15:57:47.727871,265046,14.91,14.9,8747,29973,-805,195
545,CPRI,2020-07-31,0 days 15:57:50.734939,266751,14.91,14.9,15184,30562,3295,-905
546,CPRI,2020-07-31,0 days 15:57:51.737804,267646,14.91,14.9,15284,30662,-1005,3295
547,CPRI,2020-07-31,0 days 15:57:52.740352,268651,14.91,14.9,15684,30562,695,-1005
548,CPRI,2020-07-31,0 days 15:57:54.744416,267546,14.91,14.9,15722,30266,-1105,495
549,CPRI,2020-07-31,0 days 15:57:58.754491,268651,14.91,14.9,7435,30277,95,-1105
550,CPRI,2020-07-31,0 days 15:57:59.756588,267546,14.91,14.9,7554,29577,-1105,95
551,CPRI,2020-07-31,0 days 15:58:00.761490,267610,14.91,14.9,7554,34399,1336,-1105
552,CPRI,2020-07-31,0 days 15:58:01.762571,266646,14.91,14.9,7016,34799,-1564,1336
553,CPRI,2020-07-31,0 days 15:58:03.767020,272164,14.93,14.92,2245,5610,7382,-1464
554,CPRI,2020-07-31,0 days 15:58:04.769993,268046,14.93,14.92,7625,5310,-4118,7382
555,CPRI,2020-07-31,0 days 15:58:05.772190,272164,14.93,14.92,6625,5916,4854,-4118
556,CPRI,2020-07-31,0 days 15:58:06.774928,270618,14.93,14.92,12326,5816,-1546,4854
557,CPRI,2020-07-31,0 days 15:58:15.799848,268264,14.92,14.91,1430,5327,2354,-3146
558,CPRI,2020-07-31,0 days 15:58:16.799248,267118,14.92,14.91,1111,5304,-1146,2354
559,CPRI,2020-07-31,0 days 15:58:17.801453,268264,14.92,14.91,2531,5404,554,-1146
560,CPRI,2020-07-31,0 days 15:58:18.803762,267118,14.92,14.91,2651,5404,-1146,554
561,CPRI,2020-07-31,0 days 15:58:19.810109,268264,14.92,14.91,4711,4695,1254,-1146
562,CPRI,2020-07-31,0 days 15:58:20.808924,267118,14.92,14.91,4831,4795,-1146,1254
563,CPRI,2020-07-31,0 days 15:59:18.949043,277618,14.93,14.92,2119,5749,2326,-1173
564,CPRI,2020-07-31,0 days 15:59:19.951838,270701,14.95,14.94,2858,1753,-23217,2326
565,CPRI,2020-07-31,0 days 15:59:41.006451,302620,14.96,14.95,401,5597,12840,-1425
566,CPRI,2020-07-31,0 days 15:59:42.008082,302360,14.96,14.95,377,5597,-260,12840
567,CPRI,2020-07-31,0 days 15:59:43.007422,301564,14.96,14.95,1573,5659,796,-260
568,CPRI,2020-07-31,0 days 15:59:51.033828,312649,14.99,14.98,2465,968,-26386,7582
569,CRM,2020-07-31,0 days 15:55:00.135162,532170,194.43,194.37,340,203,-78344,46508
570,CRM,2020-07-31,0 days 15:59:14.752190,629989,194.64,194.6,1184,617,11572,-24798
571,CRM,2020-07-31,0 days 15:59:16.757179,625561,194.69,194.64,405,300,-550,1150
572,CRM,2020-07-31,0 days 15:59:20.766375,626266,194.69,194.64,871,452,4395,-705
573,CRM,2020-07-31,0 days 15:59:21.768951,625764,194.69,194.64,1128,483,-502,4395
574,CRM,2020-07-31,0 days 15:59:36.804863,629846,194.79,194.75,200,1043,11887,-2658
575,CRM,2020-07-31,0 days 15:59:37.807694,616333,194.82,194.77,100,1322,-13513,11887
576,CRM,2020-07-31,0 days 15:59:38.809870,629846,194.87,194.8,905,1600,11655,-13513
577,CRM,2020-07-31,0 days 15:59:39.814438,633901,194.89,194.8,4900,3310,-12871,11655
578,CS,2020-07-31,0 days 15:59:01.623209,56389,10.56,10.55,67637,100351,12974,-17626
579,CS,2020-07-31,0 days 15:59:02.625698,54663,10.56,10.55,63234,100451,-1726,12974
580,CTVA,2020-07-31,0 days 15:55:22.382347,894463,28.5,28.49,1170,3398,-16396,56304
581,CTVA,2020-07-31,0 days 15:55:23.384698,881559,28.51,28.5,1447,1611,12904,-16396
582,CTVA,2020-07-31,0 days 15:58:48.880580,1044222,28.63,28.62,1872,3400,-21599,52501
583,CTVA,2020-07-31,0 days 15:58:49.882750,1042021,28.63,28.62,2095,3323,2201,-21599
584,CTVA,2020-07-31,0 days 15:59:14.945443,1465638,28.62,28.61,5048,1260,-213798,330501
585,CTVA,2020-07-31,0 days 15:59:48.025854,1849309,28.59,28.58,4706,4793,46982,-5320
586,CVE,2020-07-31,0 days 15:59:36.708855,86083,4.46,4.45,206626,179557,15086,-29025
587,CVE,2020-07-31,0 days 15:59:37.710961,84069,4.46,4.45,206326,186517,-2014,15086
588,CVE,2020-07-31,0 days 15:59:45.731038,86083,4.46,4.45,115928,210197,672,-1612
589,CVE,2020-07-31,0 days 15:59:48.739810,84255,4.46,4.45,50712,210541,-1828,672
590,CVX,2020-07-31,0 days 15:55:00.052111,2184555,83.3,83.27,400,525,32172,-171166
591,CVX,2020-07-31,0 days 15:55:36.127327,2212549,83.45,83.43,304,528,-5767,16533
592,CVX,2020-07-31,0 days 15:55:37.129471,2211016,83.45,83.43,200,747,1533,-5767
593,CVX,2020-07-31,0 days 15:55:41.140005,2212424,83.48,83.47,2573,458,-2915,1061
594,CVX,2020-07-31,0 days 15:55:42.141701,2211339,83.48,83.47,1131,785,1085,-2915
595,CVX,2020-07-31,0 days 15:55:47.153809,2210174,83.54,83.52,357,452,211,-6554
596,CVX,2020-07-31,0 days 15:55:49.158830,2210396,83.54,83.52,300,852,-2678,222
597,CVX,2020-07-31,0 days 15:55:50.161072,2210039,83.51,83.49,268,200,2396,-2678
598,CVX,2020-07-31,0 days 15:55:53.168970,2210396,83.54,83.52,300,500,-1878,396
599,CVX,2020-07-31,0 days 15:55:54.170867,2209074,83.54,83.52,100,700,1322,-1878
600,CVX,2020-07-31,0 days 15:55:58.180850,2210396,83.55,83.54,750,100,-7605,1322
601,CVX,2020-07-31,0 days 15:56:04.194921,2224652,83.49,83.46,751,100,11483,-4984
602,CVX,2020-07-31,0 days 15:57:36.415235,2269231,83.61,83.6,857,904,-13182,7763
603,CVX,2020-07-31,0 days 15:57:37.418530,2267218,83.61,83.59,1526,1524,658,-13182
604,CVX,2020-07-31,0 days 15:57:38.420185,2269231,83.61,83.59,1300,1891,-21570,658
605,CVX,2020-07-31,0 days 15:57:41.427767,2270113,83.58,83.54,818,663,6544,-25962
606,CVX,2020-07-31,0 days 15:57:42.429880,2276657,83.58,83.54,1308,881,-3256,6544
607,CVX,2020-07-31,0 days 15:57:45.437867,2348693,83.6,83.59,200,720,397638,-9156
608,CVX,2020-07-31,0 days 15:59:40.719146,2868814,84.05,84.04,210,453,-25443,43369
609,CVX,2020-07-31,0 days 15:59:41.720875,2828398,83.99,83.93,1600,1230,41905,-25443
610,CVX,2020-07-31,0 days 15:59:44.729217,2868914,84.06,84.02,6150,1264,-13590,572
611,CVX,2020-07-31,0 days 15:59:45.731190,2848938,84.0,83.99,333,600,21565,-13590
612,CVX,2020-07-31,0 days 15:59:46.734229,2869014,84.05,84.04,200,250,-24429,21565
613,CVX,2020-07-31,0 days 15:59:47.735594,2865853,84.06,84.05,5813,100,9134,-24429
614,CXO,2020-07-31,0 days 15:59:32.924496,577354,52.53,52.52,279,305,-11506,3101
615,CXO,2020-07-31,0 days 15:59:33.926562,538888,52.48,52.43,612,500,38466,-11506
616,CXO,2020-07-31,0 days 15:59:38.940186,573654,52.49,52.48,2972,583,3900,-7600
617,CXO,2020-07-31,0 days 15:59:39.943627,577554,52.53,52.49,1513,200,-21923,3900
618,CXO,2020-07-31,0 days 15:59:40.944707,575477,52.5,52.49,250,400,7792,-21923
619,CXO,2020-07-31,0 days 15:59:46.959782,581397,52.53,52.51,100,400,2286,-3168
620,CYH,2020-07-31,0 days 15:55:00.051957,134400,4.95,4.94,14200,19900,3349,-1288
621,CYH,2020-07-31,0 days 15:57:32.405319,140687,4.97,4.96,23121,11708,1562,-15838
622,CYH,2020-07-31,0 days 15:57:41.427747,142249,4.97,4.96,49061,18018,-238,1562
623,CYH,2020-07-31,0 days 15:57:42.429863,141387,4.97,4.96,50561,17922,862,-238
624,CYH,2020-07-31,0 days 15:58:47.587940,170100,4.97,4.96,20221,19140,-1138,4062
625,CYH,2020-07-31,0 days 15:58:48.590446,166038,4.97,4.96,21921,20340,4062,-1138
626,CYH,2020-07-31,0 days 15:59:34.703647,167589,4.98,4.97,34441,19650,3073,-3027
627,CYH,2020-07-31,0 days 15:59:44.729195,171670,4.98,4.97,27229,25606,-16943,3481
628,CYH,2020-07-31,0 days 15:59:46.734166,170711,4.98,4.97,27655,20728,2163,-3741
629,DAL,2020-07-31,0 days 15:57:38.476757,533788,24.97,24.96,18561,4829,941,-1659
630,DAL,2020-07-31,0 days 15:57:39.479165,525529,24.97,24.96,19361,3740,-8259,941
631,DAL,2020-07-31,0 days 15:59:33.751173,540516,24.97,24.96,25872,12866,-78,1522
632,DAL,2020-07-31,0 days 15:59:46.783376,541398,24.97,24.96,18921,23782,-6226,18885
633,DAL,2020-07-31,0 days 15:59:48.780303,547924,24.97,24.96,18097,22033,6005,-8126
634,DAL,2020-07-31,0 days 15:59:50.779332,506332,24.98,24.97,1855,44020,-41592,9476
635,DB,2020-07-31,0 days 15:56:03.248441,92229,8.93,8.92,59640,103717,30488,-42784
636,DB,2020-07-31,0 days 15:56:04.251891,87917,8.93,8.92,54006,109342,-4312,30488
637,DB,2020-07-31,0 days 15:58:15.566361,95967,8.93,8.92,129618,68416,15931,-4346
638,DB,2020-07-31,0 days 15:58:16.568625,70298,8.93,8.92,122618,70316,-25669,15931
639,DB,2020-07-31,0 days 15:59:01.678210,95967,8.93,8.92,104670,80084,20431,-26369
640,DB,2020-07-31,0 days 15:59:02.681587,93198,8.93,8.92,103570,81661,-2029,20431
641,DBD,2020-07-31,0 days 15:55:01.045633,145471,6.95,6.94,3002,5679,68679,-48390
642,DBD,2020-07-31,0 days 15:55:02.045183,144150,6.95,6.94,3848,5880,-1321,68679
643,DBD,2020-07-31,0 days 15:59:02.625506,162009,6.93,6.92,1357,20252,1300,-1067
644,DBD,2020-07-31,0 days 15:59:03.627415,159809,6.93,6.92,1622,20139,-2000,1300
645,DBD,2020-07-31,0 days 15:59:40.718683,163209,6.96,6.95,2389,9350,16224,-406
646,DBD,2020-07-31,0 days 15:59:41.720704,155333,6.96,6.95,1665,12750,-7876,16224
647,DBD,2020-07-31,0 days 15:59:42.723959,163209,6.96,6.95,1155,9587,190,-7876
648,DBD,2020-07-31,0 days 15:59:43.725927,161499,6.96,6.95,1052,9980,-1710,190
649,DBD,2020-07-31,0 days 15:59:46.733974,163714,6.96,6.95,881,10573,488,-68
650,DBD,2020-07-31,0 days 15:59:48.739504,163002,6.98,6.97,1044,4935,-713,488
651,DD,2020-07-31,0 days 15:56:10.279923,376585,53.43,53.41,1505,900,-552,1939
652,DD,2020-07-31,0 days 15:56:39.350387,379149,53.4,53.38,1905,920,-313,1187
653,DD,2020-07-31,0 days 15:57:26.460773,378977,53.42,53.41,100,1405,1608,-2392
654,DD,2020-07-31,0 days 15:57:27.462744,378685,53.43,53.41,1304,1705,-292,1608
655,DD,2020-07-31,0 days 15:57:44.504493,396102,53.42,53.41,2384,189,1041,-1819
656,DD,2020-07-31,0 days 15:57:45.507269,394243,53.42,53.41,2884,189,-5559,1041
657,DD,2020-07-31,0 days 15:58:36.631045,397802,53.43,53.42,100,1652,4921,-808
658,DD,2020-07-31,0 days 15:58:37.633364,394923,53.44,53.43,1011,797,-2879,4921
659,DD,2020-07-31,0 days 15:59:04.700502,403874,53.44,53.43,4516,2956,6040,-3551
660,DD,2020-07-31,0 days 15:59:05.704679,402914,53.44,53.43,4674,3256,-960,6040
661,DD,2020-07-31,0 days 15:59:18.734968,420188,53.43,53.42,789,319,5607,-2836
662,DD,2020-07-31,0 days 15:59:19.737327,411795,53.43,53.42,1139,700,-7093,5607
663,DD,2020-07-31,0 days 15:59:38.785083,430496,53.48,53.47,4100,707,481,-5819
664,DD,2020-07-31,0 days 15:59:42.795014,433446,53.49,53.48,1500,418,34,-807
665,DD,2020-07-31,0 days 15:59:46.803337,441193,53.51,53.5,8410,1219,626,-1779
666,DHI,2020-07-31,0 days 15:55:02.267964,445850,66.21,66.2,1645,602,-23,591
667,DHI,2020-07-31,0 days 15:55:36.348530,445850,66.06,66.05,200,1284,-42213,1687
668,DHI,2020-07-31,0 days 15:55:57.399665,446050,65.99,65.98,1227,1100,-1525,2175
669,DHI,2020-07-31,0 days 15:55:58.402404,444075,65.99,65.98,966,1406,2154,-1525
670,DHI,2020-07-31,0 days 15:58:43.804398,458452,66.01,66.0,300,1000,3174,-16726
671,DHI,2020-07-31,0 days 15:58:47.812224,461626,66.05,66.04,227,800,-1526,1474
672,DHI,2020-07-31,0 days 15:58:48.815260,458852,66.05,66.04,527,746,2774,-1526
673,DHI,2020-07-31,0 days 15:58:57.837162,455026,66.1,66.08,300,1600,-3826,2774
674,DHI,2020-07-31,0 days 15:58:58.839108,452852,66.1,66.08,200,1900,2174,-3826
675,DHI,2020-07-31,0 days 15:59:05.857636,464727,66.12,66.11,1267,1200,-17703,2096
676,DHI,2020-07-31,0 days 15:59:31.921630,492115,66.02,66.01,606,1754,454,-41646
677,DHI,2020-07-31,0 days 15:59:33.926038,492569,66.02,66.01,396,2543,-3246,454
678,DHI,2020-07-31,0 days 15:59:34.929545,492115,66.02,66.01,600,2859,454,-3246
679,DOW,2020-07-31,0 days 15:58:04.773827,2335231,40.94,40.92,1521,600,1652,-13905
680,DOW,2020-07-31,0 days 15:58:08.783851,2296983,40.94,40.93,700,477,-24190,31010
681,DOW,2020-07-31,0 days 15:58:19.810764,2309760,40.94,40.93,2720,212,-11413,8487
682,DOW,2020-07-31,0 days 15:59:34.991903,2331038,41.02,41.01,1124,678,37886,-9044
683,DOW,2020-07-31,0 days 15:59:41.007280,2342738,41.04,41.03,600,2300,11388,-18091
684,DOW,2020-07-31,0 days 15:59:45.017636,2344796,41.06,41.05,700,667,6787,-14501
685,DRE,2020-07-31,0 days 15:59:50.961970,511543,40.2,40.19,2271,4001,2061,-1836
686,DRH,2020-07-31,0 days 15:51:13.572134,166097,4.62,4.61,23539,10989,976,-924
687,DRH,2020-07-31,0 days 15:59:04.700316,228036,4.63,4.62,9202,38859,-2995,807
688,DRH,2020-07-31,0 days 15:59:11.717667,235908,4.63,4.62,7022,35751,6028,-7872
689,DRH,2020-07-31,0 days 15:59:12.720532,235236,4.63,4.62,7022,36331,-672,6028
690,DRH,2020-07-31,0 days 15:59:15.727522,249947,4.63,4.62,5377,36028,10389,-14711
691,DRH,2020-07-31,0 days 15:59:16.730898,248236,4.63,4.62,4532,37436,-1711,10389
692,DRH,2020-07-31,0 days 15:59:18.734672,251788,4.63,4.62,3873,38109,311,-1711
693,DRH,2020-07-31,0 days 15:59:21.743140,248348,4.64,4.63,23163,18646,-3440,560
694,DT,2020-07-31,0 days 15:59:02.732010,90993,41.76,41.75,897,638,130,-2089
695,DT,2020-07-31,0 days 15:59:03.734491,90123,41.76,41.75,807,638,-1377,130
696,DT,2020-07-31,0 days 15:59:40.817764,94145,41.77,41.76,200,1825,3880,-13921
697,DT,2020-07-31,0 days 15:59:41.819310,93325,41.78,41.76,200,2036,-820,3880
698,DT,2020-07-31,0 days 15:59:45.828950,94428,41.78,41.76,302,1925,435,-975
699,DT,2020-07-31,0 days 15:59:48.835988,93379,41.82,41.8,315,1027,-1826,12
700,DUK,2020-07-31,0 days 15:59:14.761584,738979,84.66,84.65,300,1270,5847,-61
701,DUK,2020-07-31,0 days 15:59:18.770856,744826,84.68,84.66,182,1247,-8763,3915
702,DUK,2020-07-31,0 days 15:59:36.806656,750618,84.71,84.7,900,100,25073,-3005
703,DUK,2020-07-31,0 days 15:59:44.826933,774995,84.77,84.75,849,914,696,-72
704,DUK,2020-07-31,0 days 15:59:45.829193,775572,84.77,84.76,531,907,-5413,696
705,DVN,2020-07-31,0 days 15:55:00.329805,491475,10.45,10.44,8433,13180,-9695,9270
706,DVN,2020-07-31,0 days 15:56:11.499300,505039,10.44,10.43,16926,10048,4855,-7978
707,DVN,2020-07-31,0 days 15:56:12.501852,500794,10.44,10.43,16413,11537,-4245,4855
708,DVN,2020-07-31,0 days 15:57:27.682719,510439,10.45,10.44,6648,23985,14237,-7145
709,DVN,2020-07-31,0 days 15:57:28.686473,507976,10.45,10.44,7648,26471,-2463,14237
710,DVN,2020-07-31,0 days 15:57:37.707775,510439,10.45,10.44,8316,23894,119,-2381
711,DVN,2020-07-31,0 days 15:57:39.712699,508458,10.45,10.44,7582,25394,-1981,319
712,DVN,2020-07-31,0 days 15:57:40.714602,510439,10.45,10.44,8475,23909,3019,-1981
713,DVN,2020-07-31,0 days 15:57:41.717096,508958,10.45,10.44,19258,26495,-1481,3019
714,DVN,2020-07-31,0 days 15:57:43.722670,510439,10.45,10.44,20609,24295,6019,-1481
715,DVN,2020-07-31,0 days 15:57:44.724638,507758,10.45,10.44,24446,27395,-2681,6019
716,DVN,2020-07-31,0 days 15:57:50.739192,510439,10.45,10.44,28346,39009,1519,-481
717,DVN,2020-07-31,0 days 15:57:55.751017,522858,10.45,10.44,21983,43409,-3381,6919
718,DVN,2020-07-31,0 days 15:58:02.768923,521558,10.46,10.45,18760,6794,-624,11676
719,DVN,2020-07-31,0 days 15:58:04.774115,520382,10.46,10.45,36636,7717,1176,-24
720,DVN,2020-07-31,0 days 15:59:25.969931,536800,10.48,10.47,22651,11006,1060,-9040
721,DVN,2020-07-31,0 days 15:59:27.975048,537860,10.48,10.47,21151,12468,-1075,1060
722,DVN,2020-07-31,0 days 15:59:28.978345,536935,10.48,10.47,20927,14341,925,-1075
723,DVN,2020-07-31,0 days 15:59:32.987255,521728,10.48,10.47,21313,21820,-4307,925
724,DVN,2020-07-31,0 days 15:59:41.007551,526035,10.48,10.47,17250,20852,18926,-865
725,ED,2020-07-31,0 days 15:59:37.936462,2187302,76.99,76.96,309,1100,-224,44847
726,ED,2020-07-31,0 days 15:59:38.940309,2185026,76.99,76.94,609,700,376,-224
727,ED,2020-07-31,0 days 15:59:39.943821,2191602,76.99,76.94,1609,700,-3024,376
728,ED,2020-07-31,0 days 15:59:41.946621,2235990,76.95,76.93,508,500,1212,-43942
729,ED,2020-07-31,0 days 15:59:42.949308,2237393,76.96,76.92,409,1800,-37284,1212
730,ED,2020-07-31,0 days 15:59:55.973113,2261401,76.9,76.86,7800,1400,8576,-4150
731,EGO,2020-07-31,0 days 15:55:43.369075,54747,12.53,12.52,3730,17595,77,-1423
732,EGO,2020-07-31,0 days 15:55:44.371477,53424,12.53,12.52,4030,17695,-1323,77
733,EGO,2020-07-31,0 days 15:56:24.465282,54747,12.53,12.52,13210,4848,387,-1313
734,EGO,2020-07-31,0 days 15:56:25.467933,53634,12.53,12.52,13720,3223,-1113,387
735,EGO,2020-07-31,0 days 15:57:07.569594,54747,12.53,12.52,500,21800,387,-1113
736,EGO,2020-07-31,0 days 15:57:08.571581,53734,12.54,12.53,4700,15167,-1013,387
737,EGO,2020-07-31,0 days 15:58:36.784164,54464,12.55,12.54,9884,11809,671,-929
738,EGO,2020-07-31,0 days 15:58:37.786501,53635,12.55,12.54,9988,11709,-829,671
739,EGO,2020-07-31,0 days 15:59:07.859869,54945,12.56,12.55,12442,6648,15,-879
740,EGO,2020-07-31,0 days 15:59:45.954902,56811,12.6,12.59,22204,7172,2537,-263
741,ELAN,2020-07-31,0 days 15:52:50.826270,187738,23.58,23.57,986,400,-401,1734
742,ELAN,2020-07-31,0 days 15:55:28.204441,226302,23.61,23.59,1305,2512,-2256,1544
743,ELAN,2020-07-31,0 days 15:55:37.225359,228558,23.62,23.61,1400,101,10656,-2256
744,ELAN,2020-07-31,0 days 15:55:38.227769,227514,23.62,23.61,1775,800,-1044,10656
745,ELAN,2020-07-31,0 days 15:57:06.440376,233180,23.62,23.61,1049,559,1307,-1393
746,ELAN,2020-07-31,0 days 15:57:07.442951,229387,23.64,23.62,1200,200,-3893,1307
747,ELAN,2020-07-31,0 days 15:57:13.457572,232087,23.61,23.6,1078,702,-1093,1807
748,ELAN,2020-07-31,0 days 15:58:19.617429,254971,23.62,23.61,1017,1158,3774,-26
749,ELAN,2020-07-31,0 days 15:58:35.656397,258745,23.63,23.62,1244,1600,-2726,1274
750,ELAN,2020-07-31,0 days 15:58:41.669777,256705,23.62,23.61,477,906,1419,-2560
751,ELAN,2020-07-31,0 days 15:58:51.694438,260224,23.64,23.63,1272,541,-2001,1399
752,ELAN,2020-07-31,0 days 15:59:01.719158,263524,23.63,23.62,2212,7410,-299,3799
753,ELAN,2020-07-31,0 days 15:59:05.731029,259814,23.64,23.63,1763,1006,469,-2131
754,ELAN,2020-07-31,0 days 15:59:19.760590,288060,23.63,23.62,900,1200,-21274,26526
755,ELAN,2020-07-31,0 days 15:59:21.765097,277190,23.64,23.63,8589,600,8345,-13055
756,ELAN,2020-07-31,0 days 15:59:31.789556,286235,23.64,23.63,6579,300,-1355,1945
757,ELAN,2020-07-31,0 days 15:59:39.811903,280293,23.63,23.62,486,950,26940,-6896
758,ELAN,2020-07-31,0 days 15:59:46.827053,310947,23.66,23.65,6753,2171,-30611,24702
759,EMR,2020-07-31,0 days 15:55:00.111528,885355,61.77,61.76,578,1802,1050,-22476
760,EMR,2020-07-31,0 days 15:55:14.145775,877963,61.81,61.8,1075,695,7042,-1458
761,EMR,2020-07-31,0 days 15:57:44.504088,908327,61.93,61.92,410,1135,-3573,8527
762,EMR,2020-07-31,0 days 15:57:45.507067,899800,61.93,61.92,510,362,8527,-3573
763,EMR,2020-07-31,0 days 15:57:59.540851,908831,61.91,61.9,200,704,-569,8127
764,EMR,2020-07-31,0 days 15:58:00.545476,900400,61.93,61.91,600,1173,7939,-569
765,EMR,2020-07-31,0 days 15:59:20.739849,912985,61.97,61.96,2115,548,-490,3611
766,EMR,2020-07-31,0 days 15:59:21.743085,907175,61.97,61.96,2297,548,5810,-490
767,EMR,2020-07-31,0 days 15:59:46.802995,900318,62.03,62.02,791,200,-8713,614
768,ENB,2020-07-31,0 days 15:56:05.306884,51180,31.95,31.94,3506,5052,2020,-560
769,ENB,2020-07-31,0 days 15:56:06.309348,50100,31.95,31.94,6606,2342,-1400,2020
770,ENB,2020-07-31,0 days 15:58:09.601810,51368,31.94,31.93,3760,4372,-1511,189
771,ENB,2020-07-31,0 days 15:58:54.710701,52879,31.97,31.96,7627,3413,2755,-1739
772,ENB,2020-07-31,0 days 15:58:55.713453,52134,31.97,31.96,7827,3390,-745,2755
773,ENB,2020-07-31,0 days 15:59:45.829020,53368,31.99,31.98,1696,18091,3044,-358
774,ENB,2020-07-31,0 days 15:59:46.830640,53212,32.0,31.99,5022,8449,-950,3044
775,ENLC,2020-07-31,0 days 15:59:04.685241,37523,2.44,2.43,18967,9849,1765,-1135
776,EOG,2020-07-31,0 days 15:58:59.724040,446590,46.77,46.76,5745,5288,-1825,21489
777,EOG,2020-07-31,0 days 15:59:00.727604,428415,46.77,46.76,4963,5712,18175,-1825
778,EOG,2020-07-31,0 days 15:59:47.832410,456626,46.86,46.85,8303,1233,1163,-12218
779,EPD,2020-07-31,0 days 15:55:00.265321,72864,17.48,17.47,10808,600,2878,-3046
780,EPD,2020-07-31,0 days 15:55:53.394900,75842,17.49,17.48,5513,11680,-11622,2978
781,EPD,2020-07-31,0 days 15:59:45.954810,86897,17.58,17.57,22023,1700,258,-330
782,EQNR,2020-07-31,0 days 15:56:11.306702,47070,14.89,14.88,32458,39958,80,-983
783,EQNR,2020-07-31,0 days 15:56:25.339741,45350,14.89,14.88,35587,39681,-1720,1780
784,EQNR,2020-07-31,0 days 15:58:09.592133,48670,14.89,14.88,34551,63066,8880,-11520
785,EQNR,2020-07-31,0 days 15:58:10.594834,46650,14.89,14.88,34351,62966,-2020,8880
786,EQNR,2020-07-31,0 days 15:58:15.607396,48670,14.89,14.88,22141,68618,8688,-13912
787,EQNR,2020-07-31,0 days 15:58:16.609404,47458,14.89,14.88,22241,67718,-1212,8688
788,EROS,2020-07-31,0 days 15:55:00.136556,62094,2.83,2.82,12524,10589,3637,-2911
789,ESRT,2020-07-31,0 days 15:57:02.443652,237078,6.6,6.59,12684,13064,-51346,14200
790,ESRT,2020-07-31,0 days 15:57:03.445579,233824,6.59,6.58,17157,9939,3254,-51346
791,ESRT,2020-07-31,0 days 15:57:45.544017,242158,6.6,6.59,9137,38289,-697,3
792,ESRT,2020-07-31,0 days 15:57:46.545541,237655,6.6,6.59,9137,38189,4503,-697
793,ESRT,2020-07-31,0 days 15:57:53.562595,242158,6.6,6.59,8638,41796,-197,203
794,ESRT,2020-07-31,0 days 15:57:55.566812,238355,6.6,6.59,10288,39996,3803,-3797
795,ESRT,2020-07-31,0 days 15:57:57.572056,242158,6.6,6.59,9688,41496,-3197,3803
796,ESRT,2020-07-31,0 days 15:57:58.573911,239055,6.6,6.59,10088,39996,3103,-3197
797,ET,2020-07-31,0 days 15:55:14.297777,166764,6.5,6.49,132567,34596,7106,-210294
798,ET,2020-07-31,0 days 15:56:53.534309,168164,6.5,6.49,129222,71769,7276,-208724
799,ET,2020-07-31,0 days 15:59:03.848886,188533,6.53,6.52,61778,112698,-4616,18184
800,ET,2020-07-31,0 days 15:59:04.851328,182149,6.53,6.52,47500,123304,6384,-4616
801,ET,2020-07-31,0 days 15:59:45.954619,197224,6.53,6.52,95692,85719,-10400,6575
802,ET,2020-07-31,0 days 15:59:46.955321,193224,6.53,6.52,82306,105956,4000,-10400
803,ETRN,2020-07-31,0 days 15:57:04.561692,349745,9.64,9.63,13706,7756,1912,-3636
804,ETRN,2020-07-31,0 days 15:57:05.564200,344583,9.64,9.63,13406,7756,-3485,1912
805,ETRN,2020-07-31,0 days 15:59:46.959526,398086,9.68,9.67,54631,3500,-12435,17886
806,EVRI,2020-07-31,0 days 15:55:02.102280,78252,5.66,5.65,8305,901,-14682,19718
807,EVRI,2020-07-31,0 days 15:55:03.103044,77534,5.66,5.65,8205,701,718,-14682
808,EVRI,2020-07-31,0 days 15:55:36.184113,78252,5.66,5.65,7845,4528,-7895,718
809,EVRI,2020-07-31,0 days 15:55:37.186807,77347,5.66,5.65,7845,4528,905,-7895
810,EXPR,2020-07-31,0 days 15:59:15.764162,82535,1.02,1.01,58664,50655,-2005,195
811,EXPR,2020-07-31,0 days 15:59:44.826868,84540,1.02,1.01,64654,54054,2496,-3205
812,F,2020-07-31,0 days 15:55:00.264548,2569052,6.57,6.56,474395,381758,-123712,963320
813,F,2020-07-31,0 days 15:59:11.873556,2783607,6.59,6.58,336179,447902,33941,-4498
814,F,2020-07-31,0 days 15:59:47.961737,3223352,6.61,6.6,434750,528745,55402,-58798
815,F,2020-07-31,0 days 15:59:48.967239,3213754,6.61,6.6,427882,529663,-9598,55402
816,FCAU,2020-07-31,0 days 15:55:00.150156,35113,10.14,10.13,9496,12463,962,-824
817,FCAU,2020-07-31,0 days 15:56:28.361411,37646,10.14,10.13,9860,15995,-9799,701
818,FCX,2020-07-31,0 days 15:59:44.798124,1222840,12.92,12.91,139654,26198,3,-6577
819,FCX,2020-07-31,0 days 15:59:46.803070,1149743,12.92,12.91,116345,60296,-86492,35603
820,FDX,2020-07-31,0 days 15:50:59.559872,167794,168.5,168.47,142,200,-34,101
821,FDX,2020-07-31,0 days 15:51:04.571325,167794,168.47,168.42,300,233,-34,101
822,FDX,2020-07-31,0 days 15:51:08.580256,167828,168.48,168.43,200,300,101,-34
823,FDX,2020-07-31,0 days 15:52:50.825694,167794,168.49,168.46,310,500,-34,101
824,FDX,2020-07-31,0 days 15:54:21.041411,167794,168.5,168.47,297,200,-34,101
825,FDX,2020-07-31,0 days 15:55:35.220643,241559,168.49,168.43,300,616,57,-1465
826,FDX,2020-07-31,0 days 15:55:52.261493,239051,168.46,168.43,400,520,-2508,192
827,FDX,2020-07-31,0 days 15:57:39.519239,266730,168.44,168.37,600,585,3278,-1931
828,FDX,2020-07-31,0 days 15:57:40.522440,262308,168.44,168.38,400,404,-4422,3278
829,FDX,2020-07-31,0 days 15:57:50.545671,264038,168.43,168.38,1309,793,-2692,208
830,FDX,2020-07-31,0 days 15:59:06.733252,268129,168.43,168.4,382,1105,292,-1529
831,FDX,2020-07-31,0 days 15:59:12.746229,258919,168.43,168.4,300,505,-9218,8490
832,FDX,2020-07-31,0 days 15:59:16.756926,268139,168.4,168.37,400,100,42,-2035
833,FDX,2020-07-31,0 days 15:59:17.754832,265781,168.42,168.39,279,752,-2358,42
834,FDX,2020-07-31,0 days 15:59:18.758102,268139,168.39,168.37,300,100,42,-2358
835,FDX,2020-07-31,0 days 15:59:19.760550,265781,168.41,168.37,500,235,-2358,42
836,FDX,2020-07-31,0 days 15:59:26.777118,266689,168.41,168.39,1337,506,-1450,2550
837,FDX,2020-07-31,0 days 15:59:28.781825,268139,168.41,168.38,844,1531,617,-944
838,FDX,2020-07-31,0 days 15:59:29.784546,266356,168.42,168.39,245,107,-1783,617
839,FDX,2020-07-31,0 days 15:59:35.799715,268139,168.52,168.46,400,945,82,-4183
840,FDX,2020-07-31,0 days 15:59:39.811873,287547,168.54,168.5,316,1006,-11184,8
841,FE,2020-07-31,0 days 15:59:13.942388,2699886,28.91,28.9,27685,4000,106185,-419418
842,FE,2020-07-31,0 days 15:59:16.948736,2766838,28.93,28.92,2600,1442,-207008,93285
843,FE,2020-07-31,0 days 15:59:32.987099,3031566,28.86,28.85,1798,4700,7014,-130252
844,FE,2020-07-31,0 days 15:59:33.990004,3030929,28.88,28.87,955,5037,-731,7014
845,FE,2020-07-31,0 days 15:59:37.999541,3031660,28.93,28.92,1700,3037,12344,-13631
846,FE,2020-07-31,0 days 15:59:43.011771,3044930,28.95,28.94,505,4608,-14280,13270
847,FE,2020-07-31,0 days 15:59:48.025782,3072574,28.97,28.96,3200,1948,111091,-15780
848,FHN,2020-07-31,0 days 15:59:18.734744,791592,9.24,9.23,30437,21252,13203,-79176
849,FHN,2020-07-31,0 days 15:59:29.760524,805028,9.26,9.25,19333,23563,-20675,12592
850,FHN,2020-07-31,0 days 15:59:30.765013,792603,9.26,9.25,25977,18542,12425,-20675
851,FHN,2020-07-31,0 days 15:59:35.776437,769590,9.26,9.25,20588,29511,37638,-6162
852,FHN,2020-07-31,0 days 15:59:36.778530,807228,9.27,9.26,35233,33224,-5550,37638
853,FHN,2020-07-31,0 days 15:59:42.794764,801553,9.26,9.25,31050,33670,5675,-6200
854,FHN,2020-07-31,0 days 15:59:48.806273,810224,9.27,9.26,33101,28215,4754,-14346
855,FIS,2020-07-31,0 days 15:55:10.173450,358217,146.06,146.02,500,629,-185,3278
856,FIS,2020-07-31,0 days 15:55:20.197820,358402,146.02,146.0,861,300,415,-185
857,FIS,2020-07-31,0 days 15:55:21.200017,358228,146.02,146.0,600,500,-174,415
858,FIS,2020-07-31,0 days 15:59:30.793950,378688,146.29,146.27,2956,400,-24,76
859,FIS,2020-07-31,0 days 15:59:40.817545,381615,146.27,146.26,300,310,10973,-3190
860,FIS,2020-07-31,0 days 15:59:56.852893,386210,146.31,146.27,3106,1400,10078,-1015
861,FIT,2020-07-31,0 days 15:55:44.369892,222487,6.54,6.53,49025,60098,1524,-2076
862,FIT,2020-07-31,0 days 15:55:45.371947,218111,6.54,6.53,49173,60187,-4376,1524
863,FIT,2020-07-31,0 days 15:57:50.675100,224437,6.55,6.54,139456,60581,1544,-5156
864,FIT,2020-07-31,0 days 15:57:51.676169,219981,6.55,6.54,136358,62081,-4456,1544
865,FIT,2020-07-31,0 days 15:57:55.684962,224437,6.55,6.54,139456,65281,244,-4456
866,FIT,2020-07-31,0 days 15:58:01.701934,220101,6.55,6.54,137805,68581,-4336,2064
867,FIT,2020-07-31,0 days 15:59:44.953887,227008,6.55,6.54,112725,83268,3354,-1004
868,FIT,2020-07-31,0 days 15:59:46.959884,226262,6.55,6.54,107664,75604,-2579,4854
869,FL,2020-07-31,0 days 15:55:00.149969,104330,29.33,29.31,1446,4567,2142,-7768
870,FL,2020-07-31,0 days 15:56:07.312121,107045,29.33,29.32,2074,2550,-1047,889
871,FL,2020-07-31,0 days 15:56:08.314381,105892,29.33,29.32,2574,2034,1153,-1047
872,FL,2020-07-31,0 days 15:57:01.440640,107060,29.36,29.35,595,1676,-16,284
873,FL,2020-07-31,0 days 15:57:02.443711,106176,29.36,29.35,567,1682,884,-16
874,FL,2020-07-31,0 days 15:57:42.535947,107262,29.38,29.37,432,1528,-414,286
875,FL,2020-07-31,0 days 15:57:43.539488,106476,29.38,29.37,424,2248,786,-414
876,FL,2020-07-31,0 days 15:57:45.544193,107262,29.38,29.37,423,7384,-1514,786
877,FL,2020-07-31,0 days 15:57:46.545683,106476,29.38,29.37,623,6184,786,-1514
878,FL,2020-07-31,0 days 15:57:54.564583,107262,29.38,29.37,705,8004,-214,786
879,FL,2020-07-31,0 days 15:57:55.566908,106576,29.38,29.37,907,6300,686,-214
880,FL,2020-07-31,0 days 15:58:05.597548,106762,29.39,29.38,1118,1630,-214,573
881,FL,2020-07-31,0 days 15:58:06.595503,106176,29.38,29.37,818,6427,586,-214
882,FL,2020-07-31,0 days 15:58:14.613692,106762,29.38,29.37,1109,8407,-214,586
883,FL,2020-07-31,0 days 15:58:15.616844,106676,29.38,29.37,1997,6727,86,-214
884,FL,2020-07-31,0 days 15:58:20.629728,106783,29.38,29.37,645,3804,-293,907
885,FL,2020-07-31,0 days 15:58:21.633414,106176,29.38,29.37,300,7213,607,-293
886,FL,2020-07-31,0 days 15:58:24.638486,106783,29.38,29.37,531,3493,-993,607
887,FL,2020-07-31,0 days 15:58:25.641007,106176,29.38,29.37,1737,3153,607,-993
888,FL,2020-07-31,0 days 15:59:05.741122,104727,29.37,29.36,3454,2024,-4478,247
889,FL,2020-07-31,0 days 15:59:33.800050,119998,29.39,29.38,1209,632,329,-3971
890,FL,2020-07-31,0 days 15:59:46.830640,120586,29.4,29.39,1271,242,-1261,339
891,FNB,2020-07-31,0 days 15:55:00.265468,374536,7.37,7.36,19093,10915,-23583,141440
892,FNB,2020-07-31,0 days 15:55:01.266955,361119,7.37,7.36,18793,10416,13417,-23583
893,FNB,2020-07-31,0 days 15:59:18.885993,376786,7.4,7.39,24949,23783,5126,-19404
894,FNB,2020-07-31,0 days 15:59:31.917725,375317,7.41,7.4,37191,26839,-1769,4526
895,FNB,2020-07-31,0 days 15:59:34.926177,369586,7.41,7.4,34179,12770,5731,-1769
896,FNB,2020-07-31,0 days 15:59:45.954902,375317,7.41,7.4,37525,20493,-9020,2766
897,FSM,2020-07-31,0 days 15:55:43.215496,43804,6.71,6.7,41614,51083,-373,1327
898,FSM,2020-07-31,0 days 15:55:44.217926,41477,6.71,6.7,41614,50990,2327,-373
899,FSM,2020-07-31,0 days 15:59:39.792268,50030,6.7,6.69,19363,125245,-827,2673
900,FSM,2020-07-31,0 days 15:59:48.807115,49357,6.7,6.69,14476,134665,673,-827
901,FTCH,2020-07-31,0 days 15:59:07.859869,102495,25.69,25.68,2320,1419,-2962,1329
902,FTI,2020-07-31,0 days 15:59:38.765134,1285083,8.03,8.02,19154,35012,-83177,97823
903,FTI,2020-07-31,0 days 15:59:41.770500,1280577,8.03,8.02,24320,24476,4506,-7494
904,FTV,2020-07-31,0 days 15:58:16.568585,242304,70.34,70.33,700,910,-38289,9289
905,FTV,2020-07-31,0 days 15:59:02.681444,273299,70.28,70.27,930,808,3556,-468
906,FTV,2020-07-31,0 days 15:59:04.685364,272200,70.29,70.28,504,617,-1821,3556
907,FTV,2020-07-31,0 days 15:59:32.749271,205023,70.33,70.32,623,849,52712,-1051
908,FTV,2020-07-31,0 days 15:59:37.761158,256629,70.23,70.21,500,1185,-49459,41990
909,FTV,2020-07-31,0 days 15:59:48.780196,312628,70.22,70.21,198877,2450,1264,-32398
910,FTV,2020-07-31,0 days 15:59:49.782135,307792,70.22,70.21,198777,900,-4836,1264
911,GE,2020-07-31,0 days 15:59:21.672556,6516396,6.07,6.06,367874,599841,84359,-415641
912,GE,2020-07-31,0 days 15:59:22.674101,6501855,6.07,6.06,362792,590424,-58106,84359
913,GE,2020-07-31,0 days 15:59:23.676655,6559961,6.07,6.06,338160,587628,3194,-58106
914,GE,2020-07-31,0 days 15:59:39.718027,6447555,6.07,6.06,364848,723063,-112406,3194
915,GFI,2020-07-31,0 days 15:59:08.711845,426012,13.1,13.09,13822,74493,694,-1251
916,GFI,2020-07-31,0 days 15:59:18.734921,426706,13.1,13.09,33245,57369,-3105,71
917,GGB,2020-07-31,0 days 15:59:11.744128,39820,3.35,3.34,497549,159598,-6259,3364
918,GIS,2020-07-31,0 days 15:55:41.234255,2247103,63.11,63.09,1650,2463,-1749,3151
919,GIS,2020-07-31,0 days 15:55:42.236945,2237352,63.11,63.1,2324,898,9751,-1749
920,GIS,2020-07-31,0 days 15:59:27.782538,2342158,63.23,63.22,1596,464,284,-13569
921,GIS,2020-07-31,0 days 15:59:45.826252,2316037,63.26,63.25,350,700,9100,-26716
922,GIS,2020-07-31,0 days 15:59:46.829219,2325137,63.27,63.25,1150,1063,-2080,9100
923,GM,2020-07-31,0 days 15:55:00.111583,2949727,24.81,24.8,9754,10565,41797,-282991
924,GM,2020-07-31,0 days 15:55:07.127598,2971324,24.81,24.8,12866,11301,-3029,1361
925,GM,2020-07-31,0 days 15:56:01.258776,2973124,24.81,24.8,26224,10954,-20348,1852
926,GM,2020-07-31,0 days 15:56:07.272698,3000972,24.81,24.8,25804,11062,9263,-3348
927,GM,2020-07-31,0 days 15:57:46.509531,3083620,24.84,24.83,22726,2717,-1400,20000
928,GM,2020-07-31,0 days 15:57:47.511021,3074420,24.84,24.83,24526,2917,5500,-1400
929,GM,2020-07-31,0 days 15:58:00.545533,3090026,24.83,24.82,5925,15118,-8946,8754
930,GM,2020-07-31,0 days 15:58:13.575859,3125327,24.83,24.82,8752,15476,-345,10354
931,GM,2020-07-31,0 days 15:58:15.580167,3125672,24.83,24.82,16733,12675,3150,-345
932,GM,2020-07-31,0 days 15:58:40.641210,3117172,24.82,24.81,26426,11595,11650,-7950
933,GM,2020-07-31,0 days 15:59:02.695935,3136417,24.83,24.82,6132,24789,-2475,6564
934,GM,2020-07-31,0 days 15:59:10.714988,3119781,24.83,24.82,10048,20546,5036,-5768
935,GM,2020-07-31,0 days 15:59:41.791203,3123925,24.87,24.86,16154,7328,130585,-13840
936,GM,2020-07-31,0 days 15:59:42.794701,3227584,24.88,24.87,25988,26572,-151579,130585
937,GME,2020-07-31,0 days 15:55:01.101159,275711,4.01,4.0,15700,28734,92778,-201797
938,GME,2020-07-31,0 days 15:55:02.102091,258889,4.01,4.0,15800,29375,-16822,92778
939,GME,2020-07-31,0 days 15:59:44.778183,290448,4.03,4.02,20316,41993,25196,-7082
940,GME,2020-07-31,0 days 15:59:45.781646,262944,4.03,4.02,13565,47293,-27504,25196
941,GME,2020-07-31,0 days 15:59:46.783154,290448,4.03,4.02,16089,40548,3657,-27504
942,GME,2020-07-31,0 days 15:59:48.779965,283605,4.03,4.02,18476,39961,-6843,3657
943,GNW,2020-07-31,0 days 15:59:44.778387,484662,2.05,2.04,62611,79946,1354,-11367
944,GNW,2020-07-31,0 days 15:59:46.783376,489816,2.05,2.04,65053,79242,-1110,3954
945,GOLD,2020-07-31,0 days 15:55:00.109296,168927,28.85,28.84,34582,14374,19737,-26398
946,GOLD,2020-07-31,0 days 15:57:43.488214,173226,28.88,28.87,7909,38460,16611,-3089
947,GOLD,2020-07-31,0 days 15:58:38.620798,191026,28.89,28.88,24316,24847,811,-989
948,GOLD,2020-07-31,0 days 15:58:46.640454,189337,28.9,28.89,8805,35202,-989,16911
949,GOLD,2020-07-31,0 days 15:58:47.645887,171923,28.86,28.85,48816,25235,21214,-989
950,GOLD,2020-07-31,0 days 15:58:51.652981,193137,28.87,28.86,65158,4500,-127,1514
951,GOLD,2020-07-31,0 days 15:58:55.662572,191660,28.87,28.86,67949,3500,1077,-5323
952,GOLD,2020-07-31,0 days 15:59:01.678109,192737,28.87,28.86,64831,10400,-7094,16277
953,GOLD,2020-07-31,0 days 15:59:02.681554,191693,28.86,28.85,39240,32511,3044,-7094
954,GPK,2020-07-31,0 days 15:59:02.722974,273488,13.95,13.94,29849,11629,11136,-4428
955,GPK,2020-07-31,0 days 15:59:03.724408,240124,13.95,13.94,28361,11482,-29104,11136
956,GPK,2020-07-31,0 days 15:59:12.747598,284705,13.94,13.93,13644,25333,8117,-30883
957,GPK,2020-07-31,0 days 15:59:13.749382,274022,13.94,13.93,14339,27133,-10683,8117
958,GPK,2020-07-31,0 days 15:59:37.807893,317919,13.96,13.95,15382,19515,1391,-415
959,GPK,2020-07-31,0 days 15:59:42.819265,317209,13.97,13.96,11876,21343,-5454,654
960,GPK,2020-07-31,0 days 15:59:44.823654,322663,13.97,13.96,9289,19643,5425,-5454
961,GPK,2020-07-31,0 days 15:59:46.829289,318810,13.98,13.97,10495,22534,-23368,22547
962,GPK,2020-07-31,0 days 15:59:47.830487,342178,13.98,13.97,17795,13439,2039,-23368
963,GPK,2020-07-31,0 days 15:59:49.833311,335596,13.98,13.97,22397,2749,-6582,318
964,GPN,2020-07-31,0 days 15:55:35.126311,239073,177.99,177.94,1814,200,-508,623
965,GPN,2020-07-31,0 days 15:55:36.127341,236781,177.99,177.94,1214,100,2292,-508
966,GPN,2020-07-31,0 days 15:58:05.486384,254987,177.92,177.86,202,915,2996,-504
967,GPN,2020-07-31,0 days 15:59:12.649898,260274,177.74,177.72,200,2017,-4652,692
968,GPN,2020-07-31,0 days 15:59:13.652948,258429,177.74,177.72,300,2017,1845,-4652
969,GPN,2020-07-31,0 days 15:59:25.681000,264067,177.64,177.54,300,1858,-2038,2862
970,GPN,2020-07-31,0 days 15:59:26.683315,261805,177.63,177.54,100,1971,2262,-2038
971,GPN,2020-07-31,0 days 15:59:30.694868,264067,177.96,177.64,5202,600,-3356,1544
972,GPN,2020-07-31,0 days 15:59:35.706000,258253,177.73,177.64,100,700,3614,-3902
973,GPN,2020-07-31,0 days 15:59:37.711039,264913,177.76,177.63,600,500,-2456,3314
974,GPN,2020-07-31,0 days 15:59:38.714117,264585,177.76,177.64,726,800,928,-2456
975,GPN,2020-07-31,0 days 15:59:44.729252,262449,177.9,177.7,103,1211,2464,-9052
976,GPN,2020-07-31,0 days 15:59:46.734369,264913,177.87,177.73,341,564,-502,614
977,GPN,2020-07-31,0 days 15:59:50.745340,254983,177.95,177.77,100,446,9430,-965
978,GPS,2020-07-31,0 days 15:59:40.944782,620649,13.38,13.37,42161,21970,-3743,857
979,GS,2020-07-31,0 days 15:55:00.111467,254528,197.53,197.46,200,248,-1304,60689
980,GS,2020-07-31,0 days 15:55:01.114147,253932,197.52,197.46,100,461,596,-1304
981,GS,2020-07-31,0 days 15:56:05.267616,258422,197.56,197.54,100,100,-715,685
982,GS,2020-07-31,0 days 15:56:06.270151,257537,197.56,197.49,320,326,1207,-715
983,GS,2020-07-31,0 days 15:57:35.481907,260296,197.59,197.58,300,660,-736,664
984,GS,2020-07-31,0 days 15:57:36.484166,259532,197.61,197.58,205,760,3464,-736
985,GS,2020-07-31,0 days 15:57:46.509429,268857,197.64,197.61,100,204,-380,1507
986,GS,2020-07-31,0 days 15:57:47.510302,267437,197.65,197.62,200,100,1420,-380
987,GS,2020-07-31,0 days 15:57:55.529742,270757,197.64,197.62,368,210,-1480,1020
988,GS,2020-07-31,0 days 15:57:56.532266,269137,197.64,197.62,468,210,1620,-1480
989,GS,2020-07-31,0 days 15:58:00.545431,268911,197.68,197.64,874,238,-326,1636
990,GS,2020-07-31,0 days 15:58:01.546002,267537,197.65,197.63,100,335,1374,-326
991,GS,2020-07-31,0 days 15:58:36.630043,266529,197.68,197.67,401,200,-2154,459
992,GS,2020-07-31,0 days 15:58:37.631955,265483,197.67,197.64,300,100,1046,-2154
993,GS,2020-07-31,0 days 15:58:45.652246,266283,197.72,197.67,537,513,-3200,2900
994,GS,2020-07-31,0 days 15:58:47.656360,262783,197.75,197.73,396,100,496,-2100
995,GS,2020-07-31,0 days 15:59:07.707173,264433,197.77,197.73,320,403,-615,1085
996,GS,2020-07-31,0 days 15:59:08.711538,264096,197.77,197.73,100,534,337,-615
997,GS,2020-07-31,0 days 15:59:12.720225,264384,197.85,197.82,848,721,-1658,188
998,GSK,2020-07-31,0 days 15:59:11.704394,71968,40.3,40.29,1819,11015,10201,-1428
999,GSK,2020-07-31,0 days 15:59:12.705664,70069,40.3,40.29,1517,11712,-1899,10201
1000,GSK,2020-07-31,0 days 15:59:45.782255,76699,40.32,40.31,5703,10750,5396,-1258
1001,GSK,2020-07-31,0 days 15:59:46.783589,75595,40.33,40.32,3336,10143,-3088,5396
1002,HAL,2020-07-31,0 days 15:55:00.135162,697689,14.3,14.29,22389,35151,-492465,21665
1003,HAL,2020-07-31,0 days 15:56:35.363953,1301170,14.3,14.29,31677,31096,37929,-212071
1004,HAL,2020-07-31,0 days 15:56:36.365930,1273999,14.3,14.29,31277,33804,-27171,37929
1005,HAL,2020-07-31,0 days 15:58:43.678748,1255184,14.31,14.3,10100,52483,-20064,19136
1006,HAL,2020-07-31,0 days 15:59:08.737529,1280246,14.31,14.3,29118,27910,976,-8393
1007,HAL,2020-07-31,0 days 15:59:09.738238,1281222,14.31,14.3,29190,29457,-22924,976
1008,HAL,2020-07-31,0 days 15:59:15.753650,1307150,14.3,14.29,29397,23409,747,-2672
1009,HAL,2020-07-31,0 days 15:59:17.758116,1269697,14.31,14.3,13905,34536,-14135,24647
1010,HAL,2020-07-31,0 days 15:59:38.809870,1308261,14.31,14.3,13204,49307,83604,-7898
1011,HAL,2020-07-31,0 days 15:59:39.814399,1286265,14.31,14.3,13745,56507,-21996,83604
1012,HAL,2020-07-31,0 days 15:59:45.826047,1345706,14.32,14.31,44950,14982,22520,-17296
1013,HD,2020-07-31,0 days 15:59:37.761080,743943,265.59,265.53,3140,225,-551,449
1014,HD,2020-07-31,0 days 15:59:38.765176,731731,265.54,265.49,400,486,12665,-551
1015,HD,2020-07-31,0 days 15:59:39.771269,743943,265.59,265.49,2054,1423,-588,12665
1016,HD,2020-07-31,0 days 15:59:43.775285,736551,265.53,265.45,200,225,7392,-2908
1017,HD,2020-07-31,0 days 15:59:44.778247,743943,265.59,265.57,831,225,-874,7392
1018,HD,2020-07-31,0 days 15:59:45.781752,731917,265.54,265.48,125,685,12479,-874
1019,HD,2020-07-31,0 days 15:59:46.783222,743943,265.6,265.56,620,725,-5674,12479
1020,HD,2020-07-31,0 days 15:59:47.786197,742917,265.6,265.52,960,400,720,-5674
1021,HD,2020-07-31,0 days 15:59:48.780099,743637,265.65,265.56,940,945,-17062,720
1022,HD,2020-07-31,0 days 15:59:50.778788,739952,265.61,265.54,169,600,3991,-3649
1023,HD,2020-07-31,0 days 15:59:51.779992,743637,265.63,265.57,316,300,-398,3991
1024,HD,2020-07-31,0 days 15:59:52.781200,741835,265.58,265.48,125,623,2108,-398
1025,HDB,2020-07-31,0 days 15:55:00.109792,125517,46.61,46.6,400,535,6811,-11811
1026,HDB,2020-07-31,0 days 15:58:01.532235,186197,46.74,46.73,2552,5135,-166,3134
1027,HDB,2020-07-31,0 days 15:58:04.539882,186363,46.74,46.73,2552,5131,34,-166
1028,HDB,2020-07-31,0 days 15:59:15.712623,187326,46.71,46.7,1066,1020,-1154,1509
1029,HDB,2020-07-31,0 days 15:59:16.714909,188480,46.71,46.7,966,1020,646,-1154
1030,HDB,2020-07-31,0 days 15:59:23.727841,189126,46.71,46.7,685,769,-1372,646
1031,HDB,2020-07-31,0 days 15:59:28.738230,184970,46.71,46.7,585,1069,4156,-2144
1032,HDB,2020-07-31,0 days 15:59:40.769406,189126,46.71,46.7,452,2005,-1357,226
1033,HDB,2020-07-31,0 days 15:59:46.783636,185912,46.74,46.73,7860,2200,2970,-2586
1034,HDB,2020-07-31,0 days 15:59:47.786349,188882,46.74,46.73,3327,3169,-1079,2970
1035,HES,2020-07-31,0 days 15:55:00.148784,250315,48.85,48.82,260,248,-7611,14856
1036,HES,2020-07-31,0 days 15:57:00.438135,260470,48.96,48.94,200,300,47562,-2538
1037,HES,2020-07-31,0 days 15:57:01.440527,259432,48.99,48.95,1600,200,-2054,47562
1038,HES,2020-07-31,0 days 15:57:38.527316,261486,49.0,48.97,762,800,229,-571
1039,HES,2020-07-31,0 days 15:57:41.533328,261215,49.02,48.99,505,782,-271,1329
1040,HES,2020-07-31,0 days 15:57:55.566812,261486,49.05,49.01,1000,400,2029,-471
1041,HES,2020-07-31,0 days 15:57:56.569713,257563,49.05,49.03,1300,300,-3923,2029
1042,HES,2020-07-31,0 days 15:58:15.616723,261344,49.01,48.99,510,300,2091,-209
1043,HES,2020-07-31,0 days 15:58:16.618787,261135,49.03,49.02,440,505,-209,2091
1044,HES,2020-07-31,0 days 15:58:18.624261,261344,49.02,49.01,1080,205,891,-209
1045,HES,2020-07-31,0 days 15:58:19.626933,261135,49.01,48.98,900,308,-209,891
1046,HES,2020-07-31,0 days 15:58:36.667494,257944,49.09,49.07,439,2056,2855,-545
1047,HES,2020-07-31,0 days 15:58:37.669577,257599,49.09,49.07,439,1757,-445,2855
1048,HES,2020-07-31,0 days 15:58:48.696084,258523,49.11,49.09,748,1165,76,-82
1049,HES,2020-07-31,0 days 15:58:49.698351,258299,49.11,49.09,948,1374,-224,76
1050,HES,2020-07-31,0 days 15:58:54.710577,258523,49.14,49.12,300,1094,56,-152
1051,HES,2020-07-31,0 days 15:58:55.713216,258279,49.14,49.12,274,1168,-244,56
1052,HES,2020-07-31,0 days 15:59:01.729566,258666,49.11,49.1,200,314,4746,-187
1053,HES,2020-07-31,0 days 15:59:31.794640,287046,49.23,49.21,500,609,-8143,25990
1054,HES,2020-07-31,0 days 15:59:32.796642,282389,49.2,49.18,441,410,10790,-8143
1055,HES,2020-07-31,0 days 15:59:36.806456,293179,49.22,49.2,700,309,-2910,2075
1056,HES,2020-07-31,0 days 15:59:40.817481,287089,49.24,49.22,1853,1030,479,-12458
1057,HES,2020-07-31,0 days 15:59:45.828716,287568,49.25,49.24,3596,211,-1863,479
1058,HES,2020-07-31,0 days 15:59:46.830370,287731,49.25,49.24,3896,211,482,-1863
1059,HES,2020-07-31,0 days 15:59:47.832249,288213,49.25,49.24,2138,492,-218,482
1060,HFC,2020-07-31,0 days 15:58:01.546175,1360105,27.51,27.48,1066,4860,14571,-6829
1061,HFC,2020-07-31,0 days 15:58:13.575933,1373214,27.49,27.46,616,1280,-3705,13195
1062,HFC,2020-07-31,0 days 15:58:14.577962,1360019,27.49,27.46,716,700,13195,-3705
1063,HFC,2020-07-31,0 days 15:58:16.583060,1372982,27.52,27.5,300,500,-39837,13195
1064,HFC,2020-07-31,0 days 15:58:17.585315,1327319,27.5,27.47,200,1300,45895,-39837
1065,HFC,2020-07-31,0 days 15:58:28.611971,1373214,27.49,27.47,492,900,-10405,25801
1066,HFC,2020-07-31,0 days 15:58:39.638613,1369711,27.48,27.47,100,500,-6547,12053
1067,HFC,2020-07-31,0 days 15:58:40.641268,1355658,27.48,27.46,453,800,14053,-6547
1068,HFC,2020-07-31,0 days 15:58:52.669905,1358627,27.52,27.5,384,1098,11379,-14421
1069,HFC,2020-07-31,0 days 15:58:57.682525,1370006,27.53,27.5,599,1000,-31248,1152
1070,HFC,2020-07-31,0 days 15:59:03.696944,1371363,27.51,27.5,550,200,-12230,26171
1071,HFC,2020-07-31,0 days 15:59:13.722491,1373588,27.51,27.49,414,300,-30835,2128
1072,HFC,2020-07-31,0 days 15:59:31.766695,1374802,27.52,27.5,500,900,-34219,724
1073,HFC,2020-07-31,0 days 15:59:32.768868,1370021,27.51,27.5,631,1000,4554,-34219
1074,HFC,2020-07-31,0 days 15:59:40.789854,1373585,27.52,27.5,611,1400,-1924,811
1075,HL,2020-07-31,0 days 15:55:01.045602,360024,5.51,5.5,46791,80558,181602,-139798
1076,HL,2020-07-31,0 days 15:55:02.045183,349926,5.51,5.5,59541,82258,-10098,181602
1077,HL,2020-07-31,0 days 15:55:55.174280,414007,5.51,5.5,54897,102854,18820,-11480
1078,HL,2020-07-31,0 days 15:55:56.175689,402027,5.51,5.5,49514,102754,-11980,18820
1079,HL,2020-07-31,0 days 15:59:40.718647,498000,5.53,5.52,188325,148703,30355,-70868
1080,HL,2020-07-31,0 days 15:59:41.720704,490855,5.53,5.52,145839,180440,-7145,30355
1081,HLT,2020-07-31,0 days 15:55:00.264520,192641,75.02,75.0,325,500,-5062,31048
1082,HLT,2020-07-31,0 days 15:57:42.653878,201656,74.99,74.98,400,300,694,-1206
1083,HLT,2020-07-31,0 days 15:57:43.656678,199550,74.99,74.98,300,200,-2106,694
1084,HLT,2020-07-31,0 days 15:58:18.742092,153248,74.96,74.93,100,800,46995,-4905
1085,HLT,2020-07-31,0 days 15:58:20.748606,162743,74.96,74.94,300,961,-40505,11395
1086,HLT,2020-07-31,0 days 15:58:30.771809,162643,74.96,74.95,1086,392,-40605,48095
1087,HLT,2020-07-31,0 days 15:58:32.777232,153248,74.95,74.93,107,319,11045,-41655
1088,HLT,2020-07-31,0 days 15:58:41.798214,150237,74.95,74.92,406,5833,7756,-44144
1089,HLT,2020-07-31,0 days 15:58:54.830012,152456,74.97,74.96,356,700,9078,-39644
1090,HLT,2020-07-31,0 days 15:59:15.882436,201671,74.98,74.95,600,933,1539,-3212
1091,HLT,2020-07-31,0 days 15:59:16.884853,199193,74.98,74.96,507,500,-2478,1539
1092,HLT,2020-07-31,0 days 15:59:26.908900,201699,74.98,74.95,407,1300,4033,-5167
1093,HLT,2020-07-31,0 days 15:59:27.911175,200459,75.0,74.97,200,1100,-1240,4033
1094,HMY,2020-07-31,0 days 15:58:06.584614,117766,6.46,6.45,62176,138629,25245,-4251
1095,HMY,2020-07-31,0 days 15:58:07.585877,112511,6.46,6.45,59800,140129,-5255,25245
1096,HMY,2020-07-31,0 days 15:59:31.789403,120784,6.46,6.45,110290,122295,25813,-35587
1097,HMY,2020-07-31,0 days 15:59:32.792160,117897,6.46,6.45,107690,130756,-2887,25813
1098,HMY,2020-07-31,0 days 15:59:38.807939,120784,6.46,6.45,106157,136285,87,-1154
1099,HMY,2020-07-31,0 days 15:59:48.831035,120495,6.46,6.45,100290,146673,-289,511
1100,HOG,2020-07-31,0 days 15:59:17.755001,358411,25.98,25.97,2713,3647,72838,-10233
1101,HOME,2020-07-31,0 days 15:56:30.366320,109984,12.33,12.32,900,1021,-54,546
1102,HOME,2020-07-31,0 days 15:56:31.368493,109438,12.33,12.32,2089,241,146,-54
1103,HOME,2020-07-31,0 days 15:58:00.581186,109684,12.39,12.38,1300,4602,-245,755
1104,HOME,2020-07-31,0 days 15:58:01.583084,108529,12.39,12.38,700,4618,655,-245
1105,HOME,2020-07-31,0 days 15:58:51.704013,110184,12.44,12.42,1300,11416,-184,1064
1106,HOME,2020-07-31,0 days 15:59:45.829138,116727,12.41,12.4,653,23590,-4233,474
1107,HON,2020-07-31,0 days 15:55:36.235936,500894,149.11,149.09,100,503,-271,1571
1108,HON,2020-07-31,0 days 15:55:37.238606,497565,149.11,149.09,296,403,3329,-271
1109,HON,2020-07-31,0 days 15:55:58.290940,501394,149.17,149.16,200,403,-304,2529
1110,HON,2020-07-31,0 days 15:55:59.293864,498398,149.22,149.18,300,900,2996,-304
1111,HON,2020-07-31,0 days 15:57:22.488684,526764,149.09,149.06,300,503,-41028,2772
1112,HON,2020-07-31,0 days 15:57:23.490744,525492,149.14,149.11,718,382,1272,-41028
1113,HON,2020-07-31,0 days 15:57:39.528962,538815,149.15,149.14,405,751,-4469,2814
1114,HON,2020-07-31,0 days 15:57:40.531743,536784,149.15,149.14,505,392,2931,-4469
1115,HON,2020-07-31,0 days 15:57:54.564501,538815,149.24,149.22,300,500,-688,2012
1116,HON,2020-07-31,0 days 15:57:55.566837,536903,149.24,149.22,301,580,1912,-688
1117,HON,2020-07-31,0 days 15:58:30.653307,536712,149.24,149.22,772,932,1559,-341
1118,HON,2020-07-31,0 days 15:59:01.729566,543830,149.3,149.29,477,1000,-73,1395
1119,HON,2020-07-31,0 days 15:59:12.756735,554721,149.35,149.34,109,200,48953,-2559
1120,HON,2020-07-31,0 days 15:59:16.766262,603898,149.26,149.25,200,369,-95413,1277
1121,HP,2020-07-31,0 days 15:55:00.135550,383556,17.81,17.8,945,1772,8000,-21027
1122,HP,2020-07-31,0 days 15:56:33.359233,390565,17.84,17.83,1400,1408,-10139,561
1123,HP,2020-07-31,0 days 15:56:34.361666,383904,17.83,17.82,300,3650,6661,-10139
1124,HP,2020-07-31,0 days 15:57:22.477819,390791,17.83,17.82,2054,612,-32708,4592
1125,HP,2020-07-31,0 days 15:57:23.480084,387904,17.83,17.82,2310,815,2887,-32708
1126,HP,2020-07-31,0 days 15:58:13.602393,391827,17.83,17.82,2001,10817,1254,-3323
1127,HP,2020-07-31,0 days 15:58:18.614577,393124,17.83,17.82,2134,12241,-2403,297
1128,HP,2020-07-31,0 days 15:59:05.729994,396124,17.82,17.81,800,1463,-16860,140
1129,HPE,2020-07-31,0 days 15:59:46.959681,9015242,9.89,9.88,43757,89663,-627710,1121
1130,HPQ,2020-07-31,0 days 15:59:03.682949,3519987,17.61,17.6,27415,7463,-3667,20733
1131,HRB,2020-07-31,0 days 15:56:09.207325,2945624,14.52,14.51,12659,11004,-3382,22720
1132,HRB,2020-07-31,0 days 15:59:40.718819,3043715,14.52,14.51,6128,14635,-3915,16122
1133,HRB,2020-07-31,0 days 15:59:47.735515,3109515,14.51,14.5,4458,13147,-9148,23039
1134,HSBC,2020-07-31,0 days 15:58:00.765328,71638,22.61,22.6,16101,42018,860,-340
1135,HSBC,2020-07-31,0 days 15:58:31.839578,70679,22.62,22.61,30958,38405,-1467,1333
1136,HSBC,2020-07-31,0 days 15:58:54.894970,72238,22.62,22.61,22637,43236,5075,-1467
1137,HST,2020-07-31,0 days 15:59:22.745781,4896288,10.78,10.77,23796,4000,113474,-141413
1138,HTZ,2020-07-31,0 days 15:55:00.264953,69627,1.46,1.45,138055,170095,9138,-4988
1139,HTZ,2020-07-31,0 days 15:56:29.478596,80451,1.46,1.45,164668,178150,-1276,5824
1140,HUN,2020-07-31,0 days 15:55:01.045497,142880,18.48,18.47,2986,6351,67074,-48685
1141,HUN,2020-07-31,0 days 15:55:02.045107,141354,18.48,18.47,4486,6216,-1526,67074
1142,HUN,2020-07-31,0 days 15:59:14.656045,158977,18.48,18.47,8237,1278,5172,-2928
1143,HUN,2020-07-31,0 days 15:59:46.733900,164039,18.5,18.49,6299,1810,-1897,10705
1144,HWM,2020-07-31,0 days 15:59:35.802470,462007,14.79,14.78,4716,3259,22812,-50688
1145,HWM,2020-07-31,0 days 15:59:36.804837,452759,14.8,14.79,4900,2740,-9248,22812
1146,HWM,2020-07-31,0 days 15:59:37.807694,462007,14.8,14.79,6450,2070,3514,-9248
1147,IAA,2020-07-31,0 days 15:50:02.430286,8204038,43.24,43.18,1801,100,107734,-1134
1148,IAA,2020-07-31,0 days 15:52:12.742787,8311772,43.34,43.31,700,400,-1134,107688
1149,IAA,2020-07-31,0 days 15:52:38.803946,8214084,43.29,43.27,300,100,97688,-1234
1150,IAA,2020-07-31,0 days 15:53:19.902673,8311772,43.35,43.3,700,1003,-1134,107688
1151,IAA,2020-07-31,0 days 15:55:00.135318,10305163,43.43,43.39,1089,600,214123,-1334
1152,IAA,2020-07-31,0 days 15:55:55.268572,10519286,43.2,43.18,500,200,-572777,213823
1153,IAA,2020-07-31,0 days 15:57:00.425117,10607220,42.99,42.98,1298,200,-8558,33042
1154,IAA,2020-07-31,0 days 15:58:54.701730,11149441,43.03,43.0,1111,1000,1069,-25731
1155,IAA,2020-07-31,0 days 15:58:56.707335,11150510,43.01,43.0,1505,727,-18931,1069
1156,IAA,2020-07-31,0 days 15:59:14.752251,10988855,42.95,42.93,1048,4752,-2329,47971
1157,IAA,2020-07-31,0 days 15:59:16.757256,11594334,43.27,43.26,1420,1947,564576,-2329
1158,IBM,2020-07-31,0 days 15:59:46.959538,1014569,122.97,122.96,1054,460,-3743,11317
1159,IBN,2020-07-31,0 days 15:55:01.045570,173647,9.38,9.37,16381,80123,26996,-46111
1160,IBN,2020-07-31,0 days 15:55:02.045137,166743,9.38,9.37,15506,86323,-6904,26996
1161,IBN,2020-07-31,0 days 15:56:03.192921,173880,9.39,9.38,89991,77760,3763,-7137
1162,ICE,2020-07-31,0 days 15:57:38.517275,404728,96.72,96.69,986,687,-2475,1722
1163,ICE,2020-07-31,0 days 15:57:40.522221,402886,96.69,96.67,804,200,1842,-7258
1164,ICE,2020-07-31,0 days 15:57:48.540821,404728,96.63,96.62,497,431,-2858,5325
1165,ICE,2020-07-31,0 days 15:58:00.571213,404728,96.59,96.56,605,5755,-275,1725
1166,ICE,2020-07-31,0 days 15:58:01.574116,403103,96.59,96.57,1222,200,1167,-275
1167,ICE,2020-07-31,0 days 15:58:09.592163,404270,96.51,96.5,210,600,-736,2064
1168,ICE,2020-07-31,0 days 15:58:10.594874,404106,96.51,96.5,608,500,164,-736
1169,ICE,2020-07-31,0 days 15:58:23.626383,404270,96.49,96.48,1519,6445,-1136,2564
1170,ICE,2020-07-31,0 days 15:58:24.629120,402506,96.49,96.48,1621,6447,1764,-1136
1171,ICE,2020-07-31,0 days 15:58:44.681476,404270,96.5,96.49,2799,785,-294,956
1172,ICE,2020-07-31,0 days 15:58:45.683728,402864,96.5,96.49,3099,702,1406,-294
1173,ICE,2020-07-31,0 days 15:59:06.732539,461277,96.61,96.59,121,2151,-18811,55447
1174,ICE,2020-07-31,0 days 15:59:07.734067,456471,96.6,96.59,522,1334,4806,-18811
1175,ICE,2020-07-31,0 days 15:59:31.792790,475791,96.63,96.61,530,1333,3303,-4997
1176,ICE,2020-07-31,0 days 15:59:41.816442,479094,96.7,96.67,600,1000,-122,1503
1177,ICE,2020-07-31,0 days 15:59:43.820997,477446,96.75,96.71,600,1507,1648,-6452
1178,ICE,2020-07-31,0 days 15:59:44.823746,479094,96.79,96.76,300,700,-4252,1648
1179,ICE,2020-07-31,0 days 15:59:47.830553,478850,96.81,96.79,330,521,244,-5490
1180,ICE,2020-07-31,0 days 15:59:48.831258,479094,96.82,96.8,598,970,-2105,244
1181,INFY,2020-07-31,0 days 15:57:53.511458,713684,12.85,12.84,103640,50883,72,-2328
1182,INFY,2020-07-31,0 days 15:58:00.532374,711356,12.86,12.85,18712,122135,-2328,1272
1183,INFY,2020-07-31,0 days 15:58:35.613919,714594,12.87,12.86,106116,16000,162,-3238
1184,INFY,2020-07-31,0 days 15:59:24.728725,719971,12.87,12.86,110427,19783,9791,-2485
1185,INFY,2020-07-31,0 days 15:59:25.731266,674062,12.87,12.86,110227,19783,-45909,9791
1186,INFY,2020-07-31,0 days 15:59:44.778183,719971,12.87,12.86,49661,131400,11468,-595
1187,INFY,2020-07-31,0 days 15:59:46.783154,710839,12.87,12.86,31667,152124,-22496,35068
1188,ING,2020-07-31,0 days 15:58:51.694473,47371,6.89,6.88,117322,167166,9413,-51
1189,IP,2020-07-31,0 days 15:55:01.101025,672241,34.63,34.62,1504,1222,29673,-37780
1190,IP,2020-07-31,0 days 15:55:02.102004,664614,34.63,34.62,400,1900,-8356,29673
1191,IP,2020-07-31,0 days 15:57:38.476546,689751,34.67,34.66,5698,1128,160,-2240
1192,IP,2020-07-31,0 days 15:57:39.478970,680411,34.67,34.66,1838,2419,-9340,160
1193,IP,2020-07-31,0 days 15:57:51.506797,685611,34.67,34.66,1308,824,-4620,1180
1194,IP,2020-07-31,0 days 15:59:15.712166,684270,34.72,34.71,3794,2571,9073,-3333
1195,IP,2020-07-31,0 days 15:59:17.715740,667800,34.73,34.72,7834,1672,-17029,630
1196,IP,2020-07-31,0 days 15:59:21.720901,695862,34.71,34.7,2778,1028,6771,-2652
1197,IP,2020-07-31,0 days 15:59:22.724047,693096,34.72,34.71,2698,1309,-2766,6771
1198,IP,2020-07-31,0 days 15:59:37.760938,695862,34.73,34.72,4087,1272,8961,-1459
1199,IPG,2020-07-31,0 days 15:55:00.137416,1155160,18.0,17.99,5584,13589,31363,-498958
1200,IPG,2020-07-31,0 days 15:55:01.139396,1137023,18.0,17.99,5439,13489,-18137,31363
1201,IPG,2020-07-31,0 days 15:58:12.599151,1167420,18.02,18.01,15803,6691,2002,-15498
1202,IPG,2020-07-31,0 days 15:58:13.602025,1163922,18.02,18.01,13729,4891,-3098,2002
1203,IPG,2020-07-31,0 days 15:58:44.677242,1167020,18.01,18.0,13832,7292,2996,-7835
1204,IPG,2020-07-31,0 days 15:58:45.679733,1152616,18.01,18.0,13386,10060,-14404,2996
1205,IRM,2020-07-31,0 days 15:59:43.795133,1010631,28.2,28.19,6100,2169,8199,-32803
1206,IRM,2020-07-31,0 days 15:59:44.798158,979930,28.2,28.19,407,3794,-34501,8199
1207,IRM,2020-07-31,0 days 15:59:45.800455,1014431,28.2,28.19,3372,2160,7987,-34501
1208,IRM,2020-07-31,0 days 15:59:46.803164,968926,28.21,28.2,1818,5402,-47916,7987
1209,IRM,2020-07-31,0 days 15:59:51.813335,1016842,28.21,28.2,4937,1497,17853,-23612
1210,ITUB,2020-07-31,0 days 15:56:05.197133,720468,5.12,5.11,341503,194311,-12830,9270
1211,ITUB,2020-07-31,0 days 15:57:10.353979,728937,5.11,5.1,330569,32728,-4361,1780
1212,ITUB,2020-07-31,0 days 15:59:46.734166,813036,5.11,5.1,342257,48994,-18416,27761
1213,ITUB,2020-07-31,0 days 15:59:49.740461,831452,5.11,5.1,321957,43519,12750,-3082
1214,ITUB,2020-07-31,0 days 15:59:50.744717,748102,5.11,5.1,319657,43350,-83350,12750
1215,IVR,2020-07-31,0 days 15:56:04.291834,302566,3.07,3.06,67443,41395,2496,-318
1216,IVR,2020-07-31,0 days 15:56:18.323258,305462,3.07,3.06,68693,41137,-1377,2496
1217,IVR,2020-07-31,0 days 15:56:22.333047,302566,3.07,3.06,68693,39736,2496,-1377
1218,IVR,2020-07-31,0 days 15:56:36.367407,305462,3.07,3.06,69793,36935,-1377,2496
1219,IVR,2020-07-31,0 days 15:56:37.369470,302566,3.07,3.06,69793,36935,2496,-1377
1220,IVR,2020-07-31,0 days 15:56:49.398214,305462,3.07,3.06,68830,33812,-1342,2496
1221,IVR,2020-07-31,0 days 15:58:08.589296,308504,3.07,3.06,24364,87485,2578,-1342
1222,IVR,2020-07-31,0 days 15:59:40.812751,348587,3.08,3.07,56638,32004,21864,-25036
1223,IVR,2020-07-31,0 days 15:59:41.814854,346051,3.08,3.07,55562,44112,-2536,21864
