,Symbol,Timestamp,TIME,iPaired,Ask_P,Bid_P,Ask_S,Bid_S,iShares,PreviShares
0,ABBV,2020-10-12,0 days 15:59:32.245894,642659,88.33,88.31,600,300,1756,-2590
1,ABBV,2020-10-12,0 days 15:59:33.246183,637815,88.35,88.33,1108,500,-4844,1756
2,ABBV,2020-10-12,0 days 15:59:35.246210,642659,88.34,88.31,100,840,5185,-4096
3,ABBV,2020-10-12,0 days 15:59:36.245745,641544,88.34,88.31,100,640,-1115,5185
4,ABBV,2020-10-12,0 days 15:59:46.247718,643980,88.35,88.33,100,200,14240,-2547
5,ABBV,2020-10-12,0 days 15:59:47.246881,641720,88.37,88.34,597,300,-2260,14240
6,ABT,2020-10-12,0 days 15:59:45.482606,584173,111.15,111.13,100,1200,621,-10496
7,ACB,2020-10-12,0 days 15:58:00.249904,38615,4.94,4.93,6169,3300,-14854,2486
8,ACB,2020-10-12,0 days 15:58:01.248394,36569,4.94,4.93,4469,3650,1446,-14854
9,ADM,2020-10-12,0 days 15:55:31.238010,336467,50.0,49.99,2688,3368,-1740,80
10,ADM,2020-10-12,0 days 15:55:45.238049,338207,49.99,49.98,2316,1720,115,-1085
11,ADM,2020-10-12,0 days 15:56:10.238455,338324,49.98,49.97,1941,2788,-3358,117
12,ADM,2020-10-12,0 days 15:56:52.239150,341682,49.98,49.97,3028,1095,3196,-2004
13,ADM,2020-10-12,0 days 15:56:53.238899,339878,49.98,49.97,1999,1874,-1804,3196
14,ADM,2020-10-12,0 days 15:59:06.245332,371036,50.0,49.99,1030,3904,8553,-2881
15,ADM,2020-10-12,0 days 15:59:14.245105,363789,50.0,49.99,1441,3050,-347,5753
16,ADM,2020-10-12,0 days 15:59:15.244991,371036,50.0,49.99,2191,700,8946,-347
17,ADT,2020-10-12,0 days 15:59:06.489139,182773,8.37,8.36,9527,3623,-12589,17353
18,ADT,2020-10-12,0 days 15:59:07.488604,176362,8.37,8.36,9327,3923,6411,-12589
19,AEO,2020-10-12,0 days 15:55:00.210117,69947,15.02,15.01,3075,2727,-310,8931
20,AEO,2020-10-12,0 days 15:56:07.211514,70553,15.02,15.01,613,5000,2328,-2272
21,AEO,2020-10-12,0 days 15:56:08.211352,68281,15.02,15.01,613,6000,-2272,2328
22,AEO,2020-10-12,0 days 15:57:23.213454,72415,15.02,15.01,4583,5119,2966,-2134
23,AEO,2020-10-12,0 days 15:57:24.213311,71981,15.02,15.01,1833,5994,-434,2966
24,AEO,2020-10-12,0 days 15:57:25.213531,74502,15.02,15.01,1695,6794,1479,-434
25,AEO,2020-10-12,0 days 15:57:59.213499,74275,15.02,15.01,1964,6731,109,-791
26,AEO,2020-10-12,0 days 15:58:00.215457,73783,15.02,15.01,1264,6631,-492,109
27,AEO,2020-10-12,0 days 15:59:36.213235,87992,15.03,15.02,2887,10230,926,-2974
28,AEO,2020-10-12,0 days 15:59:40.214436,83418,15.03,15.02,4445,8930,-4574,926
29,AES,2020-10-12,0 days 15:55:00.235984,332579,19.49,19.48,14320,8456,865,-24075
30,AES,2020-10-12,0 days 15:55:01.234766,325444,19.49,19.48,13420,11150,-6775,865
31,AES,2020-10-12,0 days 15:55:08.236373,333582,19.5,19.49,7284,9058,2903,-1675
32,AES,2020-10-12,0 days 15:55:38.238749,337295,19.51,19.5,11902,4252,-6107,3504
33,AES,2020-10-12,0 days 15:55:58.238538,343728,19.51,19.5,12219,5197,7996,-5904
34,AES,2020-10-12,0 days 15:55:59.238147,337824,19.51,19.5,13763,4479,-5804,7996
35,AES,2020-10-12,0 days 15:57:18.240429,350570,19.49,19.48,13379,9463,315,-725
36,AES,2020-10-12,0 days 15:57:19.240500,349485,19.49,19.48,13379,8563,-725,315
37,AES,2020-10-12,0 days 15:57:21.240753,350570,19.49,19.48,14179,7163,115,-725
38,AES,2020-10-12,0 days 15:57:22.241946,349485,19.49,19.48,14227,7908,-725,115
39,AES,2020-10-12,0 days 15:59:06.245158,396008,19.52,19.51,6710,8963,2919,-1516
40,AES,2020-10-12,0 days 15:59:28.243474,443279,19.54,19.53,7513,3775,1129,-1964
41,AES,2020-10-12,0 days 15:59:36.244614,444408,19.54,19.53,14630,4742,-3105,1129
42,AES,2020-10-12,0 days 15:59:46.245505,447513,19.54,19.53,14621,4342,15623,-2105
43,AFL,2020-10-12,0 days 15:59:47.247952,438847,38.43,38.42,3900,648,-8492,14194
44,AG,2020-10-12,0 days 15:55:00.236136,39126,10.58,10.57,7649,12419,-35488,6396
45,AG,2020-10-12,0 days 15:55:01.234922,37014,10.58,10.57,10149,12325,2112,-35488
46,AIG,2020-10-12,0 days 15:59:46.246001,1948567,30.47,30.46,5041,942,28573,-15414
47,AIG,2020-10-12,0 days 15:59:47.245272,1939950,30.49,30.48,2593,1467,-9517,28573
48,AIG,2020-10-12,0 days 15:59:48.247587,1972127,30.49,30.48,2952,2000,43931,-9517
49,AIG,2020-10-12,0 days 15:59:57.248309,1972127,30.49,30.48,700,3466,23313,-38065
50,ALK,2020-10-12,0 days 15:55:00.244320,220470,38.29,38.27,800,400,5495,-51932
51,ALK,2020-10-12,0 days 15:56:12.246297,229096,38.33,38.32,700,200,-398,572
52,ALK,2020-10-12,0 days 15:56:13.246530,228594,38.33,38.32,600,300,502,-398
53,ALK,2020-10-12,0 days 15:56:25.247412,229096,38.36,38.35,707,400,-298,502
54,ALK,2020-10-12,0 days 15:56:26.247103,228694,38.35,38.34,525,900,402,-298
55,ALK,2020-10-12,0 days 15:56:35.246730,227276,38.35,38.34,1017,388,-1418,402
56,ALK,2020-10-12,0 days 15:56:36.247193,227094,38.35,38.34,1224,300,182,-1418
57,ALK,2020-10-12,0 days 15:57:15.248636,228559,38.36,38.35,513,500,-260,340
58,ALK,2020-10-12,0 days 15:57:16.248698,228319,38.36,38.35,113,1100,240,-260
59,ALK,2020-10-12,0 days 15:57:38.244147,228775,38.36,38.35,1115,1320,-244,1356
60,ALK,2020-10-12,0 days 15:57:55.244231,232021,38.36,38.35,921,800,254,-244
61,ALK,2020-10-12,0 days 15:58:11.246179,228222,38.34,38.33,1065,100,-358,942
62,ALK,2020-10-12,0 days 15:58:17.246077,227434,38.33,38.32,400,351,188,-3258
63,ALK,2020-10-12,0 days 15:58:19.246318,227222,38.33,38.32,300,281,-458,1788
64,ALK,2020-10-12,0 days 15:58:21.246396,228180,38.34,38.32,1165,1152,2442,-258
65,ALK,2020-10-12,0 days 15:58:55.247553,227380,38.33,38.31,624,1101,4,-158
66,ALK,2020-10-12,0 days 15:58:56.247486,227184,38.33,38.31,624,1288,-196,4
67,ALK,2020-10-12,0 days 15:59:06.248863,239617,38.35,38.33,1092,1396,8310,-155
68,ALLY,2020-10-12,0 days 15:57:36.213132,283411,27.76,27.75,3715,2385,-1245,1555
69,ALLY,2020-10-12,0 days 15:57:37.213374,282456,27.76,27.75,4215,1485,955,-1245
70,ALLY,2020-10-12,0 days 15:57:38.213322,283411,27.76,27.75,3870,1885,-2145,955
71,ALLY,2020-10-12,0 days 15:57:39.213366,282056,27.76,27.75,4545,1488,1355,-2145
72,ALLY,2020-10-12,0 days 15:58:34.215898,288389,27.74,27.73,860,4779,-262,3038
73,ALLY,2020-10-12,0 days 15:58:35.215490,285251,27.74,27.73,700,5079,3138,-262
74,ALLY,2020-10-12,0 days 15:58:36.215379,288389,27.74,27.73,1100,4779,-1862,3138
75,ALLY,2020-10-12,0 days 15:58:37.215464,285251,27.74,27.73,1100,4679,3138,-1862
76,ALLY,2020-10-12,0 days 15:59:13.217171,288872,27.74,27.73,4124,3100,-3144,4362
77,ALLY,2020-10-12,0 days 15:59:14.216887,287316,27.74,27.73,4638,2701,1556,-3144
78,ALLY,2020-10-12,0 days 15:59:22.213089,288872,27.74,27.72,6716,3157,-837,1449
79,ALLY,2020-10-12,0 days 15:59:23.213272,287409,27.73,27.72,6472,2857,1463,-837
80,ALLY,2020-10-12,0 days 15:59:35.213367,290109,27.73,27.72,1055,5180,1679,-2721
81,AM,2020-10-12,0 days 15:59:01.251438,167371,6.07,6.06,7100,7731,-3690,4175
82,AM,2020-10-12,0 days 15:59:02.251376,165161,6.07,6.06,9217,8131,2210,-3690
83,AM,2020-10-12,0 days 15:59:08.251070,167371,6.07,6.06,10412,6069,-8379,2210
84,AM,2020-10-12,0 days 15:59:09.250644,166050,6.07,6.06,13422,3989,1321,-8379
85,AM,2020-10-12,0 days 15:59:12.250835,167371,6.07,6.06,9251,4189,-3861,1321
86,AM,2020-10-12,0 days 15:59:13.250733,166632,6.07,6.06,10361,2789,739,-3861
87,AMC,2020-10-12,0 days 15:59:25.482349,28764,4.08,4.07,11795,1065,656,-444
88,AMC,2020-10-12,0 days 15:59:40.481356,29420,4.08,4.07,13285,3315,-7844,656
89,AMC,2020-10-12,0 days 15:59:41.482013,28838,4.08,4.07,13285,3015,582,-7844
90,AMCR,2020-10-12,0 days 15:55:16.245973,1520673,11.41,11.4,9008,21052,-82103,110597
91,AMCR,2020-10-12,0 days 15:55:17.244690,1508687,11.41,11.4,9408,16187,11986,-82103
92,AMCR,2020-10-12,0 days 15:59:22.247019,1740939,11.42,11.41,19732,14448,130989,-1642
93,AMRX,2020-10-12,0 days 15:58:20.248997,56505,4.82,4.81,4700,3505,-19,1381
94,AMRX,2020-10-12,0 days 15:58:21.249703,55724,4.82,4.81,4381,3605,781,-19
95,AMWL,2020-10-12,0 days 15:55:03.228787,35543,34.91,34.9,100,100,-456,644
96,AMWL,2020-10-12,0 days 15:55:04.228700,34599,34.91,34.9,472,100,944,-456
97,AMWL,2020-10-12,0 days 15:55:38.232691,35543,34.99,34.91,500,200,-356,844
98,AMWL,2020-10-12,0 days 15:55:39.232123,34699,34.92,34.91,448,100,844,-356
99,AMWL,2020-10-12,0 days 15:57:02.233943,35585,34.92,34.91,200,2451,-251,449
100,AMWL,2020-10-12,0 days 15:59:04.237674,32416,34.84,34.8,500,100,-1619,85
101,AMWL,2020-10-12,0 days 15:59:05.238142,31835,34.84,34.8,500,100,581,-1619
102,AMWL,2020-10-12,0 days 15:59:29.235943,34127,34.81,34.78,199,100,-3216,774
103,AMX,2020-10-12,0 days 15:56:56.245900,9918,12.84,12.82,25735,9933,-368,1532
104,AMX,2020-10-12,0 days 15:57:47.248421,10286,12.83,12.82,25575,600,1932,-368
105,AMX,2020-10-12,0 days 15:59:00.254669,12236,12.83,12.82,17015,10124,-4568,792
106,AMX,2020-10-12,0 days 15:59:02.251376,17804,12.83,12.82,16715,10124,3332,-4568
107,AMX,2020-10-12,0 days 15:59:06.251072,21753,12.83,12.82,17215,9874,701,-717
108,AMX,2020-10-12,0 days 15:59:07.251514,21154,12.83,12.82,17215,9874,-99,701
109,AMX,2020-10-12,0 days 15:59:40.249230,21153,12.81,12.8,17432,14193,58,-42
110,AMX,2020-10-12,0 days 15:59:46.250437,21211,12.81,12.8,2021,18787,-395,58
111,AR,2020-10-12,0 days 15:59:48.247286,391896,3.77,3.76,47878,3721,-2376,2366
112,ATUS,2020-10-12,0 days 15:59:02.216752,180586,27.86,27.85,6064,100,-18258,2511
113,ATUS,2020-10-12,0 days 15:59:03.216447,178444,27.86,27.85,6118,100,2089,-18258
114,ATUS,2020-10-12,0 days 15:59:31.214017,204120,27.89,27.88,3500,5326,-6317,3588
115,AUY,2020-10-12,0 days 15:55:00.233215,79854,6.16,6.15,100811,115622,-23928,10058
116,AUY,2020-10-12,0 days 15:55:02.232244,103782,6.16,6.15,107106,118217,4100,-23928
117,AUY,2020-10-12,0 days 15:57:14.234100,107889,6.17,6.16,125454,195665,-2612,2038
118,AVTR,2020-10-12,0 days 15:55:29.230825,118676,24.65,24.64,900,4480,-387,1613
119,AVTR,2020-10-12,0 days 15:55:30.230849,116063,24.65,24.64,1110,4680,2613,-387
120,AVTR,2020-10-12,0 days 15:58:05.235049,125160,24.65,24.64,2194,500,-1887,1316
121,AVTR,2020-10-12,0 days 15:58:06.235370,123647,24.65,24.64,2294,1201,1513,-1887
122,AVTR,2020-10-12,0 days 15:59:03.237254,124560,24.67,24.66,2102,256,-4242,913
123,AVTR,2020-10-12,0 days 15:59:22.235991,122486,24.65,24.64,2009,300,1109,-4191
124,AVTR,2020-10-12,0 days 15:59:25.235763,124195,24.65,24.64,2009,500,-52810,409
125,AVYA,2020-10-12,0 days 15:55:00.229948,59837,18.63,18.62,699,415,138,-26292
126,AVYA,2020-10-12,0 days 15:55:01.228112,58075,18.63,18.62,706,415,-1762,138
127,AVYA,2020-10-12,0 days 15:58:35.236127,60158,18.62,18.61,400,1100,2768,-1661
128,AVYA,2020-10-12,0 days 15:58:36.236166,58926,18.62,18.61,1100,500,-932,2768
129,AVYA,2020-10-12,0 days 15:59:01.237606,60158,18.62,18.6,2200,1135,363,-704
130,AVYA,2020-10-12,0 days 15:59:02.237383,59321,18.62,18.6,2200,1135,-737,363
131,AVYA,2020-10-12,0 days 15:59:08.237816,59735,18.62,18.61,1300,730,3654,-314
132,AVYA,2020-10-12,0 days 15:59:09.237774,59189,18.62,18.61,1200,630,-446,3654
133,AVYA,2020-10-12,0 days 15:59:18.235797,60935,18.62,18.61,200,1200,787,-646
134,AVYA,2020-10-12,0 days 15:59:19.235654,60422,18.62,18.61,200,1300,-722,787
135,AXP,2020-10-12,0 days 15:56:05.231594,218429,106.66,106.64,200,100,-26,774
136,AXP,2020-10-12,0 days 15:56:09.231694,213555,106.66,106.65,200,200,4874,-1926
137,AXP,2020-10-12,0 days 15:59:00.239659,222101,106.66,106.64,107,357,-6435,2084
138,AXP,2020-10-12,0 days 15:59:01.237428,217760,106.66,106.65,307,100,4341,-6435
139,AXP,2020-10-12,0 days 15:59:20.234044,223228,106.7,106.65,700,1401,-46,862
140,AXP,2020-10-12,0 days 15:59:21.233798,222586,106.66,106.63,881,700,642,-46
141,AXP,2020-10-12,0 days 15:59:22.234242,223228,106.66,106.63,300,700,-4984,642
142,AXP,2020-10-12,0 days 15:59:39.234304,236848,106.58,106.57,200,1000,3446,-13712
143,AXP,2020-10-12,0 days 15:59:40.234686,236294,106.58,106.55,499,400,-554,3446
144,AXP,2020-10-12,0 days 15:59:41.234879,236145,106.54,106.53,499,900,149,-554
145,AXP,2020-10-12,0 days 15:59:43.234963,236294,106.58,106.56,100,850,-554,149
146,AXP,2020-10-12,0 days 15:59:46.235562,237580,106.61,106.59,223,1350,9849,-5076
147,AXP,2020-10-12,0 days 15:59:47.235092,238629,106.62,106.6,300,700,-1485,9849
148,AXTA,2020-10-12,0 days 15:56:52.246512,238833,25.91,25.9,2374,607,-286,514
149,AXTA,2020-10-12,0 days 15:56:53.246012,236319,25.91,25.9,2283,907,2514,-286
150,AXTA,2020-10-12,0 days 15:57:10.247296,237133,25.91,25.9,3256,500,2200,-300
151,AXTA,2020-10-12,0 days 15:58:04.249751,238727,25.91,25.9,1601,2220,-137,1622
152,AXTA,2020-10-12,0 days 15:58:07.250318,236064,25.91,25.9,2026,1820,2663,-137
153,AXTA,2020-10-12,0 days 15:58:08.249826,239327,25.91,25.9,1464,2120,-5237,2663
154,AXTA,2020-10-12,0 days 15:58:09.249940,238964,25.91,25.9,1726,2120,363,-5237
155,AXTA,2020-10-12,0 days 15:58:25.249734,239327,25.91,25.9,1689,1900,-37,2063
156,AXTA,2020-10-12,0 days 15:58:26.249833,236164,25.91,25.9,1689,1900,3163,-37
157,AXTA,2020-10-12,0 days 15:59:12.250820,261766,25.92,25.91,1805,2400,-1971,2468
158,AXTA,2020-10-12,0 days 15:59:13.250722,259637,25.92,25.91,2205,2000,2129,-1971
159,AXTA,2020-10-12,0 days 15:59:21.248482,224266,25.92,25.91,2373,2220,-9371,2129
160,AXTA,2020-10-12,0 days 15:59:29.249011,248920,25.93,25.92,1446,2100,12846,-12154
161,AXTA,2020-10-12,0 days 15:59:47.249588,277357,25.91,25.9,100,5981,-2070,2202
162,AXTA,2020-10-12,0 days 15:59:48.250533,276427,25.92,25.9,3733,6049,930,-2070
163,AXTA,2020-10-12,0 days 15:59:49.250287,277357,25.91,25.9,100,5449,-784,930
164,AXTA,2020-10-12,0 days 15:59:50.253653,277057,25.91,25.9,300,5197,300,-784
165,BA,2020-10-12,0 days 15:57:02.212867,176747,167.29,167.27,111,500,3574,-846
166,BA,2020-10-12,0 days 15:57:03.212033,174821,167.33,167.3,200,100,-1926,3574
167,BA,2020-10-12,0 days 15:59:05.217401,194980,167.31,167.28,500,100,10708,-237
168,BA,2020-10-12,0 days 15:59:06.216643,193039,167.31,167.29,200,200,-1941,10708
169,BA,2020-10-12,0 days 15:59:34.213124,195428,167.3,167.27,7740,600,7694,-825
170,BA,2020-10-12,0 days 15:59:35.213367,194322,167.3,167.28,7190,100,-1106,7694
171,BA,2020-10-12,0 days 15:59:46.215174,195428,167.3,167.28,6374,1156,8166,-806
172,BA,2020-10-12,0 days 15:59:47.214246,195094,167.3,167.29,6358,311,-334,8166
173,BA,2020-10-12,0 days 15:59:59.207359,195428,167.42,167.29,100,200,1889,-595
174,BA,2020-10-12,0 days 16:00:00.212481,194833,167.48,167.23,400,100,-595,1889
175,BABA,2020-10-12,0 days 15:59:15.246041,535015,306.61,306.56,100,340,47239,-36852
176,BABA,2020-10-12,0 days 15:59:21.245237,551323,306.82,306.75,100,100,886,-2564
177,BABA,2020-10-12,0 days 15:59:22.245986,552523,306.79,306.72,519,199,-90460,886
178,BAX,2020-10-12,0 days 15:59:14.488204,248781,79.59,79.58,300,124,14580,-4804
179,BAX,2020-10-12,0 days 15:59:15.482965,246861,79.6,79.58,300,824,-1920,14580
180,BAX,2020-10-12,0 days 15:59:21.482528,250482,79.59,79.58,100,100,1882,-1821
181,BAX,2020-10-12,0 days 15:59:22.481866,250264,79.59,79.58,200,200,-218,1882
182,BB,2020-10-12,0 days 15:55:00.229700,25356,4.75,4.74,17382,23759,421,-2933
183,BB,2020-10-12,0 days 15:59:36.236289,35818,4.75,4.74,42301,27046,-3069,3831
184,BB,2020-10-12,0 days 15:59:37.236275,35687,4.75,4.74,42301,22546,131,-3069
185,BB,2020-10-12,0 days 15:59:46.237522,35818,4.75,4.74,54004,6598,-769,231
186,BB,2020-10-12,0 days 15:59:47.238121,35687,4.75,4.74,63704,6969,131,-769
187,BBVA,2020-10-12,0 days 15:55:00.229931,41604,2.77,2.76,150212,43625,5936,-8673
188,BBVA,2020-10-12,0 days 15:59:36.236376,51467,2.77,2.76,233514,55700,3273,-3927
189,BBVA,2020-10-12,0 days 15:59:37.236366,51240,2.77,2.76,233514,55700,-227,3273
190,BBY,2020-10-12,0 days 15:55:00.477530,83034,118.16,118.13,364,200,1285,-15860
191,BBY,2020-10-12,0 days 15:55:18.479983,83667,118.25,118.23,100,301,-1377,623
192,BBY,2020-10-12,0 days 15:55:19.480437,82672,118.22,118.16,305,200,995,-1377
193,BBY,2020-10-12,0 days 15:55:22.480039,83695,118.21,118.16,200,400,-977,1023
194,BBY,2020-10-12,0 days 15:55:23.480574,82872,118.21,118.16,100,400,823,-977
195,BBY,2020-10-12,0 days 15:55:34.480745,83736,118.24,118.2,100,200,-936,1064
196,BBY,2020-10-12,0 days 15:55:35.480633,82872,118.3,118.25,204,100,2864,-936
197,BBY,2020-10-12,0 days 15:55:37.480860,83708,118.31,118.27,300,200,-1150,1036
198,BBY,2020-10-12,0 days 15:55:38.481023,83498,118.28,118.23,100,500,857,-1150
199,BBY,2020-10-12,0 days 15:55:46.481519,84473,118.24,118.13,200,500,-1711,956
200,BBY,2020-10-12,0 days 15:55:47.481003,83684,118.19,118.13,105,600,789,-1711
201,BBY,2020-10-12,0 days 15:56:35.481912,105434,118.33,118.27,367,400,-314,700
202,BBY,2020-10-12,0 days 15:56:36.482134,102948,118.33,118.27,367,401,2486,-314
203,BBY,2020-10-12,0 days 15:57:30.484278,105693,118.36,118.33,100,100,-877,1023
204,BBY,2020-10-12,0 days 15:57:31.483953,103570,118.36,118.31,100,200,2123,-877
205,BBY,2020-10-12,0 days 15:57:48.484132,107393,118.36,118.27,200,350,-1977,623
206,BBY,2020-10-12,0 days 15:57:49.484228,105270,118.36,118.26,200,200,2123,-1977
207,BBY,2020-10-12,0 days 15:58:05.485361,106315,118.32,118.26,100,100,-466,1045
208,BBY,2020-10-12,0 days 15:58:06.485601,104481,118.32,118.25,100,285,1834,-466
209,BBY,2020-10-12,0 days 15:58:34.486743,104528,118.32,118.3,100,200,-89,1911
210,BBY,2020-10-12,0 days 15:58:35.486738,102817,118.32,118.3,111,100,1711,-89
211,BBY,2020-10-12,0 days 15:59:10.488899,106350,118.29,118.23,200,100,-332,1268
212,BBY,2020-10-12,0 days 15:59:13.488687,105082,118.29,118.2,300,300,1268,-732
213,BCS,2020-10-12,0 days 15:55:58.231632,90806,5.54,5.53,87728,91284,-35127,54173
214,BCS,2020-10-12,0 days 15:55:59.231738,83533,5.54,5.53,87728,91284,7273,-35127
215,BCS,2020-10-12,0 days 15:59:01.237428,91833,5.54,5.53,31500,188665,-53092,70352
216,BCS,2020-10-12,0 days 15:59:02.237543,87925,5.54,5.53,31395,188876,3502,-53092
217,BCS,2020-10-12,0 days 15:59:46.235513,93438,5.54,5.53,8869,201187,-5578,1422
218,BCS,2020-10-12,0 days 15:59:47.235054,92177,5.54,5.53,5875,220787,861,-5578
219,BE,2020-10-12,0 days 15:57:29.243649,96949,22.04,22.03,300,300,-82,2318
220,BE,2020-10-12,0 days 15:57:30.244966,95031,22.04,22.03,200,300,1918,-82
221,BE,2020-10-12,0 days 15:58:02.245700,96258,22.02,22.01,155,765,-73,4918
222,BE,2020-10-12,0 days 15:58:03.245717,96331,22.0,21.99,100,300,1727,-73
223,BE,2020-10-12,0 days 15:59:06.248829,98058,22.0,21.98,2500,329,-2311,2357
224,BE,2020-10-12,0 days 15:59:07.248780,96794,22.0,21.98,2400,329,1264,-2311
225,BE,2020-10-12,0 days 15:59:12.249553,98058,21.99,21.98,404,930,-611,1264
226,BE,2020-10-12,0 days 15:59:13.248892,96994,21.99,21.98,304,329,1064,-611
227,BE,2020-10-12,0 days 15:59:40.246677,97678,22.04,21.99,200,227,472,-2003
228,BEN,2020-10-12,0 days 15:55:00.209617,175422,22.97,22.96,3146,3882,4053,-11851
229,BEN,2020-10-12,0 days 15:57:37.213296,190062,22.98,22.97,1991,6278,-576,2624
230,BEN,2020-10-12,0 days 15:57:38.213287,186738,22.98,22.97,2971,5873,3324,-576
231,BEN,2020-10-12,0 days 15:58:10.215011,191615,22.97,22.96,5695,2452,-448,5152
232,BEN,2020-10-12,0 days 15:58:11.214631,189163,22.97,22.96,5595,2452,2452,-448
233,BEN,2020-10-12,0 days 15:59:01.216881,179481,22.96,22.95,923,7843,-748,3901
234,BEN,2020-10-12,0 days 15:59:02.216932,178029,22.96,22.95,1823,7441,1192,-748
235,BEN,2020-10-12,0 days 15:59:09.217202,179271,22.96,22.95,1418,7196,-8158,1242
236,BEN,2020-10-12,0 days 15:59:10.216818,178529,22.96,22.95,2464,6787,742,-8158
237,BHC,2020-10-12,0 days 15:59:00.251319,46769,17.29,17.28,7205,6172,863,-1616
238,BHC,2020-10-12,0 days 15:59:01.248326,45932,17.29,17.28,6573,5772,-737,863
239,BHC,2020-10-12,0 days 15:59:17.246023,46922,17.29,17.28,5710,3458,1160,-890
240,BK,2020-10-12,0 days 15:59:27.245992,477926,37.81,37.8,6582,1100,427,-2885
241,BK,2020-10-12,0 days 15:59:39.245748,475964,37.81,37.8,7486,1480,-1962,4638
242,BK,2020-10-12,0 days 15:59:45.247583,477926,37.81,37.8,6202,6390,2197,-378
243,BK,2020-10-12,0 days 15:59:47.246757,477405,37.81,37.8,702,6990,-653,19379
244,BMY,2020-10-12,0 days 15:59:32.213136,1709739,61.84,61.82,1250,2700,81282,-13903
245,BMY,2020-10-12,0 days 15:59:33.213475,1694821,61.87,61.86,1350,1551,-33989,81282
246,BMY,2020-10-12,0 days 15:59:34.213069,1729110,61.86,61.85,300,3425,11426,-33989
247,BMY,2020-10-12,0 days 15:59:35.213296,1722536,61.87,61.86,1450,100,-6574,11426
248,BMY,2020-10-12,0 days 15:59:40.214360,1728810,61.87,61.86,2591,300,18298,-4068
249,BMY,2020-10-12,0 days 15:59:41.213438,1723908,61.87,61.86,1311,1600,-4902,18298
250,BMY,2020-10-12,0 days 15:59:44.213640,1732010,61.87,61.85,4142,2700,17213,-24747
251,BMY,2020-10-12,0 days 15:59:45.215081,1729875,61.88,61.87,1668,717,-25295,17213
252,BMY,2020-10-12,0 days 15:59:46.215096,1725039,61.85,61.84,2500,400,51900,-25295
253,BMY,2020-10-12,0 days 15:59:50.210686,1722803,61.85,61.84,1800,1376,-2236,2264
254,BP,2020-10-12,0 days 15:58:48.237733,87580,17.25,17.24,43074,38748,-9167,4720
255,BP,2020-10-12,0 days 15:59:18.234598,94816,17.25,17.24,50760,19251,1593,-4250
256,BP,2020-10-12,0 days 15:59:36.234877,96409,17.25,17.24,53902,43517,-907,1593
257,BP,2020-10-12,0 days 15:59:37.234821,96116,17.25,17.24,52402,43213,293,-907
258,BP,2020-10-12,0 days 15:59:46.236044,96409,17.25,17.24,54779,26254,-1507,293
259,BRFS,2020-10-12,0 days 15:59:01.238807,68181,3.21,3.2,98279,42400,31383,-42617
260,BRFS,2020-10-12,0 days 15:59:02.239031,66964,3.21,3.2,95579,42400,-1217,31383
261,BRK.B,2020-10-12,0 days 15:58:24.234871,493598,216.35,216.34,326,100,33871,-14465
262,BRK.B,2020-10-12,0 days 15:58:30.236929,460969,216.54,216.51,106,500,-35484,22353
263,BRK.B,2020-10-12,0 days 15:59:15.235837,498033,216.47,216.43,200,200,14104,-29819
264,BSX,2020-10-12,0 days 15:55:00.228344,787252,41.97,41.96,1200,4260,45880,-219086
265,BSX,2020-10-12,0 days 15:55:01.226962,774332,41.98,41.97,2533,8509,-12920,45880
266,BSX,2020-10-12,0 days 15:59:15.234653,927017,42.0,41.99,4622,4237,28907,-8478
267,BSX,2020-10-12,0 days 15:59:16.234532,920517,42.0,41.99,3919,4437,-6500,28907
268,BSX,2020-10-12,0 days 15:59:24.234480,922517,41.99,41.98,2519,1562,-5774,4226
269,BSX,2020-10-12,0 days 15:59:28.234841,928291,41.99,41.98,3219,2300,2002,-5774
270,BSX,2020-10-12,0 days 15:59:46.236095,942017,41.98,41.97,3600,3475,32970,-9748
271,BSX,2020-10-12,0 days 15:59:47.236593,939910,41.98,41.97,600,6241,-2107,32970
272,BWA,2020-10-12,0 days 15:55:41.246855,206281,39.48,39.47,700,1152,-632,5877
273,BWA,2020-10-12,0 days 15:55:42.246411,204413,39.48,39.47,874,1068,968,-632
274,BWA,2020-10-12,0 days 15:57:16.248569,204714,39.47,39.46,800,978,-122,1478
275,BWA,2020-10-12,0 days 15:57:17.248740,203136,39.47,39.46,1400,778,1878,-122
276,BWA,2020-10-12,0 days 15:57:25.248512,207046,39.47,39.46,1000,1546,-5067,2910
277,BWA,2020-10-12,0 days 15:57:26.244117,206383,39.47,39.46,1300,913,663,-5067
278,BWA,2020-10-12,0 days 15:57:46.244596,205013,39.45,39.44,1168,100,433,-34
279,BWA,2020-10-12,0 days 15:57:55.244148,205479,39.45,39.44,200,734,-134,433
280,BWA,2020-10-12,0 days 15:57:56.244268,204113,39.45,39.44,967,434,1333,-134
281,BWA,2020-10-12,0 days 15:57:59.244826,207079,39.44,39.43,300,819,-634,633
282,BWA,2020-10-12,0 days 15:58:00.248071,206513,39.45,39.43,1267,1019,566,-634
283,BWA,2020-10-12,0 days 15:59:25.245620,216494,39.44,39.43,939,300,-11632,784
284,C,2020-10-12,0 days 15:59:22.248787,961221,45.88,45.87,9622,3428,9380,-84767
285,C,2020-10-12,0 days 15:59:25.249259,960865,45.86,45.85,6882,3057,10336,-3742
286,C,2020-10-12,0 days 15:59:26.250189,955401,45.86,45.85,7612,3100,-5464,10336
287,C,2020-10-12,0 days 15:59:45.250378,961043,45.87,45.86,8500,1300,41468,-3443
288,C,2020-10-12,0 days 15:59:46.250063,959905,45.87,45.86,5678,4241,-1138,41468
289,C,2020-10-12,0 days 15:59:47.249400,961043,45.87,45.86,5613,3841,2156,-1138
290,CAH,2020-10-12,0 days 15:55:00.244856,121565,48.22,48.21,102,300,24161,-5648
291,CAH,2020-10-12,0 days 15:56:59.247718,155252,48.3,48.28,306,400,-181,526
292,CAH,2020-10-12,0 days 15:57:03.247723,155535,48.3,48.28,773,200,452,-181
293,CAH,2020-10-12,0 days 15:57:34.247664,155887,48.33,48.31,313,828,-327,1173
294,CAH,2020-10-12,0 days 15:57:35.247686,151514,48.33,48.31,413,734,4373,-327
295,CAH,2020-10-12,0 days 15:59:05.252547,164547,48.3,48.28,100,300,-3280,1778
296,CAH,2020-10-12,0 days 15:59:06.252109,161627,48.32,48.3,300,710,3557,-3280
297,CAH,2020-10-12,0 days 15:59:39.246836,174331,48.34,48.33,517,700,-6430,3270
298,CAH,2020-10-12,0 days 15:59:40.247731,171461,48.33,48.32,631,200,2870,-6430
299,CARR,2020-10-12,0 days 15:55:00.230678,316225,32.89,32.88,742,2010,5419,-8234
300,CARR,2020-10-12,0 days 15:58:08.236297,342754,33.0,32.98,1300,3663,-1862,4087
301,CAT,2020-10-12,0 days 15:55:04.228660,376965,162.83,162.8,100,200,-531,1309
302,CAT,2020-10-12,0 days 15:55:13.229730,371843,162.82,162.81,100,303,5179,-821
303,CAT,2020-10-12,0 days 15:58:01.235567,388155,162.73,162.7,400,700,-5660,17782
304,CAT,2020-10-12,0 days 15:58:06.235646,452984,162.77,162.67,121,300,23945,-1698
305,CAT,2020-10-12,0 days 15:59:05.238130,478362,162.73,162.68,303,100,-51317,27448
306,CCL,2020-10-12,0 days 15:55:43.481479,360247,15.23,15.22,40062,20450,-2632,1964
307,CCL,2020-10-12,0 days 15:58:05.485493,415725,15.23,15.22,12574,22527,22609,-3690
308,CCL,2020-10-12,0 days 15:58:06.485729,399934,15.23,15.22,11774,23427,-14491,22609
309,CCL,2020-10-12,0 days 15:59:04.489445,413860,15.23,15.22,48073,3919,13317,-3148
310,CCL,2020-10-12,0 days 15:59:05.489882,402577,15.23,15.22,50773,7619,-9183,13317
311,CCL,2020-10-12,0 days 15:59:11.488810,418960,15.23,15.22,44741,9855,2917,-9183
312,CCL,2020-10-12,0 days 15:59:46.482591,445306,15.22,15.21,17358,37439,12618,-1282
313,CCL,2020-10-12,0 days 15:59:48.483004,442624,15.22,15.21,25800,17254,-582,2918
314,CDE,2020-10-12,0 days 15:55:00.236737,75464,8.2,8.19,450,7847,-26232,21102
315,CDE,2020-10-12,0 days 15:55:01.235032,74496,8.2,8.19,1106,6747,968,-26232
316,CDE,2020-10-12,0 days 15:56:56.239116,85959,8.21,8.2,4020,6203,-37,1863
317,CDE,2020-10-12,0 days 15:57:09.239479,84596,8.21,8.2,3620,7723,1363,-3837
318,CDE,2020-10-12,0 days 15:59:00.249763,90010,8.22,8.21,10600,9026,-2787,1363
319,CDE,2020-10-12,0 days 15:59:01.244791,89297,8.22,8.21,10600,7699,713,-2787
320,CFG,2020-10-12,0 days 15:59:12.488690,415711,28.49,28.48,1223,10394,574,-8205
321,CFG,2020-10-12,0 days 15:59:15.483110,411846,28.5,28.49,7280,1497,-4426,85374
322,CFG,2020-10-12,0 days 15:59:16.481709,415972,28.48,28.47,2700,4084,2074,-4426
323,CFG,2020-10-12,0 days 15:59:17.481889,413246,28.48,28.47,2000,4084,-2726,2074
324,CFG,2020-10-12,0 days 15:59:18.482042,415972,28.48,28.47,2100,6884,102442,-2726
325,CGC,2020-10-12,0 days 15:58:47.250471,72151,19.57,19.55,1100,100,-3052,753
326,CGC,2020-10-12,0 days 15:58:48.250784,71503,19.55,19.54,100,647,548,-3052
327,CGC,2020-10-12,0 days 15:58:55.250367,72151,19.55,19.54,100,888,-31,548
328,CGC,2020-10-12,0 days 15:59:00.254499,71494,19.56,19.55,100,1000,357,-131
329,CGC,2020-10-12,0 days 15:59:40.249059,74284,19.64,19.63,400,1082,-4339,361
330,CGC,2020-10-12,0 days 15:59:41.249442,73923,19.64,19.63,400,982,361,-4339
331,CGC,2020-10-12,0 days 15:59:45.250451,74284,19.64,19.63,200,1882,-639,361
332,CGC,2020-10-12,0 days 15:59:46.250153,73923,19.64,19.63,200,374,361,-639
333,CHWY,2020-10-12,0 days 15:55:00.242803,38476,64.48,64.46,100,303,366,-2306
334,CHWY,2020-10-12,0 days 15:56:59.247323,43166,64.44,64.42,300,681,-870,721
335,CHWY,2020-10-12,0 days 15:57:01.246533,43129,64.43,64.42,574,781,137,-63
336,CHWY,2020-10-12,0 days 15:57:25.248295,43550,64.43,64.42,595,378,-1979,512
337,CHWY,2020-10-12,0 days 15:57:46.248621,47341,64.42,64.4,1000,969,-888,712
338,CHWY,2020-10-12,0 days 15:59:06.251072,49647,64.48,64.46,200,567,11641,-455
339,CIEN,2020-10-12,0 days 15:55:00.230622,114908,42.62,42.61,220,400,7683,-15250
340,CIEN,2020-10-12,0 days 15:55:41.231969,123176,42.7,42.67,1237,2340,-3347,261
341,CIEN,2020-10-12,0 days 15:55:42.231565,122613,42.7,42.67,1137,2147,563,-3347
342,CIEN,2020-10-12,0 days 15:56:12.232059,127166,42.7,42.68,800,500,-14,656
343,CIEN,2020-10-12,0 days 15:58:15.236324,129502,42.72,42.71,600,183,-93,907
344,CIEN,2020-10-12,0 days 15:58:16.236061,129395,42.71,42.7,400,400,107,-93
345,CIEN,2020-10-12,0 days 15:59:56.236875,149503,42.75,42.73,200,383,-3540,966
346,CIG,2020-10-12,0 days 15:59:02.251391,77276,2.0,1.99,172422,259095,-16069,13113
347,CIG,2020-10-12,0 days 15:59:36.246822,93345,2.0,1.99,188053,275550,7392,-8808
348,CIG,2020-10-12,0 days 15:59:37.246370,92837,2.0,1.99,188053,275550,-508,7392
349,CIM,2020-10-12,0 days 15:58:02.234967,58840,8.73,8.72,17073,20244,-1234,2375
350,CIM,2020-10-12,0 days 15:58:03.234979,57174,8.73,8.72,29324,4300,1666,-1234
351,CIM,2020-10-12,0 days 15:59:45.237535,73442,8.73,8.72,17302,13381,-539,461
352,CIM,2020-10-12,0 days 15:59:48.238524,72281,8.73,8.72,17589,12191,1161,-4439
353,CL,2020-10-12,0 days 15:55:01.234788,320630,80.59,80.58,671,400,3988,-6212
354,CL,2020-10-12,0 days 15:59:27.243556,393716,80.6,80.58,100,200,-3367,3475
355,CL,2020-10-12,0 days 15:59:28.243486,390683,80.6,80.58,100,300,3033,-3367
356,CL,2020-10-12,0 days 15:59:49.245598,399955,80.59,80.57,200,100,-334,2296
357,CL,2020-10-12,0 days 15:59:50.250278,388989,80.61,80.58,600,100,10966,-334
358,CLDR,2020-10-12,0 days 15:59:16.244241,219993,11.88,11.87,4855,4600,-7707,7662
359,CLDR,2020-10-12,0 days 15:59:18.244263,211500,11.88,11.87,4855,3500,2193,-3607
360,CLDR,2020-10-12,0 days 15:59:39.244369,218693,11.88,11.87,9880,1334,-3672,426
361,CLF,2020-10-12,0 days 15:55:35.235151,137875,7.5,7.49,30279,12281,-267,3933
362,CLF,2020-10-12,0 days 15:55:36.235104,136142,7.5,7.49,30481,10304,1733,-267
363,CLF,2020-10-12,0 days 15:56:36.235857,137875,7.5,7.49,4403,28791,-11787,16513
364,CLF,2020-10-12,0 days 15:56:37.236025,136162,7.5,7.49,4903,26371,1713,-11787
365,CLF,2020-10-12,0 days 15:57:04.234139,138875,7.5,7.49,6076,28393,-2287,15613
366,CLNY,2020-10-12,0 days 15:58:06.235805,218683,3.17,3.16,16782,39040,9979,-4246
367,CLNY,2020-10-12,0 days 15:59:08.238354,245387,3.18,3.17,31176,29216,-8378,19969
368,CLR,2020-10-12,0 days 15:55:55.231760,88810,13.4,13.39,1673,1825,545,-855
369,CLR,2020-10-12,0 days 15:55:56.231516,87855,13.4,13.39,3352,1333,-955,545
370,CLR,2020-10-12,0 days 15:58:14.236354,95721,13.39,13.38,3504,302,101,-2399
371,CLR,2020-10-12,0 days 15:58:51.236886,95322,13.39,13.38,4662,1260,-610,290
372,CLR,2020-10-12,0 days 15:59:04.238011,97070,13.4,13.39,5127,2203,9662,-218
373,CLR,2020-10-12,0 days 15:59:27.233984,103887,13.41,13.4,300,2677,-276,1332
374,CNC,2020-10-12,0 days 15:56:43.482002,277356,65.35,65.34,400,237,4795,-20205
375,CNC,2020-10-12,0 days 15:56:44.483837,268451,65.35,65.33,505,100,-8905,4795
376,CNC,2020-10-12,0 days 15:59:08.488578,286230,65.33,65.32,474,900,10968,-1077
377,CNC,2020-10-12,0 days 15:59:09.488475,280560,65.33,65.32,301,900,-5670,10968
378,CNC,2020-10-12,0 days 15:59:14.488132,286230,65.33,65.32,100,200,1054,-5660
379,CNC,2020-10-12,0 days 15:59:19.482273,281284,65.33,65.32,100,700,-4946,2654
380,CNC,2020-10-12,0 days 15:59:21.482528,292330,65.39,65.34,100,400,20257,-4946
381,CNC,2020-10-12,0 days 15:59:28.481956,286407,65.34,65.32,100,100,3203,-1397
382,CNC,2020-10-12,0 days 15:59:29.481877,283610,65.33,65.3,200,100,-397,3203
383,CNC,2020-10-12,0 days 15:59:31.481606,284007,65.32,65.28,434,800,6727,-397
384,CNC,2020-10-12,0 days 15:59:32.481355,281934,65.32,65.28,434,800,-2073,6727
385,CNC,2020-10-12,0 days 15:59:34.481382,286407,65.32,65.28,100,900,8655,-2073
386,CNC,2020-10-12,0 days 15:59:41.482260,283096,65.33,65.3,100,600,-911,13834
387,CNC,2020-10-12,0 days 15:59:46.482518,295239,65.31,65.29,400,383,6391,-205
388,CNC,2020-10-12,0 days 15:59:47.482469,294436,65.31,65.29,300,200,-803,6391
389,CNC,2020-10-12,0 days 15:59:48.482899,295239,65.29,65.26,400,100,5060,-803
390,CNC,2020-10-12,0 days 15:59:49.482608,294499,65.29,65.25,393,482,-740,5060
391,CNK,2020-10-12,0 days 15:59:40.246732,183966,8.57,8.56,9304,6349,2745,-5155
392,CNK,2020-10-12,0 days 15:59:43.246406,185337,8.58,8.57,7000,8041,-129,2745
393,CNK,2020-10-12,0 days 15:59:48.247962,182466,8.58,8.57,8900,5889,2471,-11729
394,CNK,2020-10-12,0 days 15:59:55.248827,183821,8.59,8.58,1300,12689,-993,8371
395,CNP,2020-10-12,0 days 15:59:17.246302,794555,21.6,21.59,5347,7321,-3025,56047
396,CNP,2020-10-12,0 days 15:59:18.246151,799317,21.6,21.59,4747,6921,8938,-3025
397,CNP,2020-10-12,0 days 15:59:25.246198,808555,21.6,21.59,6367,3831,-11614,24533
398,CNP,2020-10-12,0 days 15:59:26.246392,803569,21.6,21.59,6067,4331,4986,-11614
399,CNP,2020-10-12,0 days 15:59:46.247604,825683,21.62,21.61,8300,4976,-3103,266
400,CNQ,2020-10-12,0 days 15:56:17.211337,39244,18.02,18.01,5728,5342,347,-1453
401,CNQ,2020-10-12,0 days 15:56:18.212553,38691,18.02,18.01,1000,7632,-553,347
402,CNQ,2020-10-12,0 days 15:59:45.215151,39913,18.0,17.99,13249,2117,840,-160
403,CNX,2020-10-12,0 days 15:57:40.235245,973138,10.77,10.76,2881,8758,4110,-990
404,CNX,2020-10-12,0 days 15:57:41.236649,963248,10.77,10.76,1977,8726,-9890,4110
405,CNX,2020-10-12,0 days 15:58:06.236819,973138,10.77,10.76,6700,2554,1776,-567
406,CNX,2020-10-12,0 days 15:58:07.237342,968914,10.77,10.76,6500,2054,-4224,1776
407,CNX,2020-10-12,0 days 15:59:05.238977,973638,10.78,10.77,4320,4561,243,-1241
408,CNX,2020-10-12,0 days 15:59:39.234992,995625,10.79,10.78,5700,1611,4128,-882
409,COG,2020-10-12,0 days 15:55:00.229839,379774,19.54,19.53,7284,4620,15485,-30721
410,COG,2020-10-12,0 days 15:57:07.233483,403755,19.56,19.55,2520,5842,-6139,6333
411,COG,2020-10-12,0 days 15:57:08.233840,391094,19.56,19.55,2920,5723,12661,-6139
412,COG,2020-10-12,0 days 15:57:37.234616,404055,19.57,19.56,8041,2631,-362,2438
413,COG,2020-10-12,0 days 15:57:38.234100,393017,19.57,19.56,7798,2194,11038,-362
414,COG,2020-10-12,0 days 15:57:41.234977,403755,19.56,19.55,7700,996,-1962,838
415,COG,2020-10-12,0 days 15:57:42.234312,393917,19.56,19.55,8111,1796,9838,-1962
416,COG,2020-10-12,0 days 15:58:50.237129,409354,19.55,19.54,1158,7181,8464,-736
417,COG,2020-10-12,0 days 15:59:20.234130,411618,19.55,19.54,648,6787,-1300,5793
418,COG,2020-10-12,0 days 15:59:32.234517,407944,19.57,19.56,2100,4941,3399,-13901
419,COG,2020-10-12,0 days 15:59:40.234779,411643,19.57,19.56,2100,5397,-6601,2499
420,COG,2020-10-12,0 days 15:59:41.234974,409044,19.58,19.57,3421,1900,2299,-6601
421,COP,2020-10-12,0 days 15:55:00.245161,845284,35.53,35.52,501,3395,-93108,117598
422,COP,2020-10-12,0 days 15:57:45.243895,943209,35.59,35.58,2601,1651,-11189,911
423,COP,2020-10-12,0 days 15:59:06.248949,966363,35.54,35.53,3200,3534,15234,-1453
424,COP,2020-10-12,0 days 15:59:07.248934,953397,35.54,35.53,3100,3334,-12966,15234
425,COP,2020-10-12,0 days 15:59:15.246749,970514,35.54,35.53,6086,100,19971,-14295
426,COP,2020-10-12,0 days 15:59:16.246483,961285,35.54,35.53,6511,200,-9229,19971
427,COP,2020-10-12,0 days 15:59:48.247937,1033333,35.56,35.55,3665,1001,10714,-17677
428,COTY,2020-10-12,0 days 15:55:00.229759,204354,3.39,3.38,89885,9027,10137,-5422
429,COTY,2020-10-12,0 days 15:59:36.236289,264277,3.39,3.38,88056,118252,-18252,25148
430,CPRI,2020-10-12,0 days 15:59:15.233379,265541,21.68,21.67,2791,500,58103,-5127
431,CPRI,2020-10-12,0 days 15:59:16.232989,258844,21.68,21.67,2604,869,-6697,58103
432,CPRI,2020-10-12,0 days 15:59:45.233895,274279,21.67,21.66,3578,300,2011,-177
433,CPRI,2020-10-12,0 days 15:59:47.235317,270072,21.67,21.66,2768,300,-4568,14693
434,CRK,2020-10-12,0 days 15:55:35.244497,51229,5.7,5.69,2180,2650,-9303,1711
435,CRK,2020-10-12,0 days 15:55:36.245204,50132,5.7,5.69,1980,2705,1097,-9303
436,CRK,2020-10-12,0 days 15:57:58.248872,60451,5.7,5.69,4561,1400,1134,-6066
437,CRK,2020-10-12,0 days 15:59:45.250645,79946,5.7,5.69,5562,3535,-1577,2045
438,CRM,2020-10-12,0 days 15:59:01.250986,416449,267.55,267.5,800,100,-817,84
439,CRM,2020-10-12,0 days 15:59:07.252232,411614,267.48,267.38,300,200,3172,-5743
440,CRM,2020-10-12,0 days 15:59:12.251236,413914,267.51,267.42,100,600,1028,-872
441,CRM,2020-10-12,0 days 15:59:15.247593,415907,267.45,267.36,100,200,-64100,1187
442,CTVA,2020-10-12,0 days 15:59:07.239109,498293,33.6,33.59,982,300,4361,-2962
443,CTVA,2020-10-12,0 days 15:59:08.239048,492154,33.61,33.6,300,1400,-6139,4361
444,CTVA,2020-10-12,0 days 15:59:15.235354,507193,33.61,33.6,377,200,2577,-7938
445,CTVA,2020-10-12,0 days 15:59:19.234336,495991,33.62,33.61,1100,300,-4702,5998
446,CTVA,2020-10-12,0 days 15:59:35.234551,507493,33.62,33.61,437,874,11921,-1540
447,CTVA,2020-10-12,0 days 15:59:38.235316,499013,33.61,33.6,1200,300,-2116,3384
448,CVE,2020-10-12,0 days 15:55:00.230481,14938,4.02,4.01,27537,64452,8246,-2623
449,CVE,2020-10-12,0 days 15:59:36.236412,30479,4.03,4.02,23401,133293,-6325,7774
450,CVE,2020-10-12,0 days 15:59:37.236429,30204,4.03,4.02,23725,130469,274,-6325
451,CVS,2020-10-12,0 days 15:55:00.477530,381185,59.7,59.69,763,600,17601,-73113
452,CVS,2020-10-12,0 days 15:55:01.477690,378986,59.71,59.7,200,600,-2199,17601
453,CVS,2020-10-12,0 days 15:56:02.481733,384295,59.71,59.7,2003,1201,6064,-2625
454,CVS,2020-10-12,0 days 15:56:03.481557,381438,59.71,59.7,433,2501,-2857,6064
455,CVS,2020-10-12,0 days 15:56:05.481744,384295,59.71,59.7,443,2098,243,-2857
456,CVS,2020-10-12,0 days 15:56:06.481303,381938,59.71,59.7,543,2198,-2357,243
457,CVS,2020-10-12,0 days 15:57:02.483259,395331,59.75,59.74,600,400,1287,-761
458,CVS,2020-10-12,0 days 15:57:03.482872,392818,59.75,59.74,1400,500,-2362,1287
459,CVS,2020-10-12,0 days 15:58:41.487435,410487,59.74,59.73,310,1866,1702,-2528
460,CVS,2020-10-12,0 days 15:58:42.486751,407989,59.74,59.73,1705,210,-2328,1702
461,CVS,2020-10-12,0 days 15:59:05.489716,405406,59.75,59.73,2100,1700,3126,-2175
462,CVS,2020-10-12,0 days 15:59:15.482934,411237,59.75,59.74,1000,1378,28816,-1285
463,CVS,2020-10-12,0 days 15:59:16.481590,408563,59.76,59.75,832,200,-2674,28816
464,CVS,2020-10-12,0 days 15:59:34.481339,457359,59.73,59.72,400,1400,11355,-5665
465,CVS,2020-10-12,0 days 15:59:35.482469,455351,59.74,59.72,1550,1598,-1838,11355
466,CVX,2020-10-12,0 days 15:59:22.236410,799952,74.59,74.58,700,1126,-11403,8332
467,CVX,2020-10-12,0 days 15:59:26.236367,809515,74.55,74.53,1100,1674,937,-10826
468,CVX,2020-10-12,0 days 15:59:28.236309,811442,74.55,74.53,2740,1359,-21088,1127
469,CX,2020-10-12,0 days 15:59:36.213036,67536,3.98,3.97,126122,131656,-23335,27565
470,CX,2020-10-12,0 days 15:59:37.212765,66071,3.98,3.97,126157,127465,1465,-23335
471,CXO,2020-10-12,0 days 15:59:22.234318,438727,44.64,44.62,200,500,32988,-74061
472,CXO,2020-10-12,0 days 15:59:23.234007,433737,44.68,44.65,400,239,-4990,32988
473,CXO,2020-10-12,0 days 15:59:43.235066,446262,44.69,44.67,200,582,1385,-1645
474,CXO,2020-10-12,0 days 15:59:48.236226,471426,44.71,44.68,600,900,-608,11863
475,CXO,2020-10-12,0 days 15:59:49.235694,470234,44.7,44.69,1080,100,1192,-608
476,D,2020-10-12,0 days 15:58:17.236981,357887,82.46,82.44,400,100,655,-3916
477,D,2020-10-12,0 days 15:58:20.237391,350342,82.45,82.43,200,200,-7545,655
478,D,2020-10-12,0 days 15:59:06.239049,358604,82.47,82.44,108,300,10516,-6206
479,D,2020-10-12,0 days 15:59:09.238668,352338,82.49,82.47,400,204,-8637,2734
480,DAL,2020-10-12,0 days 15:59:06.489066,550379,32.59,32.58,3700,8216,94961,-14085
481,DAL,2020-10-12,0 days 15:59:15.483078,557527,32.61,32.6,2010,7636,141067,-12426
482,DAL,2020-10-12,0 days 15:59:34.481450,616300,32.62,32.61,4019,8015,-777,3640
483,DB,2020-10-12,0 days 15:55:32.481218,65270,9.33,9.32,5806,82978,-19765,30135
484,DB,2020-10-12,0 days 15:55:33.480814,61335,9.33,9.32,11306,81193,3935,-19765
485,DB,2020-10-12,0 days 15:56:23.482059,67070,9.33,9.32,17506,76489,-26910,37590
486,DB,2020-10-12,0 days 15:56:24.481882,63280,9.33,9.32,17506,76489,3790,-26910
487,DB,2020-10-12,0 days 15:59:01.489375,61037,9.34,9.33,58000,87525,-17407,23163
488,DB,2020-10-12,0 days 15:59:02.488622,59000,9.34,9.33,60233,87225,2037,-17407
489,DB,2020-10-12,0 days 15:59:36.481280,61037,9.34,9.33,51946,57192,-9745,11955
490,DB,2020-10-12,0 days 15:59:37.481282,60182,9.34,9.33,53846,54392,855,-9745
491,DB,2020-10-12,0 days 15:59:45.483112,61037,9.34,9.33,93149,31238,-2082,855
492,DB,2020-10-12,0 days 15:59:46.482830,60419,9.34,9.33,90149,24538,618,-2082
493,DD,2020-10-12,0 days 15:55:00.237139,165852,58.45,58.44,701,1074,13137,-34658
494,DD,2020-10-12,0 days 15:55:38.238903,180293,58.45,58.44,1100,460,-10645,1855
495,DD,2020-10-12,0 days 15:57:46.243633,194243,58.41,58.4,1500,803,1800,-500
496,DD,2020-10-12,0 days 15:57:47.242757,193513,58.41,58.39,700,498,-730,1800
497,DD,2020-10-12,0 days 15:57:50.240938,194243,58.4,58.39,400,298,600,-730
498,DD,2020-10-12,0 days 15:57:51.240491,193513,58.4,58.39,900,404,-730,600
499,DD,2020-10-12,0 days 15:58:25.242611,197340,58.38,58.36,1100,606,522,-2678
500,DD,2020-10-12,0 days 15:58:26.242852,196362,58.38,58.36,1100,606,-978,522
501,DD,2020-10-12,0 days 15:59:07.245448,215313,58.37,58.36,100,200,-5537,17684
502,DD,2020-10-12,0 days 15:59:08.245640,213950,58.37,58.36,100,205,1663,-5537
503,DD,2020-10-12,0 days 15:59:33.244122,202822,58.44,58.42,675,105,16866,-16134
504,DDD,2020-10-12,0 days 15:59:39.243633,179089,6.75,6.74,14558,14159,-511,2296
505,DDD,2020-10-12,0 days 15:59:46.244732,175983,6.75,6.74,14749,12948,3106,-5994
506,DFS,2020-10-12,0 days 15:56:57.232387,157019,64.64,64.59,305,708,-437,221
507,DFS,2020-10-12,0 days 15:56:58.232593,155456,64.64,64.6,391,200,1563,-437
508,DFS,2020-10-12,0 days 15:57:39.234444,157702,64.7,64.66,100,722,-454,546
509,DFS,2020-10-12,0 days 15:57:42.234617,156956,64.7,64.66,200,635,746,-154
510,DFS,2020-10-12,0 days 15:57:52.234287,157702,64.67,64.65,200,100,-754,446
511,DFS,2020-10-12,0 days 15:57:53.234512,155656,64.67,64.63,300,200,2046,-754
512,DFS,2020-10-12,0 days 15:57:55.234336,157702,64.68,64.63,100,229,-1554,146
513,DFS,2020-10-12,0 days 15:57:56.234556,156656,64.67,64.63,200,200,1046,-1554
514,DFS,2020-10-12,0 days 15:57:58.234741,157702,64.68,64.63,100,208,-54,246
515,DFS,2020-10-12,0 days 15:57:59.234907,157456,64.69,64.63,280,231,246,-54
516,DFS,2020-10-12,0 days 15:58:10.235717,160397,64.66,64.63,200,100,-1692,3408
517,DFS,2020-10-12,0 days 15:58:14.235614,159789,64.67,64.63,100,100,608,-992
518,DFS,2020-10-12,0 days 15:58:21.235915,160397,64.68,64.63,300,200,-392,1508
519,DFS,2020-10-12,0 days 15:58:24.235849,159789,64.67,64.63,100,200,608,-1692
520,DFS,2020-10-12,0 days 15:58:33.236400,160289,64.7,64.67,100,200,108,-192
521,DFS,2020-10-12,0 days 15:58:34.236283,159097,64.72,64.69,400,302,-1192,108
522,DFS,2020-10-12,0 days 15:58:37.236358,158689,64.73,64.7,200,300,408,-892
523,DFS,2020-10-12,0 days 15:59:02.237401,160152,64.71,64.68,100,200,-1017,488
524,DFS,2020-10-12,0 days 15:59:04.237610,159877,64.69,64.66,100,100,1575,-625
525,DFS,2020-10-12,0 days 15:59:05.238072,161452,64.7,64.66,100,100,-662,1575
526,DFS,2020-10-12,0 days 15:59:06.237768,161223,64.71,64.66,100,793,981,-662
527,DFS,2020-10-12,0 days 15:59:09.237774,163504,64.7,64.66,250,200,-19,281
528,DFS,2020-10-12,0 days 15:59:15.236219,163497,64.71,64.66,618,100,7,-1197
529,DFS,2020-10-12,0 days 15:59:20.235954,163604,64.68,64.65,100,600,-1738,102
530,DFS,2020-10-12,0 days 15:59:25.236091,163142,64.67,64.63,400,400,462,-1238
531,DFS,2020-10-12,0 days 15:59:35.236018,163813,64.68,64.62,700,100,-4776,71
532,DHF,2020-10-12,0 days 15:59:36.236387,214,2.78,2.77,22520,9922,-86,214
533,DHF,2020-10-12,0 days 15:59:37.236402,200,2.78,2.77,22520,9946,14,-86
534,DIS,2020-10-12,0 days 15:55:52.481471,530522,124.96,124.95,600,100,288,-712
535,DIS,2020-10-12,0 days 15:57:01.483077,545885,125.01,125.0,400,100,-2706,313
536,DIS,2020-10-12,0 days 15:57:46.484922,551180,124.95,124.94,500,200,495,-205
537,DIS,2020-10-12,0 days 15:57:55.484648,550975,124.96,124.95,2507,100,-205,495
538,DIS,2020-10-12,0 days 15:58:00.486170,551180,124.97,124.96,901,360,2035,-205
539,DIS,2020-10-12,0 days 15:58:07.485568,554415,124.96,124.95,707,100,-1442,1024
540,DIS,2020-10-12,0 days 15:59:08.488625,560972,125.01,124.99,300,400,8972,-3814
541,DIS,2020-10-12,0 days 15:59:22.481941,596265,124.95,124.94,742,155,-1014,7586
542,DIS,2020-10-12,0 days 15:59:24.482440,597579,124.94,124.91,400,200,391,-3714
543,DIS,2020-10-12,0 days 15:59:25.482633,597137,124.95,124.93,742,100,-442,391
544,DIS,2020-10-12,0 days 15:59:35.482511,603260,125.0,124.96,200,751,3649,-2398
545,DIS,2020-10-12,0 days 15:59:40.481628,603250,124.99,124.96,778,1200,3363,-13886
546,DIS,2020-10-12,0 days 15:59:41.482395,602713,124.98,124.96,200,772,-537,3363
547,DIS,2020-10-12,0 days 15:59:45.482829,605979,124.99,124.96,407,1369,7880,-1537
548,DIS,2020-10-12,0 days 15:59:48.483020,610382,124.98,124.96,800,372,588,-3302
549,DIS,2020-10-12,0 days 15:59:52.481766,607070,124.98,124.95,800,1000,-3312,16669
550,DOW,2020-10-12,0 days 15:55:00.233078,212552,48.57,48.56,1075,800,36256,-14189
551,DOW,2020-10-12,0 days 15:55:13.233327,250997,48.58,48.57,100,700,-27467,37733
552,DOW,2020-10-12,0 days 15:55:14.233514,246958,48.57,48.56,277,700,4039,-27467
553,DOW,2020-10-12,0 days 15:55:38.235976,251606,48.58,48.57,300,700,-8598,4102
554,DOW,2020-10-12,0 days 15:55:39.235248,250811,48.57,48.55,500,1300,795,-8598
555,DOW,2020-10-12,0 days 15:55:40.234879,251606,48.57,48.55,500,1131,-252,795
556,DOW,2020-10-12,0 days 15:55:41.235045,249458,48.56,48.55,400,100,2148,-252
557,DOW,2020-10-12,0 days 15:55:42.235001,251606,48.56,48.55,400,212,-18001,2148
558,DOW,2020-10-12,0 days 15:55:44.234602,251307,48.56,48.55,500,620,299,-1
559,DOW,2020-10-12,0 days 15:55:45.234882,254106,48.56,48.55,1400,312,-307,299
560,DOW,2020-10-12,0 days 15:57:45.235445,255673,48.56,48.54,400,518,-1491,2209
561,DOW,2020-10-12,0 days 15:57:47.235645,257864,48.56,48.55,300,1232,509,-1391
562,DOW,2020-10-12,0 days 15:57:48.235839,256473,48.56,48.55,428,632,-1391,509
563,DOW,2020-10-12,0 days 15:57:57.235878,258664,48.56,48.55,900,801,451,-91
564,DOW,2020-10-12,0 days 15:58:06.236688,258164,48.54,48.53,445,200,792,-333
565,DOW,2020-10-12,0 days 15:58:08.237014,257956,48.54,48.53,869,100,-208,2492
566,DOW,2020-10-12,0 days 15:58:12.236844,258164,48.53,48.52,500,501,492,-1408
567,DOW,2020-10-12,0 days 15:58:13.236718,257956,48.53,48.52,400,701,-208,492
568,DOW,2020-10-12,0 days 15:58:14.236758,258164,48.53,48.52,804,601,2092,-208
569,DOW,2020-10-12,0 days 15:58:26.236976,256560,48.54,48.53,300,469,207,-10999
570,DOW,2020-10-12,0 days 15:58:28.237610,256767,48.54,48.53,528,969,-1393,207
571,DOW,2020-10-12,0 days 15:58:29.237853,256560,48.54,48.53,400,669,207,-1393
572,DOW,2020-10-12,0 days 15:59:05.238908,258116,48.55,48.54,499,241,-142,967
573,DOW,2020-10-12,0 days 15:59:09.238624,260537,48.55,48.54,457,441,479,-121
574,DOW,2020-10-12,0 days 15:59:22.234477,261537,48.58,48.56,483,200,239,-221
575,DOW,2020-10-12,0 days 15:59:45.235273,273430,48.61,48.59,600,400,606,-394
576,DPZ,2020-10-12,0 days 15:59:34.234394,61055,392.96,392.38,200,200,-1820,1768
577,DPZ,2020-10-12,0 days 15:59:35.234495,59975,392.6,392.37,200,200,1080,-1820
578,DPZ,2020-10-12,0 days 15:59:45.235427,61055,392.79,392.41,200,250,-703,1080
579,DPZ,2020-10-12,0 days 15:59:46.236084,60358,392.79,392.41,200,199,697,-703
580,DT,2020-10-12,0 days 15:55:01.243534,67835,43.41,43.39,611,100,543,-1957
581,DT,2020-10-12,0 days 15:56:12.246330,68429,43.41,43.39,200,100,-720,445
582,DT,2020-10-12,0 days 15:56:13.246576,67849,43.41,43.38,104,201,580,-720
583,DT,2020-10-12,0 days 15:57:55.244248,70432,43.38,43.37,200,182,-8,492
584,DT,2020-10-12,0 days 15:57:56.244353,69840,43.38,43.37,100,578,592,-8
585,DT,2020-10-12,0 days 15:58:02.245745,70732,43.38,43.37,300,322,-754,592
586,DT,2020-10-12,0 days 15:58:03.245759,70299,43.38,43.37,200,100,133,-754
587,DUK,2020-10-12,0 days 15:59:45.247858,760865,93.15,93.13,100,100,1051,-22317
588,DUK,2020-10-12,0 days 15:59:48.248003,756354,93.16,93.14,220,100,-4511,13389
589,DVN,2020-10-12,0 days 15:59:06.239258,242610,9.86,9.85,30440,7400,-5544,295
590,DVN,2020-10-12,0 days 15:59:18.234664,236054,9.86,9.85,26800,11531,1855,-1945
591,DVN,2020-10-12,0 days 15:59:29.234755,251057,9.86,9.85,27486,10471,-7091,10241
592,DVN,2020-10-12,0 days 15:59:30.238057,248548,9.86,9.85,22886,8000,2509,-7091
593,DVN,2020-10-12,0 days 15:59:45.235493,254857,9.86,9.85,1778,28717,-5971,1809
594,DXC,2020-10-12,0 days 15:55:08.236586,113883,20.16,20.15,300,2598,-2517,1521
595,DXC,2020-10-12,0 days 15:55:09.236271,112800,20.16,20.15,500,2498,1083,-2517
596,DXC,2020-10-12,0 days 15:57:01.239335,117663,20.17,20.16,1302,2500,-1115,1671
597,DXC,2020-10-12,0 days 15:57:02.241567,116678,20.17,20.16,1002,2700,985,-1115
598,DXC,2020-10-12,0 days 15:57:37.242847,120449,20.17,20.16,1649,2085,-347,453
599,DXC,2020-10-12,0 days 15:57:39.242388,120196,20.17,20.16,1622,1730,253,-247
600,DXC,2020-10-12,0 days 15:57:47.242768,120449,20.17,20.16,2734,1129,-147,653
601,DXC,2020-10-12,0 days 15:57:49.242448,119996,20.17,20.16,2834,1129,453,-47
602,DXC,2020-10-12,0 days 15:58:01.242139,119334,20.16,20.15,3222,601,-362,653
603,DXC,2020-10-12,0 days 15:58:02.242067,118796,20.16,20.15,3322,901,538,-362
604,DXC,2020-10-12,0 days 15:58:22.243085,118982,20.16,20.15,719,3833,352,-48
605,DXC,2020-10-12,0 days 15:59:07.245448,122307,20.17,20.16,1319,2766,-83,951
606,DXC,2020-10-12,0 days 15:59:11.245141,121990,20.17,20.16,919,2403,317,-83
607,DXC,2020-10-12,0 days 15:59:36.244764,122307,20.17,20.16,2810,1191,-3661,293
608,DXC,2020-10-12,0 days 15:59:44.244643,125007,20.16,20.15,562,2700,-161,339
609,DXC,2020-10-12,0 days 15:59:46.246050,129638,20.16,20.15,1628,2800,1255,-4631
610,DXC,2020-10-12,0 days 15:59:47.245281,129293,20.16,20.15,1146,2800,-345,1255
611,EGO,2020-10-12,0 days 15:59:06.250975,52784,13.01,13.0,295,17814,1084,-1033
612,EGO,2020-10-12,0 days 15:59:07.251433,51968,13.01,13.0,295,17814,-616,1084
613,EGO,2020-10-12,0 days 15:59:46.250194,52784,13.02,13.01,9275,6711,2087,-408
614,EGO,2020-10-12,0 days 15:59:47.249530,52271,13.02,13.01,9275,6711,-513,2087
615,ELAN,2020-10-12,0 days 15:58:13.214589,126102,33.79,33.78,385,885,-2624,3218
616,ELAN,2020-10-12,0 days 15:59:07.217009,128963,33.77,33.76,286,1142,17240,-1057
617,ELAN,2020-10-12,0 days 15:59:08.216983,127103,33.77,33.76,286,1239,-660,17240
618,ELAN,2020-10-12,0 days 15:59:36.213106,130441,33.76,33.75,1172,600,-832,278
619,EMR,2020-10-12,0 days 15:59:08.245424,332122,69.56,69.54,600,306,2962,-12080
620,ENB,2020-10-12,0 days 15:55:00.244938,30048,29.67,29.66,561,3755,-1985,3757
621,ENB,2020-10-12,0 days 15:55:02.243723,32033,29.67,29.66,1561,4556,2165,-1985
622,ENB,2020-10-12,0 days 15:59:02.248577,32787,29.69,29.68,5134,1542,-933,231
623,ENB,2020-10-12,0 days 15:59:25.245898,33720,29.68,29.67,4248,2251,503,-433
624,ENB,2020-10-12,0 days 15:59:46.247730,34223,29.68,29.67,7348,1609,-97,503
625,ENLC,2020-10-12,0 days 15:56:24.481787,14519,2.68,2.67,12605,18600,923,-1215
626,EOG,2020-10-12,0 days 15:55:00.244571,201939,38.26,38.25,2869,1094,208,-17389
627,EOG,2020-10-12,0 days 15:55:01.243534,201447,38.26,38.25,2979,1100,-292,208
628,EOG,2020-10-12,0 days 15:55:08.244645,208904,38.26,38.25,2922,693,506,-1057
629,EOG,2020-10-12,0 days 15:55:09.244534,207910,38.26,38.25,2922,693,-994,506
630,EOG,2020-10-12,0 days 15:55:39.247185,208919,38.26,38.25,2233,1857,1,-866
631,EOG,2020-10-12,0 days 15:55:40.246837,208020,38.26,38.25,2368,1857,-899,1
632,EOG,2020-10-12,0 days 15:56:16.247206,209221,38.21,38.2,1767,710,99,-1101
633,EOG,2020-10-12,0 days 15:56:17.246359,208320,38.21,38.2,100,2110,-701,99
634,EOG,2020-10-12,0 days 15:56:26.247127,209236,38.25,38.23,509,1400,2284,-901
635,EOG,2020-10-12,0 days 15:56:27.247349,208620,38.25,38.23,509,1200,-616,2284
636,EOG,2020-10-12,0 days 15:57:23.249210,210216,38.26,38.25,361,1669,-420,280
637,EOG,2020-10-12,0 days 15:57:24.249529,210636,38.26,38.25,245,1935,980,-420
638,EOG,2020-10-12,0 days 15:57:25.248699,208316,38.27,38.26,1105,300,-2320,980
639,EOG,2020-10-12,0 days 15:57:46.244765,215636,38.22,38.21,783,830,2180,-720
640,EOG,2020-10-12,0 days 15:57:47.244184,215016,38.23,38.22,984,202,-920,2180
641,EOG,2020-10-12,0 days 15:58:00.248175,216690,38.22,38.21,1237,361,5526,-174
642,EOG,2020-10-12,0 days 15:58:18.246412,231146,38.21,38.2,100,1978,-10116,16084
643,EOG,2020-10-12,0 days 15:58:19.246318,229462,38.21,38.2,407,1236,1384,-10116
644,EOG,2020-10-12,0 days 15:58:47.247221,229229,38.23,38.22,700,1424,1282,-1351
645,EOG,2020-10-12,0 days 15:59:12.249615,230129,38.21,38.19,1098,200,-5540,932
646,EOG,2020-10-12,0 days 15:59:13.248937,229369,38.21,38.2,1098,132,932,-5540
647,EOG,2020-10-12,0 days 15:59:40.246693,234647,38.2,38.19,474,1794,-24290,4963
648,EOG,2020-10-12,0 days 15:59:41.246603,234137,38.2,38.18,1642,1000,510,-24290
649,EOG,2020-10-12,0 days 15:59:49.247489,235259,38.22,38.21,2570,416,51,-4570
650,EPD,2020-10-12,0 days 15:55:00.241755,1256753,17.34,17.33,10429,12909,-934741,18769
651,EPD,2020-10-12,0 days 15:59:07.251338,2231101,17.38,17.37,11200,7300,18979,-13121
652,EPD,2020-10-12,0 days 15:59:08.250964,2210480,17.38,17.37,9697,8600,-20621,18979
653,EPD,2020-10-12,0 days 15:59:31.248881,2182066,17.35,17.34,13167,5100,-15835,19765
654,EPD,2020-10-12,0 days 15:59:45.250421,2197901,17.35,17.33,32068,12500,56706,-15835
655,EPD,2020-10-12,0 days 15:59:47.249400,2193856,17.35,17.33,25568,12500,-4045,67555
656,EQNR,2020-10-12,0 days 15:59:01.251149,11938,14.7,14.69,434,42544,-3371,1113
657,EQT,2020-10-12,0 days 15:55:00.478181,187054,15.39,15.38,1533,2130,-25694,1620
658,EQT,2020-10-12,0 days 15:59:07.488581,237658,15.39,15.38,2713,5258,1758,-12209
659,EQT,2020-10-12,0 days 15:59:19.482370,239416,15.39,15.38,7119,3013,-729,1758
660,EQT,2020-10-12,0 days 15:59:36.481266,244645,15.39,15.38,2275,6608,6113,-5613
661,ET,2020-10-12,0 days 15:55:00.241436,1011146,6.06,6.05,47940,43063,-1077456,42234
662,ETRN,2020-10-12,0 days 15:59:04.237749,464313,8.55,8.54,6767,3309,19177,-3504
663,EV,2020-10-12,0 days 15:55:41.235194,263420,61.46,61.44,300,699,-83,201
664,EV,2020-10-12,0 days 15:55:42.235173,263003,61.46,61.45,921,100,417,-83
665,EV,2020-10-12,0 days 15:57:34.234961,289842,61.44,61.43,200,1398,-7113,787
666,EV,2020-10-12,0 days 15:57:35.235083,288930,61.45,61.43,1012,1493,912,-7113
667,EV,2020-10-12,0 days 15:57:38.235134,289842,61.44,61.43,100,1183,-688,712
668,EV,2020-10-12,0 days 15:57:39.235241,289330,61.45,61.44,1128,100,512,-688
669,EV,2020-10-12,0 days 15:57:41.236737,289842,61.45,61.43,512,1383,-599,401
670,EV,2020-10-12,0 days 15:57:42.235901,289541,61.45,61.43,317,1537,301,-599
671,EV,2020-10-12,0 days 15:57:53.235627,289842,61.45,61.42,1377,1798,-199,1101
672,EV,2020-10-12,0 days 15:57:57.236045,290041,61.45,61.42,1777,2108,1701,-199
673,EV,2020-10-12,0 days 15:57:58.236065,289842,61.45,61.42,1677,2008,-199,1701
674,EV,2020-10-12,0 days 15:58:03.236364,290041,61.45,61.42,1500,1398,1071,-329
675,EV,2020-10-12,0 days 15:58:04.237059,289712,61.45,61.42,1200,1498,-329,1071
676,EV,2020-10-12,0 days 15:58:25.236960,290041,61.43,61.42,300,107,1171,-329
677,EV,2020-10-12,0 days 15:58:51.237541,290043,61.45,61.43,800,200,69,-331
678,EV,2020-10-12,0 days 15:58:52.237617,289712,61.45,61.43,1100,195,-331,69
679,EV,2020-10-12,0 days 15:59:12.239310,294775,61.44,61.41,792,596,950,-424
680,EV,2020-10-12,0 days 15:59:13.238800,294425,61.44,61.41,392,1152,-350,950
681,EV,2020-10-12,0 days 15:59:38.235316,296614,61.4,61.38,472,422,3622,-389
682,EV,2020-10-12,0 days 15:59:39.235095,296336,61.4,61.37,100,800,-278,3622
683,EV,2020-10-12,0 days 15:59:41.235758,296214,61.4,61.37,399,398,122,-278
684,EV,2020-10-12,0 days 15:59:42.235129,296336,61.4,61.39,100,200,-278,122
685,EV,2020-10-12,0 days 15:59:46.236435,297067,61.42,61.4,820,100,14345,-42
686,EW,2020-10-12,0 days 15:59:09.217275,411302,85.0,84.96,100,100,515,-2385
687,EW,2020-10-12,0 days 15:59:10.216833,408217,84.98,84.94,100,100,-3085,515
688,EW,2020-10-12,0 days 15:59:15.213751,418602,85.01,84.96,209,100,9379,-1326
689,EW,2020-10-12,0 days 15:59:18.212263,410316,85.05,85.0,300,400,-986,14414
690,EXK,2020-10-12,0 days 15:59:36.213260,11892,3.65,3.63,31027,128883,7353,-8947
691,EXK,2020-10-12,0 days 15:59:37.212957,11445,3.65,3.63,31027,128883,-447,7353
692,EXPR,2020-10-12,0 days 15:51:38.246838,19206,0.76,0.75,400,16440,-1013,1287
693,EXPR,2020-10-12,0 days 15:54:24.247264,18019,0.76,0.75,3300,14400,1287,-1013
694,EXPR,2020-10-12,0 days 15:55:00.244769,19307,0.76,0.75,1000,7790,-2040,1287
695,EXPR,2020-10-12,0 days 15:59:50.251392,32484,0.76,0.75,700,33940,5631,-11547
696,F,2020-10-12,0 days 15:59:04.238151,1731119,7.67,7.66,375886,265883,14861,-14131
697,F,2020-10-12,0 days 15:59:05.238087,1603980,7.67,7.66,376486,306383,-127139,14861
698,F,2020-10-12,0 days 15:59:07.238333,1731119,7.67,7.66,374296,307419,27778,-67497
699,F,2020-10-12,0 days 15:59:22.234358,1758922,7.67,7.66,368006,259498,-22350,18953
700,F,2020-10-12,0 days 15:59:53.236160,1915495,7.67,7.66,61088,338077,-32260,2840
701,FCX,2020-10-12,0 days 15:56:17.237706,704977,16.83,16.82,32591,12825,311,-4589
702,FCX,2020-10-12,0 days 15:57:23.242724,717906,16.82,16.81,14600,14400,-2171,10929
703,FCX,2020-10-12,0 days 15:59:40.245319,805353,16.79,16.78,20300,17101,4152,-18448
704,FDX,2020-10-12,0 days 15:55:00.209469,86972,274.05,273.99,200,400,2692,-22059
705,FDX,2020-10-12,0 days 15:55:40.210648,90238,274.1,273.97,200,100,-855,1037
706,FDX,2020-10-12,0 days 15:55:41.210848,89222,274.05,273.97,100,110,1416,-855
707,FDX,2020-10-12,0 days 15:56:12.210842,90238,274.03,273.95,200,300,-326,812
708,FDX,2020-10-12,0 days 15:56:13.210930,89364,273.98,273.85,100,300,874,-326
709,FDX,2020-10-12,0 days 15:56:21.210955,90438,274.1,274.01,279,100,-1497,1003
710,FDX,2020-10-12,0 days 15:56:22.211144,89743,274.1,273.99,200,117,695,-1497
711,FDX,2020-10-12,0 days 15:56:34.211379,90838,274.07,274.0,200,118,-4533,714
712,FDX,2020-10-12,0 days 15:56:35.211979,90650,274.07,273.98,100,400,188,-4533
713,FDX,2020-10-12,0 days 15:56:36.211503,90838,274.07,273.98,400,400,-241,188
714,FDX,2020-10-12,0 days 15:56:37.212088,90679,274.03,273.86,300,200,159,-241
715,FDX,2020-10-12,0 days 15:56:44.211699,90438,274.01,273.86,455,100,-241,159
716,FDX,2020-10-12,0 days 15:56:45.211982,89879,273.96,273.82,579,100,559,-241
717,FDX,2020-10-12,0 days 15:56:48.211702,90438,273.95,273.8,300,100,-241,159
718,FDX,2020-10-12,0 days 15:56:49.211896,90279,273.9,273.79,300,300,163,-241
719,FDX,2020-10-12,0 days 15:57:00.212839,90838,273.96,273.85,500,100,-335,65
720,FDX,2020-10-12,0 days 15:57:01.212060,90273,273.93,273.85,300,100,569,-335
721,FDX,2020-10-12,0 days 15:57:10.212329,91042,273.91,273.83,200,200,-4832,168
722,FDX,2020-10-12,0 days 15:57:13.212666,101705,273.92,273.84,200,300,337,-1624
723,FDX,2020-10-12,0 days 15:57:14.212615,100642,273.92,273.82,100,100,-1063,337
724,FDX,2020-10-12,0 days 15:57:39.213245,106357,274.09,273.96,100,100,94,-2335
725,FDX,2020-10-12,0 days 15:57:40.213023,104851,274.06,273.99,200,200,-2906,94
726,FDX,2020-10-12,0 days 15:59:23.213102,118710,273.82,273.72,100,100,759,-726
727,FDX,2020-10-12,0 days 15:59:24.212288,116869,273.84,273.77,220,113,-1841,759
728,FDX,2020-10-12,0 days 15:59:30.217075,109801,273.79,273.71,100,821,6668,-3732
729,FDX,2020-10-12,0 days 15:59:31.214045,108569,273.9,273.71,200,418,-11632,6668
730,FDX,2020-10-12,0 days 15:59:32.213093,109730,273.75,273.57,1496,1128,8539,-11632
731,FDX,2020-10-12,0 days 15:59:33.213393,108469,273.75,273.59,1246,919,-261,8539
732,FDX,2020-10-12,0 days 15:59:35.213246,109763,273.72,273.59,1171,200,1806,-4546
733,FDX,2020-10-12,0 days 15:59:36.213106,108869,273.78,273.65,200,500,-894,1806
734,FDX,2020-10-12,0 days 15:59:46.214958,109763,273.82,273.66,300,100,3063,-794
735,FDX,2020-10-12,0 days 15:59:47.214022,109126,273.74,273.52,500,200,-637,3063
736,FDX,2020-10-12,0 days 15:59:48.215640,110740,273.54,273.45,400,100,186,-637
737,FE,2020-10-12,0 days 15:59:25.234226,1194748,31.22,31.21,1000,2100,77774,-37476
738,FE,2020-10-12,0 days 15:59:26.234222,1170004,31.25,31.24,1323,900,-25044,77774
739,FE,2020-10-12,0 days 15:59:35.234456,1197818,31.25,31.24,1600,1000,9197,-11187
740,FE,2020-10-12,0 days 15:59:36.234877,1190881,31.25,31.24,1700,1513,-6937,9197
741,FE,2020-10-12,0 days 15:59:47.235859,1197418,31.25,31.24,4254,1100,96820,-5962
742,FE,2020-10-12,0 days 15:59:48.236873,1190538,31.26,31.25,2025,1100,-20580,96820
743,FEAC,2020-10-12,0 days 15:59:05.238130,10927,13.84,13.8,700,100,-369,176
744,FEAC,2020-10-12,0 days 15:59:06.237822,10296,13.84,13.8,700,100,631,-369
745,FEAC,2020-10-12,0 days 15:59:46.237757,11311,13.83,13.76,100,100,-145,915
746,FEAC,2020-10-12,0 days 15:59:48.238714,10856,13.83,13.76,100,100,455,-145
747,FHN,2020-10-12,0 days 15:55:00.236060,1037366,10.87,10.86,13738,10971,-71774,45465
748,FHN,2020-10-12,0 days 15:55:01.234834,1031640,10.87,10.86,15340,10671,5726,-71774
749,FHN,2020-10-12,0 days 15:58:08.243001,1124995,10.89,10.88,19817,8801,-1079,22321
750,FHN,2020-10-12,0 days 15:58:11.242748,1117474,10.89,10.88,19917,8911,7521,-1079
751,FHN,2020-10-12,0 days 15:58:21.242677,1124995,10.89,10.88,9428,18029,-3479,17121
752,FHN,2020-10-12,0 days 15:58:22.243008,1112874,10.89,10.88,9209,20620,12121,-3479
753,FIS,2020-10-12,0 days 15:59:15.246451,401540,149.16,149.08,100,100,39457,-50046
754,FIS,2020-10-12,0 days 15:59:16.246331,397813,149.19,149.15,200,100,-5565,39457
755,FIS,2020-10-12,0 days 15:59:22.246311,403378,149.2,149.15,400,100,1391,-265
756,FIS,2020-10-12,0 days 15:59:23.245905,403237,149.2,149.15,300,200,-141,1391
757,FIS,2020-10-12,0 days 15:59:31.247017,403278,149.15,149.1,243,400,4353,-468
758,FIS,2020-10-12,0 days 15:59:46.247626,441634,149.22,149.19,145,150,3825,-8041
759,FIS,2020-10-12,0 days 15:59:49.247344,445803,149.21,149.13,100,400,-473,1566
760,FIT,2020-10-12,0 days 15:59:02.237743,108364,6.94,6.93,18029,46841,-169,3383
761,FIT,2020-10-12,0 days 15:59:04.238151,108533,6.94,6.93,18029,46741,12344,-169
762,FIT,2020-10-12,0 days 15:59:15.234409,120877,6.94,6.93,16899,44239,-2844,3644
763,FIT,2020-10-12,0 days 15:59:16.234400,117721,6.94,6.93,16799,44267,3156,-2844
764,FIT,2020-10-12,0 days 15:59:46.235718,120877,6.94,6.93,20234,42558,-8224,2709
765,FIT,2020-10-12,0 days 15:59:47.235247,119101,6.94,6.93,24484,43358,1776,-8224
766,FNB,2020-10-12,0 days 15:59:12.250774,149623,7.73,7.72,14129,18034,-3547,3286
767,FNB,2020-10-12,0 days 15:59:13.250709,146870,7.73,7.72,14129,17434,2753,-3547
768,FNB,2020-10-12,0 days 15:59:37.248915,150603,7.73,7.72,18498,21077,-1508,3727
769,FNB,2020-10-12,0 days 15:59:47.249530,151511,7.73,7.72,18586,27944,1163,-9937
770,FSLY,2020-10-12,0 days 15:59:15.213601,243768,126.89,126.69,197,200,31471,-91305
771,FSLY,2020-10-12,0 days 15:59:16.212687,241339,126.97,126.83,100,246,-2229,31471
772,FSLY,2020-10-12,0 days 15:59:22.212927,244368,126.85,126.63,100,500,38,-2429
773,FSLY,2020-10-12,0 days 15:59:24.212341,232672,126.85,126.4,100,500,-9196,4918
774,FSLY,2020-10-12,0 days 15:59:25.212554,240268,126.85,126.4,100,500,971,-9196
775,FSLY,2020-10-12,0 days 15:59:26.212974,238539,126.87,126.51,700,100,-1729,971
776,FSLY,2020-10-12,0 days 15:59:32.213093,240268,126.71,126.4,400,500,5471,-2214
777,FSLY,2020-10-12,0 days 15:59:33.213442,238539,126.71,126.51,400,300,-1729,5471
778,FSLY,2020-10-12,0 days 15:59:46.215013,240268,126.62,126.52,300,100,10975,-453
779,FSLY,2020-10-12,0 days 15:59:47.214067,238443,126.62,126.57,300,474,-2525,10975
780,FSM,2020-10-12,0 days 15:58:02.242067,20544,6.94,6.93,20425,25657,-5517,1763
781,FSM,2020-10-12,0 days 15:59:07.245448,24361,6.94,6.93,13955,19049,5734,-1487
782,FSM,2020-10-12,0 days 15:59:39.244478,30095,6.94,6.93,21000,27218,-4166,734
783,FSM,2020-10-12,0 days 15:59:40.245543,29561,6.94,6.93,21000,26918,534,-4166
784,FTCH,2020-10-12,0 days 15:55:08.243119,20757,26.38,26.35,300,800,149,-277
785,FTCH,2020-10-12,0 days 15:55:35.244469,21416,26.39,26.37,489,400,-154,46
786,FTCH,2020-10-12,0 days 15:55:39.245691,21570,26.39,26.38,210,773,34,-154
787,FTCH,2020-10-12,0 days 15:55:40.244925,21504,26.39,26.38,210,673,-66,34
788,FTCH,2020-10-12,0 days 15:56:04.245413,22081,26.42,26.4,200,519,162,-138
789,FTCH,2020-10-12,0 days 15:58:06.249730,24641,26.41,26.4,100,300,96,-57
790,FTCH,2020-10-12,0 days 15:58:07.250269,24111,26.41,26.4,100,300,-130,96
791,FTCH,2020-10-12,0 days 15:58:26.249803,24241,26.41,26.38,100,3900,956,-206
792,FTCH,2020-10-12,0 days 15:58:27.250086,23797,26.4,26.38,400,1834,-244,956
793,FTCH,2020-10-12,0 days 15:58:34.249913,24241,26.41,26.4,200,100,256,-444
794,FTCH,2020-10-12,0 days 15:58:35.250095,24197,26.43,26.41,379,286,-44,256
795,FTCH,2020-10-12,0 days 15:58:49.250481,23952,26.42,26.39,479,800,-289,11
796,FTCH,2020-10-12,0 days 15:59:00.254608,25103,26.44,26.41,100,200,110,-851
797,FTCH,2020-10-12,0 days 15:59:01.251355,24579,26.44,26.42,479,100,-224,110
798,FTCH,2020-10-12,0 days 15:59:11.250364,24735,26.42,26.4,524,200,344,-256
799,FTCH,2020-10-12,0 days 15:59:12.250805,24579,26.42,26.4,624,300,-156,344
800,FTCH,2020-10-12,0 days 15:59:17.248551,24735,26.43,26.4,300,200,22,-218
801,FTCH,2020-10-12,0 days 15:59:18.248034,24657,26.43,26.41,100,300,-78,22
802,FTCH,2020-10-12,0 days 15:59:48.250469,34719,26.41,26.39,500,100,-415,385
803,FTI,2020-10-12,0 days 15:59:46.482431,301349,7.08,7.07,29024,36034,15287,-6691
804,FTI,2020-10-12,0 days 15:59:47.482432,298728,7.08,7.07,27036,45334,-2621,15287
805,FTV,2020-10-12,0 days 15:59:07.488541,468954,67.79,67.76,300,300,-1173,59834
806,FTV,2020-10-12,0 days 15:59:16.481680,457154,67.82,67.79,200,1691,11800,-100938
807,FTV,2020-10-12,0 days 15:59:21.482602,483454,67.84,67.83,100,46760,-36707,26765
808,FTV,2020-10-12,0 days 15:59:45.482787,522323,67.78,67.72,1400,400,5124,-7665
809,FTV,2020-10-12,0 days 15:59:46.482577,527447,67.78,67.73,200,100,-13976,5124
810,FTV,2020-10-12,0 days 15:59:49.482697,524943,67.74,67.72,200,200,2504,-14036
811,FUBO,2020-10-12,0 days 15:59:01.244845,600,9.9,9.89,100,150,7,-193
812,FUBO,2020-10-12,0 days 15:59:02.245551,507,9.9,9.89,100,305,-93,7
813,FUBO,2020-10-12,0 days 15:59:36.244771,600,9.92,9.87,930,200,7,-193
814,FUBO,2020-10-12,0 days 15:59:37.244524,507,9.92,9.87,925,200,-93,7
815,GE,2020-10-12,0 days 15:59:05.238072,4336590,6.82,6.81,472052,89562,-27335,192899
816,GEO,2020-10-12,0 days 15:57:17.234622,61438,11.17,11.16,2512,1804,-56,1244
817,GEO,2020-10-12,0 days 15:57:18.234694,60894,11.17,11.16,2612,1620,544,-56
818,GEO,2020-10-12,0 days 15:58:02.236566,56198,11.16,11.15,1011,3130,-2096,744
819,GEO,2020-10-12,0 days 15:58:06.236735,60126,11.16,11.15,1841,967,403,-1928
820,GEO,2020-10-12,0 days 15:58:56.237880,60229,11.17,11.16,1100,2814,-664,199
821,GFI,2020-10-12,0 days 15:55:00.236944,64023,12.87,12.86,8407,15832,-884,7059
822,GFI,2020-10-12,0 days 15:55:38.238903,64407,12.89,12.88,3639,32905,79,-384
823,GFI,2020-10-12,0 days 15:56:32.238741,65264,12.89,12.88,7283,21484,-1343,857
824,GFI,2020-10-12,0 days 15:56:56.239116,66607,12.89,12.88,16932,8137,557,-1343
825,GIS,2020-10-12,0 days 15:59:44.247418,394881,62.33,62.32,100,870,749,-3351
826,GLW,2020-10-12,0 days 15:59:05.239027,475631,34.72,34.71,6300,1858,-6951,1192
827,GLW,2020-10-12,0 days 15:59:10.239137,474082,34.69,34.68,2904,1618,4949,-7351
828,GLW,2020-10-12,0 days 15:59:15.235354,480931,34.69,34.68,6602,800,-149990,1077
829,GLW,2020-10-12,0 days 15:59:35.234495,621344,34.65,34.64,4931,2550,16128,-330
830,GLW,2020-10-12,0 days 15:59:36.234924,616172,34.65,34.64,5571,2758,-5172,16128
831,GLW,2020-10-12,0 days 15:59:45.235427,622294,34.65,34.63,11324,4600,18597,-202
832,GLW,2020-10-12,0 days 15:59:49.236235,647016,34.64,34.63,10725,328,1669,-4746
833,GLW,2020-10-12,0 days 15:59:50.239411,642585,34.64,34.63,10046,228,-4431,1669
834,GM,2020-10-12,0 days 15:56:34.238687,430059,32.22,32.21,3020,6400,5288,-6012
835,GM,2020-10-12,0 days 15:56:35.238690,425947,32.23,32.22,9351,1824,-4112,5288
836,GM,2020-10-12,0 days 15:56:52.239013,429429,32.2,32.19,5836,5600,1385,-2715
837,GM,2020-10-12,0 days 15:56:53.238830,425814,32.21,32.2,7453,5382,-3615,1385
838,GM,2020-10-12,0 days 15:58:50.244254,447407,32.22,32.21,10197,310,-5231,1239
839,GM,2020-10-12,0 days 15:59:12.245548,471154,32.21,32.2,700,6310,2280,-5149
840,GM,2020-10-12,0 days 15:59:13.245022,466134,32.22,32.21,7166,3091,-4390,2280
841,GM,2020-10-12,0 days 15:59:15.244801,471154,32.22,32.21,10269,200,29046,-4390
842,GM,2020-10-12,0 days 15:59:16.244194,467823,32.22,32.21,7466,2000,-2701,29046
843,GM,2020-10-12,0 days 15:59:28.243474,471519,32.21,32.2,3710,5300,266,-2666
844,GM,2020-10-12,0 days 15:59:36.244614,471585,32.21,32.2,11710,1500,-2255,296
845,GNW,2020-10-12,0 days 15:59:06.489041,157372,3.64,3.63,16225,20982,-4313,521
846,GNW,2020-10-12,0 days 15:59:07.488567,157285,3.64,3.63,16225,20382,87,-4313
847,GNW,2020-10-12,0 days 15:59:16.481692,157372,3.64,3.63,17765,19823,-1813,87
848,GNW,2020-10-12,0 days 15:59:17.481866,155985,3.64,3.63,17765,19823,1387,-1813
849,GNW,2020-10-12,0 days 15:59:24.482440,157372,3.64,3.63,20265,21023,-4774,1387
850,GNW,2020-10-12,0 days 15:59:25.482633,147846,3.64,3.63,20265,20823,9526,-4774
851,GNW,2020-10-12,0 days 15:59:36.481266,157372,3.64,3.63,38140,27652,-7774,9526
852,GNW,2020-10-12,0 days 15:59:37.481265,156746,3.64,3.63,38140,18627,626,-7774
853,GNW,2020-10-12,0 days 15:59:46.482606,157960,3.64,3.63,22707,18008,-4186,214
854,GNW,2020-10-12,0 days 15:59:47.482541,157546,3.64,3.63,39665,17783,414,-4186
855,GOL,2020-10-12,0 days 15:58:47.250532,8710,7.14,7.13,13635,1600,815,-641
856,GOL,2020-10-12,0 days 15:59:02.251332,9525,7.14,7.13,12915,3496,-159,815
857,GOL,2020-10-12,0 days 15:59:36.248826,10280,7.14,7.13,14026,3111,408,-592
858,GOL,2020-10-12,0 days 15:59:37.248958,10188,7.14,7.13,14026,3111,-92,408
859,GOLD,2020-10-12,0 days 15:55:00.478244,93560,28.04,28.03,9144,10987,-84816,55723
860,GOLD,2020-10-12,0 days 15:55:01.477821,88476,28.03,28.02,14488,7212,5084,-84816
861,GOLD,2020-10-12,0 days 15:59:45.482829,98766,28.04,28.03,12601,16388,-5344,2820
862,GOLD,2020-10-12,0 days 15:59:46.482616,97110,28.04,28.03,7001,16799,1719,-5344
863,GPS,2020-10-12,0 days 15:55:04.229248,251603,19.26,19.25,3893,9866,-308,7158
864,GPS,2020-10-12,0 days 15:55:09.230787,245592,19.27,19.26,1038,8955,5411,-689
865,GPS,2020-10-12,0 days 15:55:39.231930,251803,19.26,19.25,5923,3900,-6191,2635
866,GPS,2020-10-12,0 days 15:55:40.231587,247183,19.26,19.25,5723,3500,4620,-6191
867,GPS,2020-10-12,0 days 15:57:12.233840,261912,19.25,19.24,2710,4466,-16896,2704
868,GPS,2020-10-12,0 days 15:57:13.234280,257109,19.25,19.24,710,7585,4803,-16896
869,GPS,2020-10-12,0 days 15:57:25.234998,261912,19.26,19.25,3455,6421,-1251,3703
870,GPS,2020-10-12,0 days 15:57:27.233895,259754,19.26,19.25,3155,6769,2158,-542
871,GPS,2020-10-12,0 days 15:57:33.234270,260336,19.27,19.26,2552,6153,1576,-1024
872,GPS,2020-10-12,0 days 15:59:04.238133,248048,19.28,19.27,9272,4091,-2403,1109
873,GPS,2020-10-12,0 days 15:59:05.238075,247819,19.28,19.27,7672,4291,229,-2403
874,GPS,2020-10-12,0 days 15:59:06.238312,248648,19.28,19.27,6872,4591,-2061,229
875,GPS,2020-10-12,0 days 15:59:36.234557,264977,19.28,19.27,9323,1635,1917,-12455
876,GS,2020-10-12,0 days 15:55:00.235820,182234,214.2,214.14,200,100,1664,-36645
877,GS,2020-10-12,0 days 15:55:01.234702,178098,214.2,214.14,100,100,-4006,1664
878,GS,2020-10-12,0 days 15:57:47.242523,191414,214.29,214.25,100,100,1606,-686
879,GS,2020-10-12,0 days 15:57:48.242402,188120,214.33,214.25,100,400,-6831,1606
880,GS,2020-10-12,0 days 15:58:04.242000,191870,214.32,214.19,466,200,3302,-3055
881,GS,2020-10-12,0 days 15:58:05.241832,188572,214.24,214.17,100,400,-3298,3302
882,GS,2020-10-12,0 days 15:59:25.243705,199417,214.31,214.23,300,600,2596,-1484
883,GS,2020-10-12,0 days 15:59:26.243197,197113,214.34,214.23,100,900,-6284,2596
884,GS,2020-10-12,0 days 15:59:38.244820,198893,214.29,214.16,1362,200,4252,-3017
885,GS,2020-10-12,0 days 15:59:39.244244,197545,214.28,214.19,200,100,-104,4252
886,GS,2020-10-12,0 days 15:59:43.244647,197649,214.25,214.19,700,600,96,-104
887,GS,2020-10-12,0 days 15:59:47.244973,196590,214.21,214.15,300,400,-886,5084
888,GSK,2020-10-12,0 days 15:59:06.489139,27077,37.57,37.56,2336,10121,-337,1974
889,GSX,2020-10-12,0 days 15:55:40.246483,23861,114.99,114.85,1600,100,-47,174
890,GSX,2020-10-12,0 days 15:55:41.246775,23708,114.94,114.84,100,100,153,-47
891,GSX,2020-10-12,0 days 15:56:03.245578,23862,114.88,114.79,200,200,-18,82
892,GSX,2020-10-12,0 days 15:56:04.246244,23780,114.88,114.79,200,200,82,-18
893,GSX,2020-10-12,0 days 15:57:35.243992,26394,114.79,114.71,554,400,-145,255
894,GSX,2020-10-12,0 days 15:57:36.243476,26039,114.79,114.71,654,100,355,-145
895,GSX,2020-10-12,0 days 15:58:03.245571,31294,114.85,114.7,100,200,-170,530
896,GSX,2020-10-12,0 days 15:58:18.246036,31398,114.8,114.58,233,400,296,-104
897,GSX,2020-10-12,0 days 15:58:30.246910,31294,114.8,114.72,200,100,-104,96
898,GSX,2020-10-12,0 days 15:58:31.246987,31398,114.8,114.58,330,400,96,-104
899,GSX,2020-10-12,0 days 15:58:32.246590,31294,114.79,114.72,300,100,-104,96
900,GSX,2020-10-12,0 days 15:58:36.247108,31398,114.79,114.72,300,100,296,-104
901,GSX,2020-10-12,0 days 15:58:37.246687,31394,114.75,114.58,306,400,-4,296
902,GSX,2020-10-12,0 days 15:58:38.245818,31398,114.75,114.72,306,103,96,-4
903,GSX,2020-10-12,0 days 15:58:42.246107,31294,114.85,114.72,1000,105,-104,96
904,GSX,2020-10-12,0 days 15:58:54.247290,34598,114.89,114.8,300,100,996,-204
905,GSX,2020-10-12,0 days 15:59:43.246246,35902,114.92,114.84,100,100,-31,469
906,GSX,2020-10-12,0 days 15:59:48.247616,35653,114.93,114.83,100,400,249,-1251
907,GSX,2020-10-12,0 days 15:59:55.248593,35502,115.0,114.87,192,100,-26,622
908,GSX,2020-10-12,0 days 15:59:57.246556,35180,114.99,114.9,130,200,622,-26
909,HAL,2020-10-12,0 days 15:55:00.243568,579982,12.73,12.72,11700,25863,6677,-50520
910,HAL,2020-10-12,0 days 15:57:07.247701,605806,12.74,12.73,5500,42427,-3505,5295
911,HAL,2020-10-12,0 days 15:57:08.248271,601311,12.74,12.73,3700,37733,4495,-3505
912,HAL,2020-10-12,0 days 15:57:34.247593,607244,12.75,12.74,13310,28040,-3339,2661
913,HAL,2020-10-12,0 days 15:57:35.247569,603783,12.75,12.74,12210,27940,3461,-3339
914,HAL,2020-10-12,0 days 15:57:38.247811,607244,12.75,12.74,13787,29040,-3539,3461
915,HAL,2020-10-12,0 days 15:57:39.247860,604783,12.75,12.74,14087,28946,2461,-3539
916,HAL,2020-10-12,0 days 15:57:45.247345,585583,12.74,12.73,18310,32619,21661,-139
917,HAL,2020-10-12,0 days 15:58:06.248390,606082,12.74,12.73,19546,30853,-15530,2178
918,HAL,2020-10-12,0 days 15:58:07.249258,600512,12.74,12.73,33060,21591,5570,-15530
919,HAL,2020-10-12,0 days 15:59:05.252282,608348,12.73,12.72,10420,35582,-75098,2809
920,HBI,2020-10-12,0 days 15:55:00.237139,112785,17.26,17.25,8056,5505,-33494,18267
921,HBI,2020-10-12,0 days 15:55:01.235066,110179,17.26,17.25,7163,8105,2606,-33494
922,HBI,2020-10-12,0 days 15:57:12.240474,135930,17.26,17.25,4400,6385,-3111,3008
923,HBI,2020-10-12,0 days 15:57:13.240946,133541,17.26,17.25,4400,7115,2389,-3111
924,HBI,2020-10-12,0 days 15:58:01.242128,127829,17.26,17.25,6000,5200,-3312,1556
925,HBI,2020-10-12,0 days 15:58:04.242537,124241,17.26,17.25,8743,4100,966,-2734
926,HBI,2020-10-12,0 days 15:58:05.242032,125207,17.26,17.25,9443,3900,-5979,966
927,HBI,2020-10-12,0 days 15:58:21.242750,147686,17.26,17.25,6418,6994,3321,-579
928,HBI,2020-10-12,0 days 15:59:06.245348,156224,17.26,17.25,5386,7864,-6707,2083
929,HBI,2020-10-12,0 days 15:59:07.245439,154531,17.26,17.25,5886,7664,1693,-6707
930,HBI,2020-10-12,0 days 15:59:45.245712,174093,17.26,17.25,4377,12359,-1063,4403
931,HCA,2020-10-12,0 days 15:57:02.212878,152350,130.36,130.29,514,253,100,-205
932,HCA,2020-10-12,0 days 15:57:05.212104,149306,130.36,130.31,514,300,-3044,100
933,HCA,2020-10-12,0 days 15:59:12.217641,167183,130.31,130.27,200,100,35,-1881
934,HCA,2020-10-12,0 days 15:59:15.213765,164118,130.3,130.26,200,100,-3065,2235
935,HD,2020-10-12,0 days 15:59:21.482528,413589,286.76,286.67,259,100,21142,-44674
936,HD,2020-10-12,0 days 15:59:22.481866,412631,286.78,286.72,100,100,-958,21142
937,HD,2020-10-12,0 days 15:59:28.481956,420358,286.86,286.72,200,100,6597,-747
938,HD,2020-10-12,0 days 15:59:29.481841,420155,286.86,286.8,100,400,-203,6597
939,HD,2020-10-12,0 days 15:59:31.481606,420358,286.88,286.8,200,700,1597,-2170
940,HD,2020-10-12,0 days 15:59:32.481419,420155,286.88,286.8,355,900,-2170,1597
941,HD,2020-10-12,0 days 15:59:35.482469,429475,286.94,286.86,100,520,390,-1810
942,HD,2020-10-12,0 days 15:59:57.480845,442253,287.14,286.94,100,100,6469,-4680
943,HIG,2020-10-12,0 days 15:55:00.210529,142060,39.03,39.02,1013,400,1550,-6666
944,HIG,2020-10-12,0 days 15:55:12.209034,144919,39.04,39.03,900,936,-141,350
945,HIG,2020-10-12,0 days 15:55:13.209085,144560,39.04,39.03,798,1126,359,-141
946,HIG,2020-10-12,0 days 15:55:42.210733,151083,39.05,39.04,902,976,-1333,64
947,HIG,2020-10-12,0 days 15:56:26.211826,153603,39.04,39.03,1681,500,237,-1161
948,HIG,2020-10-12,0 days 15:56:27.211981,153140,39.04,39.03,881,1006,-463,237
949,HIG,2020-10-12,0 days 15:57:00.212941,159395,39.02,39.01,408,1996,784,-416
950,HIG,2020-10-12,0 days 15:57:01.212151,158379,39.03,39.02,500,1808,-1016,784
951,HIG,2020-10-12,0 days 15:57:34.213120,159495,39.04,39.03,632,1693,1185,-315
952,HIG,2020-10-12,0 days 15:57:35.213054,158880,39.04,39.03,800,2594,-615,1185
953,HIG,2020-10-12,0 days 15:58:12.214570,160350,39.02,39.01,1225,403,495,-905
954,HIG,2020-10-12,0 days 15:58:13.214704,159845,39.02,39.01,1025,803,-505,495
955,HIG,2020-10-12,0 days 15:58:20.215497,160350,39.02,39.01,1025,413,1395,-905
956,HIG,2020-10-12,0 days 15:58:21.215392,158545,39.02,39.01,925,513,-1805,1395
957,HIG,2020-10-12,0 days 15:58:23.215758,160350,39.02,39.01,625,613,895,-505
958,HIG,2020-10-12,0 days 15:58:24.214894,159845,39.02,39.01,625,613,-505,895
959,HIG,2020-10-12,0 days 15:58:36.215365,160350,39.03,39.02,610,833,395,-1505
960,HIG,2020-10-12,0 days 15:58:37.215464,159945,39.03,39.02,410,1029,-405,395
961,HIG,2020-10-12,0 days 15:59:08.217090,175129,38.99,38.98,300,843,3028,-872
962,HIG,2020-10-12,0 days 15:59:09.217316,171057,39.01,39.0,500,500,-4072,3028
963,HIG,2020-10-12,0 days 15:59:12.217641,175329,39.03,39.02,400,214,2927,-546
964,HIG,2020-10-12,0 days 15:59:36.213250,175329,39.01,38.99,700,800,6734,-16
965,HL,2020-10-12,0 days 15:56:01.231727,265695,5.54,5.53,25559,61624,-19539,3861
966,HL,2020-10-12,0 days 15:56:02.231751,259634,5.54,5.53,26859,64324,6061,-19539
967,HL,2020-10-12,0 days 15:58:00.237109,252715,5.54,5.53,26740,68722,-11019,1961
968,HL,2020-10-12,0 days 15:58:01.235493,247234,5.54,5.53,46326,73822,5481,-11019
969,HMY,2020-10-12,0 days 15:59:36.213036,57937,5.84,5.83,19835,85820,-6392,10208
970,HOME,2020-10-12,0 days 15:59:16.246496,62700,19.91,19.9,407,201,10270,-727
971,HOME,2020-10-12,0 days 15:59:17.246023,61970,19.91,19.9,200,938,-330,10270
972,HON,2020-10-12,0 days 15:59:22.246311,355157,175.28,175.22,148,700,33667,-23334
973,HPE,2020-10-12,0 days 15:59:45.235271,951878,9.92,9.91,16959,33105,-13515,8267
974,HPE,2020-10-12,0 days 15:59:48.236057,938493,9.92,9.91,20430,24043,13585,-13315
975,HPQ,2020-10-12,0 days 15:55:00.477683,566970,19.83,19.82,12996,11721,22542,-39065
976,HPQ,2020-10-12,0 days 15:57:03.482933,622796,19.83,19.82,12336,15278,-2296,6504
977,HPQ,2020-10-12,0 days 15:57:04.484164,620008,19.83,19.82,7836,14253,2788,-2296
978,HPQ,2020-10-12,0 days 15:57:12.483241,622796,19.83,19.82,8681,14211,-628,2788
979,HPQ,2020-10-12,0 days 15:57:35.484399,621302,19.84,19.83,12544,11590,1494,-9306
980,HPQ,2020-10-12,0 days 15:57:36.484253,622796,19.84,19.83,12544,11534,-2806,1494
981,HPQ,2020-10-12,0 days 15:57:38.484114,615902,19.84,19.83,12544,11534,6894,-3206
982,HPQ,2020-10-12,0 days 15:57:44.484987,622796,19.84,19.83,12111,10919,-306,1794
983,HPQ,2020-10-12,0 days 15:59:01.489260,647047,19.84,19.83,3917,19611,1615,-1025
984,HPQ,2020-10-12,0 days 15:59:02.488555,645862,19.84,19.83,5417,19611,-1004,1615
985,HRB,2020-10-12,0 days 15:55:37.231688,153309,17.69,17.68,5387,1846,3022,-872
986,HRB,2020-10-12,0 days 15:55:38.232669,152531,17.69,17.68,4965,1947,-778,3022
987,HRB,2020-10-12,0 days 15:55:58.231228,154509,17.68,17.67,6648,2702,2032,-268
988,HRB,2020-10-12,0 days 15:55:59.231460,153741,17.68,17.67,5655,3120,-768,2032
989,HRB,2020-10-12,0 days 15:56:13.231586,155427,17.68,17.67,3291,4834,14,-1686
990,HRB,2020-10-12,0 days 15:56:14.231654,154641,17.68,17.67,2791,4963,-786,14
991,HRB,2020-10-12,0 days 15:56:52.232597,155599,17.68,17.67,2849,2101,342,-958
992,HRB,2020-10-12,0 days 15:56:53.232544,154941,17.68,17.67,2349,2401,-658,342
993,HRB,2020-10-12,0 days 15:57:18.233818,155599,17.69,17.68,2204,5989,1742,-558
994,HRB,2020-10-12,0 days 15:57:19.233763,154941,17.69,17.68,3104,5728,-658,1742
995,HRB,2020-10-12,0 days 15:57:42.234617,177022,17.69,17.68,1331,6224,1219,-3658
996,HRB,2020-10-12,0 days 15:57:43.234434,174241,17.69,17.68,1531,6725,-2781,1219
997,HRB,2020-10-12,0 days 15:59:08.237816,180110,17.67,17.66,924,5334,3791,-3756
998,HSBC,2020-10-12,0 days 15:58:58.238260,25399,20.24,20.23,11051,22577,683,-217
999,HSBC,2020-10-12,0 days 15:59:36.234877,27032,20.24,20.23,10107,32323,-1267,1633
1000,HSBC,2020-10-12,0 days 15:59:37.234788,26899,20.24,20.23,10100,32423,133,-1267
1001,HSBC,2020-10-12,0 days 15:59:46.236044,27032,20.25,20.24,6030,39966,-367,133
1002,HSBC,2020-10-12,0 days 15:59:47.235859,26899,20.25,20.24,6030,39966,133,-367
1003,HST,2020-10-12,0 days 15:59:15.245025,4558643,11.48,11.47,7326,25177,201766,-107594
1004,HYLN,2020-10-12,0 days 15:55:00.229406,4405,28.61,28.6,300,202,634,-507
1005,HYLN,2020-10-12,0 days 15:59:00.239179,5839,28.74,28.66,2400,300,-12,234
1006,IAG,2020-10-12,0 days 15:55:02.240639,24920,4.17,4.16,65915,17384,-6734,702
1007,IAG,2020-10-12,0 days 15:59:36.247511,32688,4.17,4.16,27036,135520,844,-2256
1008,IBM,2020-10-12,0 days 15:55:00.229428,505747,127.12,127.08,200,400,23678,-49865
1009,IBM,2020-10-12,0 days 15:57:42.233400,565619,127.19,127.17,301,250,-3783,817
1010,IBM,2020-10-12,0 days 15:57:43.233671,562102,127.18,127.17,100,410,3517,-3783
1011,IBM,2020-10-12,0 days 15:57:45.233847,565719,127.19,127.17,200,510,-1283,3517
1012,IBM,2020-10-12,0 days 15:57:46.234648,562202,127.15,127.13,100,1184,3517,-1283
1013,IBM,2020-10-12,0 days 15:58:01.235603,555567,127.18,127.16,600,540,-9530,1222
1014,IBM,2020-10-12,0 days 15:58:04.235223,548545,127.16,127.15,200,1752,-859,6163
1015,IBM,2020-10-12,0 days 15:58:06.235443,546604,127.13,127.12,100,315,1999,-101
1016,IBM,2020-10-12,0 days 15:58:34.236313,546504,127.19,127.18,100,300,1834,-5066
1017,IBM,2020-10-12,0 days 15:59:00.238816,554450,127.17,127.13,672,306,-85,2501
1018,IBM,2020-10-12,0 days 15:59:03.236491,554557,127.16,127.14,100,100,230,-85
1019,IBM,2020-10-12,0 days 15:59:06.237305,569662,127.19,127.15,100,200,-5101,2794
1020,IBM,2020-10-12,0 days 15:59:08.237574,562063,127.19,127.15,100,400,1713,-4287
1021,IBM,2020-10-12,0 days 15:59:28.233716,570885,127.17,127.15,202,1510,-2679,2398
1022,IBM,2020-10-12,0 days 15:59:29.233771,568764,127.17,127.15,506,1110,2121,-2679
1023,IBM,2020-10-12,0 days 15:59:34.233920,570885,127.18,127.16,347,358,-10227,2321
1024,IBM,2020-10-12,0 days 15:59:35.233958,569412,127.16,127.11,200,195,1473,-10227
1025,IBM,2020-10-12,0 days 15:59:45.234425,567869,127.18,127.16,200,231,880,-1463
1026,IBM,2020-10-12,0 days 15:59:49.235147,585274,127.17,127.13,388,600,-55,1611
1027,IBM,2020-10-12,0 days 15:59:50.237823,578929,127.17,127.16,188,100,359,-55
1028,IBN,2020-10-12,0 days 15:59:01.237492,102568,11.05,11.04,139916,17111,-19844,31456
1029,IBN,2020-10-12,0 days 15:59:18.235720,106831,11.05,11.04,141621,8476,-12851,5583
1030,IBN,2020-10-12,0 days 15:59:19.235584,91282,11.05,11.04,131121,8476,11349,-12851
1031,IBN,2020-10-12,0 days 15:59:36.236326,107530,11.04,11.03,26706,87317,-5452,12048
1032,INFY,2020-10-12,0 days 15:55:04.477698,134963,15.58,15.57,45108,40500,646,-3014
1033,INFY,2020-10-12,0 days 15:55:32.481147,135609,15.58,15.57,37358,51983,-454,646
1034,INFY,2020-10-12,0 days 15:59:01.489086,191009,15.58,15.57,56615,37927,15301,-1899
1035,INFY,2020-10-12,0 days 15:59:02.488401,188010,15.58,15.57,58015,38627,-2999,15301
1036,INFY,2020-10-12,0 days 15:59:04.489302,191009,15.58,15.57,58002,44427,6080,-94
1037,INFY,2020-10-12,0 days 15:59:05.489677,188689,15.58,15.57,58102,44427,-2132,6080
1038,INFY,2020-10-12,0 days 15:59:24.482300,205890,15.58,15.57,53816,42035,390,-2069
1039,INFY,2020-10-12,0 days 15:59:40.481452,204780,15.57,15.56,78499,44961,-310,390
1040,INFY,2020-10-12,0 days 15:59:45.482664,205090,15.57,15.56,72349,42294,690,-310
1041,ING,2020-10-12,0 days 15:59:36.213144,28513,7.81,7.8,106702,132134,-12091,14309
1042,ING,2020-10-12,0 days 15:59:37.212902,27704,7.81,7.8,107602,130884,809,-12091
1043,ING,2020-10-12,0 days 15:59:45.215049,28513,7.81,7.8,143923,122189,-191,3509
1044,ING,2020-10-12,0 days 15:59:48.215716,27804,7.81,7.8,144023,124889,709,-191
1045,INVH,2020-10-12,0 days 15:59:25.243810,1410477,29.67,29.66,2984,2380,43528,-8813
1046,INVH,2020-10-12,0 days 15:59:26.243808,1406205,29.69,29.68,2494,600,-4272,43528
1047,INVH,2020-10-12,0 days 15:59:34.244428,1411320,29.7,29.69,4688,1200,50732,-3485
1048,INVH,2020-10-12,0 days 15:59:35.244201,1410852,29.69,29.68,1190,2200,-468,50732
1049,INVH,2020-10-12,0 days 15:59:38.244963,1411020,29.7,29.69,1976,3164,-300,8600
1050,INVH,2020-10-12,0 days 15:59:40.245371,1411320,29.7,29.69,3203,1400,1500,-300
1051,INVH,2020-10-12,0 days 15:59:41.246016,1411120,29.7,29.69,3923,100,-200,1500
1052,INVH,2020-10-12,0 days 15:59:46.245620,1412520,29.68,29.67,3864,1176,-310,336
1053,INVH,2020-10-12,0 days 15:59:47.245128,1413418,29.68,29.67,3258,1491,40835,-310
1054,IP,2020-10-12,0 days 15:55:00.477292,291411,44.42,44.41,540,400,2693,-9425
1055,IP,2020-10-12,0 days 15:55:06.479273,293918,44.46,44.44,1500,1500,186,-114
1056,IP,2020-10-12,0 days 15:55:08.478785,294104,44.44,44.43,168,600,-601,186
1057,IP,2020-10-12,0 days 15:55:09.478477,293405,44.44,44.43,168,900,699,-601
1058,IP,2020-10-12,0 days 15:55:12.478867,294133,44.45,44.44,388,1456,-599,699
1059,IP,2020-10-12,0 days 15:55:39.481174,297333,44.45,44.44,500,563,-1051,795
1060,IP,2020-10-12,0 days 15:55:40.480906,297184,44.45,44.44,1068,463,308,-1051
1061,IP,2020-10-12,0 days 15:56:12.481862,299814,44.45,44.44,1022,1678,-583,297
1062,IP,2020-10-12,0 days 15:56:13.481807,299497,44.45,44.44,1022,1578,317,-583
1063,IP,2020-10-12,0 days 15:56:34.481880,299814,44.46,44.45,100,2064,-283,317
1064,IP,2020-10-12,0 days 15:57:04.483959,300637,44.43,44.42,557,645,-153,647
1065,IP,2020-10-12,0 days 15:57:17.484088,309897,44.43,44.42,1721,1221,740,-953
1066,IP,2020-10-12,0 days 15:57:33.483960,309797,44.45,44.43,1045,1401,840,-160
1067,IP,2020-10-12,0 days 15:57:55.484066,310637,44.44,44.43,1000,477,-60,840
1068,IP,2020-10-12,0 days 15:58:10.485246,309128,44.41,44.4,100,900,-1969,1631
1069,IP,2020-10-12,0 days 15:58:11.485028,307597,44.41,44.4,424,1383,1531,-1969
1070,IP,2020-10-12,0 days 15:58:14.485665,309128,44.42,44.41,100,1000,-1269,1531
1071,IP,2020-10-12,0 days 15:58:15.485407,307597,44.42,44.41,619,300,1531,-1269
1072,IP,2020-10-12,0 days 15:58:23.485671,309128,44.42,44.41,656,500,-936,1531
1073,IP,2020-10-12,0 days 15:58:24.485920,307564,44.42,44.41,656,400,1564,-936
1074,IP,2020-10-12,0 days 15:58:27.486765,309128,44.42,44.41,632,1210,-436,1564
1075,IP,2020-10-12,0 days 15:58:28.487061,308264,44.43,44.41,529,2010,864,-436
1076,IP,2020-10-12,0 days 15:59:16.481452,369204,44.46,44.45,1100,644,-1906,3594
1077,IP,2020-10-12,0 days 15:59:17.481274,364610,44.46,44.45,500,347,4594,-1906
1078,IP,2020-10-12,0 days 15:59:34.480786,365197,44.47,44.46,1423,667,4007,-3193
1079,IP,2020-10-12,0 days 15:59:41.482068,369203,44.47,44.46,500,766,-2408,46705
1080,IP,2020-10-12,0 days 15:59:50.483530,336323,44.46,44.45,1014,300,35443,-37751
1081,IPG,2020-10-12,0 days 15:55:00.210177,248253,18.55,18.54,8833,6594,8155,-6054
1082,IPG,2020-10-12,0 days 15:55:38.211682,257008,18.55,18.54,6527,4824,-5999,2001
1083,IPG,2020-10-12,0 days 15:55:39.212100,247607,18.55,18.54,6827,3664,9401,-5999
1084,IPG,2020-10-12,0 days 15:59:06.216630,263549,18.56,18.55,8953,3201,-3973,9592
1085,IPG,2020-10-12,0 days 15:59:07.217128,258222,18.56,18.55,9069,3297,5327,-3973
1086,IPG,2020-10-12,0 days 15:59:13.217171,264149,18.56,18.54,13223,6200,-5093,5927
1087,IPG,2020-10-12,0 days 15:59:14.216877,260242,18.56,18.55,12423,353,3907,-5093
1088,IPG,2020-10-12,0 days 15:59:48.215854,262387,18.56,18.55,8456,8091,1862,-1687
1089,IPOB,2020-10-12,0 days 15:55:00.229992,9345,23.23,23.21,100,104,-1886,8743
1090,IPOB,2020-10-12,0 days 15:55:01.228163,8531,23.24,23.21,300,104,814,-1886
1091,IPOB,2020-10-12,0 days 15:59:46.237704,9326,23.04,22.9,300,578,-773,127
1092,IPOB,2020-10-12,0 days 15:59:47.238320,8999,23.25,23.05,100,100,327,-773
1093,IPOC,2020-10-12,0 days 15:55:43.245204,15355,10.69,10.68,1000,1700,514,-5986
1094,IPOC,2020-10-12,0 days 15:59:25.249371,15869,10.7,10.69,1509,1284,-11,614
1095,IRM,2020-10-12,0 days 15:59:24.243640,354590,28.35,28.34,2199,1936,1055,-145
1096,IRM,2020-10-12,0 days 15:59:28.243577,355645,28.36,28.35,3640,338,-1805,1055
1097,IRM,2020-10-12,0 days 15:59:35.244242,361550,28.36,28.35,3053,1879,6587,-5905
1098,IRM,2020-10-12,0 days 15:59:47.245204,363795,28.36,28.35,2107,1773,-6628,7268
1099,IRM,2020-10-12,0 days 15:59:48.247444,370423,28.36,28.35,3707,900,11334,-6628
1100,IRM,2020-10-12,0 days 15:59:57.248203,372873,28.36,28.35,683,700,8846,-2516
1101,ITUB,2020-10-12,0 days 15:59:06.237800,280893,4.35,4.34,382308,331936,35607,-12140
1102,ITUB,2020-10-12,0 days 15:59:07.238204,152000,4.35,4.34,382208,337836,-128893,35607
1103,ITUB,2020-10-12,0 days 15:59:36.236412,280893,4.35,4.34,278056,385103,99119,-116381
1104,ITUB,2020-10-12,0 days 15:59:37.236415,275012,4.35,4.34,243893,389503,-5881,99119
1105,IVR,2020-10-12,0 days 15:55:00.209339,45425,2.83,2.82,42497,56073,-2987,5670
1106,IVR,2020-10-12,0 days 15:59:07.216915,49825,2.83,2.82,58833,54505,446,-3015
1107,IVR,2020-10-12,0 days 15:59:38.213019,50271,2.83,2.82,73537,53654,-2954,446
1108,IVZ,2020-10-12,0 days 15:55:05.229108,201856,13.42,13.41,12420,15327,2192,-1122
1109,IVZ,2020-10-12,0 days 15:55:06.228834,200303,13.42,13.41,9420,19134,-1553,2192
1110,IVZ,2020-10-12,0 days 15:55:26.229724,202505,13.42,13.41,15200,11347,1485,-2105
1111,IVZ,2020-10-12,0 days 15:55:27.230924,201709,13.42,13.41,11000,13347,-1396,1485
1112,IVZ,2020-10-12,0 days 15:55:58.230318,208743,13.41,13.4,7180,13003,6362,-10038
1113,IVZ,2020-10-12,0 days 15:55:59.230623,207305,13.41,13.4,7180,13743,-1438,6362
1114,IVZ,2020-10-12,0 days 15:56:01.230833,208743,13.41,13.4,6140,15564,4462,-1438
1115,IVZ,2020-10-12,0 days 15:56:02.230656,199505,13.41,13.4,6440,15564,-9238,4462
1116,IVZ,2020-10-12,0 days 15:56:52.232352,209043,13.41,13.4,11484,11266,13390,-8372
1117,IVZ,2020-10-12,0 days 15:57:46.234429,223377,13.42,13.41,20988,449,-866,634
1118,IVZ,2020-10-12,0 days 15:59:07.237956,240075,13.41,13.4,2358,20099,659,-2705
1119,IVZ,2020-10-12,0 days 15:59:08.237581,239134,13.41,13.4,1775,22199,-12393,659
1120,JCI,2020-10-12,0 days 15:59:27.244830,550190,43.28,43.27,5150,268,-20075,3163
1121,JCI,2020-10-12,0 days 15:59:28.245222,547510,43.27,43.26,1967,2659,2680,-20075
1122,JCI,2020-10-12,0 days 15:59:40.246378,550190,43.26,43.25,467,4900,-286,414
1123,JCI,2020-10-12,0 days 15:59:41.246258,553876,43.26,43.25,1557,2300,903,-286
1124,JCI,2020-10-12,0 days 15:59:48.247569,570759,43.26,43.25,5083,400,-9644,1781
1125,JCI,2020-10-12,0 days 15:59:50.250993,566295,43.26,43.25,1708,2400,4464,-456
1126,JCI,2020-10-12,0 days 15:59:51.248753,570759,43.26,43.25,3644,900,-1227,4464
1127,JKS,2020-10-12,0 days 15:55:39.231043,48499,59.68,59.63,100,100,-274,261
1128,JKS,2020-10-12,0 days 15:55:40.230726,47073,59.62,59.59,300,300,1426,-274
1129,JKS,2020-10-12,0 days 15:57:46.234543,50845,59.34,59.3,605,800,-287,313
1130,JKS,2020-10-12,0 days 15:57:47.234003,49832,59.34,59.3,605,800,1013,-287
1131,JKS,2020-10-12,0 days 15:57:54.233910,49332,59.42,59.37,100,300,849,-451
1132,JKS,2020-10-12,0 days 15:59:12.237337,49955,59.37,59.31,100,100,236,-64
1133,JKS,2020-10-12,0 days 15:59:16.232690,50191,59.73,59.3,200,800,-264,236
1134,JKS,2020-10-12,0 days 15:59:17.232454,50055,59.53,59.32,163,300,136,-264
1135,JKS,2020-10-12,0 days 15:59:18.232714,50191,59.53,59.32,163,300,-2693,136
1136,JKS,2020-10-12,0 days 15:59:19.232248,51184,59.53,59.32,169,300,1407,-2693
1137,JKS,2020-10-12,0 days 15:59:20.232607,51091,59.53,59.32,169,300,-93,1407
1138,JKS,2020-10-12,0 days 15:59:24.232096,50684,59.53,59.35,100,100,407,-93
1139,JKS,2020-10-12,0 days 15:59:29.232837,51184,59.42,59.27,200,100,207,-1293
1140,JKS,2020-10-12,0 days 15:59:46.234026,50491,59.63,59.32,1000,200,-3153,7
1141,JNPR,2020-10-12,0 days 15:59:01.238742,250254,22.62,22.61,5556,3797,-1780,1916
1142,JNPR,2020-10-12,0 days 15:59:03.238505,252151,22.62,22.61,9179,1322,14124,-1676
1143,JNPR,2020-10-12,0 days 15:59:38.235138,279428,22.62,22.61,2245,10114,-23341,1859
1144,JNPR,2020-10-12,0 days 15:59:45.235273,279428,22.62,22.61,8117,7089,-7233,3362
1145,JNPR,2020-10-12,0 days 15:59:46.235912,276661,22.62,22.61,1941,9914,4125,-7233
1146,JPM,2020-10-12,0 days 15:59:46.250153,1397350,102.52,102.5,2512,500,3211,-21539
1147,JPM,2020-10-12,0 days 15:59:47.249485,1400861,102.52,102.5,2372,600,-2906,3211
1148,JWN,2020-10-12,0 days 15:55:35.234962,161655,13.52,13.51,202,7604,-212,888
1149,JWN,2020-10-12,0 days 15:55:37.234798,161976,13.52,13.51,576,7804,1018,-212
1150,JWN,2020-10-12,0 days 15:55:39.235248,165653,13.52,13.51,821,6604,-4632,1018
1151,JWN,2020-10-12,0 days 15:55:40.234920,161485,13.52,13.51,921,6704,4168,-4632
1152,KEY,2020-10-12,0 days 15:55:00.244293,298311,13.29,13.28,14751,11689,62980,-45273
1153,KEY,2020-10-12,0 days 15:58:04.245906,359567,13.3,13.29,28010,8673,-436,14945
1154,KEY,2020-10-12,0 days 15:58:05.245595,358003,13.3,13.29,29217,6708,664,-436
1155,KEY,2020-10-12,0 days 15:58:11.246179,359567,13.3,13.29,25905,19166,-1836,16864
1156,KEY,2020-10-12,0 days 15:58:13.246180,343703,13.3,13.29,28780,17876,14964,-3236
1157,KEY,2020-10-12,0 days 15:58:20.246700,358667,13.3,13.29,30880,15691,-15836,14964
1158,KEY,2020-10-12,0 days 15:58:21.246358,343703,13.3,13.29,31080,16091,14964,-15836
1159,KEY,2020-10-12,0 days 15:59:01.248182,358667,13.3,13.29,6237,32860,-10242,13246
1160,KEY,2020-10-12,0 days 15:59:02.248447,357609,13.3,13.29,6237,32260,1267,-10242
1161,KEY,2020-10-12,0 days 15:59:06.248829,394955,13.3,13.29,7337,33652,-7380,1379
1162,KEY,2020-10-12,0 days 15:59:09.248795,402335,13.3,13.29,7233,33642,6420,-3180
1163,KEY,2020-10-12,0 days 15:59:10.248955,399855,13.3,13.29,3457,37194,-2480,6420
1164,KEY,2020-10-12,0 days 15:59:15.246534,407973,13.3,13.29,6248,30594,8774,-4718
1165,KEY,2020-10-12,0 days 15:59:18.246002,402247,13.3,13.29,7748,34894,-1326,2774
1166,KEY,2020-10-12,0 days 15:59:38.245861,403373,13.29,13.28,10427,34370,6234,-9
1167,KEY,2020-10-12,0 days 15:59:39.245780,402807,13.29,13.28,10652,34170,-566,6234
1168,KGC,2020-10-12,0 days 15:55:00.243757,54759,9.12,9.11,52064,59305,-9429,17327
1169,KGC,2020-10-12,0 days 15:55:41.247379,63988,9.13,9.12,43677,75846,302,-4412
1170,KGC,2020-10-12,0 days 15:57:13.248492,64290,9.13,9.12,35449,95119,-1598,302
1171,KGC,2020-10-12,0 days 15:57:24.248091,65888,9.13,9.12,36546,92809,2,-98
1172,KGC,2020-10-12,0 days 15:57:42.247313,66290,9.13,9.12,38396,96371,-798,2
1173,KGC,2020-10-12,0 days 15:58:09.248974,67304,9.13,9.12,25046,117535,-11453,216
1174,KGC,2020-10-12,0 days 15:59:01.251105,65552,9.14,9.13,76664,70001,900,-11353
1175,KIM,2020-10-12,0 days 15:59:22.234358,1820588,11.61,11.6,10167,14993,202057,-450777
1176,KIM,2020-10-12,0 days 15:59:35.234354,1826379,11.6,11.59,9000,13686,2144,-4454
1177,KIM,2020-10-12,0 days 15:59:38.234846,1853923,11.6,11.59,7397,13828,-1507,2144
1178,KIM,2020-10-12,0 days 15:59:42.235060,1855430,11.59,11.58,6300,10313,33693,-38257
1179,KIM,2020-10-12,0 days 15:59:47.235258,1881807,11.59,11.58,16211,3100,69903,-21696
1180,KKR,2020-10-12,0 days 15:59:46.236328,131672,36.26,36.25,1437,4795,-7502,3369
1181,KKR,2020-10-12,0 days 15:59:47.236045,129660,36.26,36.25,1595,3995,2012,-7502
1182,KMX,2020-10-12,0 days 15:55:00.243778,57369,92.69,92.66,336,100,1480,-1741
1183,KMX,2020-10-12,0 days 15:55:05.243767,58849,92.68,92.65,100,524,-229,1480
1184,KMX,2020-10-12,0 days 15:55:17.244834,57878,92.8,92.75,428,223,885,-115
1185,KMX,2020-10-12,0 days 15:59:19.247118,67876,92.61,92.57,100,276,-5920,678
1186,KNX,2020-10-12,0 days 15:59:22.234583,1082472,40.13,40.12,101,800,75950,-235530
1187,KO,2020-10-12,0 days 15:59:15.248077,1683555,51.04,51.03,4105,7673,29653,-46175
1188,KO,2020-10-12,0 days 15:59:16.249625,1666508,51.06,51.05,6602,3096,-36188,29653
1189,KOS,2020-10-12,0 days 15:55:00.477546,117721,1.13,1.12,31772,51082,-14162,4319
1190,KOS,2020-10-12,0 days 15:58:10.485821,131021,1.13,1.12,57387,20146,1273,-5362
1191,KOS,2020-10-12,0 days 15:59:00.489684,125132,1.13,1.12,62804,14451,-5889,1273
1192,KOS,2020-10-12,0 days 15:59:04.489302,133485,1.13,1.12,63794,14251,6570,-8353
1193,KR,2020-10-12,0 days 15:58:30.237005,565730,34.62,34.61,902,6125,2397,-4203
1194,KR,2020-10-12,0 days 15:58:31.236149,558427,34.62,34.61,600,6525,-7303,2397
1195,KR,2020-10-12,0 days 15:58:32.236391,565730,34.62,34.61,2302,5375,2597,-7303
1196,KR,2020-10-12,0 days 15:58:33.236368,559427,34.63,34.62,2776,2068,-6303,2597
1197,KR,2020-10-12,0 days 15:58:44.236280,563814,34.62,34.61,5713,1800,18813,-4487
1198,KR,2020-10-12,0 days 15:58:45.236303,567427,34.62,34.61,4613,2400,-4828,18813
1199,KR,2020-10-12,0 days 15:58:57.236760,568776,34.6,34.59,3656,4700,-3479,521
1200,KR,2020-10-12,0 days 15:59:06.237716,568230,34.62,34.61,4625,3719,4697,-3744
1201,KR,2020-10-12,0 days 15:59:07.238100,565127,34.62,34.61,4125,3619,-3103,4697
1202,KR,2020-10-12,0 days 15:59:15.236127,569445,34.62,34.61,3772,3148,24083,-718
1203,KR,2020-10-12,0 days 15:59:16.235954,568228,34.62,34.61,3811,4434,-1217,24083
1204,KR,2020-10-12,0 days 15:59:22.236164,569445,34.63,34.62,600,6345,58810,-475
1205,KR,2020-10-12,0 days 15:59:25.236028,634855,34.64,34.63,1302,2419,-912,54610
1206,KR,2020-10-12,0 days 15:59:33.236581,638805,34.64,34.63,2783,1499,16065,-1250
1207,KR,2020-10-12,0 days 15:59:35.235987,649270,34.64,34.63,3015,841,-751,2565
1208,KSS,2020-10-12,0 days 15:59:47.214234,218361,21.28,21.27,2848,929,4495,-4470
1209,KSS,2020-10-12,0 days 15:59:48.215840,215156,21.28,21.27,2948,729,-2305,4495
1210,LB,2020-10-12,0 days 15:55:08.244179,262724,32.0,31.98,753,2455,664,-821
1211,LB,2020-10-12,0 days 15:55:09.244722,261688,32.0,31.98,1053,2399,-836,664
1212,LB,2020-10-12,0 days 15:55:34.246351,263599,32.01,32.0,1654,973,1744,-556
1213,LB,2020-10-12,0 days 15:55:35.246337,263443,32.01,32.0,1554,973,-156,1744
1214,LB,2020-10-12,0 days 15:55:36.246879,263599,31.99,31.98,722,1200,44,-156
1215,LB,2020-10-12,0 days 15:55:37.246954,263443,31.99,31.98,822,1428,-156,44
1216,LB,2020-10-12,0 days 15:55:39.247390,263899,31.98,31.97,662,1025,1024,-456
1217,LB,2020-10-12,0 days 15:55:40.247050,263723,31.99,31.98,1588,200,-176,1024
1218,LB,2020-10-12,0 days 15:56:05.246717,267377,31.98,31.97,1943,626,547,-253
1219,LB,2020-10-12,0 days 15:56:12.246306,267924,31.99,31.98,1720,624,-973,247
1220,LB,2020-10-12,0 days 15:56:13.246628,267597,31.99,31.98,1620,652,327,-973
1221,LB,2020-10-12,0 days 15:57:04.247757,273560,32.01,32.0,1225,1523,-1210,90
1222,LB,2020-10-12,0 days 15:57:24.248041,275070,32.03,32.02,1500,599,348,-1752
1223,LB,2020-10-12,0 days 15:57:35.247569,275470,32.04,32.03,2188,747,1548,-1452
1224,LB,2020-10-12,0 days 15:59:07.252232,286355,32.02,32.01,1480,799,10989,-584
1225,LB,2020-10-12,0 days 15:59:08.250996,296344,32.02,32.01,1080,1915,-9611,10989
1226,LB,2020-10-12,0 days 15:59:36.246778,296632,32.03,32.02,1600,200,-2060,651
1227,LB,2020-10-12,0 days 15:59:45.247834,298192,32.02,32.0,1682,1843,1002,-1360
1228,LEN,2020-10-12,0 days 15:56:01.247140,120077,83.88,83.84,325,551,19,-281
1229,LEN,2020-10-12,0 days 15:56:02.247022,119196,83.88,83.85,325,100,-681,19
1230,LEN,2020-10-12,0 days 15:56:04.246916,120077,83.88,83.85,325,100,2619,-681
1231,LEN,2020-10-12,0 days 15:56:05.246636,119247,83.89,83.87,200,201,-630,2619
1232,LEN,2020-10-12,0 days 15:56:28.246133,123492,83.97,83.93,500,300,814,-786
1233,LEN,2020-10-12,0 days 15:56:29.246672,122606,83.97,83.95,100,200,-86,814
1234,LEN,2020-10-12,0 days 15:57:20.248192,123112,83.91,83.87,100,414,-480,220
1235,LEN,2020-10-12,0 days 15:57:34.247500,124192,83.95,83.9,114,210,2420,-680
1236,LEN,2020-10-12,0 days 15:57:46.247791,124192,83.91,83.89,200,285,720,-80
1237,LEN,2020-10-12,0 days 15:57:47.247465,122712,83.91,83.89,100,485,-1080,720
