,Symbol,Timestamp,TIME,iPaired,Ask_P,Bid_P,Ask_S,Bid_S,iShares,PreviShares
0,A,2020-02-28,0 days 15:55:00.179055,474438,76.1,76.07,149,652,-6719,14699
1,A,2020-02-28,0 days 15:55:01.181417,470857,76.1,76.07,549,952,3581,-6719
2,A,2020-02-28,0 days 15:55:27.244651,474438,76.28,76.25,197,436,-639,23
3,A,2020-02-28,0 days 15:55:28.247252,471377,76.28,76.25,220,366,3061,-639
4,A,2020-02-28,0 days 15:56:12.353134,478488,76.56,76.48,400,100,-316,321
5,A,2020-02-28,0 days 15:56:13.356283,475704,76.56,76.48,500,145,2784,-316
6,A,2020-02-28,0 days 15:57:36.556880,499844,76.37,76.35,400,401,273,-3077
7,A,2020-02-28,0 days 15:57:40.567000,500117,76.34,76.32,300,4,-2827,273
8,A,2020-02-28,0 days 15:57:41.570122,498844,76.37,76.34,100,801,1273,-2827
9,A,2020-02-28,0 days 15:58:04.627190,489256,76.49,76.48,600,374,691,-10009
10,A,2020-02-28,0 days 15:58:28.684821,492707,76.5,76.48,511,414,-2,1598
11,A,2020-02-28,0 days 15:58:31.691728,492707,76.5,76.49,217,100,-2,1598
12,A,2020-02-28,0 days 15:58:33.696140,491209,76.55,76.52,500,706,1461,-839
13,A,2020-02-28,0 days 15:58:38.708944,492670,76.59,76.56,300,1302,-739,1361
14,A,2020-02-28,0 days 15:58:42.718911,491609,76.61,76.59,1199,109,923,-1477
15,A,2020-02-28,0 days 15:58:59.760854,490778,76.66,76.62,2136,5,-170,1184
16,A,2020-02-28,0 days 15:59:00.765631,490248,76.68,76.65,800,612,530,-170
17,A,2020-02-28,0 days 15:59:37.853695,545329,76.89,76.86,700,527,-1211,2757
18,A,2020-02-28,0 days 15:59:42.865457,545440,76.96,76.92,5500,2097,789,-2511
19,A,2020-02-28,0 days 15:59:43.868191,546229,76.96,76.93,5520,200,-2979,789
20,A,2020-02-28,0 days 15:59:44.871099,544908,76.96,76.93,5316,511,1321,-2979
21,A,2020-02-28,0 days 15:59:45.873012,546229,76.95,76.93,300,263,-1057,1321
22,A,2020-02-28,0 days 15:59:49.882492,545370,76.96,76.92,4551,1405,859,-2141
23,A,2020-02-28,0 days 15:59:55.897053,546229,77.0,76.94,394,2905,-2693,1259
24,AA,2020-02-28,0 days 15:58:42.749586,332113,13.88,13.87,3431,2616,-52087,15636
25,AA,2020-02-28,0 days 15:59:06.813107,374646,13.9,13.89,3142,8304,21314,-2752
26,AA,2020-02-28,0 days 15:59:07.816249,373560,13.9,13.89,2852,8485,-1086,21314
27,ABB,2020-02-28,0 days 15:59:08.754028,50969,21.62,21.61,6963,14482,615,-5885
28,ABB,2020-02-28,0 days 15:59:18.767135,51584,21.63,21.62,2200,22056,-1575,415
29,ABBV,2020-02-28,0 days 15:55:51.253183,1868666,84.64,84.61,2300,400,4572,-584
30,ABBV,2020-02-28,0 days 15:55:52.245693,1858311,84.65,84.63,2200,400,-12355,4572
31,ABBV,2020-02-28,0 days 15:59:12.776956,2213175,85.17,85.15,4673,837,546,-207092
32,ABBV,2020-02-28,0 days 15:59:13.737636,2191821,85.17,85.14,342,851,-20233,546
33,ABBV,2020-02-28,0 days 15:59:16.743766,2216859,85.17,85.16,354,386,137528,-19929
34,ABBV,2020-02-28,0 days 15:59:23.759585,2255964,85.47,85.44,200,183,-90615,14657
35,ABBV,2020-02-28,0 days 15:59:32.782533,2351056,85.45,85.39,1104,500,1528,-707
36,ABBV,2020-02-28,0 days 15:59:34.787095,2352564,85.49,85.44,400,475,-2097,93
37,ABBV,2020-02-28,0 days 15:59:35.790102,2351056,85.46,85.4,571,300,1538,-2097
38,ABBV,2020-02-28,0 days 15:59:38.796783,2260129,85.45,85.38,2797,904,-92196,104135
39,ABBV,2020-02-28,0 days 15:59:39.800354,2249092,85.39,85.37,300,10,100082,-92196
40,ABBV,2020-02-28,0 days 16:00:00.848225,2368443,85.68,85.57,6,3300,65251,-110164
41,ABC,2020-02-28,0 days 15:55:46.730041,284574,83.58,83.51,1,937,337,-5249
42,ABC,2020-02-28,0 days 15:55:47.731986,276511,83.58,83.51,1,1037,-8063,337
43,ABC,2020-02-28,0 days 15:56:31.837525,284974,83.78,83.66,547,5,83,-746
44,ABC,2020-02-28,0 days 15:56:36.849697,285028,83.75,83.66,300,106,-546,83
45,ABC,2020-02-28,0 days 15:56:39.857212,284974,83.69,83.65,398,291,83,-546
46,ABC,2020-02-28,0 days 15:56:42.864140,285057,83.75,83.7,531,366,-417,83
47,ABC,2020-02-28,0 days 15:57:13.943908,288454,83.57,83.52,296,367,1270,-1946
48,ABC,2020-02-28,0 days 15:57:15.949043,287040,83.56,83.52,542,316,-1814,686
49,ABC,2020-02-28,0 days 15:57:32.987502,288880,83.55,83.52,539,272,1081,-627
50,ABC,2020-02-28,0 days 15:57:33.989947,287361,83.55,83.52,539,639,-1519,1081
51,ABC,2020-02-28,0 days 15:58:15.089995,293750,83.78,83.76,160,80,482,-2018
52,ABC,2020-02-28,0 days 15:58:16.093397,291232,83.81,83.76,300,100,-1118,482
53,ABC,2020-02-28,0 days 15:59:02.206017,299486,84.07,84.03,276,450,65,-5967
54,ABC,2020-02-28,0 days 15:59:04.210741,299551,84.07,84.04,324,643,-1535,265
55,ABC,2020-02-28,0 days 15:59:07.219250,301542,84.11,84.09,313,5,475,-735
56,ABC,2020-02-28,0 days 15:59:13.234236,328237,84.17,84.12,521,500,-151,849
57,ABC,2020-02-28,0 days 15:59:15.239058,328588,84.23,84.16,700,887,3,-151
58,ABC,2020-02-28,0 days 15:59:37.292708,334076,84.26,84.2,932,197,-2954,5146
59,ABC,2020-02-28,0 days 15:59:38.295722,336930,84.24,84.17,432,1300,8573,-2954
60,ABC,2020-02-28,0 days 15:59:45.313008,338130,84.26,84.23,100,87,1378,-5905
61,ABT,2020-02-28,0 days 15:55:01.051415,1865168,76.24,76.23,856,896,301970,-327997
62,ABT,2020-02-28,0 days 15:57:14.372535,2116175,76.56,76.53,500,1200,-2607,3724
63,ABT,2020-02-28,0 days 15:57:16.377616,2115398,76.59,76.57,200,1106,880,-18967
64,ABT,2020-02-28,0 days 15:57:17.381900,2115997,76.62,76.58,443,1004,-1701,880
65,ABT,2020-02-28,0 days 15:57:18.382566,2108498,76.62,76.59,1200,1221,7499,-1701
66,ABT,2020-02-28,0 days 15:57:19.389251,2116278,76.59,76.58,300,600,-3993,7499
67,ABT,2020-02-28,0 days 15:57:20.387520,2111671,76.59,76.57,600,899,4326,-3993
68,ABT,2020-02-28,0 days 15:57:26.404652,2116347,76.59,76.58,617,1928,-970,508
69,ABT,2020-02-28,0 days 15:57:27.404425,2112517,76.57,76.56,200,400,4111,-970
70,ABT,2020-02-28,0 days 15:57:34.420923,2116883,76.49,76.48,300,45,-13759,2811
71,ABT,2020-02-28,0 days 15:59:16.669375,2311094,76.94,76.93,1522,825,144113,-9958
72,ABT,2020-02-28,0 days 15:59:17.673495,2336526,77.01,77.0,700,402,-164568,144113
73,ABT,2020-02-28,0 days 15:59:20.678177,2336526,77.02,77.0,310,500,-157868,23932
74,ABT,2020-02-28,0 days 15:59:35.715599,2324024,77.0,76.99,200,401,140728,-24872
75,ABT,2020-02-28,0 days 15:59:40.729052,2367506,77.02,77.01,237,200,-164520,34580
76,ABT,2020-02-28,0 days 15:59:43.735378,2305790,77.0,76.98,640,1324,61916,-102276
77,ABT,2020-02-28,0 days 15:59:44.738042,2367706,77.03,77.02,460,405,-163262,61916
78,ACB,2020-02-28,0 days 15:59:30.750057,116708,1.35,1.34,356108,157770,-18967,8470
79,ACM,2020-02-28,0 days 15:57:12.439444,179304,44.78,44.77,1000,1,5525,-63
80,ACM,2020-02-28,0 days 15:57:13.442105,175437,44.78,44.77,220,1,-3867,5525
81,ACM,2020-02-28,0 days 15:57:19.456786,181214,44.82,44.8,300,100,3045,-5482
82,ACM,2020-02-28,0 days 15:57:20.459443,176067,44.83,44.81,400,418,-5147,3045
83,ACM,2020-02-28,0 days 15:57:41.510228,194714,44.76,44.74,559,900,212,-1088
84,ACM,2020-02-28,0 days 15:57:42.512257,193027,44.76,44.75,759,100,-1687,212
85,ACM,2020-02-28,0 days 15:59:30.777547,251048,45.03,45.0,300,1600,2531,-4983
86,ACM,2020-02-28,0 days 15:59:31.781482,248179,45.03,45.0,600,920,-2869,2531
87,ACM,2020-02-28,0 days 15:59:55.835504,255924,44.97,44.83,8887,400,1029,-1995
88,ACN,2020-02-28,0 days 15:59:17.765552,840249,179.98,179.95,1000,954,71275,-34031
89,ADM,2020-02-28,0 days 15:55:00.148013,940579,37.25,37.24,400,311,7350,-135045
90,ADM,2020-02-28,0 days 15:58:42.688339,1039162,37.4,37.39,3603,5283,10267,-5233
91,ADM,2020-02-28,0 days 15:58:52.713449,1049337,37.43,37.42,2100,1100,-10525,1467
92,ADM,2020-02-28,0 days 15:58:53.713829,1040962,37.43,37.42,2800,3369,8375,-10525
93,ADM,2020-02-28,0 days 15:59:05.746250,1069479,37.48,37.47,2936,304,-3132,25767
94,ADM,2020-02-28,0 days 15:59:17.768061,1176979,37.53,37.52,1534,3350,13813,-885
95,ADM,2020-02-28,0 days 15:59:42.825173,1201237,37.58,37.57,3174,2538,-1182,5002
96,ADM,2020-02-28,0 days 15:59:48.839361,1192919,37.6,37.59,1449,2444,4667,-4979
97,ADNT,2020-02-28,0 days 15:55:06.224229,134446,23.51,23.49,305,672,702,-474
98,ADNT,2020-02-28,0 days 15:57:07.517768,139362,23.71,23.69,178,1633,3358,-797
99,ADNT,2020-02-28,0 days 15:57:08.520660,138920,23.72,23.7,186,7,-342,3358
100,ADNT,2020-02-28,0 days 15:57:28.570511,139362,23.7,23.68,905,1,159,-318
101,ADNT,2020-02-28,0 days 15:58:08.666516,136098,23.7,23.68,1291,2034,-2319,1381
102,ADNT,2020-02-28,0 days 15:58:09.668860,135522,23.69,23.68,1128,1713,576,-2319
103,ADNT,2020-02-28,0 days 15:58:14.681370,137198,23.7,23.68,6,846,-53,476
104,ADNT,2020-02-28,0 days 15:58:37.737576,137467,23.72,23.71,1211,2,431,-769
105,ADNT,2020-02-28,0 days 15:58:38.740101,137298,23.72,23.71,1213,2,-169,431
106,ADNT,2020-02-28,0 days 15:59:07.816233,153775,23.73,23.72,610,1707,1682,-13215
107,ADSW,2020-02-28,0 days 15:55:01.620383,436563,33.01,33.0,6186,6999,2822,-5578
108,ADSW,2020-02-28,0 days 15:59:07.219428,446004,33.05,33.04,10962,1500,-49560,4285
109,ADSW,2020-02-28,0 days 15:59:41.303980,495669,33.01,33.0,3805,2100,2939,-9101
110,ADSW,2020-02-28,0 days 15:59:42.305451,498608,33.03,33.02,200,93,-880,2939
111,ADSW,2020-02-28,0 days 15:59:43.308094,498288,33.03,33.02,200,93,2519,-880
112,ADSW,2020-02-28,0 days 15:59:46.315408,510992,33.04,33.02,2092,299,-1096,1604
113,ADSW,2020-02-28,0 days 15:59:49.321516,512488,33.04,33.02,1227,293,450,-627
114,AEE,2020-02-28,0 days 15:55:21.115215,540094,78.51,78.42,1,450,28032,-20036
115,AEE,2020-02-28,0 days 15:55:29.118654,463685,78.55,78.48,728,909,-77164,23491
116,AEE,2020-02-28,0 days 15:55:50.168853,465067,78.54,78.51,318,445,-76259,75641
117,AEE,2020-02-28,0 days 15:56:19.244993,541933,78.51,78.48,700,200,93634,-6566
118,AEE,2020-02-28,0 days 15:56:47.305650,460467,78.53,78.51,500,174,-81466,18734
119,AEE,2020-02-28,0 days 15:56:52.318307,460467,78.53,78.51,88,200,-81466,78334
120,AEE,2020-02-28,0 days 15:57:17.382030,475213,78.58,78.55,200,200,-72640,29185
121,AEE,2020-02-28,0 days 15:57:48.455531,487213,78.52,78.5,10,509,-59621,40379
122,AEE,2020-02-28,0 days 15:58:06.499641,546834,78.53,78.5,400,1118,780,-11945
123,AEE,2020-02-28,0 days 15:58:07.502405,526814,78.53,78.5,200,1418,-20020,780
124,AEE,2020-02-28,0 days 15:58:56.620294,561341,78.72,78.69,100,303,16022,-15824
125,AEG,2020-02-28,0 days 15:55:04.104125,25239,3.37,3.36,10521,169810,14287,-4588
126,AEG,2020-02-28,0 days 15:59:08.702146,39526,3.38,3.37,67462,152550,-1059,5779
127,AEM,2020-02-28,0 days 15:55:00.120055,78672,47.31,47.28,543,1097,-25523,30186
128,AEM,2020-02-28,0 days 15:56:03.271711,80606,47.29,47.27,600,323,-279,221
129,AEM,2020-02-28,0 days 15:57:09.431922,81263,47.3,47.27,700,225,254,-96
130,AEM,2020-02-28,0 days 15:58:11.583423,81346,47.36,47.35,38,300,-435,65
131,AEM,2020-02-28,0 days 15:58:36.644290,83546,47.34,47.32,100,300,-2835,5865
132,AEM,2020-02-28,0 days 15:58:37.646523,83181,47.35,47.33,203,400,365,-2835
133,AEM,2020-02-28,0 days 15:59:03.711663,83681,47.37,47.34,1500,1100,162,-138
134,AEM,2020-02-28,0 days 15:59:08.724446,82853,47.39,47.36,4405,690,-828,162
135,AEM,2020-02-28,0 days 15:59:09.726478,81781,47.39,47.36,4705,490,1072,-828
136,AEM,2020-02-28,0 days 15:59:15.741251,82192,47.45,47.43,616,173,49,-51
137,AEM,2020-02-28,0 days 15:59:31.781482,91194,47.49,47.48,209,180,386,-2814
138,AEM,2020-02-28,0 days 15:59:38.796750,91580,47.52,47.5,70,1090,-4343,157
139,AEM,2020-02-28,0 days 15:59:39.800330,91423,47.52,47.5,70,1390,157,-4343
140,AEM,2020-02-28,0 days 15:59:43.807666,85968,47.46,47.43,1000,100,10480,-2143
141,AEM,2020-02-28,0 days 15:59:44.811468,96448,47.47,47.44,100,500,-520,10480
142,AEM,2020-02-28,0 days 15:59:48.819650,95768,47.49,47.45,100,101,680,-1232
143,AEM,2020-02-28,0 days 15:59:51.829006,91580,47.5,47.46,407,230,-6243,1268
144,AEM,2020-02-28,0 days 15:59:55.835504,94268,47.48,47.41,300,101,2180,-6243
145,AEO,2020-02-28,0 days 15:59:06.148633,655715,12.87,12.86,8708,16422,5245,-2936
146,AEO,2020-02-28,0 days 15:59:49.251077,678857,12.89,12.88,2035,17884,-9406,23094
147,AEO,2020-02-28,0 days 15:59:50.260985,662163,12.89,12.88,2535,16341,6494,-9406
148,AEP,2020-02-28,0 days 15:55:00.059727,602939,88.29,88.27,106,120,519,-51898
149,AEP,2020-02-28,0 days 15:55:01.051882,583258,88.3,88.27,201,157,-19681,519
150,AEP,2020-02-28,0 days 15:57:40.435985,635990,88.67,88.6,500,400,9082,-918
151,AEP,2020-02-28,0 days 15:57:45.447125,628202,88.7,88.68,61,500,-7788,5782
152,AEP,2020-02-28,0 days 15:57:47.453503,635990,88.71,88.68,100,500,1212,-788
153,AEP,2020-02-28,0 days 15:57:49.458503,633902,88.7,88.66,506,735,-3082,5618
154,AEP,2020-02-28,0 days 15:57:52.464465,636984,88.7,88.67,206,354,418,-382
155,AEP,2020-02-28,0 days 15:58:51.609314,677605,88.86,88.84,514,161,7927,-6116
156,AEP,2020-02-28,0 days 15:58:52.610539,675832,88.86,88.84,429,261,-173,7927
157,AEP,2020-02-28,0 days 15:59:09.653959,698087,89.02,88.99,315,400,-4469,3894
158,AEP,2020-02-28,0 days 15:59:16.670138,703564,89.04,89.03,100,322,21256,-37209
159,AEP,2020-02-28,0 days 15:59:21.681174,722520,89.15,89.13,45,1818,-1246,6418
160,AEP,2020-02-28,0 days 15:59:24.689522,717464,89.15,89.13,109,35,5356,-5619
161,AEP,2020-02-28,0 days 15:59:27.695200,717447,89.21,89.16,818,723,-5399,556
162,AEP,2020-02-28,0 days 15:59:28.698173,717287,89.19,89.16,100,461,160,-5399
163,AEP,2020-02-28,0 days 15:59:36.719064,724445,89.15,89.03,860,2,-709,490
164,AEP,2020-02-28,0 days 15:59:37.721463,720454,89.15,89.03,1301,2,9093,-709
165,AEP,2020-02-28,0 days 15:59:38.722967,724589,89.15,89.12,893,504,-5865,9093
166,AEP,2020-02-28,0 days 15:59:39.726594,724454,89.12,89.09,330,185,235,-5865
167,AEP,2020-02-28,0 days 15:59:42.733261,728030,89.15,89.11,373,410,-24,676
168,AEP,2020-02-28,0 days 15:59:44.738303,726254,89.09,89.05,830,100,3685,-1597
169,AEP,2020-02-28,0 days 15:59:45.740262,730139,89.09,89.05,780,300,-756,3685
170,AEP,2020-02-28,0 days 15:59:47.744849,730895,89.09,89.05,1,274,444,-756
171,AEP,2020-02-28,0 days 15:59:50.754099,732539,89.11,89.05,518,374,-556,244
172,AEP,2020-02-28,0 days 15:59:51.754642,732395,89.11,89.06,514,200,944,-556
173,AEP,2020-02-28,0 days 15:59:57.769432,725328,89.21,89.12,2368,3200,-8449,7046
174,AER,2020-02-28,0 days 15:55:00.178741,164857,51.61,51.57,210,100,-19313,1175
175,AER,2020-02-28,0 days 15:57:17.511138,187884,51.78,51.76,215,300,7829,-12820
176,AER,2020-02-28,0 days 15:57:18.513811,182613,51.83,51.78,300,200,-5271,7829
177,AER,2020-02-28,0 days 15:58:03.624683,188502,51.84,51.82,200,624,311,-912
178,AER,2020-02-28,0 days 15:58:04.627058,187313,51.84,51.82,300,858,-812,311
179,AER,2020-02-28,0 days 15:58:38.708881,193195,51.9,51.87,75,1700,1418,-2682
180,AER,2020-02-28,0 days 15:58:39.711357,189413,51.9,51.87,75,1773,-3582,1418
181,AER,2020-02-28,0 days 15:59:28.831587,215829,52.0,51.96,178,1708,338,-2062
182,AER,2020-02-28,0 days 15:59:29.834659,213767,52.04,51.97,3200,200,-2162,338
183,AFL,2020-02-28,0 days 15:55:00.095272,1224462,42.41,42.4,4302,800,8918,-343453
184,AFL,2020-02-28,0 days 15:55:45.207028,1234005,42.57,42.56,1400,711,2103,-2417
185,AFL,2020-02-28,0 days 15:56:29.311261,1249427,42.56,42.55,251,747,1827,-2094
186,AFL,2020-02-28,0 days 15:57:36.473070,1321500,42.55,42.54,1306,2148,-1076,2681
187,AFL,2020-02-28,0 days 15:58:10.558665,1326899,42.55,42.54,1764,500,3018,-4539
188,AFL,2020-02-28,0 days 15:58:22.588504,1326899,42.57,42.56,1000,700,3789,-3744
189,AFL,2020-02-28,0 days 15:59:06.696016,1354666,42.7,42.69,2116,97,14427,-5418
190,AFL,2020-02-28,0 days 15:59:07.723164,1350693,42.69,42.68,203,1911,-2200,14427
191,AFL,2020-02-28,0 days 15:59:16.718900,1379237,42.73,42.72,188,3837,38368,-7565
192,AFL,2020-02-28,0 days 15:59:17.715234,1377105,42.75,42.74,545,1123,-4207,38368
193,AFL,2020-02-28,0 days 15:59:22.723854,1388006,42.8,42.79,1503,750,20906,-6894
194,AFL,2020-02-28,0 days 15:59:23.727038,1384312,42.81,42.8,927,1969,-3694,20906
195,AGI,2020-02-28,0 days 15:56:54.394488,85727,5.83,5.82,1420,39032,2167,-733
196,AGI,2020-02-28,0 days 15:57:08.429782,87994,5.83,5.82,4287,37605,-4283,1517
197,AGI,2020-02-28,0 days 15:57:09.431922,86977,5.83,5.82,4287,37605,1017,-4283
198,AGI,2020-02-28,0 days 15:59:06.721451,92916,5.82,5.81,34127,18726,-1702,2691
199,AGI,2020-02-28,0 days 15:59:07.729861,91118,5.82,5.81,37243,20226,1798,-1702
200,AGI,2020-02-28,0 days 15:59:16.743619,92916,5.82,5.81,35793,35522,-2124,1798
201,AGI,2020-02-28,0 days 15:59:27.769335,100048,5.82,5.81,13300,59243,158,-2624
202,AGN,2020-02-28,0 days 15:55:00.082553,398759,188.64,188.6,3,63,-10116,73457
203,AGN,2020-02-28,0 days 15:57:00.368740,417100,188.92,188.8,450,404,1234,-2481
204,AGN,2020-02-28,0 days 15:57:01.371355,412897,188.92,188.81,450,752,-2111,1234
205,AGN,2020-02-28,0 days 15:59:08.686135,468984,189.94,189.85,100,300,39940,-6318
206,AGN,2020-02-28,0 days 15:59:24.720801,505123,190.51,190.43,400,841,-1188,1376
207,AGN,2020-02-28,0 days 15:59:32.740584,514490,190.49,190.26,894,800,2733,-3075
208,AIG,2020-02-28,0 days 15:55:45.257805,1075301,41.72,41.7,700,700,6233,-4227
209,AIG,2020-02-28,0 days 15:55:46.259776,1070138,41.71,41.7,1000,800,-5163,6233
210,AIG,2020-02-28,0 days 15:56:59.435722,1121365,41.67,41.65,604,800,41976,-1445
211,AIG,2020-02-28,0 days 15:57:51.562801,1219590,41.74,41.73,200,500,-5223,7293
212,AIG,2020-02-28,0 days 15:57:52.564937,1212413,41.72,41.7,300,790,8948,-5223
213,AIG,2020-02-28,0 days 15:58:00.586448,1209861,41.72,41.7,348,1402,-1561,8948
214,AIG,2020-02-28,0 days 15:58:01.588323,1204613,41.72,41.71,357,510,5248,-1561
215,AIG,2020-02-28,0 days 15:58:19.631457,1203665,41.76,41.75,310,1000,1154,-1746
216,AIG,2020-02-28,0 days 15:58:37.674987,1203677,41.76,41.74,717,400,1142,-1658
217,AIG,2020-02-28,0 days 15:58:57.724264,1207677,41.78,41.77,800,496,3419,-2040
218,AIG,2020-02-28,0 days 15:59:05.746330,1191567,41.85,41.83,582,421,1157,-3296
219,AIG,2020-02-28,0 days 15:59:09.755866,1195742,41.85,41.83,494,1221,-3934,3039
220,AIG,2020-02-28,0 days 15:59:11.761361,1186576,41.88,41.87,840,238,131,-3469
221,AIG,2020-02-28,0 days 15:59:19.771450,1236768,41.98,41.96,2118,712,3386,-1714
222,AIG,2020-02-28,0 days 15:59:24.782874,1239478,42.01,42.0,100,200,-84,931
223,AIG,2020-02-28,0 days 15:59:25.785982,1234839,41.99,41.98,100,318,5794,-84
224,AIG,2020-02-28,0 days 15:59:37.814437,1264908,42.0,41.97,300,400,-931,13918
225,AIG,2020-02-28,0 days 15:59:43.829342,1256174,42.04,42.01,1977,414,1979,-30686
226,AIG,2020-02-28,0 days 15:59:48.839421,1265253,42.01,41.99,194,400,-39030,53260
227,AIG,2020-02-28,0 days 15:59:49.841800,1260883,42.02,41.99,200,400,970,-39030
228,AIG,2020-02-28,0 days 15:59:53.850744,1248799,42.09,42.01,434,108,-6419,7435
229,AIV,2020-02-28,0 days 15:55:01.620494,279061,47.55,47.53,53,67,311,-7685
230,AIV,2020-02-28,0 days 15:55:16.657899,282963,47.63,47.59,301,200,-27,1843
231,AIV,2020-02-28,0 days 15:55:21.669743,281090,47.72,47.62,205,829,673,-427
232,AIV,2020-02-28,0 days 15:57:16.951429,295856,47.81,47.77,602,890,-7052,1980
233,AIV,2020-02-28,0 days 15:57:17.951432,293608,47.81,47.77,502,890,2248,-7052
234,AIV,2020-02-28,0 days 15:58:03.062307,301132,47.82,47.75,346,500,2800,-1300
235,AIV,2020-02-28,0 days 15:58:44.161325,314127,47.86,47.81,20,746,-2954,2346
236,AIV,2020-02-28,0 days 15:58:45.165066,310981,47.86,47.81,20,921,3146,-2954
237,AIV,2020-02-28,0 days 15:59:10.228965,320080,47.92,47.88,827,747,-2399,1666
238,AIV,2020-02-28,0 days 15:59:11.228659,318179,47.92,47.88,827,1067,1901,-2399
239,AIV,2020-02-28,0 days 15:59:12.234315,314127,47.88,47.82,100,544,-41602,1901
240,AJG,2020-02-28,0 days 15:56:10.265100,320573,97.11,97.1,75,10,1915,-37685
241,AJG,2020-02-28,0 days 15:56:11.267755,311688,97.16,97.12,500,475,-8985,1915
242,AJG,2020-02-28,0 days 15:56:57.393527,317611,96.97,96.95,100,175,12444,-48156
243,AJG,2020-02-28,0 days 15:56:58.381272,309364,97.0,96.95,200,1075,-8247,12444
244,AJG,2020-02-28,0 days 15:57:13.418149,319702,96.95,96.89,475,117,3027,-7284
245,AJG,2020-02-28,0 days 15:57:14.420574,312629,96.93,96.89,442,75,-8546,3027
246,AJG,2020-02-28,0 days 15:57:41.486209,322885,96.91,96.86,77,75,1152,-948
247,AJG,2020-02-28,0 days 15:57:42.488666,316637,96.92,96.88,200,175,-6248,1152
248,AJG,2020-02-28,0 days 15:59:36.759706,334561,97.29,97.24,75,100,4855,-38460
249,AJG,2020-02-28,0 days 15:59:37.765539,311184,97.33,97.27,75,75,-34332,4855
250,AL,2020-02-28,0 days 15:55:00.550859,63688,38.16,38.14,511,200,25891,-1035
251,AL,2020-02-28,0 days 15:55:43.656009,88552,38.25,38.23,300,300,-9152,744
252,AL,2020-02-28,0 days 15:55:44.658040,87604,38.25,38.23,105,400,848,-9152
253,AL,2020-02-28,0 days 15:57:06.855728,91555,38.32,38.28,400,726,-176,1224
254,AL,2020-02-28,0 days 15:57:12.871337,91736,38.22,38.19,300,362,4708,-76
255,AL,2020-02-28,0 days 15:57:15.882609,96462,38.25,38.18,400,400,-1473,1979
256,AL,2020-02-28,0 days 15:57:31.916754,97966,38.15,38.12,200,1420,142,-204
257,AL,2020-02-28,0 days 15:57:32.920276,97608,38.15,38.12,700,1240,-358,142
258,AL,2020-02-28,0 days 15:57:47.956400,97666,38.13,38.08,200,300,175,-404
259,AL,2020-02-28,0 days 15:58:08.005433,98066,38.21,38.17,200,3386,88,-75
260,AL,2020-02-28,0 days 15:58:10.024618,98154,38.21,38.17,565,720,-395,88
261,AL,2020-02-28,0 days 15:58:20.037070,98949,38.27,38.23,400,320,5,-195
262,AL,2020-02-28,0 days 15:58:21.036859,98854,38.27,38.23,820,400,-95,5
263,AL,2020-02-28,0 days 15:58:32.065722,98454,38.22,38.19,349,200,-95,205
264,AL,2020-02-28,0 days 15:58:51.110481,101649,38.25,38.23,500,520,5,-1095
265,AL,2020-02-28,0 days 15:58:52.113397,101254,38.25,38.23,500,420,-95,5
266,AL,2020-02-28,0 days 15:59:23.187043,116827,38.44,38.39,600,553,1498,-1302
267,AL,2020-02-28,0 days 15:59:24.189635,118125,38.44,38.39,840,693,-4702,1498
268,AL,2020-02-28,0 days 15:59:25.191646,116827,38.44,38.39,740,653,1698,-4702
269,AL,2020-02-28,0 days 15:59:30.209492,116827,38.41,38.37,200,2145,5121,-1702
270,ALB,2020-02-28,0 days 15:57:04.478941,213158,81.3,81.23,300,200,2759,-1359
271,ALB,2020-02-28,0 days 15:57:05.480887,210852,81.3,81.24,300,201,-2337,2759
272,ALB,2020-02-28,0 days 15:57:41.569881,213415,81.17,81.09,400,363,8046,-1059
273,ALB,2020-02-28,0 days 15:57:42.571281,207056,81.18,81.1,320,300,-6359,8046
274,ALB,2020-02-28,0 days 15:57:44.575895,213415,81.18,81.13,420,100,41,-459
275,ALB,2020-02-28,0 days 15:57:45.580474,211656,81.18,81.13,520,300,-1759,41
276,ALB,2020-02-28,0 days 15:59:38.857569,218971,81.79,81.69,591,25,395,-610
277,ALB,2020-02-28,0 days 15:59:56.898265,219193,81.86,81.71,792,300,-778,1366
278,ALB,2020-02-28,0 days 15:59:57.902005,218971,81.86,81.71,192,100,8711,-778
279,ALK,2020-02-28,0 days 15:55:52.245664,237685,50.0,49.94,100,100,6467,-708
280,ALK,2020-02-28,0 days 15:55:53.247329,236152,49.94,49.91,178,100,-1533,6467
281,ALK,2020-02-28,0 days 15:56:20.312440,236517,50.0,49.98,200,100,-1517,6183
282,ALK,2020-02-28,0 days 15:56:41.363633,238034,49.98,49.94,201,300,2683,-1317
283,ALK,2020-02-28,0 days 15:56:59.406993,245584,50.08,50.03,321,301,709,-2667
284,ALK,2020-02-28,0 days 15:57:15.447424,252869,50.14,50.09,655,500,-25,75
285,ALK,2020-02-28,0 days 15:57:16.449625,252394,50.19,50.14,2620,200,475,-25
286,ALK,2020-02-28,0 days 15:57:47.524878,253504,50.23,50.2,400,300,-1193,72
287,ALK,2020-02-28,0 days 15:57:48.527385,253097,50.23,50.2,200,100,407,-1193
288,ALK,2020-02-28,0 days 15:57:50.532024,253804,50.22,50.18,510,200,-393,407
289,ALK,2020-02-28,0 days 15:57:51.534319,252997,50.21,50.18,210,100,2898,-393
290,ALK,2020-02-28,0 days 15:57:55.543838,254795,50.24,50.21,100,208,-202,898
291,ALK,2020-02-28,0 days 15:57:56.546195,254097,50.27,50.22,400,528,398,-202
292,ALK,2020-02-28,0 days 15:58:05.569377,255995,50.27,50.25,400,100,-1320,946
293,ALK,2020-02-28,0 days 15:58:06.572295,255115,50.25,50.22,200,2200,981,-1320
294,ALK,2020-02-28,0 days 15:58:15.592606,258229,50.26,50.23,114,300,-586,1214
295,ALK,2020-02-28,0 days 15:58:39.651865,258229,50.34,50.32,300,200,-1286,114
296,ALK,2020-02-28,0 days 15:58:40.653588,257515,50.34,50.31,300,497,714,-1286
297,ALK,2020-02-28,0 days 15:58:52.682807,258229,50.38,50.36,204,100,-1657,243
298,ALK,2020-02-28,0 days 15:58:53.685113,257886,50.37,50.34,100,600,343,-1657
299,ALL,2020-02-28,0 days 15:55:00.147887,675164,104.28,104.23,90,186,94080,-51500
300,ALL,2020-02-28,0 days 15:56:49.411854,770970,104.65,104.59,590,590,-1475,161
301,ALL,2020-02-28,0 days 15:56:50.414492,767845,104.62,104.55,175,1045,3561,-1475
302,ALL,2020-02-28,0 days 15:58:23.641467,815753,104.7,104.65,888,535,5193,-5836
303,ALL,2020-02-28,0 days 15:59:05.745996,816325,104.95,104.92,995,536,1821,-1853
304,ALL,2020-02-28,0 days 15:59:06.749819,816241,104.86,104.83,190,200,-47072,1821
305,ALL,2020-02-28,0 days 15:59:07.752250,812248,104.86,104.84,324,30,15932,-47072
306,ALL,2020-02-28,0 days 15:59:16.763766,824034,105.0,104.96,31,645,1396,-269
307,ALL,2020-02-28,0 days 15:59:17.766979,825430,105.06,105.01,1447,580,-1009,1396
308,ALL,2020-02-28,0 days 15:59:18.767091,824239,105.06,105.01,1409,980,2558,-1009
309,ALL,2020-02-28,0 days 15:59:19.771090,826797,105.06,105.01,184,1080,-1742,2558
310,ALL,2020-02-28,0 days 15:59:20.777469,826439,105.08,105.01,3300,1642,358,-1742
311,ALL,2020-02-28,0 days 15:59:22.776323,821297,105.12,105.06,90,6,-6642,358
312,ALL,2020-02-28,0 days 15:59:27.788491,829656,105.12,105.05,161,890,-1783,8017
313,ALL,2020-02-28,0 days 15:59:30.796802,829533,105.1,105.06,200,200,123,-1477
314,ALL,2020-02-28,0 days 15:59:32.801451,824156,105.1,105.07,207,28,-5777,123
315,ALL,2020-02-28,0 days 15:59:36.810772,827733,105.1,105.05,90,601,156,-1077
316,ALL,2020-02-28,0 days 15:59:40.821702,838879,105.08,105.04,100,285,-2884,4406
317,ALL,2020-02-28,0 days 15:59:42.825094,830363,105.09,105.01,200,447,7816,-684
318,ALL,2020-02-28,0 days 15:59:43.828820,838179,105.1,105.03,191,90,-884,7816
319,ALL,2020-02-28,0 days 15:59:44.830899,838263,105.1,105.03,191,90,2616,-884
320,ALL,2020-02-28,0 days 15:59:45.834570,832979,105.1,105.03,91,90,-18742,2616
321,ALL,2020-02-28,0 days 15:59:49.841679,840321,105.04,105.01,89,654,1282,-1018
322,ALL,2020-02-28,0 days 15:59:54.854724,838918,105.12,105.02,490,1300,-4903,3197
323,ALLY,2020-02-28,0 days 15:55:00.551424,573928,24.78,24.77,2519,2570,163311,-14409
324,ALLY,2020-02-28,0 days 15:55:13.584233,736639,24.79,24.78,800,2300,-10691,14304
325,ALLY,2020-02-28,0 days 15:55:14.587351,724754,24.79,24.78,1410,2200,11885,-10691
326,ALLY,2020-02-28,0 days 15:55:40.648921,745280,24.86,24.85,2137,4493,-68289,12826
327,ALLY,2020-02-28,0 days 15:55:41.652075,740369,24.85,24.84,2904,1239,4911,-68289
328,ALLY,2020-02-28,0 days 15:55:50.672371,745280,24.83,24.82,5054,3014,-10294,7306
329,ALLY,2020-02-28,0 days 15:55:51.675646,737974,24.83,24.82,6524,1714,7306,-10294
330,ALLY,2020-02-28,0 days 15:58:03.996178,806435,24.94,24.93,4500,4960,-4281,519
331,ALLY,2020-02-28,0 days 15:58:04.998311,797716,24.93,24.92,2596,6710,8719,-4281
332,ALLY,2020-02-28,0 days 15:58:20.037195,815382,24.96,24.95,1600,3625,-1906,12794
333,ALLY,2020-02-28,0 days 15:58:21.036933,802688,24.95,24.94,5304,1800,12694,-1906
334,ALLY,2020-02-28,0 days 15:59:04.143668,810827,25.03,25.02,1000,4245,4569,-10131
335,ALLY,2020-02-28,0 days 15:59:18.175147,848117,25.07,25.06,2359,4108,-364,4835
336,ALLY,2020-02-28,0 days 15:59:19.177871,843960,25.06,25.05,2065,4600,7057,-364
337,ALLY,2020-02-28,0 days 15:59:27.198117,851017,25.08,25.07,412,7670,-17943,5957
338,ALLY,2020-02-28,0 days 15:59:28.199943,849560,25.08,25.07,823,8370,1457,-17943
339,ALLY,2020-02-28,0 days 15:59:30.209913,852127,25.08,25.07,6635,6243,-333,1457
340,ALLY,2020-02-28,0 days 15:59:35.217481,846660,25.08,25.07,8173,4383,5509,-333
341,ALLY,2020-02-28,0 days 15:59:38.224421,852169,25.07,25.06,5809,2039,-147,4409
342,AMC,2020-02-28,0 days 15:56:16.230451,121057,6.22,6.21,2563,1400,9937,-6709
343,AMC,2020-02-28,0 days 15:58:32.561334,120310,6.24,6.23,7699,6800,-9452,4594
344,AMCR,2020-02-28,0 days 15:55:00.095369,2038775,9.25,9.24,2410,37170,104037,-396691
345,AMCR,2020-02-28,0 days 15:55:01.097727,2033012,9.26,9.25,15195,16800,-5763,104037
346,AMCR,2020-02-28,0 days 15:55:54.229261,2089259,9.27,9.26,12996,17458,-21159,31841
347,AMCR,2020-02-28,0 days 15:56:16.279802,2098118,9.28,9.27,5000,31437,404,-259
348,AMCR,2020-02-28,0 days 15:57:00.386097,2107626,9.28,9.27,5298,38287,-504,308
349,AMCR,2020-02-28,0 days 15:58:58.675516,2161460,9.3,9.29,14879,58993,6878,-1722
350,AME,2020-02-28,0 days 15:55:00.082180,294364,85.02,84.95,100,1631,2165,-51679
351,AME,2020-02-28,0 days 15:55:01.082435,293029,85.05,84.95,557,1531,-1235,2165
352,AME,2020-02-28,0 days 15:55:31.156573,298994,85.08,85.04,1,442,175,-335
353,AME,2020-02-28,0 days 15:55:33.160221,297069,85.13,85.03,100,400,-1425,575
354,AME,2020-02-28,0 days 15:55:47.192074,299356,85.21,85.16,501,956,-1265,114
355,AME,2020-02-28,0 days 15:56:55.356569,301792,85.24,85.16,200,201,6743,-5778
356,AME,2020-02-28,0 days 15:58:00.516432,316757,85.38,85.36,220,200,-1811,3025
357,AME,2020-02-28,0 days 15:58:48.630899,340866,85.51,85.44,3,429,-121,1679
358,AME,2020-02-28,0 days 15:58:59.658841,335415,85.57,85.48,300,1,498,-3102
359,AME,2020-02-28,0 days 15:59:00.661892,335113,85.57,85.49,403,700,-302,498
360,AME,2020-02-28,0 days 15:59:06.678666,328084,85.52,85.46,110,300,8630,-1899
361,AME,2020-02-28,0 days 15:59:14.697906,391449,85.59,85.52,580,1418,-929,242
362,AME,2020-02-28,0 days 15:59:18.706277,388245,85.66,85.57,100,1019,3204,-2796
363,AME,2020-02-28,0 days 15:59:38.754910,399727,85.76,85.73,372,1678,-2177,8325
364,AME,2020-02-28,0 days 15:59:43.766922,391004,85.76,85.73,320,537,9312,-3377
365,AMH,2020-02-28,0 days 15:59:46.773443,698600,25.95,25.94,980,426,2911,-30658
366,AMX,2020-02-28,0 days 15:59:21.846688,117727,15.9,15.89,1800,28542,810,-1020
367,AMX,2020-02-28,0 days 15:59:24.853639,118537,15.91,15.9,700,30488,-1517,210
368,AMX,2020-02-28,0 days 15:59:40.893920,145314,15.93,15.92,17031,7200,820,-3564
369,AMX,2020-02-28,0 days 15:59:45.905398,141334,15.93,15.92,24847,6107,-3780,5120
370,ANF,2020-02-28,0 days 15:55:00.551090,162617,13.08,13.07,905,428,-3391,42496
371,ANF,2020-02-28,0 days 15:55:01.553837,160608,13.08,13.07,2187,228,2009,-3391
372,ANF,2020-02-28,0 days 15:56:24.753399,164125,13.12,13.11,1203,2979,-83,217
373,ANF,2020-02-28,0 days 15:56:31.770975,164208,13.13,13.12,800,5901,2663,-83
374,ANF,2020-02-28,0 days 15:57:18.885943,169117,13.11,13.1,2475,1916,1415,-3685
375,ANF,2020-02-28,0 days 15:58:31.062336,173954,13.11,13.1,8113,3916,-228,672
376,ANF,2020-02-28,0 days 15:58:32.065760,173282,13.11,13.1,8313,4316,672,-228
377,ANF,2020-02-28,0 days 15:58:40.083912,173954,13.1,13.09,700,7630,-228,672
378,ANF,2020-02-28,0 days 15:58:41.086370,173282,13.1,13.09,1300,8210,672,-228
379,ANTM,2020-02-28,0 days 15:57:03.346443,362631,253.69,253.6,55,958,665,-2035
380,ANTM,2020-02-28,0 days 15:57:52.464465,390496,253.8,253.67,2,783,-1572,228
381,ANTM,2020-02-28,0 days 15:57:53.466759,387268,253.8,253.67,2,783,3228,-1572
382,ANTM,2020-02-28,0 days 15:58:11.511610,382710,254.38,253.96,852,685,-2099,983
383,ANTM,2020-02-28,0 days 15:58:12.513893,380309,254.37,253.96,55,785,2401,-2099
384,ANTM,2020-02-28,0 days 15:58:57.622653,385733,255.68,255.38,410,578,-2376,3724
385,ANTM,2020-02-28,0 days 15:58:58.625217,384665,255.67,255.38,100,885,1968,-2376
386,ANTM,2020-02-28,0 days 15:59:01.633195,384834,255.91,255.66,300,1250,-231,1969
387,ANTM,2020-02-28,0 days 15:59:02.636395,385365,255.84,255.67,531,210,169,-231
388,ANTM,2020-02-28,0 days 15:59:06.646805,381717,255.91,255.73,300,327,2414,-2316
389,ANTM,2020-02-28,0 days 15:59:13.664460,398942,256.35,256.13,28,935,-600,76
390,ANTM,2020-02-28,0 days 15:59:14.667862,400397,256.35,256.13,18,1449,1306,-600
391,ANTM,2020-02-28,0 days 15:59:15.668485,401703,256.41,256.19,689,854,-1494,1306
392,ANTM,2020-02-28,0 days 15:59:16.670013,399697,256.41,256.25,321,757,2006,-1494
393,AON,2020-02-28,0 days 15:56:06.710825,324357,205.75,205.55,11,111,-1147,1433
394,AON,2020-02-28,0 days 15:56:07.712555,320404,205.79,205.67,1,175,3953,-1147
395,AON,2020-02-28,0 days 15:57:18.885990,335360,205.65,205.42,203,48,-4385,9415
396,AON,2020-02-28,0 days 15:57:19.888537,331445,205.64,205.39,75,24,3915,-4385
397,APA,2020-02-28,0 days 15:57:36.928387,845754,24.6,24.59,4839,600,802,-14598
398,APA,2020-02-28,0 days 15:57:37.931594,844356,24.6,24.59,5836,1565,-1398,802
399,APA,2020-02-28,0 days 15:57:40.938074,845754,24.59,24.58,5502,2958,4302,-998
400,APA,2020-02-28,0 days 15:57:41.940281,843956,24.58,24.57,400,2537,-1398,4302
401,APA,2020-02-28,0 days 15:57:43.944881,845754,24.58,24.57,4386,1951,3902,-998
402,APA,2020-02-28,0 days 15:59:07.150203,882808,24.67,24.66,4835,4797,2408,-11341
403,APA,2020-02-28,0 days 15:59:17.172893,887908,24.73,24.72,600,3991,39094,-7932
404,APA,2020-02-28,0 days 15:59:25.190454,922169,24.82,24.81,2103,900,333,-25
405,APA,2020-02-28,0 days 15:59:26.193413,922502,24.82,24.81,475,3250,-780,333
406,APA,2020-02-28,0 days 15:59:31.206517,921382,24.83,24.82,491,18740,1120,-1980
407,APA,2020-02-28,0 days 15:59:35.215851,922519,24.85,24.84,1130,16856,-5963,6
408,APD,2020-02-28,0 days 15:57:01.441493,279823,217.31,217.12,16,90,3699,-3138
409,APD,2020-02-28,0 days 15:57:12.467841,286499,217.43,217.27,100,5300,-908,976
410,APD,2020-02-28,0 days 15:57:13.470513,285987,217.43,217.28,3,5300,512,-908
411,APD,2020-02-28,0 days 15:57:26.503354,286499,217.7,217.5,100,5450,-67,17
412,APD,2020-02-28,0 days 15:57:34.522217,286666,217.71,217.5,90,5809,2633,-67
413,APD,2020-02-28,0 days 15:57:43.543258,291399,217.7,217.5,68,5912,-767,1733
414,APD,2020-02-28,0 days 15:57:44.545840,289866,217.7,217.51,102,5540,1533,-767
415,APD,2020-02-28,0 days 15:57:46.552062,289699,217.83,217.68,101,50,-567,733
416,APD,2020-02-28,0 days 15:57:47.553904,288466,217.76,217.65,80,90,1233,-567
417,APD,2020-02-28,0 days 15:58:07.605082,299079,217.83,217.68,11,3257,-2156,3600
418,APD,2020-02-28,0 days 15:58:08.606652,297235,217.83,217.69,11,190,2188,-2156
419,APD,2020-02-28,0 days 15:58:19.631430,297623,218.03,217.93,400,1707,-12,88
420,APD,2020-02-28,0 days 15:58:34.669438,295835,217.97,217.85,307,800,954,-300
421,APD,2020-02-28,0 days 15:58:36.673519,294489,218.02,217.89,213,90,-1346,954
422,APD,2020-02-28,0 days 15:58:51.710440,293320,218.26,218.04,214,3190,1069,-731
423,APD,2020-02-28,0 days 15:59:00.734981,284921,218.29,218.12,351,595,5346,-7353
424,APD,2020-02-28,0 days 15:59:01.735593,286567,218.43,218.26,690,803,-354,5346
425,APD,2020-02-28,0 days 15:59:02.739753,286421,218.48,218.35,222,700,188,-354
426,APD,2020-02-28,0 days 15:59:03.751060,286609,218.48,218.35,801,700,-262,188
427,APD,2020-02-28,0 days 15:59:04.742721,286171,218.48,218.39,801,839,438,-262
428,APD,2020-02-28,0 days 15:59:10.759754,286654,218.45,218.34,495,516,-2031,183
429,APD,2020-02-28,0 days 15:59:16.766281,292178,218.69,218.58,613,100,29755,-449
430,APD,2020-02-28,0 days 15:59:28.791371,325101,219.29,219.22,2,856,-493,300
431,APD,2020-02-28,0 days 15:59:37.814406,323820,219.25,219.14,905,3,1281,-493
432,APD,2020-02-28,0 days 15:59:45.834643,326184,219.48,219.32,290,400,-2077,1004
433,APD,2020-02-28,0 days 15:59:46.836536,325061,219.47,219.24,222,20,1123,-2077
434,APD,2020-02-28,0 days 15:59:47.837394,326184,219.47,219.24,2,20,-174,1123
435,APD,2020-02-28,0 days 15:59:48.839342,325204,219.41,219.24,290,20,980,-174
436,APH,2020-02-28,0 days 15:59:17.767049,400630,91.45,91.43,47,100,34552,-39131
437,APH,2020-02-28,0 days 15:59:58.862438,427022,91.72,91.62,174,1200,-342,6057
438,APH,2020-02-28,0 days 16:00:00.865815,424465,91.72,91.69,601,70,2557,-342
439,APLE,2020-02-28,0 days 15:59:18.246245,351171,13.09,13.08,7423,3455,1501,-26599
440,APLE,2020-02-28,0 days 15:59:19.248612,324072,13.09,13.08,8940,2765,-26599,1501
441,APLE,2020-02-28,0 days 15:59:48.320231,389457,13.1,13.09,10128,2057,-2933,6367
442,APLE,2020-02-28,0 days 15:59:59.350213,383774,13.08,13.07,4296,12997,13188,-277
443,APO,2020-02-28,0 days 15:55:31.627436,164059,41.36,41.35,800,496,-14894,20811
444,APO,2020-02-28,0 days 15:55:32.628884,162053,41.36,41.35,266,500,2006,-14894
445,APO,2020-02-28,0 days 15:57:43.946001,171180,41.43,41.39,1226,400,-17,383
446,APO,2020-02-28,0 days 15:57:44.949047,170797,41.43,41.39,1426,300,383,-17
447,APO,2020-02-28,0 days 15:59:06.148684,172175,41.6,41.56,500,500,-2741,1580
448,APO,2020-02-28,0 days 15:59:07.151949,171416,41.58,41.55,900,775,759,-2741
449,APO,2020-02-28,0 days 15:59:08.153757,170152,41.58,41.55,977,875,-1564,759
450,APO,2020-02-28,0 days 15:59:09.155797,169616,41.58,41.57,384,375,536,-1564
451,APO,2020-02-28,0 days 15:59:11.161733,170152,41.58,41.57,300,696,-1904,436
452,APTV,2020-02-28,0 days 15:55:45.318878,313351,77.47,77.42,737,600,2212,-875
453,APTV,2020-02-28,0 days 15:55:48.327283,312851,77.45,77.4,85,168,19,-81
454,APTV,2020-02-28,0 days 15:55:49.328376,312670,77.44,77.4,400,300,-81,19
455,APTV,2020-02-28,0 days 15:56:19.402904,318530,77.56,77.53,200,3,2,-598
456,APTV,2020-02-28,0 days 15:56:26.417503,317732,77.51,77.45,1,300,-498,202
457,APTV,2020-02-28,0 days 15:56:27.419599,317630,77.51,77.44,300,13,102,-498
458,APTV,2020-02-28,0 days 15:56:28.423515,317032,77.5,77.43,100,1,-598,102
459,APTV,2020-02-28,0 days 15:56:36.441761,316930,77.41,77.35,208,200,102,-598
460,APTV,2020-02-28,0 days 15:56:37.445311,316432,77.39,77.35,200,14,-298,102
461,APTV,2020-02-28,0 days 15:57:01.502416,318126,77.49,77.45,790,211,4514,-386
462,APTV,2020-02-28,0 days 15:57:02.504976,318088,77.5,77.45,600,411,-158,4514
463,APTV,2020-02-28,0 days 15:57:06.515000,318746,77.55,77.49,700,7,2802,-98
464,APTV,2020-02-28,0 days 15:57:51.624330,335991,77.75,77.67,300,115,-1590,386
465,APTV,2020-02-28,0 days 15:58:02.651719,335781,77.74,77.69,100,200,210,-490
466,APTV,2020-02-28,0 days 15:58:09.668791,336174,77.73,77.67,200,205,-178,493
467,APTV,2020-02-28,0 days 15:58:10.673809,335452,77.7,77.66,100,95,722,-178
468,APTV,2020-02-28,0 days 15:58:35.732279,336607,77.71,77.68,887,419,-45,422
469,APTV,2020-02-28,0 days 15:58:36.735673,337052,77.74,77.7,2,200,1955,-45
470,APTV,2020-02-28,0 days 15:58:37.737548,339007,77.76,77.7,1400,300,-845,1955
471,APTV,2020-02-28,0 days 15:58:44.753026,338707,77.76,77.72,1200,500,-645,655
472,APTV,2020-02-28,0 days 15:58:45.755672,338152,77.75,77.7,200,1009,555,-645
473,APTV,2020-02-28,0 days 15:58:46.758438,338707,77.76,77.71,1201,500,-245,555
474,APTV,2020-02-28,0 days 15:58:47.760484,338252,77.76,77.71,1201,426,455,-245
475,APTV,2020-02-28,0 days 15:58:50.768838,339218,77.8,77.73,500,200,-2134,455
476,APTV,2020-02-28,0 days 15:58:51.770462,338952,77.8,77.73,396,404,266,-2134
477,APTV,2020-02-28,0 days 15:58:53.774709,339218,77.84,77.8,200,200,-1134,266
478,APTV,2020-02-28,0 days 15:58:58.787135,338918,77.84,77.8,1052,1327,-634,166
479,APTV,2020-02-28,0 days 15:59:01.796525,339075,77.89,77.86,600,803,-2077,23
480,APTV,2020-02-28,0 days 15:59:04.806150,347257,77.93,77.89,400,1113,304,-382
481,APTV,2020-02-28,0 days 15:59:29.870965,427065,78.16,78.13,600,400,-167,3793
482,APTV,2020-02-28,0 days 15:59:32.873756,424850,78.16,78.12,496,2253,3469,-491
483,APTV,2020-02-28,0 days 15:59:33.876464,427065,78.16,78.12,596,1917,-491,3469
484,APTV,2020-02-28,0 days 15:59:37.886147,423456,78.16,78.12,434,1703,3143,-491
485,AQN,2020-02-28,0 days 15:57:01.371355,14963,14.91,14.9,11900,1786,412,-106
486,AQN,2020-02-28,0 days 15:57:58.509591,15475,14.91,14.9,6700,1317,-744,3206
487,AQN,2020-02-28,0 days 15:58:11.543295,15169,14.91,14.9,9076,5973,306,-1094
488,AQN,2020-02-28,0 days 15:58:21.567258,15475,14.91,14.9,8900,3058,-1194,3206
489,AQN,2020-02-28,0 days 15:59:01.664144,15475,14.92,14.91,4300,600,-2648,2756
490,AQN,2020-02-28,0 days 15:59:02.666530,15223,14.92,14.91,6264,1100,252,-2648
491,AQN,2020-02-28,0 days 15:59:06.678842,15475,14.92,14.91,8514,1300,-1801,252
492,AQN,2020-02-28,0 days 15:59:12.692949,15376,14.92,14.91,4498,4300,99,-1801
493,AQN,2020-02-28,0 days 15:59:27.727925,16775,14.91,14.9,942,4800,-105,703
494,ARI,2020-02-28,0 days 15:59:42.898071,755962,16.29,16.28,10160,6000,4476,-3136
495,ARI,2020-02-28,0 days 15:59:48.915652,749039,16.31,16.3,3000,1700,-7723,4985
496,ARMK,2020-02-28,0 days 15:55:00.178472,493791,34.54,34.53,800,539,-87267,23645
497,ARMK,2020-02-28,0 days 15:55:46.290407,563305,34.53,34.51,500,715,4978,-10737
498,ARMK,2020-02-28,0 days 15:55:47.292472,558383,34.53,34.51,731,1018,-3845,4978
499,ARMK,2020-02-28,0 days 15:56:21.374117,555334,34.5,34.49,266,400,-4422,778
500,ARMK,2020-02-28,0 days 15:57:16.508890,567513,34.49,34.48,1432,864,3815,-5456
501,ARMK,2020-02-28,0 days 15:57:17.511007,563828,34.5,34.49,200,100,-3685,3815
502,ARMK,2020-02-28,0 days 15:57:44.577123,568343,34.51,34.49,800,204,-1491,1809
503,ARMK,2020-02-28,0 days 15:57:45.580978,569834,34.5,34.49,100,550,1109,-1491
504,ARMK,2020-02-28,0 days 15:58:05.629034,594643,34.6,34.59,60,400,-43581,47600
505,ARMK,2020-02-28,0 days 15:58:07.634205,592600,34.6,34.59,100,1100,2043,-43581
506,ARMK,2020-02-28,0 days 15:58:08.635994,594643,34.61,34.6,238,700,-2259,2043
507,ARMK,2020-02-28,0 days 15:58:09.639204,592902,34.61,34.59,1501,1400,1741,-2259
508,ARMK,2020-02-28,0 days 15:58:38.708797,589479,34.63,34.61,45,2480,12164,-3636
509,ARMK,2020-02-28,0 days 15:59:01.766275,600848,34.68,34.67,400,885,-3430,1082
510,ARMK,2020-02-28,0 days 15:59:08.785227,600811,34.7,34.68,600,502,-8667,5833
511,ARNC,2020-02-28,0 days 15:57:18.430314,1911374,29.1,29.09,679,4600,767,-233
512,ARNC,2020-02-28,0 days 15:57:19.433340,1912141,29.12,29.11,500,1339,-601,767
513,ARNC,2020-02-28,0 days 15:57:24.444290,1912742,29.1,29.09,4100,500,974,-601
514,ARNC,2020-02-28,0 days 15:57:25.447244,1893200,29.09,29.08,4056,3804,-19542,974
515,ARNC,2020-02-28,0 days 15:57:35.471311,1913066,29.07,29.06,6098,3100,7834,-5169
516,ARNC,2020-02-28,0 days 15:57:36.473070,1895397,29.07,29.06,6703,2469,-17569,7834
517,ARNC,2020-02-28,0 days 15:57:42.488529,1913066,29.06,29.05,6628,3748,12331,-669
518,ARNC,2020-02-28,0 days 15:57:43.490944,1909297,29.07,29.06,2908,1900,-3669,12331
519,ARNC,2020-02-28,0 days 15:57:47.500861,1913066,29.08,29.07,1566,1148,734,-11769
520,ARNC,2020-02-28,0 days 15:57:49.504964,1896300,29.08,29.07,1153,3900,-16766,734
521,ARNC,2020-02-28,0 days 15:58:29.602794,1906527,29.09,29.08,905,3906,-11158,1042
522,ARNC,2020-02-28,0 days 15:59:06.696080,1943507,29.15,29.14,2000,200,49524,-10076
523,ARNC,2020-02-28,0 days 15:59:07.723226,1936831,29.14,29.13,800,1287,-6676,49524
524,ARNC,2020-02-28,0 days 15:59:17.715306,1965553,29.18,29.17,2172,1793,9793,-19504
525,ARNC,2020-02-28,0 days 15:59:18.719846,1943546,29.18,29.17,2081,2093,-22007,9793
526,ARNC,2020-02-28,0 days 15:59:19.718549,1965553,29.18,29.17,2625,1993,13352,-22007
527,ARNC,2020-02-28,0 days 15:59:20.719502,1943005,29.18,29.17,2525,1993,-22548,13352
528,ARNC,2020-02-28,0 days 15:59:35.759424,1972763,29.2,29.19,2631,200,131,-6069
529,ARNC,2020-02-28,0 days 15:59:38.763519,1965809,29.16,29.15,732,700,-5254,12046
530,ARNC,2020-02-28,0 days 15:59:39.767253,1971463,29.17,29.16,1957,197,21905,-5254
531,ARNC,2020-02-28,0 days 15:59:40.772275,1970668,29.17,29.16,1157,1359,-795,21905
532,ARNC,2020-02-28,0 days 15:59:42.775992,1975563,29.23,29.22,1417,500,86912,-795
533,ARNC,2020-02-28,0 days 15:59:54.801288,1905404,29.27,29.26,100,1986,-81045,62267
534,ARNC,2020-02-28,0 days 16:00:00.818708,1990849,29.36,29.35,11845,91459,4640,-122560
535,AROC,2020-02-28,0 days 15:59:51.785507,363353,7.03,7.02,3100,1789,26816,-21418
536,ASB,2020-02-28,0 days 15:55:02.098872,188840,16.81,16.8,3300,830,-90,560
537,ASB,2020-02-28,0 days 15:55:49.215675,195389,16.86,16.85,3500,1917,4451,-6249
538,ASB,2020-02-28,0 days 15:55:50.219914,191440,16.87,16.86,1100,3246,-3949,4451
539,ASB,2020-02-28,0 days 15:57:10.411211,204332,16.88,16.87,3207,665,8433,-560
540,ASB,2020-02-28,0 days 15:58:06.549078,205291,16.89,16.88,4105,3800,494,-291
541,ASB,2020-02-28,0 days 15:59:10.706279,211630,16.94,16.93,2700,6553,2116,-3484
542,ASB,2020-02-28,0 days 15:59:11.708897,211046,16.94,16.93,1700,5618,-1484,2116
543,ASB,2020-02-28,0 days 15:59:16.719309,235748,16.95,16.94,1252,4463,392,-2593
544,ASB,2020-02-28,0 days 15:59:23.727303,250338,16.97,16.96,202,5438,5902,-13841
545,ASB,2020-02-28,0 days 15:59:24.729427,246940,16.98,16.97,3911,1166,-4248,5902
546,ASB,2020-02-28,0 days 15:59:38.763734,240731,16.94,16.93,205,9322,-253,7387
547,ASB,2020-02-28,0 days 15:59:53.799511,244391,16.95,16.93,7399,1300,6170,-6030
548,ATH,2020-02-28,0 days 15:55:42.199643,416648,40.8,40.77,25,600,-18,319
549,ATH,2020-02-28,0 days 15:56:02.245794,415566,40.82,40.78,270,1800,1082,-1018
550,ATI,2020-02-28,0 days 15:55:00.551138,183754,17.21,17.19,440,200,-27836,15275
551,ATO,2020-02-28,0 days 15:55:00.095781,284310,103.13,103.08,60,92,-26828,45379
552,ATO,2020-02-28,0 days 15:57:07.404228,309686,103.38,103.34,290,343,11,-2839
553,ATO,2020-02-28,0 days 15:57:08.406247,309845,103.38,103.34,94,343,-861,11
554,ATO,2020-02-28,0 days 15:57:21.437047,311698,103.37,103.34,400,149,5063,-1333
555,ATO,2020-02-28,0 days 15:58:04.542837,318251,103.28,103.25,300,93,-102,1593
556,ATO,2020-02-28,0 days 15:58:05.546246,317753,103.28,103.25,300,31,498,-102
557,ATO,2020-02-28,0 days 15:58:18.580525,318301,103.27,103.24,156,396,-310,386
558,ATO,2020-02-28,0 days 15:58:19.582536,317911,103.28,103.24,25,398,390,-310
559,ATO,2020-02-28,0 days 15:58:56.669626,317601,103.3,103.26,312,400,-15,785
560,ATO,2020-02-28,0 days 15:58:57.671610,317416,103.3,103.26,304,1198,185,-15
561,ATO,2020-02-28,0 days 15:59:03.689845,317985,103.32,103.25,304,949,-1919,385
562,ATO,2020-02-28,0 days 15:59:04.689299,317479,103.32,103.25,504,823,545,-1919
563,ATO,2020-02-28,0 days 15:59:08.702240,325807,103.32,103.26,510,816,-4069,328
564,ATO,2020-02-28,0 days 15:59:09.704923,325576,103.3,103.27,405,456,231,-4069
565,ATO,2020-02-28,0 days 15:59:13.713978,326005,103.33,103.29,400,189,-9863,231
566,ATO,2020-02-28,0 days 15:59:24.729341,337884,103.35,103.27,200,90,15192,-11339
567,ATO,2020-02-28,0 days 15:59:26.734659,353076,103.35,103.28,90,681,-1558,1092
568,ATO,2020-02-28,0 days 15:59:27.736293,347834,103.33,103.26,90,594,6243,-1558
569,ATO,2020-02-28,0 days 15:59:28.739980,354077,103.34,103.26,90,94,-6086,6243
570,ATO,2020-02-28,0 days 15:59:29.753920,346363,103.34,103.28,100,52,8414,-6086
571,ATO,2020-02-28,0 days 15:59:37.765497,361352,103.25,103.14,397,300,-324,2476
572,ATO,2020-02-28,0 days 15:59:40.772549,360876,103.25,103.15,1122,90,3844,-24
573,ATO,2020-02-28,0 days 15:59:44.780713,365820,103.23,103.19,641,400,-2027,2173
574,ATO,2020-02-28,0 days 15:59:54.801397,363128,103.24,103.13,365,1360,-5005,1163
575,ATUS,2020-02-28,0 days 15:59:05.146067,755681,25.89,25.88,1112,2828,-11153,1424
576,ATUS,2020-02-28,0 days 15:59:07.151322,722713,25.89,25.88,2700,1700,32968,-29779
577,ATUS,2020-02-28,0 days 15:59:17.174080,770132,25.94,25.93,1000,3793,-66270,12107
578,ATUS,2020-02-28,0 days 15:59:40.229331,1024691,25.85,25.84,7317,1600,784,-7204
579,ATUS,2020-02-28,0 days 15:59:46.244648,1025127,25.83,25.82,3790,1236,-2202,5472
580,AVTR,2020-02-28,0 days 15:55:55.211341,367754,15.75,15.74,8063,698,1012,-588
581,AVTR,2020-02-28,0 days 15:56:16.261776,368766,15.81,15.78,600,400,-1443,2267
582,AVTR,2020-02-28,0 days 15:56:17.264371,367809,15.81,15.78,100,600,351,-1443
583,AVTR,2020-02-28,0 days 15:57:00.368527,369534,15.76,15.75,3236,1578,-2724,1278
584,AVTR,2020-02-28,0 days 15:57:01.371099,368217,15.77,15.76,600,1622,1317,-2724
585,AVTR,2020-02-28,0 days 15:57:03.374607,376534,15.77,15.76,600,1791,-1716,517
586,AVTR,2020-02-28,0 days 15:59:02.666376,432050,15.83,15.81,5014,1760,3587,-2558
587,AVTR,2020-02-28,0 days 15:59:07.714752,435637,15.82,15.81,490,182,-47707,1787
588,AVTR,2020-02-28,0 days 15:59:08.685733,434544,15.83,15.81,2209,23,1093,-47707
589,AVTR,2020-02-28,0 days 15:59:10.689556,435637,15.83,15.81,2208,23,-52,1093
590,AVX,2020-02-28,0 days 15:59:28.867097,276381,21.75,21.74,28965,2072,-18179,124021
591,AVX,2020-02-28,0 days 15:59:29.871081,184260,21.75,21.74,25263,1174,92121,-18179
592,AVYA,2020-02-28,0 days 15:59:06.678842,288316,12.92,12.91,5637,1788,-11088,3918
593,AVYA,2020-02-28,0 days 15:59:08.686092,286104,12.91,12.9,1355,925,2212,-11088
594,AVYA,2020-02-28,0 days 15:59:28.730362,290176,12.96,12.95,1896,1000,-2765,15235
595,AWK,2020-02-28,0 days 15:58:11.082135,448671,123.22,123.16,382,1,624,-1151
596,AWK,2020-02-28,0 days 15:58:12.083516,447395,123.22,123.12,196,873,-4577,624
597,AWK,2020-02-28,0 days 15:59:21.254948,513096,123.8,123.74,603,343,1237,-463
598,AWK,2020-02-28,0 days 15:59:24.260959,510933,123.83,123.79,453,123,-2263,1237
599,AWK,2020-02-28,0 days 15:59:43.308094,518319,123.76,123.68,90,29,1990,-1826
600,AWK,2020-02-28,0 days 15:59:44.310461,517009,123.76,123.68,350,20,-2354,1990
601,AWK,2020-02-28,0 days 15:59:47.319986,517063,123.76,123.66,279,416,143,-2157
602,AWK,2020-02-28,0 days 15:59:48.320278,515901,123.76,123.66,284,416,-1062,143
603,AXL,2020-02-28,0 days 15:57:25.530713,219851,6.26,6.25,4589,11227,508,-265
604,AXL,2020-02-28,0 days 15:58:49.736009,240830,6.29,6.28,3054,6979,1374,-5326
605,AXL,2020-02-28,0 days 15:58:50.739845,239004,6.29,6.28,2054,7879,-1826,1374
606,AXP,2020-02-28,0 days 15:51:18.082816,913331,108.36,108.31,100,480,-7162,12438
607,AXP,2020-02-28,0 days 15:52:32.260161,900893,108.31,108.24,200,39,12847,-7162
608,AXP,2020-02-28,0 days 15:53:05.339307,913331,108.33,108.3,200,379,-7162,12438
609,AXP,2020-02-28,0 days 15:53:06.342631,900893,108.27,108.22,711,20,12438,-7162
610,AXP,2020-02-28,0 days 15:53:10.356265,913331,108.33,108.27,200,303,-7162,12438
611,AXP,2020-02-28,0 days 15:55:00.618430,1113898,108.83,108.75,310,374,119447,-15135
612,AXP,2020-02-28,0 days 15:58:17.095060,1324014,109.14,109.11,456,400,-4565,4635
613,AXP,2020-02-28,0 days 15:58:18.100017,1318689,109.14,109.12,594,514,5340,-4565
614,AXP,2020-02-28,0 days 15:58:26.116890,1326954,109.14,109.11,600,400,-1325,9875
615,AXP,2020-02-28,0 days 15:58:27.119374,1321289,109.14,109.11,949,1900,5665,-1325
616,AXP,2020-02-28,0 days 15:58:30.126986,1326954,109.21,109.18,952,304,-1935,5565
617,AXP,2020-02-28,0 days 15:58:31.128690,1321789,109.2,109.17,600,600,5165,-1935
618,AXP,2020-02-28,0 days 15:58:37.156160,1329254,109.28,109.24,200,500,-5535,3665
619,AXP,2020-02-28,0 days 15:58:39.149225,1320089,109.3,109.27,1610,505,9165,-5535
620,AXP,2020-02-28,0 days 15:58:51.178240,1330876,109.39,109.35,200,300,-223,215
621,AXP,2020-02-28,0 days 15:58:53.182812,1326799,109.43,109.35,600,2460,4077,-323
622,AXP,2020-02-28,0 days 15:58:58.194563,1328199,109.44,109.4,439,2001,2677,-5023
623,AXP,2020-02-28,0 days 15:59:02.206052,1337685,109.48,109.45,3,700,-274,727
624,AXP,2020-02-28,0 days 15:59:04.210764,1333755,109.55,109.49,600,900,773,-3631
625,AXP,2020-02-28,0 days 15:59:07.219287,1338277,109.49,109.45,200,1660,-13993,3732
626,AXP,2020-02-28,0 days 15:59:14.236798,1396196,109.7,109.66,700,525,1695,-31483
627,AXP,2020-02-28,0 days 15:59:28.270484,1426626,109.92,109.86,1469,286,-4684,1378
628,AXP,2020-02-28,0 days 15:59:29.273594,1423210,109.89,109.85,701,323,3416,-4684
629,AXTA,2020-02-28,0 days 15:55:02.254269,495760,24.73,24.72,1400,600,-355,545
630,AXTA,2020-02-28,0 days 15:55:08.228797,496685,24.73,24.72,1677,2290,75,-355
631,AXTA,2020-02-28,0 days 15:55:09.231186,496560,24.73,24.72,1737,2500,-125,75
632,AXTA,2020-02-28,0 days 15:56:02.361294,497657,24.82,24.81,1700,300,903,-1321
633,AXTA,2020-02-28,0 days 15:56:03.362472,497360,24.82,24.8,2371,1429,-297,903
634,AXTA,2020-02-28,0 days 15:57:07.517797,514158,24.86,24.85,1500,694,369,-806
635,AXTA,2020-02-28,0 days 15:57:08.520690,513829,24.86,24.85,1400,1294,-329,369
636,AXTA,2020-02-28,0 days 15:57:28.570511,531245,24.85,24.84,1200,1061,8202,-476
637,AXTA,2020-02-28,0 days 15:58:07.663566,531303,24.85,24.84,600,1728,1244,-2856
638,AXTA,2020-02-28,0 days 15:58:56.782576,554531,24.89,24.88,900,3087,909,-3791
639,AXTA,2020-02-28,0 days 15:59:09.820471,555440,24.92,24.91,845,1342,-19287,10008
640,AXTA,2020-02-28,0 days 15:59:13.827546,571027,24.94,24.93,2372,1200,789,-3911
641,AXTA,2020-02-28,0 days 15:59:54.926433,585574,24.92,24.88,5510,500,21798,-9274
642,AXTA,2020-02-28,0 days 15:59:56.930161,603772,24.92,24.9,1600,200,-4067,21798
643,AYR,2020-02-28,0 days 15:55:46.230951,210561,31.85,31.84,10341,26139,-2646,30154
644,AYR,2020-02-28,0 days 15:55:47.233226,206807,31.85,31.84,10341,25339,3754,-2646
645,AYR,2020-02-28,0 days 15:59:24.763083,214495,31.85,31.84,6390,5502,-117709,763
646,AYR,2020-02-28,0 days 15:59:48.819710,325829,31.84,31.83,10798,110812,3571,-2721
647,AYR,2020-02-28,0 days 15:59:59.851565,328324,31.85,31.84,400,71735,-8117,3029
648,AYX,2020-02-28,0 days 15:58:19.582536,87866,139.02,138.95,10,1148,-3290,434
649,AYX,2020-02-28,0 days 15:59:19.718655,102610,139.34,139.21,595,886,5720,-1495
650,AYX,2020-02-28,0 days 15:59:20.719628,95459,139.4,139.32,10,600,-7266,5720
651,AYX,2020-02-28,0 days 15:59:25.732176,106547,139.5,139.49,149,615,12,-1388
652,AYX,2020-02-28,0 days 15:59:27.736234,106559,139.68,139.61,110,17,-88,12
653,AYX,2020-02-28,0 days 15:59:36.759511,107047,139.65,139.61,300,116,2510,-488
654,AYX,2020-02-28,0 days 15:59:37.765430,103357,139.65,139.61,40,100,-3790,2510
655,AYX,2020-02-28,0 days 15:59:38.763647,107447,139.65,139.61,40,100,2710,-3790
656,AYX,2020-02-28,0 days 15:59:39.767396,106757,139.67,139.61,428,100,-690,2710
657,AZN,2020-02-28,0 days 15:55:00.210617,54800,43.59,43.58,2040,1425,-8647,7575
658,AZN,2020-02-28,0 days 15:56:10.380112,64203,43.67,43.66,234,2642,81,-613
659,AZN,2020-02-28,0 days 15:56:11.381686,63684,43.68,43.67,1200,570,-519,81
660,AZN,2020-02-28,0 days 15:57:44.608404,72078,43.71,43.7,734,2600,275,-225
661,AZN,2020-02-28,0 days 15:57:45.610679,71053,43.71,43.7,600,2594,-1025,275
662,AZN,2020-02-28,0 days 15:58:10.673833,62178,43.71,43.7,1304,1300,8455,-1545
663,AZN,2020-02-28,0 days 15:58:11.673173,61739,43.72,43.71,2240,1000,-339,8455
664,AZN,2020-02-28,0 days 15:58:12.676158,62178,43.72,43.71,647,2500,55,-339
665,AZN,2020-02-28,0 days 15:58:13.678788,61633,43.73,43.72,928,3198,-545,55
666,AZN,2020-02-28,0 days 15:58:35.732279,62373,43.72,43.71,1700,805,60,-440
667,BA,2020-02-28,0 days 15:57:36.929475,775228,274.35,274.28,1497,40,3,-121
668,BA,2020-02-28,0 days 15:57:37.932700,771795,274.28,274.2,1600,528,-3333,3
669,BA,2020-02-28,0 days 15:57:39.936676,775128,274.35,274.2,8,936,1967,-833
670,BA,2020-02-28,0 days 15:57:40.939199,772595,274.3,274.21,1,172,-2533,1967
671,BA,2020-02-28,0 days 15:57:43.945984,766828,274.29,274.12,300,200,5767,-2533
672,BA,2020-02-28,0 days 15:57:45.950678,765495,274.14,274.08,1,383,-1133,4967
673,BA,2020-02-28,0 days 15:57:47.956446,766628,274.28,274.12,200,1,4967,-9333
674,BA,2020-02-28,0 days 15:57:49.961729,760895,274.28,274.1,473,803,-5733,3467
675,BA,2020-02-28,0 days 15:57:50.963612,766628,274.27,274.06,249,158,1067,-5733
676,BA,2020-02-28,0 days 15:57:51.966111,765495,274.22,274.08,200,300,-1133,1067
677,BA,2020-02-28,0 days 15:57:52.968753,766628,274.1,274.02,800,35,567,-1133
678,BA,2020-02-28,0 days 15:57:53.970892,765771,274.1,274.01,305,10,-857,567
679,BABA,2020-02-28,0 days 15:59:41.804316,3630443,207.54,207.52,202,154,7433,-5280
680,BABA,2020-02-28,0 days 15:59:51.828355,3650854,207.86,207.84,100,308,-18283,1417
681,BAC,2020-02-28,0 days 15:57:05.512168,15974292,28.1,28.09,7808,28360,40147,-71862
682,BAC,2020-02-28,0 days 15:58:07.663566,16162175,28.15,28.14,51901,38194,-49391,38572
683,BAC,2020-02-28,0 days 15:58:10.673891,16144738,28.14,28.13,48200,42039,1900,-21131
684,BAC,2020-02-28,0 days 15:58:12.676246,16134535,28.15,28.14,62254,36995,-10203,1900
685,BAC,2020-02-28,0 days 15:58:16.685597,16054638,28.16,28.15,9153,42117,45236,-12203
686,BAC,2020-02-28,0 days 15:59:17.836355,16909330,28.32,28.31,13071,30166,1086723,-85162
687,BAM,2020-02-28,0 days 15:57:02.473941,30531,59.49,59.46,605,1000,-18,88
688,BAM,2020-02-28,0 days 15:57:04.479208,30549,59.5,59.48,97,800,324,-18
689,BAM,2020-02-28,0 days 15:57:15.506207,30873,59.51,59.47,600,700,-515,175
690,BAM,2020-02-28,0 days 15:57:16.509127,29988,59.51,59.47,500,900,885,-515
691,BAM,2020-02-28,0 days 15:59:02.770175,31028,59.68,59.66,300,400,-160,340
692,BAM,2020-02-28,0 days 15:59:04.774353,30488,59.68,59.67,200,370,540,-360
693,BAM,2020-02-28,0 days 15:59:08.785647,29363,59.72,59.68,400,924,-43,240
694,BAM,2020-02-28,0 days 15:59:10.790203,29006,59.72,59.69,102,604,357,-43
695,BAX,2020-02-28,0 days 15:58:04.494310,613248,82.9,82.84,1200,600,-11759,11638
696,BAX,2020-02-28,0 days 15:58:05.504272,610833,82.88,82.84,700,203,2415,-11759
697,BAX,2020-02-28,0 days 15:58:36.573354,615503,82.91,82.86,1663,851,1154,-2620
698,BAX,2020-02-28,0 days 15:59:03.637894,617037,83.09,83.06,37,408,-7808,2966
699,BAX,2020-02-28,0 days 15:59:04.640924,616771,83.11,83.07,400,399,266,-7808
700,BAX,2020-02-28,0 days 15:59:18.675455,698140,83.25,83.21,200,236,-2515,18959
701,BAX,2020-02-28,0 days 15:59:19.675984,695781,83.25,83.23,300,200,2359,-2515
702,BB,2020-02-28,0 days 15:57:11.395993,70192,5.11,5.1,78578,25332,-3108,1481
703,BB,2020-02-28,0 days 15:58:46.625855,67458,5.13,5.12,33600,159084,5140,-3362
704,BB,2020-02-28,0 days 15:59:36.750845,79310,5.15,5.14,31567,123657,-2263,2837
705,BB,2020-02-28,0 days 15:59:37.753249,76473,5.15,5.14,29567,123657,2837,-2263
706,BBL,2020-02-28,0 days 15:56:03.200112,26584,36.3,36.29,252,10888,216,-297
707,BBL,2020-02-28,0 days 15:58:06.499423,29226,36.31,36.3,1883,600,-5280,247
708,BBL,2020-02-28,0 days 15:58:25.544833,26648,36.39,36.38,1464,820,801,-799
709,BBL,2020-02-28,0 days 15:59:00.632737,29332,36.3,36.29,300,11809,-285,284
710,BBL,2020-02-28,0 days 15:59:01.632981,29217,36.3,36.29,348,11846,15,-285
711,BBL,2020-02-28,0 days 15:59:08.651370,26360,36.3,36.29,307,17939,-393,216
712,BBL,2020-02-28,0 days 15:59:15.667895,28310,36.3,36.29,100,24378,1154,-46
713,BBL,2020-02-28,0 days 15:59:18.675341,32064,36.3,36.29,300,25044,-247,554
714,BBL,2020-02-28,0 days 15:59:43.735346,35121,36.37,36.36,79278,1702,452,-139
715,BBL,2020-02-28,0 days 15:59:45.739981,34473,36.33,36.32,77820,1502,-648,152
716,BBY,2020-02-28,0 days 15:55:01.051504,449619,74.55,74.53,302,534,-34110,50940
717,BBY,2020-02-28,0 days 15:55:02.053511,445129,74.51,74.49,482,200,4490,-34110
718,BBY,2020-02-28,0 days 15:55:28.116277,449378,74.82,74.78,229,437,-6095,1518
719,BBY,2020-02-28,0 days 15:55:29.118596,446029,74.82,74.78,214,1137,3349,-6095
720,BBY,2020-02-28,0 days 15:57:21.390330,500181,74.8,74.77,1,200,-6119,11681
721,BBY,2020-02-28,0 days 15:57:22.393068,494800,74.81,74.78,278,100,5381,-6119
722,BBY,2020-02-28,0 days 15:58:57.622530,514171,75.27,75.23,204,706,-23,5677
723,BBY,2020-02-28,0 days 15:58:58.625105,513494,75.24,75.22,200,190,5477,-23
724,BBY,2020-02-28,0 days 15:59:12.661483,507916,75.35,75.3,331,1679,18394,-2766
725,BBY,2020-02-28,0 days 15:59:40.729086,563212,75.44,75.38,748,905,-561,659
726,BBY,2020-02-28,0 days 15:59:45.740125,561225,75.44,75.39,1823,1015,1987,-4587
727,BBY,2020-02-28,0 days 15:59:46.742710,562312,75.43,75.39,300,112,-1613,1987
728,BBY,2020-02-28,0 days 15:59:47.744557,561993,75.44,75.39,1523,1542,1219,-1613
729,BBY,2020-02-28,0 days 15:59:48.747409,558912,75.44,75.41,600,300,-5482,1219
730,BBY,2020-02-28,0 days 15:59:49.749589,557494,75.44,75.41,200,1600,18,-5482
731,BCE,2020-02-28,0 days 15:58:38.625871,29158,44.09,44.08,1100,2860,720,-2055
732,BCE,2020-02-28,0 days 15:58:39.627271,28178,44.09,44.08,1700,2760,-555,720
733,BCE,2020-02-28,0 days 15:59:25.731989,31604,44.23,44.22,1800,536,4222,-665
734,BCE,2020-02-28,0 days 15:59:26.734459,30926,44.23,44.22,787,3510,-678,4222
735,BCE,2020-02-28,0 days 15:59:29.753832,32841,44.24,44.23,483,2856,385,-1915
736,BCE,2020-02-28,0 days 15:59:30.749568,32126,44.25,44.23,600,2063,-715,385
737,BCE,2020-02-28,0 days 15:59:38.763519,33041,44.24,44.23,3282,955,385,-515
738,BCS,2020-02-28,0 days 15:59:07.219250,74364,7.68,7.67,46337,167548,-13992,1421
739,BDN,2020-02-28,0 days 15:55:45.257805,182265,13.61,13.6,800,10666,24735,-34265
740,BDN,2020-02-28,0 days 15:55:46.259776,178900,13.62,13.61,4808,5464,-3365,24735
741,BDN,2020-02-28,0 days 15:57:04.448583,182065,13.6,13.59,3083,9123,6439,-9561
742,BDN,2020-02-28,0 days 15:57:05.451206,179844,13.6,13.59,2583,10023,-2221,6439
743,BDN,2020-02-28,0 days 15:57:21.491156,182365,13.61,13.6,3413,10241,1439,-61
744,BDN,2020-02-28,0 days 15:57:22.493309,181404,13.61,13.6,3313,10541,-661,1439
745,BDN,2020-02-28,0 days 15:58:46.697169,183265,13.63,13.62,5924,6465,2974,-1086
746,BDN,2020-02-28,0 days 15:59:44.831072,305887,13.64,13.63,14212,2147,191,-1993
747,BDN,2020-02-28,0 days 15:59:48.839421,300853,13.63,13.62,16147,2300,-4734,1566
748,BDX,2020-02-28,0 days 15:55:01.149980,315405,235.68,235.49,101,339,214,-36499
749,BDX,2020-02-28,0 days 15:55:09.169874,315706,235.71,235.6,184,1,-699,97
750,BDX,2020-02-28,0 days 15:55:10.172177,315505,235.74,235.6,144,5,114,-699
751,BDX,2020-02-28,0 days 15:55:16.188135,315319,235.92,235.82,180,391,-186,114
752,BDX,2020-02-28,0 days 15:55:17.189820,315131,235.92,235.82,80,88,188,-186
753,BDX,2020-02-28,0 days 15:55:18.193513,321119,235.92,235.82,80,88,-654,188
754,BDX,2020-02-28,0 days 15:55:45.257771,324536,236.21,236.13,102,84,1743,-1083
755,BDX,2020-02-28,0 days 15:55:46.259749,324198,236.21,236.13,202,1,-11,1743
756,BDX,2020-02-28,0 days 15:55:47.262051,324643,236.21,236.13,240,1,1792,-11
757,BDX,2020-02-28,0 days 15:55:49.266517,323735,236.12,236.02,203,1,-174,326
758,BDX,2020-02-28,0 days 15:56:29.364257,328943,236.43,236.3,200,400,458,-442
759,BDX,2020-02-28,0 days 15:56:30.369465,328301,236.43,236.33,100,250,-342,458
760,BDX,2020-02-28,0 days 15:57:02.443720,333585,236.36,236.27,456,50,4564,-896
761,BDX,2020-02-28,0 days 15:57:03.445876,333104,236.43,236.32,405,342,-581,4564
762,BDX,2020-02-28,0 days 15:57:39.534548,339004,236.2,236.07,100,100,1672,-1062
763,BDX,2020-02-28,0 days 15:57:40.535680,337976,236.19,236.08,332,99,-828,1672
764,BDX,2020-02-28,0 days 15:57:44.545863,338804,236.11,236.01,500,1,1372,-828
765,BDX,2020-02-28,0 days 15:57:45.550114,337876,236.11,236.01,600,1,-928,1372
766,BDX,2020-02-28,0 days 15:57:47.553933,338804,236.1,236.05,163,2,272,-928
767,BDX,2020-02-28,0 days 15:57:48.560632,337876,236.19,236.02,400,200,-1489,272
768,BDX,2020-02-28,0 days 15:57:54.569676,339465,236.27,236.12,253,1,1411,-3323
769,BDX,2020-02-28,0 days 15:57:55.572407,338476,236.27,236.12,35,1,-989,1411
770,BDX,2020-02-28,0 days 15:58:37.674987,353672,236.63,236.49,542,9,2142,-3258
771,BDX,2020-02-28,0 days 15:58:38.678157,351914,236.63,236.49,397,9,-1758,2142
772,BDX,2020-02-28,0 days 15:58:50.709082,353672,236.66,236.59,30,105,1042,-2055
773,BDX,2020-02-28,0 days 15:58:51.710440,351914,236.73,236.49,513,542,-358,1042
774,BDX,2020-02-28,0 days 15:59:12.792969,365193,237.35,237.26,308,100,28537,-6985
775,BDX,2020-02-28,0 days 15:59:37.814437,397605,237.45,237.3,679,162,-16,4584
776,BDX,2020-02-28,0 days 15:59:38.816288,394621,237.45,237.38,383,80,2984,-16
777,BDX,2020-02-28,0 days 15:59:39.818969,397705,237.46,237.32,516,442,-2350,2984
778,BDX,2020-02-28,0 days 15:59:40.821900,394721,237.45,237.33,277,50,2984,-2350
779,BDX,2020-02-28,0 days 15:59:45.834666,400205,237.33,237.12,1000,396,-244,2052
780,BDX,2020-02-28,0 days 15:59:47.837463,400549,237.32,237.12,300,731,374,-244
781,BDX,2020-02-28,0 days 15:59:48.839384,401023,237.32,237.12,400,731,-126,374
782,BDX,2020-02-28,0 days 15:59:50.844967,397349,237.36,237.18,616,694,2974,-1226
783,BDX,2020-02-28,0 days 15:59:55.855891,399223,237.9,237.61,500,4300,-6018,40
784,BERY,2020-02-28,0 days 15:57:35.523999,215976,37.79,37.77,200,900,-224,1176
785,BERY,2020-02-28,0 days 15:57:36.526168,212400,37.79,37.77,400,1007,3576,-224
786,BERY,2020-02-28,0 days 15:57:42.540527,215976,37.8,37.78,432,200,-324,3076
787,BERY,2020-02-28,0 days 15:57:43.543283,214500,37.8,37.78,532,300,1476,-324
788,BERY,2020-02-28,0 days 15:59:25.785917,237882,37.92,37.91,2782,739,212,-488
789,BERY,2020-02-28,0 days 15:59:34.806818,237594,37.96,37.94,400,885,-388,112
790,BERY,2020-02-28,0 days 15:59:37.814437,238082,37.96,37.94,700,500,3470,-388
791,BERY,2020-02-28,0 days 15:59:45.834681,242052,37.97,37.91,11,485,-8515,5270
792,BG,2020-02-28,0 days 15:58:51.710416,332457,46.88,46.86,5,320,-6515,3813
793,BG,2020-02-28,0 days 15:59:07.752314,324199,46.93,46.88,903,201,8258,-20940
794,BG,2020-02-28,0 days 15:59:20.777777,340492,46.95,46.93,4138,1333,102,-4483
795,BGG,2020-02-28,0 days 15:56:41.422775,55068,3.18,3.17,6324,1096,1685,-2515
796,BGG,2020-02-28,0 days 15:56:42.425281,54753,3.18,3.17,6021,996,-315,1685
797,BGG,2020-02-28,0 days 15:57:08.488507,55271,3.18,3.17,7402,1088,2110,-290
798,BGG,2020-02-28,0 days 15:57:41.570122,57977,3.17,3.16,3805,1252,-356,344
799,BGG,2020-02-28,0 days 15:57:42.571467,57633,3.16,3.15,3084,500,344,-356
800,BGG,2020-02-28,0 days 15:58:09.639450,61002,3.16,3.15,600,7510,-383,184
801,BGS,2020-02-28,0 days 15:55:09.169826,276727,14.99,14.98,400,1137,485,-315
802,BGS,2020-02-28,0 days 15:55:42.249776,276712,15.03,15.02,900,2101,100,-215
803,BGS,2020-02-28,0 days 15:55:51.273437,276812,15.03,15.02,1019,300,-1263,100
804,BGS,2020-02-28,0 days 15:58:05.598872,287774,15.02,15.01,2193,2015,2271,-1104
805,BHC,2020-02-28,0 days 15:55:00.120204,124545,22.02,22.01,2505,714,-1127,100032
806,BHC,2020-02-28,0 days 15:56:03.271740,145337,22.05,22.04,800,2200,18547,-19889
807,BHC,2020-02-28,0 days 15:56:04.275693,143884,22.08,22.06,1100,2530,-1453,18547
808,BHC,2020-02-28,0 days 15:56:26.327015,145337,22.06,22.05,1742,1500,2599,-701
809,BHC,2020-02-28,0 days 15:56:27.329590,144036,22.07,22.06,2200,500,-1301,2599
810,BHC,2020-02-28,0 days 15:58:15.592660,148718,22.08,22.07,1777,5528,595,-805
811,BHC,2020-02-28,0 days 15:58:16.595409,147513,22.08,22.07,1773,5628,-1205,595
812,BHC,2020-02-28,0 days 15:58:35.641264,150418,22.09,22.08,800,2555,5795,-1205
813,BHC,2020-02-28,0 days 15:59:04.714394,165918,22.1,22.09,169,5448,626,-505
814,BHC,2020-02-28,0 days 15:59:05.715889,158344,22.13,22.12,1625,4800,-9174,626
815,BHC,2020-02-28,0 days 15:59:06.721556,157918,22.13,22.12,1413,6168,426,-9174
816,BHC,2020-02-28,0 days 15:59:10.729355,158344,22.14,22.13,2300,2460,-119186,426
817,BHC,2020-02-28,0 days 15:59:43.807721,254248,22.15,22.14,5040,1920,1825,-3775
818,BHP,2020-02-28,0 days 15:59:16.170483,66176,43.26,43.25,3493,800,-8162,1268
819,BHP,2020-02-28,0 days 15:59:17.174273,65038,43.26,43.25,1633,1500,1138,-8162
820,BHP,2020-02-28,0 days 15:59:34.215356,71738,43.33,43.32,816,1294,-66,1206
821,BHP,2020-02-28,0 days 15:59:36.228038,68304,43.33,43.32,902,1225,3434,-66
822,BHP,2020-02-28,0 days 15:59:43.237849,71738,43.3,43.29,2080,1296,-1366,1134
823,BHP,2020-02-28,0 days 15:59:50.260937,71104,43.28,43.27,159,1311,634,-2166
824,BJ,2020-02-28,0 days 15:55:41.309357,221825,19.12,19.11,300,1052,3543,-18457
825,BJ,2020-02-28,0 days 15:55:55.343339,222288,19.11,19.1,300,1200,3298,-19202
826,BJ,2020-02-28,0 days 15:56:38.446092,226336,19.12,19.1,500,200,-244,2656
827,BJ,2020-02-28,0 days 15:56:39.448335,223380,19.12,19.1,300,200,2956,-244
828,BJ,2020-02-28,0 days 15:57:07.517729,229129,19.13,19.12,1010,1400,-7279,417
829,BJ,2020-02-28,0 days 15:58:13.678823,239154,19.13,19.12,305,990,-21241,3821
830,BJ,2020-02-28,0 days 15:59:08.819328,233083,19.16,19.15,2402,1367,-5455,501
831,BJ,2020-02-28,0 days 15:59:58.934647,275899,19.23,19.19,198,27244,-3128,772
832,BK,2020-02-28,0 days 15:55:04.128995,1293526,39.28,39.27,3300,608,2102,-222
833,BK,2020-02-28,0 days 15:55:09.141279,1295628,39.28,39.27,2952,4071,-2921,120
834,BK,2020-02-28,0 days 15:55:10.143731,1295049,39.28,39.27,3907,3971,579,-2921
835,BK,2020-02-28,0 days 15:57:34.493058,1455331,39.39,39.38,317,7255,-2205,10309
836,BK,2020-02-28,0 days 15:57:37.499773,1447436,39.39,39.38,369,7635,7009,-4205
837,BK,2020-02-28,0 days 15:57:41.510184,1456662,39.38,39.37,104,3905,-8174,1040
838,BK,2020-02-28,0 days 15:57:42.512237,1449636,39.38,39.37,1895,2352,6140,-8174
839,BK,2020-02-28,0 days 15:57:50.531976,1456662,39.38,39.37,915,4437,-8274,11609
840,BK,2020-02-28,0 days 15:57:51.534319,1449436,39.38,39.37,1088,3532,5009,-8274
841,BKR,2020-02-28,0 days 16:00:00.347650,2643459,16.1,16.09,49143,50950,7554,-259112
842,BLL,2020-02-28,0 days 15:59:16.670074,694377,70.47,70.44,100,390,16661,-84316
843,BLL,2020-02-28,0 days 15:59:17.674027,684862,70.53,70.49,200,909,-14315,16661
844,BMY,2020-02-28,0 days 15:57:00.841740,2992591,58.26,58.25,850,2905,37661,-226538
845,BMY,2020-02-28,0 days 15:57:01.843628,2981113,58.29,58.27,591,1800,-19978,37661
846,BMY,2020-02-28,0 days 15:57:08.860928,3026953,58.29,58.28,312,1201,153796,-25504
847,BMY,2020-02-28,0 days 15:59:02.138683,3205165,58.54,58.53,2100,800,1735,-34463
848,BMY,2020-02-28,0 days 15:59:10.159088,3293454,58.59,58.58,2800,800,-26445,4744
849,BMY,2020-02-28,0 days 15:59:14.168623,3303631,58.63,58.62,1285,21,-2676,1431
850,BMY,2020-02-28,0 days 15:59:15.170756,3306417,58.62,58.61,3047,999,7711,-2676
851,BNS,2020-02-28,0 days 15:57:21.461637,35827,52.04,52.03,2100,3620,12,-648
852,BNS,2020-02-28,0 days 15:57:44.517592,35839,52.06,52.05,2976,1600,-188,12
853,BNS,2020-02-28,0 days 15:59:15.741682,40298,52.18,52.17,8757,1114,204,-196
854,BNS,2020-02-28,0 days 15:59:25.765421,40502,52.21,52.2,6804,2700,-3726,4
855,BOX,2020-02-28,0 days 15:58:04.656149,363569,16.59,16.58,944,2719,-3234,11562
856,BOX,2020-02-28,0 days 15:58:05.658718,353603,16.59,16.58,1654,3719,9966,-3234
857,BOX,2020-02-28,0 days 15:59:37.886147,361083,16.71,16.7,594,2905,-7261,5947
858,BOX,2020-02-28,0 days 15:59:38.888603,356832,16.71,16.7,191,5664,4251,-7261
859,BP,2020-02-28,0 days 15:55:00.178741,238298,31.14,31.13,2300,10427,-1383,16385
860,BP,2020-02-28,0 days 15:55:04.188167,239681,31.14,31.13,8127,6821,4460,-1383
861,BP,2020-02-28,0 days 15:56:08.344974,248958,31.22,31.21,47286,3235,202,-2298
862,BP,2020-02-28,0 days 15:56:13.356255,250684,31.22,31.21,45502,5200,-8974,1326
863,BP,2020-02-28,0 days 15:57:35.554664,268560,31.17,31.16,11420,7318,-4145,4155
864,BP,2020-02-28,0 days 15:57:36.556806,265805,31.17,31.16,11558,7418,2755,-4145
865,BP,2020-02-28,0 days 15:58:11.643464,267470,31.18,31.17,16518,9080,7252,-1157
866,BP,2020-02-28,0 days 15:58:12.646169,263622,31.19,31.18,6290,19112,-3848,7252
867,BP,2020-02-28,0 days 15:59:08.785440,324844,31.23,31.22,15780,4300,15991,-27709
868,BP,2020-02-28,0 days 15:59:09.793599,319835,31.23,31.22,12098,4209,-14209,15991
869,BR,2020-02-28,0 days 15:59:48.248198,318259,104.41,104.4,66,373,900,-9520
870,BRFS,2020-02-28,0 days 15:55:00.178583,57363,6.01,6.0,15257,20552,22401,-41152
871,BRFS,2020-02-28,0 days 15:57:21.521025,82216,6.02,6.01,25130,19528,-9150,6950
872,BRFS,2020-02-28,0 days 15:57:22.523330,75266,6.02,6.01,23530,19328,6950,-9150
873,BRFS,2020-02-28,0 days 15:59:00.765412,85133,6.03,6.02,10700,55750,-8942,9667
874,BRO,2020-02-28,0 days 15:59:16.669375,631293,43.12,43.1,840,400,-73782,3599
875,BRO,2020-02-28,0 days 15:59:59.776802,650315,43.05,43.0,3681,7300,-10466,2727
876,BSBR,2020-02-28,0 days 15:59:01.796643,32779,8.71,8.7,6086,30615,4408,-5692
877,BSBR,2020-02-28,0 days 15:59:02.798125,27387,8.72,8.71,6279,40393,-5392,4408
878,BSX,2020-02-28,0 days 15:55:00.079913,1619889,36.86,36.85,1600,2326,89679,-8361
879,BSX,2020-02-28,0 days 15:56:18.265060,1721083,37.01,37.0,1580,3019,1033,-4315
880,BSX,2020-02-28,0 days 15:57:00.366527,1731913,36.94,36.93,3099,3562,-14893,23
881,BSX,2020-02-28,0 days 15:57:01.369158,1735209,36.95,36.94,2500,2270,124584,-14893
882,BSX,2020-02-28,0 days 15:57:03.373892,1862584,36.95,36.94,500,4200,-76623,11084
883,BSX,2020-02-28,0 days 15:57:04.376855,1860107,36.96,36.95,2054,2300,2503,-76623
884,BSX,2020-02-28,0 days 15:57:34.449491,1864273,36.95,36.94,2702,4000,-15186,3414
885,BSX,2020-02-28,0 days 15:57:36.458801,1863159,36.95,36.94,2206,4653,1114,-3886
886,BSX,2020-02-28,0 days 15:57:42.472711,1864273,36.94,36.93,1900,3005,-959,17041
887,BSX,2020-02-28,0 days 15:58:58.652614,1910412,37.04,37.03,8611,2583,2483,-1719
888,BSX,2020-02-28,0 days 15:59:06.676061,1970917,37.08,37.07,2200,5333,564,-17807
889,BSX,2020-02-28,0 days 15:59:09.685011,1971481,37.08,37.07,1248,5111,-1809,564
890,BSX,2020-02-28,0 days 15:59:14.694858,2013252,37.13,37.12,2001,7933,214384,-12932
891,BSX,2020-02-28,0 days 15:59:39.755637,2302747,37.29,37.28,1518,7090,7263,-2637
892,BSX,2020-02-28,0 days 15:59:47.773113,2316329,37.32,37.31,1983,5091,-14272,4712
893,BSX,2020-02-28,0 days 15:59:48.775406,2308704,37.32,37.31,1400,2466,10088,-14272
894,BTI,2020-02-28,0 days 15:55:06.193811,33028,39.54,39.53,600,588,-13,165
895,BTI,2020-02-28,0 days 15:55:07.196118,32941,39.55,39.54,200,415,87,-13
896,BTI,2020-02-28,0 days 15:57:21.521114,34976,39.66,39.65,600,800,-687,133
897,BTI,2020-02-28,0 days 15:57:22.523404,34863,39.66,39.65,700,900,113,-687
898,BTI,2020-02-28,0 days 15:57:48.588089,34976,39.7,39.69,1029,1240,-87,113
899,BTI,2020-02-28,0 days 15:57:49.589628,34963,39.71,39.7,834,1200,13,-87
900,BTI,2020-02-28,0 days 15:59:16.804360,38461,39.71,39.7,459,902,-168,29
901,BTU,2020-02-28,0 days 15:55:06.193132,236936,5.83,5.82,1450,5038,876,-5462
902,BTU,2020-02-28,0 days 15:55:07.194780,232912,5.83,5.82,1450,5038,-4024,876
903,BTU,2020-02-28,0 days 15:55:46.289924,236967,5.84,5.83,4800,2000,2041,-4055
904,BTU,2020-02-28,0 days 15:55:47.291151,233508,5.84,5.83,4700,2239,-3459,2041
905,BTU,2020-02-28,0 days 15:58:23.674095,283897,5.85,5.84,4529,3805,14981,-45119
906,BTU,2020-02-28,0 days 15:58:24.676589,271378,5.85,5.84,4629,3805,-12519,14981
907,BTU,2020-02-28,0 days 15:58:28.683373,283897,5.85,5.84,5430,4105,581,-18519
908,BTU,2020-02-28,0 days 15:58:29.685112,275378,5.85,5.84,5430,4005,-8519,581
909,BTU,2020-02-28,0 days 15:58:33.694532,283897,5.85,5.84,5810,4138,1881,-8519
910,BTU,2020-02-28,0 days 15:58:34.697809,279978,5.85,5.84,6010,4138,-3919,1881
911,BTU,2020-02-28,0 days 15:59:07.782694,283897,5.85,5.84,6602,6790,27850,-3919
912,BTU,2020-02-28,0 days 15:59:08.785087,246947,5.85,5.84,8277,4456,-36950,27850
913,BTU,2020-02-28,0 days 15:59:16.802348,291997,5.83,5.82,1323,12890,28830,-34266
914,BTU,2020-02-28,0 days 15:59:17.804202,261327,5.83,5.82,5958,12923,-30670,28830
915,BTU,2020-02-28,0 days 15:59:31.839714,290810,5.83,5.82,1200,13711,-1187,229
916,BTU,2020-02-28,0 days 15:59:39.858604,291997,5.83,5.82,5379,7977,115,-1087
917,BUD,2020-02-28,0 days 15:55:06.633987,85888,58.05,58.02,1000,794,-2905,1031
918,BUD,2020-02-28,0 days 15:55:07.635259,84793,58.05,58.02,1300,494,1095,-2905
919,BUD,2020-02-28,0 days 15:56:07.779985,82738,58.2,58.17,1500,1000,-3444,1060
920,BUD,2020-02-28,0 days 15:57:30.982859,82819,58.17,58.16,600,1000,-3522,882
921,BUD,2020-02-28,0 days 15:57:31.984737,82941,58.17,58.15,1000,1100,4282,-3522
922,BUD,2020-02-28,0 days 15:58:05.092417,79353,58.17,58.16,137,1386,4666,-1285
923,BUD,2020-02-28,0 days 15:58:13.085205,80763,58.18,58.17,209,100,-4452,299
924,BVN,2020-02-28,0 days 15:58:47.598169,592442,11.25,11.24,1712,6978,1386,-6005
925,BVN,2020-02-28,0 days 15:58:49.603633,576837,11.25,11.24,2512,6056,-14772,4395
926,BVN,2020-02-28,0 days 15:59:02.636395,591277,11.23,11.22,2780,6933,7684,-9516
927,BVN,2020-02-28,0 days 15:59:03.638053,580561,11.24,11.23,455,3379,-10716,7684
928,BWA,2020-02-28,0 days 15:59:15.741025,868985,31.5,31.49,200,3000,235237,-24508
929,BWA,2020-02-28,0 days 15:59:16.743301,839278,31.55,31.53,1403,2787,-40413,235237
930,BWA,2020-02-28,0 days 15:59:20.761390,888940,31.52,31.51,200,1600,13176,-12135
931,BWA,2020-02-28,0 days 15:59:21.754592,875907,31.52,31.5,674,550,-13805,13176
932,BWA,2020-02-28,0 days 15:59:23.759357,898318,31.53,31.52,702,1017,1288,-12011
933,BWA,2020-02-28,0 days 15:59:26.768780,883141,31.55,31.54,905,961,-16432,4121
934,BWA,2020-02-28,0 days 15:59:29.776809,901273,31.58,31.55,1820,536,20055,-4632
935,BWA,2020-02-28,0 days 15:59:30.777253,888702,31.57,31.55,210,100,-24971,20055
936,BWA,2020-02-28,0 days 15:59:34.786746,915520,31.61,31.57,922,450,108596,-7131
937,BWA,2020-02-28,0 days 15:59:43.807484,846328,31.61,31.58,532,539,-99255,12224
938,BWA,2020-02-28,0 days 15:59:46.815400,944904,31.61,31.57,1006,452,100624,-10455
939,BWA,2020-02-28,0 days 15:59:51.828772,846154,31.61,31.57,100,203,-99429,11650
940,BWA,2020-02-28,0 days 15:59:54.835074,944904,31.61,31.53,216,402,41550,-99429
941,BWA,2020-02-28,0 days 15:59:55.835343,846154,31.61,31.53,156,1502,-99429,41550
942,BX,2020-02-28,0 days 15:59:57.798999,975710,53.85,53.72,620,24201,-24191,18999
943,BX,2020-02-28,0 days 16:00:00.805529,973122,53.76,53.74,5217,473,2588,-28013
944,BXMT,2020-02-28,0 days 15:59:12.792836,340107,36.09,36.08,1858,1563,947,-3835
945,BXMT,2020-02-28,0 days 15:59:16.766374,338521,36.11,36.1,5200,571,-1586,947
946,BXMT,2020-02-28,0 days 15:59:38.816245,347540,36.13,36.11,1626,1563,2675,-2065
947,BXMT,2020-02-28,0 days 15:59:39.818943,346415,36.12,36.11,3205,329,-2725,2675
948,BXP,2020-02-28,0 days 15:55:03.216207,293965,127.54,127.44,170,490,24544,-879
949,BXP,2020-02-28,0 days 15:55:09.230879,286038,127.54,127.44,395,459,-8889,17198
950,BXP,2020-02-28,0 days 15:55:13.240723,294827,127.52,127.48,93,20,24211,-889
951,BXP,2020-02-28,0 days 15:55:14.243457,286038,127.58,127.5,350,377,-8889,24211
952,BXP,2020-02-28,0 days 15:57:00.499813,298318,127.73,127.7,115,2,224,-76
953,BXP,2020-02-28,0 days 15:57:02.504794,296686,127.79,127.73,1100,492,-1698,6602
954,BXP,2020-02-28,0 days 15:57:23.557805,300084,128.0,127.96,100,10,24043,-2057
955,BXP,2020-02-28,0 days 15:59:22.847988,376886,128.72,128.69,385,470,-831,769
956,BXP,2020-02-28,0 days 15:59:26.858091,374951,128.72,128.67,246,1349,2525,-2075
957,BXP,2020-02-28,0 days 15:59:39.893398,377756,128.64,128.6,245,405,-50,650
958,BXP,2020-02-28,0 days 15:59:44.902844,378296,128.64,128.63,324,60,1460,-1320
959,BXP,2020-02-28,0 days 15:59:45.905140,379756,128.64,128.63,11,20,-2044,1460
960,BXP,2020-02-28,0 days 15:59:50.918762,373229,128.63,128.54,90,90,6527,-473
961,BYD,2020-02-28,0 days 15:56:11.219786,137795,26.48,26.47,1295,134,-671,675
962,BYD,2020-02-28,0 days 15:56:12.221046,135966,26.47,26.46,706,889,1829,-671
963,BYD,2020-02-28,0 days 15:57:16.377791,142658,26.46,26.45,1101,500,-24,76
964,BYD,2020-02-28,0 days 15:57:24.398547,144482,26.47,26.46,1563,412,2374,-124
965,BYD,2020-02-28,0 days 15:58:42.586857,164446,26.61,26.6,195,838,3865,-935
966,BYD,2020-02-28,0 days 15:59:40.729334,164034,26.74,26.73,900,201,-166,276
967,BYD,2020-02-28,0 days 15:59:52.756578,171762,26.72,26.7,395,700,990,-7628
968,C,2020-02-28,0 days 15:55:00.210347,4876704,62.96,62.95,400,1232,-463181,27761
969,CADE,2020-02-28,0 days 15:59:51.326717,395020,14.11,14.1,1483,1909,-128,2852
970,CAG,2020-02-28,0 days 15:55:01.121884,735001,26.52,26.51,1686,2771,4992,-1208
971,CAG,2020-02-28,0 days 15:55:20.168234,736231,26.58,26.57,700,1801,4345,-668
972,CAG,2020-02-28,0 days 15:55:47.233046,746830,26.6,26.59,3300,400,-7768,6726
973,CAG,2020-02-28,0 days 15:55:48.261823,742998,26.59,26.58,1959,845,3832,-7768
974,CAG,2020-02-28,0 days 15:56:44.370435,746930,26.56,26.55,4000,1100,-3462,3538
975,CAG,2020-02-28,0 days 15:56:45.373493,743792,26.56,26.55,3710,800,3038,-3462
976,CAG,2020-02-28,0 days 15:56:50.385476,738030,26.56,26.55,434,4429,-5762,3038
977,CAG,2020-02-28,0 days 15:56:51.387542,734992,26.57,26.56,1652,3273,3038,-5762
978,CAG,2020-02-28,0 days 15:57:24.468586,782649,26.57,26.56,2156,2838,2991,-3708
979,CAG,2020-02-28,0 days 15:57:35.495553,786140,26.57,26.56,5999,5202,-1287,4213
980,CAG,2020-02-28,0 days 15:57:36.497435,782027,26.57,26.56,5799,5602,4113,-1287
981,CAG,2020-02-28,0 days 15:58:16.595282,792184,26.57,26.56,3585,3237,2977,-523
982,CAG,2020-02-28,0 days 15:58:38.648762,795228,26.58,26.57,2489,4679,-13756,1789
983,CAG,2020-02-28,0 days 15:58:39.651762,791039,26.58,26.57,2707,4730,4189,-13756
984,CAG,2020-02-28,0 days 15:59:35.789804,867021,26.66,26.65,3655,1600,21814,-3586
985,CAG,2020-02-28,0 days 15:59:37.794347,866728,26.66,26.65,4546,1600,-9873,2512
986,CAG,2020-02-28,0 days 15:59:47.817557,874494,26.66,26.65,5882,7538,-2107,2193
987,CAH,2020-02-28,0 days 15:55:00.096116,814268,51.12,51.11,200,220,174159,-18075
988,CAH,2020-02-28,0 days 15:56:07.259950,982914,51.56,51.52,200,118,-2736,3164
989,CAH,2020-02-28,0 days 15:56:08.261741,973550,51.59,51.56,375,400,8464,-2736
990,CAH,2020-02-28,0 days 15:57:42.488692,1007665,51.59,51.58,279,417,-29,3350
991,CAH,2020-02-28,0 days 15:57:44.494293,1004994,51.6,51.59,226,604,2671,-6929
992,CAH,2020-02-28,0 days 15:57:51.512362,994421,51.62,51.6,3483,2202,5449,-351
993,CAH,2020-02-28,0 days 15:58:00.538619,999870,51.63,51.62,200,400,-1851,14444
994,CAH,2020-02-28,0 days 15:58:01.538246,998621,51.64,51.63,600,307,1249,-1851
995,CAH,2020-02-28,0 days 15:58:56.669683,1102193,51.73,51.72,2279,357,11769,-1731
996,CAH,2020-02-28,0 days 15:59:06.696523,1104354,51.79,51.77,905,800,8769,-10894
997,CARS,2020-02-28,0 days 15:55:28.247252,111491,8.97,8.96,4540,943,3103,-4297
998,CARS,2020-02-28,0 days 15:57:07.486108,114557,8.98,8.97,2563,3985,539,-4561
999,CARS,2020-02-28,0 days 15:57:08.488535,115096,8.98,8.97,2163,3885,-1061,539
1000,CAT,2020-02-28,0 days 15:50:01.364533,524469,121.82,121.73,6,204,265,-4240
1001,CAT,2020-02-28,0 days 15:50:23.456883,521837,121.93,121.85,2000,200,-2632,265
1002,CAT,2020-02-28,0 days 15:50:44.465649,524469,121.8,121.75,351,100,165,-2032
1003,CAT,2020-02-28,0 days 15:50:47.473354,522437,121.88,121.79,40,382,-2032,165
1004,CAT,2020-02-28,0 days 15:55:00.082662,641522,122.79,122.7,351,206,34684,-29816
1005,CAT,2020-02-28,0 days 15:55:38.172661,678128,123.08,123.04,100,200,2645,-1155
1006,CAT,2020-02-28,0 days 15:56:06.239712,696222,123.33,123.28,89,202,-348,267
1007,CAT,2020-02-28,0 days 15:56:07.240373,694634,123.37,123.29,29,405,1588,-348
1008,CAT,2020-02-28,0 days 15:57:20.418174,733345,123.25,123.11,600,281,-20339,7961
1009,CAT,2020-02-28,0 days 15:57:21.420496,729835,123.25,123.17,400,20,3510,-20339
1010,CAT,2020-02-28,0 days 15:57:36.461018,729697,123.22,123.17,300,20,3648,-10652
1011,CAT,2020-02-28,0 days 15:57:37.463201,737249,123.22,123.18,302,200,-248,3648
1012,CAT,2020-02-28,0 days 15:57:43.477431,730697,123.2,123.13,5,202,2648,-19452
1013,CAT,2020-02-28,0 days 15:57:52.496569,732768,123.36,123.26,100,200,-4329,2248
1014,CAT,2020-02-28,0 days 15:57:53.497970,730997,123.36,123.26,100,500,1771,-4329
1015,CAT,2020-02-28,0 days 15:57:58.509591,732930,123.33,123.26,200,767,-3267,2448
1016,CAT,2020-02-28,0 days 15:57:59.512152,725797,123.3,123.2,300,100,7548,-3267
1017,CAT,2020-02-28,0 days 15:58:02.520721,732197,123.37,123.35,6,140,571,-2852
1018,CAT,2020-02-28,0 days 15:58:03.523238,729635,123.37,123.34,26,302,-2462,571
1019,CAT,2020-02-28,0 days 15:58:05.528968,727083,123.34,123.3,158,3098,2552,-2164
1020,CAT,2020-02-28,0 days 15:58:08.536054,729888,123.33,123.32,138,100,-495,20
1021,CAT,2020-02-28,0 days 15:58:09.537942,728483,123.31,123.28,110,72,1820,-495
1022,CAT,2020-02-28,0 days 15:58:12.558836,730303,123.3,123.2,841,900,-90,3920
1023,CAT,2020-02-28,0 days 15:58:19.561842,729889,123.38,123.3,300,600,-3904,1811
1024,CAT,2020-02-28,0 days 15:58:20.564517,728493,123.38,123.3,303,320,1811,-3904
1025,CAT,2020-02-28,0 days 15:58:24.573632,730304,123.33,123.26,540,600,-3389,1811
1026,CAT,2020-02-28,0 days 15:58:25.575741,729093,123.32,123.27,200,300,796,-3389
1027,CAT,2020-02-28,0 days 15:58:33.595042,730304,123.32,123.29,427,500,-3389,1811
1028,CAT,2020-02-28,0 days 15:58:34.602154,723893,123.32,123.29,859,61,6411,-3389
1029,CAT,2020-02-28,0 days 15:58:35.599798,730304,123.31,123.29,700,561,-3389,6411
1030,CAT,2020-02-28,0 days 15:58:36.605079,729093,123.32,123.31,105,200,796,-3389
1031,CAT,2020-02-28,0 days 15:58:37.605068,729727,123.39,123.33,600,300,-66,796
1032,CAT,2020-02-28,0 days 15:58:40.612503,729693,123.39,123.34,900,70,196,-66
1033,CAT,2020-02-28,0 days 15:58:41.615418,729727,123.39,123.35,400,100,-3606,196
1034,CAT,2020-02-28,0 days 15:58:42.617947,728833,123.39,123.35,395,200,894,-3606
1035,CAT,2020-02-28,0 days 15:58:51.638889,734573,123.43,123.39,334,200,-3360,6795
1036,CAT,2020-02-28,0 days 15:58:52.640379,733333,123.43,123.36,300,671,1140,-3360
1037,CAT,2020-02-28,0 days 15:58:58.654988,725533,123.42,123.41,100,413,1009,-6891
1038,CAT,2020-02-28,0 days 15:59:01.664147,726542,123.5,123.44,200,904,-272,291
1039,CAT,2020-02-28,0 days 15:59:05.674497,726365,123.56,123.52,40,1586,177,-123
1040,CAT,2020-02-28,0 days 15:59:12.693093,742185,123.75,123.67,400,506,52193,-11
1041,CAT,2020-02-28,0 days 15:59:15.701363,786201,123.85,123.78,2300,900,1377,-3107
1042,CAT,2020-02-28,0 days 15:59:16.702596,787878,123.85,123.8,922,200,-421,1377
1043,CAT,2020-02-28,0 days 15:59:18.706536,786074,123.92,123.88,58,60,1794,-3656
1044,CAT,2020-02-28,0 days 15:59:19.708176,787868,123.94,123.89,1488,679,-3892,1794
1045,CAT,2020-02-28,0 days 15:59:20.710921,785360,123.95,123.9,700,900,2508,-3892
1046,CAT,2020-02-28,0 days 15:59:34.745978,787864,123.98,123.94,460,670,-32,749
1047,CAT,2020-02-28,0 days 15:59:35.748366,787696,123.95,123.91,528,2,580,-32
1048,CAT,2020-02-28,0 days 15:59:45.772690,797296,123.96,123.84,412,1279,-1321,1516
1049,CB,2020-02-28,0 days 15:59:15.170746,562099,144.77,144.68,267,82,3145,-23451
1050,CB,2020-02-28,0 days 15:59:16.170292,559144,144.77,144.68,264,82,-4450,3145
1051,CBL,2020-02-28,0 days 15:59:59.941315,66684,0.56,0.53,1300,100,-84238,6305
1052,CBRE,2020-02-28,0 days 15:59:15.741395,991622,56.11,56.06,341,401,11542,-58795
1053,CBRE,2020-02-28,0 days 15:59:16.743766,968821,56.11,56.06,402,544,-22901,11542
1054,CBRE,2020-02-28,0 days 15:59:35.790136,999075,56.1,56.04,100,32,4027,-895
1055,CBRE,2020-02-28,0 days 15:59:36.791630,992819,56.1,56.04,541,32,-6256,4027
1056,CBRE,2020-02-28,0 days 16:00:00.848272,999975,56.02,55.95,110,150,55028,-45172
1057,CC,2020-02-28,0 days 15:59:16.170250,226689,14.87,14.86,1231,2376,420,-380
1058,CC,2020-02-28,0 days 15:59:17.174080,227109,14.87,14.86,1282,3093,-1409,420
1059,CCC,2020-02-28,0 days 15:56:58.363914,40373,20.34,20.32,501,500,675,-309
1060,CCC,2020-02-28,0 days 15:56:59.366265,40148,20.34,20.31,675,1200,-225,675
1061,CCC,2020-02-28,0 days 15:57:10.395592,41189,20.34,20.31,881,1100,749,-225
1062,CCC,2020-02-28,0 days 15:58:47.629033,45637,20.33,20.32,4690,1152,-32,199
1063,CCC,2020-02-28,0 days 15:59:06.678747,58532,20.33,20.32,4673,519,902,-889
1064,CCC,2020-02-28,0 days 15:59:07.715253,57634,20.33,20.32,4773,619,-898,902
1065,CCC,2020-02-28,0 days 15:59:32.740509,64222,20.39,20.37,4991,91,649,-1951
1066,CCC,2020-02-28,0 days 15:59:50.785282,64222,20.38,20.36,577,442,914,-851
1067,CCC,2020-02-28,0 days 15:59:55.793318,61771,20.38,20.33,4200,1105,-2551,914
1068,CCC,2020-02-28,0 days 15:59:56.795124,59615,20.38,20.32,4600,1000,5521,-2551
1069,CCEP,2020-02-28,0 days 15:56:10.265004,427317,50.97,50.93,249,915,1715,-2276
1070,CCEP,2020-02-28,0 days 15:56:11.267708,423532,50.97,50.93,249,915,-3785,1715
1071,CCEP,2020-02-28,0 days 15:57:12.415758,462266,50.93,50.91,100,300,339,-7657
1072,CCEP,2020-02-28,0 days 15:57:13.418025,459454,50.93,50.9,200,700,-2812,339
1073,CCEP,2020-02-28,0 days 15:58:13.566661,469574,50.98,50.96,104,100,-3003,1448
1074,CCEP,2020-02-28,0 days 15:58:51.659663,472577,51.06,51.02,800,200,1150,-13014
1075,CCEP,2020-02-28,0 days 15:58:52.661358,468227,51.06,51.02,900,700,-4350,1150
1076,CCEP,2020-02-28,0 days 15:58:57.671564,472577,51.05,51.03,300,500,850,-1514
1077,CCEP,2020-02-28,0 days 15:58:58.675626,467127,51.05,51.03,220,700,-5450,850
1078,CCEP,2020-02-28,0 days 15:59:05.693063,470016,51.09,51.06,595,200,-2961,18439
1079,CCEP,2020-02-28,0 days 15:59:10.706086,466950,51.08,51.05,400,100,631,-5396
1080,CCEP,2020-02-28,0 days 15:59:11.708747,467581,51.08,51.04,533,200,-2692,631
1081,CCEP,2020-02-28,0 days 15:59:13.713807,476511,51.07,51.04,396,200,1070,-2692
1082,CCEP,2020-02-28,0 days 15:59:18.719988,472781,51.07,51.05,51,221,-4430,1470
1083,CCEP,2020-02-28,0 days 15:59:40.772462,477211,51.1,51.07,340,1166,292,-6393
1084,CCEP,2020-02-28,0 days 15:59:41.774630,474018,51.1,51.07,640,1104,-6393,292
1085,CCEP,2020-02-28,0 days 15:59:42.776123,477211,51.08,51.0,803,130,292,-6393
1086,CCEP,2020-02-28,0 days 15:59:46.786043,472762,51.06,50.98,1260,200,-4049,11151
1087,CCI,2020-02-28,0 days 15:59:15.832510,663207,143.38,143.21,294,90,10655,-63484
1088,CCI,2020-02-28,0 days 15:59:16.834763,655662,143.48,143.21,200,390,-8075,10655
1089,CCI,2020-02-28,0 days 15:59:26.858677,664916,143.62,143.52,90,50,855,-3245
1090,CCI,2020-02-28,0 days 15:59:27.860418,661871,143.63,143.5,1205,90,-3245,855
1091,CCI,2020-02-28,0 days 15:59:29.870965,664916,143.62,143.49,90,802,855,-5259
1092,CCI,2020-02-28,0 days 15:59:31.871956,660157,143.63,143.51,2063,890,-5259,855
1093,CCI,2020-02-28,0 days 15:59:35.881144,666816,143.66,143.53,600,384,163,-14037
1094,CCI,2020-02-28,0 days 15:59:37.886147,665993,143.7,143.51,100,500,-3054,3446
1095,CCI,2020-02-28,0 days 15:59:47.909707,669947,143.51,142.98,500,500,4567,-3047
1096,CCI,2020-02-28,0 days 15:59:48.915771,666814,143.51,143.25,474,670,-2933,4567
1097,CCJ,2020-02-28,0 days 15:56:44.346394,107731,8.59,8.58,6285,22359,-23747,32353
1098,CCJ,2020-02-28,0 days 15:56:45.348282,104778,8.59,8.58,6985,22359,2953,-23747
1099,CCJ,2020-02-28,0 days 15:59:00.683779,106291,8.63,8.62,8400,31844,-701,1577
1100,CCJ,2020-02-28,0 days 15:59:01.684654,105692,8.63,8.62,10900,27744,599,-701
1101,CCJ,2020-02-28,0 days 15:59:06.695325,127485,8.63,8.62,16838,20852,-4064,37293
1102,CCJ,2020-02-28,0 days 15:59:07.722983,125549,8.63,8.62,15238,20078,1936,-4064
1103,CCJ,2020-02-28,0 days 15:59:13.713392,150943,8.63,8.62,18096,19092,-41806,53194
1104,CCJ,2020-02-28,0 days 15:59:14.714524,146717,8.63,8.62,22097,8792,4226,-41806
1105,CCJ,2020-02-28,0 days 15:59:25.731455,150633,8.63,8.62,1444,17458,310,-3206
1106,CCJ,2020-02-28,0 days 15:59:26.734278,150943,8.63,8.62,441,19058,-990,310
1107,CCJ,2020-02-28,0 days 15:59:27.735966,152233,8.64,8.63,30200,8860,8310,-990
1108,CCJ,2020-02-28,0 days 15:59:48.790571,154700,8.67,8.66,7727,24423,831,-1169
1109,CCL,2020-02-28,0 days 15:56:34.274277,730502,33.11,33.1,1047,500,5654,-1146
1110,CCL,2020-02-28,0 days 15:56:35.276725,726956,33.12,33.11,2398,520,-3546,5654
1111,CCL,2020-02-28,0 days 15:56:59.334427,730834,33.12,33.11,1776,919,6347,-2293
1112,CCL,2020-02-28,0 days 15:57:00.337559,728581,33.13,33.12,101,1537,-2253,6347
1113,CCL,2020-02-28,0 days 15:57:03.346431,732534,33.13,33.12,2058,1414,5269,-3067
1114,CCL,2020-02-28,0 days 15:57:05.351024,731662,33.12,33.11,1620,1147,-472,3798
1115,CCL,2020-02-28,0 days 15:59:02.636381,807662,33.29,33.28,4673,1041,2958,-8609
1116,CCL,2020-02-28,0 days 15:59:03.638010,803620,33.3,33.29,1390,800,-5042,2958
1117,CCL,2020-02-28,0 days 15:59:40.729240,1049988,33.39,33.38,500,2997,6589,-10580
1118,CDAY,2020-02-28,0 days 15:56:54.323086,754487,70.96,70.88,728,418,-6307,4227
1119,CDAY,2020-02-28,0 days 15:58:12.513874,795820,70.97,70.87,300,2264,413,-1689
1120,CDAY,2020-02-28,0 days 15:58:13.516302,791833,71.05,70.87,600,2064,-2689,413
1121,CDAY,2020-02-28,0 days 15:59:35.715844,845389,71.04,70.97,1701,258,1466,-6776
1122,CDAY,2020-02-28,0 days 15:59:39.726429,849525,71.03,70.97,373,315,-4765,1466
1123,CDAY,2020-02-28,0 days 15:59:40.729240,846188,71.03,70.97,73,315,3677,-4765
1124,CDAY,2020-02-28,0 days 15:59:41.730812,849725,71.03,70.97,2,356,-4865,3677
1125,CDAY,2020-02-28,0 days 15:59:42.733190,846188,71.05,70.97,339,336,3677,-4865
1126,CDAY,2020-02-28,0 days 15:59:47.744743,849725,71.05,70.97,239,711,-4965,3577
1127,CE,2020-02-28,0 days 15:55:03.125980,239213,92.76,92.69,300,403,897,-2917
1128,CE,2020-02-28,0 days 15:55:04.128812,236910,92.76,92.7,2,300,-2303,897
1129,CE,2020-02-28,0 days 15:57:14.444169,246498,93.0,92.97,16,204,1023,-23001
1130,CE,2020-02-28,0 days 15:59:06.720982,280893,93.64,93.58,1100,354,2566,-6700
1131,CE,2020-02-28,0 days 15:59:29.776706,300714,94.01,93.93,1110,348,-920,6211
1132,CE,2020-02-28,0 days 15:59:31.781201,300534,93.93,93.89,200,500,241,-5359
1133,CE,2020-02-28,0 days 15:59:32.782149,300775,93.94,93.89,200,600,-959,241
1134,CF,2020-02-28,0 days 15:57:12.367840,557185,36.73,36.7,509,302,60006,-11921
1135,CF,2020-02-28,0 days 15:57:13.372521,548104,36.74,36.72,553,402,-9081,60006
1136,CF,2020-02-28,0 days 15:57:18.382622,557692,36.76,36.74,700,200,1963,-8688
1137,CF,2020-02-28,0 days 15:57:19.389271,549455,36.76,36.74,600,400,-7937,1963
1138,CF,2020-02-28,0 days 15:57:41.437495,557741,36.73,36.71,1000,400,2545,-1755
1139,CF,2020-02-28,0 days 15:57:42.439934,550586,36.73,36.71,1000,400,-7055,2545
1140,CF,2020-02-28,0 days 15:59:07.688553,565795,36.89,36.87,592,100,5547,-9755
1141,CF,2020-02-28,0 days 15:59:08.651456,561242,36.89,36.87,512,1000,-10252,5547
1142,CF,2020-02-28,0 days 15:59:15.668069,567052,36.93,36.92,336,10,42666,-5909
1143,CF,2020-02-28,0 days 15:59:16.669415,565518,36.95,36.92,54,1056,-1834,42666
1144,CF,2020-02-28,0 days 15:59:38.722748,578645,36.89,36.88,400,706,5159,-1671
1145,CF,2020-02-28,0 days 15:59:39.726266,577604,36.88,36.85,1202,369,-1741,5159
1146,CF,2020-02-28,0 days 15:59:41.730637,575545,36.87,36.86,400,523,2459,-1341
1147,CF,2020-02-28,0 days 15:59:43.735470,572673,36.87,36.86,9,587,-3291,2059
1148,CF,2020-02-28,0 days 15:59:45.740125,576802,36.87,36.86,931,100,1571,-5191
1149,CF,2020-02-28,0 days 15:59:46.742710,576273,36.86,36.84,727,320,-229,1571
1150,CFG,2020-02-28,0 days 15:55:12.077352,892057,31.38,31.37,2688,3277,-56934,79066
1151,CFG,2020-02-28,0 days 15:55:13.079933,884391,31.37,31.36,2373,2240,7666,-56934
1152,CFG,2020-02-28,0 days 15:55:40.144361,891671,31.41,31.4,2083,2706,-16790,2110
1153,CFG,2020-02-28,0 days 15:55:41.147239,888961,31.4,31.39,4668,500,3110,-16790
1154,CFG,2020-02-28,0 days 15:56:06.210344,893561,31.49,31.48,3100,1012,660,-2340
1155,CFG,2020-02-28,0 days 15:56:28.260549,985943,31.44,31.43,2652,1600,-5818,2660
1156,CFG,2020-02-28,0 days 15:56:56.327863,992661,31.42,31.41,3400,2034,2000,-2795
1157,CFG,2020-02-28,0 days 15:56:57.330340,984361,31.42,31.41,3600,2126,-8300,2000
1158,CFG,2020-02-28,0 days 15:57:01.340129,992743,31.41,31.4,3072,4324,2298,-7179
1159,CFG,2020-02-28,0 days 15:57:02.342416,985541,31.41,31.4,3272,4724,-7802,2298
1160,CFG,2020-02-28,0 days 15:57:09.359671,995598,31.42,31.41,3519,1663,12382,-9757
1161,CFG,2020-02-28,0 days 15:57:10.363598,993229,31.42,31.41,3553,1928,-6739,12382
1162,CFG,2020-02-28,0 days 15:57:13.372677,999968,31.42,31.41,3634,2851,9527,-5898
1163,CFG,2020-02-28,0 days 15:57:14.372681,996495,31.42,31.41,6034,2551,-3473,9527
1164,CFG,2020-02-28,0 days 15:58:03.491503,1053331,31.45,31.44,3900,4772,1777,-615
1165,CFG,2020-02-28,0 days 15:58:51.609275,1085119,31.51,31.5,858,6216,-6308,11114
1166,CFG,2020-02-28,0 days 15:58:52.610539,1065927,31.52,31.51,2100,1434,19192,-6308
1167,CFG,2020-02-28,0 days 15:59:03.638053,1055113,31.57,31.56,4300,1419,3335,-9106
1168,CFG,2020-02-28,0 days 15:59:11.658649,1058960,31.6,31.59,2100,4375,-25466,1806
1169,CFG,2020-02-28,0 days 15:59:12.661893,1056526,31.62,31.61,1454,1515,11293,-25466
1170,CFG,2020-02-28,0 days 15:59:13.664460,1067819,31.62,31.61,839,3096,-1707,11293
1171,CFG,2020-02-28,0 days 15:59:16.669946,1073626,31.62,31.61,2100,3327,14362,-1707
1172,CFG,2020-02-28,0 days 15:59:24.689488,1093888,31.62,31.61,1685,4765,141,-859
1173,CFG,2020-02-28,0 days 15:59:38.722926,1146716,31.66,31.65,2200,2364,-3945,728
1174,CFX,2020-02-28,0 days 15:55:00.618348,104883,33.42,33.39,100,200,-12600,19522
1175,CFX,2020-02-28,0 days 15:56:49.881469,112775,33.43,33.39,645,1040,4227,-923
1176,CFX,2020-02-28,0 days 15:56:50.884689,111902,33.43,33.41,200,800,-873,4227
1177,CFX,2020-02-28,0 days 15:57:08.931976,114542,33.45,33.43,600,720,4723,-370
1178,CFX,2020-02-28,0 days 15:57:09.934432,116560,33.45,33.43,100,1000,-2112,4723
1179,CFX,2020-02-28,0 days 15:57:13.943908,118672,33.44,33.43,351,1400,203,-497
1180,CFX,2020-02-28,0 days 15:57:20.957610,118971,33.47,33.45,609,1003,-15,44
1181,CFX,2020-02-28,0 days 15:58:51.178240,124972,33.56,33.55,200,1000,63,-1437
1182,CFX,2020-02-28,0 days 15:58:52.180340,124435,33.58,33.56,200,1355,-537,63
1183,CFX,2020-02-28,0 days 15:58:56.189703,122628,33.61,33.58,300,1400,1807,-537
1184,CFX,2020-02-28,0 days 15:58:57.191834,122235,33.63,33.58,700,1474,-393,1807
1185,CFX,2020-02-28,0 days 15:59:07.219250,121773,33.63,33.61,989,2275,462,-393
1186,CFX,2020-02-28,0 days 15:59:08.221243,121535,33.63,33.61,1041,961,-238,462
1187,CFX,2020-02-28,0 days 15:59:13.234236,139542,33.61,33.6,2,500,10,-15401
1188,CFX,2020-02-28,0 days 15:59:19.248512,138415,33.63,33.61,1090,803,-1346,91
1189,CFX,2020-02-28,0 days 15:59:25.263252,139761,33.63,33.62,382,680,507,-1346
1190,CFX,2020-02-28,0 days 15:59:26.265802,139236,33.63,33.61,612,907,-525,507
1191,CFX,2020-02-28,0 days 15:59:32.282000,139761,33.61,33.6,265,2043,875,-228
1192,CFX,2020-02-28,0 days 15:59:33.285182,138828,33.61,33.6,205,2038,-933,875
1193,CFX,2020-02-28,0 days 15:59:47.319855,139035,33.54,33.45,300,4200,-7,674
1194,CFX,2020-02-28,0 days 15:59:50.327129,138142,33.54,33.45,493,1809,393,-507
1195,CFX,2020-02-28,0 days 15:59:51.326578,138535,33.54,33.45,595,1709,-1426,393
1196,CFX,2020-02-28,0 days 15:59:54.335366,138142,33.54,33.45,855,753,393,-507
1197,CFX,2020-02-28,0 days 15:59:59.350177,138535,33.54,33.47,3640,1800,-507,393
1198,CGC,2020-02-28,0 days 15:50:28.561577,15154,18.52,18.5,54,2470,-118,4274
1199,CGC,2020-02-28,0 days 15:50:39.581915,10880,18.52,18.5,1300,3604,4274,-118
1200,CGC,2020-02-28,0 days 15:50:40.584808,15154,18.52,18.49,1400,3304,-118,4274
1201,CGC,2020-02-28,0 days 15:52:58.915772,10880,18.61,18.6,1300,200,4274,-118
1202,CGC,2020-02-28,0 days 15:53:06.934972,15154,18.58,18.56,1400,2050,-118,4274
1203,CGC,2020-02-28,0 days 15:53:08.940025,10880,18.57,18.56,600,1190,4274,-118
1204,CGC,2020-02-28,0 days 15:59:29.870893,16313,18.75,18.73,1732,8075,-4824,5433
1205,CGC,2020-02-28,0 days 15:59:34.881531,16313,18.77,18.75,1072,2405,-4824,5433
1206,CHD,2020-02-28,0 days 15:55:00.551157,379118,69.1,69.08,200,103,7208,-11576
1207,CHD,2020-02-28,0 days 15:55:17.594357,393026,69.26,69.24,867,402,-943,4362
1208,CHD,2020-02-28,0 days 15:55:45.660130,400047,69.56,69.51,300,2,1841,-1318
1209,CHD,2020-02-28,0 days 15:55:46.663986,398988,69.55,69.51,110,2,-5376,1841
1210,CHD,2020-02-28,0 days 15:56:02.700451,399647,69.51,69.48,300,200,3369,-948
1211,CHD,2020-02-28,0 days 15:56:03.702959,398616,69.53,69.5,476,100,-931,3369
1212,CHD,2020-02-28,0 days 15:56:54.825889,460947,69.4,69.37,400,887,9,-91
1213,CHD,2020-02-28,0 days 15:56:58.835701,460956,69.42,69.39,300,603,-91,9
1214,CHD,2020-02-28,0 days 15:59:12.163663,563770,69.68,69.67,1673,200,15443,-2590
1215,CHD,2020-02-28,0 days 15:59:13.166103,555240,69.69,69.67,303,300,-3030,15443
1216,CHGG,2020-02-28,0 days 15:51:19.574942,141189,38.72,38.69,200,622,-560,140
1217,CHGG,2020-02-28,0 days 15:52:19.710995,141049,38.7,38.68,345,320,140,-560
1218,CHGG,2020-02-28,0 days 15:54:31.022514,141189,38.73,38.72,226,423,-560,140
1219,CHGG,2020-02-28,0 days 15:55:00.096008,161488,38.81,38.78,566,663,5065,-560
1220,CHGG,2020-02-28,0 days 15:55:39.190808,163561,38.91,38.89,569,454,-955,1578
1221,CHGG,2020-02-28,0 days 15:56:02.246299,162683,38.91,38.9,1004,909,1076,-157
1222,CHGG,2020-02-28,0 days 15:56:58.381272,163541,38.92,38.9,500,397,18,-182
1223,CHGG,2020-02-28,0 days 15:57:01.390290,163559,38.94,38.91,307,511,-1,18
1224,CHGG,2020-02-28,0 days 15:57:03.393782,163560,38.93,38.91,396,417,108,-1
1225,CHGG,2020-02-28,0 days 15:57:14.420543,165598,38.91,38.9,1560,501,-121,379
1226,CHGG,2020-02-28,0 days 15:57:37.477604,171614,38.91,38.89,318,1,-651,349
1227,CHGG,2020-02-28,0 days 15:57:38.478617,171265,38.9,38.88,200,508,349,-651
1228,CHGG,2020-02-28,0 days 15:57:41.486209,171614,38.9,38.88,800,314,-651,349
1229,CHGG,2020-02-28,0 days 15:58:06.549090,174315,38.98,38.97,5,865,2652,-2548
1230,CHGG,2020-02-28,0 days 15:58:07.555310,174194,38.98,38.97,5,865,-21,2652
1231,CHGG,2020-02-28,0 days 15:58:09.555579,176515,38.99,38.98,220,624,842,-321
1232,CHGG,2020-02-28,0 days 15:59:09.704966,183645,39.1,39.09,1702,1569,9,-288
1233,CHGG,2020-02-28,0 days 15:59:15.718229,192031,39.15,39.13,897,1696,-425,549
1234,CHGG,2020-02-28,0 days 15:59:16.719617,192556,39.15,39.13,897,1696,854,-425
1235,CHGG,2020-02-28,0 days 15:59:24.729465,194574,39.2,39.19,643,1326,-4482,1418
1236,CHGG,2020-02-28,0 days 15:59:25.732300,193856,39.2,39.19,638,1540,3458,-4482
1237,CHGG,2020-02-28,0 days 15:59:33.757714,199921,39.2,39.19,493,1834,-635,2965
1238,CHGG,2020-02-28,0 days 15:59:34.759036,198856,39.2,39.19,392,1593,1065,-635
1239,CHGG,2020-02-28,0 days 15:59:39.767480,203742,39.2,39.19,1845,4966,-2114,4286
