,Symbol,Timestamp,TIME,iPaired,Ask_P,Bid_P,Ask_S,Bid_S,iShares,PreviShares
0,AA,2020-08-27,0 days 15:56:49.511693,253774,14.85,14.84,17025,12853,-525,1175
1,AA,2020-08-27,0 days 15:57:01.540642,248467,14.86,14.85,27206,7777,5307,-793
2,AA,2020-08-27,0 days 15:57:36.625394,253775,14.86,14.85,28506,7389,-892,1477
3,AA,2020-08-27,0 days 15:57:37.627744,249078,14.85,14.84,18790,9917,4697,-892
4,AA,2020-08-27,0 days 15:58:07.701761,253805,14.85,14.84,1821,23707,-1403,1796
5,AA,2020-08-27,0 days 15:58:08.703991,250108,14.85,14.84,1298,22394,3666,-1403
6,AA,2020-08-27,0 days 15:59:41.919359,289511,14.85,14.84,12810,17265,-10600,39930
7,AA,2020-08-27,0 days 15:59:42.921244,287954,14.85,14.84,11793,16496,1526,-10600
8,AA,2020-08-27,0 days 15:59:44.927559,289511,14.86,14.85,28934,18141,-9213,1526
9,AA,2020-08-27,0 days 15:59:46.932028,287924,14.86,14.85,28623,13019,2902,-4213
10,AA,2020-08-27,0 days 15:59:47.933811,290857,14.86,14.85,39116,14002,-667,2902
11,AA,2020-08-27,0 days 15:59:48.937293,289424,14.86,14.85,38599,12702,1402,-667
12,ABBV,2020-08-27,0 days 15:59:35.825783,470360,94.35,94.34,1932,698,20,-280
13,ABBV,2020-08-27,0 days 15:59:36.827825,464680,94.37,94.36,300,1764,-6151,20
14,ABBV,2020-08-27,0 days 15:59:45.850716,470831,94.35,94.34,999,936,1225,-4509
15,ABBV,2020-08-27,0 days 15:59:48.857317,469595,94.34,94.33,2300,400,-765,1696
16,ABEV,2020-08-27,0 days 15:55:00.056241,44754,2.3,2.29,902003,577967,-23147,10292
17,ABEV,2020-08-27,0 days 15:57:20.386578,67901,2.3,2.29,963098,615548,5199,-10534
18,ABT,2020-08-27,0 days 15:59:40.729421,651249,111.32,111.31,631,696,1762,-487
19,ABT,2020-08-27,0 days 15:59:41.729545,652042,111.36,111.35,935,249,-5070,1762
20,ABT,2020-08-27,0 days 15:59:43.733751,652296,111.33,111.32,1399,436,639,-4821
21,ABT,2020-08-27,0 days 15:59:44.737028,655517,111.37,111.36,1300,245,-1595,639
22,ABT,2020-08-27,0 days 15:59:45.739307,658612,111.37,111.34,1596,646,433,-1595
23,ABT,2020-08-27,0 days 15:59:46.740886,652694,111.36,111.34,900,445,-502,433
24,AEG,2020-08-27,0 days 15:59:36.764601,18939,2.74,2.73,285142,450770,13416,-15884
25,AEG,2020-08-27,0 days 15:59:37.767084,18055,2.74,2.73,267642,451370,-884,13416
26,AEO,2020-08-27,0 days 15:59:06.767637,175241,12.06,12.05,9456,13800,16599,-1905
27,AEO,2020-08-27,0 days 15:59:22.804502,244840,12.06,12.05,12515,19088,-4013,5495
28,AEO,2020-08-27,0 days 15:59:40.848507,258247,12.04,12.03,34904,12511,4695,-4005
29,AEO,2020-08-27,0 days 15:59:41.849408,255723,12.04,12.03,25112,16134,-2524,4695
30,AEO,2020-08-27,0 days 15:59:45.860076,254459,12.04,12.03,28410,14079,6622,-7445
31,AEO,2020-08-27,0 days 15:59:46.861989,251612,12.04,12.03,25162,22681,-5173,6622
32,AEP,2020-08-27,0 days 15:55:04.056715,145425,78.33,78.3,1100,810,-112,3098
33,AEP,2020-08-27,0 days 15:55:24.106899,145537,78.33,78.32,2012,100,51,-112
34,AEP,2020-08-27,0 days 15:55:30.121810,145688,78.35,78.34,660,100,-7733,67
35,AEP,2020-08-27,0 days 15:55:31.124618,144021,78.35,78.34,100,1000,1467,-7733
36,AEP,2020-08-27,0 days 15:55:41.148062,145488,78.37,78.36,2447,275,-490,1437
37,AEP,2020-08-27,0 days 15:55:42.150313,143978,78.37,78.36,400,734,1510,-490
38,AEP,2020-08-27,0 days 15:58:04.492855,164644,78.35,78.34,396,215,-562,1638
39,AEP,2020-08-27,0 days 15:58:05.496270,162006,78.35,78.34,591,414,1587,-562
40,AEP,2020-08-27,0 days 15:59:05.642256,166007,78.43,78.41,1000,100,-313,858
41,AEP,2020-08-27,0 days 15:59:13.661174,167049,78.45,78.44,200,310,179,-715
42,AEP,2020-08-27,0 days 15:59:17.670138,169006,78.46,78.43,1738,1367,-1585,415
43,AEP,2020-08-27,0 days 15:59:35.714484,169666,78.38,78.37,200,700,1448,-152
44,AEP,2020-08-27,0 days 15:59:42.731393,171214,78.39,78.38,300,881,-752,548
45,AEP,2020-08-27,0 days 15:59:43.733899,170666,78.38,78.37,100,500,548,-752
46,AES,2020-08-27,0 days 15:55:53.221061,202857,17.93,17.92,12545,17424,2827,-1074
47,AES,2020-08-27,0 days 15:55:54.223345,196884,17.93,17.92,12445,18624,-5973,2827
48,AES,2020-08-27,0 days 15:59:14.708831,209545,17.94,17.93,20810,6614,4368,-4531
49,AES,2020-08-27,0 days 15:59:15.710772,206613,17.94,17.93,19650,7243,-3231,4368
50,AES,2020-08-27,0 days 15:59:46.786516,209948,17.93,17.92,17655,20193,-3076,8704
51,AFL,2020-08-27,0 days 15:55:00.095987,170726,36.91,36.9,5384,2186,-7859,13527
52,AFL,2020-08-27,0 days 15:56:30.315100,194824,36.85,36.84,7212,1227,578,-232
53,AFL,2020-08-27,0 days 15:56:31.317798,193402,36.85,36.84,6485,711,-1422,578
54,AFL,2020-08-27,0 days 15:57:22.441295,195035,36.83,36.82,5735,2556,1777,-1023
55,AFL,2020-08-27,0 days 15:57:23.443308,193912,36.83,36.82,348,5265,-1123,1777
56,AFL,2020-08-27,0 days 15:57:35.472210,195035,36.83,36.82,4683,3310,1837,-63
57,AFL,2020-08-27,0 days 15:57:36.474640,194172,36.83,36.82,2041,4866,-863,1837
58,AFL,2020-08-27,0 days 15:57:37.477025,195035,36.83,36.82,2339,4255,2937,-863
59,AFL,2020-08-27,0 days 15:57:38.479209,194426,36.84,36.83,4347,3637,-609,2937
60,AFL,2020-08-27,0 days 15:57:41.486485,195035,36.84,36.83,4548,3242,291,-1209
61,AFL,2020-08-27,0 days 15:57:42.489259,194626,36.84,36.83,1848,4523,-409,291
62,AFL,2020-08-27,0 days 15:57:43.491736,195035,36.84,36.83,3748,3042,891,-409
63,AFL,2020-08-27,0 days 15:57:44.494764,193926,36.84,36.83,3268,3777,-1109,891
64,AFL,2020-08-27,0 days 15:57:52.513659,195035,36.85,36.84,2702,3567,91,-9
65,AFL,2020-08-27,0 days 15:57:59.530954,196672,36.85,36.84,1359,5184,-363,1637
66,AFL,2020-08-27,0 days 15:58:00.534622,195035,36.85,36.84,725,5451,1637,-363
67,AFL,2020-08-27,0 days 15:58:01.536229,194608,36.87,36.86,2534,3761,-427,1637
68,AFL,2020-08-27,0 days 15:58:07.550891,198035,36.87,36.86,3294,4042,384,-427
69,AFL,2020-08-27,0 days 15:58:39.628300,198419,36.87,36.86,3524,3691,-1196,278
70,AFL,2020-08-27,0 days 15:58:40.630801,197615,36.87,36.86,4924,2367,804,-1196
71,AFL,2020-08-27,0 days 15:58:58.674292,199480,36.9,36.89,5040,3151,1131,-361
72,AFL,2020-08-27,0 days 15:58:59.678125,198248,36.9,36.89,2840,5051,-2398,1131
73,AFL,2020-08-27,0 days 15:59:05.692720,205555,36.91,36.9,5300,2341,353,-5682
74,AFL,2020-08-27,0 days 15:59:06.695355,204608,36.91,36.9,3800,3723,-1447,353
75,AFL,2020-08-27,0 days 15:59:17.718800,206967,36.92,36.91,5292,1855,3651,-1083
76,AFL,2020-08-27,0 days 15:59:27.742734,207582,36.91,36.9,6454,2770,837,-464
77,AFL,2020-08-27,0 days 15:59:30.750571,212586,36.91,36.9,7195,3675,-841,104
78,AFL,2020-08-27,0 days 15:59:48.794033,216232,36.9,36.89,8977,1795,115,-1197
79,AFL,2020-08-27,0 days 15:59:49.796792,214547,36.89,36.88,7697,3021,-1685,115
80,AG,2020-08-27,0 days 15:59:39.769516,61971,11.6,11.59,47572,10075,-7050,1250
81,AG,2020-08-27,0 days 15:59:40.774156,61221,11.6,11.59,47372,11175,750,-7050
82,AG,2020-08-27,0 days 15:59:45.786378,61971,11.6,11.59,47672,10236,-1850,750
83,AG,2020-08-27,0 days 15:59:46.786673,61321,11.6,11.59,47139,10236,1426,-1850
84,AGI,2020-08-27,0 days 15:59:01.745618,31896,9.87,9.86,20307,34152,-7301,9665
85,AGI,2020-08-27,0 days 15:59:02.747872,31097,9.87,9.86,15544,42165,765,-7301
86,AGI,2020-08-27,0 days 15:59:26.804492,32300,9.88,9.87,70976,10168,-2097,869
87,AGI,2020-08-27,0 days 15:59:27.806524,25497,9.88,9.87,68276,12793,6769,-2097
88,AGI,2020-08-27,0 days 15:59:45.850700,32300,9.87,9.86,13811,58056,-1565,469
89,AGI,2020-08-27,0 days 15:59:46.852582,31965,9.87,9.86,13311,58886,335,-1565
90,AIG,2020-08-27,0 days 15:55:00.092578,533944,29.73,29.72,6704,6329,-297,22079
91,AIG,2020-08-27,0 days 15:57:35.466598,640616,29.68,29.67,12280,2003,6040,-6268
92,AIG,2020-08-27,0 days 15:57:36.468798,633548,29.68,29.67,10716,3936,-7068,6040
93,AIG,2020-08-27,0 days 15:57:37.471147,640916,29.68,29.67,10316,1503,1840,-7068
94,AIG,2020-08-27,0 days 15:57:38.473719,635448,29.68,29.67,10991,1173,-5468,1840
95,AIG,2020-08-27,0 days 15:59:04.686229,647119,29.73,29.72,1129,12257,11640,-3555
96,AIG,2020-08-27,0 days 15:59:05.687283,647146,29.74,29.73,3732,9124,-173,11640
97,AIG,2020-08-27,0 days 15:59:12.705076,660260,29.74,29.73,8633,3579,4126,-12304
98,AIG,2020-08-27,0 days 15:59:13.706344,656686,29.74,29.73,9133,2734,-2504,4126
99,AIG,2020-08-27,0 days 15:59:27.739888,725724,29.71,29.7,11198,6450,2980,-376
100,AIG,2020-08-27,0 days 15:59:28.742920,718404,29.71,29.7,11458,6057,-7320,2980
101,ALLY,2020-08-27,0 days 15:59:46.862040,210479,23.18,23.17,9237,8518,-5730,12430
102,ALLY,2020-08-27,0 days 15:59:50.873006,177022,23.17,23.16,3992,7508,-39187,113
103,AM,2020-08-27,0 days 15:56:09.415092,73376,6.99,6.98,29297,13053,-1014,58
104,AM,2020-08-27,0 days 15:56:57.530775,70990,7.0,6.99,20196,12116,2414,-986
105,AM,2020-08-27,0 days 15:59:06.845452,77696,6.99,6.98,25305,23552,-1815,585
106,AMC,2020-08-27,0 days 15:55:01.050840,69437,6.5,6.49,15342,1869,3773,-1300
107,AMCR,2020-08-27,0 days 15:59:07.698121,903878,11.08,11.07,86200,24408,-18787,2039
108,AMH,2020-08-27,0 days 15:55:01.726231,82254,28.35,28.34,2835,142,5150,-16150
109,AMH,2020-08-27,0 days 15:55:02.726706,80704,28.35,28.34,2835,142,-1550,5150
110,AMH,2020-08-27,0 days 15:58:14.185780,87500,28.31,28.3,1691,5634,-952,248
111,AMH,2020-08-27,0 days 15:59:46.408004,98691,28.3,28.29,370,4096,-91,5658
112,AMH,2020-08-27,0 days 15:59:47.410208,97006,28.3,28.29,570,3396,1685,-91
113,ANF,2020-08-27,0 days 15:55:00.169842,186735,12.0,11.99,14552,6207,-411,45931
114,ANF,2020-08-27,0 days 15:55:33.251049,188417,11.99,11.98,3459,1086,2275,-184
115,ANF,2020-08-27,0 days 15:55:34.253650,186692,11.99,11.98,3404,1286,-304,2275
116,ANF,2020-08-27,0 days 15:55:41.270115,188417,11.99,11.98,2932,825,480,-304
117,ANF,2020-08-27,0 days 15:56:10.340221,196271,11.99,11.98,3474,1300,5026,-1303
118,ANF,2020-08-27,0 days 15:56:11.342625,195597,11.99,11.98,3654,1495,-674,5026
119,ANF,2020-08-27,0 days 15:56:53.443897,200397,11.99,11.98,2406,3279,-1016,5084
120,ANF,2020-08-27,0 days 15:58:08.625175,207712,12.0,11.99,5416,17060,9931,-331
121,ANF,2020-08-27,0 days 15:58:09.627447,203931,12.01,12.0,5751,1300,-3781,9931
122,ANF,2020-08-27,0 days 15:58:27.671331,207712,12.0,11.99,8579,6354,4919,-3481
123,ANF,2020-08-27,0 days 15:58:28.673758,204231,12.0,11.99,7977,7254,-3481,4919
124,ANF,2020-08-27,0 days 15:59:05.764973,221378,12.0,11.99,9550,13696,230,-171
125,ANF,2020-08-27,0 days 15:59:23.806158,220220,12.0,11.99,12689,11277,-308,58
126,ANF,2020-08-27,0 days 15:59:24.808909,219528,12.0,11.99,12601,8873,692,-308
127,ANF,2020-08-27,0 days 15:59:45.860038,231237,12.0,11.99,4195,4781,-1281,893
128,ANF,2020-08-27,0 days 15:59:46.861918,230518,12.0,11.99,4451,5788,719,-1281
129,APLE,2020-08-27,0 days 15:55:33.280102,85584,10.42,10.41,8328,14333,-4700,6270
130,APLE,2020-08-27,0 days 15:55:34.282754,83284,10.42,10.41,8428,12373,2300,-4700
131,APLE,2020-08-27,0 days 15:57:18.533578,90584,10.42,10.41,13299,9159,-1014,216
132,APLE,2020-08-27,0 days 15:57:19.536390,88098,10.42,10.41,13399,9459,2486,-1014
133,APLE,2020-08-27,0 days 15:58:26.697933,90602,10.42,10.41,13121,12376,-632,2368
134,APLE,2020-08-27,0 days 15:58:27.700613,88534,10.42,10.41,13121,12376,2068,-632
135,APLE,2020-08-27,0 days 15:59:40.876165,89833,10.42,10.41,12944,9657,-413,337
136,APLE,2020-08-27,0 days 15:59:41.877988,89546,10.42,10.41,12944,9757,287,-413
137,APLE,2020-08-27,0 days 15:59:45.887633,89833,10.42,10.41,7150,10743,-3113,287
138,ARMK,2020-08-27,0 days 15:55:00.188562,321827,26.34,26.33,1471,346,71472,-164097
139,ARMK,2020-08-27,0 days 15:55:28.258478,364799,26.32,26.31,710,478,-35978,22522
140,ARMK,2020-08-27,0 days 15:59:45.877348,443926,26.22,26.21,904,856,5471,-1076
141,ARMK,2020-08-27,0 days 15:59:46.879299,441497,26.22,26.21,753,754,-4107,5471
142,ATUS,2020-08-27,0 days 15:55:00.169658,178586,27.39,27.38,8125,4480,11553,-70289
143,ATUS,2020-08-27,0 days 15:55:30.243419,190139,27.4,27.39,11485,2208,-30,482
144,ATUS,2020-08-27,0 days 15:55:55.304779,193885,27.39,27.38,3232,14065,-1414,1812
145,ATUS,2020-08-27,0 days 15:55:56.306653,192173,27.39,27.38,3232,13865,1712,-1414
146,ATUS,2020-08-27,0 days 15:56:30.388274,194155,27.38,27.37,15093,6573,-141,115
147,ATUS,2020-08-27,0 days 15:56:31.390784,192596,27.37,27.36,11730,3900,1559,-141
148,ATUS,2020-08-27,0 days 15:57:27.523721,194155,27.36,27.35,13683,6421,-730,1370
149,ATUS,2020-08-27,0 days 15:57:28.526549,192785,27.36,27.35,13083,6521,1370,-730
150,ATUS,2020-08-27,0 days 15:57:47.572909,196955,27.37,27.36,5004,9998,-30,770
151,ATUS,2020-08-27,0 days 15:57:54.590248,194885,27.37,27.36,9900,5887,2070,-30
152,ATUS,2020-08-27,0 days 15:57:57.597486,196955,27.37,27.36,10007,8487,-430,2070
153,ATUS,2020-08-27,0 days 15:57:58.599881,195385,27.37,27.36,4370,11166,1570,-430
154,ATUS,2020-08-27,0 days 15:58:01.607641,180003,27.37,27.36,204,13122,-682,1570
155,ATUS,2020-08-27,0 days 15:58:15.641954,183096,27.37,27.36,364,15220,2226,-874
156,ATUS,2020-08-27,0 days 15:58:16.644637,182222,27.38,27.37,7403,10842,-874,2226
157,ATUS,2020-08-27,0 days 15:58:18.649420,183096,27.38,27.37,3577,12231,726,-874
158,ATUS,2020-08-27,0 days 15:58:19.651749,182222,27.38,27.37,3277,12131,-874,726
159,ATUS,2020-08-27,0 days 15:58:23.661327,183170,27.38,27.37,7277,3996,752,-874
160,ATUS,2020-08-27,0 days 15:58:24.663768,182322,27.38,27.37,7077,7640,-774,752
161,ATUS,2020-08-27,0 days 15:59:30.822654,199838,27.38,27.37,15075,3616,-2688,690
162,ATUS,2020-08-27,0 days 15:59:44.856772,202526,27.37,27.36,13005,9655,2781,-2688
163,ATUS,2020-08-27,0 days 15:59:46.861793,208107,27.37,27.36,4225,17169,-532,3081
164,ATUS,2020-08-27,0 days 15:59:47.864655,207739,27.37,27.36,4076,14882,368,-532
165,ATUS,2020-08-27,0 days 15:59:48.866296,207248,27.37,27.36,5355,13800,-491,368
166,ATUS,2020-08-27,0 days 15:59:49.868717,206939,27.37,27.36,16020,3179,309,-491
167,AU,2020-08-27,0 days 15:58:00.528041,86629,28.53,28.52,4250,300,-37,363
168,AU,2020-08-27,0 days 15:59:14.708984,90428,28.52,28.51,1187,3003,624,-776
169,AUY,2020-08-27,0 days 15:58:01.624773,220376,5.88,5.87,622021,216710,-6359,1525
170,AUY,2020-08-27,0 days 15:59:06.783637,233739,5.88,5.87,486621,332908,2261,-13363
171,AUY,2020-08-27,0 days 15:59:46.879383,236350,5.88,5.87,218311,393145,-17768,178
172,AVTR,2020-08-27,0 days 15:59:23.351171,347666,21.85,21.84,4576,5174,-38563,16390
173,AXP,2020-08-27,0 days 15:59:44.884490,257073,101.55,101.54,712,1701,-8370,1884
174,AYX,2020-08-27,0 days 15:57:35.472300,50458,125.23,125.15,469,6743,6,-994
175,AYX,2020-08-27,0 days 15:57:36.474737,50464,125.23,125.15,369,6743,-120,6
176,AYX,2020-08-27,0 days 15:58:02.539131,49635,125.12,125.08,2098,400,3029,-894
177,AYX,2020-08-27,0 days 15:58:03.541280,48864,125.16,125.14,300,568,-1571,3029
178,AYX,2020-08-27,0 days 15:58:59.678292,51838,125.3,125.24,470,200,747,-781
179,AYX,2020-08-27,0 days 15:59:00.681063,50891,125.3,125.24,474,400,-1038,747
180,AYX,2020-08-27,0 days 15:59:10.705144,53077,125.25,125.24,443,200,705,-764
181,AYX,2020-08-27,0 days 15:59:11.707964,52108,125.25,125.23,343,3699,-1415,705
182,AYX,2020-08-27,0 days 15:59:19.723035,56070,125.25,125.23,278,3125,232,-3231
183,AYX,2020-08-27,0 days 15:59:20.725419,54908,125.28,125.26,271,200,-1162,232
184,AYX,2020-08-27,0 days 15:59:23.733538,66050,125.28,125.25,368,182,5452,-9748
185,AYX,2020-08-27,0 days 15:59:24.737107,63702,125.29,125.25,473,282,-2348,5452
186,AYX,2020-08-27,0 days 15:59:40.778572,64087,125.2,125.11,1113,700,4178,-531
187,AYX,2020-08-27,0 days 15:59:41.777274,62465,125.2,125.13,488,800,-1722,4178
188,AYX,2020-08-27,0 days 15:59:49.796996,65827,125.23,125.17,537,201,3905,-1331
189,AYX,2020-08-27,0 days 15:59:50.800189,62847,125.18,125.12,172,768,-2200,3905
190,AZN,2020-08-27,0 days 15:55:32.325767,90780,56.08,56.07,3122,770,-10336,3064
191,AZN,2020-08-27,0 days 15:55:33.328163,88916,56.08,56.07,3109,770,1864,-10336
192,AZN,2020-08-27,0 days 15:55:40.344631,90780,56.08,56.07,2219,1976,-535,1864
193,AZN,2020-08-27,0 days 15:55:41.347057,89215,56.08,56.07,3360,1276,1565,-535
194,AZN,2020-08-27,0 days 15:59:45.928715,136151,56.07,56.06,2328,4483,-3938,522
195,AZN,2020-08-27,0 days 15:59:46.931947,133281,56.07,56.06,1437,2700,2870,-3938
196,AZUL,2020-08-27,0 days 15:58:05.496225,15701,12.07,12.06,4605,3719,-23,377
197,AZUL,2020-08-27,0 days 15:58:06.498957,15724,12.07,12.06,5452,3819,322,-23
198,AZUL,2020-08-27,0 days 15:59:01.632443,16387,12.06,12.05,5112,1350,-582,918
199,AZUL,2020-08-27,0 days 15:59:02.634289,16269,12.06,12.05,5047,1220,402,-582
200,AZUL,2020-08-27,0 days 15:59:46.741053,19410,12.05,12.04,3997,10235,-91,941
201,BA,2020-08-27,0 days 15:56:10.340257,216126,174.39,174.35,167,600,541,-4739
202,BA,2020-08-27,0 days 15:56:11.342680,212967,174.38,174.34,100,1000,-3159,541
203,BA,2020-08-27,0 days 15:57:33.539258,215577,174.34,174.31,3000,420,2058,-42
204,BA,2020-08-27,0 days 15:57:34.541707,211035,174.34,174.32,2308,264,-4542,2058
205,BA,2020-08-27,0 days 15:57:40.556245,215577,174.33,174.3,200,200,5228,-72
206,BA,2020-08-27,0 days 15:57:41.558897,212135,174.34,174.32,2129,400,-3442,5228
207,BA,2020-08-27,0 days 15:57:44.566485,215577,174.32,174.29,770,276,23,-577
208,BA,2020-08-27,0 days 15:57:48.575462,213900,174.36,174.33,300,200,-1677,323
209,BA,2020-08-27,0 days 15:58:03.613200,216248,174.37,174.34,100,698,552,-1677
210,BA,2020-08-27,0 days 15:58:04.615282,214400,174.4,174.37,1600,459,-1848,552
211,BA,2020-08-27,0 days 15:58:08.625254,216248,174.38,174.36,500,223,2129,-1648
212,BA,2020-08-27,0 days 15:58:09.627477,214677,174.38,174.36,200,300,-1571,2129
213,BA,2020-08-27,0 days 15:58:19.651833,215675,174.36,174.32,450,100,1302,-598
214,BA,2020-08-27,0 days 15:58:20.654504,214577,174.38,174.33,583,400,-1098,1302
215,BA,2020-08-27,0 days 15:58:23.661446,215675,174.35,174.32,300,100,702,-1098
216,BA,2020-08-27,0 days 15:58:24.664023,212477,174.37,174.33,700,300,-3771,702
217,BA,2020-08-27,0 days 15:58:26.668900,215418,174.2,174.15,700,302,6359,-1271
218,BA,2020-08-27,0 days 15:58:27.671372,214477,174.22,174.15,343,406,-941,6359
219,BA,2020-08-27,0 days 15:58:50.726662,215418,174.17,174.12,1150,326,59,-141
220,BA,2020-08-27,0 days 15:58:51.729233,214577,174.17,174.12,1150,311,-841,59
221,BA,2020-08-27,0 days 15:59:00.753012,215742,174.14,174.1,300,232,14400,-806
222,BABA,2020-08-27,0 days 15:55:01.159729,360826,284.56,284.53,4186,113,-2941,1059
223,BABA,2020-08-27,0 days 15:56:56.438934,367097,284.14,284.08,300,100,71,-68
224,BABA,2020-08-27,0 days 15:56:58.444611,367699,284.09,284.05,387,700,-968,271
225,BABA,2020-08-27,0 days 15:57:13.481082,362867,283.98,283.94,500,200,4696,-1230
226,BABA,2020-08-27,0 days 15:57:14.482662,360763,283.97,283.93,300,705,-2104,4696
227,BABA,2020-08-27,0 days 15:57:19.494952,364469,283.89,283.84,403,300,8559,-2241
228,BABA,2020-08-27,0 days 15:57:20.497708,360827,283.98,283.96,279,200,-3642,8559
229,BABA,2020-08-27,0 days 15:57:26.511927,369127,283.93,283.81,300,1200,2068,-832
230,BABA,2020-08-27,0 days 15:57:29.518758,361295,283.95,283.88,100,200,-7832,2461
231,BABA,2020-08-27,0 days 15:57:35.533932,371656,283.97,283.94,1097,600,4,-2967
232,BABA,2020-08-27,0 days 15:57:36.537334,371624,284.04,284.0,242,700,-2361,4
233,BABA,2020-08-27,0 days 15:58:05.608415,382249,284.09,284.05,200,200,19360,-4510
234,BABA,2020-08-27,0 days 15:58:06.611528,380509,284.12,284.07,1434,238,-1740,19360
235,BABA,2020-08-27,0 days 15:58:23.651381,382249,284.2,284.15,400,200,1429,-2271
236,BABA,2020-08-27,0 days 15:58:24.654758,380478,284.17,284.15,115,128,-1771,1429
237,BABA,2020-08-27,0 days 15:58:59.740514,388530,284.16,284.14,100,200,2013,-6701
238,BABA,2020-08-27,0 days 15:59:00.742729,386204,284.2,284.16,1860,449,-2326,2013
239,BABA,2020-08-27,0 days 15:59:07.760543,390834,284.16,284.12,507,500,16928,-2230
240,BABA,2020-08-27,0 days 15:59:08.762206,390504,284.14,284.1,411,400,-330,16928
241,BABA,2020-08-27,0 days 15:59:12.772399,390834,284.1,284.07,111,300,51,-244
242,BABA,2020-08-27,0 days 15:59:14.777246,390590,284.1,284.07,300,698,-244,51
243,BABA,2020-08-27,0 days 15:59:15.779266,390834,284.09,284.06,615,707,51,-244
244,BABA,2020-08-27,0 days 15:59:16.781877,390921,284.08,284.05,715,535,-714,51
245,BABA,2020-08-27,0 days 15:59:18.787017,393950,284.1,284.05,1000,735,635,-2585
246,BABA,2020-08-27,0 days 15:59:19.788654,393185,284.1,284.05,1000,755,-765,635
247,BABA,2020-08-27,0 days 15:59:22.794036,393882,284.05,284.0,453,1569,3274,-694
248,BABA,2020-08-27,0 days 15:59:27.805952,386311,284.03,283.99,200,100,-1771,5994
249,BABA,2020-08-27,0 days 15:59:29.811055,388082,284.04,283.98,100,600,9494,-10155
250,BABA,2020-08-27,0 days 15:59:30.812829,387911,283.97,283.92,784,200,-171,9494
251,BABA,2020-08-27,0 days 15:59:31.814629,385753,283.94,283.91,400,1543,2158,-171
252,BABA,2020-08-27,0 days 15:59:37.830703,386711,284.02,283.98,322,200,-1371,958
253,BABA,2020-08-27,0 days 15:59:41.839578,385753,283.97,283.94,1123,532,11758,-555
254,BABA,2020-08-27,0 days 15:59:42.842538,387476,284.05,283.99,830,1100,-606,11758
255,BAC,2020-08-27,0 days 15:55:00.246286,1930139,26.08,26.07,63474,81146,22780,-202605
256,BAC,2020-08-27,0 days 15:55:01.247812,1912419,26.09,26.08,94501,96586,-17720,22780
257,BAC,2020-08-27,0 days 15:56:43.496679,1928592,26.06,26.05,59047,103057,-16996,7604
258,BAC,2020-08-27,0 days 15:58:20.735188,1988027,26.08,26.07,50867,203933,7310,-22589
259,BAC,2020-08-27,0 days 15:58:28.752593,1966537,26.08,26.07,18030,218238,-17089,4511
260,BAC,2020-08-27,0 days 15:59:48.937293,2126082,26.09,26.08,112655,82914,-3537,9485
261,BAM,2020-08-27,0 days 15:57:15.517505,29223,34.72,34.71,4977,4786,-156,144
262,BAM,2020-08-27,0 days 15:57:16.519745,28479,34.72,34.71,5377,3760,744,-156
263,BAM,2020-08-27,0 days 15:58:14.656529,29353,34.73,34.72,8146,4787,-2381,774
264,BAM,2020-08-27,0 days 15:58:15.659154,29334,34.73,34.72,8546,4887,19,-2381
265,BAM,2020-08-27,0 days 15:59:06.783829,29353,34.73,34.72,798,7665,-3043,141
266,BAX,2020-08-27,0 days 15:56:21.244457,163783,86.26,86.25,2761,894,966,-7057
267,BAX,2020-08-27,0 days 15:56:22.246986,159949,86.29,86.28,660,400,-3834,966
268,BAX,2020-08-27,0 days 15:57:28.404711,165463,86.23,86.22,300,880,23887,-913
269,BAX,2020-08-27,0 days 15:57:29.406766,163625,86.23,86.22,424,1280,-1838,23887
270,BAX,2020-08-27,0 days 15:59:06.643748,175114,86.3,86.29,661,400,13607,-1015
271,BAX,2020-08-27,0 days 15:59:07.646620,174421,86.3,86.29,261,1186,-693,13607
272,BAX,2020-08-27,0 days 15:59:15.665693,178540,86.31,86.29,350,476,4890,-5319
273,BAX,2020-08-27,0 days 15:59:16.667713,178130,86.31,86.29,462,472,-410,4890
274,BAX,2020-08-27,0 days 15:59:21.680229,179716,86.31,86.28,200,674,1714,-686
275,BAX,2020-08-27,0 days 15:59:22.683693,179230,86.32,86.29,1239,622,-486,1714
276,BAX,2020-08-27,0 days 15:59:30.701851,183833,86.31,86.3,300,800,413,-603
277,BAX,2020-08-27,0 days 15:59:31.704786,181146,86.31,86.29,300,1108,-287,413
278,BAX,2020-08-27,0 days 15:59:40.729477,191066,86.33,86.31,538,931,980,-11120
279,BAX,2020-08-27,0 days 15:59:48.745716,192093,86.31,86.3,646,411,-1241,1257
280,BB,2020-08-27,0 days 15:59:36.383701,49989,5.03,5.02,228576,32652,-5298,8998
281,BB,2020-08-27,0 days 15:59:47.410172,48591,5.03,5.02,201119,63380,498,-1702
282,BBD,2020-08-27,0 days 15:59:36.764638,599056,3.76,3.75,160859,1354459,22509,-38191
283,BBD,2020-08-27,0 days 15:59:37.767167,591965,3.76,3.75,160259,1355159,-7091,22509
284,BBVA,2020-08-27,0 days 15:59:36.383794,68973,2.96,2.95,357425,344625,-16229,19071
285,BBVA,2020-08-27,0 days 15:59:37.386665,68002,2.96,2.95,358825,341438,971,-16229
286,BBY,2020-08-27,0 days 15:59:22.683693,202402,111.37,111.35,300,300,9985,-5490
287,BBY,2020-08-27,0 days 15:59:23.684775,196487,111.38,111.35,200,300,-5915,9985
288,BBY,2020-08-27,0 days 15:59:30.701804,202802,111.36,111.32,1538,123,260,-2967
289,BBY,2020-08-27,0 days 15:59:42.731227,202662,111.4,111.37,200,200,-140,460
290,BBY,2020-08-27,0 days 15:59:43.733780,202802,111.39,111.36,400,937,460,-140
291,BBY,2020-08-27,0 days 15:59:45.739356,204603,111.4,111.37,200,300,-709,1201
292,BBY,2020-08-27,0 days 15:59:47.743230,205312,111.39,111.36,300,787,1243,-189
293,BBY,2020-08-27,0 days 15:59:48.745676,200621,111.4,111.37,200,128,-4691,1243
294,BE,2020-08-27,0 days 15:55:00.157893,70746,16.45,16.43,1110,1941,1025,-11007
295,BE,2020-08-27,0 days 15:55:30.232505,71771,16.44,16.43,2038,612,-75,1025
296,BE,2020-08-27,0 days 15:55:31.235481,70746,16.44,16.43,1838,812,1025,-75
297,BE,2020-08-27,0 days 15:56:51.427993,71771,16.45,16.44,2787,4482,-1925,775
298,BE,2020-08-27,0 days 15:56:52.430249,71196,16.45,16.44,2587,4382,575,-1925
299,BE,2020-08-27,0 days 15:57:18.493442,71771,16.45,16.44,3242,6230,-2125,775
300,BE,2020-08-27,0 days 15:57:19.496142,71296,16.45,16.44,3809,6230,475,-2125
301,BE,2020-08-27,0 days 15:58:03.604657,72771,16.45,16.44,5189,4802,-59,1414
302,BE,2020-08-27,0 days 15:58:04.606800,72130,16.45,16.44,5389,4802,641,-59
303,BE,2020-08-27,0 days 15:58:27.662659,72771,16.45,16.44,3450,5896,-359,641
304,BE,2020-08-27,0 days 15:58:28.664959,72130,16.45,16.44,3450,5896,641,-359
305,BE,2020-08-27,0 days 15:59:06.757821,72943,16.45,16.44,1493,6900,-137,363
306,BE,2020-08-27,0 days 15:59:43.844629,78015,16.41,16.4,433,1545,-1102,98
307,BEKE,2020-08-27,0 days 15:55:00.246575,33095,46.83,46.8,1400,93444,-1478,12511
308,BEKE,2020-08-27,0 days 15:55:41.347097,34573,46.97,46.87,900,1474,10522,-14678
309,BEKE,2020-08-27,0 days 15:55:42.349553,33223,46.97,46.87,900,1474,-1350,10522
310,BEKE,2020-08-27,0 days 15:56:24.451384,39472,46.97,46.92,1000,1600,551,-1449
311,BEKE,2020-08-27,0 days 15:58:41.783807,35589,46.86,46.8,1800,84043,-1683,2817
312,BEKE,2020-08-27,0 days 15:58:52.810731,37272,46.85,46.8,1200,83582,28317,-1683
313,BEKE,2020-08-27,0 days 15:59:15.866805,50193,46.85,46.62,300,700,-104,896
314,BEKE,2020-08-27,0 days 15:59:16.868705,50097,46.74,46.62,2700,700,96,-104
315,BHC,2020-08-27,0 days 15:57:23.505654,66811,17.01,17.0,12246,3711,2301,-1199
316,BHC,2020-08-27,0 days 15:59:45.850771,69409,17.0,16.99,5266,15093,-1835,1968
317,BHC,2020-08-27,0 days 15:59:46.852621,68444,17.0,16.99,4349,16393,965,-1835
318,BK,2020-08-27,0 days 15:59:18.787468,460915,37.61,37.6,1666,8612,9091,-23645
319,BK,2020-08-27,0 days 15:59:19.789051,452806,37.62,37.61,7233,5926,-8109,9091
320,BK,2020-08-27,0 days 15:59:32.818753,459636,37.59,37.58,10544,3265,4837,-1848
321,BK,2020-08-27,0 days 15:59:41.839912,454734,37.57,37.56,7437,5786,-2993,15764
322,BK,2020-08-27,0 days 15:59:44.847332,457727,37.57,37.56,2615,9886,925,-3250
323,BK,2020-08-27,0 days 15:59:46.852563,448034,37.57,37.56,2609,11386,-11023,4587
324,BK,2020-08-27,0 days 15:59:47.855622,459057,37.57,37.56,7571,6786,2350,-11023
325,BK,2020-08-27,0 days 15:59:48.857171,455407,37.57,37.56,6507,9712,-3650,2350
326,BK,2020-08-27,0 days 15:59:49.858968,459057,37.56,37.55,5298,10000,9850,-3650
327,BK,2020-08-27,0 days 15:59:50.862158,428480,37.56,37.55,2466,11098,-30577,9850
328,BKR,2020-08-27,0 days 15:55:40.296649,240645,14.77,14.76,15710,14280,-96,1171
329,BKR,2020-08-27,0 days 15:55:50.320818,240741,14.77,14.76,20715,4618,532,-36
330,BKR,2020-08-27,0 days 15:58:10.659650,279761,14.76,14.75,16404,9756,-18333,7275
331,BKR,2020-08-27,0 days 15:58:11.661713,277094,14.76,14.75,19162,8364,1443,-18333
332,BKR,2020-08-27,0 days 15:58:31.711170,275437,14.77,14.76,19290,12570,-3557,2543
333,BKR,2020-08-27,0 days 15:58:32.712333,273394,14.77,14.76,17100,18538,1401,-3557
334,BKR,2020-08-27,0 days 15:58:45.743920,274795,14.78,14.77,15474,16527,-1599,1401
335,BKR,2020-08-27,0 days 15:58:46.746695,270094,14.78,14.77,16227,15966,4701,-1599
336,BKR,2020-08-27,0 days 15:59:06.793456,283585,14.77,14.76,9533,8064,-44811,1478
337,BKR,2020-08-27,0 days 15:59:30.851145,336995,14.75,14.74,16472,6982,644,-156
338,BKR,2020-08-27,0 days 15:59:32.856865,335242,14.75,14.74,22835,7211,-1753,747
339,BKR,2020-08-27,0 days 15:59:46.889760,345213,14.75,14.74,29904,16947,906,-9771
340,BKR,2020-08-27,0 days 15:59:49.897053,344507,14.75,14.74,30971,17650,-706,304
341,BKU,2020-08-27,0 days 15:55:00.056898,57976,24.68,24.67,726,465,3869,-12676
342,BKU,2020-08-27,0 days 15:55:01.051196,57345,24.68,24.67,726,865,-631,3869
343,BKU,2020-08-27,0 days 15:56:58.333468,72226,24.68,24.66,1515,500,2287,-713
344,BKU,2020-08-27,0 days 15:56:59.336050,70513,24.68,24.66,1281,681,-1713,2287
345,BKU,2020-08-27,0 days 15:57:57.475378,72626,24.66,24.63,2514,800,1087,-1913
346,BKU,2020-08-27,0 days 15:57:58.477937,71113,24.66,24.63,2214,800,-1513,1087
347,BKU,2020-08-27,0 days 15:59:21.680267,89715,24.62,24.6,1738,2285,1076,-2324
348,BKU,2020-08-27,0 days 15:59:22.683826,87691,24.62,24.6,1842,2384,-2024,1076
349,BKU,2020-08-27,0 days 15:59:36.716499,89715,24.62,24.61,561,678,1500,-4700
350,BKU,2020-08-27,0 days 15:59:41.729731,88615,24.61,24.6,710,496,-1212,4500
351,BLL,2020-08-27,0 days 15:59:08.649127,219047,79.41,79.38,548,423,1364,-22994
352,BLL,2020-08-27,0 days 15:59:11.656586,222531,79.42,79.39,300,310,-216,1384
353,BLL,2020-08-27,0 days 15:59:13.661174,222847,79.46,79.45,400,200,97584,-216
354,BMY,2020-08-27,0 days 15:59:24.808870,586713,62.59,62.58,4443,3000,-4957,10257
355,BMY,2020-08-27,0 days 15:59:27.815170,594623,62.57,62.56,5164,1500,1085,-4610
356,BMY,2020-08-27,0 days 15:59:30.822810,599083,62.58,62.57,7885,1158,-798,1085
357,BMY,2020-08-27,0 days 15:59:45.859971,599881,62.56,62.55,7057,1704,5272,-2640
358,BMY,2020-08-27,0 days 15:59:46.861918,597253,62.56,62.55,5889,1400,-4114,5272
359,BOX,2020-08-27,0 days 15:58:59.828412,175841,20.24,20.23,1520,4662,-49,1915
360,BOX,2020-08-27,0 days 15:59:04.845116,172665,20.25,20.24,2619,3469,2905,-320
361,BOX,2020-08-27,0 days 15:59:45.928685,184111,20.28,20.27,2406,2266,-5645,2194
362,BOX,2020-08-27,0 days 15:59:46.931913,182356,20.28,20.27,2769,6156,2289,-5645
363,BP,2020-08-27,0 days 15:55:04.199225,79584,21.19,21.18,47601,51251,3736,-2089
364,BP,2020-08-27,0 days 15:55:05.201854,64220,21.19,21.18,13096,82050,-15364,3736
365,BP,2020-08-27,0 days 15:55:29.260796,87101,21.2,21.19,47667,73904,9819,-15381
366,BP,2020-08-27,0 days 15:55:30.263940,64220,21.2,21.19,46567,74204,-23481,9819
367,BP,2020-08-27,0 days 15:57:36.563755,113783,21.18,21.17,44524,73904,381,-119
368,BP,2020-08-27,0 days 15:57:37.567002,109764,21.18,21.17,43424,74804,-4019,381
369,BP,2020-08-27,0 days 15:58:49.741573,132099,21.18,21.17,59170,67650,67,-6135
370,BP,2020-08-27,0 days 15:58:57.760544,132166,21.18,21.17,47319,74386,-753,67
371,BP,2020-08-27,0 days 15:59:27.832856,163412,21.17,21.16,56266,61744,1664,-3329
372,BP,2020-08-27,0 days 15:59:28.837443,156776,21.17,21.16,55889,64069,-6636,1664
373,BP,2020-08-27,0 days 15:59:45.877480,163412,21.16,21.15,69262,69007,4258,-6636
374,BP,2020-08-27,0 days 15:59:46.879446,154670,21.16,21.15,65362,67671,-10207,4258
375,BRFS,2020-08-27,0 days 15:59:45.877430,45719,3.56,3.55,134663,202646,1128,-372
376,BRFS,2020-08-27,0 days 15:59:46.879383,45447,3.56,3.55,132763,204046,-553,1128
377,BRK.B,2020-08-27,0 days 15:57:54.134908,320996,216.66,216.62,639,205,20959,-37041
378,BRK.B,2020-08-27,0 days 15:58:49.268803,345262,216.98,216.94,321,351,-733,867
379,BRK.B,2020-08-27,0 days 15:58:50.272287,344595,216.98,216.94,300,351,667,-733
380,BRK.B,2020-08-27,0 days 15:58:53.279444,345262,217.06,217.01,400,300,-727,323
381,BRK.B,2020-08-27,0 days 15:58:55.284415,344832,217.09,217.03,200,300,430,-170
382,BRK.B,2020-08-27,0 days 15:59:42.397809,373477,216.89,216.86,1155,300,1659,-1641
383,BRK.B,2020-08-27,0 days 15:59:44.403567,375136,216.92,216.87,121,500,-1141,1659
384,BRK.B,2020-08-27,0 days 15:59:46.407638,376379,216.96,216.92,322,200,1857,-1190
385,BRK.B,2020-08-27,0 days 15:59:48.412942,366236,216.96,216.92,122,200,-10881,1488
386,BSX,2020-08-27,0 days 15:55:00.721881,300491,40.83,40.82,5557,2897,-3104,2940
387,BSX,2020-08-27,0 days 15:55:25.782082,303080,40.83,40.82,8068,5644,-1460,140
388,BSX,2020-08-27,0 days 15:59:28.362254,487764,40.85,40.84,7864,100,3254,-2442
389,BSX,2020-08-27,0 days 15:59:31.370380,503918,40.85,40.84,9273,296,-3377,3154
390,BSX,2020-08-27,0 days 15:59:46.406123,497500,40.8,40.79,12359,485,8080,-3520
391,BWA,2020-08-27,0 days 15:59:22.794377,609153,40.73,40.72,1601,1300,5663,-142360
392,BWA,2020-08-27,0 days 15:59:23.796321,602728,40.74,40.73,900,2076,-6425,5663
393,BWA,2020-08-27,0 days 15:59:34.823199,618053,40.74,40.73,751,5140,37134,-3966
394,BWA,2020-08-27,0 days 15:59:37.831033,624864,40.78,40.77,389,5190,-1496,4790
395,BWA,2020-08-27,0 days 15:59:47.855512,652832,40.78,40.77,4131,679,17531,-2145
396,BX,2020-08-27,0 days 15:55:01.726436,88576,53.65,53.63,509,200,-17166,2424
397,BX,2020-08-27,0 days 15:55:02.726861,86152,53.65,53.63,509,100,2424,-17166
398,BX,2020-08-27,0 days 15:55:28.791357,88676,53.58,53.57,667,200,-4112,2288
399,BX,2020-08-27,0 days 15:57:38.096685,119824,53.55,53.52,600,1391,514,-586
400,BX,2020-08-27,0 days 15:57:39.099145,117538,53.55,53.52,600,1591,-2286,514
401,C,2020-08-27,0 days 15:59:06.845256,668638,51.81,51.8,9700,7883,-1634,17387
402,C,2020-08-27,0 days 15:59:41.919186,710834,51.76,51.75,12815,8600,-11324,23751
403,C,2020-08-27,0 days 15:59:42.921053,722258,51.76,51.75,16106,4870,451,-11324
404,C,2020-08-27,0 days 15:59:46.931822,721252,51.77,51.76,7101,11273,-10201,13958
405,CAG,2020-08-27,0 days 15:56:09.327179,129428,38.85,38.84,7461,985,250,-273
406,CAG,2020-08-27,0 days 15:56:12.333470,124578,38.84,38.83,1748,4236,-4330,610
407,CAG,2020-08-27,0 days 15:56:25.365562,128748,38.83,38.82,4591,3012,630,-3510
408,CAG,2020-08-27,0 days 15:56:26.368080,124778,38.83,38.82,5091,2912,-3810,630
409,CAG,2020-08-27,0 days 15:57:13.481357,129457,38.8,38.79,5346,2385,1176,-1260
410,CAG,2020-08-27,0 days 15:57:14.483721,128528,38.8,38.79,4957,2585,-769,1176
411,CAG,2020-08-27,0 days 15:57:16.490025,129457,38.8,38.79,5956,2126,271,-369
412,CAG,2020-08-27,0 days 15:57:17.491237,127143,38.8,38.79,5456,2226,-2154,271
413,CAG,2020-08-27,0 days 15:59:18.787432,139054,38.82,38.81,5715,209,333,-749
414,CAG,2020-08-27,0 days 15:59:33.820465,137128,38.81,38.8,3751,4200,-2728,3734
415,CAG,2020-08-27,0 days 15:59:46.852365,138812,38.8,38.79,9024,681,-1451,2088
416,CAH,2020-08-27,0 days 15:59:45.789471,175372,50.74,50.73,450,1380,1672,-212
417,CAH,2020-08-27,0 days 15:59:47.791756,176303,50.74,50.73,200,1652,-214,1298
418,CARR,2020-08-27,0 days 15:55:00.725537,258892,30.37,30.36,8753,4345,-1521,37580
419,CARR,2020-08-27,0 days 15:55:34.806260,267488,30.4,30.39,3246,5596,15,-96
420,CARR,2020-08-27,0 days 15:55:51.846751,265399,30.41,30.4,3762,9792,-2089,106
421,CARR,2020-08-27,0 days 15:58:09.173523,272109,30.37,30.36,4726,1260,293,-1503
422,CARR,2020-08-27,0 days 15:58:10.176431,269702,30.37,30.36,4526,1260,-2407,293
423,CARR,2020-08-27,0 days 15:58:21.202968,272109,30.37,30.36,7476,1341,2593,-1107
424,CARR,2020-08-27,0 days 15:58:22.205000,270102,30.37,30.36,9776,1097,-707,2593
425,CARR,2020-08-27,0 days 15:59:28.363931,310455,30.3,30.29,4851,4810,53,-2898
426,CARR,2020-08-27,0 days 15:59:40.394023,289608,30.29,30.28,2331,14305,-784,21416
427,CARR,2020-08-27,0 days 15:59:45.406591,294292,30.29,30.28,8867,16506,2091,-884
428,CARR,2020-08-27,0 days 15:59:48.413338,294083,30.29,30.28,7067,12731,-638,1662
429,CAT,2020-08-27,0 days 15:55:01.726386,169765,143.52,143.5,714,200,29691,-28141
430,CAT,2020-08-27,0 days 15:55:02.726828,166356,143.51,143.5,358,580,-3409,29691
431,CAT,2020-08-27,0 days 15:55:41.822923,173799,143.5,143.48,355,200,8370,-5706
432,CAT,2020-08-27,0 days 15:55:42.825598,171469,143.49,143.48,100,100,-2330,8370
433,CAT,2020-08-27,0 days 15:56:17.909430,174130,143.39,143.37,656,300,378,-2519
434,CAT,2020-08-27,0 days 15:56:18.911843,172208,143.37,143.36,701,374,-1922,378
435,CAT,2020-08-27,0 days 15:58:04.160981,186838,143.41,143.39,311,214,820,-1180
436,CAT,2020-08-27,0 days 15:58:07.168721,188158,143.4,143.38,200,860,-535,1020
437,CAT,2020-08-27,0 days 15:59:00.301158,193242,143.54,143.52,528,345,1016,-2298
438,CAT,2020-08-27,0 days 15:59:05.310894,195092,143.55,143.52,1335,300,-976,1324
439,CCL,2020-08-27,0 days 15:59:45.739508,244568,16.12,16.11,103848,49983,-6372,214
440,CDAY,2020-08-27,0 days 15:57:01.340944,606689,76.88,76.85,500,423,3797,-35503
441,CDAY,2020-08-27,0 days 15:57:02.343491,603986,76.88,76.85,500,423,-2403,3797
442,CDAY,2020-08-27,0 days 15:58:03.490244,705035,76.97,76.95,200,200,-14487,71347
443,CDAY,2020-08-27,0 days 15:58:04.492830,701322,76.97,76.94,601,322,3713,-14487
444,CDAY,2020-08-27,0 days 15:58:40.581116,719335,76.85,76.8,300,228,-3533,17401
445,CDAY,2020-08-27,0 days 15:58:41.582424,711468,76.85,76.8,300,228,7867,-3533
446,CDAY,2020-08-27,0 days 15:59:05.642108,720125,76.91,76.88,960,524,-18897,8471
447,CDAY,2020-08-27,0 days 15:59:10.653852,717528,76.84,76.8,324,300,3499,-28101
448,CDAY,2020-08-27,0 days 15:59:46.741053,812298,76.96,76.95,367,183,4170,-9655
449,CDE,2020-08-27,0 days 15:57:09.404050,267755,8.26,8.25,26001,4370,177,-623
450,CDE,2020-08-27,0 days 15:57:18.426026,259232,8.26,8.25,19291,10470,-8523,777
451,CDE,2020-08-27,0 days 15:59:21.725727,265705,8.27,8.26,16455,21202,9016,-601
452,CDE,2020-08-27,0 days 15:59:22.728361,260421,8.27,8.26,14655,26663,-5284,9016
453,CDE,2020-08-27,0 days 15:59:45.786419,265705,8.27,8.26,23164,16629,7858,-2653
454,CDE,2020-08-27,0 days 15:59:46.786736,261646,8.27,8.26,22764,16653,-7359,7858
455,CF,2020-08-27,0 days 15:55:01.051123,70106,33.27,33.26,2523,1163,6157,-3700
456,CF,2020-08-27,0 days 15:55:30.121695,76555,33.29,33.28,1468,1400,-651,849
457,CF,2020-08-27,0 days 15:55:31.124494,76206,33.29,33.28,1668,1517,349,-651
458,CF,2020-08-27,0 days 15:55:51.172404,76555,33.28,33.27,3762,1100,-104,1386
459,CF,2020-08-27,0 days 15:55:52.176182,76359,33.28,33.27,3760,600,196,-104
460,CF,2020-08-27,0 days 15:55:57.186832,76566,33.28,33.27,3760,600,-494,196
461,CF,2020-08-27,0 days 15:56:02.200263,76297,33.28,33.27,4994,800,269,-494
462,CF,2020-08-27,0 days 15:57:09.359528,76796,33.24,33.23,4632,695,-1304,311
463,CF,2020-08-27,0 days 15:57:33.416703,85100,33.22,33.21,5596,1308,417,-304
464,CF,2020-08-27,0 days 15:57:55.470308,89525,33.21,33.2,7737,924,-75,1925
465,CF,2020-08-27,0 days 15:57:56.472719,88400,33.21,33.2,7737,841,1125,-75
466,CF,2020-08-27,0 days 15:59:00.629925,83928,33.23,33.22,1378,1568,-10573,1270
467,CF,2020-08-27,0 days 15:59:01.632325,83555,33.23,33.22,4278,100,373,-10573
468,CF,2020-08-27,0 days 15:59:02.634194,83928,33.22,33.21,1240,5082,-854,373
469,CF,2020-08-27,0 days 15:59:03.636705,83582,33.22,33.21,2091,4506,375,-854
470,CF,2020-08-27,0 days 15:59:32.708680,93273,33.24,33.23,8234,2694,943,-1457
471,CF,2020-08-27,0 days 15:59:45.739356,94216,33.24,33.23,7299,7236,-1181,543
472,CF,2020-08-27,0 days 15:59:46.740928,93997,33.24,33.23,7999,5455,219,-1181
473,CFG,2020-08-27,0 days 15:59:03.636773,189311,26.03,26.02,9329,33513,-3254,2346
474,CFG,2020-08-27,0 days 15:59:21.680267,226459,26.03,26.02,22136,12914,20443,-18916
475,CFG,2020-08-27,0 days 15:59:22.683826,222602,26.03,26.02,20349,14181,-1657,20443
476,CFG,2020-08-27,0 days 15:59:45.739576,242935,26.03,26.02,27936,26002,11432,-3502
477,CFG,2020-08-27,0 days 15:59:46.741112,241367,26.03,26.02,28404,24037,-5094,11432
478,CGC,2020-08-27,0 days 15:57:17.579023,23335,16.53,16.51,4093,1574,185,-15
479,CGC,2020-08-27,0 days 15:57:18.581901,22820,16.53,16.51,4093,1574,-515,185
480,CHGG,2020-08-27,0 days 15:55:00.096754,41988,75.36,75.32,2396,200,-1071,6756
481,CHGG,2020-08-27,0 days 15:57:29.457378,43468,75.23,75.19,211,500,488,-675
482,CHGG,2020-08-27,0 days 15:57:30.460222,42690,75.23,75.19,451,800,-778,488
483,CHGG,2020-08-27,0 days 15:59:01.682871,44874,75.33,75.31,716,490,57,-772
484,CHGG,2020-08-27,0 days 15:59:04.690959,45651,75.36,75.33,618,889,-137,143
485,CHGG,2020-08-27,0 days 15:59:21.728360,46295,75.32,75.31,621,494,840,-644
486,CHGG,2020-08-27,0 days 15:59:22.732515,45635,75.33,75.32,361,387,-660,840
487,CHWY,2020-08-27,0 days 15:59:36.911350,33235,56.9,56.89,729,646,6232,-8168
488,CHWY,2020-08-27,0 days 15:59:37.912899,32609,56.9,56.89,200,250,-626,6232
489,CIG,2020-08-27,0 days 15:59:14.715087,207891,1.98,1.97,148254,514156,-100444,128856
490,CIG,2020-08-27,0 days 15:59:15.716312,199935,1.98,1.97,148254,514156,7856,-100444
491,CIG,2020-08-27,0 days 15:59:45.789070,207891,1.98,1.97,173769,553481,-1144,7856
492,CIG,2020-08-27,0 days 15:59:48.794191,203135,1.98,1.97,180206,509554,4656,-1144
493,CL,2020-08-27,0 days 15:55:00.091356,188643,79.17,79.16,500,1700,10769,-102
494,CL,2020-08-27,0 days 15:56:45.345721,203415,79.16,79.15,925,4380,-232,814
495,CL,2020-08-27,0 days 15:56:46.348573,202747,79.16,79.15,1325,3380,668,-232
496,CL,2020-08-27,0 days 15:57:39.476365,208922,79.07,79.06,800,5449,-611,1889
497,CL,2020-08-27,0 days 15:57:40.478428,207733,79.07,79.06,700,5449,1189,-611
498,CL,2020-08-27,0 days 15:57:42.483815,209322,79.08,79.07,1300,4536,-611,1189
499,CL,2020-08-27,0 days 15:57:43.486028,208133,79.08,79.07,4202,1303,1189,-611
500,CL,2020-08-27,0 days 15:58:02.533536,207098,79.09,79.08,1904,1021,-1435,886
501,CL,2020-08-27,0 days 15:58:03.535712,206133,79.08,79.07,300,4966,965,-1435
502,CL,2020-08-27,0 days 15:59:04.686020,207240,79.13,79.12,877,1202,-1080,1051
503,CL,2020-08-27,0 days 15:59:14.708863,224467,79.1,79.09,620,4014,14564,-2936
504,CL,2020-08-27,0 days 15:59:15.710772,222631,79.13,79.11,3400,1800,-2912,14564
505,CL,2020-08-27,0 days 15:59:18.718125,226063,79.12,79.11,1927,500,6016,-732
506,CL,2020-08-27,0 days 15:59:31.750820,234579,79.11,79.09,2800,2700,-206,2415
507,CLDR,2020-08-27,0 days 15:55:00.091403,118620,12.39,12.38,8836,6324,1256,-16793
508,CLDR,2020-08-27,0 days 15:55:01.094599,116976,12.39,12.38,9214,8124,-1644,1256
509,CLDR,2020-08-27,0 days 15:59:01.677064,123734,12.4,12.39,5568,14777,510,-183
510,CLDR,2020-08-27,0 days 15:59:07.691743,125268,12.4,12.39,10338,15312,-313,6234
511,CLDR,2020-08-27,0 days 15:59:45.786351,126552,12.4,12.39,12727,10637,1965,-831
512,CLDR,2020-08-27,0 days 15:59:46.786639,126317,12.4,12.39,11425,15182,-346,1965
513,CLF,2020-08-27,0 days 15:59:46.879595,236727,6.33,6.32,107845,62079,-4093,12418
514,CLNY,2020-08-27,0 days 15:55:00.198254,148071,2.85,2.84,23043,33548,12697,-13267
515,CLNY,2020-08-27,0 days 15:57:19.536322,160768,2.85,2.84,40952,33499,-3310,4345
516,CLNY,2020-08-27,0 days 15:57:20.538388,154678,2.85,2.84,41052,32299,6090,-3310
517,CLNY,2020-08-27,0 days 15:59:01.780698,172068,2.84,2.83,28191,40763,-1967,4778
518,CLNY,2020-08-27,0 days 15:59:05.791023,167145,2.84,2.83,27891,42788,4923,-1967
519,CLNY,2020-08-27,0 days 15:59:17.818886,164114,2.85,2.84,34570,38949,3780,-11120
520,CLR,2020-08-27,0 days 15:55:00.198331,59584,17.52,17.51,1912,1300,353,-4831
521,CLR,2020-08-27,0 days 15:55:52.325786,62654,17.55,17.54,1124,2434,-2036,441
522,CLR,2020-08-27,0 days 15:55:53.328461,62390,17.55,17.54,1024,2937,264,-2036
523,CLR,2020-08-27,0 days 15:56:09.366622,62654,17.53,17.52,135,2822,-2195,264
524,CLR,2020-08-27,0 days 15:56:22.397831,68249,17.52,17.51,234,1736,438,-325
525,CLR,2020-08-27,0 days 15:56:26.407787,69387,17.53,17.52,3374,579,-562,538
526,CLR,2020-08-27,0 days 15:56:27.410312,68949,17.53,17.52,3374,200,438,-562
527,CLR,2020-08-27,0 days 15:57:09.511355,69387,17.53,17.52,1796,1120,-282,18
528,CLR,2020-08-27,0 days 15:57:10.514266,69169,17.53,17.52,2839,1435,218,-282
529,CLR,2020-08-27,0 days 15:57:47.602748,69917,17.55,17.54,3500,400,-1052,248
530,CLR,2020-08-27,0 days 15:57:48.604900,65910,17.53,17.52,400,2773,4307,-1052
531,CLR,2020-08-27,0 days 15:58:01.637791,69243,17.55,17.54,2700,300,-1179,295
532,CLR,2020-08-27,0 days 15:58:02.639427,68822,17.54,17.53,1600,1543,321,-1179
533,CLR,2020-08-27,0 days 15:59:01.780751,69242,17.54,17.53,2684,948,-385,288
534,CLX,2020-08-27,0 days 15:56:21.386137,98778,220.77,220.72,1133,200,816,-1384
535,CLX,2020-08-27,0 days 15:56:22.388711,97294,220.77,220.72,1133,200,-1484,816
536,CLX,2020-08-27,0 days 15:57:16.519738,98779,220.71,220.67,1681,190,576,-427
537,CLX,2020-08-27,0 days 15:57:18.524641,97789,220.71,220.67,1681,190,-873,910
538,CLX,2020-08-27,0 days 15:57:35.561343,98663,220.7,220.65,100,200,484,-316
539,CLX,2020-08-27,0 days 15:57:36.563803,97789,220.77,220.7,300,200,-991,484
540,CLX,2020-08-27,0 days 15:58:12.652050,98665,220.94,220.89,100,200,859,-941
541,CLX,2020-08-27,0 days 15:58:13.654246,98324,220.96,220.89,206,100,-341,859
542,CLX,2020-08-27,0 days 15:59:04.778329,109143,220.96,220.9,200,300,61,-511
543,CLX,2020-08-27,0 days 15:59:05.781663,107404,220.96,220.9,711,300,-1739,61
544,CLX,2020-08-27,0 days 15:59:59.913633,108871,220.71,220.64,4612,7070,-1314,1638
545,CLX,2020-08-27,0 days 16:00:00.913766,110068,220.71,220.66,4572,3111,1438,-1314
546,CNC,2020-08-27,0 days 15:57:41.436572,290057,60.63,60.62,600,201,359,-241
547,CNC,2020-08-27,0 days 15:57:44.443364,277516,60.64,60.62,100,1011,-12541,359
548,CNC,2020-08-27,0 days 15:57:55.470308,290057,60.49,60.48,300,1023,1160,-141
549,CNC,2020-08-27,0 days 15:57:56.472719,279717,60.5,60.48,850,1205,-10340,1160
550,CNC,2020-08-27,0 days 15:59:00.629962,290155,60.64,60.62,606,354,1397,-9564
551,CNC,2020-08-27,0 days 15:59:07.646620,282718,60.65,60.64,100,785,-19034,3243
552,CNC,2020-08-27,0 days 15:59:22.683760,336404,60.63,60.62,310,200,346,-9162
553,CNC,2020-08-27,0 days 15:59:24.687862,324650,60.61,60.59,442,623,-11754,9046
554,CNC,2020-08-27,0 days 15:59:30.701804,336404,60.59,60.57,500,6853,4511,-1137
555,CNC,2020-08-27,0 days 15:59:31.704786,324268,60.6,60.59,100,276,-12136,4511
556,CNC,2020-08-27,0 days 15:59:45.739391,336404,60.56,60.54,100,7585,3556,-4124
557,CNC,2020-08-27,0 days 15:59:48.745763,334064,60.56,60.55,100,668,-3330,4261
558,CNK,2020-08-27,0 days 15:57:38.542148,206414,14.25,14.24,12914,4056,-1747,1053
559,CNK,2020-08-27,0 days 15:57:40.546981,208161,14.25,14.24,13260,4056,1253,-1747
560,CNK,2020-08-27,0 days 15:57:43.554828,207114,14.26,14.25,5741,2640,-1047,1753
561,CNK,2020-08-27,0 days 15:58:06.611933,208691,14.26,14.25,10935,6229,4634,-761
562,CNK,2020-08-27,0 days 15:58:19.643325,208691,14.26,14.25,12146,6888,34,-766
563,CNP,2020-08-27,0 days 15:57:38.478692,406662,19.74,19.73,22125,8940,1871,-929
564,CNP,2020-08-27,0 days 15:57:39.481130,398233,19.74,19.73,20681,8840,-8429,1871
565,CNX,2020-08-27,0 days 15:55:52.316715,133015,11.28,11.27,9908,6912,-11752,3263
566,CNX,2020-08-27,0 days 15:55:53.318670,131067,11.28,11.27,9508,7212,1948,-11752
567,CNX,2020-08-27,0 days 15:56:23.391015,134694,11.27,11.26,11064,5300,-652,1939
568,CNX,2020-08-27,0 days 15:57:11.507220,129586,11.26,11.25,18199,3500,5120,-2340
569,CNX,2020-08-27,0 days 15:57:18.524566,134964,11.26,11.25,17991,2761,-2945,1140
570,CNX,2020-08-27,0 days 15:57:33.556219,134747,11.26,11.25,10260,3686,217,-345
571,CNX,2020-08-27,0 days 15:57:37.567002,134964,11.25,11.24,7181,10064,-45,217
572,CNX,2020-08-27,0 days 15:57:43.580806,134647,11.26,11.25,12099,7524,317,-1645
573,CNX,2020-08-27,0 days 15:57:48.592430,134964,11.25,11.24,6350,10624,-297,265
574,CNX,2020-08-27,0 days 15:57:49.594916,134161,11.25,11.24,7961,9457,803,-297
575,CNX,2020-08-27,0 days 15:57:54.607478,134964,11.25,11.24,9829,11857,-97,803
576,COG,2020-08-27,0 days 15:57:04.499806,138301,19.07,19.06,9783,8616,11,-467
577,COG,2020-08-27,0 days 15:57:47.602844,138301,19.08,19.07,3727,15314,134,-566
578,COG,2020-08-27,0 days 15:58:00.635783,138299,19.08,19.07,4985,15700,-2,234
579,COG,2020-08-27,0 days 15:58:34.717688,138301,19.09,19.08,2477,16600,1768,-232
580,COG,2020-08-27,0 days 15:59:06.793534,142482,19.08,19.07,7721,7284,-7291,265
581,COG,2020-08-27,0 days 15:59:46.889851,165050,19.07,19.06,7303,11686,-494,4017
582,COG,2020-08-27,0 days 15:59:48.894350,164244,19.07,19.06,8752,10286,806,-494
583,COP,2020-08-27,0 days 15:55:00.158779,456582,38.21,38.2,6230,3538,-11147,68033
584,COP,2020-08-27,0 days 15:57:35.535143,482787,38.18,38.17,7858,3505,2421,-979
585,COP,2020-08-27,0 days 15:57:36.537799,474208,38.18,38.17,7171,3405,-8579,2421
586,COP,2020-08-27,0 days 15:58:14.630836,483242,38.2,38.19,1200,8105,1358,-6711
587,COP,2020-08-27,0 days 15:58:15.633083,474500,38.2,38.19,700,8891,-8742,1358
588,COP,2020-08-27,0 days 15:59:42.842828,484176,38.22,38.21,669,6217,-2036,5964
589,COP,2020-08-27,0 days 15:59:49.859123,490771,38.2,38.19,4911,3300,305,-11775
590,COP,2020-08-27,0 days 15:59:50.862681,482876,38.2,38.19,9942,881,-9188,305
591,CPE,2020-08-27,0 days 15:59:09.696179,54268,6.93,6.92,12091,6102,1051,-752
592,CPE,2020-08-27,0 days 15:59:10.698878,52519,6.93,6.92,5993,14122,-1349,1051
593,CPE,2020-08-27,0 days 15:59:42.776914,53620,6.92,6.91,17524,1166,-342,12358
594,CRK,2020-08-27,0 days 15:56:03.400527,51466,6.1,6.09,5505,2927,17,-780
595,CRK,2020-08-27,0 days 15:56:49.511702,49013,6.09,6.08,2109,7334,-2453,17
596,CRK,2020-08-27,0 days 15:59:07.847983,53050,6.1,6.09,12287,5217,294,-1606
597,CRK,2020-08-27,0 days 15:59:31.898061,52276,6.09,6.08,6615,13433,-574,326
598,CRK,2020-08-27,0 days 15:59:45.928833,54753,6.09,6.08,8873,6806,2806,-2377
599,CRK,2020-08-27,0 days 15:59:46.932039,53959,6.09,6.08,7273,10451,-1945,2806
600,CTL,2020-08-27,0 days 15:59:22.683826,776839,11.36,11.35,40807,75099,86267,-20452
601,CTL,2020-08-27,0 days 15:59:23.684853,763906,11.36,11.35,33315,88691,-9933,86267
602,CTL,2020-08-27,0 days 15:59:30.701922,792385,11.35,11.34,79524,54630,13775,-1800
603,CTL,2020-08-27,0 days 15:59:31.704849,784580,11.35,11.34,82524,67330,-2647,13775
604,CTL,2020-08-27,0 days 15:59:45.739576,800922,11.35,11.34,32437,70972,11928,-647
605,CTL,2020-08-27,0 days 15:59:46.741112,793550,11.35,11.34,23430,75262,-8426,11928
606,CVE,2020-08-27,0 days 15:59:36.383828,20953,4.83,4.82,290353,187420,8401,-9999
607,CVE,2020-08-27,0 days 15:59:37.386716,20354,4.83,4.82,278153,186420,-599,8401
608,CVS,2020-08-27,0 days 15:56:01.196841,346958,63.42,63.41,3911,475,5113,-21235
609,CVS,2020-08-27,0 days 15:56:02.200248,339571,63.41,63.4,2517,879,-7387,5113
610,CVS,2020-08-27,0 days 15:56:21.244457,347539,63.37,63.36,601,2875,12455,-6993
611,CVS,2020-08-27,0 days 15:56:22.246986,341894,63.38,63.37,499,2249,-5645,12455
612,CVS,2020-08-27,0 days 15:57:06.352208,348096,63.38,63.37,4576,811,11840,-2400
613,CVS,2020-08-27,0 days 15:57:07.354864,346836,63.38,63.37,4856,1118,-1234,11840
614,CVS,2020-08-27,0 days 15:57:52.463380,347569,63.4,63.39,3234,200,-737,2811
615,CVS,2020-08-27,0 days 15:58:10.507948,340433,63.41,63.4,501,1310,507,-980
616,CVS,2020-08-27,0 days 15:58:17.524833,340433,63.42,63.41,2561,2308,3468,-1080
617,CVS,2020-08-27,0 days 15:58:18.527113,339501,63.42,63.41,221,3676,-880,3468
618,CVS,2020-08-27,0 days 15:59:04.639713,341507,63.46,63.45,4281,1000,1778,-3498
619,CVS,2020-08-27,0 days 15:59:05.641991,340785,63.46,63.45,975,3444,-1322,1778
620,CVS,2020-08-27,0 days 15:59:15.665651,343458,63.47,63.46,3007,2359,3645,-237
621,CVS,2020-08-27,0 days 15:59:31.704786,348959,63.45,63.43,3859,2476,3035,-1684
622,CVS,2020-08-27,0 days 15:59:32.708680,348494,63.43,63.42,1375,775,-465,3035
623,CVS,2020-08-27,0 days 15:59:42.731276,345814,63.44,63.43,5824,1275,-4093,50262
624,CVS,2020-08-27,0 days 15:59:45.739356,349855,63.42,63.41,205,2672,1147,-193
625,CVS,2020-08-27,0 days 15:59:46.740928,349802,63.43,63.41,3105,2860,-53,1147
626,CVS,2020-08-27,0 days 15:59:47.743268,349855,63.42,63.41,100,1630,371,-53
627,CVS,2020-08-27,0 days 15:59:57.770864,349855,63.41,63.39,2149,1485,2745,-45
628,CVX,2020-08-27,0 days 15:55:00.725591,493789,84.82,84.81,300,1833,10030,-101391
629,CVX,2020-08-27,0 days 15:55:24.781412,503664,84.92,84.91,2508,700,-29413,926
630,CVX,2020-08-27,0 days 15:57:35.089975,542180,84.82,84.81,2542,1100,2209,-391
631,CVX,2020-08-27,0 days 15:57:42.107011,557689,84.84,84.83,2384,691,-2914,3709
632,CVX,2020-08-27,0 days 15:57:43.110340,556203,84.82,84.81,684,635,3286,-2914
633,CVX,2020-08-27,0 days 15:57:51.128843,565789,84.83,84.82,2000,1000,-2291,2586
634,CVX,2020-08-27,0 days 15:57:52.130888,563703,84.83,84.82,1700,1308,1686,-2291
635,CVX,2020-08-27,0 days 15:58:05.163654,556449,84.88,84.87,1200,1499,1279,-6575
636,CVX,2020-08-27,0 days 15:59:05.310907,559190,84.95,84.94,712,1155,-24085,7619
637,CVX,2020-08-27,0 days 15:59:28.363931,587229,84.92,84.91,752,1400,2179,-13
638,CWH,2020-08-27,0 days 15:55:29.793476,43947,30.9,30.89,416,530,67,-1833
639,CWH,2020-08-27,0 days 15:57:49.123632,46280,30.86,30.85,985,296,-167,133
640,CWH,2020-08-27,0 days 15:57:50.126152,46147,30.86,30.85,985,296,133,-167
641,CWH,2020-08-27,0 days 15:59:00.300925,46701,30.84,30.82,407,666,-150,848
642,CWH,2020-08-27,0 days 15:59:01.300695,46551,30.83,30.81,629,947,150,-150
643,CWH,2020-08-27,0 days 15:59:34.378344,54637,30.84,30.82,125,793,-225,275
644,CWH,2020-08-27,0 days 15:59:44.403628,61454,30.84,30.82,125,600,-108,392
645,CWH,2020-08-27,0 days 15:59:46.407920,55826,30.87,30.83,225,570,491,-6023
646,CX,2020-08-27,0 days 15:59:45.859753,166976,3.41,3.4,402465,72046,-7597,1003
647,CYH,2020-08-27,0 days 15:55:01.726386,68310,5.45,5.44,11060,7400,42106,-694
648,CYH,2020-08-27,0 days 15:55:02.726828,67616,5.45,5.44,11960,8800,-694,42106
649,CYH,2020-08-27,0 days 15:59:05.310880,78693,5.43,5.42,8330,22694,-1082,1318
650,CYH,2020-08-27,0 days 15:59:21.346856,80677,5.43,5.42,9776,22992,1540,-1974
651,CYH,2020-08-27,0 days 15:59:22.350914,79717,5.43,5.42,7917,26135,-960,1540
652,CYH,2020-08-27,0 days 15:59:33.376690,80677,5.43,5.42,21421,23726,932,-860
653,CYH,2020-08-27,0 days 15:59:37.386716,80009,5.43,5.42,20035,26074,-668,932
654,CYH,2020-08-27,0 days 15:59:46.408176,81582,5.43,5.42,20947,15353,-571,4032
655,D,2020-08-27,0 days 15:57:11.507179,167031,78.01,78.0,1706,431,-1671,3529
656,D,2020-08-27,0 days 15:57:35.561243,168702,77.98,77.97,202,1434,44,-1056
657,D,2020-08-27,0 days 15:57:37.566951,165246,77.98,77.97,1764,946,-3456,44
658,D,2020-08-27,0 days 15:57:40.573150,168702,77.99,77.98,2935,448,44,-1556
659,D,2020-08-27,0 days 15:57:42.578126,168646,78.01,78.0,800,1459,-856,44
660,D,2020-08-27,0 days 15:58:35.707818,169702,78.01,78.0,700,643,2294,-2206
661,D,2020-08-27,0 days 15:58:47.736454,168496,78.01,77.99,1026,1043,-1306,2894
662,D,2020-08-27,0 days 15:59:04.778177,171763,78.04,78.03,701,783,767,-268
663,D,2020-08-27,0 days 15:59:08.788069,175479,78.07,78.06,852,441,-563,3716
664,D,2020-08-27,0 days 15:59:12.798271,176042,78.06,78.05,200,233,302,-163
665,D,2020-08-27,0 days 15:59:18.811184,178160,78.07,78.05,1594,100,44,-585
666,D,2020-08-27,0 days 15:59:19.813834,177704,78.07,78.06,100,1467,-456,44
667,D,2020-08-27,0 days 15:59:39.862477,191867,78.0,77.99,2319,257,-99,50501
668,DAL,2020-08-27,0 days 15:57:13.369893,278795,30.84,30.83,17124,8110,-3383,3217
669,DAL,2020-08-27,0 days 15:59:05.642132,301981,30.84,30.83,14539,5860,46774,-23
670,DB,2020-08-27,0 days 15:55:00.057101,31930,9.74,9.73,101827,54443,588,-5832
671,DB,2020-08-27,0 days 15:56:49.312581,33133,9.73,9.72,100121,109699,-1396,304
672,DB,2020-08-27,0 days 15:58:06.498995,35195,9.73,9.72,105000,118120,273,-2062
673,DB,2020-08-27,0 days 15:58:49.603278,35468,9.74,9.73,140384,119507,-351,232
674,DB,2020-08-27,0 days 15:59:15.665764,35769,9.74,9.73,107969,142124,789,-301
675,DDD,2020-08-27,0 days 15:58:00.526455,77491,5.33,5.32,21023,12528,1816,-514
676,DDD,2020-08-27,0 days 15:58:01.529943,76207,5.33,5.32,18523,14428,-1284,1816
677,DDD,2020-08-27,0 days 15:58:57.665060,82703,5.33,5.32,19002,13258,447,-1696
678,DDD,2020-08-27,0 days 15:58:58.667984,81174,5.33,5.32,20000,12857,-1529,447
679,DDD,2020-08-27,0 days 15:59:00.673457,84146,5.33,5.32,20885,12856,2028,-1529
680,DDD,2020-08-27,0 days 15:59:01.676141,83274,5.33,5.32,20485,13326,-1772,2028
681,DDD,2020-08-27,0 days 15:59:21.724442,57946,5.33,5.32,21549,13212,14765,-1335
682,DDD,2020-08-27,0 days 15:59:29.743652,72511,5.33,5.32,17192,20392,-14535,1065
683,DE,2020-08-27,0 days 15:55:00.198447,102366,210.06,210.04,100,300,-431,6049
684,DE,2020-08-27,0 days 15:56:18.389031,95168,209.99,209.95,200,313,9211,-1889
685,DE,2020-08-27,0 days 15:57:35.573244,96820,209.92,209.87,200,200,-1351,849
686,DE,2020-08-27,0 days 15:57:41.588534,98872,209.94,209.87,100,200,548,-1052
687,DE,2020-08-27,0 days 15:57:42.590603,98620,209.97,209.94,200,198,-252,548
688,DE,2020-08-27,0 days 15:57:46.600568,99472,209.97,209.88,500,401,148,-352
689,DE,2020-08-27,0 days 15:57:47.602844,99120,209.97,209.88,300,401,-452,148
690,DE,2020-08-27,0 days 15:57:57.626989,100272,209.95,209.89,301,200,448,-252
691,DE,2020-08-27,0 days 15:57:58.629588,99920,209.95,209.89,401,300,-352,448
692,DE,2020-08-27,0 days 15:58:51.755877,111972,210.11,210.05,467,100,99,-1620
693,DE,2020-08-27,0 days 15:58:52.758872,110571,210.16,210.11,100,200,-3120,99
694,DE,2020-08-27,0 days 15:59:20.826253,117740,210.05,209.99,706,100,165,-1754
695,DE,2020-08-27,0 days 15:59:22.832206,120985,210.02,209.96,361,300,-1360,345
696,DE,2020-08-27,0 days 15:59:30.851217,111245,209.99,209.94,100,300,9886,-1260
697,DE,2020-08-27,0 days 15:59:31.853228,110831,209.94,209.91,200,500,-1204,9886
698,DE,2020-08-27,0 days 15:59:40.876195,112035,209.98,209.92,868,152,1796,-404
699,DE,2020-08-27,0 days 15:59:41.878055,111731,209.96,209.86,201,2103,-304,1796
700,DE,2020-08-27,0 days 15:59:56.916016,111576,209.88,209.81,1069,440,555,-345
701,DE,2020-08-27,0 days 15:59:59.923821,112131,209.88,209.79,4790,1470,-345,955
702,DE,2020-08-27,0 days 16:00:00.924238,111176,209.88,209.79,8042,1496,955,-345
703,DELL,2020-08-27,0 days 15:57:18.504078,103493,62.71,62.68,1343,300,221,-279
704,DELL,2020-08-27,0 days 15:57:19.506856,99414,62.71,62.68,1543,400,-4079,221
705,DELL,2020-08-27,0 days 15:59:06.767669,115070,62.77,62.74,300,1550,1199,-3592
706,DELL,2020-08-27,0 days 15:59:27.815340,140201,62.83,62.8,1323,211,546,-5317
707,DELL,2020-08-27,0 days 15:59:46.862040,135014,62.77,62.74,942,1276,-4640,4817
708,DFS,2020-08-27,0 days 15:55:00.724735,228222,53.83,53.81,1357,609,964,-8992
709,DFS,2020-08-27,0 days 15:57:34.086915,231835,53.77,53.76,600,100,-503,597
710,DFS,2020-08-27,0 days 15:57:36.091865,231459,53.77,53.76,727,218,376,-952
711,DFS,2020-08-27,0 days 15:57:42.106963,231835,53.77,53.75,1305,100,-324,276
712,DFS,2020-08-27,0 days 15:57:43.110291,230859,53.75,53.73,200,400,976,-324
713,DFS,2020-08-27,0 days 15:58:01.154973,231835,53.77,53.76,527,713,-352,148
714,DFS,2020-08-27,0 days 15:58:02.156620,231587,53.77,53.76,727,400,248,-352
715,DFS,2020-08-27,0 days 15:58:08.170905,232393,53.77,53.76,1858,906,-1094,248
716,DFS,2020-08-27,0 days 15:58:09.173510,232087,53.76,53.75,1065,420,306,-1094
717,DFS,2020-08-27,0 days 15:58:11.178646,234588,53.76,53.75,500,332,-2399,2901
718,DFS,2020-08-27,0 days 15:58:12.180473,234087,53.77,53.75,1757,200,501,-2399
719,DFS,2020-08-27,0 days 15:58:15.188617,234588,53.77,53.75,2257,804,-199,501
720,DFS,2020-08-27,0 days 15:58:17.193129,232387,53.76,53.75,300,1004,2201,-399
721,DFS,2020-08-27,0 days 15:58:19.197949,234588,53.77,53.75,1874,804,-3599,3001
722,DFS,2020-08-27,0 days 15:58:20.200235,234087,53.77,53.75,1874,704,501,-3599
723,DFS,2020-08-27,0 days 15:58:48.267167,234087,53.76,53.75,654,426,501,-1299
724,DFS,2020-08-27,0 days 15:59:01.300923,231925,53.8,53.77,600,759,-1249,818
725,DFS,2020-08-27,0 days 15:59:02.301997,231374,53.8,53.77,700,829,551,-1249
726,DFS,2020-08-27,0 days 15:59:11.323848,237734,53.8,53.77,934,1487,-325,61
727,DFS,2020-08-27,0 days 15:59:14.331728,238059,53.79,53.77,533,506,39,-325
728,DFS,2020-08-27,0 days 15:59:17.337117,245639,53.79,53.77,733,906,-450,39
729,DFS,2020-08-27,0 days 15:59:35.381026,248558,53.76,53.74,1700,500,-422,1778
730,DFS,2020-08-27,0 days 15:59:44.403765,248747,53.74,53.72,591,1677,11,-322
731,DG,2020-08-27,0 days 15:59:15.716312,263414,201.57,201.51,125,150,47784,-65329
732,DG,2020-08-27,0 days 15:59:16.718973,265655,201.99,201.85,400,724,-7401,47784
733,DG,2020-08-27,0 days 15:59:38.771648,281312,201.71,201.65,368,150,-942,1208
734,DG,2020-08-27,0 days 15:59:40.778572,282254,201.67,201.61,326,150,745,-942
735,DG,2020-08-27,0 days 15:59:45.789108,280609,201.8,201.73,779,663,-1745,895
736,DG,2020-08-27,0 days 15:59:47.791664,282685,201.76,201.67,497,150,1324,-4243
737,DG,2020-08-27,0 days 15:59:48.794228,281909,201.76,201.66,969,100,-1107,1324
738,DG,2020-08-27,0 days 15:59:49.796953,283016,201.65,201.59,500,150,880,-1107
739,DG,2020-08-27,0 days 15:59:50.800162,278036,201.64,201.54,971,300,-2511,880
740,DHI,2020-08-27,0 days 15:55:19.245262,156117,72.72,72.71,1430,449,-18478,25422
741,DHI,2020-08-27,0 days 15:55:20.246740,153695,72.72,72.7,538,795,2422,-18478
742,DHI,2020-08-27,0 days 15:55:31.275359,190927,72.69,72.66,400,1045,-2268,132
743,DHI,2020-08-27,0 days 15:56:21.395173,198285,72.68,72.67,800,678,4127,-6173
744,DHI,2020-08-27,0 days 15:56:22.397247,195512,72.69,72.67,902,1922,-2773,4127
745,DHI,2020-08-27,0 days 15:57:18.533283,196699,72.58,72.57,900,185,-2287,413
746,DHI,2020-08-27,0 days 15:57:38.580228,253986,72.53,72.52,2600,139,1468,-1132
747,DHI,2020-08-27,0 days 15:57:39.582742,247454,72.53,72.52,2900,343,-6532,1468
748,DHI,2020-08-27,0 days 15:57:42.590410,253986,72.52,72.51,2355,368,1068,-2932
749,DHI,2020-08-27,0 days 15:57:43.592617,248154,72.52,72.51,2073,570,-5832,1068
750,DHI,2020-08-27,0 days 15:57:48.604606,253986,72.51,72.5,2017,1897,968,-1532
751,DHI,2020-08-27,0 days 15:57:49.607006,250554,72.51,72.5,2217,2479,-3432,968
752,DHI,2020-08-27,0 days 15:57:53.616908,253986,72.5,72.49,317,581,145,-1055
753,DHI,2020-08-27,0 days 15:57:55.620793,248931,72.5,72.49,2893,139,-5055,145
754,DHI,2020-08-27,0 days 15:58:10.659331,254244,72.52,72.51,100,1931,4210,-713
755,DHI,2020-08-27,0 days 15:58:11.660561,252154,72.52,72.51,200,2731,-2090,4210
756,DHI,2020-08-27,0 days 15:58:34.716493,254244,72.56,72.55,1252,100,251,-3049
757,DHI,2020-08-27,0 days 15:58:37.724571,254140,72.56,72.54,2002,1700,-104,251
758,DHI,2020-08-27,0 days 15:58:39.729099,254244,72.56,72.55,2925,727,3637,-104
759,DHI,2020-08-27,0 days 15:58:40.732202,244338,72.55,72.54,1066,1000,-9906,3637
760,DHI,2020-08-27,0 days 15:58:45.743236,262644,72.51,72.49,1886,300,196,-7547
761,DHI,2020-08-27,0 days 15:59:02.783260,263956,72.51,72.5,1444,200,746,-7591
762,DHI,2020-08-27,0 days 15:59:04.787523,260233,72.54,72.53,801,1955,-3723,746
763,DHI,2020-08-27,0 days 15:59:28.845946,266694,72.55,72.54,100,1300,-2347,7407
764,DHI,2020-08-27,0 days 15:59:30.850815,269041,72.54,72.53,300,540,369,-1447
765,DHT,2020-08-27,0 days 15:59:45.739437,102021,5.1,5.09,49770,5798,2785,-15
766,DHT,2020-08-27,0 days 15:59:46.740978,104806,5.1,5.09,51093,5698,-796,2785
767,DHT,2020-08-27,0 days 15:59:47.743322,104702,5.1,5.09,51470,3085,104,-796
768,DIS,2020-08-27,0 days 15:55:30.121796,651169,134.16,134.14,300,337,-22978,39928
769,DIS,2020-08-27,0 days 15:56:55.326037,669665,133.89,133.86,200,1010,-1040,460
770,DIS,2020-08-27,0 days 15:57:33.416776,685914,133.79,133.77,710,1205,-677,568
771,DIS,2020-08-27,0 days 15:57:58.477937,710714,133.78,133.77,700,556,-4330,5070
772,DIS,2020-08-27,0 days 15:58:43.587398,719568,133.84,133.81,1426,601,-5711,2289
773,DKS,2020-08-27,0 days 15:55:00.092230,101654,53.04,53.03,900,721,-162,30041
774,DKS,2020-08-27,0 days 15:55:01.094700,101816,53.01,53.0,500,540,1638,-162
775,DKS,2020-08-27,0 days 15:55:05.103344,100554,53.04,53.03,699,404,-1662,138
776,DKS,2020-08-27,0 days 15:58:09.550304,120482,53.1,53.08,600,1174,161,-821
777,DKS,2020-08-27,0 days 15:58:10.552661,119043,53.1,53.08,592,878,-1439,161
778,DKS,2020-08-27,0 days 15:59:05.687273,121624,53.11,53.1,1010,663,4388,-1587
779,DKS,2020-08-27,0 days 15:59:06.689593,121012,53.13,53.11,721,231,-612,4388
780,DKS,2020-08-27,0 days 15:59:43.779343,125832,53.05,53.03,345,1400,-729,271
781,DKS,2020-08-27,0 days 15:59:46.786736,128178,53.06,53.05,200,300,433,-7083
782,DKS,2020-08-27,0 days 15:59:48.791991,127911,53.08,53.05,702,878,-267,433
783,DKS,2020-08-27,0 days 15:59:49.794465,127178,53.02,53.0,1001,100,6170,-267
784,DKS,2020-08-27,0 days 15:59:50.798265,126048,53.03,52.99,502,1551,-1130,6170
785,DKS,2020-08-27,0 days 15:59:51.800329,127178,53.01,52.96,206,4014,670,-1130
786,DLPH,2020-08-27,0 days 15:57:10.513705,31508,17.38,17.37,8062,2300,1594,-670
787,DLPH,2020-08-27,0 days 15:57:11.515774,31102,17.38,17.37,7962,2300,-406,1594
788,DLPH,2020-08-27,0 days 15:57:44.595676,31508,17.38,17.37,3909,12302,3194,-3906
789,DLPH,2020-08-27,0 days 15:57:45.597804,27602,17.38,17.37,4009,12302,-3906,3194
790,DLPH,2020-08-27,0 days 15:58:08.653998,31632,17.38,17.37,1838,12548,2770,-3930
791,DLPH,2020-08-27,0 days 15:58:09.656522,31202,17.38,17.37,1638,12558,-330,2770
792,DLPH,2020-08-27,0 days 15:58:10.659538,31632,17.38,17.37,1838,12648,270,-330
793,DLPH,2020-08-27,0 days 15:58:11.661477,31202,17.38,17.37,1838,12648,-330,270
794,DLPH,2020-08-27,0 days 15:58:15.671208,31632,17.38,17.37,1450,12711,2670,-3930
795,DLPH,2020-08-27,0 days 15:58:16.673614,31202,17.38,17.37,1450,12711,-330,2670
796,DLPH,2020-08-27,0 days 15:58:49.753796,31632,17.37,17.36,8472,2100,2955,-330
797,DLPH,2020-08-27,0 days 15:58:50.756241,30987,17.37,17.36,8472,2100,-545,2955
798,DLPH,2020-08-27,0 days 15:59:00.779422,31060,17.37,17.36,5389,5100,128,-344
799,DLPH,2020-08-27,0 days 15:59:02.783289,31188,17.37,17.36,7426,600,-338,128
800,DLPH,2020-08-27,0 days 15:59:38.870354,34426,17.37,17.36,9309,14248,234,-466
801,DLPH,2020-08-27,0 days 15:59:46.889621,35860,17.37,17.36,8322,18758,-284,1434
802,DLPH,2020-08-27,0 days 15:59:47.892009,35644,17.37,17.36,8583,18758,216,-284
803,DOW,2020-08-27,0 days 15:59:46.879299,526434,46.18,46.17,2856,5577,9609,-2918
804,DOW,2020-08-27,0 days 15:59:50.889709,511815,46.18,46.17,2941,5090,-17743,4065
805,DRH,2020-08-27,0 days 15:56:15.273687,75549,5.47,5.46,16189,29154,-9143,2599
806,DRH,2020-08-27,0 days 15:56:21.288096,73892,5.47,5.46,16989,28747,1657,-343
807,DRH,2020-08-27,0 days 15:57:10.406701,75549,5.47,5.46,14514,35171,-411,1639
808,DRH,2020-08-27,0 days 15:57:11.408777,74160,5.47,5.46,16314,33798,1389,-411
809,DRH,2020-08-27,0 days 15:59:20.722927,86421,5.47,5.46,36702,7960,-5084,719
810,DRH,2020-08-27,0 days 15:59:21.725566,85305,5.46,5.45,32585,17637,1116,-5084
811,DRH,2020-08-27,0 days 15:59:45.786241,86421,5.46,5.45,28366,22596,-1411,1116
812,DRH,2020-08-27,0 days 15:59:46.786557,85732,5.46,5.45,31093,21096,1055,-1411
813,DT,2020-08-27,0 days 15:59:01.745634,132423,42.78,42.76,2499,1001,-1671,5256
814,DT,2020-08-27,0 days 15:59:02.747883,132154,42.78,42.76,2165,2447,298,-1671
815,DT,2020-08-27,0 days 15:59:30.813334,133012,42.8,42.78,1210,500,-871,2591
816,DT,2020-08-27,0 days 15:59:31.815980,131983,42.8,42.78,1410,1300,1029,-871
817,DT,2020-08-27,0 days 15:59:46.852593,131974,42.79,42.77,137,4615,1178,-948
818,DUK,2020-08-27,0 days 15:55:01.160949,178637,79.58,79.57,1771,1415,-2190,410
819,DUK,2020-08-27,0 days 15:56:45.413871,246589,79.64,79.63,1200,200,233,-957
820,DUK,2020-08-27,0 days 15:56:50.426226,246822,79.64,79.63,905,223,-186,233
821,DUK,2020-08-27,0 days 15:57:33.530337,248727,79.6,79.59,842,200,446,-1254
822,DUK,2020-08-27,0 days 15:57:36.537799,240173,79.6,79.59,1551,223,-8554,446
823,DUK,2020-08-27,0 days 15:59:04.752966,255705,79.66,79.65,200,624,3054,-2072
824,DUK,2020-08-27,0 days 15:59:27.806534,258681,79.64,79.63,700,100,2005,-2716
825,DUK,2020-08-27,0 days 15:59:28.810203,254886,79.64,79.63,495,640,-3795,2005
826,DUK,2020-08-27,0 days 15:59:45.850771,262198,79.58,79.57,102,1518,3520,-1989
827,DUK,2020-08-27,0 days 15:59:46.852621,260418,79.59,79.57,1238,918,-2797,3520
828,DUK,2020-08-27,0 days 15:59:51.864357,263215,79.59,79.57,1523,147,1296,-2304
829,DVN,2020-08-27,0 days 15:55:43.295237,252947,10.78,10.77,22289,20534,5416,-2684
830,DVN,2020-08-27,0 days 15:56:22.388701,262369,10.77,10.76,39402,5930,-5505,10489
831,DVN,2020-08-27,0 days 15:56:23.391119,255074,10.77,10.76,39902,6630,7295,-5505
832,DVN,2020-08-27,0 days 15:58:01.624901,255035,10.77,10.76,20631,62778,-1395,6648
833,DVN,2020-08-27,0 days 15:58:02.627472,248430,10.77,10.76,22151,59823,2905,-1395
834,DVN,2020-08-27,0 days 15:59:45.877579,266393,10.77,10.76,27037,39374,-3779,3321
835,ED,2020-08-27,0 days 15:55:00.199538,106244,70.95,70.93,1422,1161,-179,8328
836,ED,2020-08-27,0 days 15:56:00.345331,108342,71.02,71.01,1067,1482,256,-1244
837,ED,2020-08-27,0 days 15:56:01.347827,107998,71.02,71.01,1169,1700,-344,256
838,ED,2020-08-27,0 days 15:57:16.529025,108814,71.04,71.02,605,1639,195,-205
839,ED,2020-08-27,0 days 15:57:17.531080,108609,71.03,71.01,865,1141,-205,195
840,ED,2020-08-27,0 days 15:57:30.560658,108814,71.0,70.98,953,500,1348,-205
841,ED,2020-08-27,0 days 15:57:31.563519,108709,70.99,70.98,850,736,-105,1348
842,ED,2020-08-27,0 days 15:57:38.580555,109361,70.97,70.96,500,600,48,-252
843,ED,2020-08-27,0 days 15:57:49.607390,109809,70.99,70.98,871,1330,-1252,148
844,ED,2020-08-27,0 days 15:57:50.609890,109661,70.99,70.98,1173,1095,248,-1252
845,ED,2020-08-27,0 days 15:57:51.612643,109909,70.99,70.98,1673,770,-352,248
846,ED,2020-08-27,0 days 15:57:52.614699,109761,70.99,70.98,1373,970,148,-352
847,ED,2020-08-27,0 days 15:58:00.635830,109727,70.99,70.98,1493,887,-734,148
848,ED,2020-08-27,0 days 15:58:01.637957,108961,70.99,70.98,1999,875,766,-734
849,ED,2020-08-27,0 days 15:59:18.821730,116568,71.08,71.07,443,499,1699,-370
850,ED,2020-08-27,0 days 15:59:32.856970,131483,71.05,71.04,450,223,2641,-4055
851,ED,2020-08-27,0 days 15:59:42.879729,136520,71.06,71.04,893,401,-76,83
852,ED,2020-08-27,0 days 15:59:48.894553,138707,71.05,71.04,685,300,561,-340
853,ED,2020-08-27,0 days 15:59:49.897210,139392,71.06,71.04,601,608,-115,561
854,ED,2020-08-27,0 days 15:59:50.900508,138607,71.06,71.04,459,608,785,-115
855,ELY,2020-08-27,0 days 15:56:15.278495,64861,20.46,20.45,2035,1951,-4155,2423
856,ELY,2020-08-27,0 days 15:56:16.280956,63816,20.46,20.45,2235,1651,1045,-4155
857,ELY,2020-08-27,0 days 15:57:10.411536,64861,20.44,20.43,1626,2921,-350,325
858,ELY,2020-08-27,0 days 15:57:11.413885,64111,20.44,20.43,2166,2371,750,-350
859,ELY,2020-08-27,0 days 15:57:14.421184,64861,20.44,20.43,2066,2871,-775,445
860,ELY,2020-08-27,0 days 15:58:08.553004,64866,20.44,20.43,300,800,295,-3405
861,ELY,2020-08-27,0 days 15:59:30.750470,69645,20.45,20.44,595,1769,1246,-351
862,ELY,2020-08-27,0 days 15:59:31.752880,69391,20.45,20.44,668,1800,-254,1246
863,ELY,2020-08-27,0 days 15:59:32.756066,69645,20.45,20.44,868,1900,2559,-254
864,ELY,2020-08-27,0 days 15:59:33.758055,69204,20.45,20.44,1168,1800,-441,2559
865,EMR,2020-08-27,0 days 15:59:24.732956,241204,69.62,69.61,655,400,232,-468
866,ENB,2020-08-27,0 days 15:59:35.825783,50707,32.44,32.43,4696,27625,-1863,8537
867,ENB,2020-08-27,0 days 15:59:45.850733,52570,32.44,32.43,14995,10864,4063,-1863
868,ENB,2020-08-27,0 days 15:59:46.852593,51833,32.44,32.43,16095,10564,-2216,4063
869,EOG,2020-08-27,0 days 15:55:25.220292,359743,45.02,45.01,3146,4077,-5846,47187
870,EOG,2020-08-27,0 days 15:55:26.222709,351789,45.01,45.0,2240,1051,7954,-5846
871,EOG,2020-08-27,0 days 15:57:22.503750,372481,45.02,45.01,1981,4819,-4,296
872,EOG,2020-08-27,0 days 15:57:25.510883,372485,45.02,45.01,3097,4924,386,-4
873,EOG,2020-08-27,0 days 15:59:05.756568,379346,45.06,45.05,1800,5589,-1261,3972
874,EOG,2020-08-27,0 days 15:59:06.757883,378275,45.04,45.03,1681,1222,6571,-1261
875,EOG,2020-08-27,0 days 15:59:18.787543,385232,45.04,45.03,2548,3416,-67,1513
876,EOG,2020-08-27,0 days 15:59:23.796474,384670,45.03,45.02,923,3203,562,-538
877,EPD,2020-08-27,0 days 15:56:27.458425,49973,17.39,17.38,16671,20149,-5125,2775
878,EQNR,2020-08-27,0 days 15:59:36.764638,29547,16.0,15.99,79190,42157,-6904,8196
879,EQNR,2020-08-27,0 days 15:59:37.767151,29051,16.0,15.99,80290,26693,496,-6904
880,EQNR,2020-08-27,0 days 15:59:46.789880,30651,15.99,15.98,79410,53743,959,-1604
881,EQT,2020-08-27,0 days 15:56:17.234473,186483,16.21,16.2,6250,2002,-4241,546
882,EQT,2020-08-27,0 days 15:56:18.240096,181924,16.21,16.2,6060,300,4559,-4241
883,EQT,2020-08-27,0 days 15:59:08.649113,192418,16.2,16.19,7670,2152,784,-4316
884,EQT,2020-08-27,0 days 15:59:21.680255,192655,16.2,16.19,6104,1200,547,-6253
885,EQT,2020-08-27,0 days 15:59:22.683802,196092,16.18,16.17,2510,5075,-30827,547
886,EQT,2020-08-27,0 days 15:59:46.741100,246290,16.17,16.16,8343,683,217,-6786
887,ERJ,2020-08-27,0 days 15:57:49.594957,51316,5.24,5.23,19119,48388,-10164,15765
888,ERJ,2020-08-27,0 days 15:57:50.597254,49551,5.24,5.23,19119,47838,1165,-10164
889,ERJ,2020-08-27,0 days 15:58:00.622436,51916,5.24,5.23,20419,47838,-9564,15165
890,ERJ,2020-08-27,0 days 15:58:01.624856,49151,5.24,5.23,20919,52378,1565,-9564
891,EROS,2020-08-27,0 days 15:59:05.764765,41360,2.9,2.89,9163,26142,-4860,769
892,EROS,2020-08-27,0 days 15:59:06.767386,34620,2.9,2.89,9063,26142,6740,-4860
893,EROS,2020-08-27,0 days 15:59:07.769523,41360,2.9,2.89,8553,26042,-1758,6740
894,EROS,2020-08-27,0 days 15:59:08.771942,40418,2.9,2.89,10232,26042,942,-1758
895,EROS,2020-08-27,0 days 15:59:41.849208,39994,2.91,2.9,7355,12763,-12830,440
896,ESTC,2020-08-27,0 days 15:55:01.726359,42456,110.88,110.8,200,613,-20252,1548
897,ESTC,2020-08-27,0 days 15:55:02.726817,40008,110.87,110.8,364,450,2448,-20252
898,ESTC,2020-08-27,0 days 15:59:06.313012,44403,111.02,110.98,350,135,-6959,511
899,ESTC,2020-08-27,0 days 15:59:07.314773,43962,111.02,110.97,489,901,450,-6959
900,ESTC,2020-08-27,0 days 15:59:46.408159,52706,111.1,111.07,346,150,-197,584
901,ESTC,2020-08-27,0 days 15:59:47.410315,52903,111.09,111.06,150,100,807,-197
902,ET,2020-08-27,0 days 15:59:45.928368,116978,6.54,6.53,81860,95267,361,-3639
903,ET,2020-08-27,0 days 15:59:48.936856,114639,6.54,6.53,115916,24010,-2339,361
904,ETRN,2020-08-27,0 days 15:58:15.670268,141139,10.56,10.55,15767,12013,-8413,2887
905,ETRN,2020-08-27,0 days 15:58:16.672675,138252,10.56,10.55,15667,12120,2887,-8413
906,ETRN,2020-08-27,0 days 15:59:00.779173,141139,10.56,10.55,6458,12956,-2513,2887
907,ETRN,2020-08-27,0 days 15:59:02.783083,145226,10.56,10.55,9858,9222,713,-1545
908,ETRN,2020-08-27,0 days 15:59:19.823145,155426,10.56,10.55,12527,6227,-143,274
909,ETRN,2020-08-27,0 days 15:59:31.852369,155569,10.56,10.55,15366,7270,3560,-143
910,ETRN,2020-08-27,0 days 15:59:44.884152,162129,10.56,10.55,4145,16136,-8140,1160
911,F,2020-08-27,0 days 15:59:18.821693,767194,6.93,6.92,891250,650563,78233,-6128
912,FCAU,2020-08-27,0 days 15:59:27.806534,195340,11.17,11.16,16790,49850,-187,2810
913,FCAU,2020-08-27,0 days 15:59:48.857364,190037,11.17,11.16,25070,26260,5303,-1597
914,FCAU,2020-08-27,0 days 15:59:49.859123,195340,11.17,11.16,24086,25990,-355,5303
915,FCAU,2020-08-27,0 days 15:59:50.862725,135095,11.17,11.16,23890,25816,60245,-355
916,FCX,2020-08-27,0 days 15:59:52.802306,569520,14.91,14.9,72565,44159,30644,-69463
917,FE,2020-08-27,0 days 15:56:11.361956,323072,28.13,28.12,7858,1728,103,-33297
918,FE,2020-08-27,0 days 15:56:51.458518,307428,28.13,28.12,6234,438,-15644,484
919,FE,2020-08-27,0 days 15:59:15.803872,322701,28.17,28.16,2468,1150,7962,-4415
920,FE,2020-08-27,0 days 15:59:16.805907,316109,28.17,28.16,2190,1222,-6592,7962
921,FE,2020-08-27,0 days 15:59:31.842923,319167,28.13,28.12,2679,501,-3534,938
922,FE,2020-08-27,0 days 15:59:41.867102,322701,28.11,28.1,3253,928,111,-289
923,FE,2020-08-27,0 days 15:59:44.874703,322612,28.11,28.1,3990,1718,-89,111
924,FE,2020-08-27,0 days 15:59:45.877480,322701,28.11,28.1,4764,1310,4911,-89
925,FE,2020-08-27,0 days 15:59:46.879383,319912,28.12,28.11,1779,880,-4319,4911
926,FHN,2020-08-27,0 days 15:57:11.408803,192625,9.72,9.71,31591,29156,848,-652
927,FHN,2020-08-27,0 days 15:57:12.411665,190573,9.72,9.71,27491,35176,-2052,848
928,FHN,2020-08-27,0 days 15:57:18.425906,193061,9.72,9.71,31691,19276,166,-2488
929,FHN,2020-08-27,0 days 15:59:23.730571,299594,9.71,9.7,41238,16989,30586,-52421
930,FHN,2020-08-27,0 days 15:59:32.754629,300702,9.71,9.7,49454,17691,3512,-88
931,FHN,2020-08-27,0 days 15:59:33.755943,288214,9.71,9.7,50029,18191,-12488,3512
932,FHN,2020-08-27,0 days 15:59:45.786315,301402,9.71,9.7,52419,17893,13824,-5288
933,FIS,2020-08-27,0 days 15:59:45.850580,235523,151.1,151.07,155,1100,571,-26
934,FIS,2020-08-27,0 days 15:59:46.852414,234194,151.11,151.07,1494,600,-1329,571
935,FL,2020-08-27,0 days 15:55:41.259350,74594,29.69,29.68,275,2218,587,-3569
936,FL,2020-08-27,0 days 15:55:42.262097,72781,29.7,29.69,1060,1366,-1713,587
937,FL,2020-08-27,0 days 15:56:26.368186,75137,29.71,29.7,2875,778,3000,-1700
938,FL,2020-08-27,0 days 15:56:27.370398,73737,29.71,29.7,1362,2453,-1200,3000
939,FL,2020-08-27,0 days 15:57:37.539859,75875,29.75,29.74,10358,300,2937,-1363
940,FL,2020-08-27,0 days 15:57:38.542137,74612,29.75,29.74,9858,500,-663,2937
941,FL,2020-08-27,0 days 15:59:04.752949,81469,29.76,29.75,6385,5520,16779,-1583
942,FL,2020-08-27,0 days 15:59:59.886220,110485,29.79,29.78,8133,5800,-17842,7491
943,FRO,2020-08-27,0 days 15:58:59.740529,156491,7.81,7.8,16873,46739,4833,-7667
944,FRO,2020-08-27,0 days 15:59:00.742932,139124,7.81,7.8,15583,47139,-17167,4833
945,FSLY,2020-08-27,0 days 15:59:14.784188,275777,93.95,93.92,285,325,-29799,85598
946,FSLY,2020-08-27,0 days 15:59:15.786252,268576,93.93,93.87,175,458,8201,-29799
947,FSLY,2020-08-27,0 days 15:59:30.822728,277617,94.02,93.99,2378,675,-10746,707
948,FSLY,2020-08-27,0 days 15:59:31.825687,273363,94.07,94.04,1000,175,3954,-10746
949,FSLY,2020-08-27,0 days 15:59:32.827810,276317,94.21,94.15,575,175,-3140,3954
950,FSLY,2020-08-27,0 days 15:59:33.830225,272557,94.16,94.14,175,196,3860,-3140
951,FSLY,2020-08-27,0 days 15:59:45.859864,276517,94.18,94.17,257,639,-768,1707
952,FSLY,2020-08-27,0 days 15:59:48.866342,276285,94.22,94.2,1400,100,132,-768
953,FTCH,2020-08-27,0 days 15:55:33.328187,43168,27.53,27.52,2580,1599,4852,-348
954,FTCH,2020-08-27,0 days 15:55:43.352317,47019,27.56,27.55,1218,1760,-2949,4051
955,FTCH,2020-08-27,0 days 15:59:05.843085,54668,27.57,27.56,1078,6162,-68,508
956,FTCH,2020-08-27,0 days 15:59:08.850011,54036,27.56,27.55,1916,464,768,-68
957,FTCH,2020-08-27,0 days 15:59:46.931991,67116,27.58,27.57,2957,821,186,-10467
958,FTV,2020-08-27,0 days 15:55:00.056364,261507,70.98,70.96,5211,3172,-3894,80941
959,FTV,2020-08-27,0 days 15:57:37.427237,320915,70.86,70.85,428,1598,913,-187
960,FTV,2020-08-27,0 days 15:57:38.428880,313828,70.86,70.85,455,908,-7087,913
961,FTV,2020-08-27,0 days 15:59:18.673004,322448,70.94,70.93,301,436,865,-1560
962,FTV,2020-08-27,0 days 15:59:25.690225,317903,70.94,70.93,497,840,-4545,5355
963,FTV,2020-08-27,0 days 15:59:27.694156,322448,70.89,70.88,770,400,490,-2822
964,FTV,2020-08-27,0 days 15:59:31.704820,320313,70.89,70.88,200,483,-2135,3165
965,GE,2020-08-27,0 days 15:55:01.726343,2271534,6.5,6.49,684709,245486,-179561,105439
966,GE,2020-08-27,0 days 15:55:02.726782,2166095,6.5,6.49,718306,220586,105439,-179561
967,GE,2020-08-27,0 days 15:55:40.820464,2271554,6.5,6.49,781717,176545,-49523,3196
968,GE,2020-08-27,0 days 15:56:02.873814,2268358,6.5,6.49,778226,149741,14353,-36812
969,GE,2020-08-27,0 days 15:56:05.880420,2292190,6.5,6.49,781626,143417,-40326,22278
970,GE,2020-08-27,0 days 15:59:21.346782,2662922,6.5,6.49,742227,462924,10245,-13413
971,GE,2020-08-27,0 days 15:59:22.350865,2539967,6.5,6.49,720226,469424,-122955,10245
972,GEL,2020-08-27,0 days 15:59:06.643782,19709,5.36,5.35,15850,3204,-13868,118
973,GFI,2020-08-27,0 days 15:55:30.165485,189842,12.57,12.56,16692,25130,-1357,843
974,GFI,2020-08-27,0 days 15:59:00.674815,195917,12.53,12.52,25018,22991,-2064,268
975,GIS,2020-08-27,0 days 15:55:22.150608,179297,64.79,64.77,250,2100,28,-5172
976,GIS,2020-08-27,0 days 15:55:29.167883,179706,64.78,64.77,550,627,-966,109
977,GIS,2020-08-27,0 days 15:56:50.364687,176785,64.74,64.73,2345,2686,-4036,127
978,GIS,2020-08-27,0 days 15:57:35.472328,180827,64.71,64.7,350,1472,923,-477
979,GIS,2020-08-27,0 days 15:57:36.474765,177550,64.71,64.7,249,2072,-3277,923
980,GIS,2020-08-27,0 days 15:59:24.737182,196670,64.75,64.74,1403,1759,-2684,2516
981,GIS,2020-08-27,0 days 15:59:25.739835,199354,64.75,64.74,2700,218,2125,-2684
982,GIS,2020-08-27,0 days 15:59:26.740948,197079,64.75,64.74,2259,400,-2275,2125
983,GLW,2020-08-27,0 days 15:55:28.258583,285647,32.19,32.18,3479,5210,-7144,4256
984,GLW,2020-08-27,0 days 15:57:33.556252,320930,32.12,32.11,8255,500,2766,-434
985,GLW,2020-08-27,0 days 15:57:34.558818,318696,32.12,32.11,7455,1796,-2234,2766
986,GLW,2020-08-27,0 days 15:57:35.561285,320930,32.11,32.1,7773,300,966,-2234
987,GLW,2020-08-27,0 days 15:57:36.563755,317496,32.11,32.1,7953,200,-3434,966
988,GLW,2020-08-27,0 days 15:57:59.620220,320930,32.11,32.1,8700,696,266,-4034
989,GLW,2020-08-27,0 days 15:58:04.632360,314552,32.12,32.11,3800,6555,-6378,22
990,GLW,2020-08-27,0 days 15:58:55.755542,317930,32.13,32.12,3545,3355,822,-178
991,GLW,2020-08-27,0 days 15:58:56.757878,314752,32.13,32.12,2037,4355,-3178,822
992,GLW,2020-08-27,0 days 15:59:27.832900,325235,32.16,32.15,7357,3954,1177,-4734
993,GLW,2020-08-27,0 days 15:59:29.838039,321983,32.16,32.15,5987,4556,-1452,3177
994,GLW,2020-08-27,0 days 15:59:33.847853,321920,32.15,32.13,13300,5136,-627,3773
995,GLW,2020-08-27,0 days 15:59:45.877507,323898,32.14,32.13,8705,7422,-754,1251
996,GLW,2020-08-27,0 days 15:59:47.883176,324652,32.14,32.13,10405,5739,1121,-754
997,GLW,2020-08-27,0 days 15:59:50.889911,324250,32.14,32.13,8845,100,-402,2198
998,GM,2020-08-27,0 days 15:59:06.689384,435893,29.72,29.71,4317,27437,16973,-12153
999,GM,2020-08-27,0 days 15:59:07.691671,432066,29.72,29.71,1853,34875,-3827,16973
1000,GM,2020-08-27,0 days 15:59:14.708831,440950,29.73,29.72,10443,29810,144,-8021
1001,GM,2020-08-27,0 days 15:59:30.747992,443893,29.72,29.71,23819,4978,-4167,4024
1002,GM,2020-08-27,0 days 15:59:42.776855,441365,29.69,29.68,21992,24687,-1995,12494
1003,GM,2020-08-27,0 days 15:59:44.782814,443360,29.69,29.68,23374,24514,3051,-1995
1004,GM,2020-08-27,0 days 15:59:50.797634,384875,29.69,29.68,15549,20928,-61651,2005
1005,GME,2020-08-27,0 days 15:55:01.051027,42926,5.24,5.23,9306,7628,20118,-22567
1006,GME,2020-08-27,0 days 15:55:02.052140,42644,5.24,5.23,11702,8528,-182,20118
1007,GME,2020-08-27,0 days 15:59:05.641956,66453,5.26,5.25,44087,7109,2267,-2508
1008,GNW,2020-08-27,0 days 15:58:03.490257,91759,2.53,2.52,68387,58742,-19699,1661
1009,GNW,2020-08-27,0 days 15:59:01.632455,116415,2.53,2.52,59848,89353,17580,-22420
1010,GNW,2020-08-27,0 days 15:59:02.634317,114695,2.53,2.52,59848,90853,-1720,17580
1011,GNW,2020-08-27,0 days 15:59:45.739523,122219,2.53,2.52,106767,59164,2969,-1331
1012,GNW,2020-08-27,0 days 15:59:46.741082,122688,2.53,2.52,103837,59364,-1115,2969
1013,GOLD,2020-08-27,0 days 15:55:51.172479,315095,28.58,28.57,6272,27746,-316,98
1014,GOLD,2020-08-27,0 days 15:56:02.200389,311422,28.58,28.57,45318,1700,3673,-316
1015,GOLD,2020-08-27,0 days 15:57:15.374379,361158,28.53,28.52,23397,18050,-29661,7104
1016,GOLD,2020-08-27,0 days 15:57:16.377333,340819,28.53,28.52,28697,4954,20339,-29661
1017,GOLD,2020-08-27,0 days 15:59:15.665739,348108,28.55,28.54,11482,31979,9743,-46493
1018,GOLD,2020-08-27,0 days 15:59:43.733886,351031,28.57,28.56,11524,49087,5720,-11980
1019,GOLD,2020-08-27,0 days 15:59:45.739537,356751,28.57,28.56,13424,45114,-13669,509
1020,GOLD,2020-08-27,0 days 15:59:46.741100,354520,28.57,28.56,11489,47583,2266,-13669
1021,GOLD,2020-08-27,0 days 15:59:47.743375,356786,28.57,28.56,14220,45614,-7055,2266
1022,GPS,2020-08-27,0 days 15:59:07.795149,633532,17.46,17.45,4385,17812,-12848,44644
1023,GPS,2020-08-27,0 days 15:59:46.889867,634908,17.43,17.42,20548,8002,8190,-389
1024,GPS,2020-08-27,0 days 15:59:48.894366,632598,17.43,17.42,20110,9188,-7905,2595
1025,GPS,2020-08-27,0 days 15:59:59.923841,597353,17.4,17.38,17300,3508,12615,-11827
1026,GRUB,2020-08-27,0 days 15:55:00.169829,89364,73.66,73.61,200,600,-1301,42095
1027,GRUB,2020-08-27,0 days 15:55:01.172696,88065,73.68,73.62,200,461,1299,-1301
1028,GRUB,2020-08-27,0 days 15:58:09.627447,89655,73.54,73.51,857,400,-5687,801
1029,GRUB,2020-08-27,0 days 15:58:10.630423,89142,73.54,73.51,1057,400,513,-5687
1030,GRUB,2020-08-27,0 days 15:58:17.646836,89655,73.53,73.48,429,732,-187,513
1031,GRUB,2020-08-27,0 days 15:58:18.649503,89142,73.53,73.49,1329,100,513,-187
1032,GRUB,2020-08-27,0 days 15:58:28.673758,90385,73.52,73.48,1136,600,-2357,1213
1033,GRUB,2020-08-27,0 days 15:58:29.676253,90142,73.52,73.48,1136,600,213,-2357
1034,GRUB,2020-08-27,0 days 15:58:40.702536,89655,73.52,73.49,200,100,-487,213
1035,GRUB,2020-08-27,0 days 15:59:41.849384,97941,73.49,73.44,576,2529,3482,-2892
1036,GRUB,2020-08-27,0 days 15:59:46.861918,91853,73.5,73.47,830,451,-9288,282
1037,GRUB,2020-08-27,0 days 15:59:57.890803,95041,73.5,73.45,2253,829,6382,-1956
1038,GS,2020-08-27,0 days 15:59:22.728126,174427,210.42,210.38,250,260,3038,-2679
1039,GS,2020-08-27,0 days 15:59:23.729969,167165,210.44,210.4,428,138,-7262,3038
1040,GS,2020-08-27,0 days 15:59:30.747954,173327,210.31,210.29,205,100,8883,-1421
1041,GS,2020-08-27,0 days 15:59:31.750767,163166,210.37,210.31,1199,238,-10161,8883
1042,GS,2020-08-27,0 days 15:59:43.778663,172959,210.26,210.24,300,100,-521,4979
1043,GS,2020-08-27,0 days 15:59:49.794137,173395,210.2,210.17,400,210,-85,2215
1044,GSX,2020-08-27,0 days 15:55:13.190620,37833,82.06,82.01,100,476,498,-2302
1045,GSX,2020-08-27,0 days 15:55:14.192463,35731,82.1,82.0,333,659,-2102,498
1046,GSX,2020-08-27,0 days 15:55:41.259177,37833,82.07,82.01,670,821,1497,-2402
1047,GSX,2020-08-27,0 days 15:55:42.261991,35830,82.07,82.02,670,144,-2003,1497
1048,GSX,2020-08-27,0 days 15:56:03.312488,37833,82.0,81.9,500,500,19010,-1810
1049,GSX,2020-08-27,0 days 15:56:10.329281,17223,82.06,82.01,456,221,-20610,210
1050,GSX,2020-08-27,0 days 15:56:39.399282,37833,82.04,81.95,400,422,590,-2210
1051,GSX,2020-08-27,0 days 15:59:07.760580,38197,82.02,81.92,2700,726,20374,-646
1052,GSX,2020-08-27,0 days 15:59:13.774603,67071,82.02,81.92,2642,1035,-2126,1174
1053,GSX,2020-08-27,0 days 15:59:23.796264,76834,81.99,81.96,600,1046,16788,-4132
1054,GSX,2020-08-27,0 days 15:59:24.799379,74022,82.01,81.93,236,400,-2812,16788
1055,GSX,2020-08-27,0 days 15:59:31.815743,76849,82.01,81.94,300,467,18673,-4147
1056,GSX,2020-08-27,0 days 15:59:32.818639,74222,82.01,81.96,1000,427,-2627,18673
1057,GSX,2020-08-27,0 days 15:59:40.838342,75049,82.01,81.96,436,100,-1800,18600
1058,GSX,2020-08-27,0 days 15:59:45.850452,76717,81.87,81.86,128,100,32,-1590
1059,GSX,2020-08-27,0 days 15:59:46.852275,76549,81.98,81.89,400,400,-300,32
1060,GTX,2020-08-27,0 days 15:55:00.198410,30460,3.29,3.28,26062,17112,553,-6790
1061,GTX,2020-08-27,0 days 15:59:58.919737,33368,3.29,3.27,6655,12112,-42701,2204
1062,HAL,2020-08-27,0 days 15:59:03.687653,205788,16.03,16.02,85189,13700,1282,-1651
1063,HAL,2020-08-27,0 days 15:59:04.690759,202305,16.03,16.02,41002,36800,-3350,1282
1064,HAL,2020-08-27,0 days 15:59:07.698121,213190,16.01,16.0,25935,44991,11486,-1167
1065,HBI,2020-08-27,0 days 15:59:11.701608,170015,15.74,15.73,12238,11117,4180,-2320
1066,HBI,2020-08-27,0 days 15:59:14.709009,174195,15.74,15.73,9759,12579,-11591,4180
1067,HBI,2020-08-27,0 days 15:59:15.710935,171186,15.74,15.73,12148,12079,3009,-11591
1068,HBI,2020-08-27,0 days 15:59:45.786533,174868,15.73,15.72,20665,7507,-9653,2060
1069,HBI,2020-08-27,0 days 15:59:46.786749,174021,15.73,15.72,23133,6830,847,-9653
1070,HD,2020-08-27,0 days 15:59:14.663744,265920,288.88,288.83,125,125,10077,-21467
1071,HD,2020-08-27,0 days 15:59:15.665693,264227,288.91,288.85,1100,612,-6993,10077
1072,HD,2020-08-27,0 days 15:59:18.672975,265334,288.84,288.81,446,100,3963,-1607
1073,HD,2020-08-27,0 days 15:59:19.674834,263797,288.84,288.8,303,159,-1537,3963
1074,HD,2020-08-27,0 days 15:59:25.690183,265534,288.84,288.8,643,102,1779,-121
1075,HD,2020-08-27,0 days 15:59:26.692304,264213,288.84,288.8,404,101,-1321,1779
1076,HD,2020-08-27,0 days 15:59:32.708716,265534,288.81,288.73,1041,125,1195,-1521
1077,HD,2020-08-27,0 days 15:59:33.709338,264229,288.81,288.74,1000,970,-1305,1195
1078,HD,2020-08-27,0 days 15:59:38.721614,264334,288.78,288.72,663,100,3611,-1110
1079,HD,2020-08-27,0 days 15:59:39.724254,263445,288.75,288.7,525,200,-889,3611
1080,HD,2020-08-27,0 days 15:59:40.729477,264334,288.75,288.67,992,125,8753,-889
1081,HD,2020-08-27,0 days 15:59:41.729635,258145,288.75,288.69,1192,101,-6189,8753
1082,HD,2020-08-27,0 days 15:59:46.740978,265534,288.84,288.76,344,770,10748,-11694
1083,HD,2020-08-27,0 days 15:59:47.743268,265082,288.87,288.8,241,802,-452,10748
1084,HEXO,2020-08-27,0 days 15:58:10.552635,4344,0.7,0.69,39417,17500,-7301,3944
1085,HFC,2020-08-27,0 days 15:59:05.687208,229191,25.04,25.03,680,1290,3998,-22513
1086,HFC,2020-08-27,0 days 15:59:06.689507,226185,25.04,25.03,780,1353,-1406,3998
1087,HFC,2020-08-27,0 days 15:59:42.776992,232110,25.01,25.0,3582,377,-5103,797
1088,HFC,2020-08-27,0 days 15:59:44.782902,237213,25.01,25.0,2411,291,365,-4226
1089,HLT,2020-08-27,0 days 15:57:39.583147,229662,88.81,88.8,652,315,-58,2142
1090,HLT,2020-08-27,0 days 15:57:42.590616,222120,88.81,88.79,754,999,7542,-158
1091,HLT,2020-08-27,0 days 15:58:05.647186,229662,88.82,88.81,654,1038,-54,134
1092,HLT,2020-08-27,0 days 15:58:09.656831,221728,88.82,88.81,1056,1526,7934,-54
1093,HLT,2020-08-27,0 days 15:59:05.791195,229551,88.87,88.85,800,1006,2709,-29167
1094,HLT,2020-08-27,0 days 15:59:15.814217,230103,88.89,88.86,1236,1587,2157,-1543
1095,HLT,2020-08-27,0 days 15:59:24.836733,233125,88.85,88.82,870,880,-4289,1803
1096,HLT,2020-08-27,0 days 15:59:25.838779,231914,88.85,88.82,970,780,1211,-4289
1097,HLT,2020-08-27,0 days 15:59:29.848254,234808,88.86,88.83,300,1100,-118,2869
1098,HLT,2020-08-27,0 days 15:59:43.882149,235977,88.85,88.82,839,2474,-1234,866
1099,HLT,2020-08-27,0 days 15:59:44.884581,235211,88.85,88.83,439,738,766,-1234
1100,HLT,2020-08-27,0 days 15:59:45.887708,236877,88.79,88.74,1018,1092,-14134,766
1101,HLT,2020-08-27,0 days 15:59:46.889867,231911,88.79,88.74,1318,1170,5991,-14134
1102,HLT,2020-08-27,0 days 15:59:47.892181,237902,88.79,88.74,1158,1270,-2882,5991
1103,HLT,2020-08-27,0 days 15:59:49.897167,237830,88.79,88.74,1165,820,379,-2748
1104,HLT,2020-08-27,0 days 15:59:53.907626,238209,88.82,88.74,441,700,-3433,879
1105,HLT,2020-08-27,0 days 15:59:55.912077,237330,88.82,88.74,1162,481,879,-3433
1106,HLT,2020-08-27,0 days 15:59:56.916028,237309,88.82,88.74,962,1000,-4833,879
1107,HLT,2020-08-27,0 days 15:59:57.917039,237330,88.82,88.75,954,800,879,-4833
1108,HLT,2020-08-27,0 days 15:59:58.919759,237309,88.83,88.76,992,3800,-4845,879
1109,HMY,2020-08-27,0 days 15:55:00.169532,290563,5.76,5.75,79047,69180,3087,-110589
1110,HMY,2020-08-27,0 days 15:55:30.243355,293661,5.77,5.76,64890,152770,-7802,998
1111,HMY,2020-08-27,0 days 15:57:05.472539,302252,5.75,5.74,171939,47790,2384,-5591
1112,HMY,2020-08-27,0 days 15:59:45.859720,327267,5.75,5.74,50516,166634,1586,-13114
1113,HON,2020-08-27,0 days 15:59:48.857121,397394,166.02,166.0,521,1024,1052,-6592
1114,HON,2020-08-27,0 days 15:59:49.858931,396319,166.01,166.0,200,872,-1075,1052
1115,HPE,2020-08-27,0 days 15:59:17.818886,594081,9.59,9.58,101059,37442,16650,-8977
1116,HPE,2020-08-27,0 days 15:59:18.821525,548119,9.59,9.58,100127,21600,-40889,16650
1117,HPE,2020-08-27,0 days 15:59:19.824349,589008,9.58,9.57,70774,33935,10487,-40889
1118,HPE,2020-08-27,0 days 15:59:20.826171,583795,9.58,9.57,64074,41235,-5213,10487
1119,HPE,2020-08-27,0 days 15:59:31.853099,584408,9.57,9.56,61668,100173,16501,-23199
1120,HPE,2020-08-27,0 days 15:59:32.856785,581809,9.57,9.56,59168,91753,-2599,16501
1121,HPE,2020-08-27,0 days 15:59:41.877908,583209,9.57,9.56,68054,70221,-1199,10501
1122,HPE,2020-08-27,0 days 15:59:48.894154,592389,9.57,9.56,61884,68767,18620,-22180
1123,HPQ,2020-08-27,0 days 15:58:06.498957,719207,18.72,18.71,7231,2600,41658,-18283
1124,HPQ,2020-08-27,0 days 15:58:07.500495,693965,18.72,18.71,2710,8130,-25242,41658
1125,HPQ,2020-08-27,0 days 15:59:07.646692,760214,18.79,18.78,600,5457,133018,-17185
1126,HPQ,2020-08-27,0 days 15:59:08.649079,745129,18.79,18.78,2834,7687,-10256,133018
1127,HPQ,2020-08-27,0 days 15:59:15.665721,761962,18.79,18.78,4834,8592,14641,-10096
1128,HPQ,2020-08-27,0 days 15:59:18.673004,756003,18.79,18.78,6885,1866,-459,141
1129,HPQ,2020-08-27,0 days 15:59:24.687897,747762,18.76,18.75,1400,2706,5087,-3613
1130,HPQ,2020-08-27,0 days 15:59:25.690225,742549,18.76,18.75,9089,2323,-2134,5087
1131,HPQ,2020-08-27,0 days 15:59:32.708788,756538,18.74,18.73,14462,5514,464,-6489
1132,HRL,2020-08-27,0 days 15:55:00.198633,101168,51.3,51.29,4888,310,1283,-11903
1133,HRL,2020-08-27,0 days 15:55:29.270096,102165,51.36,51.35,2230,800,-20,180
1134,HRL,2020-08-27,0 days 15:55:30.272644,102085,51.36,51.35,1730,1016,80,-20
1135,HRL,2020-08-27,0 days 15:55:33.280125,102165,51.36,51.35,1922,816,-889,80
1136,HRL,2020-08-27,0 days 15:55:37.289625,103454,51.38,51.37,300,1200,13711,-889
1137,HRL,2020-08-27,0 days 15:58:05.647176,126313,51.31,51.3,469,1585,-5659,1551
1138,HRL,2020-08-27,0 days 15:58:06.649334,125272,51.31,51.3,469,1473,941,-5659
1139,HRL,2020-08-27,0 days 15:59:01.780865,124591,51.32,51.31,365,2920,-37,190
1140,HRL,2020-08-27,0 days 15:59:02.783469,124119,51.32,51.31,711,2884,472,-37
1141,HRL,2020-08-27,0 days 15:59:03.785680,124591,51.32,51.31,991,3475,-833,472
1142,HRL,2020-08-27,0 days 15:59:04.787863,124124,51.33,51.32,1500,928,467,-833
1143,HRL,2020-08-27,0 days 15:59:06.793548,125991,51.32,51.31,366,3019,-14302,567
1144,HSBC,2020-08-27,0 days 15:57:01.483371,55416,21.69,21.68,51202,5048,10389,-14411
1145,HSBC,2020-08-27,0 days 15:57:02.485427,54171,21.69,21.68,47602,4648,-1245,10389
1146,HSBC,2020-08-27,0 days 15:57:42.578174,56120,21.67,21.66,37510,26818,10058,-13784
1147,HSBC,2020-08-27,0 days 15:57:43.580806,54736,21.67,21.66,36959,28418,-884,10058
1148,HSBC,2020-08-27,0 days 15:59:46.879446,57506,21.66,21.65,54702,15555,-1317,3425
1149,HST,2020-08-27,0 days 15:55:00.092329,216362,11.38,11.37,24769,16307,-126317,25143
1150,HUD,2020-08-27,0 days 15:58:07.545070,18659,7.53,7.52,27228,33352,-2414,449
1151,HUD,2020-08-27,0 days 15:59:00.674557,17916,7.53,7.52,28824,26009,697,-2560
1152,HUD,2020-08-27,0 days 15:59:19.720364,18617,7.53,7.52,31184,27496,-2962,211
1153,HUYA,2020-08-27,0 days 15:58:35.689745,76419,28.16,28.15,1946,204,3055,-2245
1154,HUYA,2020-08-27,0 days 15:59:07.768948,85964,28.19,28.18,900,888,-824,76
1155,HUYA,2020-08-27,0 days 15:59:13.783300,83583,28.2,28.19,8124,1500,2081,-1319
1156,HWM,2020-08-27,0 days 15:59:44.784581,242432,17.48,17.47,8283,3485,-1075,225
1157,HWM,2020-08-27,0 days 15:59:45.788968,243507,17.48,17.47,7234,4837,3225,-1075
1158,HWM,2020-08-27,0 days 15:59:46.789648,239610,17.47,17.46,6639,2631,-4927,3225
1159,IAG,2020-08-27,0 days 15:59:45.927706,68275,4.11,4.1,185460,189394,1591,-509
1160,IAG,2020-08-27,0 days 15:59:46.930950,67866,4.11,4.1,183965,189426,-409,1591
1161,IBM,2020-08-27,0 days 15:59:41.877620,270656,124.75,124.73,1426,105,4975,-198
1162,IBM,2020-08-27,0 days 15:59:42.879208,268631,124.76,124.74,1209,198,-2025,4975
1163,IBN,2020-08-27,0 days 15:55:01.726196,220604,10.69,10.68,182864,39026,10223,-6177
1164,IBN,2020-08-27,0 days 15:55:02.726670,214427,10.69,10.68,191764,43542,-6177,10223
1165,IBN,2020-08-27,0 days 15:59:01.300783,224457,10.69,10.68,176351,125826,52277,-62580
1166,IBN,2020-08-27,0 days 15:59:02.301868,220233,10.69,10.68,175246,128550,-4224,52277
1167,IBN,2020-08-27,0 days 15:59:21.346705,224457,10.69,10.68,170224,98142,15362,-4130
1168,IBN,2020-08-27,0 days 15:59:22.350733,221619,10.69,10.68,168724,98342,-2838,15362
1169,INFY,2020-08-27,0 days 15:55:01.051077,79527,12.79,12.78,74437,54379,-73654,49736
1170,INFY,2020-08-27,0 days 15:58:05.496156,156981,12.78,12.77,124095,62264,5753,-22447
1171,INFY,2020-08-27,0 days 15:58:08.502854,158234,12.78,12.77,123093,70645,-457,1253
1172,INFY,2020-08-27,0 days 15:58:09.505125,153391,12.78,12.77,133412,51668,4843,-457
1173,INFY,2020-08-27,0 days 15:59:15.665651,158324,12.78,12.77,109931,98244,-6732,3560
1174,INFY,2020-08-27,0 days 15:59:16.667637,155356,12.78,12.77,111931,90715,2968,-6732
1175,INFY,2020-08-27,0 days 15:59:46.740886,199354,12.78,12.77,105483,86336,-3367,5898
1176,INFY,2020-08-27,0 days 15:59:48.745640,195721,12.78,12.77,110083,80724,3633,-3367
1177,ING,2020-08-27,0 days 15:59:01.754315,24853,8.18,8.17,60336,233387,-4431,151
1178,INVH,2020-08-27,0 days 15:55:00.091403,197550,28.8,28.79,3574,1257,5655,-12412
1179,INVH,2020-08-27,0 days 15:55:01.094599,196605,28.8,28.79,2674,3057,-945,5655
1180,INVH,2020-08-27,0 days 15:55:30.165409,197750,28.82,28.81,803,5762,18045,-1055
1181,INVH,2020-08-27,0 days 15:59:27.739802,268358,28.81,28.8,4003,4290,-2352,47
1182,INVH,2020-08-27,0 days 15:59:32.754629,268310,28.81,28.8,5857,5242,48,-26
1183,INVH,2020-08-27,0 days 15:59:33.755943,268384,28.81,28.8,6057,3442,-777,48
1184,INVH,2020-08-27,0 days 15:59:45.786315,268062,28.8,28.79,6342,4514,2696,-879
1185,INVH,2020-08-27,0 days 15:59:47.789178,270784,28.8,28.79,4490,5761,-9069,7212
1186,INVH,2020-08-27,0 days 15:59:50.797756,268006,28.8,28.79,3115,5298,2448,-552
1187,IPG,2020-08-27,0 days 15:59:45.860099,227073,18.39,18.38,16691,13174,9463,-1831
1188,IPG,2020-08-27,0 days 15:59:46.862005,224936,18.4,18.39,5072,37896,-5563,9463
1189,ITUB,2020-08-27,0 days 15:58:47.265199,292586,4.31,4.3,585378,479799,-9693,11947
1190,ITUB,2020-08-27,0 days 15:59:36.383828,337992,4.31,4.3,833186,528512,38475,-45225
1191,ITUB,2020-08-27,0 days 15:59:37.386697,335667,4.31,4.3,781914,525112,-2325,38475
1192,IVR,2020-08-27,0 days 15:55:00.169566,37500,3.07,3.06,57809,26443,1094,-9900
1193,IVR,2020-08-27,0 days 15:56:15.351894,38594,3.07,3.06,59247,38288,-11840,864
1194,IVR,2020-08-27,0 days 15:59:01.754140,56233,3.08,3.07,99259,63483,8736,-13410
1195,IVR,2020-08-27,0 days 15:59:06.767343,68807,3.08,3.07,115278,57278,4813,-9787
1196,IVR,2020-08-27,0 days 15:59:07.769523,67137,3.08,3.07,113178,58478,-1470,4813
1197,IVR,2020-08-27,0 days 15:59:08.771942,68807,3.08,3.07,113678,57278,3430,-1470
1198,IVR,2020-08-27,0 days 15:59:09.774188,50537,3.08,3.07,112609,59283,-18070,3430
1199,IVZ,2020-08-27,0 days 15:59:31.371912,206409,10.83,10.82,42502,5562,6427,-19640
1200,IVZ,2020-08-27,0 days 15:59:46.407558,206545,10.82,10.81,7908,54214,-1458,3836
1201,JCI,2020-08-27,0 days 15:59:30.812071,460579,40.94,40.93,8594,804,7294,-12912
1202,JCI,2020-08-27,0 days 15:59:31.814572,454173,40.93,40.92,1900,10467,-6406,7294
1203,JCI,2020-08-27,0 days 15:59:45.850345,460979,40.93,40.92,2700,8823,10341,-656
1204,JCI,2020-08-27,0 days 15:59:46.851964,457213,40.94,40.93,6151,8704,-7381,10341
1205,JNJ,2020-08-27,0 days 15:57:17.501864,623872,152.88,152.87,1812,592,-5643,757
1206,JNJ,2020-08-27,0 days 15:57:33.539273,628131,152.83,152.81,1800,522,5641,-3659
1207,JNJ,2020-08-27,0 days 15:57:34.541731,622972,152.83,152.82,2602,200,-5159,5641
1208,JNJ,2020-08-27,0 days 15:59:48.866661,681296,152.98,152.95,600,512,955,-35444
1209,JNJ,2020-08-27,0 days 15:59:59.897330,649232,153.0,152.95,44083,100,-32870,21869
1210,JNJ,2020-08-27,0 days 16:00:00.898401,644839,153.0,152.96,74112,3100,7493,-32870
1211,JNPR,2020-08-27,0 days 15:55:00.188562,96726,23.87,23.86,5351,5243,5316,-20995
1212,JNPR,2020-08-27,0 days 15:55:01.191667,95242,23.88,23.87,4875,8544,-1484,5316
1213,JNPR,2020-08-27,0 days 15:56:21.385983,106480,23.87,23.86,8399,5278,6246,-2154
1214,JNPR,2020-08-27,0 days 15:56:22.388523,105126,23.87,23.86,8699,5278,-1354,6246
1215,JNPR,2020-08-27,0 days 15:57:00.481358,106688,23.87,23.86,8755,5341,16,-122
1216,JNPR,2020-08-27,0 days 15:57:01.483201,105404,23.87,23.86,8207,5641,-1284,16
1217,JNPR,2020-08-27,0 days 15:57:04.489841,106688,23.87,23.86,10668,2478,989,-1284
1218,JNPR,2020-08-27,0 days 15:57:05.492354,105677,23.87,23.86,10068,3220,-1011,989
1219,JNPR,2020-08-27,0 days 15:57:09.501963,106688,23.87,23.86,8807,2579,558,-502
1220,JNPR,2020-08-27,0 days 15:57:10.505026,105846,23.86,23.85,2922,6238,-1142,558
1221,JNPR,2020-08-27,0 days 15:57:51.600061,108326,23.87,23.86,7000,6638,820,-1380
1222,JNPR,2020-08-27,0 days 15:57:52.602193,107346,23.87,23.86,6400,8038,-980,820
1223,JNPR,2020-08-27,0 days 15:58:14.656365,112534,23.87,23.86,1973,13875,572,-1528
1224,JNPR,2020-08-27,0 days 15:58:15.658974,110906,23.87,23.86,1687,16873,-1428,572
1225,JNPR,2020-08-27,0 days 15:59:06.783553,117286,23.91,23.9,13445,2500,28133,-2529
1226,JWN,2020-08-27,0 days 15:55:47.303883,153466,14.8,14.79,17706,16964,-1558,942
1227,JWN,2020-08-27,0 days 15:55:48.306383,151324,14.8,14.79,18006,17182,2142,-1558
1228,JWN,2020-08-27,0 days 15:56:25.395680,157397,14.79,14.78,27616,3313,-335,1060
1229,JWN,2020-08-27,0 days 15:56:26.398331,156532,14.79,14.78,28516,3313,865,-335
1230,JWN,2020-08-27,0 days 15:57:49.594876,161791,14.79,14.78,19759,14080,-4729,5071
1231,JWN,2020-08-27,0 days 15:57:50.597182,161520,14.79,14.78,19838,12771,271,-4729
