,Symbol,Timestamp,TIME,iPaired,Ask_P,Bid_P,Ask_S,Bid_S,iShares,PreviShares
0,A,2020-03-23,0 days 16:00:00.259679,349345,63.47,63.37,61610,27072,-6176,16869
1,AAN,2020-03-23,0 days 15:50:10.234027,31375,15.75,15.7,800,301,14107,-8687
2,AAN,2020-03-23,0 days 15:50:13.238247,45481,15.75,15.71,800,295,-8788,14107
3,AAN,2020-03-23,0 days 15:50:18.249992,31375,15.8,15.72,431,201,14106,-8788
4,AAN,2020-03-23,0 days 15:50:26.271328,45478,15.8,15.74,1000,101,-8891,14106
5,AAN,2020-03-23,0 days 15:51:33.429288,45479,15.78,15.73,1718,2513,-8890,14106
6,AAN,2020-03-23,0 days 15:51:51.471997,45482,15.73,15.68,1446,300,-8687,14107
7,AAN,2020-03-23,0 days 15:52:02.498333,31375,15.78,15.73,1400,253,14106,-8788
8,AAN,2020-03-23,0 days 15:52:14.527330,45481,15.76,15.71,200,200,-8788,14106
9,AAN,2020-03-23,0 days 15:52:22.546108,31375,15.78,15.73,400,400,14106,-8788
10,AAN,2020-03-23,0 days 15:52:23.548264,45479,15.78,15.73,1200,1383,-8890,14106
11,AAN,2020-03-23,0 days 15:52:31.567589,31375,15.77,15.75,200,100,14105,-8789
12,AAN,2020-03-23,0 days 15:52:32.569699,45479,15.77,15.75,400,92,-8890,14105
13,AAN,2020-03-23,0 days 15:52:53.622097,31375,15.78,15.75,100,204,14104,-8890
14,AAN,2020-03-23,0 days 15:52:54.622706,45479,15.79,15.75,1100,764,-8890,14104
15,AAN,2020-03-23,0 days 15:53:53.764276,31375,15.76,15.73,1144,762,14105,-8789
16,AAN,2020-03-23,0 days 15:54:40.876291,31375,15.73,15.72,1101,153,14106,-8687
17,AAN,2020-03-23,0 days 15:54:48.896141,45480,15.76,15.73,935,1101,-8789,14106
18,AAN,2020-03-23,0 days 15:55:17.965527,45479,15.78,15.75,1221,1389,-8890,14105
19,AAN,2020-03-23,0 days 15:55:43.025683,45480,15.76,15.73,1296,604,-8789,14106
20,AAN,2020-03-23,0 days 15:56:12.095046,31375,15.77,15.75,501,1071,14105,-8890
21,AAN,2020-03-23,0 days 15:56:28.132794,45481,15.73,15.7,500,700,-8688,14106
22,AAN,2020-03-23,0 days 15:56:33.145060,31375,15.73,15.7,1041,600,14107,-8688
23,AAN,2020-03-23,0 days 15:57:13.240992,45479,15.78,15.75,87,1565,-8890,14104
24,AAN,2020-03-23,0 days 15:57:26.271998,45479,15.78,15.76,288,2400,-8890,14104
25,AAN,2020-03-23,0 days 15:57:28.277592,31375,15.78,15.77,1088,228,14104,-8890
26,AAN,2020-03-23,0 days 15:57:56.342433,45478,15.8,15.78,903,2274,-8891,14104
27,AAN,2020-03-23,0 days 15:58:18.395809,45476,15.86,15.84,294,804,-8993,14102
28,AAN,2020-03-23,0 days 15:58:31.428853,45473,15.97,15.93,100,300,-9396,14100
29,AAN,2020-03-23,0 days 15:58:55.484342,45473,15.97,15.92,448,100,-9396,14097
30,AAN,2020-03-23,0 days 15:59:19.542573,31375,15.89,15.85,1506,200,14101,-8993
31,AAN,2020-03-23,0 days 15:59:20.544874,45476,15.89,15.84,1258,404,-9093,14101
32,AAN,2020-03-23,0 days 15:59:33.578466,31375,15.85,15.81,1878,673,14103,-8993
33,AAN,2020-03-23,0 days 15:59:39.592233,45478,15.84,15.77,500,500,-8891,14103
34,AAN,2020-03-23,0 days 15:59:46.609725,31375,15.84,15.79,626,100,14103,-8992
35,AAN,2020-03-23,0 days 15:59:47.611144,45477,15.84,15.78,326,45,-8992,14103
36,AAN,2020-03-23,0 days 15:59:49.616111,31375,15.84,15.79,317,100,14103,-8890
37,AAN,2020-03-23,0 days 15:59:50.620360,45479,15.84,15.78,617,45,-8890,14103
38,AAN,2020-03-23,0 days 15:59:58.637432,31375,15.72,15.71,4468,5651,14106,-8992
39,ABC,2020-03-23,0 days 15:52:50.229638,126495,75.31,75.02,220,65,-858,16355
40,ABC,2020-03-23,0 days 15:53:06.270504,126053,74.94,74.72,500,115,542,-958
41,ABC,2020-03-23,0 days 15:54:46.506924,125586,75.21,74.9,100,110,-1867,442
42,ABC,2020-03-23,0 days 15:54:52.523051,125953,75.05,74.79,20,110,642,-1867
43,ABT,2020-03-23,0 days 15:59:36.166307,1205803,63.12,63.08,200,351,-9039,5392
44,ABT,2020-03-23,0 days 15:59:37.169771,1200772,63.11,63.06,800,101,5392,-9039
45,ABT,2020-03-23,0 days 15:59:39.173872,1206164,63.12,63.09,638,300,-8678,5392
46,ABT,2020-03-23,0 days 15:59:42.180182,1200772,63.11,63.07,807,375,5392,-9039
47,ABT,2020-03-23,0 days 15:59:43.182884,1205803,63.13,63.08,1100,397,-10150,5392
48,ABT,2020-03-23,0 days 15:59:44.186055,1201083,63.04,63.02,400,475,5181,-10150
49,ABT,2020-03-23,0 days 15:59:49.198079,1206264,63.07,63.03,100,300,-817,883
50,ABT,2020-03-23,0 days 15:59:50.200551,1204481,63.05,62.96,600,300,1783,-817
51,ACN,2020-03-23,0 days 15:59:54.187193,369214,143.86,143.53,968,1100,566,-426
52,AEP,2020-03-23,0 days 15:54:09.389943,370055,69.25,69.11,5,501,-487,40147
53,AEP,2020-03-23,0 days 15:54:21.418897,329908,69.63,69.46,300,511,21918,-20116
54,AEP,2020-03-23,0 days 15:54:24.425171,351826,69.72,69.55,435,301,-21816,21918
55,AEP,2020-03-23,0 days 15:54:29.437291,329908,69.98,69.9,600,301,7988,-36746
56,AEP,2020-03-23,0 days 15:54:31.442311,337880,70.05,69.92,416,3,-36762,7988
57,AEP,2020-03-23,0 days 15:54:32.444665,329908,70.11,70.0,200,650,7972,-36762
58,AEP,2020-03-23,0 days 15:54:34.450090,337805,70.26,70.09,1,1060,-36837,7897
59,AEP,2020-03-23,0 days 15:54:49.485243,329908,70.65,70.52,100,192,7804,-36930
60,AEP,2020-03-23,0 days 15:54:50.488181,335851,70.68,70.57,200,12,-38791,7804
61,AEP,2020-03-23,0 days 15:54:54.497621,329908,70.13,70.0,200,601,7972,-36930
62,AEP,2020-03-23,0 days 15:54:55.499485,337805,70.13,70.0,509,1501,-36837,7972
63,AEP,2020-03-23,0 days 15:55:00.512110,329908,70.27,70.16,252,400,7897,-36930
64,AEP,2020-03-23,0 days 15:55:01.515576,337712,70.37,70.24,680,800,-36930,7897
65,AEP,2020-03-23,0 days 15:55:11.540045,329908,70.6,70.48,100,200,7804,-36930
66,AEP,2020-03-23,0 days 15:55:12.542085,337712,70.61,70.48,100,200,-36930,7804
67,AEP,2020-03-23,0 days 15:55:14.548737,329908,70.62,70.52,230,1100,7804,-38791
68,AEP,2020-03-23,0 days 15:55:16.551193,337712,70.43,70.35,130,3,-36930,7804
69,AEP,2020-03-23,0 days 15:55:38.603976,329908,70.39,70.31,510,459,7804,-36930
70,AEP,2020-03-23,0 days 15:55:39.606979,337712,70.46,70.35,106,459,-36930,7804
71,AEP,2020-03-23,0 days 15:56:31.730798,329911,71.2,71.12,100,600,5940,-51635
72,AEP,2020-03-23,0 days 15:56:32.733639,335851,71.19,71.11,200,300,-51635,5940
73,AEP,2020-03-23,0 days 15:56:38.747094,329911,71.63,71.46,550,500,3935,-53640
74,AEP,2020-03-23,0 days 15:56:39.750699,333846,71.63,71.48,100,200,-53640,3935
75,AEP,2020-03-23,0 days 15:57:01.803030,329911,71.83,71.75,491,703,3935,-53640
76,AEP,2020-03-23,0 days 15:57:08.819076,329911,71.67,71.66,618,200,3935,-53640
77,AEP,2020-03-23,0 days 15:57:09.821847,333846,71.67,71.62,200,470,-53640,3935
78,AEP,2020-03-23,0 days 15:57:41.897041,335851,70.7,70.68,741,423,-44533,5940
79,AEP,2020-03-23,0 days 15:57:42.899554,329911,70.65,70.64,1854,200,5940,-44533
80,AEP,2020-03-23,0 days 15:57:43.903557,335851,70.64,70.57,702,200,-44233,5940
81,AEP,2020-03-23,0 days 15:58:03.949949,337880,70.01,69.97,1074,300,-42504,7969
82,AEP,2020-03-23,0 days 15:58:08.962055,329911,70.26,70.16,572,1000,7894,-42579
83,AEP,2020-03-23,0 days 15:58:09.963475,337712,70.42,70.31,1092,1300,-42672,7894
84,AEP,2020-03-23,0 days 15:58:28.003776,329911,70.15,70.02,100,398,7969,-42504
85,AEP,2020-03-23,0 days 15:58:29.006275,337805,70.22,70.08,217,464,-42629,7969
86,AEP,2020-03-23,0 days 15:58:32.013543,329961,70.41,70.34,81,277,7751,-42722
87,AEP,2020-03-23,0 days 15:58:35.021078,337712,70.33,70.28,172,201,-42722,7751
88,AEP,2020-03-23,0 days 15:59:08.102023,331361,70.01,70.0,999,106788,6519,-44054
89,AEP,2020-03-23,0 days 15:59:09.105441,337880,70.04,70.0,402,93112,-44354,6519
90,AEP,2020-03-23,0 days 15:59:11.107247,331361,70.04,70.0,723,95212,6519,-44354
91,AEP,2020-03-23,0 days 15:59:12.109390,337880,70.04,70.0,829,95822,-44354,6519
92,AEP,2020-03-23,0 days 15:59:17.121953,331477,70.13,70.06,200,600,6328,-44545
93,AEP,2020-03-23,0 days 15:59:18.123581,337805,70.15,70.07,580,704,-44545,6328
94,AEP,2020-03-23,0 days 15:59:42.180376,337880,70.09,70.0,906,102822,-44645,6403
95,AFL,2020-03-23,0 days 15:59:54.629110,606209,25.7,25.67,388,632,2021,-11499
96,AFL,2020-03-23,0 days 15:59:55.631380,599330,25.7,25.65,100,952,-6879,2021
97,AFL,2020-03-23,0 days 15:59:56.634140,603519,25.7,25.64,114,16132,8511,-6879
98,AFL,2020-03-23,0 days 15:59:58.637328,604730,25.7,25.65,100,8764,-1479,14011
99,AFL,2020-03-23,0 days 15:59:59.640427,606209,25.7,25.66,100,29874,12321,-1479
100,AHT,2020-03-23,0 days 15:54:06.294894,44708,0.88,0.87,7800,4700,-3833,35595
101,AHT,2020-03-23,0 days 15:55:02.430379,13035,0.88,0.87,2705,200,31673,-3833
102,AHT,2020-03-23,0 days 15:56:21.620152,13035,0.87,0.86,2836,8000,35595,-3833
103,AHT,2020-03-23,0 days 15:59:06.009781,44708,0.88,0.87,17800,1171,-3833,1469
104,AHT,2020-03-23,0 days 15:59:15.030909,13035,0.88,0.87,18400,207,35595,-3833
105,AHT,2020-03-23,0 days 15:59:39.089681,44708,0.88,0.87,17673,1676,-3833,35595
106,AMH,2020-03-23,0 days 15:57:45.918668,105501,18.43,18.41,1301,500,21906,-7439
107,AMH,2020-03-23,0 days 15:58:31.025020,105501,18.44,18.43,600,200,12911,-7439
108,AMH,2020-03-23,0 days 15:58:41.048166,118412,18.47,18.45,6302,12835,-7439,12911
109,AMH,2020-03-23,0 days 15:58:48.064620,105501,18.47,18.45,9531,12235,12911,-7439
110,AMH,2020-03-23,0 days 15:58:56.083813,118412,18.47,18.45,9766,965,-7439,12911
111,ANF,2020-03-23,0 days 15:50:01.710310,88226,8.24,8.23,3500,774,-14799,19401
112,ANF,2020-03-23,0 days 15:55:32.503618,69981,8.22,8.21,3391,411,18345,-10999
113,ANF,2020-03-23,0 days 15:56:13.601695,69981,8.22,8.21,3700,411,18345,-10999
114,ANF,2020-03-23,0 days 15:58:06.868910,92026,8.23,8.22,1400,3477,-10999,18345
115,ANF,2020-03-23,0 days 15:58:34.935296,92026,8.23,8.22,1489,1797,-10999,18345
116,ANF,2020-03-23,0 days 15:59:35.081184,92026,8.23,8.22,200,3182,-10999,18345
117,AOS,2020-03-23,0 days 16:00:00.193919,139376,35.71,35.6,21230,42194,-4280,5023
118,APD,2020-03-23,0 days 15:59:58.189830,172612,176.83,176.04,585,100,624,-4396
119,APTV,2020-03-23,0 days 16:00:00.368405,288257,46.67,46.5,38946,20668,-2867,10184
120,AR,2020-03-23,0 days 15:55:00.494459,1197171,0.84,0.83,3106,2957,94970,-131022
121,ARES,2020-03-23,0 days 15:50:27.840605,16902,22.5,22.39,500,200,3332,-9170
122,ARES,2020-03-23,0 days 15:50:39.868822,23760,22.5,22.42,200,200,-9270,3232
123,ARES,2020-03-23,0 days 15:51:04.928530,23660,22.68,22.5,700,553,-9370,3132
124,ARES,2020-03-23,0 days 15:51:13.950863,16902,22.68,22.59,507,643,3032,-9370
125,ARES,2020-03-23,0 days 15:51:14.953331,23560,22.59,22.5,300,410,-9470,3032
126,ARES,2020-03-23,0 days 15:52:04.071049,23560,22.63,22.59,37,200,-9470,3032
127,ARES,2020-03-23,0 days 15:52:14.094530,23560,22.68,22.63,310,400,-9470,3032
128,ARES,2020-03-23,0 days 15:53:08.224761,23560,22.72,22.67,504,1163,-9470,3032
129,ARES,2020-03-23,0 days 15:53:21.256819,16902,22.65,22.58,296,300,3032,-9470
130,ARES,2020-03-23,0 days 15:53:33.284749,23560,22.59,22.45,400,100,-9470,3032
131,ARES,2020-03-23,0 days 15:54:43.451420,16902,22.63,22.6,61,277,3032,-9470
132,ARES,2020-03-23,0 days 15:55:04.504516,23560,22.71,22.61,204,100,-9470,3032
133,ARES,2020-03-23,0 days 15:55:42.597121,16902,22.79,22.72,300,300,3032,-9470
134,ARES,2020-03-23,0 days 15:55:52.620579,23560,22.79,22.74,203,18,-9470,3032
135,ARES,2020-03-23,0 days 15:56:09.662709,16902,22.89,22.83,400,181,3032,-9470
136,ARES,2020-03-23,0 days 15:56:13.671718,23560,22.89,22.86,235,1257,-9470,3032
137,ARES,2020-03-23,0 days 15:57:07.800688,16902,22.96,22.94,315,201,3032,-9470
138,ARES,2020-03-23,0 days 15:58:52.039769,16902,22.91,22.88,604,100,3032,-9470
139,ARES,2020-03-23,0 days 15:58:59.057040,23560,22.92,22.89,1367,1439,-9470,3032
140,AVX,2020-03-23,0 days 15:52:02.242670,23516,21.64,21.63,1100,100,-345,252
141,AVYA,2020-03-23,0 days 15:59:48.207666,199457,8.95,8.94,10504,282,-15369,5561
142,AXP,2020-03-23,0 days 15:59:58.243193,862306,68.98,68.85,200,590,6366,-4465
143,AXP,2020-03-23,0 days 15:59:59.244563,854366,68.99,68.87,1378,15003,-7940,6366
144,AXS,2020-03-23,0 days 15:54:40.447778,40423,35.91,35.82,200,349,-1525,1927
145,AXS,2020-03-23,0 days 15:56:43.743963,38496,35.8,35.72,402,420,1927,-1525
146,AXS,2020-03-23,0 days 15:58:27.983274,40423,35.94,35.76,100,361,-1525,1927
147,AXS,2020-03-23,0 days 15:59:37.146750,38496,35.87,35.73,1102,100,1927,-1525
148,AYX,2020-03-23,0 days 15:51:22.402943,34294,92.21,92.05,100,400,-16721,19490
149,AYX,2020-03-23,0 days 15:52:01.496300,14804,92.75,92.4,1,202,19390,-16821
150,AYX,2020-03-23,0 days 15:52:07.510352,33916,92.83,92.53,95,324,-17099,19390
151,AYX,2020-03-23,0 days 15:52:56.628051,33916,92.98,92.86,200,101,-17099,19112
152,AYX,2020-03-23,0 days 15:53:27.703088,14804,92.75,92.29,100,200,19390,-16821
153,AYX,2020-03-23,0 days 15:53:36.723076,34194,92.56,92.29,200,100,-16821,19390
154,AYX,2020-03-23,0 days 15:54:27.845216,34194,92.68,92.56,100,301,-16821,19390
155,AYX,2020-03-23,0 days 15:54:55.912114,14804,92.45,92.15,100,100,19490,-16821
156,AYX,2020-03-23,0 days 15:55:24.983423,34194,92.45,92.26,100,301,-16821,19390
157,AYX,2020-03-23,0 days 15:56:20.113510,14804,92.76,92.51,1075,621,19390,-16821
158,AYX,2020-03-23,0 days 15:56:21.116783,33916,93.0,92.66,194,102,-17099,19390
159,AYX,2020-03-23,0 days 15:57:57.344910,14804,93.05,92.85,34,216,19112,-17099
160,AYX,2020-03-23,0 days 15:57:59.349775,33916,93.05,92.69,34,398,-17099,19112
161,AYX,2020-03-23,0 days 15:59:06.511822,14804,93.25,92.96,1059,100,19112,-17161
162,AYX,2020-03-23,0 days 15:59:07.514167,34116,92.96,92.82,300,16,-16899,19112
163,AZUL,2020-03-23,0 days 15:58:30.008715,7387,7.92,7.9,2002,300,-259,3263
164,BA,2020-03-23,0 days 15:57:34.794127,1108894,105.55,105.46,284,100,1129,-1711
165,BA,2020-03-23,0 days 15:57:35.796190,1093905,105.98,105.58,45,200,-15389,1129
166,BA,2020-03-23,0 days 15:58:50.974535,1108894,105.85,105.72,204,100,97,-9121
167,BA,2020-03-23,0 days 15:58:52.977908,1099673,105.94,105.82,100,421,-9621,97
168,BA,2020-03-23,0 days 15:59:03.002788,1108894,105.78,105.73,405,195,217,-901
169,BA,2020-03-23,0 days 15:59:38.088623,1108293,105.8,105.68,149,200,-701,417
170,BA,2020-03-23,0 days 15:59:39.090524,1108894,105.71,105.67,103,599,2917,-701
171,BA,2020-03-23,0 days 15:59:41.095737,1100393,105.87,105.75,100,400,-8801,2917
172,BA,2020-03-23,0 days 15:59:52.123581,1108994,105.9,105.69,100,600,1795,-6023
173,BBL,2020-03-23,0 days 15:59:59.221383,106176,25.38,25.37,798,1061,371,-109
174,BEN,2020-03-23,0 days 15:51:07.867950,480326,15.39,15.37,1700,665,-6203,56571
175,BEN,2020-03-23,0 days 15:51:51.973338,423755,15.42,15.41,1100,1200,56571,-11852
176,BEN,2020-03-23,0 days 15:53:55.269155,423755,15.38,15.37,2334,224,56571,-6203
177,BGS,2020-03-23,0 days 15:50:49.894682,50120,16.57,16.55,150,320,-9414,7886
178,BGS,2020-03-23,0 days 15:50:56.909888,42334,16.57,16.53,500,602,7786,-9414
179,BGS,2020-03-23,0 days 15:59:57.187039,42034,16.6,16.52,4214,1500,8622,-9714
180,BGS,2020-03-23,0 days 15:59:58.189553,50794,16.59,16.55,580,449,-8940,8622
181,BHC,2020-03-23,0 days 15:50:08.840530,65790,13.14,13.12,1700,600,-4393,507
182,BHP,2020-03-23,0 days 15:59:57.134221,118101,31.84,31.81,600,60,-1689,1709
183,BHP,2020-03-23,0 days 15:59:58.136205,117885,31.75,31.73,100,200,479,-1689
184,BHP,2020-03-23,0 days 16:00:00.155110,118364,31.75,31.72,18077,44204,-1401,979
185,BJ,2020-03-23,0 days 15:50:21.002526,127314,23.87,23.8,26,70,-4203,22231
186,BJ,2020-03-23,0 days 15:51:12.121803,108407,23.89,23.83,501,200,18907,-4203
187,BJ,2020-03-23,0 days 15:51:17.134290,127214,23.93,23.84,301,8,-4303,18907
188,BLL,2020-03-23,0 days 15:59:58.218614,526616,51.78,51.71,120,4763,6736,-20059
189,BMY,2020-03-23,0 days 15:58:12.883099,1855557,46.63,46.62,1002,100,10481,-465
190,BMY,2020-03-23,0 days 15:58:38.944434,1855557,46.64,46.63,401,1225,13497,-15055
191,BSX,2020-03-23,0 days 15:59:58.226153,1336961,25.88,25.82,313,7100,-3732,227073
192,BSX,2020-03-23,0 days 15:59:59.229331,1322140,25.83,25.82,1681,18400,14821,-3732
193,BXMT,2020-03-23,0 days 15:50:25.837452,80279,14.18,14.12,3,875,-584,630
194,BXMT,2020-03-23,0 days 15:50:31.851137,28611,14.19,14.17,503,300,51668,-584
195,BXMT,2020-03-23,0 days 15:51:37.006833,80279,14.2,14.18,400,341,-3010,51668
196,BXMT,2020-03-23,0 days 15:51:42.018181,28611,14.24,14.2,1702,252,51668,-3010
197,BXMT,2020-03-23,0 days 15:51:56.052169,28611,14.39,14.35,1100,726,51668,-3010
198,BXMT,2020-03-23,0 days 15:51:59.059564,80279,14.39,14.37,700,327,-3010,51668
199,BXMT,2020-03-23,0 days 15:52:03.070017,28611,14.33,14.3,198,200,51668,-3010
200,BXMT,2020-03-23,0 days 15:52:06.078829,80279,14.34,14.31,1900,400,-3010,51668
201,BXMT,2020-03-23,0 days 15:52:46.172818,28629,14.28,14.26,100,200,51650,-3028
202,BXMT,2020-03-23,0 days 15:52:52.187632,28629,14.31,14.29,56,200,51650,-3028
203,BXMT,2020-03-23,0 days 15:52:55.194056,80279,14.31,14.29,301,700,-3028,51650
204,BXMT,2020-03-23,0 days 15:52:57.199129,28629,14.31,14.29,1510,500,51650,-3028
205,BXMT,2020-03-23,0 days 15:53:08.226040,80279,14.32,14.27,853,500,-3028,51650
206,BXMT,2020-03-23,0 days 15:54:00.349805,28629,14.41,14.4,800,601,51650,-3028
207,BXMT,2020-03-23,0 days 15:54:01.353212,80279,14.4,14.37,1600,503,-3028,51650
208,BXMT,2020-03-23,0 days 15:54:03.357138,28629,14.4,14.37,1400,403,51650,-3028
209,BXMT,2020-03-23,0 days 15:54:21.400221,28629,14.33,14.31,400,100,51650,-3028
210,BXMT,2020-03-23,0 days 15:54:24.406666,80279,14.34,14.31,1700,200,-3028,51650
211,BXMT,2020-03-23,0 days 15:54:31.424416,80279,14.35,14.32,9,400,-3028,51650
212,BXMT,2020-03-23,0 days 15:55:23.552533,28629,14.37,14.35,200,100,51650,-3028
213,BXMT,2020-03-23,0 days 15:55:33.577338,28629,14.36,14.35,200,1500,51650,-3028
214,BXMT,2020-03-23,0 days 15:55:44.602840,80279,14.38,14.36,416,500,-3028,51650
215,BXMT,2020-03-23,0 days 15:55:54.626809,80279,14.4,14.38,501,1597,-7567,51650
216,BXMT,2020-03-23,0 days 15:56:02.645552,29429,14.42,14.4,300,300,50850,-8367
217,BXMT,2020-03-23,0 days 15:56:03.647475,80279,14.42,14.4,400,300,-8367,50850
218,BXMT,2020-03-23,0 days 15:56:27.705629,29429,14.47,14.45,200,100,50850,-8467
219,BXMT,2020-03-23,0 days 15:56:28.708375,80279,14.48,14.45,1684,700,-8467,50850
220,BXMT,2020-03-23,0 days 15:56:41.739050,29429,14.47,14.45,700,200,50850,-8467
221,BXMT,2020-03-23,0 days 15:56:47.753810,80279,14.47,14.45,400,830,-8467,50850
222,BXMT,2020-03-23,0 days 15:56:49.758892,29429,14.47,14.45,601,630,50850,-8467
223,BXMT,2020-03-23,0 days 15:57:10.809331,29529,14.52,14.51,200,500,50535,-9082
224,BXMT,2020-03-23,0 days 15:57:15.827180,80064,14.54,14.52,569,495,-9082,50535
225,BXMT,2020-03-23,0 days 15:57:31.857095,29529,14.54,14.52,218,1300,50535,-9082
226,BXMT,2020-03-23,0 days 15:57:41.875102,74275,14.65,14.58,200,840,-15571,50535
227,BXMT,2020-03-23,0 days 15:57:55.907728,29529,14.69,14.66,300,624,44746,-27371
228,BXMT,2020-03-23,0 days 15:58:16.956393,29529,14.56,14.53,100,500,50535,-9282
229,BXMT,2020-03-23,0 days 15:58:17.959331,80064,14.56,14.53,4,800,-9282,50535
230,BXMT,2020-03-23,0 days 15:58:24.975459,29529,14.59,14.57,200,690,50535,-9282
231,BXMT,2020-03-23,0 days 15:58:25.977428,74575,14.59,14.57,373,500,-14971,50535
232,BXMT,2020-03-23,0 days 15:58:47.027553,29529,14.59,14.58,600,100,45046,-14971
233,BXMT,2020-03-23,0 days 15:59:19.105104,43545,14.57,14.55,7552,500,36519,-23298
234,BXMT,2020-03-23,0 days 15:59:28.126057,80064,14.57,14.55,6276,804,-26098,36519
235,BXMT,2020-03-23,0 days 15:59:29.129626,43545,14.56,14.55,200,704,36519,-26098
236,BXMT,2020-03-23,0 days 15:59:46.166913,80064,14.56,14.54,589,462,-23198,36519
237,BXMT,2020-03-23,0 days 15:59:48.172983,43545,14.55,14.54,1712,100,36519,-23198
238,BYD,2020-03-23,0 days 15:50:22.852957,61732,12.24,12.2,169,500,-161,1075
239,BYD,2020-03-23,0 days 15:50:50.920709,58932,12.26,12.24,400,40,-2961,1075
240,BYD,2020-03-23,0 days 15:51:51.063197,61732,12.23,12.2,500,400,-161,1075
241,C,2020-03-23,0 days 15:59:58.366562,1645786,35.44,35.31,581,11673,12575,-24860
242,CAG,2020-03-23,0 days 15:55:54.664542,600409,25.78,25.77,100,200,-3243,796
243,CARS,2020-03-23,0 days 15:59:44.221457,41710,3.75,3.73,1608,1920,-4287,10925
244,CARS,2020-03-23,0 days 15:59:47.229101,30785,3.75,3.73,1608,1940,10925,-4287
245,CAT,2020-03-23,0 days 15:59:55.222836,447677,91.87,91.66,1153,60,2274,-5241
246,CAT,2020-03-23,0 days 15:59:57.227002,439860,91.87,91.61,314,532,-7817,13685
247,CAT,2020-03-23,0 days 15:59:58.228419,447677,91.87,91.63,165,1377,146,-7817
248,CB,2020-03-23,0 days 15:59:53.127764,319971,94.77,94.47,402,1500,1720,-2870
249,CBRE,2020-03-23,0 days 15:59:14.140817,337634,29.88,29.78,200,540,827,-37801
250,CBRE,2020-03-23,0 days 15:59:15.143187,336161,29.94,29.88,220,148,-35801,827
251,CBRE,2020-03-23,0 days 15:59:22.159357,337634,29.82,29.77,100,2222,3227,-33901
252,CBRE,2020-03-23,0 days 15:59:23.161325,338461,29.82,29.77,524,2438,-30060,3227
253,CBRE,2020-03-23,0 days 15:59:24.163840,337634,29.82,29.78,624,226,3127,-30060
254,CBRE,2020-03-23,0 days 15:59:25.166376,338261,29.82,29.79,924,1300,-33701,3127
255,CBRE,2020-03-23,0 days 15:59:26.170909,337634,29.82,29.79,1024,1515,827,-33701
256,CBRE,2020-03-23,0 days 15:59:28.173742,338261,29.82,29.81,180,539,-2814,3127
257,CBRE,2020-03-23,0 days 15:59:45.214716,345161,29.85,29.82,100,822,-26801,5086
258,CBRE,2020-03-23,0 days 15:59:46.217961,341075,29.85,29.82,100,543,5086,-26801
259,CBRE,2020-03-23,0 days 15:59:48.222567,345161,29.85,29.82,300,475,-26801,5086
260,CBRE,2020-03-23,0 days 15:59:50.228998,341075,29.86,29.82,100,447,5086,-26801
261,CC,2020-03-23,0 days 15:57:42.812538,54350,8.26,8.25,1500,1400,2424,-14023
262,CDE,2020-03-23,0 days 16:00:00.194053,187955,3.24,3.23,33900,41415,12288,-4921
263,CF,2020-03-23,0 days 15:59:52.204863,262183,22.02,22.0,26,5084,1236,-8417
264,CF,2020-03-23,0 days 15:59:53.206947,257519,22.09,22.0,152,5004,-11085,1236
265,CF,2020-03-23,0 days 15:59:55.212955,262183,22.09,22.0,200,2011,736,-11085
266,CF,2020-03-23,0 days 15:59:56.223160,258244,22.07,21.99,205,200,-10360,736
267,CF,2020-03-23,0 days 15:59:58.218045,262183,22.08,22.01,205,300,1561,-9660
268,CF,2020-03-23,0 days 16:00:00.224465,257544,22.08,22.04,68026,43244,-11060,1561
269,CHK,2020-03-23,0 days 15:52:01.105421,4349861,0.17,0.16,400,644498,121191,-2825178
270,CHK,2020-03-23,0 days 15:52:55.235859,1156276,0.18,0.17,339349,58000,-3193585,121091
271,CHK,2020-03-23,0 days 15:54:23.444377,4349861,0.17,0.16,1878,690998,121191,-6139954
272,CHK,2020-03-23,0 days 15:54:53.518462,1156276,0.18,0.17,373593,2500,-3193585,121091
273,CHK,2020-03-23,0 days 15:56:31.751439,4471052,0.17,0.16,1000,594047,-2825178,121191
274,CHK,2020-03-23,0 days 15:57:54.939247,4349861,0.18,0.17,363705,900,121191,-2825278
275,CHK,2020-03-23,0 days 15:58:09.974815,4471052,0.18,0.17,342953,640,-2825178,121191
276,CIEN,2020-03-23,0 days 15:50:25.885829,71936,34.39,34.33,79,200,-419,444
277,CL,2020-03-23,0 days 15:59:52.179761,891674,60.58,60.51,403,400,1739,-4670
278,CLNC,2020-03-23,0 days 15:53:55.338800,31850,3.08,3.07,1,1730,-226,13462
279,CLNC,2020-03-23,0 days 15:55:28.564345,31850,3.12,3.1,4412,3912,-326,12916
280,CLNC,2020-03-23,0 days 15:56:05.652399,18934,3.13,3.12,2600,1186,9787,-326
281,CLNC,2020-03-23,0 days 15:58:12.946923,18934,3.13,3.11,1354,838,12916,-3655
282,CLNC,2020-03-23,0 days 15:59:32.136516,31850,3.13,3.1,759,1000,-326,9787
283,CLNC,2020-03-23,0 days 15:59:47.169027,18934,3.13,3.1,457,973,12916,-3655
284,CLNC,2020-03-23,0 days 15:59:50.180833,28721,3.13,3.1,357,874,-3655,12916
285,CLNC,2020-03-23,0 days 16:00:00.194023,18934,3.12,3.11,3683,2871,12916,-3655
286,CMS,2020-03-23,0 days 15:59:29.129598,218921,48.89,48.86,87,248,33194,-416
287,CMS,2020-03-23,0 days 15:59:32.136515,252105,48.88,48.86,777,831,-16,33194
288,CMS,2020-03-23,0 days 15:59:36.144720,218921,48.88,48.86,565,772,33194,-16
289,CMS,2020-03-23,0 days 15:59:37.146778,252105,48.88,48.86,759,1101,-16,33194
290,CMS,2020-03-23,0 days 15:59:44.163084,218921,48.88,48.87,485,200,33184,-16
291,CMS,2020-03-23,0 days 15:59:47.168995,218921,48.87,48.86,848,1208,33194,-16
292,CNC,2020-03-23,0 days 15:59:58.218045,577299,45.66,45.51,500,400,-2116,1104
293,CNC,2020-03-23,0 days 16:00:00.224621,513618,45.55,45.54,17516,114796,63681,-2116
294,CPE,2020-03-23,0 days 15:55:57.633631,539388,0.49,0.48,89716,5500,-359570,90064
295,CPE,2020-03-23,0 days 15:56:14.673666,898958,0.49,0.48,89716,2817,27572,-359570
296,CPE,2020-03-23,0 days 15:56:17.681887,539388,0.49,0.48,172185,3017,-359570,27572
297,CPE,2020-03-23,0 days 15:57:04.794384,898958,0.49,0.48,76337,20,27572,-359570
298,CPE,2020-03-23,0 days 15:57:05.798361,539388,0.49,0.48,76337,120,-359570,27572
299,CPE,2020-03-23,0 days 15:57:35.861269,898958,0.49,0.48,176479,2520,27572,-359570
300,CPE,2020-03-23,0 days 15:58:09.940411,539388,0.49,0.48,279549,900,-359570,27572
301,CPE,2020-03-23,0 days 15:58:29.987303,898958,0.48,0.47,100,43182,27572,-359570
302,CPE,2020-03-23,0 days 15:59:04.070191,539388,0.49,0.48,67243,490,-359570,27572
303,CPE,2020-03-23,0 days 15:59:18.102619,898958,0.49,0.48,67243,1200,27572,-359570
304,CPE,2020-03-23,0 days 15:59:57.187002,539388,0.48,0.47,1800,11715,-359570,90064
305,CPE,2020-03-23,0 days 15:59:58.189514,836466,0.48,0.47,1800,11715,90064,-359570
306,CWK,2020-03-23,0 days 15:50:16.746115,29861,9.8,9.77,1000,1776,-11828,11022
307,CWK,2020-03-23,0 days 15:50:24.765592,19435,9.8,9.78,900,1164,11022,-11828
308,CWK,2020-03-23,0 days 15:50:25.767644,29861,9.83,9.8,300,600,-11828,11022
309,CWK,2020-03-23,0 days 15:51:47.963602,29861,9.84,9.81,900,1706,-11828,10426
310,CWK,2020-03-23,0 days 15:51:57.987528,19435,9.84,9.82,1000,189,10426,-11828
311,CWK,2020-03-23,0 days 15:59:00.998080,19435,9.76,9.75,943,500,12351,-10636
312,CXO,2020-03-23,0 days 15:59:55.238807,280747,38.16,37.97,544,4900,3335,-665
313,CXP,2020-03-23,0 days 15:50:59.960961,62751,8.09,8.06,2607,2600,-5719,5347
314,CXP,2020-03-23,0 days 15:51:29.028440,57404,8.02,8.01,40,400,5347,-5519
315,CXP,2020-03-23,0 days 15:52:04.112243,62751,8.07,8.04,1172,2008,-5619,5347
316,D,2020-03-23,0 days 15:50:02.830094,455205,58.22,58.13,200,503,-38753,10840
317,D,2020-03-23,0 days 15:50:06.839703,444265,58.21,58.15,200,165,10940,-38753
318,D,2020-03-23,0 days 15:50:08.845235,454694,58.26,58.19,35,300,-39264,10940
319,D,2020-03-23,0 days 15:50:09.846978,444265,58.3,58.24,120,200,10429,-39264
320,D,2020-03-23,0 days 15:50:10.849701,454694,58.32,58.23,248,400,-39264,10429
321,D,2020-03-23,0 days 15:51:07.985578,455206,58.2,58.04,202,7,-36286,10941
322,D,2020-03-23,0 days 15:51:10.992836,455105,58.25,58.16,500,200,-38853,10941
323,D,2020-03-23,0 days 15:51:59.107976,454589,58.71,58.65,210,407,-41237,8856
324,D,2020-03-23,0 days 15:52:00.111177,445733,58.77,58.68,10,203,8856,-41237
325,D,2020-03-23,0 days 15:52:14.143507,454589,58.84,58.78,200,100,-41337,8856
326,D,2020-03-23,0 days 15:52:28.177349,454589,58.9,58.82,600,301,-41537,8460
327,D,2020-03-23,0 days 15:52:29.179432,445733,58.95,58.87,500,400,8856,-41537
328,D,2020-03-23,0 days 15:52:30.183275,454193,58.94,58.9,200,201,-42066,8856
329,D,2020-03-23,0 days 15:52:35.194955,445733,59.09,59.0,300,600,8360,-42166
330,D,2020-03-23,0 days 15:52:41.209800,454093,59.2,59.11,48,200,-42666,8360
331,D,2020-03-23,0 days 15:52:44.217496,445733,59.17,59.11,300,122,8360,-42666
332,D,2020-03-23,0 days 15:53:21.306183,445733,59.13,59.07,300,200,8360,-42166
333,D,2020-03-23,0 days 15:53:23.312403,454093,59.17,59.07,22,360,-42366,8360
334,D,2020-03-23,0 days 15:53:45.363190,445733,59.14,59.06,100,210,8360,-42266
335,D,2020-03-23,0 days 15:54:00.398934,445733,58.96,58.91,102,200,8460,-42166
336,D,2020-03-23,0 days 15:54:07.418321,454093,59.1,59.02,100,400,-42166,8460
337,D,2020-03-23,0 days 15:54:14.432458,453674,59.23,59.16,20,507,-43285,7941
338,D,2020-03-23,0 days 15:54:23.453918,445733,59.29,59.16,336,300,8360,-42666
339,D,2020-03-23,0 days 15:54:31.473464,453674,59.37,59.23,14,380,-43485,7941
340,D,2020-03-23,0 days 15:55:32.620815,445733,59.33,59.24,600,803,7941,-43585
341,D,2020-03-23,0 days 15:55:36.630735,447180,59.41,59.27,200,400,-50379,7941
342,D,2020-03-23,0 days 15:59:54.246003,445733,59.32,59.31,510,200,7941,-50379
343,D,2020-03-23,0 days 15:59:55.249115,453674,59.39,59.22,500,7,-43585,7941
344,D,2020-03-23,0 days 15:59:56.252115,445733,59.39,59.38,4104,55934,1447,-43585
345,DAL,2020-03-23,0 days 15:59:58.218311,533614,22.22,22.19,600,7652,6528,-25117
346,DAL,2020-03-23,0 days 15:59:59.221652,518497,22.24,22.22,83,7900,-15117,6528
347,DD,2020-03-23,0 days 15:59:53.180878,723881,28.59,28.49,167,2933,1108,-6592
348,DD,2020-03-23,0 days 15:59:54.187480,713189,28.59,28.5,1094,200,-10692,1108
349,DD,2020-03-23,0 days 15:59:55.186805,723881,28.57,28.46,100,500,7711,-10692
350,DFS,2020-03-23,0 days 15:59:42.193359,372041,26.85,26.79,300,6321,-678,41320
351,DIS,2020-03-23,0 days 15:59:26.143832,1150780,86.23,86.18,714,437,10513,-7087
352,DIS,2020-03-23,0 days 15:59:27.145042,1144093,86.32,86.22,120,437,-10387,10513
353,DIS,2020-03-23,0 days 15:59:38.171290,1150780,86.19,86.17,1930,200,11213,-2987
354,DIS,2020-03-23,0 days 15:59:41.178419,1148993,86.27,86.21,400,521,-3587,11213
355,DIS,2020-03-23,0 days 15:59:42.180346,1151980,86.22,86.15,18,446,3213,-3587
356,DIS,2020-03-23,0 days 15:59:44.186187,1148993,86.24,86.18,1013,1006,-3587,11213
357,DIS,2020-03-23,0 days 15:59:45.187787,1150780,86.23,86.17,500,100,11213,-3587
358,DIS,2020-03-23,0 days 15:59:46.190889,1148993,86.23,86.18,418,400,-2987,11213
359,DIS,2020-03-23,0 days 15:59:47.192679,1149080,86.15,86.13,400,600,13639,-2987
360,DK,2020-03-23,0 days 15:50:27.890515,160615,13.17,13.14,200,300,-2010,32672
361,DK,2020-03-23,0 days 15:50:36.911931,160615,13.28,13.22,410,700,-6550,26619
362,DK,2020-03-23,0 days 15:52:11.137266,133996,13.38,13.34,100,300,26619,-49477
363,DK,2020-03-23,0 days 15:52:12.139581,160615,13.38,13.34,200,300,-6550,26619
364,DK,2020-03-23,0 days 15:57:43.933053,133996,13.38,13.36,100,201,26619,-49477
365,DK,2020-03-23,0 days 15:59:15.147224,160615,13.33,13.31,200,409,-6550,26619
366,DK,2020-03-23,0 days 15:59:31.186842,160615,13.32,13.3,130,790,-6550,26619
367,DK,2020-03-23,0 days 15:59:54.237527,133996,13.34,13.3,653,800,26619,-6550
368,DK,2020-03-23,0 days 15:59:55.238935,160615,13.3,13.26,606,1700,-6550,26619
369,DKS,2020-03-23,0 days 15:50:04.788206,62263,17.02,16.99,6,560,-2911,3240
370,DKS,2020-03-23,0 days 15:50:27.841610,61523,17.08,17.03,21,300,740,-2911
371,DKS,2020-03-23,0 days 15:50:28.844614,62263,17.1,17.07,10,200,-2911,740
372,DKS,2020-03-23,0 days 15:51:19.965594,62163,17.21,17.18,187,1496,-3011,640
373,DKS,2020-03-23,0 days 15:51:27.987180,61523,17.22,17.2,2,300,640,-3011
374,DKS,2020-03-23,0 days 15:53:08.226040,62563,17.14,17.13,58,5,-2611,740
375,DKS,2020-03-23,0 days 15:54:43.452673,61523,17.22,17.19,538,300,640,-3011
376,DKS,2020-03-23,0 days 15:55:22.549820,61509,17.29,17.27,13,300,-3665,640
377,DKS,2020-03-23,0 days 15:55:25.558429,61523,17.31,17.27,400,1270,640,-3665
378,DKS,2020-03-23,0 days 15:55:40.594069,61509,17.3,17.27,622,1710,-3665,640
379,DKS,2020-03-23,0 days 15:55:47.609807,61523,17.28,17.27,200,1244,640,-3665
380,DKS,2020-03-23,0 days 15:58:13.950000,62863,17.12,17.1,514,300,-2311,740
381,DKS,2020-03-23,0 days 15:59:03.067770,63263,17.08,17.06,237,700,-1911,740
382,DKS,2020-03-23,0 days 15:59:08.080060,61523,17.07,17.05,418,4716,740,-1911
383,DKS,2020-03-23,0 days 15:59:44.163141,63263,17.06,17.05,100,3965,-1911,740
384,DLPH,2020-03-23,0 days 15:59:51.229632,151631,7.95,7.94,794,7131,2720,-2611
385,DLPH,2020-03-23,0 days 15:59:52.230907,140151,7.99,7.95,980,1700,-11480,2720
386,DNR,2020-03-23,0 days 15:54:07.409731,658101,0.27,0.26,144090,310,100746,-132220
387,DNR,2020-03-23,0 days 15:55:15.570005,758847,0.26,0.25,1564,225498,-132220,100746
388,DNR,2020-03-23,0 days 15:55:16.572668,658101,0.26,0.25,4264,225498,106446,-132220
389,DNR,2020-03-23,0 days 15:56:21.728290,658101,0.26,0.25,5200,286734,106446,-132220
390,DNR,2020-03-23,0 days 15:57:18.862081,758847,0.26,0.25,1200,287173,-132220,106446
391,DNR,2020-03-23,0 days 15:58:59.092959,764547,0.26,0.25,20,230809,-126520,106446
392,DNR,2020-03-23,0 days 15:59:01.097182,658101,0.26,0.25,7,230809,106446,-126520
393,DNR,2020-03-23,0 days 15:59:08.116542,758847,0.26,0.25,2100,230809,-132220,106446
394,DNR,2020-03-23,0 days 15:59:54.222346,658101,0.27,0.26,18290,63758,106446,-117620
395,DNR,2020-03-23,0 days 15:59:55.222800,773447,0.27,0.26,18290,62682,-117620,106446
396,DNR,2020-03-23,0 days 15:59:57.226928,658101,0.26,0.25,3700,175222,100746,-117620
397,DOW,2020-03-23,0 days 15:59:54.245904,846560,26.64,26.57,200,200,16809,-791
398,DOW,2020-03-23,0 days 15:59:56.252071,839769,26.64,26.53,132,300,-6791,16809
399,DOW,2020-03-23,0 days 15:59:57.252514,846560,26.61,26.52,400,11240,509,-6791
400,DRE,2020-03-23,0 days 15:59:53.234258,376455,26.4,26.33,423,300,20486,-4920
401,DRE,2020-03-23,0 days 15:59:55.238807,372788,26.38,26.26,646,2338,-1820,22886
402,DRE,2020-03-23,0 days 15:59:57.242048,371055,26.37,26.21,1306,1626,29886,-1820
403,EFC,2020-03-23,0 days 15:52:19.037581,19770,5.3,5.26,1639,1407,-7607,8050
404,EFC,2020-03-23,0 days 15:54:46.390826,11720,5.3,5.28,117,1851,7949,-7708
405,EFC,2020-03-23,0 days 15:57:27.779438,19669,5.34,5.32,1103,600,-7708,7949
406,EFC,2020-03-23,0 days 15:57:32.789155,11720,5.34,5.32,1102,1394,7949,-7708
407,ELS,2020-03-23,0 days 15:56:07.656926,127810,46.47,46.28,500,403,-4624,306
408,ELS,2020-03-23,0 days 15:56:33.719960,106592,46.83,46.66,100,200,21218,-5224
409,ELS,2020-03-23,0 days 15:56:39.735044,124248,47.11,46.9,7600,115,-9686,20818
410,ELS,2020-03-23,0 days 15:57:54.904885,106692,46.75,46.69,103,850,21118,-5424
411,ELS,2020-03-23,0 days 15:57:58.915380,127810,46.75,46.69,3,1050,-5424,21118
412,ELS,2020-03-23,0 days 15:58:20.967456,132334,46.34,46.28,530,300,306,-4624
413,ELS,2020-03-23,0 days 15:58:33.997914,127810,46.41,46.35,58,80,-4624,21818
414,ELS,2020-03-23,0 days 15:58:39.008227,132234,46.41,46.17,54,200,406,-4624
415,EMR,2020-03-23,0 days 15:59:54.187325,354825,38.05,38.01,247,800,39383,-3622
416,EMR,2020-03-23,0 days 15:59:56.185205,394108,38.12,38.0,200,4285,-4247,39383
417,EMR,2020-03-23,0 days 15:59:58.189437,355449,38.11,38.08,1600,113,38659,-4247
418,EPRT,2020-03-23,0 days 15:59:58.189514,184523,12.88,12.85,1047,1800,6783,-1259
419,ERJ,2020-03-23,0 days 15:59:50.236900,13920,6.11,6.1,16309,384,5035,-9783
420,ETN,2020-03-23,0 days 15:59:57.215571,289138,57.63,57.62,1682,10164,368,-691
421,ETN,2020-03-23,0 days 15:59:58.218045,287806,57.78,57.77,100,4240,-1432,368
422,EVRG,2020-03-23,0 days 15:52:56.196637,208288,44.66,44.47,400,2301,-3008,5429
423,EVRG,2020-03-23,0 days 15:53:16.245456,186348,44.97,44.74,219,101,21746,-3502
424,EVRG,2020-03-23,0 days 15:53:23.261396,208027,45.03,44.74,100,2572,-4769,21714
425,EVRG,2020-03-23,0 days 15:54:16.388195,186348,45.14,45.04,100,100,21679,-5469
426,EVRG,2020-03-23,0 days 15:54:23.405267,208027,45.17,45.04,232,800,-5069,21679
427,EVRG,2020-03-23,0 days 15:54:34.431533,186348,45.21,45.07,100,300,21679,-5069
428,EVRG,2020-03-23,0 days 15:54:35.433551,208027,45.22,45.07,200,401,-5469,21679
429,EVRG,2020-03-23,0 days 15:56:19.685768,186348,45.89,45.83,800,832,21636,-8712
430,EVRG,2020-03-23,0 days 15:56:20.690649,207984,46.0,45.83,100,1336,-9012,21636
431,EVRG,2020-03-23,0 days 15:59:11.086128,186348,46.01,45.85,801,200,21636,-9012
432,EVRG,2020-03-23,0 days 15:59:13.090726,207984,45.99,45.92,236,1516,-9512,21636
433,EVRG,2020-03-23,0 days 15:59:57.187208,186348,45.33,45.14,700,2186,21679,-6369
434,EXR,2020-03-23,0 days 15:50:36.036080,126149,74.01,73.94,12,90,11693,-12
435,EXR,2020-03-23,0 days 15:50:43.053399,137842,73.98,73.79,190,90,-12,11693
436,EXR,2020-03-23,0 days 15:51:53.221401,126149,73.92,73.76,90,126,11693,-12
437,EXR,2020-03-23,0 days 15:51:54.223158,137842,74.05,73.85,390,90,-12,11693
438,EXR,2020-03-23,0 days 15:52:06.251969,126149,74.25,74.04,5,137,11693,-12
439,EXR,2020-03-23,0 days 15:52:08.257370,137842,74.34,74.08,66,231,-12,11693
440,EXR,2020-03-23,0 days 15:52:27.302608,126149,74.6,74.4,201,190,11693,-12
441,EXR,2020-03-23,0 days 15:52:36.324578,137742,74.86,74.68,2,10,-212,11593
442,EXR,2020-03-23,0 days 15:52:54.369214,137742,75.01,74.77,100,191,-312,11593
443,EXR,2020-03-23,0 days 15:52:56.372717,126149,74.98,74.79,90,203,11593,-312
444,EXR,2020-03-23,0 days 15:53:33.461029,126149,74.56,74.23,67,247,11693,-12
445,EXR,2020-03-23,0 days 15:53:55.514158,137842,74.24,74.2,1,200,-12,11693
446,EXR,2020-03-23,0 days 15:53:58.521142,126149,74.44,74.21,130,201,11693,-12
447,EXR,2020-03-23,0 days 15:54:07.542930,137842,74.44,74.31,25,190,-12,11693
448,EXR,2020-03-23,0 days 15:55:06.684100,137842,74.55,74.36,300,90,-12,11693
449,EXR,2020-03-23,0 days 15:56:35.901215,126149,75.09,74.92,100,102,11593,-312
450,EXR,2020-03-23,0 days 15:56:36.898640,137742,75.24,74.92,409,341,-612,11593
451,EXR,2020-03-23,0 days 15:56:44.918295,126149,75.14,74.94,90,193,11593,-412
452,EXR,2020-03-23,0 days 15:56:57.949821,137742,75.12,75.0,205,293,-512,11593
453,EXR,2020-03-23,0 days 15:57:11.983231,126149,75.08,75.01,290,200,11593,-512
454,EXR,2020-03-23,0 days 15:57:26.017342,126149,74.97,74.96,553,163,11593,-412
455,EXR,2020-03-23,0 days 15:57:42.048694,126149,74.9,74.89,300,192,11593,-412
456,EXR,2020-03-23,0 days 15:59:32.306705,126149,75.22,75.11,1053,661,11593,-612
457,FBHS,2020-03-23,0 days 15:53:24.439438,141567,35.15,35.11,100,400,-159,65
458,FBHS,2020-03-23,0 days 15:53:29.452602,142344,35.12,35.09,300,200,65,-59
459,FBHS,2020-03-23,0 days 15:53:45.489579,141567,35.14,35.09,100,224,-59,265
460,FBHS,2020-03-23,0 days 15:59:55.360964,142244,35.13,34.94,220,6,165,-159
461,FDX,2020-03-23,0 days 16:00:00.154746,206366,111.79,111.62,13228,18113,986,-10354
462,FIT,2020-03-23,0 days 15:59:57.242140,1428936,6.1,6.09,2560,22320,234529,-154800
463,FIT,2020-03-23,0 days 15:59:58.243418,1298299,6.2,6.12,1800,6300,-130637,234529
464,FIT,2020-03-23,0 days 16:00:00.245792,1428936,6.16,6.14,3000,111337,5863,-90537
465,FL,2020-03-23,0 days 15:57:47.935694,53919,18.97,18.96,200,1679,50457,-1847
466,FL,2020-03-23,0 days 15:57:48.937291,104376,19.01,18.97,100,841,-1847,50457
467,FL,2020-03-23,0 days 15:58:00.966714,54019,19.02,18.99,913,158,50357,-13747
468,FL,2020-03-23,0 days 15:58:09.987177,104376,19.01,18.98,400,434,-1847,50457
469,FL,2020-03-23,0 days 15:58:13.997031,54019,18.99,18.97,500,200,50357,-1847
470,FL,2020-03-23,0 days 15:58:16.001167,104376,19.0,18.98,701,300,-1847,50357
471,FL,2020-03-23,0 days 15:58:27.027316,53719,18.96,18.95,3317,1792,50657,-1847
472,FL,2020-03-23,0 days 15:58:32.039639,104376,19.01,18.96,42,200,-1847,50457
473,FL,2020-03-23,0 days 15:58:37.052553,53419,18.91,18.81,400,790,50957,-1247
474,FL,2020-03-23,0 days 15:58:40.059198,104376,18.81,18.77,184,400,-1247,50957
475,FL,2020-03-23,0 days 15:59:06.122617,104781,18.52,18.47,1109,20,-1196,51008
476,FL,2020-03-23,0 days 15:59:13.138038,53473,18.47,18.46,1107,920,51308,-1196
477,FL,2020-03-23,0 days 15:59:21.157356,104781,18.47,18.45,100,415,-896,51308
478,FL,2020-03-23,0 days 15:59:22.159357,53773,18.51,18.47,300,1329,51008,-896
479,FL,2020-03-23,0 days 15:59:28.173742,104781,18.51,18.49,358,1530,-1196,51008
480,FL,2020-03-23,0 days 15:59:30.179317,53773,18.5,18.49,901,2335,51008,-1196
481,FRC,2020-03-23,0 days 15:59:53.233937,249772,75.78,75.48,697,1400,1151,-16414
482,FRC,2020-03-23,0 days 15:59:55.239366,250723,75.78,75.42,597,200,-15914,1151
483,FRC,2020-03-23,0 days 16:00:00.250760,249772,75.72,75.59,3859,20900,9198,-10914
484,GD,2020-03-23,0 days 15:50:08.845267,220102,105.6,105.45,200,308,11254,-1598
485,GD,2020-03-23,0 days 15:50:09.847010,231356,105.7,105.56,100,200,-2398,11254
486,GD,2020-03-23,0 days 15:50:19.870625,220102,105.79,105.64,15,100,11254,-2398
487,GD,2020-03-23,0 days 15:50:24.882353,231356,105.87,105.75,91,233,-2398,11254
488,GD,2020-03-23,0 days 15:50:34.906955,220102,106.09,105.86,200,260,11254,-2398
489,GD,2020-03-23,0 days 15:50:51.947803,231256,106.47,106.32,178,702,-3398,11154
490,GD,2020-03-23,0 days 15:50:58.965708,220102,106.46,106.32,78,303,11154,-3398
491,GD,2020-03-23,0 days 15:50:59.967085,231256,106.46,106.3,278,507,-3298,11154
492,GD,2020-03-23,0 days 15:51:16.006054,220202,106.54,106.39,142,200,11054,-4198
493,GD,2020-03-23,0 days 15:51:24.024188,231256,106.5,106.44,78,100,-4198,11054
494,GD,2020-03-23,0 days 15:52:04.120072,230054,107.04,106.78,157,105,-6700,10754
495,GD,2020-03-23,0 days 15:52:47.224231,230054,107.1,107.03,200,622,-6700,9252
496,GD,2020-03-23,0 days 15:52:57.247871,220702,107.21,107.08,387,100,9352,-6700
497,GD,2020-03-23,0 days 15:52:59.253305,230054,107.32,107.16,1,100,-6900,9352
498,GD,2020-03-23,0 days 15:53:15.291808,220802,107.31,107.12,330,1160,9252,-6900
499,GD,2020-03-23,0 days 15:54:10.423012,220702,107.17,107.02,200,260,9352,-6700
500,GD,2020-03-23,0 days 15:54:12.428351,230054,107.31,107.1,200,260,-6800,9352
501,GD,2020-03-23,0 days 15:55:07.560553,230054,107.71,107.47,130,620,-8400,9052
502,GD,2020-03-23,0 days 15:55:49.661665,220802,107.34,107.19,262,318,9252,-6900
503,GD,2020-03-23,0 days 15:55:54.674837,230054,107.39,107.2,100,354,-6900,9252
504,GD,2020-03-23,0 days 15:56:13.719350,230054,107.19,107.07,600,43,-6700,9252
505,GD,2020-03-23,0 days 15:56:43.791365,220602,106.97,106.94,200,200,9552,-6700
506,GD,2020-03-23,0 days 15:56:58.827702,230054,107.26,106.98,103,520,-6800,9552
507,GD,2020-03-23,0 days 15:57:23.887705,221002,107.51,107.36,172,209,9052,-7900
508,GD,2020-03-23,0 days 15:57:25.892947,230054,107.38,107.28,200,105,-7900,9052
509,GD,2020-03-23,0 days 15:57:44.938090,221302,107.65,107.52,100,260,8752,-8100
510,GD,2020-03-23,0 days 15:57:47.944823,230054,107.71,107.57,68,296,-8300,8752
511,GD,2020-03-23,0 days 15:58:45.081162,220802,107.2,107.13,100,9,9252,-6800
512,GD,2020-03-23,0 days 15:58:48.088232,230054,107.23,107.13,300,613,-6800,9252
513,GD,2020-03-23,0 days 15:59:04.136242,230154,107.01,106.9,300,1362,-6500,9552
514,GD,2020-03-23,0 days 15:59:06.132471,220602,106.94,106.9,500,1010,9552,-6500
515,GD,2020-03-23,0 days 15:59:07.135645,230154,106.93,106.9,341,1069,-6500,9552
516,GD,2020-03-23,0 days 15:59:09.140462,220602,106.91,106.9,31,198,9552,-6500
517,GD,2020-03-23,0 days 15:59:10.141551,230154,106.93,106.89,100,1,-6500,9552
518,GD,2020-03-23,0 days 15:59:29.186592,220602,106.94,106.91,43,581,9552,-6700
519,GD,2020-03-23,0 days 15:59:30.189581,230154,106.98,106.91,241,22,-6500,9552
520,GD,2020-03-23,0 days 15:59:31.189975,220602,106.96,106.88,41,789,9552,-6500
521,GD,2020-03-23,0 days 15:59:35.199490,230154,106.99,106.96,199,156,-6600,9552
522,GD,2020-03-23,0 days 15:59:58.254425,220302,106.75,106.57,2860,518,10954,-5298
523,GIS,2020-03-23,0 days 15:59:00.500711,578091,47.59,47.58,1074,636,13742,-58
524,GIS,2020-03-23,0 days 15:59:01.499666,591833,47.56,47.55,1012,1,-35207,13742
525,GLW,2020-03-23,0 days 15:59:51.238424,457129,17.87,17.86,1006,500,-93997,33463
526,GLW,2020-03-23,0 days 15:59:52.240184,422366,17.86,17.85,4041,808,34763,-93997
527,GM,2020-03-23,0 days 15:59:15.095744,786654,17.62,17.61,3900,3171,-5344,3065
528,GM,2020-03-23,0 days 15:59:34.140177,784048,17.59,17.58,3364,1730,2606,-1394
529,GM,2020-03-23,0 days 15:59:39.151290,786654,17.61,17.6,1342,2878,-6094,2306
530,GNC,2020-03-23,0 days 15:50:35.293981,24040,0.43,0.42,1700,1800,-4836,15517
531,GNC,2020-03-23,0 days 15:55:18.968780,10223,0.43,0.42,24800,13610,15117,-2636
532,GNC,2020-03-23,0 days 15:55:55.054908,24940,0.43,0.42,24900,27310,-3936,15117
533,GNC,2020-03-23,0 days 15:56:51.189048,10223,0.43,0.42,25248,26410,15117,-2736
534,GNC,2020-03-23,0 days 15:57:26.271998,26140,0.43,0.42,25248,26012,-2736,15117
535,HCA,2020-03-23,0 days 15:59:58.136482,289765,78.75,78.74,235,2452,4391,-18312
536,HCA,2020-03-23,0 days 15:59:59.138443,293956,78.8,78.73,3178,3997,-18157,4391
537,HES,2020-03-23,0 days 15:59:53.233964,295256,29.16,29.03,991,57,221,-179
538,HFC,2020-03-23,0 days 15:59:57.187107,339282,18.67,18.66,257,11691,1638,-38091
539,HIG,2020-03-23,0 days 16:00:00.155420,372533,30.73,30.7,12093,96090,7195,-3467
540,HON,2020-03-23,0 days 15:50:01.840787,296847,103.16,103.07,300,200,40831,-29703
541,HON,2020-03-23,0 days 15:50:02.824825,337678,103.13,103.04,100,264,-29703,40831
542,HON,2020-03-23,0 days 15:50:11.846113,337578,103.29,103.24,300,500,-29903,40631
543,HON,2020-03-23,0 days 15:50:12.851123,296947,103.28,103.25,300,100,40631,-29903
544,HON,2020-03-23,0 days 15:50:13.851143,337578,103.28,103.18,400,100,-29803,40631
545,HON,2020-03-23,0 days 15:50:29.889449,296947,103.46,103.37,690,224,40631,-33510
546,HON,2020-03-23,0 days 15:50:36.907495,335661,103.77,103.64,821,224,-47101,39031
547,HON,2020-03-23,0 days 15:50:38.911067,297597,103.9,103.79,40,224,38064,-47101
548,HON,2020-03-23,0 days 15:50:42.920762,335661,103.88,103.74,100,200,-51008,38064
549,HON,2020-03-23,0 days 15:50:45.927596,296947,103.87,103.64,400,272,38714,-47101
550,HON,2020-03-23,0 days 15:50:51.942233,334261,103.88,103.67,530,254,-52808,38164
551,HON,2020-03-23,0 days 15:50:58.961038,297597,103.7,103.63,100,200,38064,-52808
552,HON,2020-03-23,0 days 15:50:59.961660,335661,103.69,103.53,100,300,-46551,38064
553,HON,2020-03-23,0 days 15:51:07.980552,296947,103.54,103.48,400,100,39031,-46551
554,HON,2020-03-23,0 days 15:51:10.987276,335661,103.64,103.55,374,300,-46551,39031
555,HON,2020-03-23,0 days 15:51:13.994658,296947,103.68,103.64,77,200,38714,-46551
556,HON,2020-03-23,0 days 15:51:15.004839,335661,103.68,103.58,577,100,-46551,38714
557,HON,2020-03-23,0 days 15:51:17.002131,297597,103.82,103.71,200,200,38064,-47301
558,HON,2020-03-23,0 days 15:51:22.014440,335661,103.9,103.76,31,500,-51008,38064
559,HON,2020-03-23,0 days 15:51:23.016447,297597,103.9,103.77,451,200,38064,-51008
560,HON,2020-03-23,0 days 15:51:48.076028,297797,104.0,103.96,1201,100,36464,-52908
561,HON,2020-03-23,0 days 15:51:49.080413,334261,104.05,103.98,200,100,-53008,36464
562,HON,2020-03-23,0 days 15:52:01.107679,297997,104.5,104.37,115,500,36093,-54079
563,HON,2020-03-23,0 days 15:52:02.109731,334090,104.49,104.37,232,500,-54479,36093
564,HON,2020-03-23,0 days 15:52:05.117989,298197,104.52,104.43,100,600,35893,-54479
565,HON,2020-03-23,0 days 15:52:06.119298,334090,104.67,104.44,200,400,-54779,35893
566,HON,2020-03-23,0 days 15:52:27.169788,328459,104.78,104.62,701,100,-60710,29256
567,HON,2020-03-23,0 days 15:53:06.262878,298397,105.32,105.11,34,908,27756,-64616
568,HON,2020-03-23,0 days 15:53:09.269170,326153,105.3,105.13,934,327,-64516,27756
569,HON,2020-03-23,0 days 15:53:12.276430,298397,105.07,104.97,634,200,27756,-64316
570,HON,2020-03-23,0 days 15:53:29.317386,298397,105.07,104.95,644,402,27756,-64116
571,HON,2020-03-23,0 days 15:53:31.321990,326153,104.94,104.87,104,23,-63916,27756
572,HON,2020-03-23,0 days 15:53:32.324504,298197,104.95,104.87,844,23,27956,-63916
573,HON,2020-03-23,0 days 15:54:23.446558,326153,105.25,105.15,200,300,-64716,27756
574,HON,2020-03-23,0 days 15:54:44.496837,298397,105.39,105.34,86,300,26256,-65016
575,HON,2020-03-23,0 days 15:54:47.503861,324653,105.4,105.32,458,300,-66716,26256
576,HON,2020-03-23,0 days 15:55:42.636254,298397,105.46,105.31,200,300,27756,-64816
577,HON,2020-03-23,0 days 15:55:49.652551,324653,105.44,105.34,300,700,-66516,27756
578,HON,2020-03-23,0 days 15:56:09.701345,298397,105.65,105.6,133,100,26256,-67616
579,HON,2020-03-23,0 days 15:56:10.702866,324653,105.61,105.57,300,24,-67216,26256
580,HON,2020-03-23,0 days 15:56:45.787084,298397,105.34,105.19,331,951,27756,-64916
581,HON,2020-03-23,0 days 15:57:01.825253,298397,105.42,105.29,1566,732,27756,-66516
582,HON,2020-03-23,0 days 15:57:20.870681,298397,105.12,105.1,300,200,27756,-64416
583,HON,2020-03-23,0 days 15:57:21.873008,326153,105.11,105.06,1114,415,-64416,27756
584,HON,2020-03-23,0 days 15:57:25.882856,326153,105.04,104.83,1622,281,-64116,27756
585,HON,2020-03-23,0 days 15:57:30.894608,297797,104.45,104.03,100,100,36464,-61816
586,HON,2020-03-23,0 days 15:57:41.920385,334190,104.22,104.11,726,653,-53679,36193
587,HON,2020-03-23,0 days 15:58:05.977517,297997,104.58,104.3,2263,300,36093,-54079
588,HON,2020-03-23,0 days 15:58:06.979648,334090,104.57,104.33,204,600,-54579,36093
589,HON,2020-03-23,0 days 15:58:09.987063,298197,104.57,104.45,1105,400,35893,-54579
590,HON,2020-03-23,0 days 15:58:10.989120,334090,104.56,104.45,300,301,-54679,35893
591,HON,2020-03-23,0 days 15:58:21.013680,297997,104.4,104.36,100,300,36093,-54479
592,HON,2020-03-23,0 days 15:58:22.015584,334090,104.4,104.36,200,500,-54479,36093
593,HON,2020-03-23,0 days 15:58:31.037926,334090,104.49,104.34,711,100,-54679,36093
594,HON,2020-03-23,0 days 15:58:36.049037,298197,104.49,104.38,1458,400,35893,-54479
595,HON,2020-03-23,0 days 15:58:43.066525,334090,104.45,104.42,58,12,-54579,35893
596,HON,2020-03-23,0 days 15:59:03.115274,298197,104.83,104.68,1069,300,29256,-64116
597,HON,2020-03-23,0 days 15:59:04.116929,328459,104.66,104.54,675,500,-60710,29256
598,HON,2020-03-23,0 days 15:59:11.134167,334090,104.38,104.37,10,200,-54479,35893
599,HON,2020-03-23,0 days 15:59:12.136350,298197,104.39,104.38,4,100,35893,-54479
600,HON,2020-03-23,0 days 15:59:23.161235,334090,104.5,104.42,100,300,-54679,35893
601,HON,2020-03-23,0 days 15:59:36.194731,334090,104.38,104.35,186,756,-54179,36093
602,HON,2020-03-23,0 days 15:59:41.205967,297997,104.35,104.1,972,1299,36193,-53679
603,HON,2020-03-23,0 days 15:59:42.208419,334090,104.35,104.1,1083,1104,-53879,36193
604,HON,2020-03-23,0 days 15:59:44.212937,297997,104.34,104.13,758,700,36193,-53879
605,HON,2020-03-23,0 days 15:59:45.214544,334190,104.2,104.11,100,500,-53579,36193
606,HON,2020-03-23,0 days 15:59:58.245887,297597,103.83,103.82,1798,1169,38064,-52908
607,HR,2020-03-23,0 days 15:55:33.505592,80170,25.02,24.96,20,1149,-698,29003
608,HR,2020-03-23,0 days 15:55:54.556464,77959,25.13,25.06,29,1388,-3209,26792
609,HR,2020-03-23,0 days 15:56:21.620822,51167,25.17,25.15,700,100,26292,-4009
610,HR,2020-03-23,0 days 15:56:24.628458,77659,25.13,25.07,500,887,-3609,26292
611,HR,2020-03-23,0 days 15:56:27.635344,51167,25.12,25.07,533,400,26792,-3609
612,HR,2020-03-23,0 days 15:56:28.637510,77959,25.11,25.03,1300,27,-3109,26792
613,HR,2020-03-23,0 days 15:56:49.688298,80170,24.96,24.93,303,200,-598,29003
614,HR,2020-03-23,0 days 15:57:02.719338,77959,25.09,25.04,18,506,-3109,29003
615,HR,2020-03-23,0 days 15:58:04.864485,77959,25.11,25.08,200,104,-3209,26792
616,HR,2020-03-23,0 days 15:58:13.885310,51167,25.11,25.08,392,100,26792,-3209
617,HR,2020-03-23,0 days 15:58:18.897181,77959,25.1,25.06,600,200,-3209,26792
618,HR,2020-03-23,0 days 15:58:31.928417,51167,25.12,25.09,502,397,26792,-3609
619,HR,2020-03-23,0 days 15:58:35.937465,77959,25.11,25.09,23,57,-3209,26792
620,HR,2020-03-23,0 days 15:58:50.974566,51167,25.07,25.03,516,149,26792,-3009
621,HR,2020-03-23,0 days 15:58:51.976101,77959,25.06,25.01,1386,301,-3009,26792
622,HR,2020-03-23,0 days 15:59:03.002819,51167,25.06,25.02,315,600,26792,-3009
623,HR,2020-03-23,0 days 15:59:04.005335,77959,25.06,25.03,15,300,-3109,26792
624,HR,2020-03-23,0 days 15:59:47.110776,51167,24.91,24.85,609,300,31307,-498
625,HRL,2020-03-23,0 days 15:59:58.243340,473860,42.34,42.23,2324,2402,6349,-8539
626,HRL,2020-03-23,0 days 16:00:00.245764,469930,42.33,42.29,2100,2662,-4131,6349
627,HST,2020-03-23,0 days 15:50:49.894745,580536,10.72,10.71,304,3795,-138803,759500
628,HST,2020-03-23,0 days 15:50:58.917351,719239,10.7,10.69,2089,634,759500,-138803
629,HST,2020-03-23,0 days 15:51:16.959435,573305,10.73,10.72,2321,238,-148834,759500
630,HUN,2020-03-23,0 days 15:55:59.674249,62238,13.02,12.99,400,1000,-15190,78669
631,HUN,2020-03-23,0 days 15:56:00.677270,85469,12.97,12.95,314,804,76769,-15190
632,IMAX,2020-03-23,0 days 15:50:50.070996,16871,10.85,10.83,401,201,9776,-4663
633,IMAX,2020-03-23,0 days 15:52:22.290574,27967,10.92,10.9,10,8,-5163,9776
634,IMAX,2020-03-23,0 days 15:52:36.324578,27967,10.93,10.9,1080,64,-5063,9776
635,IMAX,2020-03-23,0 days 15:54:35.610714,16871,10.87,10.85,1274,100,9776,-4663
636,IMAX,2020-03-23,0 days 15:54:36.612491,27967,10.87,10.85,1274,21,-4763,9776
637,IMAX,2020-03-23,0 days 15:56:43.917000,27967,10.86,10.84,2062,6,-4663,9776
638,IMAX,2020-03-23,0 days 15:59:01.234463,27967,10.88,10.87,510,20,-4863,9776
639,IMAX,2020-03-23,0 days 15:59:52.353468,27967,10.79,10.74,1340,1100,-4563,9776
640,IMAX,2020-03-23,0 days 16:00:00.368280,16871,10.77,10.75,7135,24815,9776,-4563
641,IP,2020-03-23,0 days 15:59:54.211634,473191,26.49,26.46,1351,955,1459,-74323
642,IP,2020-03-23,0 days 15:59:55.212858,461990,26.56,26.46,508,1143,-76136,1459
643,IP,2020-03-23,0 days 15:59:56.222994,473191,26.54,26.46,200,707,1484,-76136
644,IP,2020-03-23,0 days 16:00:00.224208,470722,26.48,26.46,65685,23602,-67391,3384
645,IQV,2020-03-23,0 days 15:51:16.999930,161004,84.02,83.85,10,100,-32642,41470
646,IQV,2020-03-23,0 days 15:58:25.010131,193646,84.01,83.91,141,200,40869,-32642
647,IQV,2020-03-23,0 days 15:58:28.018160,161004,84.06,83.95,50,200,-32642,40869
648,IQV,2020-03-23,0 days 15:59:02.098623,192946,83.75,83.71,228,95,41571,-32842
649,IQV,2020-03-23,0 days 15:59:46.203543,161004,84.07,83.95,100,622,-32742,40869
650,IRM,2020-03-23,0 days 15:50:06.791370,262222,22.29,22.28,500,840,-1758,34619
651,IRM,2020-03-23,0 days 15:50:08.797276,227603,22.3,22.26,603,400,34619,-1758
652,IRM,2020-03-23,0 days 15:50:18.819613,262222,22.3,22.27,108,700,-1758,34619
653,IRM,2020-03-23,0 days 15:50:26.839195,262222,22.35,22.32,84,600,-1758,34619
654,IRM,2020-03-23,0 days 15:50:30.848880,227603,22.37,22.35,300,604,34619,-1758
655,IRM,2020-03-23,0 days 15:51:28.986834,262222,22.43,22.42,800,300,-1758,34619
656,IRM,2020-03-23,0 days 15:52:02.066916,262222,22.47,22.46,104,2,-1758,34619
657,IRM,2020-03-23,0 days 15:54:23.405204,262222,22.48,22.46,100,1720,-1758,34619
658,IRM,2020-03-23,0 days 15:54:27.415547,227603,22.49,22.48,3868,550,34619,-1758
659,IRM,2020-03-23,0 days 15:54:36.435623,262222,22.5,22.48,41,1020,-1858,34619
660,IRM,2020-03-23,0 days 15:54:40.447778,227603,22.54,22.53,569,719,34619,-1858
661,IRM,2020-03-23,0 days 15:54:41.448341,262222,22.53,22.5,669,1348,-1858,34619
662,IRM,2020-03-23,0 days 15:54:51.472565,227603,22.53,22.52,1413,750,34619,-1858
663,IRM,2020-03-23,0 days 15:54:52.474877,262222,22.52,22.5,691,2032,-1858,34619
664,IRM,2020-03-23,0 days 15:55:17.537894,227603,22.43,22.41,300,840,34619,-1758
665,IRM,2020-03-23,0 days 15:55:24.559163,262222,22.4,22.37,600,200,-1758,34619
666,IRM,2020-03-23,0 days 15:56:54.770514,227603,22.47,22.45,400,300,34619,-1758
667,IRM,2020-03-23,0 days 15:57:02.789811,262222,22.53,22.5,235,586,-1858,34619
668,IRM,2020-03-23,0 days 15:57:28.851721,262222,22.45,22.44,666,66,-1758,34619
669,IRM,2020-03-23,0 days 15:57:40.872275,262222,22.47,22.45,800,1029,-1758,34619
670,IRM,2020-03-23,0 days 15:59:18.102670,262222,22.54,22.52,607,300,-1958,34619
671,IRM,2020-03-23,0 days 15:59:21.109538,262222,22.49,22.46,234,697,-1758,34619
672,IRM,2020-03-23,0 days 15:59:24.116936,227603,22.48,22.46,1211,3527,34619,-1758
673,J,2020-03-23,0 days 15:51:01.853358,70960,62.93,62.83,81,104,3443,-15356
674,J,2020-03-23,0 days 15:51:06.865689,74403,62.89,62.68,81,100,-15356,3443
675,J,2020-03-23,0 days 15:52:07.010664,73851,63.25,63.11,300,614,-15908,2891
676,J,2020-03-23,0 days 15:53:27.202114,70960,63.03,63.0,400,244,3443,-15908
677,J,2020-03-23,0 days 15:53:29.211524,74403,63.02,63.0,100,244,-15356,3443
678,J,2020-03-23,0 days 15:53:50.257764,70960,63.25,63.2,300,225,2891,-15908
679,J,2020-03-23,0 days 15:53:52.262861,73851,63.25,63.21,100,101,-15908,2891
680,J,2020-03-23,0 days 15:54:16.319716,70960,63.26,63.16,100,104,2891,-15908
681,J,2020-03-23,0 days 15:54:35.365860,73851,63.31,63.2,100,100,-15908,2891
682,J,2020-03-23,0 days 15:54:41.379550,70960,63.42,63.28,100,100,2691,-15908
683,J,2020-03-23,0 days 15:54:45.389105,73651,63.5,63.3,5,100,-16108,2691
684,J,2020-03-23,0 days 15:54:53.408496,73651,63.45,63.28,1,16,-16108,2691
685,J,2020-03-23,0 days 15:55:26.489518,73851,63.26,63.1,10,400,-15908,2891
686,J,2020-03-23,0 days 15:56:09.604141,73651,63.36,63.25,304,224,-16108,2891
687,J,2020-03-23,0 days 15:57:27.779717,70960,63.15,63.02,14,200,2891,-15908
688,J,2020-03-23,0 days 15:57:29.783674,73851,63.15,63.03,14,331,-15908,2891
689,J,2020-03-23,0 days 15:57:36.798877,73851,63.09,63.03,180,525,-15908,2891
690,J,2020-03-23,0 days 15:58:58.993985,70960,63.05,63.0,44,100,3443,-15356
691,J,2020-03-23,0 days 15:59:22.049424,70960,63.01,63.0,681,280,3443,-15356
692,JCI,2020-03-23,0 days 15:55:26.596844,551717,23.59,23.58,100,300,578,-222
693,JCI,2020-03-23,0 days 15:55:38.626260,552295,23.63,23.62,400,300,-222,578
694,JCI,2020-03-23,0 days 15:59:47.218757,551717,23.6,23.59,800,100,578,-1022
695,JHG,2020-03-23,0 days 15:52:32.069109,56300,12.11,12.1,316,421,19324,-10727
696,JHG,2020-03-23,0 days 15:53:30.209013,75624,12.03,12.01,500,1263,-10527,19324
697,JHG,2020-03-23,0 days 15:54:41.379349,56300,12.12,12.1,58,611,19324,-10627
698,JHG,2020-03-23,0 days 15:54:43.384064,75624,12.13,12.1,100,4191,-10727,19324
699,JHG,2020-03-23,0 days 15:55:51.548542,75624,12.04,12.02,301,3312,-10527,19324
700,JHG,2020-03-23,0 days 15:57:18.757521,56300,12.11,12.1,200,441,19324,-10627
701,JHG,2020-03-23,0 days 15:57:48.826062,56300,12.05,12.04,989,200,19324,-10527
702,JHG,2020-03-23,0 days 15:58:59.994745,56300,12.1,12.08,1107,268,19324,-10627
703,JHG,2020-03-23,0 days 15:59:36.083531,75624,12.09,12.07,1095,1559,-10527,19324
704,JHG,2020-03-23,0 days 15:59:52.123208,56300,12.06,12.03,1042,252,19324,-10527
705,JHG,2020-03-23,0 days 15:59:53.127236,75624,12.04,12.0,477,280,-10527,19324
706,JNJ,2020-03-23,0 days 15:58:35.937465,1895577,112.71,112.63,1806,5000,-11427,2172
707,JNJ,2020-03-23,0 days 15:58:43.956648,1895904,112.67,112.64,2,519,734,-11427
708,JNJ,2020-03-23,0 days 15:58:44.959104,1895577,112.71,112.64,299,1219,-11427,734
709,JPM,2020-03-23,0 days 15:59:56.362861,2521299,79.09,78.93,500,2278,12809,-49505
710,JWN,2020-03-23,0 days 15:50:07.842071,73545,15.4,15.39,451,720,30187,-21883
711,JWN,2020-03-23,0 days 15:50:18.868028,101232,15.5,15.44,200,500,-27479,28087
712,JWN,2020-03-23,0 days 15:50:50.946246,73545,15.46,15.44,616,200,28087,-26183
713,JWN,2020-03-23,0 days 15:51:30.039166,96759,15.54,15.52,300,20,-31952,23214
714,JWN,2020-03-23,0 days 15:52:00.111132,96759,15.67,15.65,862,1402,-31952,23214
715,JWN,2020-03-23,0 days 15:52:09.132067,73545,15.66,15.65,307,589,23214,-31952
716,JWN,2020-03-23,0 days 15:54:41.497154,95553,15.84,15.81,400,54,-33158,22008
717,JWN,2020-03-23,0 days 15:54:47.511727,73545,15.88,15.85,500,796,22008,-33258
718,JWN,2020-03-23,0 days 15:54:48.513846,95553,15.88,15.85,600,696,-33458,22008
719,JWN,2020-03-23,0 days 15:55:17.585407,95553,15.96,15.93,603,896,-34558,22008
720,JWN,2020-03-23,0 days 15:57:40.928408,73545,15.77,15.75,1119,408,23208,-31958
721,JWN,2020-03-23,0 days 15:58:14.007273,73545,15.68,15.67,300,400,23214,-30452
722,JWN,2020-03-23,0 days 15:59:58.254393,73545,15.61,15.6,5070,269,23214,-30452
723,K,2020-03-23,0 days 15:59:51.351346,264489,53.83,53.78,100,400,-1344,3514
724,K,2020-03-23,0 days 15:59:52.353530,252055,53.75,53.58,763,300,12842,-1344
725,KBH,2020-03-23,0 days 15:50:10.801654,77071,11.27,11.23,300,300,15771,-25938
726,KBH,2020-03-23,0 days 15:50:15.815419,92842,11.23,11.2,200,500,-25938,15771
727,KBH,2020-03-23,0 days 15:50:18.819613,77071,11.23,11.22,329,200,15771,-25938
728,KBH,2020-03-23,0 days 15:50:20.825362,92842,11.23,11.22,329,200,-25938,15771
729,KBH,2020-03-23,0 days 15:50:21.831338,77071,11.27,11.24,281,300,15771,-25938
730,KBH,2020-03-23,0 days 15:50:27.841580,92163,11.27,11.25,100,600,-32017,15771
731,KBH,2020-03-23,0 days 15:50:31.851137,77071,11.26,11.25,9,700,15771,-25938
732,KBH,2020-03-23,0 days 15:51:11.948533,92842,11.27,11.22,587,300,-25938,15771
733,KBH,2020-03-23,0 days 15:51:51.040605,92842,11.27,11.24,600,505,-25938,15771
734,KBH,2020-03-23,0 days 15:52:04.072155,77071,11.25,11.24,245,400,15771,-25938
735,KBH,2020-03-23,0 days 15:52:14.095552,92842,11.25,11.23,635,400,-25938,15771
736,KBH,2020-03-23,0 days 15:52:28.128965,77071,11.26,11.25,201,300,15771,-25938
737,KBH,2020-03-23,0 days 15:52:50.184073,77071,11.29,11.28,300,100,15092,-25938
738,KBH,2020-03-23,0 days 15:54:20.398334,89175,11.38,11.34,616,619,-40405,15092
739,KBH,2020-03-23,0 days 15:54:54.480366,77071,11.41,11.39,500,759,12104,-40405
740,KBH,2020-03-23,0 days 15:55:35.580892,77071,11.32,11.31,310,395,15092,-32017
741,KBH,2020-03-23,0 days 15:56:51.763333,77071,11.42,11.41,212,200,12104,-40405
742,KBH,2020-03-23,0 days 15:58:06.932628,89175,11.44,11.42,300,800,-40405,12104
743,KBH,2020-03-23,0 days 15:58:19.963297,86975,11.46,11.44,100,300,-42605,12104
744,KBH,2020-03-23,0 days 15:59:15.095888,86975,11.46,11.44,200,1000,-42605,12104
745,KBH,2020-03-23,0 days 15:59:20.107459,89175,11.43,11.4,135,300,-40405,12104
746,KBH,2020-03-23,0 days 15:59:45.165331,89175,11.44,11.42,1540,100,-40405,12104
747,KBH,2020-03-23,0 days 15:59:54.187407,77071,11.36,11.34,1200,900,15092,-40405
748,KMB,2020-03-23,0 days 15:59:55.161430,427673,112.36,112.0,604,1362,5400,-9349
749,KMX,2020-03-23,0 days 15:51:36.437337,106084,47.9,47.83,178,262,-201,284
750,KMX,2020-03-23,0 days 15:51:38.441088,106188,47.88,47.79,200,200,284,-201
751,KMX,2020-03-23,0 days 15:51:46.459828,106084,47.97,47.82,200,468,-201,284
752,KMX,2020-03-23,0 days 15:59:54.629271,106288,48.0,47.76,200,200,184,-201
753,KMX,2020-03-23,0 days 15:59:55.631509,106084,48.0,47.76,200,200,-101,184
754,KMX,2020-03-23,0 days 15:59:57.636969,106088,47.84,47.73,200,1000,384,-101
755,KR,2020-03-23,0 days 15:59:35.178652,613601,31.21,31.2,1546,1240,-186,206
756,KR,2020-03-23,0 days 15:59:50.213638,613587,31.17,31.16,300,200,14,-286
757,KR,2020-03-23,0 days 15:59:51.214216,617103,31.18,31.15,937,100,-13560,14
758,LEN,2020-03-23,0 days 15:50:07.223922,203348,28.72,28.68,700,800,46500,-2053
759,LEN,2020-03-23,0 days 15:50:09.229447,249848,28.76,28.69,100,1467,-2053,46500
760,LEN,2020-03-23,0 days 15:50:19.251710,203348,28.72,28.67,492,200,46500,-2053
761,LEN,2020-03-23,0 days 15:50:26.270704,203348,28.79,28.75,173,300,46500,-2053
762,LEN,2020-03-23,0 days 15:50:30.278363,249848,28.78,28.75,673,634,-2053,46500
763,LEN,2020-03-23,0 days 15:50:41.304391,249848,28.85,28.79,400,100,-2353,46500
764,LEN,2020-03-23,0 days 15:50:50.325904,203348,28.84,28.76,53,393,46500,-2353
765,LEN,2020-03-23,0 days 15:50:55.337659,249848,28.84,28.79,400,1,-2353,46500
766,LEN,2020-03-23,0 days 15:50:59.347730,249848,28.82,28.77,600,182,-2353,46500
767,LEN,2020-03-23,0 days 15:51:23.405348,249848,28.86,28.83,101,300,-2353,46500
768,LEN,2020-03-23,0 days 15:52:04.502777,203348,28.95,28.93,21,100,44971,-3982
769,LEN,2020-03-23,0 days 15:52:11.519950,248319,28.96,28.94,309,90,-4182,44971
770,LEN,2020-03-23,0 days 15:52:36.580658,248319,28.94,28.92,236,1,-4182,44971
771,LEN,2020-03-23,0 days 15:52:45.601577,204348,29.02,29.0,10,907,43971,-6182
772,LEN,2020-03-23,0 days 15:52:47.606121,248319,29.0,28.96,200,520,-6182,43971
773,LEN,2020-03-23,0 days 15:52:52.618468,204348,29.06,29.02,489,400,43971,-6282
774,LEN,2020-03-23,0 days 15:52:54.622653,248319,29.09,29.04,400,300,-6282,43971
775,LEN,2020-03-23,0 days 15:53:13.669053,204348,29.07,29.05,104,200,43971,-6282
776,LEN,2020-03-23,0 days 15:53:18.680727,204348,29.18,29.13,500,400,43971,-6282
777,LEN,2020-03-23,0 days 15:53:44.742045,204348,29.64,29.58,19,400,33875,-16478
778,LEN,2020-03-23,0 days 15:54:00.780545,227743,29.85,29.8,20,669,-27358,22995
779,LEN,2020-03-23,0 days 15:54:02.785521,204748,29.88,29.84,147,839,22995,-27358
780,LEN,2020-03-23,0 days 15:54:05.792255,227743,29.76,29.71,400,8,-27358,22995
781,LEN,2020-03-23,0 days 15:54:17.821686,204448,29.7,29.68,600,100,23295,-27358
782,LEN,2020-03-23,0 days 15:55:13.955997,204748,30.09,30.05,76,7,16098,-34255
783,LEN,2020-03-23,0 days 15:55:14.958074,220846,30.05,30.0,347,200,-34255,16098
784,LEN,2020-03-23,0 days 15:56:25.125540,204748,30.22,30.14,900,301,16098,-34255
785,LEN,2020-03-23,0 days 15:56:27.132088,220846,30.18,30.14,197,501,-34255,16098
786,LEN,2020-03-23,0 days 15:56:30.137883,204748,30.21,30.14,360,168,16098,-34255
787,LEN,2020-03-23,0 days 15:56:31.139783,220846,30.14,30.12,400,600,-34255,16098
788,LEN,2020-03-23,0 days 15:56:59.206995,220846,30.16,30.07,1053,300,-34255,16098
789,LEN,2020-03-23,0 days 15:57:09.230664,204748,30.14,30.03,311,322,16098,-34255
790,LEN,2020-03-23,0 days 15:57:13.240562,227743,29.96,29.85,824,1,-27358,16098
791,LEN,2020-03-23,0 days 15:57:40.305261,204748,30.29,30.25,300,178,16098,-27358
792,LEN,2020-03-23,0 days 15:58:14.386455,204748,29.82,29.75,447,736,22995,-27358
793,LEN,2020-03-23,0 days 15:58:37.441146,227743,29.89,29.86,700,28,-27358,22995
794,LEN,2020-03-23,0 days 15:59:10.521336,238127,29.67,29.65,150,869,-16674,33679
795,LEN,2020-03-23,0 days 15:59:11.523871,204448,29.67,29.66,72,2011,33679,-16674
796,LEN,2020-03-23,0 days 15:59:15.533135,227743,29.71,29.69,1316,269,-27058,33679
797,LEN,2020-03-23,0 days 15:59:23.552614,227743,29.76,29.74,1201,322,-27358,22995
798,LEN,2020-03-23,0 days 15:59:40.595137,227743,29.69,29.66,800,431,-27058,22995
799,LEN,2020-03-23,0 days 15:59:48.613080,238223,29.61,29.6,338,200,-16478,33875
800,LEN,2020-03-23,0 days 15:59:49.616047,204348,29.62,29.61,400,200,33875,-16478
801,LEN,2020-03-23,0 days 15:59:50.620028,238223,29.58,29.57,81,363,-16478,33875
802,LEN,2020-03-23,0 days 15:59:54.629110,204348,29.42,29.4,395,1595,36681,-16478
803,LEN,2020-03-23,0 days 15:59:57.636778,204348,29.34,29.33,1100,1500,36781,-13672
804,LIN,2020-03-23,0 days 15:51:16.131943,251918,150.04,149.87,10,664,-39954,80046
805,LIN,2020-03-23,0 days 15:51:25.153557,291872,150.13,149.95,2,661,80046,-39954
806,LIN,2020-03-23,0 days 15:53:06.396323,291872,150.07,149.81,308,100,80046,-40654
807,LIN,2020-03-23,0 days 15:54:40.623401,251918,150.41,150.17,300,79,-40669,79931
808,LIN,2020-03-23,0 days 15:55:30.743482,291887,150.03,149.75,47,107,80343,-40769
809,LIN,2020-03-23,0 days 15:55:58.811026,251918,150.31,150.03,31,300,-41201,79599
810,LIN,2020-03-23,0 days 15:56:28.880056,292224,149.98,149.8,3,5,79694,-40406
811,LIN,2020-03-23,0 days 15:58:32.165221,251918,150.11,149.67,400,404,-59969,70139
812,LIN,2020-03-23,0 days 15:59:56.362915,300586,149.27,149.05,5,500,71877,-60131
813,LIN,2020-03-23,0 days 15:59:57.365834,252418,150.02,149.57,1520,1100,-58383,71877
814,LUV,2020-03-23,0 days 16:00:00.250946,355106,33.73,33.72,12000,34574,1762,-7864
815,LVS,2020-03-23,0 days 15:59:55.248938,270858,43.45,43.25,24,7300,16226,-301
816,LVS,2020-03-23,0 days 15:59:56.252038,270557,43.49,43.33,100,23,-301,16226
817,LVS,2020-03-23,0 days 15:59:57.252514,270858,43.49,43.33,200,23,19126,-301
818,LVS,2020-03-23,0 days 16:00:00.259005,262857,43.46,43.45,200,4201,-8001,17126
819,LYB,2020-03-23,0 days 16:00:00.259475,293822,40.49,40.48,100,19052,1216,-9462
820,MAXR,2020-03-23,0 days 15:50:09.229603,33038,8.11,8.09,58,500,-6437,14648
821,MAXR,2020-03-23,0 days 15:51:04.362777,33038,8.11,8.09,1110,501,-6437,14648
822,MAXR,2020-03-23,0 days 15:52:03.500659,18490,8.16,8.15,1600,12,14548,-9447
823,MAXR,2020-03-23,0 days 15:53:31.711573,32777,8.18,8.17,1500,95,-10163,14287
824,MAXR,2020-03-23,0 days 15:54:00.780609,18490,8.18,8.17,1706,300,14287,-10163
825,MAXR,2020-03-23,0 days 15:54:22.833472,32777,8.22,8.2,301,700,-10880,14287
826,MAXR,2020-03-23,0 days 15:54:29.850267,18490,8.23,8.22,592,137,14287,-10880
827,MAXR,2020-03-23,0 days 15:54:30.853007,32777,8.23,8.22,300,37,-10880,14287
828,MAXR,2020-03-23,0 days 15:56:14.099363,32777,8.23,8.21,153,367,-10880,14287
829,MAXR,2020-03-23,0 days 15:56:41.164171,32777,8.22,8.2,4900,501,-10880,14287
830,MAXR,2020-03-23,0 days 15:57:43.312254,32777,8.24,8.22,100,2071,-10880,14287
831,MCK,2020-03-23,0 days 15:51:47.079502,157648,115.91,115.75,400,351,-3101,827
832,MDT,2020-03-23,0 days 15:57:36.884836,1277813,73.31,73.25,325,375,6549,-4976
833,MDT,2020-03-23,0 days 15:57:37.886942,1274343,73.36,73.25,510,1075,-3970,6549
834,MDT,2020-03-23,0 days 15:57:54.926895,1277813,73.37,73.34,200,100,230,-170
835,MDT,2020-03-23,0 days 15:57:55.929701,1275543,73.38,73.34,200,100,-2870,230
836,MDT,2020-03-23,0 days 15:57:59.939343,1277813,73.35,73.28,429,42,330,-170
837,MDT,2020-03-23,0 days 15:58:00.947500,1278043,73.35,73.34,144,290,-170,330
838,MDT,2020-03-23,0 days 15:58:03.949854,1277813,73.33,73.29,6,300,330,-170
839,MDT,2020-03-23,0 days 15:58:05.954233,1278043,73.37,73.3,200,200,-270,1224
840,MDT,2020-03-23,0 days 15:58:21.989348,1278413,73.42,73.35,298,2100,2240,-4495
841,MDT,2020-03-23,0 days 15:58:23.994331,1277428,73.42,73.39,400,785,-1285,2240
842,MDT,2020-03-23,0 days 15:59:01.084252,1277813,73.35,73.32,4,492,5550,-1075
843,MIC,2020-03-23,0 days 15:50:32.896998,42500,16.14,16.13,96,16,-3577,6740
844,MIC,2020-03-23,0 days 15:54:30.463268,42346,16.39,16.35,583,400,-4431,2979
845,MIC,2020-03-23,0 days 15:57:06.837586,36760,16.44,16.42,606,200,2879,-7238
846,MIC,2020-03-23,0 days 15:57:08.841908,39639,16.45,16.42,400,505,-7338,2879
847,MIC,2020-03-23,0 days 15:57:37.910728,36460,16.38,16.35,1111,600,5886,-4431
848,MIC,2020-03-23,0 days 15:57:51.944611,42346,16.38,16.36,1188,300,-4431,5886
849,MIC,2020-03-23,0 days 15:58:06.979648,36660,16.42,16.4,200,300,2979,-7238
850,MIC,2020-03-23,0 days 15:58:08.985913,39639,16.42,16.4,100,2342,-7238,2979
851,MMC,2020-03-23,0 days 16:00:00.641030,358823,76.7,76.69,8700,20718,3931,-3912
852,MMM,2020-03-23,0 days 15:57:16.861211,284877,119.07,118.97,5,200,76071,-195
853,MMM,2020-03-23,0 days 15:57:34.905295,287977,118.86,118.8,500,210,72971,-9295
854,MMM,2020-03-23,0 days 15:57:35.906066,361131,118.81,118.75,500,43,-5312,72971
855,MMM,2020-03-23,0 days 15:57:59.963171,288977,118.97,118.83,1040,584,71971,-9295
856,MMM,2020-03-23,0 days 15:58:02.970832,360948,118.88,118.83,600,200,-10895,71971
857,MMM,2020-03-23,0 days 15:58:09.987023,294677,119.06,118.97,200,200,66271,-17295
858,MMM,2020-03-23,0 days 15:58:11.992358,360672,119.06,118.98,264,200,-20680,66271
859,MMM,2020-03-23,0 days 15:58:12.994067,294677,119.04,118.97,300,286,66271,-20680
860,MMM,2020-03-23,0 days 15:58:13.996886,360948,119.04,118.93,765,306,-17295,66271
861,MMM,2020-03-23,0 days 15:58:27.027189,294177,118.98,118.93,300,547,66771,-14895
862,MMM,2020-03-23,0 days 15:58:28.030075,360948,118.97,118.87,101,200,-17595,66771
863,MMM,2020-03-23,0 days 15:58:35.047806,294077,118.98,118.92,558,310,66871,-17595
864,MMM,2020-03-23,0 days 15:58:38.054517,360948,118.93,118.87,1053,294,-11695,66871
865,MMM,2020-03-23,0 days 15:58:50.085715,360948,118.93,118.89,32,228,-14895,66671
866,MMM,2020-03-23,0 days 15:58:55.095099,294077,118.97,118.91,3261,210,66871,-14595
867,MMM,2020-03-23,0 days 15:59:09.128938,294977,118.5,118.41,233,300,66695,-8975
868,MMM,2020-03-23,0 days 15:59:10.131266,361672,118.54,118.46,202,671,-8975,66695
869,MMM,2020-03-23,0 days 15:59:12.135827,295177,118.53,118.46,220,371,66495,-8975
870,MMM,2020-03-23,0 days 15:59:13.137905,361131,118.61,118.49,600,671,-11112,66495
871,MMM,2020-03-23,0 days 15:59:14.140572,295377,118.63,118.53,500,271,66295,-11112
872,MMM,2020-03-23,0 days 15:59:15.143040,361131,118.58,118.5,100,300,-13478,66295
873,MMM,2020-03-23,0 days 15:59:26.170703,298243,118.62,118.58,500,400,62888,-13478
874,MMM,2020-03-23,0 days 15:59:28.173644,361131,118.61,118.53,618,802,-11178,62988
875,MMM,2020-03-23,0 days 15:59:32.184600,295505,118.6,118.53,147,800,66167,-13640
876,MMM,2020-03-23,0 days 15:59:33.186589,361131,118.6,118.53,201,902,-13740,66167
877,MMM,2020-03-23,0 days 15:59:35.191285,295505,118.59,118.53,200,1240,66167,-9744
878,MMM,2020-03-23,0 days 15:59:40.204086,361131,118.58,118.53,304,1454,-9744,66167
879,MMM,2020-03-23,0 days 15:59:47.219856,295505,118.54,118.53,979,513,66167,-9744
880,MMM,2020-03-23,0 days 15:59:49.225471,361672,118.47,118.39,34,650,-8903,66167
881,MMM,2020-03-23,0 days 15:59:59.247867,293146,117.94,117.88,330,200,72543,-9204
882,MO,2020-03-23,0 days 16:00:00.259112,1256168,31.39,31.38,5933,36156,-207,7017
883,MPC,2020-03-23,0 days 15:50:10.849734,876540,16.62,16.61,100,1005,-874,13389
884,MPC,2020-03-23,0 days 15:50:11.851343,877114,16.61,16.59,600,1200,13389,-874
885,MPC,2020-03-23,0 days 15:55:08.562896,858443,16.75,16.72,900,1200,-20881,74048
886,MPC,2020-03-23,0 days 15:55:26.607090,784285,16.66,16.65,1044,300,92255,-1574
887,MPC,2020-03-23,0 days 15:55:53.671524,858443,16.76,16.75,1500,2,-20881,74048
888,MPC,2020-03-23,0 days 15:56:42.789438,858443,16.77,16.74,700,650,-27325,74043
889,MPC,2020-03-23,0 days 15:56:58.827702,858443,16.71,16.7,300,1,-25125,74043
890,MPC,2020-03-23,0 days 15:57:24.890467,786890,16.69,16.66,1769,303,80601,-17877
891,MPC,2020-03-23,0 days 15:57:48.947756,867491,16.67,16.65,301,1620,-17967,89650
892,MPC,2020-03-23,0 days 15:59:41.214007,858443,16.69,16.68,348,200,-35881,84594
893,MPC,2020-03-23,0 days 15:59:55.249240,890503,16.63,16.61,122,300,-1211,84594
894,MPLX,2020-03-23,0 days 15:50:49.943180,81667,11.16,11.13,970,100,-47870,3084
895,MPLX,2020-03-23,0 days 15:53:02.259790,78583,11.04,11.03,200,2400,3084,-47870
896,MPLX,2020-03-23,0 days 15:53:26.317873,78583,11.09,11.08,500,1107,3084,-47870
897,MPLX,2020-03-23,0 days 15:53:29.325569,81667,11.05,11.03,85,500,-47870,3084
898,MPLX,2020-03-23,0 days 15:54:01.401594,78583,11.01,11.0,300,600,3084,-47870
899,MPLX,2020-03-23,0 days 15:54:36.485256,78583,11.13,11.11,777,557,3084,-47870
900,MPLX,2020-03-23,0 days 15:54:47.511830,78583,11.16,11.14,25,610,3084,-47870
901,MPLX,2020-03-23,0 days 15:55:32.620844,78583,11.19,11.17,266,8270,3084,-47870
902,MPLX,2020-03-23,0 days 15:57:22.885758,81667,11.23,11.18,1275,2890,-47870,3084
903,MPLX,2020-03-23,0 days 15:57:33.911905,78583,11.21,11.18,1049,5141,3084,-47870
904,MPLX,2020-03-23,0 days 15:58:37.061979,81667,11.16,11.12,3579,2000,-47870,3084
905,MPLX,2020-03-23,0 days 15:58:40.070388,78583,11.13,11.12,600,3784,3084,-47870
906,MPLX,2020-03-23,0 days 15:58:47.085959,78583,11.14,11.12,622,3500,3084,-47870
907,MPLX,2020-03-23,0 days 15:58:48.088294,81667,11.14,11.12,612,3700,-47870,3084
908,MPLX,2020-03-23,0 days 15:58:53.100583,81667,11.21,11.18,700,4150,-47870,3084
909,MPLX,2020-03-23,0 days 15:59:04.136392,81667,11.17,11.15,900,600,-47870,3084
910,MPLX,2020-03-23,0 days 15:59:11.144097,78583,11.21,11.2,40,500,3084,-47870
911,MPLX,2020-03-23,0 days 15:59:21.168000,81267,11.28,11.25,800,1654,-48270,2684
912,MPLX,2020-03-23,0 days 15:59:43.218724,78583,11.21,11.2,1053,400,3084,-47870
913,MPLX,2020-03-23,0 days 15:59:45.223683,81667,11.22,11.2,1189,300,-47870,3084
914,MPLX,2020-03-23,0 days 15:59:53.242832,81667,11.18,11.15,800,1400,-47870,3084
915,MRK,2020-03-23,0 days 15:56:12.095046,1979165,67.11,67.08,300,200,467,-981
916,MRK,2020-03-23,0 days 15:56:29.136249,1977889,67.06,67.02,300,108,7611,-1005
917,MRK,2020-03-23,0 days 15:56:41.164201,1985500,67.05,67.0,411,600,-2797,7611
918,MRK,2020-03-23,0 days 15:56:46.176395,1985217,66.96,66.92,300,100,1089,-2797
919,MRK,2020-03-23,0 days 15:59:08.516847,1980498,66.69,66.66,402,486,20512,-3410
920,MRK,2020-03-23,0 days 15:59:16.535077,2000263,66.76,66.71,400,900,-9175,5052
921,MS,2020-03-23,0 days 15:50:10.976042,1292722,27.96,27.95,1074,600,-558,73039
922,MS,2020-03-23,0 days 15:50:13.986013,1289880,27.9,27.89,1000,2909,2842,-558
923,MS,2020-03-23,0 days 15:50:15.988140,1292722,27.94,27.93,300,2994,-558,3275
924,MS,2020-03-23,0 days 15:50:16.989717,1289880,27.93,27.92,2700,300,2842,-558
925,MS,2020-03-23,0 days 15:50:18.994351,1292722,27.95,27.94,1500,1200,-558,2842
926,MS,2020-03-23,0 days 15:55:13.702317,1289880,27.92,27.91,1200,900,2842,-558
927,MS,2020-03-23,0 days 15:55:41.770169,1292722,27.95,27.94,1200,100,-558,2842
928,MS,2020-03-23,0 days 15:56:28.879638,1289888,27.94,27.93,500,1500,2834,-1769
929,MS,2020-03-23,0 days 15:58:27.152416,1292722,27.96,27.95,1968,500,-566,2834
930,MS,2020-03-23,0 days 15:59:15.267414,1292722,27.94,27.93,2000,200,-3221,2834
931,MSI,2020-03-23,0 days 16:00:00.155294,167549,124.77,124.55,32172,13240,-7484,4670
932,NAT,2020-03-23,0 days 15:50:23.873333,36835,2.48,2.47,3600,1800,4243,-14257
933,NAT,2020-03-23,0 days 15:53:43.349469,36835,2.47,2.46,4000,683,4243,-12157
934,NCLH,2020-03-23,0 days 16:00:00.193442,477686,9.67,9.66,11446,74753,2857,-50643
935,NEM,2020-03-23,0 days 16:00:00.155110,996082,41.66,41.65,58770,150963,7917,-52327
936,NKE,2020-03-23,0 days 15:50:02.804847,970742,62.91,62.89,80,217,13669,-29023
937,NKE,2020-03-23,0 days 15:50:03.807062,984063,62.94,62.9,590,400,-29023,13669
938,NKE,2020-03-23,0 days 15:50:13.831882,969942,62.86,62.85,704,603,22005,-19839
939,NKE,2020-03-23,0 days 15:50:19.844915,984411,62.88,62.84,300,1100,-27775,22505
940,NKE,2020-03-23,0 days 15:50:25.860643,971642,62.96,62.94,5,300,8167,-29023
941,NKE,2020-03-23,0 days 15:50:32.876104,974671,63.1,63.01,1302,2200,-41515,2954
942,NKE,2020-03-23,0 days 15:50:46.911138,974342,63.07,63.05,300,100,329,-42015
943,NKE,2020-03-23,0 days 15:50:47.912094,974671,63.07,63.05,300,100,-41515,329
944,NKE,2020-03-23,0 days 15:58:17.980104,981042,62.95,62.92,1100,900,3021,-35757
945,NKE,2020-03-23,0 days 15:59:12.109363,991947,62.88,62.84,200,500,-19839,14857
946,NKE,2020-03-23,0 days 15:59:30.153588,980542,62.97,62.9,400,100,3521,-35757
947,NKE,2020-03-23,0 days 15:59:31.154904,978229,62.97,62.91,808,844,-35257,3521
948,NKE,2020-03-23,0 days 15:59:58.218360,977442,62.86,62.75,121,240,14857,-27775
949,NOW,2020-03-23,0 days 15:52:56.196615,132857,257.98,257.72,100,199,-71,1235
950,NOW,2020-03-23,0 days 15:52:57.199129,132863,257.97,257.49,200,200,1135,-71
951,NOW,2020-03-23,0 days 15:57:02.789842,132857,257.99,257.44,100,345,-71,1135
952,NOW,2020-03-23,0 days 15:57:11.811999,132763,257.98,257.68,242,100,1235,-71
953,NOW,2020-03-23,0 days 15:57:13.815286,132857,257.98,257.56,464,279,-71,1235
954,NOW,2020-03-23,0 days 15:57:26.847485,132763,257.92,257.44,122,100,1235,-71
955,NOW,2020-03-23,0 days 15:57:37.865945,132857,258.23,257.63,100,340,-171,1235
956,NOW,2020-03-23,0 days 15:57:54.904852,132928,257.97,257.3,201,200,1070,-71
957,NOW,2020-03-23,0 days 15:58:36.002698,132857,258.17,257.78,108,874,-171,1070
958,NOW,2020-03-23,0 days 15:58:39.008227,132863,258.17,257.64,300,100,1135,-171
959,NOW,2020-03-23,0 days 15:58:59.057812,132857,258.14,257.5,100,1722,-171,1235
960,NOW,2020-03-23,0 days 15:59:00.088049,132928,257.95,257.5,177,2054,1070,-171
961,NOW,2020-03-23,0 days 15:59:01.062426,132857,257.95,257.5,304,2236,-71,1070
962,NOW,2020-03-23,0 days 15:59:02.065511,132763,257.95,257.5,344,2645,1235,-71
963,NRG,2020-03-23,0 days 15:50:25.837523,194862,22.09,22.06,1486,209,-20738,22778
964,NRG,2020-03-23,0 days 15:50:32.853062,172084,22.11,22.1,404,800,22778,-20738
965,NRG,2020-03-23,0 days 15:51:07.939375,194762,22.23,22.19,1250,500,-24917,22478
966,NRG,2020-03-23,0 days 15:51:36.004758,172384,22.27,22.26,1087,700,22378,-25417
967,NRG,2020-03-23,0 days 15:52:14.095580,194762,22.17,22.15,400,200,-24617,22478
968,NRG,2020-03-23,0 days 15:52:16.100929,172184,22.17,22.15,1100,300,22578,-24617
969,NRG,2020-03-23,0 days 15:52:18.105231,194762,22.15,22.13,300,800,-24617,22578
970,NRG,2020-03-23,0 days 15:54:18.392733,172284,22.23,22.22,4,300,22478,-24917
971,NRG,2020-03-23,0 days 15:54:20.398366,194762,22.24,22.22,19,1200,-25217,22478
972,NRG,2020-03-23,0 days 15:54:34.431533,194762,22.29,22.26,570,300,-25617,22378
973,NRG,2020-03-23,0 days 15:54:38.441183,172384,22.3,22.29,182,501,22378,-25617
974,NRG,2020-03-23,0 days 15:55:02.499022,172384,22.3,22.28,1000,891,22378,-25817
975,NRG,2020-03-23,0 days 15:55:16.534425,172284,22.23,22.21,1868,700,22478,-25017
976,NRG,2020-03-23,0 days 15:55:24.559250,194762,22.22,22.2,300,420,-25017,22478
977,NRG,2020-03-23,0 days 15:57:24.843319,194762,22.31,22.29,400,900,-25817,22378
978,NRG,2020-03-23,0 days 15:57:38.867606,192779,22.33,22.3,1187,1213,-28000,22378
979,NRG,2020-03-23,0 days 15:57:40.872336,172384,22.32,22.3,836,900,22378,-28000
980,NRG,2020-03-23,0 days 15:59:11.086128,172384,22.32,22.31,902,300,20395,-28000
981,NRG,2020-03-23,0 days 15:59:54.187480,172184,22.16,22.15,223,188,22578,-24717
982,NRG,2020-03-23,0 days 15:59:55.186805,194762,22.14,22.09,400,281,-24517,22578
983,NUE,2020-03-23,0 days 15:50:26.887847,469257,28.76,28.74,10,650,-5485,1315
984,NUE,2020-03-23,0 days 15:55:42.643809,467079,28.78,28.75,1,700,-7663,1315
985,NUE,2020-03-23,0 days 15:55:56.676569,474742,28.77,28.71,301,448,1315,-5485
986,NUE,2020-03-23,0 days 15:56:15.724066,467079,28.76,28.73,196,800,-7663,1315
987,NUE,2020-03-23,0 days 15:56:36.772722,467079,28.76,28.73,201,500,-7663,3890
988,NUE,2020-03-23,0 days 15:57:05.843286,469257,28.75,28.72,200,1422,-5485,1315
989,ORCL,2020-03-23,0 days 15:59:07.514132,2431094,44.14,44.12,1000,124,30272,-7022
990,ORCL,2020-03-23,0 days 15:59:08.516847,2422482,44.2,44.19,900,400,-9008,30272
991,ORCL,2020-03-23,0 days 15:59:52.624308,2431094,44.19,44.15,986,1297,14924,-13667
992,ORCL,2020-03-23,0 days 15:59:57.636906,2367691,44.33,44.1,1908,79,-63799,85227
993,ORCL,2020-03-23,0 days 15:59:59.640491,2431490,44.19,44.08,1210,27700,27942,-54714
994,PEB,2020-03-23,0 days 15:51:08.369326,157965,8.53,8.52,2102,1,-4642,43476
995,PFE,2020-03-23,0 days 15:58:33.167216,4864047,28.7,28.68,1700,9824,-372,47397
996,PFE,2020-03-23,0 days 15:58:39.181174,4794719,28.66,28.65,1200,3724,80773,-372
997,PFE,2020-03-23,0 days 15:58:49.205262,4864047,28.7,28.69,5400,300,-372,57073
998,PFGC,2020-03-23,0 days 15:53:07.265222,79611,18.23,18.16,400,100,-20111,55089
999,PFGC,2020-03-23,0 days 15:53:45.355781,79611,18.2,18.17,1501,701,-20111,2767
1000,PFGC,2020-03-23,0 days 15:54:40.487803,76274,18.3,18.26,200,91,-23548,2667
1001,PGR,2020-03-23,0 days 16:00:00.233155,891347,66.59,66.52,3167,104500,9421,-10496
1002,PGRE,2020-03-23,0 days 15:59:51.621828,275336,6.79,6.78,1682,5384,-9245,4021
1003,PLD,2020-03-23,0 days 15:58:56.221604,753432,63.94,63.86,1,660,-2239,370
1004,PLD,2020-03-23,0 days 15:58:59.229539,743162,63.86,63.77,308,1,10270,-2239
1005,PLD,2020-03-23,0 days 15:59:01.234597,753432,64.01,63.84,561,217,-12239,10270
1006,PLD,2020-03-23,0 days 15:59:03.239376,748762,63.94,63.86,37,901,4670,-6639
1007,PLD,2020-03-23,0 days 15:59:13.262811,753432,63.96,63.87,114,536,-2239,4670
1008,PLD,2020-03-23,0 days 15:59:43.333570,753432,63.88,63.79,200,281,-1561,3548
1009,PLD,2020-03-23,0 days 15:59:44.335402,745284,63.85,63.77,220,400,8148,-1561
1010,PLT,2020-03-23,0 days 15:55:16.581481,31883,8.78,8.73,100,700,-546,16701
1011,PVH,2020-03-23,0 days 15:50:50.946372,59273,29.09,29.0,200,100,-1196,23274
1012,PVH,2020-03-23,0 days 15:51:11.995750,37046,29.03,28.99,266,100,22674,-149
1013,PVH,2020-03-23,0 days 15:51:24.024250,59273,29.12,29.03,310,320,-1196,22074
1014,PVH,2020-03-23,0 days 15:51:50.086419,37646,29.18,29.12,400,99,21627,-1196
1015,PVH,2020-03-23,0 days 15:51:57.103891,59273,29.2,29.16,10,100,-1196,21627
1016,PVH,2020-03-23,0 days 15:52:12.139621,59273,29.21,29.14,400,12,-1196,21627
1017,PVH,2020-03-23,0 days 15:52:55.243104,59873,29.29,29.22,500,100,-596,21627
1018,PVH,2020-03-23,0 days 15:53:09.276672,37646,29.33,29.27,10,201,21627,-596
1019,PVH,2020-03-23,0 days 15:53:30.327093,56873,29.42,29.35,10,100,-3596,19027
1020,PVH,2020-03-23,0 days 15:53:55.387412,59873,29.27,29.24,300,11,-596,21627
1021,PVH,2020-03-23,0 days 15:54:51.521640,60173,29.09,29.04,300,168,-296,21627
1022,PVH,2020-03-23,0 days 15:56:51.811235,60173,29.19,29.1,300,300,-296,21627
1023,PVH,2020-03-23,0 days 15:57:01.834969,37646,29.37,29.3,14,202,19027,-3396
1024,PVH,2020-03-23,0 days 15:57:08.851491,56873,29.39,29.34,607,882,-3596,19027
1025,PVH,2020-03-23,0 days 15:57:16.871173,37646,29.27,29.26,200,114,21627,-3396
1026,PVH,2020-03-23,0 days 15:57:17.873077,59973,29.24,29.23,276,115,-496,21627
1027,PVH,2020-03-23,0 days 15:59:05.130564,37646,29.44,29.43,7,203,19027,-3796
1028,PVH,2020-03-23,0 days 15:59:06.132614,56773,29.43,29.38,7,67,-3696,19027
1029,PVH,2020-03-23,0 days 15:59:20.165851,56973,29.34,29.31,7,300,-3496,19027
1030,PVH,2020-03-23,0 days 15:59:22.171057,37646,29.34,29.31,7,300,19027,-3496
1031,PVH,2020-03-23,0 days 15:59:24.174837,56973,29.38,29.31,140,300,-3496,19027
1032,PVH,2020-03-23,0 days 15:59:27.182210,37646,29.32,29.31,9,146,19027,-3496
1033,PVH,2020-03-23,0 days 15:59:31.190050,56973,29.35,29.3,1268,82,-3496,19027
1034,PVH,2020-03-23,0 days 15:59:34.197178,37646,29.35,29.29,985,400,19027,-3496
1035,PVH,2020-03-23,0 days 15:59:37.206568,59773,29.34,29.28,1298,95,-696,19027
1036,PVH,2020-03-23,0 days 15:59:50.236945,37646,29.27,29.18,1220,307,21627,-496
1037,PVH,2020-03-23,0 days 15:59:51.238539,60173,29.26,29.14,453,38,-296,21627
1038,QEP,2020-03-23,0 days 15:59:59.640873,2440296,0.39,0.38,10000,2632,169056,-229644
1039,QEP,2020-03-23,0 days 16:00:00.641487,2355152,0.41,0.38,105,839,-257038,169056
1040,QGEN,2020-03-23,0 days 15:50:29.776587,54067,38.14,38.13,200,126,-14723,29373
1041,QGEN,2020-03-23,0 days 15:52:40.089829,74694,38.12,38.06,120,779,29373,-14723
1042,QGEN,2020-03-23,0 days 15:52:53.120942,54067,38.12,38.08,254,500,-14723,29373
1043,QGEN,2020-03-23,0 days 15:53:12.167024,74694,38.08,38.04,406,100,29373,-14723
1044,QGEN,2020-03-23,0 days 15:55:24.484305,74694,38.11,38.07,1237,453,29373,-14723
1045,QGEN,2020-03-23,0 days 15:57:10.738984,54067,38.15,38.11,132,1413,-14723,29373
1046,QGEN,2020-03-23,0 days 15:59:05.008302,74694,38.14,38.08,681,200,29373,-14723
1047,RCL,2020-03-23,0 days 15:59:30.183665,230723,28.27,28.21,2774,1501,-440,4460
1048,RCL,2020-03-23,0 days 15:59:31.186747,228022,28.24,28.21,3582,879,2701,-440
1049,RCL,2020-03-23,0 days 15:59:32.188156,230723,28.27,28.24,735,227,-799,2701
1050,RCL,2020-03-23,0 days 15:59:53.234287,226922,28.24,28.2,1040,2907,3801,-1899
1051,RDN,2020-03-23,0 days 15:50:27.890460,93448,10.57,10.52,596,1340,-30616,14151
1052,RDN,2020-03-23,0 days 15:51:37.055255,93348,10.57,10.54,1300,200,-33350,13591
1053,RDN,2020-03-23,0 days 15:53:49.371577,93348,10.57,10.56,37,974,-33350,13691
1054,RDN,2020-03-23,0 days 15:54:45.504766,93348,10.61,10.59,101,1732,-33350,13591
1055,RDN,2020-03-23,0 days 15:55:13.574009,93348,10.66,10.65,300,730,-33350,13591
1056,RDN,2020-03-23,0 days 15:55:19.588645,79757,10.69,10.68,1942,400,13591,-33350
1057,RDN,2020-03-23,0 days 15:58:20.016804,93348,10.69,10.66,20,932,-33350,13591
1058,RDN,2020-03-23,0 days 15:58:21.018961,79757,10.69,10.68,20,360,13591,-33350
1059,RDN,2020-03-23,0 days 15:58:23.023060,93348,10.68,10.66,272,1148,-33350,13591
1060,RDN,2020-03-23,0 days 15:58:59.110026,80561,10.73,10.71,825,301,6987,-42054
1061,REXR,2020-03-23,0 days 15:52:54.239168,84463,35.15,35.03,90,91,-4871,4086
1062,REXR,2020-03-23,0 days 15:53:34.335404,80377,34.99,34.93,312,100,4086,-4871
1063,RF,2020-03-23,0 days 15:59:51.214428,1075139,7.74,7.73,3333,4247,68,-3975
1064,RJF,2020-03-23,0 days 15:50:01.835746,119853,55.07,55.0,190,181,13137,-10467
1065,RJF,2020-03-23,0 days 15:50:02.804847,137176,55.05,55.0,92,81,-6281,13137
1066,RJF,2020-03-23,0 days 15:50:03.807033,119853,55.05,55.0,292,181,13137,-6281
1067,RJF,2020-03-23,0 days 15:50:05.811698,137176,55.05,55.0,192,81,-6281,13137
1068,RJF,2020-03-23,0 days 15:50:15.836891,119853,54.99,54.94,159,190,13137,-6281
1069,RJF,2020-03-23,0 days 15:50:34.880628,136776,55.41,55.24,190,90,-6681,12737
1070,RJF,2020-03-23,0 days 15:50:38.890664,119853,55.41,55.33,133,101,12737,-6681
1071,RJF,2020-03-23,0 days 15:50:39.892464,136376,55.41,55.33,43,302,-7081,12737
1072,RJF,2020-03-23,0 days 15:51:27.012154,119853,55.34,55.28,65,90,12737,-6681
1073,RJF,2020-03-23,0 days 15:51:37.029917,136776,55.33,55.22,151,90,-6681,12737
1074,RJF,2020-03-23,0 days 15:51:54.069873,136776,55.32,55.23,190,138,-6681,12737
1075,RJF,2020-03-23,0 days 15:52:04.094473,136776,55.38,55.29,90,290,-6681,12737
1076,RJF,2020-03-23,0 days 15:52:12.112932,119853,55.42,55.38,400,413,12337,-7081
1077,RJF,2020-03-23,0 days 15:52:13.115326,136376,55.41,55.36,90,333,-7081,12337
1078,RJF,2020-03-23,0 days 15:52:59.225111,119853,55.39,55.36,1,100,12337,-7081
1079,RJF,2020-03-23,0 days 15:53:02.229228,136376,55.41,55.36,451,396,-7081,12337
1080,RJF,2020-03-23,0 days 15:53:05.242530,119853,55.33,55.31,190,100,12737,-7081
1081,RJF,2020-03-23,0 days 15:53:32.300977,136376,55.47,55.35,190,927,-7081,12737
1082,RJF,2020-03-23,0 days 15:54:07.389465,119853,55.26,55.22,90,2,12737,-6681
1083,RJF,2020-03-23,0 days 15:54:08.387702,136776,55.29,55.2,90,190,-6681,12737
1084,RJF,2020-03-23,0 days 15:54:12.397523,119853,55.3,55.22,66,245,12737,-6681
1085,RJF,2020-03-23,0 days 15:54:15.403956,136776,55.29,55.22,190,347,-6681,12737
1086,RJF,2020-03-23,0 days 15:54:50.488154,136776,55.42,55.29,290,502,-6681,12737
1087,RJF,2020-03-23,0 days 15:54:51.490151,119853,55.42,55.3,290,524,12737,-6681
1088,RJF,2020-03-23,0 days 15:55:07.529742,136776,55.38,55.29,198,608,-6681,12737
1089,RJF,2020-03-23,0 days 15:55:14.548686,119853,55.38,55.29,315,396,12737,-6681
1090,RJF,2020-03-23,0 days 15:55:15.549985,136776,55.29,55.27,90,25,-6681,12737
1091,RJF,2020-03-23,0 days 15:55:59.654014,136776,55.2,55.18,1174,600,-6681,12737
1092,RJF,2020-03-23,0 days 15:57:23.855129,119853,55.12,55.11,248,475,12737,-6681
1093,RJF,2020-03-23,0 days 15:57:27.865181,137176,55.08,55.01,90,393,-6281,12737
1094,RJF,2020-03-23,0 days 15:57:56.932117,119853,55.12,55.05,209,405,13137,-6281
1095,RJF,2020-03-23,0 days 15:58:05.954293,137176,55.06,55.02,300,188,-6281,13137
1096,RJF,2020-03-23,0 days 15:59:17.121871,119853,55.26,55.11,834,732,12737,-6681
1097,RLJ,2020-03-23,0 days 16:00:00.251076,386326,4.69,4.68,11171,7615,-2324,2416
1098,SIX,2020-03-23,0 days 15:58:11.980088,70437,11.24,11.21,620,449,-111505,55518
1099,SIX,2020-03-23,0 days 15:58:43.053551,14919,11.22,11.21,1505,196,55518,-111505
1100,SLB,2020-03-23,0 days 15:59:58.135430,957322,12.83,12.82,325,3912,481333,-22413
1101,SNAP,2020-03-23,0 days 16:00:00.225206,1745746,10.65,10.64,17457,134543,-6175,15317
1102,SNN,2020-03-23,0 days 15:58:32.165244,11390,28.82,28.74,400,1356,2286,-3680
1103,SNN,2020-03-23,0 days 16:00:00.368673,7710,28.87,28.86,22270,501,-3680,2286
1104,SO,2020-03-23,0 days 15:59:35.195966,717516,43.39,43.35,1265,598,5645,-2055
1105,SO,2020-03-23,0 days 15:59:36.198285,710657,43.44,43.43,220,700,-8259,5645
1106,SO,2020-03-23,0 days 15:59:38.202962,717516,43.38,43.36,200,100,3745,-1355
1107,SO,2020-03-23,0 days 15:59:43.212111,716932,43.39,43.33,965,895,-1284,6416
1108,SO,2020-03-23,0 days 15:59:44.215340,717116,43.39,43.33,1046,1086,7549,-1284
1109,SO,2020-03-23,0 days 15:59:45.217817,711561,43.46,43.45,1216,699,-7755,7549
1110,SO,2020-03-23,0 days 15:59:54.237515,718516,43.41,43.32,673,164,1417,-5087
1111,SO,2020-03-23,0 days 15:59:55.238867,713829,43.52,43.45,275,100,-5087,1417
1112,SO,2020-03-23,0 days 15:59:56.243135,716816,43.43,43.31,3400,600,12517,-5087
1113,SPG,2020-03-23,0 days 15:50:34.879738,465636,50.3,50.1,229,639,-84051,72379
1114,SRC,2020-03-23,0 days 15:50:06.830733,50899,22.03,21.98,202,300,-9435,4319
1115,SRC,2020-03-23,0 days 15:50:27.881921,46233,22.14,22.1,110,100,4319,-12129
1116,SRC,2020-03-23,0 days 15:50:37.904676,50899,22.16,22.1,58,700,-13475,4319
1117,SRC,2020-03-23,0 days 15:52:36.189469,50899,22.15,22.1,300,2,-12129,4319
1118,SRC,2020-03-23,0 days 15:52:50.222344,46233,22.12,22.09,305,100,4319,-10782
1119,SRC,2020-03-23,0 days 15:52:57.238522,50899,22.15,22.11,7,200,-13475,4319
1120,SRC,2020-03-23,0 days 15:53:41.343597,46233,22.12,22.1,176,200,4319,-10782
1121,SRC,2020-03-23,0 days 15:53:55.377196,50899,22.16,22.11,500,726,-13475,4319
1122,SRC,2020-03-23,0 days 15:54:22.440328,46233,22.23,22.18,110,445,4319,-13475
1123,SRC,2020-03-23,0 days 15:54:37.477599,50899,22.25,22.23,26,121,-13475,4319
1124,SRC,2020-03-23,0 days 15:54:38.479212,46233,22.26,22.24,10,321,4319,-13475
1125,SRC,2020-03-23,0 days 15:55:24.595066,50899,22.33,22.25,103,200,-13475,4319
1126,SRC,2020-03-23,0 days 15:55:41.630718,50899,22.24,22.2,200,100,-13475,4319
1127,SRC,2020-03-23,0 days 15:56:27.742399,50899,22.3,22.26,800,739,-13475,4319
1128,SRC,2020-03-23,0 days 15:56:34.757202,46233,22.29,22.27,119,100,4319,-13475
1129,SRC,2020-03-23,0 days 15:57:04.827556,50899,22.38,22.31,1301,431,-13475,4319
1130,SRC,2020-03-23,0 days 15:57:45.917552,50899,22.27,22.22,1476,100,-13475,4319
1131,SRC,2020-03-23,0 days 15:58:11.978855,50899,22.37,22.3,576,321,-13475,4319
1132,SRC,2020-03-23,0 days 15:58:34.031324,46233,22.57,22.42,200,602,4319,-13475
1133,SRC,2020-03-23,0 days 15:58:41.046984,50899,22.57,22.42,1068,1031,-13475,4319
1134,SRC,2020-03-23,0 days 15:59:18.135608,50899,22.43,22.42,278,157,-13475,4319
1135,STAG,2020-03-23,0 days 15:50:22.831341,155939,18.21,18.19,300,800,28079,-675
1136,STAG,2020-03-23,0 days 15:50:25.837452,184018,18.2,18.15,240,300,-675,28079
1137,STAG,2020-03-23,0 days 15:50:35.861827,155939,18.22,18.19,100,400,28079,-675
1138,STAG,2020-03-23,0 days 15:50:48.892203,155939,18.23,18.15,200,500,28079,-575
1139,STAG,2020-03-23,0 days 15:53:10.230332,184018,18.17,18.16,300,100,-675,28079
1140,STAG,2020-03-23,0 days 15:53:21.257926,184018,18.21,18.19,324,1300,-675,28079
1141,STAG,2020-03-23,0 days 15:54:06.364126,184018,18.21,18.19,600,1259,-675,28079
1142,STAG,2020-03-23,0 days 15:54:33.460347,155939,18.2,18.19,1922,144,28079,-675
1143,STAG,2020-03-23,0 days 15:54:40.447808,155939,18.21,18.2,1300,518,28079,-675
1144,STAG,2020-03-23,0 days 15:55:14.531157,184018,18.24,18.23,100,1127,-775,28079
1145,STAG,2020-03-23,0 days 15:55:24.559178,184018,18.26,18.25,200,32,-875,26551
1146,STAG,2020-03-23,0 days 15:56:37.729169,182490,18.35,18.33,200,800,-2603,26551
1147,STAG,2020-03-23,0 days 15:57:01.788298,182490,18.35,18.33,200,1080,-2603,26551
1148,STOR,2020-03-23,0 days 15:50:09.847895,213319,16.72,16.69,200,600,-4759,10660
1149,STOR,2020-03-23,0 days 15:50:58.965014,221059,16.68,16.63,700,200,10460,-4759
1150,STOR,2020-03-23,0 days 15:51:55.098595,221059,16.67,16.65,400,200,10660,-4859
1151,STOR,2020-03-23,0 days 15:52:30.182938,213319,16.73,16.69,1000,542,-4759,10460
1152,STOR,2020-03-23,0 days 15:52:36.197498,221059,16.68,16.66,300,400,10460,-4759
1153,STOR,2020-03-23,0 days 15:52:46.220303,213319,16.71,16.69,279,300,-4759,10460
1154,STOR,2020-03-23,0 days 15:52:51.232162,221059,16.67,16.65,300,210,10660,-4759
1155,STOR,2020-03-23,0 days 15:53:17.294817,213319,16.73,16.71,700,400,-4759,10460
1156,STOR,2020-03-23,0 days 15:53:57.391514,221059,16.68,16.67,300,100,10460,-4759
1157,STOR,2020-03-23,0 days 15:55:32.619374,221059,16.69,16.66,300,200,10460,-4859
1158,STOR,2020-03-23,0 days 15:55:37.631183,213319,16.71,16.67,1300,500,-4759,10460
1159,STOR,2020-03-23,0 days 15:56:39.779645,213319,16.7,16.69,200,200,-4759,10460
1160,STOR,2020-03-23,0 days 15:59:20.159788,213319,16.7,16.68,300,500,-4759,10460
1161,STOR,2020-03-23,0 days 15:59:52.231136,221059,16.69,16.67,400,164,10460,-759
1162,SWN,2020-03-23,0 days 15:59:59.193859,1922077,1.99,1.98,88931,42982,110836,-79014
1163,SYY,2020-03-23,0 days 15:59:52.215097,627987,36.53,36.48,600,200,109,-533
1164,TDOC,2020-03-23,0 days 15:51:38.032063,34565,163.24,162.53,100,201,318,-178
1165,TDOC,2020-03-23,0 days 15:52:00.085367,34379,163.49,163.04,200,226,-178,18
1166,TEL,2020-03-23,0 days 15:59:51.229238,228561,54.76,54.67,344,102,3023,-9414
1167,THC,2020-03-23,0 days 15:56:53.194019,140420,13.91,13.89,1352,200,273,-2923
1168,THC,2020-03-23,0 days 15:57:10.234131,140693,13.93,13.91,906,100,-2923,273
1169,THC,2020-03-23,0 days 15:57:37.297710,140693,13.94,13.91,400,300,-2923,273
1170,THC,2020-03-23,0 days 15:57:52.333620,140420,13.91,13.88,400,58,273,-2923
1171,THC,2020-03-23,0 days 15:58:15.388616,140693,13.93,13.88,571,300,-2923,273
1172,THC,2020-03-23,0 days 15:58:19.398815,140420,13.93,13.88,1072,411,273,-2923
1173,THC,2020-03-23,0 days 15:58:50.472242,140693,13.95,13.9,400,529,-2923,273
1174,THC,2020-03-23,0 days 15:59:13.528148,140693,13.92,13.87,4,420,-2923,273
1175,THC,2020-03-23,0 days 15:59:14.530686,140420,13.91,13.87,765,500,273,-2923
1176,THC,2020-03-23,0 days 15:59:25.557366,140693,13.91,13.87,100,303,-2923,373
1177,THC,2020-03-23,0 days 15:59:29.566502,140420,13.91,13.87,600,1282,373,-2923
1178,TIF,2020-03-23,0 days 16:00:00.232941,309256,121.65,121.6,187,100,1753,-14859
1179,TJX,2020-03-23,0 days 15:59:38.185569,714762,37.11,37.1,1462,871,119417,-18130
1180,TME,2020-03-23,0 days 15:59:51.214428,118112,9.49,9.46,7100,6200,-7715,15519
1181,TME,2020-03-23,0 days 15:59:52.215097,124927,9.45,9.43,636,5400,19391,-7715
1182,TOL,2020-03-23,0 days 15:50:07.724245,118115,13.56,13.55,1200,1194,9846,-3510
1183,TOL,2020-03-23,0 days 15:50:08.728048,127961,13.61,13.56,100,740,-3910,9846
1184,TOL,2020-03-23,0 days 15:51:19.896456,127961,13.54,13.49,828,700,-2272,9846
1185,TOL,2020-03-23,0 days 15:51:22.904315,112215,13.52,13.49,591,113,15746,-2272
1186,TOL,2020-03-23,0 days 15:51:27.915564,127961,13.52,13.5,200,410,-2272,9846
1187,TOL,2020-03-23,0 days 15:51:31.925140,118115,13.52,13.5,605,633,9846,-2272
1188,TOL,2020-03-23,0 days 15:51:50.970769,112215,13.5,13.49,100,430,15746,-2272
1189,TOL,2020-03-23,0 days 15:52:07.010604,127961,13.53,13.51,2112,1028,-2272,9846
1190,TOL,2020-03-23,0 days 15:52:57.130516,127961,13.57,13.53,205,1004,-3910,9846
1191,TOL,2020-03-23,0 days 15:53:07.154687,127961,13.62,13.58,221,320,-9810,9846
1192,TOL,2020-03-23,0 days 15:53:16.175873,124015,13.65,13.62,100,900,3946,-9810
1193,TOL,2020-03-23,0 days 15:53:19.182788,127961,13.65,13.62,100,1014,-9810,3946
1194,TOL,2020-03-23,0 days 15:53:33.216695,127961,13.7,13.66,726,2120,-15710,3946
1195,TRV,2020-03-23,0 days 16:00:00.259504,477918,88.51,88.3,400,96681,3193,-10883
1196,TSN,2020-03-23,0 days 16:00:00.250946,421154,57.62,57.54,29281,60260,2229,-9738
1197,TT,2020-03-23,0 days 16:00:00.368153,173332,71.27,71.26,482,43073,4561,-3376
1198,UNFI,2020-03-23,0 days 15:51:49.466889,53751,11.25,11.21,2400,902,-18197,14279
1199,UNFI,2020-03-23,0 days 15:52:11.520282,40501,11.24,11.23,9,402,13250,-18297
1200,UNFI,2020-03-23,0 days 15:52:24.551260,53793,11.22,11.19,600,200,-18055,10833
1201,UNFI,2020-03-23,0 days 15:54:03.788137,51434,11.3,11.28,9494,1201,-20814,10033
1202,UNFI,2020-03-23,0 days 15:54:49.899461,51434,11.3,11.28,8921,866,-20814,10033
1203,UNFI,2020-03-23,0 days 15:55:15.960457,41501,11.33,11.31,1063,400,9573,-21474
1204,UNFI,2020-03-23,0 days 15:55:29.994520,51074,11.34,11.31,901,3762,-21474,9573
1205,UNFI,2020-03-23,0 days 15:56:56.199860,51074,11.35,11.33,16,1881,-21574,9373
1206,UNFI,2020-03-23,0 days 15:56:58.204811,41801,11.37,11.34,340,2001,9273,-21574
1207,UNFI,2020-03-23,0 days 15:57:00.210059,51074,11.39,11.36,800,1001,-21674,9273
1208,UNFI,2020-03-23,0 days 15:57:02.215102,42101,11.4,11.39,1800,143,8973,-21874
1209,UNFI,2020-03-23,0 days 15:59:52.624499,51074,11.36,11.31,1200,700,-21474,9273
1210,UNFI,2020-03-23,0 days 15:59:59.640873,41501,11.31,11.3,5000,800,9573,-21274
1211,UNP,2020-03-23,0 days 15:50:35.861770,438202,113.89,113.65,100,229,-1732,1379
1212,UPS,2020-03-23,0 days 15:59:53.207091,422919,92.14,91.9,617,400,11816,-1622
1213,UTX,2020-03-23,0 days 15:58:00.966676,480925,75.19,75.15,300,100,14697,-77267
1214,UTX,2020-03-23,0 days 15:58:01.968227,496926,75.23,75.16,10,481,-77267,14697
1215,UTX,2020-03-23,0 days 15:58:14.998865,480925,75.4,75.33,97,500,5197,-84067
1216,UTX,2020-03-23,0 days 15:58:16.001167,490126,75.41,75.33,2014,1200,-84067,5197
1217,UTX,2020-03-23,0 days 15:58:45.071041,492126,75.24,75.2,200,100,-82067,6997
1218,UTX,2020-03-23,0 days 15:59:03.115338,514836,75.23,75.15,547,600,-59357,24507
1219,UTX,2020-03-23,0 days 15:59:19.152749,514836,75.18,75.14,202,303,-59357,29907
1220,UTX,2020-03-23,0 days 15:59:21.157356,480925,75.25,75.22,543,700,22407,-62057
1221,UTX,2020-03-23,0 days 15:59:22.159357,512136,75.2,75.18,329,909,-62057,22407
1222,UTX,2020-03-23,0 days 15:59:42.208656,480925,75.2,75.18,660,557,27207,-64757
1223,UTX,2020-03-23,0 days 15:59:47.220048,480925,75.19,75.18,1677,1332,27207,-64757
1224,UTX,2020-03-23,0 days 15:59:51.229260,517486,75.16,75.15,100,343,-56707,27207
1225,UTX,2020-03-23,0 days 15:59:54.237484,480925,75.11,75.01,102,100,32948,-56707
1226,UTX,2020-03-23,0 days 15:59:55.239622,520377,75.0,74.88,440,782,-53816,32948
1227,UTX,2020-03-23,0 days 15:59:58.246328,480925,75.01,75.0,3766,397,34548,-54716
1228,V,2020-03-23,0 days 15:59:58.189355,1557206,136.02,135.42,616,1222,6432,-36698
1229,V,2020-03-23,0 days 16:00:00.193413,1515148,135.91,135.62,11888,1325,-42188,28850
1230,VALE,2020-03-23,0 days 15:59:16.145132,530626,6.6,6.59,60921,34421,1846,-12254
1231,VGR,2020-03-23,0 days 15:56:21.729415,70222,10.31,10.29,1907,4367,-3126,32761
1232,VGR,2020-03-23,0 days 15:56:25.739600,37461,10.3,10.29,400,551,32761,-3126
1233,VGR,2020-03-23,0 days 15:57:42.922994,70222,10.3,10.28,200,950,-2826,32761
