,Symbol,Timestamp,TIME,iPaired,Ask_P,Bid_P,Ask_S,Bid_S,iShares,PreviShares
0,AA,2020-06-30,0 days 15:57:46.883742,354792,11.25,11.24,11150,3603,175,-9825
1,AA,2020-06-30,0 days 15:58:21.969121,347325,11.25,11.24,15148,1409,-2530,1233
2,AA,2020-06-30,0 days 15:58:39.011553,346946,11.24,11.23,1849,14298,2073,-836
3,AA,2020-06-30,0 days 15:58:40.012736,340419,11.24,11.23,1849,14298,-1590,2073
4,ABB,2020-06-30,0 days 15:57:00.413752,38720,22.61,22.6,18507,7007,-6380,8920
5,ABB,2020-06-30,0 days 15:57:01.417548,37800,22.6,22.59,11611,16978,920,-6380
6,ABBV,2020-06-30,0 days 15:59:36.807246,1789356,98.23,98.2,300,246,12235,-120
7,ABBV,2020-06-30,0 days 15:59:37.810769,1785591,98.26,98.24,300,100,-3590,12235
8,ABBV,2020-06-30,0 days 15:59:48.835894,1813070,98.47,98.45,300,100,6917,-17994
9,ABBV,2020-06-30,0 days 15:59:49.842082,1809287,98.44,98.43,490,200,-16877,6917
10,ABBV,2020-06-30,0 days 15:59:54.852476,1810367,98.34,98.3,100,200,11820,-7524
11,ABEV,2020-06-30,0 days 15:59:36.719644,182545,2.64,2.63,532219,501966,-22135,26065
12,ABEV,2020-06-30,0 days 15:59:37.722247,181180,2.64,2.63,532319,499966,1365,-22135
13,ABR,2020-06-30,0 days 15:55:00.991767,161881,9.25,9.24,985,5126,-11757,75421
14,ABR,2020-06-30,0 days 15:55:01.990194,156438,9.25,9.24,2885,1897,5443,-11757
15,ABR,2020-06-30,0 days 15:59:04.571637,163069,9.24,9.23,1795,1200,-484,7343
16,ABR,2020-06-30,0 days 15:59:05.574551,163726,9.24,9.23,1995,1300,20688,-484
17,ABT,2020-06-30,0 days 15:59:30.711269,1141025,91.55,91.54,300,599,-48426,19091
18,ABT,2020-06-30,0 days 15:59:31.707644,1074240,91.48,91.44,1200,545,108285,-48426
19,ABT,2020-06-30,0 days 15:59:40.732139,1141025,91.58,91.56,300,500,-47494,22362
20,ABT,2020-06-30,0 days 15:59:51.756456,1135135,91.59,91.57,937,600,6640,-921
21,ACB,2020-06-30,0 days 15:55:00.782068,26410,12.47,12.44,3151,400,3541,-5459
22,ACB,2020-06-30,0 days 15:55:01.776476,25851,12.46,12.44,100,600,-159,3541
23,ACB,2020-06-30,0 days 15:59:58.476939,30199,12.44,12.4,1127,179,2959,-914
24,ACI,2020-06-30,0 days 15:58:01.496874,64744,15.77,15.76,812,2800,-20621,1179
25,ACI,2020-06-30,0 days 15:58:02.499946,62765,15.77,15.76,2412,2800,1979,-20621
26,ACM,2020-06-30,0 days 15:57:41.535111,99325,37.54,37.53,409,101,-4032,368
27,ACM,2020-06-30,0 days 15:57:42.536413,97641,37.54,37.52,413,404,984,-4032
28,ACM,2020-06-30,0 days 15:59:07.745327,104677,37.52,37.51,300,524,-1885,2265
29,ACN,2020-06-30,0 days 15:59:10.731137,649347,214.44,214.38,1004,200,-11592,16180
30,ACN,2020-06-30,0 days 15:59:11.733295,640303,214.41,214.39,450,450,22445,-11592
31,ACN,2020-06-30,0 days 15:59:12.736658,656547,214.44,214.42,1242,788,-3177,22445
32,ACN,2020-06-30,0 days 15:59:14.741563,648088,214.48,214.43,125,100,8459,-3377
33,ACN,2020-06-30,0 days 15:59:15.743567,648847,214.56,214.47,100,907,-4692,8459
34,ACN,2020-06-30,0 days 15:59:17.746289,648170,214.48,214.39,200,626,1177,-15642
35,ACN,2020-06-30,0 days 15:59:25.765752,647570,214.57,214.5,280,152,1669,-167
36,ACN,2020-06-30,0 days 15:59:34.787517,650243,214.64,214.57,100,629,-409,341
37,ACN,2020-06-30,0 days 15:59:35.789964,649416,214.64,214.57,100,425,827,-409
38,ACN,2020-06-30,0 days 15:59:58.840460,642662,214.98,214.86,300,100,10374,-7177
39,AEG,2020-06-30,0 days 15:59:36.436861,25949,2.95,2.94,280012,72450,16332,-19268
40,AEG,2020-06-30,0 days 15:59:37.438545,24981,2.95,2.94,247393,138380,-968,16332
41,AEP,2020-06-30,0 days 15:55:00.077020,401193,79.95,79.91,400,100,-9867,98069
42,AEP,2020-06-30,0 days 15:55:35.147718,408995,79.72,79.7,200,300,1384,-5448
43,AEP,2020-06-30,0 days 15:55:36.150762,408579,79.73,79.71,300,200,-416,1384
44,AEP,2020-06-30,0 days 15:55:44.169878,410419,79.79,79.77,300,200,860,-965
45,AEP,2020-06-30,0 days 15:56:02.212745,407255,79.9,79.88,100,100,-4428,2176
46,AEP,2020-06-30,0 days 15:57:05.365574,412354,79.75,79.74,300,100,729,-295
47,AEP,2020-06-30,0 days 15:57:06.366478,411913,79.74,79.73,307,400,-441,729
48,AEP,2020-06-30,0 days 15:57:15.388304,411954,79.71,79.69,800,100,1727,-441
49,AEP,2020-06-30,0 days 15:59:43.736106,467252,79.73,79.71,100,396,-3024,796
50,AES,2020-06-30,0 days 15:55:00.126550,755663,14.54,14.53,8410,8528,1741,-49259
51,AES,2020-06-30,0 days 15:55:01.136070,752738,14.54,14.53,10600,8109,-2925,1741
52,AES,2020-06-30,0 days 15:55:53.254145,758531,14.55,14.54,4267,9340,-1436,630
53,AES,2020-06-30,0 days 15:57:38.503392,778484,14.52,14.51,12795,6569,3985,-5015
54,AES,2020-06-30,0 days 15:57:39.505666,773469,14.52,14.51,12479,6169,-5015,3985
55,AES,2020-06-30,0 days 15:58:42.659221,781732,14.52,14.51,6446,8585,12252,-5440
56,AES,2020-06-30,0 days 15:58:43.662102,778584,14.52,14.51,6885,6104,-3048,12252
57,AES,2020-06-30,0 days 15:59:04.715513,829614,14.49,14.48,3606,16573,-4824,8376
58,AES,2020-06-30,0 days 15:59:06.720056,834438,14.49,14.48,8547,9573,46556,-4824
59,AES,2020-06-30,0 days 15:59:12.736830,876403,14.49,14.48,13545,4800,17050,-29550
60,AES,2020-06-30,0 days 15:59:14.741673,860873,14.49,14.48,4851,12120,-15530,10670
61,AES,2020-06-30,0 days 15:59:27.771260,876458,14.49,14.48,3548,13420,21410,-3085
62,AES,2020-06-30,0 days 15:59:28.771795,875768,14.49,14.48,1200,15330,-690,21410
63,AFL,2020-06-30,0 days 15:55:00.780186,782225,36.17,36.16,400,1667,104723,-20040
64,AFL,2020-06-30,0 days 15:55:22.828584,790784,36.07,36.06,260,513,-49985,10715
65,AFL,2020-06-30,0 days 15:55:23.831553,840769,36.08,36.07,1058,1600,36615,-49985
66,AFL,2020-06-30,0 days 15:55:24.833302,836184,36.08,36.07,3728,400,-4585,36615
67,AFL,2020-06-30,0 days 15:56:02.924837,870804,36.06,36.05,1368,1026,6088,-5632
68,AFL,2020-06-30,0 days 15:56:03.927042,865192,36.06,36.05,2300,726,-4432,6088
69,AFL,2020-06-30,0 days 15:57:32.137757,878605,36.02,36.01,2159,1275,12039,-861
70,AFL,2020-06-30,0 days 15:57:34.143532,875396,36.03,36.02,917,1700,-3809,4191
71,AFL,2020-06-30,0 days 15:57:40.159754,879805,36.05,36.04,1999,103,1291,-2609
72,AFL,2020-06-30,0 days 15:57:41.160901,878096,36.05,36.04,1702,303,-1709,1291
73,AFL,2020-06-30,0 days 15:57:45.169383,879805,36.03,36.02,1652,300,3091,-1709
74,AFL,2020-06-30,0 days 15:57:47.174680,876896,36.02,36.01,700,827,-1709,291
75,AFL,2020-06-30,0 days 15:57:57.198824,878605,36.0,35.99,301,2188,10091,-909
76,AFL,2020-06-30,0 days 15:58:02.211302,878605,36.02,36.01,1008,1200,9211,-89
77,AFL,2020-06-30,0 days 15:58:07.222995,879205,36.02,36.01,1229,1100,6211,-289
78,AFL,2020-06-30,0 days 15:58:13.238995,878735,36.01,36.0,2895,109,381,-419
79,AFL,2020-06-30,0 days 15:58:59.348953,981136,36.0,35.99,2098,300,-14355,93616
80,AFL,2020-06-30,0 days 15:59:00.352787,971506,35.99,35.98,1547,500,9630,-14355
81,AFL,2020-06-30,0 days 15:59:38.440996,1132667,36.05,36.04,987,3380,-3506,4765
82,AFL,2020-06-30,0 days 15:59:39.443235,1137873,36.06,36.04,2100,3380,1965,-3506
83,AFL,2020-06-30,0 days 15:59:40.447143,1132667,36.06,36.05,1488,3989,-3506,1965
84,AFL,2020-06-30,0 days 15:59:48.467623,1138785,36.1,36.09,1083,3512,12202,-2752
85,AG,2020-06-30,0 days 15:57:06.427105,64215,9.96,9.95,16704,17005,-2542,1223
86,AG,2020-06-30,0 days 15:58:47.669944,67357,9.96,9.95,28229,15544,214,-681
87,AGI,2020-06-30,0 days 15:55:00.149728,56290,9.39,9.38,8585,13510,-11809,45
88,AGI,2020-06-30,0 days 15:58:40.676516,68099,9.37,9.36,7195,38936,522,-3885
89,AIG,2020-06-30,0 days 15:59:16.745751,900376,31.21,31.2,900,394,-123685,68898
90,ALK,2020-06-30,0 days 15:55:00.149146,118605,36.55,36.53,401,193,-43630,3158
91,ALK,2020-06-30,0 days 15:58:08.599440,170761,36.27,36.26,200,300,2103,-2644
92,ALK,2020-06-30,0 days 15:58:09.601279,169364,36.28,36.26,447,423,-1397,2103
93,ALK,2020-06-30,0 days 15:58:40.676492,170761,36.26,36.25,213,571,1993,-497
94,ALK,2020-06-30,0 days 15:58:41.678636,169954,36.27,36.26,200,423,-107,1993
95,ALK,2020-06-30,0 days 15:58:42.681557,170761,36.28,36.27,320,300,141,-107
96,ALK,2020-06-30,0 days 15:58:43.684982,170002,36.28,36.27,320,200,-759,141
97,ALK,2020-06-30,0 days 15:58:56.716280,176361,36.27,36.26,100,200,3741,-8359
98,ALK,2020-06-30,0 days 15:58:57.717983,175072,36.27,36.26,300,423,-1289,3741
99,ALK,2020-06-30,0 days 15:59:05.738888,177988,36.27,36.26,1300,300,4240,-516
100,ALK,2020-06-30,0 days 15:59:07.745267,176522,36.28,36.27,392,200,-3066,1034
101,ALLY,2020-06-30,0 days 15:57:04.491011,418029,19.85,19.84,5642,3800,-836,13664
102,ALLY,2020-06-30,0 days 15:57:21.531920,418865,19.85,19.84,4052,1901,535,-365
103,ALLY,2020-06-30,0 days 15:57:22.534165,418100,19.85,19.84,3952,1683,-765,535
104,ALLY,2020-06-30,0 days 15:58:06.638099,432968,19.86,19.85,7062,2539,132,-3568
105,ALLY,2020-06-30,0 days 15:58:07.639221,429400,19.86,19.85,7107,3340,-3568,132
106,ALLY,2020-06-30,0 days 15:59:10.796067,446369,19.88,19.87,3200,1720,-5385,9495
107,ALLY,2020-06-30,0 days 15:59:13.802849,574624,19.86,19.85,4704,300,-20080,578
108,ALLY,2020-06-30,0 days 15:59:30.842014,579658,19.84,19.83,7024,2233,-8962,5038
109,AM,2020-06-30,0 days 15:55:46.601021,541834,5.09,5.08,5228,7077,7738,-4762
110,AM,2020-06-30,0 days 15:57:05.790770,553972,5.09,5.08,3300,8720,-942,11538
111,AM,2020-06-30,0 days 15:57:06.792993,547114,5.09,5.08,3600,8520,6858,-942
112,AM,2020-06-30,0 days 15:57:29.845927,548595,5.09,5.08,1644,8892,5377,-9423
113,AM,2020-06-30,0 days 15:59:04.073363,581654,5.09,5.08,400,13659,-1833,526
114,AM,2020-06-30,0 days 15:59:08.084155,577152,5.09,5.08,5163,9562,4502,-1833
115,ANF,2020-06-30,0 days 15:56:24.394206,153646,10.63,10.62,1600,3113,-17289,23511
116,ANF,2020-06-30,0 days 15:56:25.395607,152335,10.62,10.61,2100,1537,1311,-17289
117,ANF,2020-06-30,0 days 15:57:00.480925,155277,10.63,10.62,4387,1646,-10,38
118,ANF,2020-06-30,0 days 15:57:30.550395,155287,10.61,10.6,1754,4011,290,-10
119,ANF,2020-06-30,0 days 15:58:51.746921,155482,10.63,10.62,3871,2322,-345,2190
120,ANF,2020-06-30,0 days 15:58:52.748697,153640,10.63,10.62,3490,2511,1842,-345
121,ANF,2020-06-30,0 days 15:59:27.833246,163153,10.63,10.62,3830,2333,-274,809
122,ANF,2020-06-30,0 days 15:59:43.873552,162456,10.64,10.63,1300,9244,697,-2890
123,ANF,2020-06-30,0 days 15:59:44.876055,163153,10.64,10.63,300,10044,-262,697
124,ANF,2020-06-30,0 days 15:59:50.887548,161560,10.65,10.64,1700,8713,2156,-2486
125,APTV,2020-06-30,0 days 15:59:10.091333,363652,77.93,77.91,200,100,-2122,13529
126,APTV,2020-06-30,0 days 15:59:18.106809,361966,77.87,77.83,200,300,3041,-18652
127,APTV,2020-06-30,0 days 15:59:44.163853,363757,78.0,77.96,200,100,2461,-4700
128,APTV,2020-06-30,0 days 15:59:48.171183,366218,78.11,78.05,100,100,-743,739
129,APTV,2020-06-30,0 days 15:59:49.171989,365400,78.1,78.05,200,230,818,-743
130,AR,2020-06-30,0 days 15:59:06.719983,447900,2.54,2.53,54623,49183,-11388,4618
131,AR,2020-06-30,0 days 15:59:08.724525,412688,2.54,2.53,55023,44626,35212,-1888
132,AR,2020-06-30,0 days 15:59:38.796536,459441,2.54,2.53,65293,70842,-87232,124768
133,AR,2020-06-30,0 days 15:59:39.799374,450673,2.54,2.53,64193,70442,8768,-87232
134,AR,2020-06-30,0 days 15:59:44.812699,459441,2.54,2.53,50691,67225,-7991,8768
135,AR,2020-06-30,0 days 15:59:48.821863,454132,2.54,2.53,40373,67901,8070,-5230
136,ARMK,2020-06-30,0 days 15:55:43.321923,272074,22.68,22.66,106,300,-7259,10792
137,ARMK,2020-06-30,0 days 15:55:44.323595,268633,22.65,22.63,415,181,3441,-7259
138,ARMK,2020-06-30,0 days 15:56:13.393776,272579,22.67,22.66,500,200,-8954,3946
139,ARMK,2020-06-30,0 days 15:56:14.395512,270333,22.67,22.66,403,100,2246,-8954
140,ARMK,2020-06-30,0 days 15:57:43.607213,280279,22.57,22.56,200,100,-10968,1932
141,ARMK,2020-06-30,0 days 15:57:44.609629,278447,22.58,22.56,303,800,1832,-10968
142,ARMK,2020-06-30,0 days 15:58:07.665874,283879,22.57,22.56,300,201,-4203,5039
143,ARMK,2020-06-30,0 days 15:58:08.668417,282482,22.57,22.56,200,379,1397,-4203
144,ARMK,2020-06-30,0 days 15:58:46.761323,273474,22.56,22.55,251,291,10405,-9195
145,ARMK,2020-06-30,0 days 15:58:47.763222,283879,22.57,22.55,103,780,-6895,10405
146,ARMK,2020-06-30,0 days 15:58:48.765244,283354,22.56,22.55,300,200,525,-6895
147,ARMK,2020-06-30,0 days 15:58:58.790214,293479,22.52,22.51,400,200,-68575,1841
148,ASB,2020-06-30,0 days 15:55:00.781905,221762,13.76,13.75,4067,6546,9059,-11468
149,ASB,2020-06-30,0 days 15:55:01.776348,221121,13.75,13.74,3476,2320,-641,9059
150,ASB,2020-06-30,0 days 15:56:33.999426,226363,13.7,13.69,3381,2850,1558,-342
151,ASB,2020-06-30,0 days 15:58:01.209840,220333,13.69,13.68,2898,3130,-1333,5567
152,ATI,2020-06-30,0 days 15:56:04.344785,192576,10.17,10.16,1900,2003,-1295,2736
153,ATI,2020-06-30,0 days 15:56:05.347884,188271,10.17,10.16,2298,1203,4305,-1295
154,ATI,2020-06-30,0 days 15:57:05.493832,192989,10.17,10.16,2390,1258,-2516,1761
155,ATI,2020-06-30,0 days 15:57:06.495539,189805,10.17,10.16,2890,838,2784,-2516
156,ATI,2020-06-30,0 days 15:59:06.787043,192878,10.18,10.17,5000,1379,-15520,513
157,ATI,2020-06-30,0 days 15:59:07.789867,192432,10.16,10.15,1548,1681,2070,-15520
158,ATI,2020-06-30,0 days 15:59:38.860540,213495,10.2,10.19,1841,2895,-45,705
159,ATUS,2020-06-30,0 days 15:58:58.764075,926427,22.52,22.51,200,5403,11033,-134803
160,ATUS,2020-06-30,0 days 15:58:59.766970,876197,22.52,22.51,6100,776,-50230,11033
161,ATUS,2020-06-30,0 days 15:59:07.789695,928687,22.51,22.5,2000,3250,4898,-12064
162,ATUS,2020-06-30,0 days 15:59:15.807822,893564,22.52,22.51,400,4932,-41709,24664
163,ATUS,2020-06-30,0 days 15:59:28.835576,938207,22.54,22.53,2180,3136,21122,-6472
164,ATUS,2020-06-30,0 days 15:59:48.883256,939578,22.55,22.54,850,3497,9121,-3398
165,AU,2020-06-30,0 days 15:58:35.641651,140123,29.46,29.45,3311,1444,1602,-298
166,AU,2020-06-30,0 days 15:58:57.694203,144217,29.47,29.46,2600,661,2039,-461
167,AU,2020-06-30,0 days 15:59:08.724791,145742,29.48,29.47,1471,1846,369,-11731
168,AU,2020-06-30,0 days 15:59:10.731760,146390,29.48,29.47,1771,1564,-2995,648
169,AUY,2020-06-30,0 days 15:59:48.910889,124207,5.46,5.45,486982,50460,828,-572
170,AVTR,2020-06-30,0 days 15:59:45.742968,453511,17.05,17.04,1653,6300,-16748,155160
171,AVTR,2020-06-30,0 days 15:59:46.745270,446997,17.04,17.01,224,620,26232,-16748
172,AXL,2020-06-30,0 days 15:55:00.216911,123503,7.6,7.59,2549,2017,4377,-27194
173,AXL,2020-06-30,0 days 15:59:13.826994,161385,7.59,7.58,2631,3532,-7019,2368
174,AXL,2020-06-30,0 days 15:59:14.830187,159704,7.59,7.58,4431,1100,1181,-7019
175,AXL,2020-06-30,0 days 15:59:42.895253,161385,7.6,7.59,4300,5391,-1074,158
176,AXL,2020-06-30,0 days 15:59:43.897640,160359,7.6,7.59,7315,5181,726,-1074
177,AXL,2020-06-30,0 days 15:59:49.912835,160558,7.61,7.6,5365,4996,527,-773
178,AXP,2020-06-30,0 days 15:59:52.677527,648122,95.35,95.28,384,200,22060,-2881
179,AXP,2020-06-30,0 days 15:59:54.682513,646940,95.34,95.28,1100,200,-3781,19566
180,AZN,2020-06-30,0 days 15:59:40.153968,195877,52.87,52.86,1200,1725,-244,451
181,AZN,2020-06-30,0 days 15:59:48.171213,193576,52.9,52.89,601,2464,1825,-3170
182,AZUL,2020-06-30,0 days 15:55:49.182454,61601,11.19,11.18,4011,8405,-465,672
183,AZUL,2020-06-30,0 days 15:55:50.184806,58766,11.19,11.18,4011,9105,2835,-465
184,AZUL,2020-06-30,0 days 15:57:07.369072,62048,11.2,11.19,3110,10211,-988,2561
185,AZUL,2020-06-30,0 days 15:57:08.371072,59536,11.2,11.19,3110,5911,2512,-988
186,AZUL,2020-06-30,0 days 15:57:12.381283,62048,11.2,11.19,3110,10511,-4587,2512
187,AZUL,2020-06-30,0 days 15:57:13.386423,60135,11.2,11.19,3110,5611,1913,-4587
188,AZUL,2020-06-30,0 days 15:58:47.607386,61808,11.18,11.17,700,3836,-148,1178
189,AZUL,2020-06-30,0 days 15:58:49.615300,59856,11.18,11.17,1300,3936,1952,-448
190,AZUL,2020-06-30,0 days 15:59:05.654435,61808,11.18,11.17,1358,100,-1215,1749
191,AZUL,2020-06-30,0 days 15:59:06.657310,60723,11.17,11.16,1268,5100,1085,-1215
192,BA,2020-06-30,0 days 15:59:06.787147,511228,183.19,183.14,100,202,-732,33303
193,BA,2020-06-30,0 days 15:59:11.798510,514256,183.17,183.14,100,100,914,-2803
194,BA,2020-06-30,0 days 15:59:12.802089,512570,183.22,183.16,100,200,-1493,914
195,BA,2020-06-30,0 days 15:59:49.888591,506536,183.45,183.42,200,554,1330,-20934
196,BAC,2020-06-30,0 days 15:59:28.121369,7432140,23.75,23.74,72457,11724,-8395,13550
197,BAC,2020-06-30,0 days 15:59:29.123845,7423538,23.72,23.71,17461,43243,298802,-8395
198,BAM,2020-06-30,0 days 15:57:01.510135,32108,32.93,32.92,706,700,-214,86
199,BAM,2020-06-30,0 days 15:57:02.513022,31022,32.91,32.9,1312,200,1086,-214
200,BAM,2020-06-30,0 days 15:57:21.558633,32108,32.92,32.91,1177,600,-704,1086
201,BAM,2020-06-30,0 days 15:57:22.560768,31212,32.92,32.91,1377,1300,896,-704
202,BAM,2020-06-30,0 days 15:58:50.771247,33408,32.9,32.89,1681,881,-2620,1021
203,BAM,2020-06-30,0 days 15:58:51.773062,33144,32.9,32.89,1871,147,264,-2620
204,BAX,2020-06-30,0 days 15:59:48.750766,521285,86.22,86.17,1200,200,2560,-3525
205,BB,2020-06-30,0 days 15:56:39.302437,241374,4.89,4.88,16875,124751,-1162,8838
206,BB,2020-06-30,0 days 15:57:13.384693,226274,4.89,4.88,47982,107100,15100,-10000
207,BB,2020-06-30,0 days 15:59:48.751768,240975,4.89,4.88,108588,129296,6682,-3956
208,BBD,2020-06-30,0 days 15:59:47.463007,787955,3.8,3.79,35719,525621,-3359,8213
209,BBVA,2020-06-30,0 days 15:59:36.721015,22329,3.41,3.4,200946,248477,269,-731
210,BBY,2020-06-30,0 days 15:55:01.069498,333643,87.63,87.61,199,100,-12459,89823
211,BBY,2020-06-30,0 days 15:55:02.066514,330202,87.57,87.56,465,100,3441,-12459
212,BBY,2020-06-30,0 days 15:55:29.133186,334573,87.42,87.4,300,105,-3276,4946
213,BBY,2020-06-30,0 days 15:55:30.138070,333443,87.38,87.35,650,220,4143,-3276
214,BBY,2020-06-30,0 days 15:56:02.212534,340289,87.4,87.38,289,403,-3800,2402
215,BBY,2020-06-30,0 days 15:56:03.215191,339189,87.4,87.37,400,200,1100,-3800
216,BBY,2020-06-30,0 days 15:56:40.304742,341323,87.4,87.38,305,101,-2385,1185
217,BBY,2020-06-30,0 days 15:56:41.306662,340508,87.4,87.38,300,101,815,-2385
218,BBY,2020-06-30,0 days 15:57:43.452518,360594,87.31,87.28,510,404,-1519,2581
219,BBY,2020-06-30,0 days 15:57:44.455167,358013,87.31,87.28,400,398,2581,-1519
220,BBY,2020-06-30,0 days 15:57:50.470331,369494,87.26,87.24,350,200,-719,4581
221,BBY,2020-06-30,0 days 15:57:51.471625,362113,87.26,87.24,270,200,7381,-719
222,BBY,2020-06-30,0 days 15:57:58.490486,361413,87.3,87.25,200,386,2881,-1819
223,BBY,2020-06-30,0 days 15:58:36.581396,362642,87.29,87.27,100,495,2932,-2668
224,BBY,2020-06-30,0 days 15:58:57.632317,370072,87.26,87.24,400,403,2902,-598
225,BBY,2020-06-30,0 days 15:59:10.666758,381761,87.22,87.2,201,200,-4436,9864
226,BBY,2020-06-30,0 days 15:59:11.668101,379297,87.22,87.2,641,200,2464,-4436
227,BBY,2020-06-30,0 days 15:59:17.681077,381772,87.23,87.2,100,340,-2765,1915
228,BBY,2020-06-30,0 days 15:59:18.683680,379537,87.22,87.16,376,600,2235,-2765
229,BBY,2020-06-30,0 days 15:59:26.703246,377272,87.25,87.22,196,200,-2465,2035
230,BBY,2020-06-30,0 days 15:59:27.704171,375437,87.23,87.22,134,300,1835,-2465
231,BBY,2020-06-30,0 days 15:59:43.735892,366397,87.33,87.31,200,240,897,-1603
232,BBY,2020-06-30,0 days 15:59:46.745040,363994,87.41,87.37,300,253,-4470,897
233,BBY,2020-06-30,0 days 15:59:47.745756,363564,87.4,87.37,176,196,430,-4470
234,BBY,2020-06-30,0 days 15:59:50.751717,359968,87.41,87.35,400,197,4026,-222
235,BCS,2020-06-30,0 days 15:58:47.529077,39453,5.67,5.66,196591,44687,-154,5747
236,BCS,2020-06-30,0 days 15:59:02.566781,39601,5.67,5.66,189792,10090,4153,-148
237,BCS,2020-06-30,0 days 15:59:36.646545,44312,5.67,5.66,260986,45006,363,-537
238,BCS,2020-06-30,0 days 15:59:37.649566,44275,5.67,5.66,262186,40667,-37,363
239,BDN,2020-06-30,0 days 15:57:41.511981,404644,10.89,10.88,2700,3820,6759,-6929
240,BDN,2020-06-30,0 days 15:59:49.826350,456611,10.89,10.88,2400,3662,5773,-457
241,BDX,2020-06-30,0 days 15:56:49.387127,280780,239.89,239.78,241,100,-50,257
242,BDX,2020-06-30,0 days 15:56:50.390036,280790,239.87,239.78,184,123,9,-50
243,BDX,2020-06-30,0 days 15:57:00.413857,280799,239.85,239.79,200,337,-16,9
244,BDX,2020-06-30,0 days 15:57:02.423326,280715,239.71,239.56,274,100,84,-16
245,BDX,2020-06-30,0 days 15:57:35.495229,280811,239.66,239.55,100,100,-5288,1953
246,BDX,2020-06-30,0 days 15:57:36.497132,277599,239.64,239.55,190,100,3212,-5288
247,BDX,2020-06-30,0 days 15:58:04.567205,284295,239.61,239.5,221,120,-647,3980
248,BDX,2020-06-30,0 days 15:58:27.621020,284295,239.69,239.61,100,187,-355,3096
249,BDX,2020-06-30,0 days 15:58:33.636020,281940,239.69,239.6,100,201,2355,-1796
250,BDX,2020-06-30,0 days 15:58:56.691181,284324,239.62,239.5,112,100,-5179,3355
251,BDX,2020-06-30,0 days 15:58:57.694240,272811,239.62,239.5,112,200,11613,-5179
252,BDX,2020-06-30,0 days 15:58:58.697415,287408,239.63,239.5,100,201,-10442,11613
253,BDX,2020-06-30,0 days 15:58:59.699686,284842,239.49,239.37,112,300,2573,-10442
254,BDX,2020-06-30,0 days 15:59:05.716423,287415,239.44,239.41,108,100,-6244,2155
255,BDX,2020-06-30,0 days 15:59:07.722916,286363,239.45,239.37,200,200,1052,-2499
256,BDX,2020-06-30,0 days 15:59:15.743945,303084,239.44,239.37,151,200,-33237,2178
257,BE,2020-06-30,0 days 15:56:24.350153,283602,10.96,10.95,740,3421,-151,649
258,BE,2020-06-30,0 days 15:56:25.352793,283053,10.96,10.95,740,3421,549,-151
259,BE,2020-06-30,0 days 15:56:41.390865,283602,10.97,10.96,1352,683,-751,549
260,BE,2020-06-30,0 days 15:56:42.393602,283053,10.97,10.96,1352,583,549,-751
261,BE,2020-06-30,0 days 15:57:07.453676,286358,10.93,10.91,1000,928,-1320,549
262,BE,2020-06-30,0 days 15:57:08.456312,285978,10.91,10.9,801,1230,380,-1320
263,BE,2020-06-30,0 days 15:59:09.750659,298910,10.9,10.88,601,1713,-2254,1901
264,BE,2020-06-30,0 days 15:59:15.762813,303210,10.9,10.88,1400,3227,-354,646
265,BEN,2020-06-30,0 days 15:55:33.271867,621746,20.93,20.92,6300,500,-15765,10872
266,BEN,2020-06-30,0 days 15:55:34.272844,614811,20.93,20.92,3200,2000,6935,-15765
267,BEN,2020-06-30,0 days 15:57:38.568323,629609,21.02,21.01,790,3233,-4920,3415
268,BEN,2020-06-30,0 days 15:57:39.571203,625329,21.02,21.01,890,3333,4231,-4920
269,BEN,2020-06-30,0 days 15:57:45.587889,629609,21.01,21.0,4800,1639,-30,3221
270,BEN,2020-06-30,0 days 15:58:00.624110,628212,21.02,21.01,2491,410,3734,-3417
271,BEN,2020-06-30,0 days 15:58:02.627766,631995,21.02,21.01,2691,200,-2017,3734
272,BEN,2020-06-30,0 days 15:58:03.630967,628212,21.02,21.01,2891,100,3734,-2017
273,BEN,2020-06-30,0 days 15:59:03.777122,624734,20.96,20.95,2600,3301,9047,-1497
274,BEN,2020-06-30,0 days 15:59:05.784086,633781,20.98,20.97,2299,1050,-222,3073
275,BEN,2020-06-30,0 days 15:59:07.789814,635241,20.97,20.96,2912,1898,44666,-37172
276,BEN,2020-06-30,0 days 15:59:12.801920,688757,20.98,20.97,2740,924,-3222,12616
277,BEN,2020-06-30,0 days 15:59:13.802703,684841,20.98,20.97,5440,1604,3916,-3222
278,BEN,2020-06-30,0 days 15:59:15.808031,688757,20.98,20.97,5435,2200,-24373,3916
279,BEN,2020-06-30,0 days 15:59:16.807295,685592,20.97,20.96,2735,2800,3165,-24373
280,BEN,2020-06-30,0 days 15:59:23.823025,685750,20.98,20.97,1600,2680,4335,-1010
281,BEN,2020-06-30,0 days 15:59:41.868533,690973,21.0,20.99,4105,526,796,-148
282,BEN,2020-06-30,0 days 15:59:42.872210,690169,21.01,21.0,3496,300,-342,796
283,BIG,2020-06-30,0 days 15:55:00.149319,135847,41.98,41.96,200,1033,30,-7948
284,BIG,2020-06-30,0 days 15:55:01.157171,135577,41.97,41.96,200,1033,-270,30
285,BIG,2020-06-30,0 days 15:55:13.179721,135847,41.97,41.95,732,510,2052,-270
286,BIG,2020-06-30,0 days 15:56:03.299062,138826,42.06,42.04,526,216,-1077,2096
287,BIG,2020-06-30,0 days 15:56:26.356078,140399,42.03,42.02,138,1000,840,-173
288,BIG,2020-06-30,0 days 15:56:27.357584,140339,42.03,42.02,100,1023,-60,840
289,BIG,2020-06-30,0 days 15:57:35.520127,141025,42.01,41.99,100,300,76,-87
290,BIG,2020-06-30,0 days 15:58:39.674392,142496,42.11,42.09,301,620,429,-311
291,BIG,2020-06-30,0 days 15:58:54.710088,142925,42.13,42.12,472,387,-308,592
292,BIG,2020-06-30,0 days 15:59:01.729431,143007,42.09,42.05,100,200,1824,-76
293,BIG,2020-06-30,0 days 15:59:12.757226,149396,42.03,42.02,444,100,1619,-85
294,BILL,2020-06-30,0 days 15:56:01.294732,180319,90.7,90.61,100,100,-237,14863
295,BILL,2020-06-30,0 days 15:56:20.342045,180456,90.61,90.48,200,149,4,-96
296,BILL,2020-06-30,0 days 15:56:40.388883,180481,90.74,90.59,100,200,-2775,25
297,BILL,2020-06-30,0 days 15:56:41.390831,176556,90.74,90.59,100,200,3925,-2775
298,BILL,2020-06-30,0 days 15:57:08.456312,180481,90.9,90.72,100,100,-4287,3025
299,BILL,2020-06-30,0 days 15:57:09.458532,177268,90.9,90.72,100,200,3213,-4287
300,BILL,2020-06-30,0 days 15:59:55.852610,194421,90.34,90.02,100,200,-196,22937
301,BJ,2020-06-30,0 days 15:55:30.563856,150839,37.33,37.32,1196,396,-3050,1694
302,BJ,2020-06-30,0 days 15:55:31.563411,149589,37.33,37.32,1296,396,1250,-3050
303,BJ,2020-06-30,0 days 15:55:42.589512,150839,37.33,37.32,1000,633,-1150,1250
304,BJ,2020-06-30,0 days 15:55:43.591737,149789,37.34,37.32,406,608,1050,-1150
305,BJ,2020-06-30,0 days 15:58:38.008977,158789,37.3,37.28,706,1288,-3765,2235
306,BJ,2020-06-30,0 days 15:58:39.011508,157154,37.3,37.28,807,1388,1635,-3765
307,BJ,2020-06-30,0 days 15:59:07.083935,166242,37.27,37.26,306,374,-5580,2609
308,BJ,2020-06-30,0 days 15:59:10.091353,184205,37.26,37.25,795,410,846,-9263
309,BJ,2020-06-30,0 days 15:59:26.115346,190166,37.26,37.25,200,528,-1453,2047
310,BJ,2020-06-30,0 days 15:59:27.119116,189619,37.26,37.25,200,597,547,-1453
311,BJ,2020-06-30,0 days 15:59:28.121277,190166,37.26,37.25,202,497,-1394,547
312,BJ,2020-06-30,0 days 15:59:29.123768,192360,37.26,37.25,200,191,506,-1394
313,BJ,2020-06-30,0 days 15:59:43.160427,192966,37.28,37.27,100,500,-990,506
314,BJ,2020-06-30,0 days 15:59:47.168157,190952,37.31,37.29,400,500,14,-2786
315,BJ,2020-06-30,0 days 15:59:48.171236,190966,37.31,37.29,400,500,-1358,14
316,BK,2020-06-30,0 days 15:59:40.820100,836423,38.69,38.68,1602,3630,-1201,3991
317,BKR,2020-06-30,0 days 15:59:16.601042,812395,15.39,15.38,1032,5417,-81688,7296
318,BKR,2020-06-30,0 days 15:59:17.603164,800957,15.38,15.37,2000,4204,16038,-81688
319,BKR,2020-06-30,0 days 15:59:28.626949,824284,15.38,15.37,3514,3300,-5578,2427
320,BKR,2020-06-30,0 days 15:59:29.630272,822936,15.38,15.37,3312,3108,1348,-5578
321,BKR,2020-06-30,0 days 15:59:40.651777,820684,15.41,15.4,3967,4120,-32486,2348
322,BLD,2020-06-30,0 days 15:59:06.810551,83720,113.31,113.12,100,100,957,-1861
323,BLD,2020-06-30,0 days 15:59:07.812564,84677,113.31,113.12,100,100,-7528,957
324,BLD,2020-06-30,0 days 15:59:28.861023,92995,113.38,113.11,100,100,1069,-131
325,BLD,2020-06-30,0 days 15:59:35.878374,91562,113.76,113.39,100,400,-1693,267
326,BMY,2020-06-30,0 days 15:59:16.807247,2245467,58.88,58.87,800,1780,-119531,116655
327,BMY,2020-06-30,0 days 15:59:27.833199,2363776,58.87,58.86,2200,500,22996,-161906
328,BMY,2020-06-30,0 days 15:59:28.835670,2252672,58.92,58.91,1449,1400,-152648,22996
329,BMY,2020-06-30,0 days 15:59:39.863279,2377285,58.87,58.86,1996,1000,-792,13666
330,BMY,2020-06-30,0 days 15:59:51.892864,2430216,58.9,58.89,3251,200,14120,-14517
331,BOX,2020-06-30,0 days 15:56:48.748737,176683,20.85,20.84,1297,1832,2675,-825
332,BOX,2020-06-30,0 days 15:56:49.751907,165215,20.85,20.84,1097,1942,-11468,2675
333,BOX,2020-06-30,0 days 15:57:06.792874,176683,20.85,20.84,1872,1945,228,-3268
334,BOX,2020-06-30,0 days 15:57:29.845856,174316,20.85,20.84,1322,3579,-2367,259
335,BOX,2020-06-30,0 days 15:58:41.015297,193284,20.8,20.79,506,2478,-2993,1662
336,BOX,2020-06-30,0 days 15:59:43.160362,195274,20.83,20.81,1550,4905,27948,-1726
337,BOX,2020-06-30,0 days 15:59:49.171959,230351,20.79,20.78,3020,559,-109,3740
338,BP,2020-06-30,0 days 15:57:16.546447,139666,23.33,23.32,15777,3108,2116,-2684
339,BP,2020-06-30,0 days 15:57:17.548542,134282,23.33,23.32,15509,3383,-5384,2116
340,BP,2020-06-30,0 days 15:57:53.636097,139666,23.31,23.3,1301,15300,9443,-3913
341,BP,2020-06-30,0 days 15:57:54.635005,135709,23.32,23.31,11600,15557,-3957,9443
342,BP,2020-06-30,0 days 15:58:21.700091,139666,23.31,23.3,19278,14487,8644,-4712
343,BP,2020-06-30,0 days 15:58:22.702482,130610,23.31,23.3,17174,11887,-9056,8644
344,BP,2020-06-30,0 days 15:58:23.705436,139666,23.31,23.3,8270,13087,544,-9056
345,BP,2020-06-30,0 days 15:58:24.708336,135610,23.31,23.3,6971,13987,-4056,544
346,BP,2020-06-30,0 days 15:59:06.810345,140166,23.32,23.31,12852,20480,4870,-1810
347,BP,2020-06-30,0 days 15:59:11.823101,145036,23.32,23.31,12577,15988,-15,4870
348,BP,2020-06-30,0 days 15:59:16.832336,146651,23.32,23.31,6892,20348,385,-15
349,BRFS,2020-06-30,0 days 15:55:33.297980,29697,3.98,3.97,100250,68702,-475,525
350,BRFS,2020-06-30,0 days 15:56:38.453786,32508,3.98,3.97,120003,34542,3022,-2811
351,BRK.B,2020-06-30,0 days 15:59:42.735861,1291439,178.77,178.74,401,300,-368,10620
352,BRK.B,2020-06-30,0 days 15:59:43.737868,1285005,178.76,178.69,266,252,6434,-368
353,BRX,2020-06-30,0 days 15:55:00.190990,438530,12.82,12.81,2473,2456,5257,-163324
354,BRX,2020-06-30,0 days 15:57:48.592658,466659,12.8,12.79,2242,4610,-589,3311
355,BRX,2020-06-30,0 days 15:57:49.595001,465448,12.8,12.79,2142,5010,1211,-589
356,BRX,2020-06-30,0 days 15:57:54.607867,466659,12.8,12.79,3246,3910,-2889,5411
357,BRX,2020-06-30,0 days 15:57:55.609696,465448,12.8,12.79,3246,4763,1211,-2889
358,BRX,2020-06-30,0 days 15:58:07.639221,466659,12.8,12.79,4413,6260,-4089,1211
359,BRX,2020-06-30,0 days 15:58:08.642928,460148,12.8,12.79,3913,6260,6511,-4089
360,BRX,2020-06-30,0 days 15:59:05.784272,477754,12.79,12.78,7408,3242,2195,-5661
361,BRX,2020-06-30,0 days 15:59:28.835788,537076,12.81,12.8,6705,3946,5049,-4851
362,BSBR,2020-06-30,0 days 15:59:06.083394,43780,5.21,5.2,44925,27421,-1133,2406
363,BSBR,2020-06-30,0 days 15:59:07.084030,42213,5.21,5.2,45825,21123,1567,-1133
364,BSIG,2020-06-30,0 days 15:55:01.068399,92721,12.51,12.5,2382,5026,-44805,22959
365,BSIG,2020-06-30,0 days 15:55:23.118645,101770,12.49,12.47,2345,400,5533,-27
366,BSIG,2020-06-30,0 days 15:57:00.352162,122034,12.47,12.46,1583,500,-4189,1011
367,BSIG,2020-06-30,0 days 15:57:01.356295,120323,12.47,12.46,1801,400,1711,-4189
368,BSIG,2020-06-30,0 days 15:57:57.486131,122034,12.46,12.45,2205,880,-3754,1446
369,BSIG,2020-06-30,0 days 15:57:58.489824,120288,12.46,12.45,2205,980,1746,-3754
370,BSIG,2020-06-30,0 days 15:58:51.616903,122581,12.46,12.45,1808,498,-10541,2293
371,BSIG,2020-06-30,0 days 15:58:52.619184,121522,12.46,12.45,1701,498,1059,-10541
372,BSIG,2020-06-30,0 days 15:59:06.656126,124102,12.46,12.45,1700,862,-3448,1052
373,BSIG,2020-06-30,0 days 15:59:07.657891,123550,12.46,12.45,1700,362,552,-3448
374,BSIG,2020-06-30,0 days 15:59:16.678076,124102,12.46,12.45,610,300,-98,552
375,BSIG,2020-06-30,0 days 15:59:17.680302,124200,12.46,12.45,500,300,236,-98
376,BSIG,2020-06-30,0 days 15:59:18.682896,124436,12.46,12.45,700,200,-19264,236
377,BSX,2020-06-30,0 days 15:55:01.067963,1034455,35.27,35.26,3761,786,-172241,290015
378,BSX,2020-06-30,0 days 15:55:02.066166,1032596,35.25,35.24,1375,3800,1859,-172241
379,BSX,2020-06-30,0 days 15:56:40.303101,1197051,35.18,35.17,3201,3066,-10161,10727
380,BSX,2020-06-30,0 days 15:56:41.304724,1181212,35.18,35.17,3301,3166,15839,-10161
381,BSX,2020-06-30,0 days 15:57:53.477009,1223406,35.11,35.1,703,1600,-14496,17004
382,BSX,2020-06-30,0 days 15:57:54.482697,1208202,35.12,35.11,967,1101,15204,-14496
383,BSX,2020-06-30,0 days 15:58:54.625759,1233466,35.11,35.1,2582,100,-13457,16454
384,BSX,2020-06-30,0 days 15:58:55.627172,1214912,35.1,35.09,1200,400,18554,-13457
385,BSX,2020-06-30,0 days 15:59:05.654644,1286342,35.1,35.09,2491,1148,-9596,10515
386,BSX,2020-06-30,0 days 15:59:06.657197,1276027,35.09,35.08,1798,1200,24347,-9596
387,BSX,2020-06-30,0 days 15:59:21.682119,1385387,35.11,35.1,2200,300,-17201,12710
388,BSX,2020-06-30,0 days 15:59:22.684167,1368577,35.1,35.09,1000,3393,12410,-17201
389,BSX,2020-06-30,0 days 15:59:27.696737,1385387,35.11,35.1,2200,1200,-16,4802
390,BSX,2020-06-30,0 days 15:59:32.708747,1366168,35.1,35.09,200,3773,14819,-10292
391,BSX,2020-06-30,0 days 15:59:40.730104,1375587,35.14,35.13,1701,3600,-152,79
392,BSX,2020-06-30,0 days 15:59:48.749585,1357063,35.19,35.18,1000,2700,4662,-14784
393,BWA,2020-06-30,0 days 15:58:06.594766,283403,35.33,35.32,796,1661,5839,-6413
394,BWA,2020-06-30,0 days 15:58:07.596480,278942,35.33,35.32,696,2061,-3861,5839
395,BWA,2020-06-30,0 days 15:59:11.754777,301572,35.3,35.29,200,765,1417,-3386
396,BWA,2020-06-30,0 days 15:59:12.757060,298639,35.3,35.29,200,765,-2933,1417
397,BWA,2020-06-30,0 days 15:59:13.758584,302272,35.31,35.29,400,1700,3246,-2933
398,BWA,2020-06-30,0 days 15:59:14.761771,287918,35.3,35.29,1698,1500,-14120,3246
399,BWA,2020-06-30,0 days 15:59:27.786330,302746,35.32,35.31,314,928,1192,-1628
400,BWA,2020-06-30,0 days 15:59:29.791562,305138,35.32,35.31,295,651,-2976,1192
401,BYD,2020-06-30,0 days 15:59:13.673969,165882,20.9,20.89,400,1668,656,-233
402,C,2020-06-30,0 days 15:55:00.485967,1945971,51.5,51.49,900,1300,-44444,759238
403,C,2020-06-30,0 days 15:55:08.506416,1986415,51.43,51.42,1709,2184,2775,-5744
404,C,2020-06-30,0 days 15:55:09.508128,1983290,51.42,51.41,5643,100,-3125,2775
405,C,2020-06-30,0 days 15:55:33.569803,1994661,51.32,51.31,2746,354,539,-1861
406,C,2020-06-30,0 days 15:55:34.571467,1991100,51.32,51.31,2645,395,-3561,539
407,C,2020-06-30,0 days 15:55:38.580161,2001861,51.3,51.29,1550,1288,3856,-4261
408,C,2020-06-30,0 days 15:55:39.583306,1998317,51.31,51.3,4345,2505,-3544,3856
409,C,2020-06-30,0 days 15:55:41.587277,2002161,51.31,51.3,4147,1798,6926,-3844
410,C,2020-06-30,0 days 15:55:42.589444,1999687,51.31,51.3,4447,2399,-2474,6926
411,C,2020-06-30,0 days 15:55:52.615265,2007738,51.36,51.35,300,4654,3263,-7851
412,C,2020-06-30,0 days 15:55:53.616338,2003901,51.36,51.35,1591,2292,-3937,3263
413,C,2020-06-30,0 days 15:57:33.853191,2087050,51.24,51.23,1510,5072,21716,-5084
414,C,2020-06-30,0 days 15:57:34.859005,2079166,51.26,51.25,110,1900,-10384,21716
415,C,2020-06-30,0 days 15:57:35.856771,2089550,51.26,51.25,2908,701,16416,-10384
416,C,2020-06-30,0 days 15:57:36.858795,2085666,51.27,51.26,633,2201,-3884,16416
417,C,2020-06-30,0 days 15:57:47.885437,2121250,51.23,51.22,3623,500,18916,-20484
418,C,2020-06-30,0 days 15:58:58.058744,2235527,51.17,51.16,2254,1710,-111023,106830
419,C,2020-06-30,0 days 15:58:59.059822,2336221,51.17,51.16,2798,872,84806,-111023
420,C,2020-06-30,0 days 15:59:00.067928,2327191,51.17,51.16,3508,901,-8534,84806
421,C,2020-06-30,0 days 15:59:05.077545,2342705,51.16,51.15,300,35450,22461,-6701
422,C,2020-06-30,0 days 15:59:06.083149,2337775,51.16,51.15,2758,31987,-4730,22461
423,C,2020-06-30,0 days 15:59:13.096589,2352781,51.17,51.16,691,1092,-5829,6790
424,C,2020-06-30,0 days 15:59:14.096394,2359785,51.16,51.15,1111,1442,13336,-5829
425,C,2020-06-30,0 days 15:59:18.106667,2372821,51.16,51.15,611,1367,-2560,10646
426,C,2020-06-30,0 days 15:59:50.171690,2473338,51.18,51.17,1295,1643,38841,-16459
427,CAG,2020-06-30,0 days 15:59:10.752281,652593,35.27,35.25,1433,600,-552,27410
428,CAG,2020-06-30,0 days 15:59:39.814690,842474,35.22,35.21,2696,200,6549,-158658
429,CAG,2020-06-30,0 days 15:59:46.831892,827034,35.21,35.2,3619,400,-17535,34589
430,CARR,2020-06-30,0 days 15:56:08.231722,835805,22.28,22.27,1800,500,-3512,688
431,CARR,2020-06-30,0 days 15:56:09.231785,835017,22.26,22.25,600,600,788,-3512
432,CARR,2020-06-30,0 days 15:56:39.302550,835805,22.28,22.27,1632,1908,-8238,688
433,CARR,2020-06-30,0 days 15:57:40.448005,844939,22.24,22.23,800,1885,-2704,1496
434,CARR,2020-06-30,0 days 15:57:43.454849,844939,22.23,22.22,200,1471,-2604,496
435,CARR,2020-06-30,0 days 15:57:44.457041,844443,22.23,22.22,840,1304,3396,-2604
436,CARR,2020-06-30,0 days 15:57:45.465029,846839,22.23,22.22,1040,600,-2804,3396
437,CARR,2020-06-30,0 days 15:57:47.465288,844443,22.23,22.21,1862,716,496,-1604
438,CARR,2020-06-30,0 days 15:58:00.498096,846543,22.24,22.23,1300,1600,5796,-4804
439,CARR,2020-06-30,0 days 15:59:44.740662,895586,22.27,22.25,403,2200,2083,-2817
440,CARR,2020-06-30,0 days 15:59:50.756543,869095,22.29,22.26,4300,593,24774,-1026
441,CAT,2020-06-30,0 days 15:56:40.305079,370588,126.64,126.63,100,100,-5559,2425
442,CAT,2020-06-30,0 days 15:56:41.306652,368747,126.65,126.63,477,200,1841,-5559
443,CAT,2020-06-30,0 days 15:57:36.438190,376236,126.53,126.52,200,205,-2383,2017
444,CAT,2020-06-30,0 days 15:57:37.440024,373719,126.52,126.5,377,400,2517,-2383
445,CAT,2020-06-30,0 days 15:57:40.447975,376236,126.51,126.49,200,100,-1683,2517
446,CAT,2020-06-30,0 days 15:57:41.451087,373919,126.49,126.48,200,100,2317,-1683
447,CAT,2020-06-30,0 days 15:58:05.509207,381636,126.45,126.42,500,807,-3001,5999
448,CAT,2020-06-30,0 days 15:58:06.511571,380437,126.45,126.42,500,907,1199,-3001
449,CAT,2020-06-30,0 days 15:58:08.515976,381636,126.45,126.42,634,1110,-1801,1199
450,CAT,2020-06-30,0 days 15:58:09.518838,379137,126.45,126.42,738,1010,2499,-1801
451,CAT,2020-06-30,0 days 15:58:36.583458,384386,126.42,126.37,500,400,-8902,552
452,CAT,2020-06-30,0 days 15:58:37.586513,381088,126.42,126.37,500,400,3298,-8902
453,CAT,2020-06-30,0 days 15:59:42.736175,420298,126.55,126.53,200,600,-469,1478
454,CAT,2020-06-30,0 days 15:59:47.747620,419345,126.66,126.65,200,300,347,-10457
455,CC,2020-06-30,0 days 15:59:05.783976,233226,15.31,15.3,1900,2300,-2038,3159
456,CC,2020-06-30,0 days 15:59:06.786810,221768,15.31,15.3,1900,3000,11458,-2038
457,CC,2020-06-30,0 days 15:59:07.789655,233226,15.31,15.3,1300,1700,-13825,11458
458,CC,2020-06-30,0 days 15:59:08.793699,212955,15.3,15.29,900,1500,20271,-13825
459,CC,2020-06-30,0 days 15:59:11.798247,235396,15.31,15.3,900,3800,-5868,3871
460,CC,2020-06-30,0 days 15:59:12.801820,222668,15.31,15.3,1962,2100,10938,-5868
461,CC,2020-06-30,0 days 15:59:42.872119,233239,15.36,15.35,1400,4641,1391,-2805
462,CCL,2020-06-30,0 days 15:55:01.070012,769297,16.54,16.53,19841,981,-50,37517
463,CCL,2020-06-30,0 days 15:57:00.352880,824477,16.43,16.42,2687,5549,2388,-3745
464,CCL,2020-06-30,0 days 15:57:01.357084,813965,16.43,16.42,5059,4611,-10512,2388
465,CCL,2020-06-30,0 days 15:57:13.386490,814912,16.41,16.4,31487,1300,-9910,2657
466,CCL,2020-06-30,0 days 15:57:20.401389,824822,16.41,16.4,26936,7820,557,-9910
467,CCL,2020-06-30,0 days 15:57:35.434189,824822,16.43,16.42,38515,3110,8647,-12353
468,CCL,2020-06-30,0 days 15:57:36.436015,816169,16.43,16.42,38315,3610,-8653,8647
469,CCL,2020-06-30,0 days 15:57:37.438274,824822,16.43,16.42,38415,4010,12147,-8653
470,CCL,2020-06-30,0 days 15:57:42.450030,820736,16.44,16.43,13297,8597,-4301,7114
471,CCL,2020-06-30,0 days 15:57:45.464151,825037,16.44,16.43,16876,7541,4699,-701
472,CCL,2020-06-30,0 days 15:57:47.462743,822136,16.44,16.43,19315,3107,-2901,1199
473,CCL,2020-06-30,0 days 15:57:49.468422,825037,16.43,16.42,14821,7323,7532,-2901
474,CCL,2020-06-30,0 days 15:58:00.496220,815669,16.43,16.42,16719,8239,-9868,7932
475,CCL,2020-06-30,0 days 15:58:33.573851,825537,16.42,16.41,15516,2249,4832,-68
476,CCL,2020-06-30,0 days 15:58:34.577746,821969,16.42,16.41,15251,2949,-3568,4832
477,CCL,2020-06-30,0 days 15:58:45.603531,825722,16.41,16.4,9400,3442,27747,-2063
478,CCL,2020-06-30,0 days 15:59:11.668328,855484,16.42,16.41,6900,5242,7967,-7925
479,CCL,2020-06-30,0 days 15:59:12.672070,852651,16.42,16.41,6965,3332,-2833,7967
480,CCL,2020-06-30,0 days 15:59:20.688854,825219,16.42,16.41,6712,4599,-30265,32445
481,CDE,2020-06-30,0 days 15:59:07.722967,643971,5.07,5.06,45558,7806,-23787,14695
482,CDE,2020-06-30,0 days 15:59:08.724890,625684,5.07,5.06,49658,3406,18287,-23787
483,CDE,2020-06-30,0 days 15:59:46.816035,645224,5.06,5.05,19909,34159,-7819,2133
484,CDE,2020-06-30,0 days 15:59:48.822237,634869,5.06,5.05,10709,45019,10355,-7819
485,CEQP,2020-06-30,0 days 15:55:00.217079,66869,13.14,13.13,200,100,14484,-16451
486,CF,2020-06-30,0 days 15:55:01.069541,344480,28.29,28.28,753,603,2754,-40426
487,CF,2020-06-30,0 days 15:55:02.066514,337134,28.29,28.28,724,1201,-7346,2754
488,CF,2020-06-30,0 days 15:56:27.275000,356824,28.19,28.18,2201,1923,196,-349
489,CF,2020-06-30,0 days 15:56:39.301656,357207,28.22,28.21,1609,1337,-2809,383
490,CF,2020-06-30,0 days 15:57:49.468326,363829,28.19,28.18,1549,1000,-3287,4813
491,CF,2020-06-30,0 days 15:58:18.538064,367116,28.18,28.17,1111,700,15041,-1477
492,CF,2020-06-30,0 days 15:58:19.540040,361057,28.18,28.17,1211,200,-6059,15041
493,CF,2020-06-30,0 days 15:59:05.654292,369041,28.18,28.17,1500,800,23920,-2786
494,CF,2020-06-30,0 days 15:59:06.657015,356945,28.18,28.17,700,1003,-12096,23920
495,CF,2020-06-30,0 days 15:59:38.724053,443388,28.16,28.15,1500,1075,3328,-6172
496,CF,2020-06-30,0 days 15:59:43.735892,438611,28.16,28.15,500,2170,-4777,6823
497,CF,2020-06-30,0 days 15:59:55.765555,443388,28.16,28.15,1100,200,304,-3547
498,CFG,2020-06-30,0 days 15:58:40.591303,659674,25.21,25.2,1223,3335,-396,13429
499,CFG,2020-06-30,0 days 15:59:09.664106,695200,25.18,25.17,100,3600,-14008,12903
500,CFG,2020-06-30,0 days 15:59:10.667104,691618,25.19,25.18,800,1600,141,-14008
501,CFG,2020-06-30,0 days 15:59:42.734506,690811,25.25,25.24,1220,5000,2623,-6386
502,CFG,2020-06-30,0 days 15:59:43.736077,694234,25.25,25.24,586,4478,-5567,2623
503,CGC,2020-06-30,0 days 15:56:56.768440,14959,16.19,16.17,2000,100,6,-394
504,CGC,2020-06-30,0 days 15:56:57.770558,14565,16.19,16.17,2000,100,-394,6
505,CGC,2020-06-30,0 days 15:57:20.830438,14959,16.19,16.18,300,4127,85,-394
506,CHGG,2020-06-30,0 days 15:55:00.782068,183734,67.49,67.43,100,200,20304,-82904
507,CHGG,2020-06-30,0 days 15:55:01.776476,182738,67.5,67.43,100,427,-1446,20304
508,CHGG,2020-06-30,0 days 15:57:08.082637,195283,67.31,67.3,100,300,9609,-2719
509,CHGG,2020-06-30,0 days 15:57:09.083697,192792,67.36,67.33,200,900,-3659,9609
510,CHGG,2020-06-30,0 days 15:58:08.225600,201883,67.4,67.37,117,300,4801,-3539
511,CHGG,2020-06-30,0 days 15:58:09.227839,199184,67.4,67.39,122,190,-2483,4801
512,CHGG,2020-06-30,0 days 15:59:55.476894,216785,67.36,67.29,200,200,1088,-3380
513,CHWY,2020-06-30,0 days 15:55:00.487785,59095,44.9,44.89,200,100,-128,5045
514,CHWY,2020-06-30,0 days 15:55:42.589557,59823,44.84,44.81,200,200,69,-31
515,CHWY,2020-06-30,0 days 15:55:48.603989,59892,44.85,44.82,1500,400,-128,69
516,CHWY,2020-06-30,0 days 15:55:49.607052,59516,44.84,44.81,409,200,376,-128
517,CHWY,2020-06-30,0 days 15:56:00.634233,59903,44.81,44.79,100,549,-154,376
518,CHWY,2020-06-30,0 days 15:57:15.815916,60315,44.74,44.71,501,390,409,-91
519,CHWY,2020-06-30,0 days 15:57:16.817861,60224,44.74,44.71,501,390,-91,409
520,CHWY,2020-06-30,0 days 15:57:20.830559,60815,44.75,44.74,100,100,6467,-91
521,CHWY,2020-06-30,0 days 15:58:08.937591,72882,44.73,44.71,100,400,-2333,1295
522,CHWY,2020-06-30,0 days 15:58:09.940239,71715,44.74,44.73,300,200,967,-2333
523,CHWY,2020-06-30,0 days 15:58:47.029975,72713,44.77,44.74,200,401,-65,414
524,CHWY,2020-06-30,0 days 15:58:49.035053,71978,44.77,44.74,322,492,735,-65
525,CHWY,2020-06-30,0 days 15:58:51.041742,73913,44.75,44.72,400,518,-1227,735
526,CHWY,2020-06-30,0 days 15:59:12.094521,90113,44.72,44.71,145,197,-4968,1260
527,CHWY,2020-06-30,0 days 15:59:25.113255,94041,44.71,44.68,1600,301,-1387,1613
528,CHWY,2020-06-30,0 days 15:59:28.121408,95428,44.71,44.68,409,201,1913,-5015
529,CHWY,2020-06-30,0 days 15:59:29.123868,94041,44.72,44.68,209,301,-1387,1913
530,CHX,2020-06-30,0 days 15:59:17.675642,315417,9.77,9.76,2180,2194,9825,-15634
531,CHX,2020-06-30,0 days 15:59:18.678489,309300,9.77,9.76,632,2194,-6117,9825
532,CIG,2020-06-30,0 days 15:59:47.462851,783712,2.06,2.05,285687,408074,15323,-18058
533,CIM,2020-06-30,0 days 15:59:06.659483,351371,9.61,9.6,13545,11110,4597,-5740
534,CIM,2020-06-30,0 days 15:59:07.661207,355968,9.61,9.6,10100,12610,-13998,4597
535,CIM,2020-06-30,0 days 15:59:08.663241,352729,9.61,9.6,14445,9900,3239,-13998
536,CIM,2020-06-30,0 days 15:59:40.732285,356837,9.61,9.6,11845,15982,-631,2834
537,CIT,2020-06-30,0 days 15:56:51.392084,121425,20.7,20.69,500,300,3806,-194
538,CIT,2020-06-30,0 days 15:56:52.394224,121231,20.7,20.69,316,600,-194,3806
539,CIT,2020-06-30,0 days 15:57:01.417502,121425,20.69,20.67,500,718,706,-194
540,CIT,2020-06-30,0 days 15:57:02.423177,121231,20.69,20.67,500,118,-194,706
541,CIT,2020-06-30,0 days 15:57:19.458889,120115,20.67,20.66,200,400,538,-172
542,CIT,2020-06-30,0 days 15:57:21.462962,119753,20.69,20.67,300,760,-562,438
543,CIT,2020-06-30,0 days 15:57:45.525454,121625,20.67,20.66,300,400,878,-422
544,CIT,2020-06-30,0 days 15:57:46.525418,121203,20.68,20.67,357,477,-422,878
545,CIT,2020-06-30,0 days 15:57:57.548677,121625,20.68,20.67,139,700,3585,-415
546,CIT,2020-06-30,0 days 15:57:58.550818,121260,20.68,20.67,332,802,-665,3585
547,CIT,2020-06-30,0 days 15:58:02.561805,121925,20.68,20.67,200,402,1635,-665
548,CIT,2020-06-30,0 days 15:58:03.565427,121260,20.68,20.67,600,200,-1015,1635
549,CIT,2020-06-30,0 days 15:58:07.572561,122275,20.68,20.67,600,200,1885,-1015
550,CIT,2020-06-30,0 days 15:58:08.575152,121651,20.68,20.67,600,300,-624,1885
551,CIT,2020-06-30,0 days 15:58:11.583191,122275,20.68,20.67,600,300,1576,-624
552,CIT,2020-06-30,0 days 15:58:13.588531,121651,20.67,20.66,300,1083,-1024,1276
553,CIT,2020-06-30,0 days 15:58:43.662172,129377,20.67,20.66,400,600,722,-126
554,CIT,2020-06-30,0 days 15:59:50.824759,136865,20.73,20.72,200,362,1765,-135
555,CL,2020-06-30,0 days 15:59:43.809991,844207,73.36,73.34,500,700,-282,309
556,CLDR,2020-06-30,0 days 15:59:06.720155,358322,12.73,12.72,4605,2558,-8208,9064
557,CLDR,2020-06-30,0 days 15:59:17.747051,361649,12.74,12.73,4705,3705,-13867,6261
558,CLDR,2020-06-30,0 days 15:59:18.749380,359316,12.74,12.73,6805,2705,3730,-13867
559,CLF,2020-06-30,0 days 15:57:29.576537,488716,5.52,5.51,55354,24582,5741,-5859
560,CLF,2020-06-30,0 days 15:59:45.903688,508928,5.52,5.51,90581,42802,-719,2313
561,CLF,2020-06-30,0 days 15:59:48.911413,507193,5.52,5.51,84381,54002,1635,-12065
562,CLGX,2020-06-30,0 days 15:59:05.574515,221814,67.32,67.29,234,287,1654,-2530
563,CLGX,2020-06-30,0 days 15:59:09.585109,220596,67.3,67.29,500,336,-1366,3218
564,CLGX,2020-06-30,0 days 15:59:14.597524,222462,67.31,67.29,600,234,322,-5082
565,CLGX,2020-06-30,0 days 15:59:46.666179,212638,67.35,67.32,100,680,-11725,5592
566,CLNY,2020-06-30,0 days 15:55:00.990858,505580,2.4,2.39,10650,63740,-161648,73553
567,CLNY,2020-06-30,0 days 15:59:05.574452,542387,2.4,2.39,10434,40203,35041,-31008
568,CLNY,2020-06-30,0 days 16:00:00.694926,661840,2.4,2.37,565,2507,-19446,14554
569,CLR,2020-06-30,0 days 15:55:00.990920,213314,17.59,17.58,1917,2758,-48999,43523
570,CLR,2020-06-30,0 days 15:55:57.122669,247815,17.56,17.55,1497,400,1782,-3472
571,CLR,2020-06-30,0 days 15:55:58.124582,245797,17.55,17.54,1300,1645,-2018,1782
572,CLR,2020-06-30,0 days 15:56:48.244539,250263,17.51,17.5,800,900,134,-2366
573,CLR,2020-06-30,0 days 15:56:50.250096,246197,17.51,17.5,960,500,-4066,134
574,CLR,2020-06-30,0 days 15:58:52.541149,254149,17.49,17.48,1000,1000,-2414,4386
575,CLR,2020-06-30,0 days 15:59:07.579920,260889,17.49,17.48,1100,400,7978,-3400
576,CLR,2020-06-30,0 days 15:59:08.582318,258967,17.5,17.49,2212,1644,-863,7978
577,CNC,2020-06-30,0 days 15:57:39.443575,563540,63.86,63.84,400,100,-1256,7844
578,CNC,2020-06-30,0 days 15:57:40.446635,557796,63.8,63.79,100,300,5744,-1256
579,CNC,2020-06-30,0 days 15:57:50.470400,563540,63.78,63.75,701,200,-4256,1344
580,CNC,2020-06-30,0 days 15:58:07.511336,563551,63.82,63.8,300,400,-3205,355
581,CNC,2020-06-30,0 days 15:58:16.533274,563551,63.79,63.76,300,640,-2634,15266
582,CNC,2020-06-30,0 days 15:59:10.666758,578183,63.74,63.72,200,440,-8181,18804
583,CNK,2020-06-30,0 days 15:59:07.745466,262554,11.54,11.53,3152,1010,19606,-12077
584,CNK,2020-06-30,0 days 15:59:08.747217,259375,11.54,11.53,2830,1010,-3179,19606
585,CNK,2020-06-30,0 days 15:59:17.762873,264554,11.54,11.53,2835,1802,14501,-2867
586,CNK,2020-06-30,0 days 15:59:18.765542,263870,11.55,11.54,1900,1500,-3784,14501
587,CNK,2020-06-30,0 days 15:59:23.776940,268954,11.56,11.55,1500,1300,827,-8484
588,CNP,2020-06-30,0 days 15:55:01.775522,735595,18.76,18.75,7020,4900,-78458,15589
589,CNP,2020-06-30,0 days 15:55:02.777203,728253,18.76,18.75,7920,3800,7342,-78458
590,CNP,2020-06-30,0 days 15:55:12.803933,738170,18.74,18.73,9015,2465,-461,10217
591,CNP,2020-06-30,0 days 15:55:13.805807,725531,18.74,18.73,11103,2100,12639,-461
592,CNP,2020-06-30,0 days 15:59:17.392624,812931,18.67,18.66,4104,11571,-33570,7743
593,CNP,2020-06-30,0 days 15:59:28.416036,819430,18.66,18.65,10141,6474,2709,-2899
594,CNQ,2020-06-30,0 days 15:57:02.489216,171972,17.44,17.43,4600,3816,-13394,12206
595,CNQ,2020-06-30,0 days 15:57:03.489191,161566,17.44,17.43,1800,6016,10406,-13394
596,CNQ,2020-06-30,0 days 15:58:56.761209,183746,17.45,17.44,4800,4040,-444,164
597,CNQ,2020-06-30,0 days 15:59:10.795974,179561,17.45,17.44,8635,5962,6024,-360
598,CNQ,2020-06-30,0 days 15:59:29.841027,187278,17.45,17.44,6308,3720,-114,7717
599,CNQ,2020-06-30,0 days 15:59:31.842876,182108,17.42,17.41,6521,6030,9070,-914
600,CNQ,2020-06-30,0 days 15:59:41.868659,184102,17.44,17.43,4623,7510,1680,-7301
601,CNX,2020-06-30,0 days 15:59:07.812324,307202,8.63,8.62,4610,1040,-16620,1509
602,CNX,2020-06-30,0 days 15:59:08.814940,280522,8.62,8.61,3462,1668,30280,-16620
603,COF,2020-06-30,0 days 15:55:00.216640,488436,62.9,62.89,346,100,-11739,40005
604,COF,2020-06-30,0 days 15:55:43.322074,502480,62.69,62.68,569,1151,3904,-1906
605,COF,2020-06-30,0 days 15:55:44.323644,496384,62.68,62.67,200,1006,-6096,3904
606,COF,2020-06-30,0 days 15:56:07.379020,515680,62.74,62.73,300,700,2511,-6589
607,COF,2020-06-30,0 days 15:56:08.382881,509391,62.72,62.71,627,511,-6289,2511
608,COF,2020-06-30,0 days 15:56:52.488196,522807,62.68,62.67,1979,1200,3344,-5756
609,COF,2020-06-30,0 days 15:56:53.489898,515700,62.68,62.67,1754,1701,-7107,3344
610,COF,2020-06-30,0 days 15:57:33.583158,522807,62.5,62.49,505,400,981,-4184
611,COF,2020-06-30,0 days 15:57:34.586227,516362,62.5,62.49,319,500,-6445,981
612,COF,2020-06-30,0 days 15:57:35.587887,522807,62.5,62.49,400,601,255,-6445
613,COF,2020-06-30,0 days 15:57:38.595154,519288,62.56,62.54,500,300,-3519,1955
614,COF,2020-06-30,0 days 15:57:41.603399,522807,62.58,62.56,400,200,381,-719
615,COF,2020-06-30,0 days 15:57:43.607462,520688,62.57,62.56,300,1000,-2119,3981
616,COF,2020-06-30,0 days 15:57:44.609659,522807,62.57,62.56,567,1045,2581,-2119
617,COF,2020-06-30,0 days 15:57:57.641216,522807,62.57,62.56,999,518,8681,-419
618,COF,2020-06-30,0 days 15:58:04.660197,515388,62.6,62.59,200,400,-7419,381
619,COF,2020-06-30,0 days 15:58:14.686431,523288,62.56,62.54,1091,200,-226,11974
620,COF,2020-06-30,0 days 15:58:20.697914,523514,62.55,62.54,810,589,4380,-220
621,COF,2020-06-30,0 days 15:58:53.777403,527824,62.56,62.55,1917,600,501,-3699
622,COF,2020-06-30,0 days 15:58:54.780565,515525,62.59,62.57,300,300,-21999,501
623,COF,2020-06-30,0 days 15:59:04.806009,538065,62.56,62.55,700,400,-9818,891
624,COF,2020-06-30,0 days 15:59:05.807774,537983,62.55,62.54,609,825,82,-9818
625,COF,2020-06-30,0 days 15:59:31.868062,573461,62.56,62.55,801,863,-7339,3361
626,COF,2020-06-30,0 days 15:59:33.873729,567200,62.56,62.55,1216,827,1661,-2539
627,COF,2020-06-30,0 days 15:59:52.917942,551898,62.64,62.61,600,600,2927,-4973
628,COG,2020-06-30,0 days 15:55:00.992176,688399,17.2,17.19,3569,1533,-41032,30982
629,COG,2020-06-30,0 days 15:56:48.244595,733700,17.18,17.17,5337,1312,1327,-1673
630,COG,2020-06-30,0 days 15:57:09.298999,727231,17.17,17.16,7420,2815,-6835,4965
631,COG,2020-06-30,0 days 15:57:16.313912,734066,17.17,17.16,7423,3328,4965,-1235
632,COG,2020-06-30,0 days 15:57:50.390708,797531,17.17,17.16,3998,3360,-1130,7470
633,COG,2020-06-30,0 days 15:57:51.392600,790061,17.17,17.16,4798,3090,7470,-1130
634,COG,2020-06-30,0 days 15:58:40.511445,800426,17.19,17.18,2663,6256,-3141,6414
635,COG,2020-06-30,0 days 15:58:42.516270,787967,17.19,17.18,3206,5941,4759,-2241
636,COG,2020-06-30,0 days 15:59:07.580025,794166,17.19,17.18,2716,497,10841,-1181
637,COG,2020-06-30,0 days 15:59:11.590447,814446,17.18,17.17,3216,1900,-9719,6380
638,COG,2020-06-30,0 days 15:59:20.609510,823852,17.17,17.16,2804,1313,143,-1457
639,COG,2020-06-30,0 days 15:59:28.626983,828295,17.17,17.16,3434,500,-1257,1043
640,COG,2020-06-30,0 days 15:59:42.655136,838237,17.18,17.17,3744,1100,51,-742
641,COP,2020-06-30,0 days 15:59:16.762052,982009,42.17,42.16,100,500,-200436,69784
642,COP,2020-06-30,0 days 15:59:55.852730,1080453,42.04,42.03,886,500,2806,-2261
643,COTY,2020-06-30,0 days 15:55:01.071286,475093,4.5,4.49,54683,37601,-2206,15194
644,COTY,2020-06-30,0 days 15:56:39.302437,487936,4.48,4.47,86012,14035,9770,-28268
645,COTY,2020-06-30,0 days 15:57:18.396807,487936,4.47,4.46,86794,11996,16093,-29409
646,COTY,2020-06-30,0 days 15:57:51.474456,484338,4.46,4.45,68460,17876,36106,-43894
647,COTY,2020-06-30,0 days 15:57:52.476832,440444,4.46,4.45,57174,28379,-43894,36106
648,COTY,2020-06-30,0 days 15:59:36.720958,677095,4.45,4.44,30178,113519,-30897,155809
649,CPE,2020-06-30,0 days 15:58:10.581532,171388,1.16,1.15,176454,161395,-3521,1016
650,CPE,2020-06-30,0 days 15:58:57.694069,170372,1.16,1.15,227816,82120,1016,-2721
651,CPE,2020-06-30,0 days 15:59:04.715513,172188,1.16,1.15,125890,58330,-13592,1016
652,CPRI,2020-06-30,0 days 15:57:00.504879,250617,15.72,15.71,1963,1742,278,-2322
653,CPRI,2020-06-30,0 days 15:57:35.584610,240005,15.72,15.71,1357,3455,-9862,1038
654,CPRI,2020-06-30,0 days 15:57:47.614420,249867,15.73,15.72,2511,516,738,-2462
655,CPRI,2020-06-30,0 days 15:57:48.616461,241005,15.73,15.72,2711,400,-8862,738
656,CPRI,2020-06-30,0 days 15:59:06.809615,254697,15.73,15.72,1325,410,639,-9176
657,CPRI,2020-06-30,0 days 15:59:07.811864,249105,15.73,15.72,1525,200,-5592,639
658,CPRI,2020-06-30,0 days 15:59:38.884221,256310,15.64,15.63,2040,1708,-3528,9272
659,CRM,2020-06-30,0 days 15:59:19.397708,740139,187.28,187.27,100,1198,-1708,683
660,CS,2020-06-30,0 days 15:59:36.721130,47952,10.31,10.3,82164,87628,201,-399
661,CS,2020-06-30,0 days 15:59:37.723030,47853,10.31,10.3,82160,87628,-99,201
662,CTL,2020-06-30,0 days 15:56:38.299615,1388179,10.05,10.04,57054,10665,50832,-32368
663,CTL,2020-06-30,0 days 15:56:39.301818,1194911,10.05,10.04,67654,8463,-208622,50832
664,CTL,2020-06-30,0 days 15:57:06.366478,1382242,10.02,10.01,35828,15554,-19591,9800
665,CTL,2020-06-30,0 days 15:57:57.486951,1405233,10.02,10.01,24189,27099,2474,-2352
666,CTL,2020-06-30,0 days 15:57:58.490629,1387207,10.02,10.01,19389,29507,-18026,2474
667,CTL,2020-06-30,0 days 15:59:06.657581,1461733,10.03,10.02,28814,37525,155892,-16743
668,CTL,2020-06-30,0 days 15:59:16.679225,1554430,10.02,10.01,7500,44599,251719,-4904
669,CTVA,2020-06-30,0 days 15:55:00.217723,841658,27.05,27.04,3059,373,-108044,61466
670,CTVA,2020-06-30,0 days 15:57:48.619514,958554,26.81,26.8,200,600,761,-1339
671,CTVA,2020-06-30,0 days 15:57:49.622444,957215,26.84,26.83,300,700,-1339,761
672,CTVA,2020-06-30,0 days 15:57:52.629555,958666,26.83,26.81,1100,500,856,-1451
673,CTVA,2020-06-30,0 days 15:57:53.636157,957422,26.84,26.83,2600,200,-1244,856
674,CTVA,2020-06-30,0 days 15:58:01.652860,958666,26.83,26.82,2103,1800,1423,-1244
675,CTVA,2020-06-30,0 days 15:58:02.654146,945789,26.83,26.82,2103,2162,-12877,1423
676,CTVA,2020-06-30,0 days 15:59:46.904636,1034738,26.81,26.8,4443,2431,12302,-11503
677,CTVA,2020-06-30,0 days 15:59:47.907791,1025140,26.82,26.81,1626,2000,-11418,12302
678,CUK,2020-06-30,0 days 15:57:05.366217,31384,12.59,12.58,1808,810,672,-1098
679,CUK,2020-06-30,0 days 15:57:06.367895,30756,12.59,12.58,1808,810,-628,672
680,CUK,2020-06-30,0 days 15:57:16.392456,30925,12.58,12.57,2108,700,-459,541
681,CVE,2020-06-30,0 days 15:55:30.140127,100947,4.69,4.68,103264,101555,61155,-82445
682,CVE,2020-06-30,0 days 15:55:31.140071,93602,4.69,4.68,103364,101555,-7345,61155
683,CVE,2020-06-30,0 days 15:59:01.647584,103755,4.69,4.68,168754,33810,26857,-49949
684,CVE,2020-06-30,0 days 15:59:19.679119,101250,4.68,4.67,117602,140465,-2470,6444
685,CVS,2020-06-30,0 days 15:55:01.069498,1131206,65.22,65.2,1522,700,-59906,196186
686,CVS,2020-06-30,0 days 15:55:02.066514,1125824,65.18,65.17,212,898,5382,-59906
687,CVS,2020-06-30,0 days 15:57:03.360254,1157702,65.06,65.05,200,675,-421,8793
688,CVS,2020-06-30,0 days 15:57:12.381172,1152323,65.03,65.02,400,675,5429,-831
689,CVS,2020-06-30,0 days 15:57:39.443513,1166772,65.1,65.09,575,349,-9401,4299
690,CVS,2020-06-30,0 days 15:57:41.449517,1165773,65.07,65.06,175,310,999,-3501
691,CVS,2020-06-30,0 days 15:57:50.470331,1166772,65.03,65.02,575,100,-8201,10499
692,CVS,2020-06-30,0 days 15:57:52.474801,1166623,65.03,65.01,475,1175,149,-6951
693,CVS,2020-06-30,0 days 15:57:53.476482,1166772,65.03,65.01,672,1175,-3051,149
694,CVS,2020-06-30,0 days 15:57:55.481111,1166623,65.04,65.03,475,200,149,-2851
695,CVS,2020-06-30,0 days 15:58:36.581396,1159602,65.05,65.04,100,1175,-5846,2774
696,CVS,2020-06-30,0 days 15:58:37.583687,1155048,65.05,65.04,303,1175,4554,-5846
697,CVS,2020-06-30,0 days 15:59:47.745756,1256362,65.14,65.11,401,475,-22546,2061
698,CVX,2020-06-30,0 days 15:56:38.299840,1352050,89.75,89.74,1310,200,-16960,14159
699,CVX,2020-06-30,0 days 15:56:39.302570,1268553,89.65,89.62,500,395,83497,-16960
700,CVX,2020-06-30,0 days 15:59:16.674247,1444419,89.48,89.47,800,100,-206884,114431
701,CX,2020-06-30,0 days 15:55:00.189530,142808,2.87,2.86,201049,217420,121680,-121205
702,CX,2020-06-30,0 days 15:59:01.773697,271084,2.87,2.86,292589,25569,-83406,105394
703,CX,2020-06-30,0 days 15:59:02.776582,263590,2.87,2.86,306689,26869,7494,-83406
704,CX,2020-06-30,0 days 15:59:07.789617,275884,2.87,2.86,351077,14796,-217,22583
705,CX,2020-06-30,0 days 15:59:13.802545,236674,2.87,2.86,380847,14586,35910,-80090
706,CXO,2020-06-30,0 days 15:55:00.992055,237307,51.66,51.63,200,101,-62417,45543
707,CXO,2020-06-30,0 days 15:55:02.992063,235924,51.66,51.64,200,200,1383,-8717
708,CXO,2020-06-30,0 days 15:58:40.511415,260838,51.64,51.63,100,100,-3986,4714
709,CXO,2020-06-30,0 days 15:58:41.516273,258224,51.64,51.63,100,100,2614,-3986
710,CXO,2020-06-30,0 days 15:59:07.580025,275468,51.61,51.58,304,400,-4736,2145
711,CXO,2020-06-30,0 days 15:59:08.582449,273204,51.58,51.57,206,300,2264,-4736
712,CXO,2020-06-30,0 days 15:59:32.637163,278588,51.57,51.54,300,200,674,-1626
713,CXO,2020-06-30,0 days 15:59:36.646649,279262,51.58,51.54,200,300,-5926,5974
714,CXO,2020-06-30,0 days 15:59:43.657011,274488,51.64,51.6,400,200,1274,-5326
715,CXO,2020-06-30,0 days 15:59:45.662485,280962,51.62,51.58,200,200,-26,4874
716,CXO,2020-06-30,0 days 15:59:47.666528,276388,51.64,51.6,200,500,4574,-5226
717,CXO,2020-06-30,0 days 15:59:48.669567,280962,51.62,51.58,200,200,-326,4574
718,CXO,2020-06-30,0 days 15:59:50.674058,279188,51.63,51.59,420,220,1774,-326
719,CXW,2020-06-30,0 days 15:57:05.427336,186338,9.35,9.34,1834,2363,1865,-1441
720,CXW,2020-06-30,0 days 15:57:06.427171,181707,9.35,9.34,1834,2263,-4631,1865
721,CXW,2020-06-30,0 days 15:59:08.724841,186153,9.36,9.35,2224,416,-1386,7393
722,CXW,2020-06-30,0 days 15:59:12.737035,192338,9.35,9.34,100,2280,28791,-5782
723,CXW,2020-06-30,0 days 15:59:34.787792,192338,9.37,9.36,1171,2206,4558,-1409
724,D,2020-06-30,0 days 15:59:44.900223,747173,81.21,81.19,200,700,-1216,7434
725,D,2020-06-30,0 days 15:59:48.910889,730524,81.24,81.23,100,600,2760,-381
726,DAL,2020-06-30,0 days 15:55:00.076345,571156,28.23,28.22,4002,1199,-10321,25906
727,DAL,2020-06-30,0 days 15:55:27.129414,574333,28.17,28.16,6522,2000,-7053,3293
728,DAL,2020-06-30,0 days 15:56:04.218351,608564,28.12,28.11,4400,993,-6901,8899
729,DAL,2020-06-30,0 days 15:56:56.344596,624773,28.06,28.05,1482,813,-4751,5049
730,DAL,2020-06-30,0 days 15:57:13.386490,630512,27.99,27.98,1012,1400,40396,-7711
731,DAL,2020-06-30,0 days 15:58:36.581447,624288,28.05,28.04,3242,3000,-10924,14357
732,DAL,2020-06-30,0 days 15:59:36.719742,679871,28.05,28.04,1100,4300,8010,-22447
733,DAL,2020-06-30,0 days 15:59:37.722362,660881,28.06,28.05,1390,4100,-19047,8010
734,DAN,2020-06-30,0 days 15:55:01.776071,122830,12.21,12.2,1242,527,11713,-2187
735,DAN,2020-06-30,0 days 15:55:02.777729,121143,12.21,12.2,1352,527,-1687,11713
736,DAN,2020-06-30,0 days 15:59:06.369727,125210,12.17,12.16,1752,1700,-332,1268
737,DAN,2020-06-30,0 days 15:59:07.370395,125542,12.17,12.16,492,2600,8158,-332
738,DBI,2020-06-30,0 days 16:00:00.242780,490809,6.82,6.7,100,200,-13630,35556
739,DD,2020-06-30,0 days 15:55:00.128346,560782,53.4,53.39,2078,100,-41701,119887
740,DD,2020-06-30,0 days 15:55:43.229282,602659,53.21,53.19,507,504,12664,-3261
741,DD,2020-06-30,0 days 15:55:44.232541,600823,53.21,53.2,607,100,-1836,12664
742,DD,2020-06-30,0 days 15:56:00.270857,603631,53.21,53.2,700,201,1421,-511
743,DD,2020-06-30,0 days 15:56:01.272876,602152,53.22,53.21,400,100,-1479,1421
744,DD,2020-06-30,0 days 15:57:37.501015,628507,53.19,53.18,200,933,2342,-458
745,DD,2020-06-30,0 days 15:57:39.505875,626024,53.19,53.18,408,859,-2483,5842
746,DD,2020-06-30,0 days 15:57:47.524800,620507,53.15,53.14,640,303,6217,-1783
747,DD,2020-06-30,0 days 15:57:49.530254,619424,53.15,53.14,894,200,-1083,8617
748,DD,2020-06-30,0 days 15:58:13.588789,624167,53.11,53.09,400,524,476,-124
749,DD,2020-06-30,0 days 15:58:34.640007,624167,53.13,53.11,504,1009,120,-980
750,DD,2020-06-30,0 days 15:58:35.641651,623287,53.13,53.11,504,1509,-880,120
751,DD,2020-06-30,0 days 15:58:40.653695,624167,53.12,53.11,300,403,3557,-280
752,DD,2020-06-30,0 days 15:58:41.658452,623624,53.13,53.12,100,103,-543,3557
753,DD,2020-06-30,0 days 15:58:47.669998,620507,53.13,53.12,601,306,3317,-343
754,DD,2020-06-30,0 days 15:58:48.672461,620324,53.13,53.12,601,306,-183,3317
755,DD,2020-06-30,0 days 15:59:03.710063,621524,53.1,53.09,200,300,-17,1017
756,DD,2020-06-30,0 days 15:59:04.715806,621541,53.1,53.09,400,200,883,-17
757,DD,2020-06-30,0 days 15:59:16.745711,633314,53.12,53.11,415,410,-4172,10924
758,DD,2020-06-30,0 days 15:59:39.799575,638925,53.18,53.16,463,1278,-19413,361
759,DDD,2020-06-30,0 days 15:55:00.126275,106456,6.99,6.98,9499,5165,-144,6677
760,DDD,2020-06-30,0 days 15:59:01.706394,106600,6.97,6.96,11767,2993,2977,-3923
761,DDD,2020-06-30,0 days 15:59:02.706200,106277,6.97,6.96,11454,3693,-323,2977
762,DDD,2020-06-30,0 days 15:59:05.715160,106600,6.97,6.96,11654,3593,956,-44
763,DDD,2020-06-30,0 days 15:59:07.721869,107556,6.97,6.96,12229,3493,-624,357
764,DDD,2020-06-30,0 days 15:59:12.735927,134380,6.98,6.96,14323,4093,3063,-624
765,DDD,2020-06-30,0 days 15:59:16.744152,140959,6.98,6.97,11225,106,-1521,6579
766,DDD,2020-06-30,0 days 15:59:17.745938,138580,6.98,6.97,11225,106,2379,-1521
767,DDD,2020-06-30,0 days 15:59:21.755200,140759,6.98,6.97,8712,800,-3502,2379
768,DDD,2020-06-30,0 days 15:59:22.757570,133661,6.98,6.97,8712,300,7098,-3502
769,DELL,2020-06-30,0 days 15:55:44.297905,303393,55.09,55.08,1300,200,-39663,10337
770,DELL,2020-06-30,0 days 15:55:45.300225,298956,55.06,55.04,300,1381,4437,-39663
771,DELL,2020-06-30,0 days 15:56:02.340269,303393,55.08,55.07,200,1315,-992,4108
772,DELL,2020-06-30,0 days 15:56:03.342900,299685,55.08,55.07,200,915,3708,-992
773,DELL,2020-06-30,0 days 15:56:07.352227,303393,55.08,55.07,300,815,-2792,3708
774,DELL,2020-06-30,0 days 15:56:08.356477,300085,55.06,55.04,400,300,3308,-2792
775,DELL,2020-06-30,0 days 15:56:50.457013,310457,55.12,55.07,1100,1000,-2322,4178
776,DELL,2020-06-30,0 days 15:56:51.459460,306979,55.11,55.08,400,300,3478,-2322
777,DELL,2020-06-30,0 days 15:57:32.554769,310457,55.07,55.06,483,275,-537,3863
778,DELL,2020-06-30,0 days 15:57:35.562153,307894,55.07,55.06,927,400,2563,-3337
779,DELL,2020-06-30,0 days 15:57:41.579211,310457,55.09,55.07,600,800,-2637,2063
780,DELL,2020-06-30,0 days 15:57:42.577929,308594,55.06,55.05,300,200,1863,-2637
781,DELL,2020-06-30,0 days 15:57:49.595020,310457,55.04,55.02,559,600,-38,1562
782,DELL,2020-06-30,0 days 15:57:50.597548,309195,55.04,55.02,659,501,1262,-38
783,DELL,2020-06-30,0 days 15:58:03.631038,310457,55.04,55.03,383,510,-1138,262
784,DELL,2020-06-30,0 days 15:58:04.634984,309295,55.04,55.03,483,510,1162,-1138
785,DELL,2020-06-30,0 days 15:58:08.642928,310521,55.04,55.03,483,310,-2374,1162
786,DELL,2020-06-30,0 days 15:58:09.644877,309295,55.04,55.03,483,710,1226,-2374
787,DELL,2020-06-30,0 days 15:58:12.652310,310521,55.03,55.02,300,100,-1074,1226
788,DELL,2020-06-30,0 days 15:58:13.655903,308795,55.02,55.01,301,100,1726,-1074
789,DELL,2020-06-30,0 days 15:58:37.712594,307820,54.97,54.96,100,290,-1275,1266
790,DELL,2020-06-30,0 days 15:58:38.714218,306755,54.97,54.96,302,590,1065,-1275
791,DELL,2020-06-30,0 days 15:58:43.728376,304655,54.89,54.88,300,500,3254,-86
792,DELL,2020-06-30,0 days 15:59:13.802924,327468,54.93,54.92,400,393,64,-3687
793,DELL,2020-06-30,0 days 15:59:22.821672,327532,54.94,54.92,200,400,-6073,155
794,DELL,2020-06-30,0 days 15:59:27.833365,331865,54.94,54.93,500,100,2005,-4173
795,DFS,2020-06-30,0 days 15:57:33.431187,385059,50.2,50.19,117,1387,-1309,3591
796,DFS,2020-06-30,0 days 15:57:34.435160,378368,50.21,50.19,609,1038,6691,-1309
797,DFS,2020-06-30,0 days 15:57:39.445150,385059,50.22,50.21,600,300,-9,1691
798,DFS,2020-06-30,0 days 15:57:40.447881,379868,50.22,50.21,500,400,5191,-9
799,DFS,2020-06-30,0 days 15:59:06.659618,391150,50.1,50.08,200,100,-24467,8525
800,DFS,2020-06-30,0 days 15:59:07.661303,388300,50.09,50.07,778,200,2850,-24467
801,DFS,2020-06-30,0 days 15:59:10.668196,391150,50.07,50.06,100,265,-20545,2850
802,DG,2020-06-30,0 days 15:59:47.462883,314142,190.73,190.6,700,200,1352,-8561
803,DHF,2020-06-30,0 days 15:58:47.610842,33356,2.56,2.55,14972,7416,-1739,2866
804,DHF,2020-06-30,0 days 15:58:48.613182,30895,2.56,2.55,15180,7000,2461,-1739
805,DHI,2020-06-30,0 days 15:55:00.990682,340474,55.64,55.63,222,100,-70584,147472
806,DHI,2020-06-30,0 days 15:55:03.994639,360758,55.6,55.59,300,405,13018,-18182
807,DHI,2020-06-30,0 days 15:55:04.996234,358976,55.6,55.59,200,200,-1782,13018
808,DHI,2020-06-30,0 days 15:55:16.023635,359090,55.55,55.53,863,600,2940,-2031
809,DHI,2020-06-30,0 days 15:55:17.025238,357530,55.54,55.53,100,501,-1560,2940
810,DHI,2020-06-30,0 days 15:55:58.124321,364658,55.47,55.46,500,500,3164,-36
811,DHI,2020-06-30,0 days 15:55:59.126566,363722,55.48,55.46,600,902,-936,3164
812,DHI,2020-06-30,0 days 15:56:04.138284,364658,55.49,55.47,612,709,73,-836
813,DHI,2020-06-30,0 days 15:56:05.140843,363831,55.48,55.47,400,707,-827,73
814,DHI,2020-06-30,0 days 15:57:38.361047,375456,55.45,55.43,200,500,2533,-2367
815,DHI,2020-06-30,0 days 15:57:39.363097,369389,55.44,55.43,100,805,-6067,2533
816,DHI,2020-06-30,0 days 15:57:47.382828,375356,55.41,55.39,1105,435,333,-1167
817,DHI,2020-06-30,0 days 15:57:51.392232,369580,55.39,55.38,500,200,-976,1233
818,DHI,2020-06-30,0 days 15:57:57.407268,370556,55.41,55.39,400,800,3853,-676
819,DHI,2020-06-30,0 days 15:57:58.408071,369709,55.4,55.39,500,700,-847,3853
820,DHI,2020-06-30,0 days 15:58:15.450437,370109,55.4,55.39,936,250,-807,2393
821,DHI,2020-06-30,0 days 15:59:04.571462,380754,55.43,55.41,686,875,644,-2328
822,DHI,2020-06-30,0 days 15:59:05.574347,379836,55.42,55.41,288,300,-818,644
823,DHI,2020-06-30,0 days 15:59:06.577217,380654,55.42,55.41,300,438,21830,-818
824,DHI,2020-06-30,0 days 15:59:15.599220,453947,55.47,55.46,100,500,-1736,22918
825,DHR,2020-06-30,0 days 15:59:30.866364,539156,176.95,176.88,200,200,-18241,28759
826,DHR,2020-06-30,0 days 15:59:31.868011,530588,176.77,176.73,300,200,49468,-18241
827,DHR,2020-06-30,0 days 15:59:42.895125,530256,177.08,177.01,200,600,-497,12343
828,DHR,2020-06-30,0 days 15:59:43.897508,529653,176.97,176.91,300,151,4203,-497
829,DHR,2020-06-30,0 days 15:59:45.903377,533856,177.01,176.95,200,300,-1137,2663
830,DHR,2020-06-30,0 days 15:59:49.912664,535925,177.06,176.96,700,100,1685,-2215
831,DHR,2020-06-30,0 days 15:59:55.926234,537610,177.01,176.75,633,100,-1768,918
832,DHT,2020-06-30,0 days 15:59:05.654332,370460,5.16,5.15,3802,8070,26009,-7114
833,DHT,2020-06-30,0 days 15:59:06.657097,369171,5.16,5.15,4102,7870,-1289,26009
834,DHT,2020-06-30,0 days 15:59:10.666792,370460,5.16,5.15,3400,7076,17211,-1289
835,DHT,2020-06-30,0 days 15:59:12.672006,378671,5.16,5.15,4400,7238,-793,8211
836,DHT,2020-06-30,0 days 15:59:16.679056,379464,5.16,5.15,4750,6228,32679,-793
837,DIS,2020-06-30,0 days 15:59:42.734469,1288060,111.73,111.71,100,800,-8205,21271
838,DIS,2020-06-30,0 days 15:59:43.736055,1282688,111.69,111.67,600,200,5372,-8205
839,DIS,2020-06-30,0 days 15:59:44.739028,1288060,111.72,111.71,610,310,-1931,5372
840,DOW,2020-06-30,0 days 15:59:42.895164,703754,40.83,40.82,400,300,-20084,340
841,DRH,2020-06-30,0 days 15:55:17.166191,276907,5.51,5.5,10757,9302,-31420,4406
842,DRH,2020-06-30,0 days 15:55:18.167782,275827,5.51,5.5,11457,6852,1080,-31420
843,DRH,2020-06-30,0 days 15:55:54.254620,285747,5.51,5.5,9510,15090,1993,-20907
844,DRH,2020-06-30,0 days 15:56:07.287912,288607,5.51,5.5,16164,10300,-98,2860
845,DRH,2020-06-30,0 days 15:56:25.331457,286805,5.51,5.5,13548,14110,1802,-98
846,DRH,2020-06-30,0 days 15:57:25.474065,288929,5.51,5.5,16034,6335,-30776,5050
847,DRH,2020-06-30,0 days 15:57:26.474586,287105,5.51,5.5,18554,2053,1824,-30776
848,DRH,2020-06-30,0 days 15:59:16.745359,389947,5.52,5.51,16098,13760,-3093,4607
849,DRH,2020-06-30,0 days 15:59:21.756289,382477,5.52,5.51,16201,14076,7497,-4503
850,DRI,2020-06-30,0 days 15:55:00.485900,157725,76.17,76.13,100,197,-2764,58838
851,DRI,2020-06-30,0 days 15:57:06.792782,178701,75.78,75.76,354,100,9019,-1682
852,DRI,2020-06-30,0 days 15:57:07.795009,176420,75.8,75.79,100,400,-2281,9019
853,DRI,2020-06-30,0 days 15:57:17.819687,189401,75.81,75.78,414,400,2265,-10335
854,DRI,2020-06-30,0 days 15:57:18.821821,185820,75.81,75.78,114,500,-3581,2265
855,DRI,2020-06-30,0 days 15:57:35.856730,189401,75.86,75.85,300,100,2063,-2737
856,DRI,2020-06-30,0 days 15:57:36.858770,186664,75.87,75.85,100,447,-2737,2063
857,DRI,2020-06-30,0 days 15:57:45.880536,189401,75.83,75.82,210,300,463,-3437
858,DRI,2020-06-30,0 days 15:57:46.883457,187364,75.83,75.81,507,102,-2037,463
859,DRI,2020-06-30,0 days 15:58:01.922075,189401,75.85,75.82,634,847,451,-135
860,DRI,2020-06-30,0 days 15:58:02.924066,187452,75.85,75.84,200,130,-1949,451
861,DRI,2020-06-30,0 days 15:59:50.171637,206522,75.91,75.88,200,300,36,-4785
862,DT,2020-06-30,0 days 15:55:00.149807,653100,40.57,40.56,2251,600,-10236,263412
863,DT,2020-06-30,0 days 15:55:01.157218,663236,40.56,40.52,269,200,12464,-10236
864,DT,2020-06-30,0 days 15:55:02.153047,655800,40.51,40.5,300,1346,-7236,12464
865,DT,2020-06-30,0 days 15:55:55.280772,663236,40.51,40.5,504,700,17132,-7095
866,DT,2020-06-30,0 days 15:55:56.283351,657968,40.51,40.5,504,800,-5168,17132
867,DT,2020-06-30,0 days 15:56:04.302013,663068,40.48,40.47,734,103,3800,-5100
868,DT,2020-06-30,0 days 15:56:05.304384,658568,40.48,40.47,334,103,-4500,3800
869,DT,2020-06-30,0 days 15:57:11.463850,665549,40.44,40.42,600,200,24445,-3348
870,DT,2020-06-30,0 days 15:57:19.483206,688594,40.47,40.45,300,100,-1055,13921
871,DT,2020-06-30,0 days 15:57:27.501439,678249,40.48,40.47,100,101,785,-7079
872,DT,2020-06-30,0 days 15:57:54.565393,707400,40.46,40.43,1300,400,-1749,5851
873,DT,2020-06-30,0 days 15:57:55.567379,703649,40.46,40.44,1312,200,3751,-1749
874,DT,2020-06-30,0 days 15:59:42.822782,804695,40.59,40.55,100,468,-1474,10961
875,DT,2020-06-30,0 days 15:59:46.832058,803860,40.59,40.56,100,108,768,-9065
876,DUK,2020-06-30,0 days 15:59:43.824595,680894,79.9,79.88,296,200,3824,-26729
877,DUK,2020-06-30,0 days 15:59:46.832128,684718,79.91,79.9,200,300,-4011,3937
878,DUK,2020-06-30,0 days 15:59:48.836225,682576,79.93,79.92,332,285,2130,-8811
879,DVN,2020-06-30,0 days 15:57:48.619537,777424,11.34,11.33,6934,4459,4608,-2592
880,DVN,2020-06-30,0 days 15:57:49.622487,764332,11.34,11.33,6734,5159,-13092,4608
881,DVN,2020-06-30,0 days 15:58:33.729444,770514,11.34,11.33,9056,7956,-6910,1690
882,DVN,2020-06-30,0 days 15:58:51.773051,766576,11.34,11.33,9738,9034,-10848,1852
883,DVN,2020-06-30,0 days 15:59:04.806222,777753,11.34,11.33,8398,4063,2663,-7997
884,DVN,2020-06-30,0 days 15:59:05.808043,770456,11.34,11.33,9198,5263,-7297,2663
885,DVN,2020-06-30,0 days 15:59:15.831396,824833,11.33,11.32,3148,10963,-4140,7945
886,DVN,2020-06-30,0 days 15:59:48.911185,859293,11.36,11.35,5000,8272,1987,-2527
887,DVN,2020-06-30,0 days 15:59:49.913081,857611,11.36,11.35,4600,8355,-1682,1987
888,DXC,2020-06-30,0 days 15:51:16.595480,284778,16.54,16.53,1209,2092,12213,-37787
889,DXC,2020-06-30,0 days 15:56:40.366242,383933,16.53,16.52,2094,1899,-6005,1157
890,DXC,2020-06-30,0 days 15:56:41.367362,383038,16.53,16.52,2094,2199,895,-6005
891,DXC,2020-06-30,0 days 15:56:49.387149,383933,16.53,16.52,1402,2594,-4705,895
892,DXC,2020-06-30,0 days 15:56:50.390123,383646,16.53,16.52,2652,2566,287,-4705
893,DXC,2020-06-30,0 days 15:57:13.444398,383935,16.51,16.5,1875,867,-1576,656
894,DXC,2020-06-30,0 days 15:57:14.446818,383611,16.51,16.5,2425,985,324,-1576
895,DXC,2020-06-30,0 days 15:57:40.508450,388835,16.53,16.52,1994,901,-430,170
896,DXC,2020-06-30,0 days 15:57:41.511981,387865,16.52,16.51,3800,1682,970,-430
897,DXC,2020-06-30,0 days 15:58:30.628946,402565,16.52,16.51,283,2308,2246,-354
898,DXC,2020-06-30,0 days 15:58:40.653695,403665,16.52,16.51,1366,1649,-746,1300
899,DXC,2020-06-30,0 days 15:58:41.658452,401511,16.52,16.51,2246,1751,2154,-746
900,DXC,2020-06-30,0 days 15:58:54.688001,412611,16.51,16.5,633,2876,-10400,2700
901,DXC,2020-06-30,0 days 15:59:02.707454,407501,16.52,16.51,2340,1285,210,-5390
902,DXC,2020-06-30,0 days 15:59:22.758838,430428,16.52,16.51,611,1410,-3851,1049
903,DXC,2020-06-30,0 days 15:59:23.761543,429879,16.52,16.51,700,1210,549,-3851
904,DXC,2020-06-30,0 days 15:59:27.771685,430428,16.53,16.52,2506,1001,-663,549
905,DXC,2020-06-30,0 days 15:59:28.772046,429891,16.53,16.52,2506,901,537,-663
906,EAT,2020-06-30,0 days 15:55:02.195379,173019,24.1,24.09,2346,7113,-398,2
907,EAT,2020-06-30,0 days 15:55:12.218869,173465,24.1,24.09,1066,6701,3454,-398
908,EAT,2020-06-30,0 days 15:57:38.568347,213772,24.1,24.09,2200,2062,-431,453
909,EAT,2020-06-30,0 days 15:57:39.571251,210903,24.1,24.09,2500,1762,2869,-431
910,EAT,2020-06-30,0 days 15:57:41.579114,213772,24.08,24.07,100,862,-3131,169
911,EAT,2020-06-30,0 days 15:57:42.577865,211403,24.08,24.07,252,1262,2369,-3131
912,EAT,2020-06-30,0 days 15:58:14.660461,216138,24.08,24.07,836,200,-160,140
913,EAT,2020-06-30,0 days 15:58:15.659641,213598,24.08,24.07,868,607,2540,-160
914,EAT,2020-06-30,0 days 15:58:37.712556,213772,24.1,24.09,1480,1862,-426,1940
915,EAT,2020-06-30,0 days 15:58:38.714200,209098,24.1,24.09,1380,1762,4674,-426
916,EAT,2020-06-30,0 days 15:59:00.775692,213772,24.1,24.09,2000,2473,-1729,1871
917,EAT,2020-06-30,0 days 15:59:01.773925,212701,24.1,24.09,2210,2097,1259,-1729
918,EAT,2020-06-30,0 days 15:59:14.806257,229404,24.05,24.02,400,661,-1482,8025
919,EAT,2020-06-30,0 days 15:59:15.808066,228086,24.05,24.02,400,561,1318,-1482
920,EAT,2020-06-30,0 days 15:59:34.850924,226799,24.04,24.01,1000,1000,2605,-95
921,EAT,2020-06-30,0 days 15:59:43.873580,229292,24.05,24.04,410,600,112,-2488
922,EAT,2020-06-30,0 days 15:59:44.876095,229404,24.03,24.0,400,650,-403,112
923,EAT,2020-06-30,0 days 15:59:50.887626,222757,24.03,24.02,612,300,6980,-94
924,EIX,2020-06-30,0 days 15:55:00.189670,933214,54.27,54.25,1542,612,31384,-28191
925,EIX,2020-06-30,0 days 15:55:01.198721,930798,54.26,54.25,900,506,-2416,31384
926,EIX,2020-06-30,0 days 15:56:08.356307,935639,54.28,54.27,605,1601,25590,-8610
927,EIX,2020-06-30,0 days 15:56:09.358582,930629,54.28,54.27,1411,1601,-5010,25590
928,EIX,2020-06-30,0 days 15:56:52.461638,931104,54.28,54.27,1908,1384,-4878,25622
929,EIX,2020-06-30,0 days 15:57:40.573750,925073,54.3,54.29,715,1496,-45909,5691
930,EIX,2020-06-30,0 days 15:57:41.579000,970982,54.28,54.27,500,477,2891,-45909
931,EIX,2020-06-30,0 days 15:57:44.582931,935973,54.28,54.27,1011,1450,-9,30691
932,EIX,2020-06-30,0 days 15:58:11.649816,971340,54.28,54.27,1137,275,9587,-4201
933,EIX,2020-06-30,0 days 15:59:14.806128,998405,54.26,54.24,604,500,2468,-13126
934,EIX,2020-06-30,0 days 15:59:57.905036,982219,54.31,54.25,1008,400,31759,-23417
935,EIX,2020-06-30,0 days 16:00:00.904406,998050,54.32,54.24,400,200,-19169,31759
936,ELAN,2020-06-30,0 days 15:58:34.705757,356695,21.53,21.52,1500,1600,3330,-2270
937,ELAN,2020-06-30,0 days 15:58:35.707704,350825,21.53,21.52,1900,1500,-3770,3330
938,ELAN,2020-06-30,0 days 15:58:59.767008,359418,21.54,21.53,2810,80878,4141,-4054
939,ELAN,2020-06-30,0 days 15:59:00.775545,342928,21.54,21.53,1310,80378,-11990,4141
940,ELAN,2020-06-30,0 days 15:59:06.786961,359507,21.54,21.53,3582,75068,32065,-2823
941,ELAN,2020-06-30,0 days 15:59:07.789731,344516,21.54,21.53,3182,75168,-44691,32065
942,ELY,2020-06-30,0 days 15:59:13.387990,145162,17.58,17.57,200,943,-6270,119
943,ELY,2020-06-30,0 days 15:59:47.462629,153286,17.54,17.53,200,900,3361,-6610
944,EMR,2020-06-30,0 days 15:55:00.126499,409089,62.25,62.24,800,134,-48253,61998
945,EMR,2020-06-30,0 days 15:55:42.226913,493601,62.08,62.07,400,410,17714,-6037
946,EMR,2020-06-30,0 days 15:55:43.229105,488615,62.08,62.07,600,510,-4986,17714
947,EMR,2020-06-30,0 days 15:57:42.511974,502775,62.01,61.99,400,500,9018,-2455
948,EMR,2020-06-30,0 days 15:57:43.514740,491793,62.01,62.0,317,300,-10982,9018
949,EMR,2020-06-30,0 days 15:57:47.524550,502775,62.01,61.99,1300,400,718,-5082
950,EMR,2020-06-30,0 days 15:57:48.526649,497693,62.01,62.0,1200,200,-4882,718
951,EMR,2020-06-30,0 days 15:57:58.550724,502775,62.01,62.0,300,423,4693,-5707
952,EMR,2020-06-30,0 days 15:57:59.553606,499968,62.02,62.01,300,500,-2807,4693
953,EMR,2020-06-30,0 days 15:58:06.570757,514297,62.04,62.02,800,301,5210,-15380
954,EMR,2020-06-30,0 days 15:58:07.572485,509407,62.04,62.03,300,400,-4890,5210
955,EMR,2020-06-30,0 days 15:58:12.586493,499107,62.01,61.99,700,400,-3517,7683
956,EMR,2020-06-30,0 days 15:58:41.658256,499880,62.01,62.0,400,133,-2895,6505
957,EMR,2020-06-30,0 days 15:59:07.722570,512775,62.04,62.02,700,200,-2678,11559
958,EMR,2020-06-30,0 days 15:59:08.724525,503980,62.0,61.99,200,100,10195,-2678
959,EMR,2020-06-30,0 days 15:59:43.809899,548137,62.12,62.11,100,100,-2479,2421
960,EMR,2020-06-30,0 days 15:59:52.827466,540989,62.09,62.06,200,600,15298,-1002
961,ENB,2020-06-30,0 days 15:59:28.789031,197741,30.46,30.45,3000,100,-4571,4774
962,ENB,2020-06-30,0 days 15:59:50.841363,161949,30.49,30.48,400,3498,33812,-474
963,ENLC,2020-06-30,0 days 15:55:01.069468,424927,2.44,2.43,21041,2407,-11479,121700
964,ENLC,2020-06-30,0 days 15:55:02.066467,399306,2.43,2.42,12350,6500,25621,-11479
965,ENLC,2020-06-30,0 days 15:59:10.666716,428749,2.42,2.41,20268,100,-523,3677
966,ENLC,2020-06-30,0 days 15:59:48.750696,418122,2.41,2.4,3500,16820,11041,-1859
967,EOG,2020-06-30,0 days 15:59:17.762845,602071,50.77,50.76,100,200,-110351,39130
968,EOG,2020-06-30,0 days 15:59:38.818601,639593,50.67,50.65,300,599,3178,-2318
969,EOG,2020-06-30,0 days 15:59:39.814838,638371,50.68,50.67,200,500,-518,3178
970,EOG,2020-06-30,0 days 15:59:45.829525,656670,50.72,50.71,200,665,10716,-9228
971,EOG,2020-06-30,0 days 15:59:46.832027,653386,50.76,50.73,700,700,-9628,10716
972,EPD,2020-06-30,0 days 15:55:00.486012,306865,18.18,18.17,2500,3500,12929,-32166
973,EPD,2020-06-30,0 days 15:56:51.756299,319794,18.1,18.09,5024,1621,-3952,9748
974,EPD,2020-06-30,0 days 15:56:52.758536,294746,18.1,18.09,4824,1721,25048,-3952
975,EPD,2020-06-30,0 days 15:59:48.171098,317285,18.16,18.15,400,7003,5252,-2448
976,EQH,2020-06-30,0 days 15:55:01.069541,296923,19.42,19.41,2530,1100,-64178,41958
977,EQH,2020-06-30,0 days 15:55:02.066514,296303,19.4,19.39,1931,647,620,-64178
978,EQH,2020-06-30,0 days 15:56:38.299546,338179,19.34,19.33,1400,590,-8425,1675
979,EQH,2020-06-30,0 days 15:56:39.301656,334804,19.33,19.32,1154,500,3375,-8425
980,EQH,2020-06-30,0 days 15:57:39.443513,338179,19.34,19.33,1203,863,-4477,2123
981,EQH,2020-06-30,0 days 15:57:40.446635,334256,19.33,19.32,900,1927,3923,-4477
982,EQH,2020-06-30,0 days 15:57:51.471625,340379,19.31,19.3,1300,630,-3277,5523
983,EQH,2020-06-30,0 days 15:57:52.474801,336856,19.31,19.3,1956,830,3523,-3277
984,EQH,2020-06-30,0 days 15:58:43.598212,346979,19.31,19.29,1788,900,-8005,2108
985,EQH,2020-06-30,0 days 15:58:44.600509,343784,19.31,19.3,2059,900,3195,-8005
986,EQH,2020-06-30,0 days 15:59:06.657015,351175,19.3,19.28,1365,1400,-4125,2790
987,EQH,2020-06-30,0 days 15:59:09.663886,361827,19.27,19.26,1500,500,-165426,1975
988,EQR,2020-06-30,0 days 15:56:38.360864,522913,58.9,58.89,206,674,-906,3645
989,EQR,2020-06-30,0 days 15:56:39.362763,519319,58.88,58.87,300,100,3594,-906
990,EQR,2020-06-30,0 days 15:57:41.511825,543016,58.8,58.78,500,1200,-923,5277
991,EQR,2020-06-30,0 days 15:57:42.512139,537739,58.79,58.78,500,601,5277,-923
992,EQR,2020-06-30,0 days 15:57:49.530218,543016,58.77,58.76,400,263,-2123,5577
993,EQR,2020-06-30,0 days 15:57:50.532050,537839,58.77,58.76,100,200,5177,-2123
994,EQR,2020-06-30,0 days 15:57:53.539991,544516,58.78,58.76,500,663,-623,6677
995,EQR,2020-06-30,0 days 15:57:54.547589,539439,58.79,58.78,811,200,5077,-623
996,EQR,2020-06-30,0 days 15:59:06.720296,571006,58.72,58.71,500,200,-2416,5265
997,EQR,2020-06-30,0 days 15:59:07.722811,566885,58.71,58.7,762,100,4121,-2416
998,EQR,2020-06-30,0 days 15:59:42.807899,562984,58.81,58.8,149,200,1482,-5855
999,ERJ,2020-06-30,0 days 15:55:00.217246,66376,6.01,6.0,7711,12350,-2143,4978
1000,ESRT,2020-06-30,0 days 15:55:00.148817,153046,6.98,6.97,14725,9642,-2290,52098
1001,ESRT,2020-06-30,0 days 15:55:50.268953,155336,6.98,6.97,13600,11992,3598,-2281
1002,ESRT,2020-06-30,0 days 15:55:51.270966,153534,6.98,6.97,14616,11892,-1802,3598
1003,ESRT,2020-06-30,0 days 15:59:06.742304,202099,6.99,6.98,8373,22607,7828,-4874
1004,ESRT,2020-06-30,0 days 15:59:07.745081,187222,6.99,6.98,8373,22707,-13342,7828
1005,ESRT,2020-06-30,0 days 15:59:09.750631,203164,6.99,6.98,10764,20307,7102,-3142
1006,ESRT,2020-06-30,0 days 15:59:10.752253,189766,6.99,6.98,10564,21407,-10798,7102
1007,ESRT,2020-06-30,0 days 15:59:11.754826,203249,6.99,6.98,11664,20307,459,-10798
1008,ESRT,2020-06-30,0 days 15:59:12.757070,198808,6.99,6.98,11364,19907,-1841,459
1009,ESRT,2020-06-30,0 days 15:59:14.761791,203249,6.99,6.98,11253,20463,10789,-1841
1010,ESRT,2020-06-30,0 days 15:59:15.762725,193738,6.99,6.98,3921,23063,-6911,10789
1011,ET,2020-06-30,0 days 15:55:00.485788,691377,7.11,7.1,51324,20878,8630,-290233
1012,EVRI,2020-06-30,0 days 15:55:01.070943,58718,5.16,5.15,3909,3955,-323,277
1013,EVRI,2020-06-30,0 days 15:55:06.078698,59041,5.16,5.15,3209,4355,477,-323
1014,EVRI,2020-06-30,0 days 15:55:07.078434,58718,5.16,5.15,3209,4255,-323,477
1015,EVRI,2020-06-30,0 days 15:59:07.659323,66760,5.17,5.16,2490,595,863,-137
1016,EVRI,2020-06-30,0 days 15:59:08.661331,66423,5.17,5.16,2490,595,-337,863
1017,EVRI,2020-06-30,0 days 15:59:09.664145,66760,5.17,5.16,985,916,29137,-337
1018,EW,2020-06-30,0 days 15:59:46.879195,696598,69.2,69.17,100,100,-13160,12659
1019,EW,2020-06-30,0 days 15:59:47.881611,683125,69.2,69.16,127,200,17474,-13160
1020,EW,2020-06-30,0 days 15:59:48.883527,704600,69.23,69.19,100,100,-4258,17474
1021,EW,2020-06-30,0 days 15:59:49.888496,702050,69.22,69.16,300,400,2550,-4258
1022,EXK,2020-06-30,0 days 15:59:37.858900,15891,2.27,2.26,35358,147013,-398,502
1023,EXK,2020-06-30,0 days 15:59:38.860633,15389,2.27,2.26,32858,148913,502,-398
1024,FCAU,2020-06-30,0 days 15:59:42.822815,245294,10.24,10.23,28989,50604,6474,-9454
1025,FCAU,2020-06-30,0 days 15:59:44.827725,251768,10.24,10.23,28939,50182,-11054,6474
1026,FCAU,2020-06-30,0 days 15:59:45.829613,246194,10.24,10.23,28939,50282,5574,-11054
1027,FCX,2020-06-30,0 days 15:55:00.126664,1267793,11.65,11.64,46408,38423,-43519,179537
1028,FCX,2020-06-30,0 days 15:55:44.232447,1459108,11.6,11.59,53085,52878,214,-21545
1029,FCX,2020-06-30,0 days 15:55:48.240619,1459322,11.6,11.59,45922,55380,-77,214
1030,FCX,2020-06-30,0 days 15:55:51.247797,1459399,11.6,11.59,36643,62380,4466,-77
1031,FCX,2020-06-30,0 days 15:55:52.262817,1444965,11.61,11.6,54339,39983,-14434,4466
1032,FCX,2020-06-30,0 days 15:57:34.496194,1482162,11.58,11.57,56092,31347,27011,-9389
1033,FCX,2020-06-30,0 days 15:57:35.495083,1467673,11.58,11.57,55692,33225,-14489,27011
1034,FCX,2020-06-30,0 days 15:57:39.505666,1482162,11.58,11.57,55702,31691,3511,-11089
1035,FCX,2020-06-30,0 days 15:57:40.508221,1474873,11.58,11.57,56102,24491,-7289,3511
1036,FCX,2020-06-30,0 days 15:57:48.526703,1457273,11.58,11.57,48520,56342,-24889,13411
1037,FCX,2020-06-30,0 days 15:58:08.575120,1518562,11.58,11.57,29689,45156,3154,-8990
1038,FCX,2020-06-30,0 days 15:58:09.577877,1504616,11.58,11.57,29034,45756,-13946,3154
1039,FCX,2020-06-30,0 days 15:58:12.586605,1518562,11.58,11.57,54285,22123,5054,-13946
1040,FCX,2020-06-30,0 days 15:58:39.650997,1503893,11.57,11.56,26629,78982,-9968,27332
1041,FCX,2020-06-30,0 days 15:59:04.715513,1519052,11.56,11.55,26474,65791,511,-6389
1042,FCX,2020-06-30,0 days 15:59:05.716192,1512763,11.56,11.55,28974,66601,-6289,511
1043,FCX,2020-06-30,0 days 15:59:07.722641,1523434,11.57,11.56,44676,58291,56463,-6629
1044,FCX,2020-06-30,0 days 15:59:17.746968,1580072,11.57,11.56,49972,19423,-6065,32194
1045,FCX,2020-06-30,0 days 15:59:27.771352,1586296,11.57,11.56,54424,20939,12225,-6209
1046,FCX,2020-06-30,0 days 15:59:52.827572,1638352,11.58,11.57,68205,36293,57392,-44003
1047,FDX,2020-06-30,0 days 15:58:58.764075,470706,139.98,139.76,400,357,54376,-51331
1048,FDX,2020-06-30,0 days 15:58:59.766988,449982,139.99,139.88,157,203,-20724,54376
1049,FDX,2020-06-30,0 days 15:59:01.773764,470706,139.93,139.85,100,100,3957,-2724
1050,FDX,2020-06-30,0 days 15:59:02.776657,463138,139.96,139.8,275,200,-7568,3957
1051,FDX,2020-06-30,0 days 15:59:03.777023,470706,139.91,139.83,275,313,5032,-7568
1052,FDX,2020-06-30,0 days 15:59:04.780644,469813,139.95,139.89,200,203,-893,5032
1053,FDX,2020-06-30,0 days 15:59:06.786847,470943,139.92,139.89,100,100,20632,-893
1054,FDX,2020-06-30,0 days 15:59:28.835616,509191,140.18,140.04,400,964,-719,81
1055,FDX,2020-06-30,0 days 15:59:29.840855,508035,140.18,140.04,588,964,1156,-719
1056,FDX,2020-06-30,0 days 15:59:34.850867,509211,140.25,140.1,600,100,-9424,1976
1057,FDX,2020-06-30,0 days 15:59:39.863248,509211,140.24,140.14,200,100,-8824,1776
1058,FDX,2020-06-30,0 days 15:59:41.868404,508435,140.31,140.19,100,100,1076,-1024
1059,FDX,2020-06-30,0 days 15:59:48.883279,509824,140.43,140.25,338,100,12224,-1013
1060,FE,2020-06-30,0 days 15:59:17.834380,742766,38.85,38.84,1200,1400,-16012,13959
1061,FHN,2020-06-30,0 days 15:55:35.210013,477526,9.93,9.92,28443,8133,675,-1725
1062,FHN,2020-06-30,0 days 15:55:36.214379,475801,9.93,9.92,25954,15782,-1725,675
1063,FHN,2020-06-30,0 days 15:57:39.505704,497495,9.94,9.93,7586,23509,33,-4267
1064,FHN,2020-06-30,0 days 15:57:57.548677,497552,9.94,9.93,22822,6947,-4243,57
1065,FHN,2020-06-30,0 days 15:58:43.662172,501802,9.93,9.92,16679,22652,3788,-4250
1066,FHN,2020-06-30,0 days 15:58:44.662081,498290,9.93,9.92,16679,23546,-3512,3788
1067,FHN,2020-06-30,0 days 15:58:59.699539,501802,9.94,9.93,5800,44679,528,-472
1068,FHN,2020-06-30,0 days 15:59:00.704089,498630,9.94,9.93,21021,4973,-3172,528
1069,FHN,2020-06-30,0 days 15:59:05.716192,501802,9.94,9.93,21195,6589,5000,-814
1070,FHN,2020-06-30,0 days 15:59:06.720155,500580,9.94,9.93,22471,5189,-1222,5000
1071,FHN,2020-06-30,0 days 15:59:07.722676,501802,9.94,9.93,22871,7386,6991,-1222
1072,FHN,2020-06-30,0 days 15:59:08.724661,492793,9.94,9.93,23671,5186,-9009,6991
1073,FHN,2020-06-30,0 days 15:59:09.727971,501802,9.94,9.93,35071,2300,10605,-9009
1074,FHN,2020-06-30,0 days 15:59:10.731441,500707,9.94,9.93,19713,11549,-1095,10605
1075,FHN,2020-06-30,0 days 15:59:14.741757,512422,9.94,9.93,31955,1700,8585,-11715
1076,FHN,2020-06-30,0 days 15:59:15.743797,511207,9.94,9.93,38810,637,-1215,8585
1077,FHN,2020-06-30,0 days 15:59:28.771880,518883,9.94,9.93,33103,2298,3877,-7523
1078,FHN,2020-06-30,0 days 15:59:29.774952,517260,9.94,9.93,27127,12324,-1623,3877
1079,FIS,2020-06-30,0 days 15:59:54.852389,558531,134.16,134.08,700,591,1046,-290
1080,FIS,2020-06-30,0 days 15:59:57.858274,558531,134.08,134.06,200,100,1046,-290
1081,FIT,2020-06-30,0 days 15:55:00.992394,306035,6.46,6.45,46595,55003,-89171,37630
1082,FIT,2020-06-30,0 days 15:55:07.000787,329806,6.46,6.45,46695,49640,28529,-23771
1083,FIT,2020-06-30,0 days 15:59:20.609510,388590,6.46,6.45,54796,33994,-8705,6737
1084,FIT,2020-06-30,0 days 15:59:21.611983,386995,6.46,6.45,55573,31973,1595,-8705
1085,FIT,2020-06-30,0 days 15:59:40.651911,388590,6.46,6.45,63105,36140,-5025,1595
1086,FIT,2020-06-30,0 days 15:59:41.652087,387715,6.46,6.45,63105,38545,875,-5025
1087,FIT,2020-06-30,0 days 15:59:44.660181,388590,6.46,6.45,64705,34255,-7125,875
1088,FIT,2020-06-30,0 days 15:59:45.662543,388115,6.46,6.45,64505,33745,475,-7125
1089,FLR,2020-06-30,0 days 15:55:00.486319,277481,12.16,12.15,3437,1245,-3141,4553
1090,FLR,2020-06-30,0 days 15:56:15.669794,276793,12.11,12.1,3316,1143,3541,-1359
1091,FLR,2020-06-30,0 days 15:56:16.671301,275934,12.11,12.1,2787,1453,-859,3541
1092,FLR,2020-06-30,0 days 15:58:37.005436,278834,12.07,12.06,2218,1700,-866,1234
1093,FLR,2020-06-30,0 days 15:59:20.105827,325021,12.08,12.07,100,3032,-21547,28684
1094,FLR,2020-06-30,0 days 15:59:21.107367,323837,12.08,12.07,400,3332,1184,-21547
1095,FLR,2020-06-30,0 days 15:59:23.109640,325021,12.08,12.07,400,3232,-247,2153
1096,FLR,2020-06-30,0 days 15:59:44.163853,325021,12.1,12.09,700,4600,-26589,1059
1097,FNB,2020-06-30,0 days 15:55:00.486272,199308,7.55,7.54,8406,9757,-2741,23343
1098,FNB,2020-06-30,0 days 15:56:49.751907,202167,7.51,7.5,10936,11230,19890,-2810
1099,FNF,2020-06-30,0 days 15:58:43.662282,267232,30.62,30.61,1488,1899,-10587,4104
1100,FNF,2020-06-30,0 days 15:58:44.662137,264619,30.62,30.61,1488,1834,2613,-10587
1101,FNF,2020-06-30,0 days 15:58:59.699686,276317,30.61,30.6,1109,200,-24633,3298
1102,FNF,2020-06-30,0 days 15:59:10.731828,328482,30.63,30.62,900,100,2446,-5354
1103,FNF,2020-06-30,0 days 15:59:46.816005,339691,30.67,30.66,1132,905,2294,-7284
1104,FNF,2020-06-30,0 days 15:59:50.825324,325014,30.67,30.66,1145,200,13055,-593
1105,FRO,2020-06-30,0 days 15:55:43.250994,167777,7.0,6.99,3993,14945,116,-267
1106,FRO,2020-06-30,0 days 15:55:44.254006,166393,7.0,6.99,3893,14945,-1384,116
1107,FRO,2020-06-30,0 days 15:57:31.510769,166557,6.99,6.98,21754,8401,-1294,6
1108,FRO,2020-06-30,0 days 15:59:44.827362,172486,7.0,6.99,17546,1000,614,-1829
1109,FRO,2020-06-30,0 days 15:59:48.835526,171500,7.0,6.99,20305,1004,-986,614
1110,FSLY,2020-06-30,0 days 15:59:15.807859,626099,85.7,85.59,815,100,-145498,272833
1111,FSLY,2020-06-30,0 days 15:59:16.807165,520448,85.41,85.35,1991,1300,105651,-145498
1112,FSLY,2020-06-30,0 days 15:59:23.822948,512298,85.21,85.16,175,100,113801,-51629
1113,FSLY,2020-06-30,0 days 15:59:33.847960,497608,85.2,85.04,200,175,131805,-24534
1114,FSLY,2020-06-30,0 days 15:59:35.852900,627599,85.12,85.03,175,318,-18681,130205
1115,FSLY,2020-06-30,0 days 15:59:38.860425,502208,85.19,85.13,200,100,122291,-27734
1116,FSLY,2020-06-30,0 days 15:59:46.879012,624499,85.13,85.11,100,300,-65870,88131
1117,FSLY,2020-06-30,0 days 16:00:00.904436,624499,85.19,85.14,300,100,-74612,92789
1118,FTCH,2020-06-30,0 days 15:59:46.167105,180932,17.29,17.28,2090,300,1131,-4969
1119,FTI,2020-06-30,0 days 15:59:06.656944,544174,6.84,6.83,32548,21689,-17727,31647
1120,GE,2020-06-30,0 days 15:55:00.076254,6041579,6.87,6.86,257085,68940,-121051,400386
1121,GE,2020-06-30,0 days 15:55:25.126064,6173214,6.85,6.84,279453,30436,23139,-63901
1122,GE,2020-06-30,0 days 15:55:26.128690,6148753,6.85,6.84,281248,25341,-24461,23139
1123,GE,2020-06-30,0 days 15:57:33.431187,6368606,6.84,6.83,280819,97600,29826,-51974
1124,GE,2020-06-30,0 days 15:57:34.435160,6347732,6.84,6.83,280163,100100,-20874,29826
1125,GE,2020-06-30,0 days 15:57:35.436012,6368606,6.84,6.83,268751,121417,68726,-20874
1126,GE,2020-06-30,0 days 15:57:36.438168,6348232,6.84,6.83,272307,124340,-20374,68726
1127,GE,2020-06-30,0 days 15:57:37.440003,6368606,6.84,6.83,271949,125011,104726,-20374
1128,GE,2020-06-30,0 days 15:59:10.668146,7234166,6.83,6.82,49508,199096,-97303,156159
1129,GE,2020-06-30,0 days 15:59:11.671115,7222169,6.83,6.82,131369,86668,11997,-97303
1130,GE,2020-06-30,0 days 15:59:15.675876,7332182,6.83,6.82,177844,45634,-451071,14631
1131,GFI,2020-06-30,0 days 15:56:18.314515,272729,9.41,9.4,41966,19920,-103221,8579
1132,GFI,2020-06-30,0 days 15:56:29.338943,176750,9.4,9.39,51129,38206,115779,-85881
1133,GIS,2020-06-30,0 days 15:59:49.460825,852507,61.64,61.63,557,100,-1559,5533
1134,GIS,2020-06-30,0 days 15:59:50.464503,795598,61.64,61.59,352,200,56909,-1559
1135,GLW,2020-06-30,0 days 15:55:33.298058,674447,25.96,25.95,1000,4600,-1589,7912
1136,GLW,2020-06-30,0 days 15:55:38.309738,676036,25.95,25.94,2414,3500,1370,-1589
1137,GLW,2020-06-30,0 days 15:56:35.446487,681674,25.95,25.94,3620,4097,-3020,4280
1138,GLW,2020-06-30,0 days 15:56:36.448427,681194,25.95,25.94,3620,4397,480,-3020
1139,GLW,2020-06-30,0 days 15:56:40.459299,681674,25.95,25.94,3920,3181,-6672,480
1140,GLW,2020-06-30,0 days 15:56:50.483483,689169,25.94,25.93,7753,300,5,-1495
1141,GLW,2020-06-30,0 days 15:57:08.527910,682681,25.92,25.91,6042,1543,-3964,1336
1142,GLW,2020-06-30,0 days 15:57:13.538676,686645,25.91,25.9,6775,3002,36,-364
1143,GLW,2020-06-30,0 days 15:57:14.541233,686281,25.91,25.9,6487,3002,-364,36
1144,GLW,2020-06-30,0 days 15:57:40.600056,689169,25.94,25.93,3210,2500,5212,-488
1145,GLW,2020-06-30,0 days 15:58:04.660338,699881,25.92,25.91,1451,5085,-7112,888
1146,GLW,2020-06-30,0 days 15:58:42.751652,707493,25.91,25.9,3545,3253,1270,-5430
1147,GLW,2020-06-30,0 days 15:59:07.812413,733962,25.9,25.89,4130,3127,-12944,760
1148,GLW,2020-06-30,0 days 15:59:13.826958,750718,25.9,25.89,2597,3039,2099,-10901
1149,GLW,2020-06-30,0 days 15:59:31.868266,751524,25.92,25.91,3910,5380,1422,-6578
1150,GLW,2020-06-30,0 days 15:59:42.895253,748611,25.93,25.92,2601,7090,735,-4702
1151,GLW,2020-06-30,0 days 15:59:46.904530,749346,25.94,25.93,900,10284,-1899,601
1152,GLW,2020-06-30,0 days 15:59:47.907729,748345,25.95,25.94,2600,8386,1001,-1899
1153,GM,2020-06-30,0 days 15:55:07.141869,1246370,25.32,25.31,10716,8787,-37552,16548
1154,GM,2020-06-30,0 days 15:55:08.143563,1234822,25.32,25.31,9235,11299,11548,-37552
1155,GM,2020-06-30,0 days 15:55:36.214344,1326724,25.33,25.32,7687,5709,-105821,22370
1156,GM,2020-06-30,0 days 15:55:37.214904,1320345,25.32,25.31,9012,3905,6379,-105821
1157,GM,2020-06-30,0 days 15:55:43.229137,1326724,25.32,25.31,6968,8085,-4793,3379
1158,GM,2020-06-30,0 days 15:55:44.232408,1321217,25.32,25.31,8152,8885,5507,-4793
1159,GM,2020-06-30,0 days 15:56:40.366042,1338581,25.31,25.3,15589,12596,-14552,4123
1160,GM,2020-06-30,0 days 15:56:41.367239,1334233,25.31,25.3,14313,14564,4348,-14552
1161,GM,2020-06-30,0 days 15:57:12.442133,1339930,25.29,25.28,19858,3657,-2828,2096
1162,GM,2020-06-30,0 days 15:57:13.444209,1336958,25.29,25.28,17511,3757,1772,-2828
1163,GM,2020-06-30,0 days 15:57:42.512035,1363836,25.3,25.29,8722,11865,6677,-30423
1164,GM,2020-06-30,0 days 15:58:01.559312,1391831,25.3,25.29,9054,12300,-14405,8895
1165,GM,2020-06-30,0 days 15:58:12.586548,1367136,25.31,25.3,12788,8396,2921,-10179
1166,GM,2020-06-30,0 days 15:59:05.716161,1444849,25.3,25.29,11894,7574,-1481,19
1167,GM,2020-06-30,0 days 15:59:10.731350,1576122,25.3,25.29,7155,4426,-40028,128822
1168,GM,2020-06-30,0 days 15:59:11.733490,1532350,25.3,25.29,9255,700,43772,-40028
1169,GM,2020-06-30,0 days 15:59:23.761301,1592330,25.29,25.28,5065,7420,13902,-1598
1170,GM,2020-06-30,0 days 15:59:33.784627,1606640,25.29,25.28,901,17530,-7249,1351
1171,GOLD,2020-06-30,0 days 15:57:33.429456,347022,26.98,26.97,22616,291,-5376,1824
1172,GOLD,2020-06-30,0 days 15:57:41.449682,352398,26.96,26.95,7800,10620,2824,-5376
1173,GOLD,2020-06-30,0 days 15:58:40.591272,347329,26.96,26.95,12679,15647,16145,-3907
1174,GOLD,2020-06-30,0 days 15:58:41.594224,344774,26.96,26.95,12479,15547,-2555,16145
1175,GOLD,2020-06-30,0 days 15:59:02.646255,346438,26.96,26.95,2106,20925,1236,-1725
1176,GOLD,2020-06-30,0 days 15:59:38.724215,360756,26.97,26.96,24314,4072,30344,-4282
1177,GOLD,2020-06-30,0 days 15:59:46.745263,360532,26.96,26.95,18427,5732,-6,15445
1178,GOLD,2020-06-30,0 days 15:59:47.745910,360538,26.96,26.95,21627,6032,5459,-6
1179,GPN,2020-06-30,0 days 15:56:16.247605,247907,169.89,169.83,200,200,-1189,1111
1180,GPN,2020-06-30,0 days 15:56:17.250706,246696,169.9,169.83,300,200,1211,-1189
1181,GPN,2020-06-30,0 days 15:56:40.305152,262007,169.99,169.92,100,100,-1849,2522
1182,GPN,2020-06-30,0 days 15:56:41.306671,259956,169.99,169.92,100,100,2051,-1849
1183,GPN,2020-06-30,0 days 15:57:21.404548,262893,169.83,169.77,100,120,-115,125
1184,GPN,2020-06-30,0 days 15:57:22.407222,260808,169.82,169.77,300,200,2085,-115
1185,GPN,2020-06-30,0 days 15:57:35.436175,262893,169.88,169.82,110,100,-6497,3503
1186,GPN,2020-06-30,0 days 15:57:36.438241,261590,169.9,169.84,200,100,1303,-6497
1187,GPN,2020-06-30,0 days 15:57:38.443566,262893,169.9,169.85,300,206,-345,3
1188,GPN,2020-06-30,0 days 15:57:40.448005,261938,169.84,169.8,300,200,955,-1645
1189,GPN,2020-06-30,0 days 15:57:46.465121,263133,169.75,169.72,100,900,-505,555
1190,GPN,2020-06-30,0 days 15:57:47.465302,262138,169.75,169.72,100,900,995,-505
1191,GPN,2020-06-30,0 days 15:57:53.479011,263133,169.74,169.72,300,900,-2205,1095
1192,GPN,2020-06-30,0 days 15:57:54.485132,262238,169.8,169.76,100,100,655,-2205
1193,GPN,2020-06-30,0 days 15:57:56.486269,264643,169.8,169.76,100,100,-395,655
1194,GPN,2020-06-30,0 days 15:57:57.489139,263538,169.8,169.76,100,131,865,-395
1195,GPN,2020-06-30,0 days 15:58:01.499344,263838,169.88,169.84,110,131,565,-3435
1196,GPN,2020-06-30,0 days 15:58:08.516015,264403,169.82,169.76,200,100,-1435,165
1197,GPN,2020-06-30,0 days 15:58:10.522718,258583,169.79,169.76,103,101,5820,-380
1198,GPN,2020-06-30,0 days 15:58:34.579035,264643,169.72,169.64,136,100,-245,1355
1199,GPN,2020-06-30,0 days 15:58:35.581434,263388,169.68,169.62,204,100,1255,-245
1200,GPN,2020-06-30,0 days 15:58:40.593663,264643,169.67,169.62,100,219,-1390,1255
1201,GPN,2020-06-30,0 days 15:58:41.596214,263633,169.72,169.65,136,100,1010,-1390
1202,GPN,2020-06-30,0 days 15:58:58.638552,264880,169.65,169.59,202,200,-7512,2047
1203,GPN,2020-06-30,0 days 15:58:59.639586,264592,169.64,169.55,547,100,1708,-7512
1204,GPN,2020-06-30,0 days 15:59:02.648018,268900,169.66,169.55,100,200,-202,598
1205,GPN,2020-06-30,0 days 15:59:03.650245,268292,169.66,169.55,100,300,917,-202
1206,GPN,2020-06-30,0 days 15:59:04.653283,269483,169.69,169.64,300,200,-309,917
1207,GPN,2020-06-30,0 days 15:59:05.657045,268992,169.69,169.64,100,200,696,-309
1208,GPN,2020-06-30,0 days 15:59:06.660121,269688,169.67,169.6,500,200,-944,696
1209,GPN,2020-06-30,0 days 15:59:07.661580,277032,169.69,169.64,200,300,585,-944
1210,GPN,2020-06-30,0 days 15:59:15.676037,295048,169.77,169.7,100,100,-35882,813
1211,GPN,2020-06-30,0 days 15:59:44.740694,320539,169.86,169.78,505,444,3418,-4382
1212,GPN,2020-06-30,0 days 15:59:45.743398,319857,169.87,169.79,100,440,-5179,3418
1213,GPN,2020-06-30,0 days 15:59:46.745750,325336,169.87,169.81,100,440,369,-5179
1214,GPN,2020-06-30,0 days 15:59:48.752504,324505,169.94,169.85,100,100,-3339,169
1215,GPN,2020-06-30,0 days 15:59:52.760508,319935,169.88,169.7,100,100,5210,-4140
1216,GPN,2020-06-30,0 days 15:59:59.776315,320545,169.73,169.54,100,100,5915,-200
1217,GS,2020-06-30,0 days 15:58:58.696910,387666,197.67,197.66,100,100,-29022,4534
1218,GS,2020-06-30,0 days 15:58:59.699380,386769,197.69,197.64,201,100,2020,-29022
1219,GS,2020-06-30,0 days 15:59:05.716030,395594,197.6,197.52,200,1500,-1096,5812
1220,GS,2020-06-30,0 days 15:59:06.719926,393724,197.55,197.48,200,100,9264,-1096
1221,GS,2020-06-30,0 days 15:59:11.733333,405442,197.64,197.54,214,100,-1901,9918
1222,GS,2020-06-30,0 days 15:59:12.736671,402924,197.54,197.48,100,100,5918,-1901
1223,GS,2020-06-30,0 days 15:59:19.750636,412184,197.57,197.53,100,100,-5065,2860
1224,GS,2020-06-30,0 days 15:59:20.753664,409930,197.56,197.53,134,100,554,-5065
1225,GS,2020-06-30,0 days 15:59:21.756132,407084,197.64,197.5,100,100,-2665,554
1226,GS,2020-06-30,0 days 15:59:22.758464,405230,197.64,197.56,100,200,1854,-2665
1227,GS,2020-06-30,0 days 15:59:25.765773,407384,197.58,197.52,300,2300,-4614,2154
1228,GS,2020-06-30,0 days 15:59:26.768747,405979,197.59,197.54,100,200,1405,-4614
1229,GS,2020-06-30,0 days 15:59:32.783318,405614,197.64,197.6,100,500,-857,662
