,Symbol,Timestamp,TIME,iPaired,Ask_P,Bid_P,Ask_S,Bid_S,iShares,PreviShares
0,A,2020-06-02,0 days 15:58:00.998152,186141,90.21,90.2,540,542,411,-4189
1,A,2020-06-02,0 days 15:58:02.000149,182752,90.21,90.2,540,442,-3389,411
2,A,2020-06-02,0 days 15:59:01.143749,199981,90.12,90.09,450,801,9758,-742
3,A,2020-06-02,0 days 15:59:02.145944,195532,90.12,90.1,300,100,-5449,9758
4,A,2020-06-02,0 days 15:59:06.155871,213923,90.16,90.15,100,410,8333,-3891
5,A,2020-06-02,0 days 15:59:30.213276,225199,90.19,90.16,852,664,-252,4148
6,A,2020-06-02,0 days 15:59:31.214455,224151,90.19,90.17,552,250,1048,-252
7,A,2020-06-02,0 days 15:59:32.216074,225199,90.17,90.16,200,618,-152,1048
8,AA,2020-06-02,0 days 15:58:02.023607,97559,9.91,9.9,9299,19343,-574,1226
9,AA,2020-06-02,0 days 15:59:17.195247,103632,9.92,9.91,44803,11389,884,-1216
10,AA,2020-06-02,0 days 15:59:41.252545,104516,9.92,9.91,7313,51098,-36692,710
11,ABEV,2020-06-02,0 days 15:59:06.163184,590292,2.51,2.5,996345,1033587,-5009,40281
12,ABEV,2020-06-02,0 days 15:59:12.176791,595301,2.51,2.5,979901,1071477,5191,-5009
13,ABEV,2020-06-02,0 days 15:59:45.226623,600492,2.51,2.5,772272,1073347,-9109,5591
14,ABEV,2020-06-02,0 days 15:59:48.233466,587701,2.51,2.5,661857,1085162,12791,-9109
15,ADM,2020-06-02,0 days 15:57:56.977179,349012,39.68,39.67,8853,4269,-3851,3249
16,ADM,2020-06-02,0 days 15:58:49.103186,353163,39.67,39.66,5350,3419,2550,-3051
17,ADM,2020-06-02,0 days 15:58:50.106428,349313,39.67,39.66,4550,3819,-3150,2550
18,ADS,2020-06-02,0 days 15:58:29.056364,93256,49.71,49.68,287,1161,621,-2661
19,ADS,2020-06-02,0 days 15:58:30.059154,90277,49.73,49.7,300,511,-2979,621
20,ADS,2020-06-02,0 days 15:59:42.228620,95919,49.79,49.76,683,1361,-1107,293
21,ADT,2020-06-02,0 days 15:57:14.895217,217668,8.15,8.14,35849,18181,-2553,1259
22,ADT,2020-06-02,0 days 15:57:15.897162,210921,8.15,8.14,34749,17895,6747,-2553
23,ADT,2020-06-02,0 days 15:57:37.947503,217668,8.15,8.14,14524,17910,-2753,3145
24,ADT,2020-06-02,0 days 15:57:38.950055,215323,8.15,8.14,14424,18010,2345,-2753
25,ADT,2020-06-02,0 days 15:59:14.181214,218825,8.15,8.14,16630,10238,-4347,1544
26,ADT,2020-06-02,0 days 15:59:19.164304,217817,8.15,8.14,16304,8126,1008,-792
27,AEO,2020-06-02,0 days 15:57:30.914316,214835,10.29,10.28,8107,4075,84897,-634
28,AES,2020-06-02,0 days 15:56:54.832366,441628,13.1,13.09,6200,30422,38398,-62902
29,AES,2020-06-02,0 days 15:56:55.834993,435126,13.12,13.11,5400,18938,-6502,38398
30,AES,2020-06-02,0 days 15:58:02.992667,441628,13.11,13.1,33144,29465,3014,-4786
31,AES,2020-06-02,0 days 15:58:03.994936,436842,13.11,13.1,35421,30215,-4786,3014
32,AES,2020-06-02,0 days 15:59:06.145731,453967,13.11,13.1,4418,36304,20920,-3222
33,AFL,2020-06-02,0 days 15:57:11.867526,360638,37.12,37.11,1741,1416,-11328,772
34,AFL,2020-06-02,0 days 15:57:12.870580,359666,37.11,37.1,400,4429,972,-11328
35,AFL,2020-06-02,0 days 15:59:44.228168,413453,37.2,37.19,200,1901,1052,-9448
36,AIG,2020-06-02,0 days 15:59:16.156163,557750,31.44,31.43,1568,310,-57199,29320
37,AIG,2020-06-02,0 days 15:59:17.159137,550192,31.41,31.4,660,246,7558,-57199
38,AIG,2020-06-02,0 days 15:59:27.183621,557750,31.44,31.42,1175,3357,-2064,2260
39,AIG,2020-06-02,0 days 15:59:28.185021,557271,31.43,31.42,500,2557,479,-2064
40,AIG,2020-06-02,0 days 15:59:33.196988,556050,31.45,31.44,3043,301,-5321,279
41,AIG,2020-06-02,0 days 15:59:34.200123,555671,31.44,31.43,2310,200,379,-5321
42,ALK,2020-06-02,0 days 15:55:46.667722,272943,36.14,36.12,300,504,756,-282
43,ALK,2020-06-02,0 days 15:57:38.930245,278430,36.21,36.2,1103,588,222,-1978
44,ALK,2020-06-02,0 days 15:57:39.932274,276452,36.21,36.2,1103,888,-1978,222
45,ALK,2020-06-02,0 days 15:57:44.944238,280430,36.24,36.22,600,100,322,-3478
46,ALK,2020-06-02,0 days 15:57:45.946670,278252,36.24,36.22,600,200,-2178,322
47,ALK,2020-06-02,0 days 15:57:53.966183,288326,36.22,36.21,700,1732,826,-478
48,ALK,2020-06-02,0 days 15:57:54.968721,285452,36.22,36.21,800,1832,-2874,826
49,ALK,2020-06-02,0 days 15:59:02.132511,283840,36.18,36.17,1025,976,579,-1521
50,ALK,2020-06-02,0 days 15:59:10.151631,287910,36.21,36.2,5698,1476,691,-1809
51,ALK,2020-06-02,0 days 15:59:14.161264,296501,36.24,36.23,800,448,-3017,83
52,ALK,2020-06-02,0 days 15:59:28.194186,296645,36.21,36.18,1303,900,2756,-344
53,ALLY,2020-06-02,0 days 15:57:34.924233,176326,18.72,18.71,4449,5068,314,-3186
54,ALLY,2020-06-02,0 days 15:57:35.927047,173140,18.73,18.72,3500,5636,-4886,314
55,ALLY,2020-06-02,0 days 15:59:00.135396,178184,18.69,18.68,5757,5768,-3257,943
56,AM,2020-06-02,0 days 15:55:47.713010,155595,5.0,4.99,22706,15876,-4702,1663
57,AM,2020-06-02,0 days 15:55:48.715839,151397,5.0,4.99,23306,15695,4198,-4702
58,AM,2020-06-02,0 days 15:57:05.901586,160595,5.03,5.02,9031,26970,-662,2166
59,AMC,2020-06-02,0 days 16:00:00.250538,1377636,5.65,5.64,24899,2600,-169817,147083
60,AMCR,2020-06-02,0 days 15:50:12.866001,1240832,10.36,10.35,6563,24592,24472,-42728
61,AMCR,2020-06-02,0 days 15:55:00.551222,1316478,10.33,10.32,7934,14380,-149593,30972
62,AMCR,2020-06-02,0 days 15:57:11.867770,1528833,10.33,10.32,94621,39118,5846,-50654
63,AMCR,2020-06-02,0 days 15:57:54.971744,1536913,10.33,10.32,130855,70185,-37618,39882
64,AMCR,2020-06-02,0 days 15:57:55.973919,1512231,10.33,10.32,130355,70385,9125,-37618
65,AMCR,2020-06-02,0 days 15:59:05.143038,1528487,10.33,10.32,24592,73826,-18808,348
66,AMH,2020-06-02,0 days 15:59:47.221589,240167,26.49,26.48,3167,9810,-2748,3491
67,AMT,2020-06-02,0 days 15:59:28.184995,393691,263.6,263.46,125,100,-848,2652
68,AMT,2020-06-02,0 days 15:59:29.187195,387029,263.53,263.4,650,200,6662,-848
69,AMT,2020-06-02,0 days 15:59:41.216780,393691,263.6,263.47,225,920,-6408,392
70,AMT,2020-06-02,0 days 15:59:47.230760,393122,263.65,263.6,400,525,569,-2831
71,AMX,2020-06-02,0 days 15:59:01.166178,97343,13.89,13.88,8265,31823,-2038,3980
72,AMX,2020-06-02,0 days 15:59:02.168212,93581,13.89,13.88,8341,30023,3762,-2038
73,AMX,2020-06-02,0 days 15:59:04.173858,97343,13.89,13.88,6729,32423,-2827,3376
74,AMX,2020-06-02,0 days 15:59:05.175737,94070,13.89,13.88,6729,30723,3273,-2827
75,ANF,2020-06-02,0 days 15:55:30.626612,104586,11.92,11.91,4248,940,489,-2711
76,ANF,2020-06-02,0 days 15:55:31.629502,102175,11.92,11.91,4248,1144,-2411,489
77,ANF,2020-06-02,0 days 15:58:58.126769,104586,11.92,11.91,3273,4501,1156,-1549
78,ANF,2020-06-02,0 days 15:58:59.129673,102542,11.92,11.91,3273,4584,-2044,1156
79,APA,2020-06-02,0 days 15:55:00.552348,376590,12.19,12.18,3051,14510,3375,-108357
80,APA,2020-06-02,0 days 15:55:01.557568,365565,12.2,12.19,16524,8670,-11025,3375
81,APA,2020-06-02,0 days 15:58:59.128702,389270,12.22,12.21,5987,36270,9871,-8229
82,APA,2020-06-02,0 days 15:59:00.134205,382141,12.22,12.21,5487,36389,-5629,9871
83,APA,2020-06-02,0 days 15:59:39.219839,389270,12.23,12.22,13664,31570,228,-8
84,APA,2020-06-02,0 days 15:59:42.227632,387654,12.23,12.22,12559,38381,-1716,2984
85,APHA,2020-06-02,0 days 15:59:36.224623,18241,4.49,4.48,46868,69989,-1796,6733
86,APLE,2020-06-02,0 days 15:55:00.558965,165001,11.02,11.01,5297,3499,2162,-37119
87,APLE,2020-06-02,0 days 15:55:01.563158,162663,11.02,11.01,4697,4899,-2338,2162
88,APLE,2020-06-02,0 days 15:57:05.859279,169620,11.02,11.01,7201,9407,5280,-2320
89,APLE,2020-06-02,0 days 15:57:06.861869,166900,11.03,11.02,2669,9647,-2720,5280
90,APLE,2020-06-02,0 days 15:58:18.034383,166705,11.03,11.02,9021,7534,-2915,2785
91,APLE,2020-06-02,0 days 15:59:47.247840,199082,11.04,11.03,9593,10967,-2258,3142
92,APLE,2020-06-02,0 days 15:59:48.250374,201340,11.04,11.03,9092,8160,3129,-2258
93,APLE,2020-06-02,0 days 15:59:49.252173,199369,11.05,11.04,3286,8534,-1971,3129
94,APRN,2020-06-02,0 days 15:59:30.200829,7739,11.05,11.01,677,4425,893,-207
95,APY,2020-06-02,0 days 15:57:02.827067,85178,10.09,10.08,3752,900,-1150,1898
96,APY,2020-06-02,0 days 15:57:03.829093,84128,10.09,10.08,2165,1700,163,-1150
97,APY,2020-06-02,0 days 15:57:31.896048,84128,10.12,10.09,200,640,2870,-130
98,APY,2020-06-02,0 days 15:58:11.993954,87082,10.14,10.12,4387,1500,-1483,17
99,APY,2020-06-02,0 days 15:58:12.996379,86565,10.14,10.12,4273,2400,517,-1483
100,APY,2020-06-02,0 days 15:59:22.161065,92923,10.14,10.12,1199,2214,-939,561
101,APY,2020-06-02,0 days 15:59:23.163568,92562,10.13,10.12,200,1114,361,-939
102,APY,2020-06-02,0 days 15:59:25.168517,92923,10.14,10.12,7626,200,-939,1961
103,APY,2020-06-02,0 days 15:59:26.170366,92562,10.14,10.12,7307,745,361,-939
104,APY,2020-06-02,0 days 15:59:40.206180,92636,10.14,10.13,14103,447,287,-1513
105,APY,2020-06-02,0 days 15:59:43.213634,92923,10.14,10.13,6340,1100,-1187,1113
106,APY,2020-06-02,0 days 15:59:44.214793,92710,10.14,10.12,6529,1200,213,-1187
107,APY,2020-06-02,0 days 15:59:58.249583,93023,10.12,10.07,100,2100,-153,21029
108,APY,2020-06-02,0 days 15:59:59.249594,80976,10.08,10.06,269,4397,21029,-153
109,AR,2020-06-02,0 days 15:58:09.006579,223211,3.19,3.18,46874,37815,1872,-2928
110,AR,2020-06-02,0 days 15:59:06.145664,225083,3.19,3.18,35200,41397,-4936,783
111,ARI,2020-06-02,0 days 15:57:06.903942,104871,9.03,9.02,4450,5007,1680,-546
112,ARI,2020-06-02,0 days 15:57:07.906361,104251,9.03,9.02,4271,5007,-620,1680
113,ARI,2020-06-02,0 days 15:58:58.158211,102361,9.04,9.03,4010,6102,69,-390
114,ARI,2020-06-02,0 days 15:58:59.160812,102030,9.04,9.03,4610,5597,-331,69
115,ARI,2020-06-02,0 days 15:59:00.166137,102361,9.05,9.04,19603,700,1011,-331
116,ARI,2020-06-02,0 days 15:59:01.165901,102172,9.05,9.04,19021,1281,-189,1011
117,ARI,2020-06-02,0 days 15:59:17.195063,102361,9.04,9.03,7622,3167,266,-1175
118,ARMK,2020-06-02,0 days 15:55:28.629563,65536,26.52,26.51,1610,3320,739,-61
119,ARMK,2020-06-02,0 days 15:55:29.631606,65375,26.52,26.51,1500,2920,-161,739
120,ARMK,2020-06-02,0 days 15:55:46.671748,65536,26.54,26.53,1300,1684,178,-123
121,ARMK,2020-06-02,0 days 15:55:47.674841,65414,26.54,26.53,1402,1784,-122,178
122,ARMK,2020-06-02,0 days 15:58:51.118281,65633,26.5,26.49,4051,3003,85,-1278
123,ARMK,2020-06-02,0 days 15:59:01.143476,74716,26.5,26.49,1098,2651,-5117,121
124,ARMK,2020-06-02,0 days 15:59:02.145715,74033,26.5,26.49,1198,2451,83,-5117
125,ATUS,2020-06-02,0 days 15:59:05.143849,154146,26.0,25.99,28409,8237,-1021,6292
126,ATUS,2020-06-02,0 days 15:59:22.179217,151899,26.0,25.99,27361,11796,2247,-1021
127,ATUS,2020-06-02,0 days 15:59:46.237815,153129,26.0,25.99,166030,5053,1363,-3483
128,AUY,2020-06-02,0 days 15:58:42.096833,101339,5.23,5.22,371258,431855,-1765,1135
129,AUY,2020-06-02,0 days 15:58:47.108734,103104,5.23,5.22,380836,429187,15104,-1365
130,AUY,2020-06-02,0 days 15:59:07.158478,118608,5.23,5.22,353645,361585,-3101,4855
131,AUY,2020-06-02,0 days 15:59:36.224558,123292,5.23,5.22,297164,356576,3516,-4684
132,AXL,2020-06-02,0 days 15:58:58.135510,80050,7.79,7.78,16590,3691,2227,-995
133,AXP,2020-06-02,0 days 15:59:15.172141,514530,99.01,99.0,210,200,-31681,14358
134,AXP,2020-06-02,0 days 15:59:16.172876,508311,98.96,98.95,100,100,6219,-31681
135,AXP,2020-06-02,0 days 15:59:18.177981,514530,98.93,98.89,510,5947,-606,15019
136,AXP,2020-06-02,0 days 15:59:32.212195,511736,98.93,98.92,100,681,2839,-6061
137,AXP,2020-06-02,0 days 15:59:38.225708,512736,98.95,98.92,810,780,1839,-2661
138,AXP,2020-06-02,0 days 15:59:41.233879,514575,98.95,98.93,158,703,-1217,433
139,AXP,2020-06-02,0 days 15:59:44.240438,513492,98.97,98.95,472,100,1283,-8117
140,AXP,2020-06-02,0 days 15:59:48.250304,514775,99.02,98.99,192,509,-873,827
141,AXP,2020-06-02,0 days 15:59:49.252112,513848,99.02,98.99,192,509,927,-873
142,AXTA,2020-06-02,0 days 15:57:57.009171,107940,23.32,23.31,11272,4522,-152,1548
143,AXTA,2020-06-02,0 days 15:57:58.011412,107292,23.32,23.31,10433,5060,648,-152
144,AXTA,2020-06-02,0 days 15:58:01.019820,107940,23.32,23.31,7280,2591,-152,648
145,AXTA,2020-06-02,0 days 15:58:03.025335,107292,23.32,23.31,12780,2595,648,-252
146,AXTA,2020-06-02,0 days 15:58:37.107640,100974,23.3,23.29,6086,2219,-1411,155
147,AXTA,2020-06-02,0 days 15:59:03.171111,112878,23.3,23.29,7053,1722,685,-6715
148,AXTA,2020-06-02,0 days 15:59:42.256369,114908,23.33,23.32,3800,7680,-471,529
149,AXTA,2020-06-02,0 days 15:59:43.257497,114479,23.33,23.32,6698,5760,429,-471
150,AZN,2020-06-02,0 days 15:55:48.715811,43151,54.62,54.61,4116,3357,125,-368
151,AZN,2020-06-02,0 days 15:55:49.717604,41776,54.62,54.61,3916,3757,-1375,125
152,AZN,2020-06-02,0 days 15:57:36.961643,43629,54.66,54.65,1070,7406,19694,-581
153,AZN,2020-06-02,0 days 15:59:33.233576,82304,54.71,54.7,1900,2500,17113,-19162
154,AZUL,2020-06-02,0 days 15:56:43.819553,33371,9.62,9.61,501,900,436,-1164
155,AZUL,2020-06-02,0 days 15:57:13.895323,33807,9.64,9.63,1400,2689,-5305,436
156,AZUL,2020-06-02,0 days 15:57:38.950025,33599,9.61,9.6,2208,1212,208,-1705
157,BA,2020-06-02,0 days 15:59:15.166240,428175,153.23,153.2,110,870,-57999,11844
158,BA,2020-06-02,0 days 15:59:19.172368,431837,153.16,153.12,513,200,-272,1728
159,BA,2020-06-02,0 days 15:59:26.188780,431937,153.11,153.08,200,200,-3172,214
160,BABA,2020-06-02,0 days 15:52:31.199092,1496639,214.28,214.27,2223,100,-19485,4407
161,BABA,2020-06-02,0 days 15:52:35.210904,1492232,214.23,214.21,403,300,4407,-20369
162,BABA,2020-06-02,0 days 15:53:05.281044,1496639,214.27,214.25,200,500,-19485,4407
163,BABA,2020-06-02,0 days 15:53:10.292977,1492181,214.23,214.21,100,446,4458,-19485
164,BABA,2020-06-02,0 days 15:55:28.624476,1597384,214.23,214.21,400,200,18756,-8636
165,BABA,2020-06-02,0 days 15:55:29.625682,1595040,214.22,214.21,100,300,-2293,18756
166,BABA,2020-06-02,0 days 15:55:56.691045,1597439,214.22,214.2,393,200,19501,-4391
167,BABA,2020-06-02,0 days 15:55:57.692826,1595240,214.22,214.2,1234,1000,-2148,19501
168,BABA,2020-06-02,0 days 15:56:25.759967,1614126,214.22,214.19,600,100,5974,-17026
169,BABA,2020-06-02,0 days 15:56:26.762692,1610600,214.2,214.18,400,531,-3526,5974
170,BABA,2020-06-02,0 days 15:57:53.965135,1661779,214.33,214.31,502,699,2469,-11109
171,BABA,2020-06-02,0 days 15:57:54.968238,1655247,214.35,214.32,791,400,-9910,2469
172,BABA,2020-06-02,0 days 15:57:55.969817,1664013,214.34,214.31,500,799,1434,-9910
173,BABA,2020-06-02,0 days 15:58:08.000083,1624792,214.08,214.05,200,200,-2873,4179
174,BABA,2020-06-02,0 days 15:58:10.004812,1624665,214.06,214.03,232,200,127,-190
175,BABA,2020-06-02,0 days 15:58:24.038479,1623231,214.06,214.03,1200,930,-2834,2900
176,BABA,2020-06-02,0 days 15:59:07.144198,1646246,214.06,214.03,300,600,-7234,22689
177,BABA,2020-06-02,0 days 15:59:08.146975,1645807,214.04,214.02,1000,224,439,-7234
178,BABA,2020-06-02,0 days 15:59:23.181296,1647129,213.95,213.92,446,427,-221,3831
179,BABA,2020-06-02,0 days 15:59:24.184012,1646098,213.92,213.87,330,500,1031,-221
180,BABA,2020-06-02,0 days 15:59:28.193995,1648261,213.91,213.85,200,343,-11737,2252
181,BABA,2020-06-02,0 days 15:59:29.196247,1646512,213.85,213.84,181,509,13249,-11737
182,BABA,2020-06-02,0 days 15:59:30.199615,1648261,213.88,213.86,495,1300,-9003,13249
183,BABA,2020-06-02,0 days 15:59:31.201377,1646725,213.93,213.9,850,808,1536,-9003
184,BABA,2020-06-02,0 days 15:59:37.216236,1647077,213.94,213.93,3385,500,1184,-589
185,BABA,2020-06-02,0 days 15:59:47.239597,1646571,214.06,214.05,300,714,558,-3615
186,BABA,2020-06-02,0 days 15:59:55.260381,1647129,214.03,213.98,7126,3500,-2163,2921
187,BAC,2020-06-02,0 days 15:55:59.741617,5888632,24.77,24.76,56317,51528,17349,-12737
188,BAC,2020-06-02,0 days 15:56:00.744817,5823781,24.77,24.76,23511,75163,-64851,17349
189,BAC,2020-06-02,0 days 15:57:35.959006,5897252,24.82,24.81,67946,48424,27024,-45276
190,BAC,2020-06-02,0 days 15:57:36.961643,5924276,24.82,24.81,67246,53730,-31776,27024
191,BAC,2020-06-02,0 days 15:58:14.051676,5868476,24.8,24.79,108260,58398,-26416,29384
192,BAC,2020-06-02,0 days 15:59:02.168212,5881399,24.8,24.79,78563,45983,-12126,38274
193,BAC,2020-06-02,0 days 15:59:15.194508,6024732,24.81,24.8,3868,107426,720157,-13257
194,BAC,2020-06-02,0 days 15:59:45.262113,6396556,24.84,24.83,68336,41215,93926,-75228
195,BAC,2020-06-02,0 days 15:59:46.264659,6490482,24.85,24.84,96126,68837,-175654,93926
196,BAC,2020-06-02,0 days 15:59:48.268700,6415382,24.84,24.83,1400,68561,82257,-105897
197,BAC,2020-06-02,0 days 15:59:49.271171,6497639,24.85,24.84,107314,52861,-151997,82257
198,BAM,2020-06-02,0 days 15:59:22.190235,47917,32.87,32.86,3668,100,-305,95
199,BAM,2020-06-02,0 days 15:59:23.193345,47122,32.86,32.85,200,2602,795,-305
200,BAM,2020-06-02,0 days 15:59:29.208321,47917,32.87,32.86,2968,1526,-223,77
201,BAM,2020-06-02,0 days 15:59:48.254057,47649,32.85,32.83,241,1100,268,-223
202,BB,2020-06-02,0 days 15:58:47.078232,64033,5.34,5.33,158961,27190,1311,-303
203,BB,2020-06-02,0 days 15:59:03.117537,65255,5.34,5.33,104040,94363,-2599,1525
204,BB,2020-06-02,0 days 15:59:19.154100,68554,5.34,5.33,95725,128027,3945,-2599
205,BB,2020-06-02,0 days 15:59:36.195202,72658,5.34,5.33,40426,146844,-2396,4004
206,BB,2020-06-02,0 days 15:59:37.198365,72354,5.34,5.33,41826,146544,304,-2396
207,BB,2020-06-02,0 days 15:59:42.210706,72254,5.35,5.34,115929,127774,304,-496
208,BBD,2020-06-02,0 days 15:59:05.143206,642495,3.97,3.96,462935,965961,-18002,23355
209,BBD,2020-06-02,0 days 15:59:06.146202,641072,3.97,3.96,462735,965961,1423,-18002
210,BBVA,2020-06-02,0 days 15:55:00.531807,350287,3.34,3.33,221625,128658,55413,-45831
211,BBY,2020-06-02,0 days 15:55:39.666186,183696,80.45,80.44,734,1424,2040,-1054
212,BBY,2020-06-02,0 days 15:55:40.668681,182336,80.45,80.44,734,1624,-1360,2040
213,BBY,2020-06-02,0 days 15:56:33.795289,185726,80.39,80.37,403,991,1463,-937
214,BBY,2020-06-02,0 days 15:56:34.798858,184089,80.41,80.38,400,489,-1637,1463
215,BBY,2020-06-02,0 days 15:57:13.895271,190226,80.41,80.4,400,200,483,-12817
216,BBY,2020-06-02,0 days 15:57:38.949963,193468,80.46,80.45,200,1270,-1041,2359
217,BBY,2020-06-02,0 days 15:57:39.952936,192809,80.46,80.45,100,2596,659,-1041
218,BBY,2020-06-02,0 days 15:57:45.966276,193468,80.47,80.46,600,900,-1541,559
219,BBY,2020-06-02,0 days 15:57:46.968303,191109,80.47,80.46,300,1347,2359,-1541
220,BBY,2020-06-02,0 days 15:57:51.980686,193468,80.47,80.46,297,3397,-1141,559
221,BBY,2020-06-02,0 days 15:57:52.984352,191909,80.47,80.46,574,1314,1559,-1141
222,BBY,2020-06-02,0 days 15:57:55.989835,193668,80.48,80.46,901,1415,-1548,652
223,BBY,2020-06-02,0 days 15:57:56.992514,193116,80.48,80.47,201,615,552,-1548
224,BBY,2020-06-02,0 days 15:58:01.006681,193668,80.47,80.46,1710,200,-1648,552
225,BBY,2020-06-02,0 days 15:58:02.007780,191516,80.45,80.42,1102,248,2152,-1648
226,BBY,2020-06-02,0 days 15:58:49.120869,197276,80.41,80.4,919,100,-815,1122
227,BBY,2020-06-02,0 days 15:58:50.123493,196691,80.41,80.4,600,1032,585,-815
228,BBY,2020-06-02,0 days 15:59:36.203280,213143,80.5,80.47,570,988,-2040,1593
229,BBY,2020-06-02,0 days 15:59:41.215674,206883,80.49,80.47,1320,574,6260,-548
230,BBY,2020-06-02,0 days 15:59:46.228035,208435,80.51,80.49,484,200,-9596,509
231,BCS,2020-06-02,0 days 15:59:36.221332,82335,5.96,5.95,194045,267073,32575,-38825
232,BCS,2020-06-02,0 days 15:59:37.224062,80110,5.96,5.95,180170,271573,-2225,32575
233,BE,2020-06-02,0 days 15:55:00.555976,35947,7.98,7.97,705,2800,626,-9211
234,BE,2020-06-02,0 days 15:55:01.560250,35473,7.98,7.97,705,3200,-474,626
235,BE,2020-06-02,0 days 15:57:05.857730,36260,7.98,7.97,400,5523,313,-287
236,BE,2020-06-02,0 days 15:57:06.860279,35973,7.98,7.97,400,5523,-287,313
237,BE,2020-06-02,0 days 15:57:11.872440,38400,7.98,7.97,200,5017,1473,-287
238,BE,2020-06-02,0 days 15:57:12.874787,37873,7.98,7.97,300,5223,-527,1473
239,BE,2020-06-02,0 days 15:58:58.121792,38400,7.99,7.98,3216,2431,354,-227
240,BE,2020-06-02,0 days 15:58:59.124535,37954,7.99,7.98,3116,2331,-446,354
241,BE,2020-06-02,0 days 15:59:18.170463,42257,7.97,7.96,1143,12726,500,-3060
242,BEN,2020-06-02,0 days 15:55:00.553529,235794,19.79,19.78,6242,2941,521,-37938
243,BEN,2020-06-02,0 days 15:55:01.558429,232415,19.79,19.78,5592,4701,-3379,521
244,BEN,2020-06-02,0 days 15:56:02.703815,241464,19.76,19.75,7024,4486,395,-3315
245,BEN,2020-06-02,0 days 15:56:03.706015,234659,19.76,19.75,1773,6721,-6805,395
246,BEN,2020-06-02,0 days 15:58:26.048801,247623,19.78,19.77,9190,4967,223,-2577
247,BEN,2020-06-02,0 days 15:58:27.050946,244846,19.78,19.77,16675,7001,-2777,223
248,BGG,2020-06-02,0 days 15:59:37.227379,14508,1.57,1.56,19421,70943,-1399,301
249,BGG,2020-06-02,0 days 15:59:38.229600,14207,1.57,1.56,20206,70622,301,-1399
250,BHC,2020-06-02,0 days 15:59:48.242858,162321,18.89,18.88,1050,8007,446,-1354
251,BHP,2020-06-02,0 days 15:55:05.567204,49503,49.78,49.77,2631,4584,2281,-1390
252,BHP,2020-06-02,0 days 15:55:06.568399,48484,49.78,49.77,1717,7091,-819,2281
253,BHP,2020-06-02,0 days 15:59:01.135338,52948,49.78,49.77,4246,230,1673,-996
254,BHP,2020-06-02,0 days 15:59:02.136944,52421,49.78,49.77,4442,100,-727,1673
255,BHP,2020-06-02,0 days 15:59:05.144016,53748,49.78,49.77,4200,250,4657,-727
256,BIG,2020-06-02,0 days 15:57:18.888698,55327,37.39,37.38,110,990,796,-416
257,BIG,2020-06-02,0 days 15:57:19.890207,53823,37.42,37.39,1120,269,-1504,796
258,BIG,2020-06-02,0 days 15:59:03.134974,55552,37.42,37.4,1302,1448,210,-290
259,BIG,2020-06-02,0 days 15:59:06.142551,55762,37.42,37.4,1474,1990,-2856,210
260,BIG,2020-06-02,0 days 15:59:07.144455,58618,37.42,37.4,1574,593,344,-2856
261,BIG,2020-06-02,0 days 15:59:17.168712,58962,37.38,37.37,1152,338,-40,344
262,BIG,2020-06-02,0 days 15:59:26.189571,56862,37.36,37.34,408,400,-947,1153
263,BILL,2020-06-02,0 days 15:59:04.137227,10664,70.64,70.55,122,531,609,-30
264,BJ,2020-06-02,0 days 15:59:03.171020,94714,36.39,36.38,281,2144,1950,-719
265,BJ,2020-06-02,0 days 15:59:04.173762,92687,36.41,36.39,536,726,-2827,1950
266,BJ,2020-06-02,0 days 15:59:06.178445,97014,36.4,36.39,200,757,5903,-1027
267,BK,2020-06-02,0 days 15:59:15.163585,971677,38.32,38.31,3179,891,-8173,4830
268,BK,2020-06-02,0 days 15:59:16.165044,967050,38.3,38.29,1000,1700,4627,-8173
269,BKD,2020-06-02,0 days 15:55:00.568729,76796,3.79,3.78,15089,21356,-2981,1375
270,BKD,2020-06-02,0 days 15:55:07.585236,54777,3.8,3.79,15337,9460,22019,-2981
271,BKD,2020-06-02,0 days 15:55:08.587618,48696,3.8,3.79,31064,4560,-6081,22019
272,BKD,2020-06-02,0 days 15:55:11.595705,54777,3.79,3.78,19861,17126,22019,-6081
273,BKD,2020-06-02,0 days 15:55:12.598508,48696,3.79,3.78,19861,17126,-6081,22019
274,BKD,2020-06-02,0 days 15:59:36.203405,57327,3.77,3.76,41634,37975,1658,-2142
275,BKD,2020-06-02,0 days 15:59:37.206717,57085,3.77,3.76,26607,39547,-242,1658
276,BKR,2020-06-02,0 days 15:59:06.150706,490830,17.07,17.06,12481,5170,-29306,10878
277,BKR,2020-06-02,0 days 15:59:07.153289,489836,17.07,17.06,12275,1944,994,-29306
278,BKR,2020-06-02,0 days 15:59:15.172141,507784,17.07,17.06,10758,1239,-5652,5948
279,BKR,2020-06-02,0 days 15:59:16.172876,506536,17.07,17.06,12898,1488,1248,-5652
280,BKR,2020-06-02,0 days 15:59:34.217617,503214,17.07,17.06,8050,6102,4570,-2230
281,BKR,2020-06-02,0 days 15:59:48.250374,504959,17.08,17.07,8713,8934,2825,-875
282,BMY,2020-06-02,0 days 15:59:15.166152,2474980,60.66,60.65,2600,1695,-58291,704683
283,BMY,2020-06-02,0 days 15:59:16.165174,2463487,60.58,60.57,328,3000,46394,-58291
284,BMY,2020-06-02,0 days 15:59:28.193560,2491214,60.61,60.6,1500,800,-13296,29854
285,BMY,2020-06-02,0 days 15:59:29.197063,2484210,60.6,60.59,2601,600,22904,-13296
286,BOX,2020-06-02,0 days 15:58:58.158242,131313,19.74,19.73,8021,3231,-1140,853
287,BOX,2020-06-02,0 days 15:58:59.160843,127953,19.74,19.73,6594,2729,3360,-1140
288,BOX,2020-06-02,0 days 15:59:40.250824,132986,19.76,19.75,9868,3159,-1250,250
289,BOX,2020-06-02,0 days 15:59:42.256275,131629,19.76,19.75,8820,3879,1357,-1443
290,BRFS,2020-06-02,0 days 15:58:56.130606,80273,4.52,4.51,118683,48771,-39210,53590
291,BRFS,2020-06-02,0 days 15:59:00.143435,77183,4.52,4.51,110593,42416,3090,-39210
292,BRFS,2020-06-02,0 days 15:59:05.153033,81147,4.51,4.5,116840,105909,-3524,2564
293,BRFS,2020-06-02,0 days 15:59:06.155690,72150,4.51,4.5,118690,100732,8997,-3524
294,BRK.B,2020-06-02,0 days 15:55:24.589786,926486,185.62,185.58,100,500,-9631,369
295,BRK.B,2020-06-02,0 days 15:55:25.593288,925517,185.59,185.56,200,304,969,-9631
296,BRK.B,2020-06-02,0 days 15:55:45.639457,926502,185.64,185.61,200,100,-2815,534
297,BRK.B,2020-06-02,0 days 15:55:48.647219,926099,185.58,185.55,300,602,639,-42
298,BRK.B,2020-06-02,0 days 15:57:04.831081,926932,185.66,185.63,500,279,-69,82
299,BRK.B,2020-06-02,0 days 15:57:05.833360,926701,185.65,185.62,400,200,231,-69
300,BRK.B,2020-06-02,0 days 15:57:28.888904,926932,185.84,185.8,200,300,-428,127
301,BRK.B,2020-06-02,0 days 15:57:29.890944,926760,185.83,185.79,100,208,172,-428
302,BRK.B,2020-06-02,0 days 15:57:35.905140,936132,185.8,185.77,1100,741,-1573,1072
303,BRK.B,2020-06-02,0 days 15:57:36.908046,931805,185.8,185.77,304,841,4327,-1573
304,BRK.B,2020-06-02,0 days 15:57:47.933117,951529,185.81,185.78,100,310,-5176,2569
305,BRK.B,2020-06-02,0 days 15:57:48.936405,949005,185.78,185.77,100,200,2524,-5176
306,BRK.B,2020-06-02,0 days 15:57:51.943378,951529,185.8,185.77,200,468,-9776,2524
307,BRK.B,2020-06-02,0 days 15:57:52.947197,941705,185.8,185.78,100,100,9824,-9776
308,BRK.B,2020-06-02,0 days 15:57:56.955472,951839,185.81,185.79,200,400,-5566,10079
309,BRK.B,2020-06-02,0 days 15:57:57.956906,947205,185.81,185.78,420,468,4634,-5566
310,BRK.B,2020-06-02,0 days 15:58:00.966759,951839,185.82,185.8,100,408,-4121,7679
311,BRK.B,2020-06-02,0 days 15:58:01.968158,941260,185.82,185.8,100,808,10579,-4121
312,BRK.B,2020-06-02,0 days 15:58:20.012413,952239,185.82,185.8,200,400,-5055,1345
313,BRK.B,2020-06-02,0 days 15:58:21.013966,950639,185.82,185.78,301,413,1600,-5055
314,BRK.B,2020-06-02,0 days 15:58:23.018939,952239,185.86,185.81,1300,200,-7355,1045
315,BRK.B,2020-06-02,0 days 15:58:24.021283,951194,185.86,185.82,1300,100,1045,-7355
316,BRK.B,2020-06-02,0 days 15:58:26.026010,938824,185.86,185.83,145,1043,-8678,5030
317,BRK.B,2020-06-02,0 days 15:59:15.145233,959191,185.82,185.79,100,200,-15594,963
318,BRX,2020-06-02,0 days 15:58:02.993213,262765,12.48,12.47,9583,24333,-4951,2122
319,BRX,2020-06-02,0 days 15:58:04.997657,261236,12.48,12.47,9083,24733,1529,-5651
320,BRX,2020-06-02,0 days 15:58:20.034781,262765,12.47,12.46,3442,23033,-520,2480
321,BRX,2020-06-02,0 days 15:58:21.036898,261636,12.47,12.46,3639,23733,1129,-520
322,BRX,2020-06-02,0 days 15:59:04.141676,262823,12.47,12.46,14744,10408,-6180,205
323,BSX,2020-06-02,0 days 15:56:04.685055,855954,37.55,37.54,6110,900,3878,-21426
324,BSX,2020-06-02,0 days 15:56:05.687474,840732,37.55,37.54,8540,1115,-15122,3878
325,BSX,2020-06-02,0 days 15:57:36.906240,856638,37.54,37.53,6083,11213,1412,-5554
326,BSX,2020-06-02,0 days 15:57:38.911561,845884,37.54,37.53,9761,8490,-10654,3112
327,BSX,2020-06-02,0 days 15:57:43.923252,849684,37.54,37.53,9299,6396,-6854,10512
328,BSX,2020-06-02,0 days 15:58:37.051806,855258,37.54,37.53,12160,18671,136,-1185
329,BSX,2020-06-02,0 days 15:58:48.079314,855192,37.54,37.53,11169,19785,-66,136
330,BSX,2020-06-02,0 days 15:59:15.144243,877409,37.54,37.53,6471,7890,35319,-25502
331,BUD,2020-06-02,0 days 15:55:00.559375,38243,49.56,49.55,4246,10300,-1475,458
332,BUD,2020-06-02,0 days 15:55:57.696816,39522,49.52,49.51,3818,402,899,-2801
333,BWA,2020-06-02,0 days 15:57:37.927106,208671,33.92,33.91,1288,3976,-57,1543
334,BWA,2020-06-02,0 days 15:57:38.930156,202628,33.92,33.91,1788,3576,6043,-57
335,BWA,2020-06-02,0 days 15:58:49.100057,208671,33.91,33.9,2759,950,-1642,2743
336,BWA,2020-06-02,0 days 15:58:50.102228,206313,33.91,33.9,2759,950,2358,-1642
337,BWA,2020-06-02,0 days 15:59:16.164970,213805,33.92,33.91,8464,1217,-2827,3152
338,BWA,2020-06-02,0 days 15:59:17.168595,211832,33.92,33.91,9164,889,1973,-2827
339,BX,2020-06-02,0 days 15:55:22.586341,124220,57.81,57.8,917,1313,1651,-649
340,BX,2020-06-02,0 days 15:55:23.589078,122671,57.81,57.8,1619,1213,-1549,1651
341,BYD,2020-06-02,0 days 15:59:46.228239,63835,21.78,21.77,1108,909,1075,-2600
342,C,2020-06-02,0 days 15:55:38.691202,985797,50.74,50.73,5223,200,-12104,1697
343,C,2020-06-02,0 days 15:59:45.261952,1116284,50.82,50.81,6400,711,9979,-7908
344,CAG,2020-06-02,0 days 15:55:38.648606,404163,34.51,34.5,4574,3716,2020,-991
345,CAG,2020-06-02,0 days 15:55:39.651186,403683,34.51,34.5,3874,4310,-480,2020
346,CAG,2020-06-02,0 days 15:56:31.776103,408901,34.51,34.5,919,4422,1603,-6197
347,CAG,2020-06-02,0 days 15:57:20.892525,409030,34.51,34.5,1375,6982,31420,-597
348,CAG,2020-06-02,0 days 15:57:26.900726,487650,34.52,34.51,3009,3414,-1655,2445
349,CARR,2020-06-02,0 days 15:55:02.536854,391641,21.34,21.33,610,3604,-531,1369
350,CARR,2020-06-02,0 days 15:57:09.843554,431016,21.35,21.34,5215,8711,3642,-8558
351,CARR,2020-06-02,0 days 15:59:21.158693,456979,21.38,21.37,24377,4590,-407,593
352,CARR,2020-06-02,0 days 15:59:27.174083,457386,21.38,21.37,25444,5808,93,-407
353,CARR,2020-06-02,0 days 15:59:41.207837,459936,21.37,21.36,2977,6497,130,-1270
354,CARR,2020-06-02,0 days 15:59:43.213660,460066,21.37,21.36,4449,4790,-6770,130
355,CARR,2020-06-02,0 days 15:59:48.224462,469567,21.37,21.36,4540,1637,1699,-6201
356,CAT,2020-06-02,0 days 15:57:42.923070,244934,123.39,123.36,700,660,-666,3170
357,CAT,2020-06-02,0 days 15:57:43.925309,244382,123.38,123.36,500,661,552,-666
358,CAT,2020-06-02,0 days 15:57:44.927948,244934,123.38,123.36,200,1140,-1466,552
359,CAT,2020-06-02,0 days 15:57:49.939621,244876,123.37,123.32,400,300,58,-1742
360,CAT,2020-06-02,0 days 15:57:50.941831,244934,123.38,123.32,300,400,-266,58
361,CAT,2020-06-02,0 days 15:57:56.956194,244482,123.42,123.36,1104,205,452,-848
362,CAT,2020-06-02,0 days 15:57:58.960912,244934,123.42,123.39,500,200,-848,252
363,CAT,2020-06-02,0 days 15:57:59.963845,244682,123.42,123.39,700,200,252,-848
364,CAT,2020-06-02,0 days 15:58:00.968009,244934,123.44,123.41,500,200,-1448,252
365,CAT,2020-06-02,0 days 15:58:02.972488,244482,123.38,123.35,400,200,452,-1648
366,CAT,2020-06-02,0 days 15:58:52.090773,244614,123.33,123.31,310,500,320,-2780
367,CAT,2020-06-02,0 days 15:59:06.124952,245325,123.31,123.29,209,303,-5655,327
368,CAT,2020-06-02,0 days 15:59:43.213634,261040,123.25,123.22,200,838,377,-623
369,CAT,2020-06-02,0 days 15:59:44.214793,260317,123.25,123.22,201,838,-723,377
370,CB,2020-06-02,0 days 15:58:09.007397,236480,121.57,121.56,400,909,-7147,25153
371,CB,2020-06-02,0 days 15:58:10.010683,231327,121.55,121.54,300,205,5153,-7147
372,CB,2020-06-02,0 days 15:59:05.143917,235478,121.58,121.54,400,558,-9964,3784
373,CB,2020-06-02,0 days 15:59:06.146458,235375,121.56,121.54,300,200,103,-9964
374,CB,2020-06-02,0 days 15:59:15.166152,235478,121.58,121.54,100,744,-798,1102
375,CB,2020-06-02,0 days 15:59:17.169025,233065,121.56,121.53,200,433,2413,-6287
376,CB,2020-06-02,0 days 15:59:18.169937,235478,121.56,121.53,200,445,-287,2413
377,CB,2020-06-02,0 days 15:59:19.172243,234965,121.56,121.53,200,445,513,-287
378,CB,2020-06-02,0 days 15:59:40.223974,237923,121.6,121.57,500,100,-107,143
379,CB,2020-06-02,0 days 15:59:50.242070,237730,121.68,121.61,200,1181,193,-207
380,CB,2020-06-02,0 days 15:59:54.250166,237923,121.7,121.64,100,514,-5027,193
381,CBL,2020-06-02,0 days 15:53:43.418667,33240,0.26,0.25,134168,47100,12863,-2145
382,CBL,2020-06-02,0 days 15:54:05.471589,46103,0.26,0.25,129838,23500,-2145,12863
383,CBL,2020-06-02,0 days 15:55:11.625600,48456,0.25,0.24,2343,95694,380,-2145
384,CCI,2020-06-02,0 days 15:57:42.975494,668337,174.71,174.69,125,400,-5385,215
385,CCI,2020-06-02,0 days 15:57:43.978460,665622,174.74,174.69,500,520,2715,-5385
386,CCI,2020-06-02,0 days 15:57:44.980420,668337,174.74,174.69,500,705,-3185,2715
387,CCI,2020-06-02,0 days 15:57:45.982580,659822,174.74,174.69,900,716,8515,-3185
388,CCI,2020-06-02,0 days 15:57:53.000680,668337,174.71,174.66,300,1000,-6085,12815
389,CCI,2020-06-02,0 days 15:57:54.001696,661222,174.71,174.66,441,1100,7115,-6085
390,CCI,2020-06-02,0 days 15:57:58.011319,668337,174.7,174.66,264,1300,-3185,7215
391,CCI,2020-06-02,0 days 15:57:59.014049,665822,174.71,174.67,200,209,2515,-3185
392,CCI,2020-06-02,0 days 15:58:01.019739,668337,174.71,174.68,400,100,-3285,2515
393,CCI,2020-06-02,0 days 15:58:02.023578,665722,174.71,174.68,300,553,2615,-3285
394,CCI,2020-06-02,0 days 15:58:05.029673,668420,174.74,174.7,500,225,-3702,15
395,CCI,2020-06-02,0 days 15:58:06.032783,662322,174.73,174.69,225,379,6098,-3702
396,CCI,2020-06-02,0 days 15:58:25.079206,668420,174.6,174.57,565,1171,-553,2847
397,CCI,2020-06-02,0 days 15:58:26.080594,665273,174.6,174.57,565,1071,3147,-553
398,CCI,2020-06-02,0 days 15:58:59.160877,668337,174.58,174.54,225,100,-770,830
399,CCI,2020-06-02,0 days 15:59:00.166213,665828,174.58,174.54,525,300,2509,-770
400,CCI,2020-06-02,0 days 15:59:06.178350,668639,174.57,174.52,648,231,-9037,2511
401,CCI,2020-06-02,0 days 15:59:07.180637,667176,174.57,174.53,598,300,3963,-9037
402,CCI,2020-06-02,0 days 15:59:17.195095,673274,174.48,174.45,200,180,2480,-7671
403,CCL,2020-06-02,0 days 15:55:00.568672,459556,16.87,16.86,17777,22538,-8599,107437
404,CCL,2020-06-02,0 days 15:55:01.572203,451855,16.86,16.85,20362,30215,7701,-8599
405,CCL,2020-06-02,0 days 15:57:02.865071,463969,16.87,16.86,16031,25946,-19900,11156
406,CCL,2020-06-02,0 days 15:57:05.872437,459533,16.87,16.86,18069,25948,4436,-2564
407,CCL,2020-06-02,0 days 15:59:05.160349,482469,16.87,16.86,34382,38509,-37714,1012
408,CFG,2020-06-02,0 days 15:59:16.160980,450975,25.09,25.08,5900,2367,-3533,4393
409,CFG,2020-06-02,0 days 15:59:17.164397,445308,25.07,25.06,2877,5400,5667,-3533
410,CFG,2020-06-02,0 days 15:59:24.174829,453265,25.07,25.06,1500,7746,-7470,3033
411,CFG,2020-06-02,0 days 15:59:25.176790,450035,25.07,25.06,800,6513,3230,-7470
412,CFG,2020-06-02,0 days 15:59:37.206765,450975,25.09,25.08,2296,1521,-1560,40
413,CFG,2020-06-02,0 days 15:59:40.213723,450935,25.08,25.07,6467,2855,40,-1560
414,CFG,2020-06-02,0 days 15:59:49.234747,450138,25.12,25.11,1693,1657,237,-1860
415,CGC,2020-06-02,0 days 15:57:41.973276,28327,16.11,16.1,2282,7100,391,-2609
416,CGC,2020-06-02,0 days 15:59:58.293559,27048,16.15,16.13,1950,14195,-503,532
417,CHAP,2020-06-02,0 days 15:57:09.863187,6113,0.5,0.49,27200,550,146,-1726
418,CHAP,2020-06-02,0 days 15:58:49.103281,5564,0.5,0.49,33700,300,-549,619
419,CHAP,2020-06-02,0 days 15:59:52.247281,6652,0.5,0.49,9341,200,80,-388
420,CHAP,2020-06-02,0 days 15:59:59.262707,6264,0.5,0.49,7873,200,-388,80
421,CHAP,2020-06-02,0 days 16:00:00.266342,6652,0.5,0.48,4521,10606,80,-388
422,CIEN,2020-06-02,0 days 15:55:00.559349,82716,55.76,55.74,695,401,2819,-9476
423,CIEN,2020-06-02,0 days 15:55:01.563251,82535,55.75,55.73,200,400,-181,2819
424,CIEN,2020-06-02,0 days 15:55:09.580485,82716,55.71,55.7,300,300,242,-181
425,CIEN,2020-06-02,0 days 15:55:10.583541,82558,55.71,55.69,304,400,-158,242
426,CIEN,2020-06-02,0 days 15:56:02.708884,88281,55.68,55.67,400,400,278,-811
427,CIEN,2020-06-02,0 days 15:56:03.711252,86659,55.68,55.67,400,300,-1622,278
428,CIEN,2020-06-02,0 days 15:57:47.960262,89293,55.68,55.67,1155,501,166,-634
429,CIEN,2020-06-02,0 days 15:57:48.962570,88659,55.68,55.67,2135,501,-634,166
430,CIEN,2020-06-02,0 days 15:58:01.995026,89293,55.66,55.65,440,4807,866,-934
431,CIEN,2020-06-02,0 days 15:58:02.997581,88059,55.66,55.65,800,4807,-1234,866
432,CIEN,2020-06-02,0 days 15:58:20.038264,88293,55.65,55.64,712,926,481,-519
433,CIEN,2020-06-02,0 days 15:58:21.040567,87774,55.65,55.64,912,1126,-519,481
434,CIEN,2020-06-02,0 days 15:59:04.146458,90798,55.62,55.61,644,544,943,-519
435,CIEN,2020-06-02,0 days 15:59:23.189909,95892,55.6,55.57,878,1300,-393,307
436,CIEN,2020-06-02,0 days 15:59:28.202004,96285,55.61,55.6,2161,100,556,-393
437,CIM,2020-06-02,0 days 15:59:16.146620,229373,8.75,8.74,8771,20525,13200,-250
438,CIM,2020-06-02,0 days 15:59:17.149529,227673,8.75,8.74,13264,18137,-1700,13200
439,CIM,2020-06-02,0 days 15:59:45.217217,229373,8.76,8.75,33027,8970,1007,-1393
440,CIT,2020-06-02,0 days 15:55:01.560804,86825,19.11,19.08,1102,1601,-123,877
441,CIT,2020-06-02,0 days 15:56:53.828728,89592,19.04,19.03,200,400,750,-51
442,CIT,2020-06-02,0 days 15:56:54.832436,89342,19.04,19.03,200,500,-250,750
443,CIT,2020-06-02,0 days 15:58:00.989734,89936,19.04,19.02,319,100,332,-468
444,CIT,2020-06-02,0 days 15:59:02.136343,92317,19.05,19.03,700,1206,-619,282
445,CIT,2020-06-02,0 days 15:59:13.162118,94617,19.06,19.05,2933,789,-308,177
446,CIT,2020-06-02,0 days 15:59:40.215048,96418,19.06,19.03,1527,1430,-2207,93
447,CIT,2020-06-02,0 days 15:59:52.243980,94725,19.05,19.03,464,904,893,-108
448,CIT,2020-06-02,0 days 15:59:53.248043,94617,19.07,19.04,501,507,-108,893
449,CLDR,2020-06-02,0 days 15:55:40.653221,1434190,11.21,11.2,3120,147032,-12103,23822
450,CLDR,2020-06-02,0 days 15:55:41.655913,1418993,11.21,11.2,6675,139017,15197,-12103
451,CLDR,2020-06-02,0 days 15:55:51.679873,1422040,11.23,11.22,6900,3219,12150,-18050
452,CLDR,2020-06-02,0 days 15:56:29.771423,1429940,11.25,11.24,5991,6064,4250,-6050
453,CLDR,2020-06-02,0 days 15:56:44.807488,1434190,11.27,11.26,5583,3507,-4727,4250
454,CLDR,2020-06-02,0 days 15:59:16.155974,1438901,11.24,11.23,8744,11145,-11203,5048
455,CLDR,2020-06-02,0 days 15:59:17.158926,1435004,11.24,11.23,11344,11649,3897,-11203
456,CLDR,2020-06-02,0 days 15:59:25.178278,1438901,11.26,11.25,1900,7900,-4003,3897
457,CLDR,2020-06-02,0 days 15:59:43.221599,1448076,11.24,11.23,13116,5684,1807,-748
458,CLDR,2020-06-02,0 days 15:59:44.223924,1449883,11.24,11.23,13884,4884,-11839,1807
459,CLNY,2020-06-02,0 days 15:59:07.153227,985019,2.33,2.32,74632,58329,4374,-5826
460,CLNY,2020-06-02,0 days 15:59:08.156187,982593,2.33,2.32,74632,58229,-2426,4374
461,CLNY,2020-06-02,0 days 15:59:45.243013,985793,2.33,2.32,72008,101720,-1187,6113
462,CLR,2020-06-02,0 days 15:59:06.150671,155221,14.42,14.41,32835,4675,9416,-7497
463,CLR,2020-06-02,0 days 15:59:07.153259,149537,14.42,14.41,30458,4471,-5684,9416
464,CLR,2020-06-02,0 days 15:59:16.172876,155221,14.42,14.41,32585,5281,3128,-5684
465,CLR,2020-06-02,0 days 15:59:17.176352,150149,14.42,14.41,31785,4579,-5072,3128
466,CLR,2020-06-02,0 days 15:59:27.199396,155221,14.42,14.41,33565,887,359,-191
467,CLR,2020-06-02,0 days 15:59:46.245664,152402,14.42,14.41,25675,15715,-2844,6856
468,CNC,2020-06-02,0 days 15:55:46.682257,273256,66.27,66.26,315,100,-390,2545
469,CNC,2020-06-02,0 days 15:55:47.684565,270958,66.23,66.22,600,100,2315,-390
470,CNC,2020-06-02,0 days 15:59:09.169915,279726,66.21,66.2,4498,206,1747,-3863
471,CNC,2020-06-02,0 days 15:59:28.183514,291177,66.21,66.18,602,899,1134,-13
472,CNC,2020-06-02,0 days 15:59:29.186273,291164,66.2,66.18,349,804,-13,1134
473,CNC,2020-06-02,0 days 15:59:34.199504,291177,66.19,66.17,500,200,1134,-13
474,CNC,2020-06-02,0 days 15:59:39.212350,291164,66.21,66.19,1074,276,-13,1134
475,CNC,2020-06-02,0 days 15:59:49.234578,284786,66.24,66.21,200,300,925,-4785
476,CNP,2020-06-02,0 days 15:59:41.220714,614016,18.13,18.12,18452,7246,404,-1410
477,CNP,2020-06-02,0 days 15:59:46.232855,591258,18.12,18.11,18713,16400,-6069,22031
478,CNQ,2020-06-02,0 days 15:55:00.553806,27578,19.98,19.97,7534,6071,2578,-3162
479,CNX,2020-06-02,0 days 15:55:47.674977,185614,10.17,10.16,2909,5805,14718,-99
480,CNX,2020-06-02,0 days 15:55:48.677304,180232,10.17,10.16,939,7026,-5382,14718
481,CNX,2020-06-02,0 days 15:59:39.232590,194398,10.21,10.2,600,9367,195,-181
482,CNX,2020-06-02,0 days 15:59:46.248843,192263,10.22,10.21,7671,9381,-2135,5965
483,COF,2020-06-02,0 days 15:57:38.943071,314848,71.0,70.99,837,1738,-3423,784
484,COF,2020-06-02,0 days 15:57:39.945286,314471,71.0,70.99,592,2918,377,-3423
485,COF,2020-06-02,0 days 15:57:40.948627,314848,71.0,70.99,658,3324,-2523,377
486,COF,2020-06-02,0 days 15:59:04.150981,323148,70.86,70.85,301,474,10243,-3476
487,COF,2020-06-02,0 days 15:59:05.153002,332861,70.89,70.85,501,1490,-7887,10243
488,COF,2020-06-02,0 days 15:59:06.155629,331748,70.89,70.88,100,300,1642,-7887
489,COF,2020-06-02,0 days 15:59:07.158448,333390,70.87,70.85,200,641,-35027,1642
490,COF,2020-06-02,0 days 15:59:18.181170,366917,70.85,70.83,400,406,90,-1210
491,COF,2020-06-02,0 days 15:59:19.183441,367007,70.86,70.84,100,400,-1210,90
492,COF,2020-06-02,0 days 15:59:25.198315,365302,70.85,70.84,457,121,-2915,585
493,COG,2020-06-02,0 days 15:59:01.138773,567836,20.18,20.17,3800,1775,-8340,28321
494,COG,2020-06-02,0 days 15:59:02.141090,552676,20.17,20.16,1733,6152,15160,-8340
495,COG,2020-06-02,0 days 15:59:42.236188,575086,20.19,20.18,19724,7627,-3493,3407
496,COG,2020-06-02,0 days 15:59:48.250443,571858,20.19,20.18,20025,5701,3228,-6818
497,COP,2020-06-02,0 days 15:59:47.240032,587457,44.11,44.1,408,2700,7773,-3285
498,COTY,2020-06-02,0 days 15:59:16.146565,794821,4.2,4.19,318307,115104,13076,-12444
499,COTY,2020-06-02,0 days 15:59:17.149492,792197,4.2,4.19,323078,109649,-2624,13076
500,COTY,2020-06-02,0 days 15:59:45.217183,794921,4.2,4.19,333487,96095,3376,-1724
501,CPB,2020-06-02,0 days 15:59:05.160078,327917,52.03,52.02,502,231,11598,-2427
502,CPRI,2020-06-02,0 days 15:55:00.560183,192832,17.47,17.46,1582,1664,6397,-3576
503,CPRI,2020-06-02,0 days 15:59:17.177741,236020,17.45,17.44,3755,654,6054,-7546
504,CRM,2020-06-02,0 days 15:59:21.173003,657378,174.03,174.01,132,200,-56,7248
505,CRM,2020-06-02,0 days 15:59:22.175322,657829,173.98,173.95,2184,500,5249,-56
506,CRM,2020-06-02,0 days 15:59:46.233580,657378,174.09,174.05,1863,710,-4803,1297
507,CRM,2020-06-02,0 days 15:59:47.235305,654981,174.09,174.05,1581,1089,2397,-4803
508,CTL,2020-06-02,0 days 15:56:16.754464,787850,10.23,10.22,25952,66134,-8681,3083
509,CTL,2020-06-02,0 days 15:56:17.757126,758231,10.23,10.22,30853,59901,29619,-8681
510,CTL,2020-06-02,0 days 15:59:07.165530,791217,10.23,10.22,34642,62036,45410,-71487
511,CTL,2020-06-02,0 days 15:59:48.233688,835749,10.23,10.22,46143,51955,3078,-2422
512,CTVA,2020-06-02,0 days 15:59:39.232623,495503,28.02,28.01,4100,1792,-14424,28710
513,CTVA,2020-06-02,0 days 15:59:40.235456,440253,28.0,27.99,8125,100,60289,-14424
514,CVS,2020-06-02,0 days 15:55:44.678436,429074,66.83,66.82,1452,480,-4026,2607
515,CVS,2020-06-02,0 days 15:55:45.680134,427900,66.79,66.78,600,200,1274,-4026
516,CVX,2020-06-02,0 days 15:59:16.146763,792102,94.61,94.6,220,100,-44594,499
517,CVX,2020-06-02,0 days 15:59:17.149658,780900,94.55,94.53,100,300,11202,-44594
518,CVX,2020-06-02,0 days 15:59:22.161095,792102,94.58,94.57,508,223,-368,1631
519,CVX,2020-06-02,0 days 15:59:28.175427,789078,94.53,94.52,300,115,3024,-9376
520,CVX,2020-06-02,0 days 15:59:50.232477,770532,94.66,94.61,833,987,21570,-9730
521,CWH,2020-06-02,0 days 15:57:06.836492,28722,22.94,22.92,600,1034,131,-498
522,CWH,2020-06-02,0 days 15:57:07.839525,27853,22.94,22.92,600,1034,-869,131
523,CWH,2020-06-02,0 days 15:57:56.956158,28722,22.97,22.95,720,1718,431,-869
524,CWH,2020-06-02,0 days 15:57:57.958576,27853,22.97,22.95,820,1818,-869,431
525,CWH,2020-06-02,0 days 15:58:58.104671,29758,23.02,23.0,574,1524,6555,-905
526,CWH,2020-06-02,0 days 15:58:59.107565,29413,23.04,23.02,100,484,-345,6555
527,CWH,2020-06-02,0 days 15:59:07.127703,30103,23.03,23.0,2225,965,33,-67
528,CWH,2020-06-02,0 days 15:59:17.149458,30036,23.01,23.0,1859,599,-282,33
529,CWH,2020-06-02,0 days 15:59:42.210666,30418,23.02,23.0,1009,400,18,-182
530,CWH,2020-06-02,0 days 15:59:50.231898,30236,23.03,23.0,909,452,-82,18
531,CXO,2020-06-02,0 days 15:56:29.773754,121714,59.31,59.3,400,100,-3658,2842
532,CXO,2020-06-02,0 days 15:56:38.795445,121572,59.24,59.23,504,100,142,-258
533,CXO,2020-06-02,0 days 15:58:59.133850,150337,59.45,59.44,200,426,-1573,3227
534,CXO,2020-06-02,0 days 15:59:00.138016,148628,59.46,59.44,600,916,1409,-1573
535,CXO,2020-06-02,0 days 15:59:07.153356,150037,59.46,59.44,700,786,-863,1030
536,CXO,2020-06-02,0 days 15:59:08.156254,148700,59.46,59.44,699,986,1337,-863
537,CXO,2020-06-02,0 days 15:59:41.233913,148737,59.5,59.48,827,300,-699,1824
538,CXO,2020-06-02,0 days 15:59:42.236188,147936,59.5,59.48,1055,400,801,-699
539,D,2020-06-02,0 days 15:57:29.920667,292919,86.19,86.18,557,506,2039,-1661
540,D,2020-06-02,0 days 15:57:46.962129,294619,86.19,86.18,678,100,339,-2161
541,D,2020-06-02,0 days 15:57:54.981979,293019,86.18,86.17,378,500,1939,-1461
542,D,2020-06-02,0 days 15:58:22.048603,295139,86.19,86.18,495,625,-144,356
543,DAL,2020-06-02,0 days 15:59:05.160390,891642,26.42,26.41,9650,36969,48770,-16760
544,DAL,2020-06-02,0 days 15:59:06.163359,891212,26.42,26.41,21568,27576,-1030,48770
545,DAL,2020-06-02,0 days 15:59:16.160950,894342,26.42,26.41,15576,29570,62574,-3030
546,DAL,2020-06-02,0 days 15:59:50.240217,812224,26.44,26.43,15505,2364,-89518,21382
547,DB,2020-06-02,0 days 15:59:03.155729,71262,8.91,8.9,161675,53850,-39,430
548,DB,2020-06-02,0 days 15:59:36.203438,72274,8.9,8.89,134085,61241,-5006,5994
549,DB,2020-06-02,0 days 15:59:37.206765,71880,8.9,8.89,134989,62341,394,-5006
550,DBD,2020-06-02,0 days 15:58:58.104736,94972,5.25,5.24,2827,4460,2609,-1661
551,DBD,2020-06-02,0 days 15:58:59.107603,89381,5.25,5.24,2531,6844,-5591,2609
552,DD,2020-06-02,0 days 15:56:15.738582,407658,52.5,52.49,854,500,281,-1361
553,DD,2020-06-02,0 days 15:57:35.929026,409339,52.59,52.58,1295,5005,-205,195
554,DD,2020-06-02,0 days 15:57:36.931422,413544,52.59,52.58,500,7856,1195,-205
555,DD,2020-06-02,0 days 15:57:37.933614,420339,52.59,52.58,610,5104,-1305,1195
556,DD,2020-06-02,0 days 15:59:06.146027,452030,52.56,52.55,1402,411,24566,-3836
557,DD,2020-06-02,0 days 15:59:37.206918,512551,52.61,52.59,708,919,-2859,641
558,DD,2020-06-02,0 days 15:59:38.208544,511910,52.61,52.59,2408,719,641,-2859
559,DD,2020-06-02,0 days 15:59:40.215190,512551,52.61,52.59,2808,887,-2059,24841
560,DDD,2020-06-02,0 days 15:55:00.555949,174229,7.87,7.86,2342,2300,-25890,14868
561,DELL,2020-06-02,0 days 15:59:04.141676,118244,49.19,49.18,202,110,-2697,2373
562,DELL,2020-06-02,0 days 15:59:05.144133,116741,49.18,49.15,1300,646,1503,-2697
563,DELL,2020-06-02,0 days 15:59:21.177359,117683,49.18,49.15,800,201,561,-1139
564,DELL,2020-06-02,0 days 15:59:22.179309,118625,49.19,49.13,102,1300,-258,561
565,DELL,2020-06-02,0 days 15:59:50.242466,118155,49.18,49.14,142,2717,470,-658
566,DFS,2020-06-02,0 days 15:55:38.624709,220304,52.12,52.11,300,1437,3724,-1847
567,DFS,2020-06-02,0 days 15:55:39.627678,216628,52.12,52.11,500,1534,-3576,3724
568,DFS,2020-06-02,0 days 15:57:02.827067,220511,52.24,52.23,200,1610,10805,-1684
569,DFS,2020-06-02,0 days 15:57:03.829093,218216,52.25,52.24,843,1297,-2295,10805
570,DFS,2020-06-02,0 days 15:57:19.867329,218016,52.3,52.28,700,500,-2495,605
571,DFS,2020-06-02,0 days 15:58:11.993954,245266,52.31,52.3,300,200,-5345,2355
572,DFS,2020-06-02,0 days 15:58:49.083107,252711,52.35,52.33,663,200,3165,-9
573,DFS,2020-06-02,0 days 15:58:50.085761,251276,52.36,52.33,2593,500,-1435,3165
574,DFS,2020-06-02,0 days 15:59:02.115106,252711,52.36,52.35,300,341,3013,-914
575,DFS,2020-06-02,0 days 15:59:03.117637,251924,52.36,52.35,636,190,-787,3013
576,DG,2020-06-02,0 days 15:55:00.551341,177979,191.75,191.7,600,314,-1900,8465
577,DG,2020-06-02,0 days 15:55:01.555790,175979,191.71,191.62,450,150,2000,-1900
578,DG,2020-06-02,0 days 15:55:09.573795,177979,191.75,191.69,551,263,-2458,2000
579,DG,2020-06-02,0 days 15:55:10.577514,176337,191.75,191.69,451,200,1642,-2458
580,DG,2020-06-02,0 days 15:56:30.769828,172501,191.59,191.57,200,537,-5429,1071
581,DG,2020-06-02,0 days 15:56:31.772274,165530,191.58,191.54,450,200,6971,-5429
582,DG,2020-06-02,0 days 15:58:31.060047,177616,191.77,191.75,874,315,-551,2949
583,DG,2020-06-02,0 days 15:58:32.062208,176467,191.77,191.75,874,555,1149,-551
584,DG,2020-06-02,0 days 15:58:59.128319,183663,191.77,191.74,682,350,-2311,589
585,DG,2020-06-02,0 days 15:59:00.133706,182176,191.77,191.74,1082,100,1487,-2311
586,DG,2020-06-02,0 days 15:59:05.143124,183663,191.77,191.74,870,644,-2929,566
587,DGX,2020-06-02,0 days 15:59:01.130069,97988,122.7,122.68,300,200,-4293,307
588,DGX,2020-06-02,0 days 15:59:32.204648,99892,122.55,122.47,100,325,886,-6614
589,DGX,2020-06-02,0 days 15:59:40.224627,100778,122.53,122.5,1177,425,-7114,886
590,DHF,2020-06-02,0 days 15:57:14.857893,159,2.69,2.68,20033,25602,172,-159
591,DHF,2020-06-02,0 days 15:59:36.195299,159,2.7,2.69,10805,17334,41,-159
592,DHF,2020-06-02,0 days 15:59:37.198431,100,2.7,2.69,10805,17334,-59,41
593,DHI,2020-06-02,0 days 15:59:40.231587,242144,55.21,55.2,1621,300,-39,381
594,DHI,2020-06-02,0 days 15:59:46.245538,239364,55.21,55.2,1574,1112,2780,-5120
595,DHT,2020-06-02,0 days 15:58:14.036563,114297,5.92,5.91,19670,21810,7963,-9337
596,DHT,2020-06-02,0 days 15:58:15.038550,104960,5.92,5.91,18058,21807,-9337,7963
597,DHT,2020-06-02,0 days 15:58:58.142067,108936,5.92,5.91,23321,12064,4457,-2852
598,DHT,2020-06-02,0 days 15:58:59.145231,113393,5.92,5.91,23121,13671,-3743,4457
599,DHT,2020-06-02,0 days 15:59:04.158154,117136,5.91,5.9,15404,8822,1813,-1170
600,DKS,2020-06-02,0 days 15:55:09.577574,115870,37.78,37.77,234,300,-3012,1618
601,DKS,2020-06-02,0 days 15:55:10.581263,114982,37.78,37.77,200,100,888,-3012
602,DKS,2020-06-02,0 days 15:55:38.648945,116876,37.74,37.7,722,587,-120,2094
603,DKS,2020-06-02,0 days 15:55:39.651784,115896,37.74,37.7,822,587,980,-120
604,DKS,2020-06-02,0 days 15:57:37.933580,116918,37.72,37.7,500,474,-550,550
605,DKS,2020-06-02,0 days 15:57:38.936958,116068,37.73,37.71,240,400,850,-550
606,DKS,2020-06-02,0 days 15:58:26.048014,119082,37.71,37.7,200,315,-685,315
607,DKS,2020-06-02,0 days 15:58:27.050483,118617,37.72,37.7,968,360,465,-685
608,DKS,2020-06-02,0 days 15:58:37.075160,116572,37.7,37.68,710,200,-2095,415
609,DKS,2020-06-02,0 days 15:58:38.076848,116467,37.69,37.67,800,516,105,-2095
610,DKS,2020-06-02,0 days 15:59:12.160023,123034,37.77,37.74,700,408,289,-3111
611,DKS,2020-06-02,0 days 15:59:58.261402,123450,37.83,37.73,1912,3900,777,-6040
612,DKS,2020-06-02,0 days 15:59:59.257211,122227,37.82,37.8,5342,5774,-6020,777
613,DLPH,2020-06-02,0 days 15:58:47.102321,40917,13.71,13.7,1608,1742,2951,-1816
614,DLPH,2020-06-02,0 days 15:58:48.105815,39768,13.71,13.7,1514,1902,-643,2951
615,DLR,2020-06-02,0 days 15:58:15.026856,367617,140.02,139.97,100,200,-29407,60275
616,DLR,2020-06-02,0 days 15:58:16.027759,266024,139.99,139.95,537,107,102693,-29407
617,DLR,2020-06-02,0 days 15:58:17.028898,367617,140.02,139.95,700,200,-24024,102693
618,DLR,2020-06-02,0 days 15:58:18.034274,265941,140.01,139.94,200,660,104376,-24024
619,DLR,2020-06-02,0 days 15:58:19.035781,367617,140.03,139.96,1000,200,-24024,104376
620,DLR,2020-06-02,0 days 15:58:26.052744,361717,140.1,140.05,300,555,-2842,3176
621,DLR,2020-06-02,0 days 15:58:36.076410,358159,140.1,140.08,160,200,758,-1742
622,DLR,2020-06-02,0 days 15:58:55.123098,356825,140.13,140.09,200,200,-734,466
623,DLR,2020-06-02,0 days 15:58:59.133719,356941,140.1,140.07,100,300,1784,-46
624,DLR,2020-06-02,0 days 15:59:01.138588,361595,140.09,140.06,300,833,-3747,510
625,DLR,2020-06-02,0 days 15:59:04.146093,364724,140.03,139.98,956,600,271,-547
626,DLR,2020-06-02,0 days 15:59:06.150608,368195,140.07,140.01,523,900,-26908,2771
627,DLR,2020-06-02,0 days 15:59:10.160587,294603,140.01,139.97,400,500,74692,-26408
628,DLR,2020-06-02,0 days 15:59:18.177844,300098,140.03,139.93,1386,600,75799,-26976
629,DLR,2020-06-02,0 days 15:59:37.223996,368035,140.09,140.03,100,600,-99215,8603
630,DLR,2020-06-02,0 days 15:59:41.233613,318632,140.0,139.94,300,200,56690,-45330
631,DLR,2020-06-02,0 days 15:59:48.250238,376659,140.07,140.02,859,145,-94667,7439
632,DOC,2020-06-02,0 days 15:55:00.598159,1952270,17.73,17.72,9267,5073,23,-66666
633,DOC,2020-06-02,0 days 15:55:21.650175,1952325,17.71,17.7,9601,1404,-174945,55
634,DOW,2020-06-02,0 days 15:56:02.711241,360303,40.54,40.53,842,2277,11958,-1616
635,DOW,2020-06-02,0 days 15:56:03.713091,358361,40.55,40.54,2056,2488,-1942,11958
636,DOW,2020-06-02,0 days 15:59:07.158410,419812,40.58,40.56,2226,300,4087,-11067
637,DOW,2020-06-02,0 days 15:59:30.213087,419812,40.6,40.58,556,214,6018,-936
638,DRE,2020-06-02,0 days 15:59:01.138773,374143,35.66,35.65,1400,1038,18,-3582
639,DRE,2020-06-02,0 days 15:59:02.141062,371429,35.66,35.65,2000,1010,-2714,18
640,DRE,2020-06-02,0 days 15:59:06.150735,374743,35.66,35.65,1165,2319,4304,-2714
641,DRE,2020-06-02,0 days 15:59:07.153320,373047,35.66,35.65,1469,2019,-33555,4304
642,DRH,2020-06-02,0 days 15:55:01.560770,249146,6.07,6.06,9497,2150,-3592,2408
643,DRH,2020-06-02,0 days 15:56:06.717091,249181,6.05,6.04,14776,8692,-3557,1843
644,DRH,2020-06-02,0 days 15:59:16.155946,281007,6.06,6.05,21813,20130,10101,-4926
645,DRH,2020-06-02,0 days 15:59:17.158862,277308,6.06,6.05,22094,18653,-3699,10101
646,DRI,2020-06-02,0 days 15:50:21.939469,78814,78.21,78.15,378,500,-94,167
647,DRI,2020-06-02,0 days 15:50:26.952190,78814,78.12,78.1,400,200,-94,167
648,DRI,2020-06-02,0 days 15:53:51.438189,78814,78.1,78.09,500,100,-94,167
649,DRI,2020-06-02,0 days 15:53:52.441020,78908,78.09,78.06,500,100,167,-94
650,DRI,2020-06-02,0 days 15:53:58.454929,78814,78.12,78.1,100,805,-94,167
651,DRI,2020-06-02,0 days 15:54:18.502291,78814,78.09,78.08,100,767,-94,167
652,DRI,2020-06-02,0 days 15:54:32.536677,78908,78.08,78.06,904,307,167,-94
653,DRI,2020-06-02,0 days 15:54:44.565955,78814,78.12,78.11,100,659,-94,167
654,DRI,2020-06-02,0 days 15:54:52.581864,78908,78.08,78.06,1030,300,167,-94
655,DRI,2020-06-02,0 days 15:55:00.597757,82568,78.06,78.04,500,461,-8336,167
656,DRI,2020-06-02,0 days 15:56:53.871504,91874,77.97,77.94,300,1122,2195,-105
657,DRI,2020-06-02,0 days 15:56:54.873727,91729,77.98,77.96,200,1062,-145,2195
658,DRI,2020-06-02,0 days 15:57:33.953687,92774,78.07,78.04,229,1583,595,-105
659,DRI,2020-06-02,0 days 15:57:34.956100,92569,78.07,78.04,100,1683,-205,595
660,DRI,2020-06-02,0 days 15:57:47.987306,94074,78.07,78.04,1220,1250,195,-1605
661,DRI,2020-06-02,0 days 15:57:48.989960,94069,78.07,78.04,1497,1350,-131,195
662,DRI,2020-06-02,0 days 15:57:59.013830,96054,78.05,78.04,502,400,1315,-85
663,DRI,2020-06-02,0 days 15:58:00.016598,95829,78.09,78.05,200,501,-225,1315
664,DRI,2020-06-02,0 days 15:58:02.023343,96054,78.05,78.02,600,215,375,-1125
665,DRI,2020-06-02,0 days 15:58:09.038963,96203,78.04,78.01,400,290,526,-1274
666,DRI,2020-06-02,0 days 15:58:10.042195,95929,78.04,78.02,200,526,-274,526
667,DRI,2020-06-02,0 days 15:58:56.153215,96503,78.1,78.08,400,250,1172,-367
668,DRI,2020-06-02,0 days 15:58:59.160754,96503,78.12,78.09,200,500,2572,-167
669,DRI,2020-06-02,0 days 15:59:07.180500,101241,78.12,78.09,506,713,-1340,221
670,DRI,2020-06-02,0 days 15:59:08.183467,100981,78.12,78.09,500,600,260,-1340
671,DRI,2020-06-02,0 days 15:59:36.240722,101241,78.1,78.08,287,500,-509,152
672,DRI,2020-06-02,0 days 15:59:37.242721,101150,78.1,78.08,287,200,91,-509
673,DRI,2020-06-02,0 days 15:59:46.264391,100550,78.11,78.08,200,500,1452,-809
674,DRI,2020-06-02,0 days 15:59:48.268356,101141,78.15,78.11,100,200,-1709,52
675,DRI,2020-06-02,0 days 15:59:50.276161,100550,78.15,78.12,305,100,791,-109
676,DS,2020-06-02,0 days 15:59:04.150981,28542,2.33,2.32,6305,3947,357,-2512
677,DS,2020-06-02,0 days 15:59:32.215948,26499,2.32,2.31,10881,2611,-1543,857
678,DS,2020-06-02,0 days 15:59:38.229537,28042,2.32,2.31,11080,3210,757,-1543
679,DS,2020-06-02,0 days 15:59:48.253789,26999,2.32,2.31,11742,5874,-1043,757
680,DT,2020-06-02,0 days 15:55:40.653051,109989,36.87,36.86,440,1697,-1675,580
681,DT,2020-06-02,0 days 15:55:41.656082,107564,36.88,36.87,1021,400,2425,-1675
682,DT,2020-06-02,0 days 15:59:12.156753,108698,36.72,36.71,200,1276,-510,652
683,DT,2020-06-02,0 days 15:59:24.184529,109498,36.7,36.68,940,232,-110,890
684,DT,2020-06-02,0 days 15:59:35.211291,109008,36.72,36.69,699,505,552,-148
685,DT,2020-06-02,0 days 15:59:36.213685,109560,36.72,36.69,699,505,-48,552
686,DT,2020-06-02,0 days 15:59:41.226139,109008,36.72,36.69,3023,561,552,-448
687,DT,2020-06-02,0 days 15:59:42.228279,109560,36.72,36.69,2923,361,-48,552
688,DUK,2020-06-02,0 days 15:57:42.939500,654334,87.73,87.71,212,1400,-4126,4274
689,DUK,2020-06-02,0 days 15:57:44.944296,653960,87.72,87.7,899,300,374,-1887
690,DUK,2020-06-02,0 days 15:57:48.954106,654334,87.69,87.66,300,400,-5601,2413
691,DUK,2020-06-02,0 days 15:57:53.966241,646907,87.67,87.65,539,200,11927,-201
692,DUK,2020-06-02,0 days 15:57:56.973539,654334,87.67,87.65,200,200,-4773,5127
693,DUK,2020-06-02,0 days 15:57:57.975963,653707,87.67,87.64,680,400,627,-4773
694,DUK,2020-06-02,0 days 15:57:58.978336,654334,87.69,87.66,600,500,-4373,627
695,DUK,2020-06-02,0 days 15:58:00.985036,654107,87.67,87.64,780,793,227,-5073
696,DUK,2020-06-02,0 days 15:58:01.986945,654334,87.67,87.64,700,1813,-7073,227
697,DUK,2020-06-02,0 days 15:58:02.989276,652707,87.65,87.63,682,500,1627,-7073
698,DUK,2020-06-02,0 days 15:58:18.025633,654648,87.64,87.62,602,400,-283,1430
699,DUK,2020-06-02,0 days 15:58:19.027907,654531,87.64,87.62,902,500,617,-283
700,DUK,2020-06-02,0 days 15:58:20.030939,655148,87.64,87.62,904,300,-3683,617
701,DUK,2020-06-02,0 days 15:58:21.032665,654931,87.64,87.62,904,800,217,-3683
702,DUK,2020-06-02,0 days 15:58:22.035008,654920,87.67,87.64,300,1582,-111,217
703,DUK,2020-06-02,0 days 15:58:25.042253,654531,87.67,87.65,400,800,389,-5111
704,DUK,2020-06-02,0 days 15:58:26.044676,654920,87.69,87.67,114,600,-7439,389
705,DUK,2020-06-02,0 days 15:58:28.049197,658359,87.69,87.67,600,258,661,-1425
706,DUK,2020-06-02,0 days 15:58:29.051995,658020,87.71,87.69,700,500,-1425,661
707,DUK,2020-06-02,0 days 15:58:38.074079,658359,87.68,87.67,501,200,661,-425
708,DUK,2020-06-02,0 days 15:58:49.100201,654920,87.67,87.66,1003,328,-2249,489
709,DUK,2020-06-02,0 days 15:58:50.102322,654769,87.67,87.66,1003,328,151,-2249
710,DUK,2020-06-02,0 days 15:58:59.124597,655920,87.68,87.66,402,983,-717,783
711,DUK,2020-06-02,0 days 15:59:02.132636,665651,87.71,87.69,400,714,2416,-11370
712,DUK,2020-06-02,0 days 15:59:03.135078,664753,87.7,87.69,200,825,-898,2416
713,DUK,2020-06-02,0 days 15:59:10.151657,677653,87.71,87.7,100,100,-1774,565
714,DUK,2020-06-02,0 days 15:59:28.194248,694027,87.75,87.73,1349,1288,320,-201
715,DUK,2020-06-02,0 days 15:59:35.211322,679047,87.67,87.66,400,882,-715,9885
716,DUK,2020-06-02,0 days 15:59:39.221559,679062,87.66,87.63,1212,300,8885,-9729
717,DUK,2020-06-02,0 days 15:59:40.224627,680547,87.67,87.65,1490,400,-531,8885
718,DUK,2020-06-02,0 days 15:59:46.238125,731163,87.69,87.68,210,600,-4190,475
719,DVN,2020-06-02,0 days 15:55:43.665483,459847,12.09,12.08,7479,9111,796,-5917
720,DVN,2020-06-02,0 days 15:59:05.153218,459871,12.17,12.16,15604,7136,26819,-6632
721,DVN,2020-06-02,0 days 15:59:06.155871,456579,12.17,12.16,11512,9144,-3292,26819
722,DVN,2020-06-02,0 days 15:59:16.176795,473828,12.17,12.16,12243,11458,2179,-7438
723,DXC,2020-06-02,0 days 15:59:16.156222,988017,16.12,16.11,1315,900,-54541,57703
724,DXC,2020-06-02,0 days 15:59:17.159137,981958,16.09,16.08,1500,3425,6059,-54541
725,DXC,2020-06-02,0 days 15:59:29.187195,977328,16.12,16.11,1815,6400,5589,-9011
726,DXC,2020-06-02,0 days 15:59:45.227286,984317,16.15,16.14,3997,1908,-1818,1082
727,ECL,2020-06-02,0 days 15:55:00.556210,4122244,211.77,211.7,108,425,-4875,984994
728,ECL,2020-06-02,0 days 15:55:30.628922,4125519,210.65,210.53,200,217,196,-52
729,ECL,2020-06-02,0 days 15:55:31.631863,4123315,210.55,210.46,227,125,-2204,196
730,ECL,2020-06-02,0 days 15:56:18.744303,4126585,211.1,211.02,933,200,17,-535
731,ECL,2020-06-02,0 days 15:56:31.776196,4120002,210.96,210.88,669,100,-1574,26
732,ECL,2020-06-02,0 days 15:57:36.925422,4124089,210.99,210.88,766,300,363,-4137
733,ECL,2020-06-02,0 days 15:57:37.927263,4133152,210.99,210.88,643,300,-4237,363
734,ECL,2020-06-02,0 days 15:57:38.930278,4131989,210.99,210.88,643,301,10163,-4237
735,ECL,2020-06-02,0 days 15:58:35.066625,4158838,211.71,211.62,100,225,-6969,26577
736,ECL,2020-06-02,0 days 15:58:36.068530,4155607,211.72,211.64,100,125,3231,-6969
737,ECL,2020-06-02,0 days 15:58:37.071392,4147038,211.81,211.69,185,225,-8569,3231
738,ECL,2020-06-02,0 days 15:58:39.075742,4124718,211.96,211.89,125,289,173,-20083
739,ECL,2020-06-02,0 days 15:58:48.097752,4147038,211.74,211.64,803,325,-8569,3231
740,ECL,2020-06-02,0 days 15:58:49.100201,4144907,211.73,211.65,500,325,2131,-8569
741,ECL,2020-06-02,0 days 15:59:23.182410,4170941,211.7,211.65,206,713,-6238,5562
742,ECL,2020-06-02,0 days 15:59:24.184529,4168179,211.69,211.62,200,302,2762,-6238
743,ECL,2020-06-02,0 days 15:59:28.194216,4170941,211.73,211.69,200,225,-220,1067
744,ECL,2020-06-02,0 days 15:59:38.218536,4148193,211.92,211.8,325,1454,601,-22399
745,ECL,2020-06-02,0 days 15:59:41.226163,4148794,211.97,211.87,325,683,-148,324
746,ECL,2020-06-02,0 days 15:59:42.228279,4148942,211.99,211.95,200,200,505,-148
747,ECL,2020-06-02,0 days 15:59:46.238066,4149447,212.02,211.88,200,1105,-1252,144
748,ECL,2020-06-02,0 days 15:59:47.240032,4149299,212.05,211.88,200,1364,148,-1252
749,ECL,2020-06-02,0 days 15:59:48.242800,4139147,212.09,211.97,325,791,-20452,148
750,EIX,2020-06-02,0 days 15:55:00.553375,210965,59.71,59.69,302,1064,-5603,3004
751,EIX,2020-06-02,0 days 15:58:01.990981,219977,59.74,59.72,695,420,157,-2443
752,EIX,2020-06-02,0 days 15:58:11.012433,217734,59.73,59.71,3275,666,-1343,1057
753,EIX,2020-06-02,0 days 15:59:05.143885,222554,59.82,59.79,1401,1665,1283,-2644
754,ELAN,2020-06-02,0 days 15:55:00.553410,1389078,22.2,22.19,3734,2123,94596,-243072
755,ELAN,2020-06-02,0 days 15:56:01.701923,1483877,22.22,22.21,3393,700,-6444,43914
756,ELAN,2020-06-02,0 days 15:56:02.703782,1468621,22.2,22.19,700,4221,15256,-6444
757,ELAN,2020-06-02,0 days 15:57:45.950593,1458088,22.23,22.22,858,8374,25789,-111
758,ELAN,2020-06-02,0 days 15:58:01.991011,1483877,22.24,22.23,700,805,-4869,14497
759,ELAN,2020-06-02,0 days 15:58:02.993003,1471846,22.24,22.23,1000,200,12031,-4869
760,ELAN,2020-06-02,0 days 15:58:20.034650,1483877,22.24,22.23,4100,1300,-1463,11837
761,ELAN,2020-06-02,0 days 15:58:21.036598,1471840,22.24,22.23,3974,3840,12037,-1463
762,EMR,2020-06-02,0 days 15:55:00.556110,437360,61.18,61.17,306,100,-5472,42201
763,EMR,2020-06-02,0 days 15:59:06.145664,480649,61.14,61.13,810,1140,14688,-1996
764,EMR,2020-06-02,0 days 15:59:07.148533,474245,61.14,61.13,510,1292,-5904,14688
765,ENB,2020-06-02,0 days 15:55:39.651293,33624,33.33,33.32,2301,6008,189,-540
766,ENB,2020-06-02,0 days 15:55:40.653051,33413,33.33,33.32,1619,6288,-211,189
767,ENB,2020-06-02,0 days 15:55:41.656082,33624,33.33,33.32,1314,7688,949,-211
768,ENB,2020-06-02,0 days 15:55:59.698688,33673,33.33,33.32,1686,5589,-2551,49
769,ENB,2020-06-02,0 days 15:58:25.042253,36224,33.33,33.32,7117,3343,14,-1686
770,ENB,2020-06-02,0 days 15:58:26.044651,34538,33.33,33.32,6812,1428,-1686,14
771,ENB,2020-06-02,0 days 15:58:46.093798,36224,33.33,33.32,7138,701,1014,-1686
772,ENB,2020-06-02,0 days 15:58:47.095240,36038,33.33,33.32,7243,200,-186,1014
773,ENB,2020-06-02,0 days 15:58:54.112913,36224,33.33,33.32,7643,600,914,-1586
774,ENB,2020-06-02,0 days 15:58:55.115594,35938,33.33,33.32,6943,1177,-286,914
775,ENB,2020-06-02,0 days 15:59:32.204648,37919,33.3,33.29,400,12468,-44,856
776,ENB,2020-06-02,0 days 15:59:47.240032,37963,33.3,33.29,3501,5920,156,-144
777,ENB,2020-06-02,0 days 15:59:50.250744,37719,33.31,33.3,3457,1295,-244,156
778,ENBL,2020-06-02,0 days 15:59:40.205592,148182,4.26,4.25,5013,5159,-148,1902
779,ENBL,2020-06-02,0 days 15:59:48.224028,145930,4.26,4.25,2746,5417,2252,-148
780,ENLC,2020-06-02,0 days 15:55:00.568314,476608,2.59,2.58,11389,8887,-3045,15940
781,ENLC,2020-06-02,0 days 15:55:34.652742,476846,2.58,2.57,11785,8884,-2307,5193
782,ENLC,2020-06-02,0 days 15:58:47.115493,482697,2.58,2.57,10560,18155,922,-1777
783,ENLC,2020-06-02,0 days 15:58:48.118873,480419,2.58,2.57,10560,18636,-2278,922
784,ENLC,2020-06-02,0 days 15:59:00.152253,482697,2.58,2.57,10560,16509,1795,-2278
785,ENLC,2020-06-02,0 days 15:59:01.150864,481292,2.58,2.57,12260,18073,-1405,1795
786,EOG,2020-06-02,0 days 15:55:00.556153,363334,54.71,54.7,1604,1404,23708,-79251
787,EOG,2020-06-02,0 days 15:55:01.560345,362842,54.72,54.71,1411,1200,-492,23708
788,EOG,2020-06-02,0 days 15:56:55.834617,367576,54.77,54.76,400,300,6209,-791
789,EOG,2020-06-02,0 days 15:56:56.836707,366785,54.78,54.77,765,400,-791,6209
790,EOG,2020-06-02,0 days 15:57:02.850461,367576,54.79,54.78,200,1302,48174,-791
791,EOG,2020-06-02,0 days 15:57:36.925422,408650,54.8,54.79,700,3130,-1711,6589
792,EOG,2020-06-02,0 days 15:57:39.932303,400061,54.83,54.82,1110,700,1594,-8306
793,EOG,2020-06-02,0 days 15:57:42.939472,401555,54.85,54.83,200,2486,-4406,1094
794,EOG,2020-06-02,0 days 15:57:44.944269,401361,54.84,54.83,702,2827,294,-3206
795,EOG,2020-06-02,0 days 15:57:47.951654,402755,54.83,54.82,543,1545,-1606,1794
796,EOG,2020-06-02,0 days 15:57:52.965040,408750,54.8,54.79,1000,1100,-5711,10589
797,EOG,2020-06-02,0 days 15:57:53.966183,404861,54.8,54.79,451,1122,3889,-5711
798,EOG,2020-06-02,0 days 15:57:54.968745,408750,54.8,54.79,651,1022,-811,3889
799,EOG,2020-06-02,0 days 15:57:55.970877,406661,54.8,54.79,1651,1018,2089,-811
800,EOG,2020-06-02,0 days 15:57:56.973539,408750,54.79,54.78,300,1500,-2211,2089
801,EOG,2020-06-02,0 days 15:57:57.975937,407561,54.79,54.78,451,1600,1189,-2211
802,EOG,2020-06-02,0 days 15:58:03.991255,408161,54.77,54.76,300,1201,1224,-2376
803,EOG,2020-06-02,0 days 15:58:13.013021,407613,54.76,54.75,532,800,-2448,5652
804,EOG,2020-06-02,0 days 15:58:14.015501,406861,54.75,54.74,200,700,752,-2448
805,EOG,2020-06-02,0 days 15:58:25.042253,407913,54.77,54.76,700,200,-2548,1052
806,EOG,2020-06-02,0 days 15:58:26.044651,406761,54.77,54.76,700,100,1152,-2548
807,EOG,2020-06-02,0 days 15:58:49.100171,407913,54.74,54.73,1389,200,-3066,1496
808,EOG,2020-06-02,0 days 15:58:50.102295,406779,54.73,54.72,466,1408,1134,-3066
809,EOG,2020-06-02,0 days 15:59:20.174658,420054,54.79,54.77,700,800,1011,-2040
810,EOG,2020-06-02,0 days 15:59:36.213661,421165,54.77,54.76,600,669,-2739,261
811,EOG,2020-06-02,0 days 15:59:37.216670,420104,54.77,54.76,200,584,1061,-2739
812,EOG,2020-06-02,0 days 15:59:55.260795,414720,54.83,54.79,4261,2870,-14384,611
813,EPD,2020-06-02,0 days 15:59:45.261987,216623,19.68,19.67,1992,6754,-2825,190
814,EPD,2020-06-02,0 days 15:59:46.264479,216348,19.68,19.67,1392,6554,275,-2825
815,EPD,2020-06-02,0 days 16:00:00.297148,216623,19.69,19.68,33568,3160,-525,2575
816,EQNR,2020-06-02,0 days 15:56:02.702182,30525,15.25,15.24,20220,9305,1321,-402
817,EQNR,2020-06-02,0 days 15:56:03.704279,29246,15.25,15.24,20220,9855,-1279,1321
818,EQNR,2020-06-02,0 days 15:56:05.709470,30525,15.25,15.24,20220,8255,321,-3002
819,EQNR,2020-06-02,0 days 15:56:06.712547,29246,15.25,15.24,20320,8255,-1279,321
820,EQNR,2020-06-02,0 days 15:56:20.746035,30525,15.25,15.24,24465,6174,321,-1402
821,EQNR,2020-06-02,0 days 15:56:21.747760,27846,15.25,15.24,23465,6174,-2679,321
822,EQNR,2020-06-02,0 days 15:59:05.143206,33157,15.26,15.25,25798,7797,261,-2039
823,EQNR,2020-06-02,0 days 15:59:24.180504,32590,15.25,15.24,26686,11006,-267,833
824,EQR,2020-06-02,0 days 15:55:00.556435,393799,60.74,60.72,200,230,3087,-31497
825,EQR,2020-06-02,0 days 15:55:01.560865,388286,60.74,60.72,800,716,-5513,3087
826,EQR,2020-06-02,0 days 15:57:45.951101,436667,60.55,60.54,312,400,154,-4476
827,EQR,2020-06-02,0 days 15:57:46.953750,435291,60.56,60.55,1937,288,-1376,154
828,EQR,2020-06-02,0 days 15:58:01.991153,436667,60.5,60.49,300,300,510,-2790
829,EQR,2020-06-02,0 days 15:58:10.010350,434477,60.49,60.47,100,8960,-2441,2159
830,EQR,2020-06-02,0 days 15:58:12.014011,436918,60.49,60.47,1250,8460,2189,-2441
831,EQR,2020-06-02,0 days 15:58:13.016964,434907,60.49,60.47,1150,8360,-2011,2189
832,EQR,2020-06-02,0 days 15:58:25.045841,436918,60.48,60.47,1400,7054,1849,-1951
833,EQR,2020-06-02,0 days 15:58:26.048014,430277,60.49,60.48,202,642,-6641,1849
834,EQR,2020-06-02,0 days 15:58:30.058363,436918,60.49,60.47,1746,6593,2249,-2441
835,EQR,2020-06-02,0 days 15:58:31.060256,434967,60.49,60.47,1304,6369,-1951,2249
836,EQR,2020-06-02,0 days 15:58:38.076819,434967,60.48,60.47,200,5829,-1951,2249
837,EQR,2020-06-02,0 days 15:58:47.098366,436918,60.5,60.48,1372,300,2359,-2941
838,EQR,2020-06-02,0 days 15:58:48.101395,434477,60.49,60.48,100,391,-2441,2359
839,EQR,2020-06-02,0 days 15:58:55.118725,434994,60.48,60.47,200,5185,-1924,6376
840,EQR,2020-06-02,0 days 15:59:06.145898,474555,60.47,60.46,500,440,13303,-1532
841,EQR,2020-06-02,0 days 15:59:07.148726,464758,60.48,60.46,420,341,-10797,13303
842,EQR,2020-06-02,0 days 15:59:24.175199,473598,60.49,60.48,1269,1139,-2420,4180
843,EQR,2020-06-02,0 days 15:59:28.184942,476018,60.47,60.45,700,400,3120,-2420
844,EQR,2020-06-02,0 days 15:59:30.193401,474882,60.46,60.44,600,1111,-1236,8820
845,EQR,2020-06-02,0 days 15:59:46.229556,476618,60.46,60.45,59459,1017,2445,-1246
846,EQT,2020-06-02,0 days 15:55:00.568758,201541,13.37,13.36,5401,2174,5624,-58383
847,EQT,2020-06-02,0 days 15:55:01.572203,200265,13.37,13.36,2191,4224,-1276,5624
848,EQT,2020-06-02,0 days 15:56:55.849765,205728,13.37,13.36,3100,5635,2673,-1423
849,EQT,2020-06-02,0 days 15:56:56.851777,204201,13.37,13.36,3600,6536,-1527,2673
850,EQT,2020-06-02,0 days 15:57:58.997718,205828,13.38,13.37,5816,1551,708,-1192
851,EQT,2020-06-02,0 days 15:58:01.006807,204636,13.37,13.36,1500,13300,-1192,708
852,EQT,2020-06-02,0 days 15:58:24.063239,205828,13.37,13.36,18860,5233,726,-874
853,EQT,2020-06-02,0 days 15:58:25.062513,205358,13.37,13.36,18960,5233,-470,726
854,EQT,2020-06-02,0 days 15:59:24.174829,203296,13.36,13.35,800,4272,-4145,3754
855,EQT,2020-06-02,0 days 15:59:45.226680,209041,13.38,13.37,3048,1341,7321,-649
856,EQT,2020-06-02,0 days 15:59:46.228211,206558,13.4,13.39,455,3700,-2583,7321
857,ERJ,2020-06-02,0 days 15:58:03.002425,46690,6.32,6.31,6191,14600,1739,-2627
858,EROS,2020-06-02,0 days 15:55:00.553267,12937,3.42,3.41,18045,8494,930,-5339
859,EROS,2020-06-02,0 days 15:58:05.999958,23835,3.44,3.43,17666,9830,-3102,1665
860,EROS,2020-06-02,0 days 15:59:00.135179,27337,3.43,3.42,18851,22226,1610,-136
861,EROS,2020-06-02,0 days 15:59:37.216151,28602,3.42,3.41,22782,28845,-478,1222
862,ESRT,2020-06-02,0 days 15:59:01.129850,94893,7.26,7.25,16002,13744,212,-2131
863,ESRT,2020-06-02,0 days 15:59:07.144303,93817,7.26,7.25,18736,14900,-1576,212
864,ESTC,2020-06-02,0 days 15:55:33.612904,51628,88.6,88.49,100,197,-4580,3520
865,ESTC,2020-06-02,0 days 15:55:34.614953,48808,88.6,88.49,100,397,2820,-4580
866,ESTC,2020-06-02,0 days 15:56:10.700880,55828,88.6,88.53,100,100,-460,3440
867,ESTC,2020-06-02,0 days 15:56:47.790549,55828,88.59,88.49,903,1029,-453,3447
868,ESTC,2020-06-02,0 days 15:57:01.826930,55928,88.67,88.52,1102,111,-353,6947
869,ESTC,2020-06-02,0 days 15:59:27.174055,55947,88.57,88.48,721,400,-1974,1826
870,ESTC,2020-06-02,0 days 15:59:44.214793,50501,88.81,88.7,200,526,246,-5654
871,ET,2020-06-02,0 days 15:59:45.261145,574859,8.31,8.3,64853,49572,-7841,859
872,ET,2020-06-02,0 days 15:59:46.263838,574400,8.31,8.3,64353,51872,459,-7841
873,ETRN,2020-06-02,0 days 15:57:35.929493,1009999,8.21,8.2,1378,5583,-8037,2063
874,ETRN,2020-06-02,0 days 15:57:36.932428,1007936,8.21,8.2,1378,5483,2063,-8037
875,ETRN,2020-06-02,0 days 15:57:39.939107,1009999,8.21,8.2,676,17913,-2837,2063
876,ETRN,2020-06-02,0 days 15:57:40.941755,1007936,8.21,8.2,476,23943,2063,-2837
877,ETRN,2020-06-02,0 days 15:57:41.943819,1009999,8.21,8.2,476,23943,-5637,2063
878,ETRN,2020-06-02,0 days 15:57:42.946991,1007936,8.21,8.2,476,23904,2063,-5637
879,ETRN,2020-06-02,0 days 15:57:45.954325,1009999,8.21,8.2,637,23782,-4837,2063
880,ETRN,2020-06-02,0 days 15:57:46.955494,1007936,8.21,8.2,637,23782,2063,-4837
881,ETRN,2020-06-02,0 days 15:57:47.958206,1009999,8.21,8.2,1804,5192,-1937,2063
882,ETRN,2020-06-02,0 days 15:57:48.960445,1005936,8.21,8.2,1804,5192,4063,-1937
883,ETRN,2020-06-02,0 days 15:57:51.968910,1009999,8.21,8.2,1404,10572,-4937,2063
884,ETRN,2020-06-02,0 days 15:57:52.971292,1007936,8.21,8.2,1404,10572,2063,-4937
885,ETRN,2020-06-02,0 days 15:57:58.985172,1009999,8.21,8.2,5128,16612,-4637,6063
886,ETRN,2020-06-02,0 days 15:57:59.987066,1007936,8.21,8.2,5728,23462,2063,-4637
887,ETRN,2020-06-02,0 days 15:58:02.996338,1010275,8.21,8.2,1210,5451,-17819,2063
888,ETRN,2020-06-02,0 days 15:58:03.999591,1009694,8.21,8.2,1210,5751,581,-17819
889,ETRN,2020-06-02,0 days 15:59:16.172525,1059475,8.19,8.18,6506,6424,-1109,8491
890,ETRN,2020-06-02,0 days 15:59:40.231363,1060584,8.2,8.19,5700,1432,20270,-2830
891,ETRN,2020-06-02,0 days 15:59:41.231699,1059254,8.2,8.19,5369,932,-1330,20270
892,ETRN,2020-06-02,0 days 15:59:49.251715,1059788,8.2,8.19,4917,1439,-1192,8
893,EVRI,2020-06-02,0 days 15:59:15.183312,96652,6.69,6.68,2486,2356,-3332,3597
894,EVRI,2020-06-02,0 days 15:59:16.161026,94684,6.69,6.68,2570,2556,1968,-3332
895,EW,2020-06-02,0 days 15:59:15.166218,408629,74.91,74.86,527,751,-62126,34652
896,EXK,2020-06-02,0 days 15:55:58.694098,5850,2.07,2.06,107370,62279,-1350,3250
897,EXK,2020-06-02,0 days 15:59:36.213070,7200,2.06,2.05,134038,87160,350,-650
898,F,2020-06-02,0 days 15:57:02.852000,2802840,5.9,5.89,804562,559871,147792,-213128
899,F,2020-06-02,0 days 15:57:03.854287,2748532,5.9,5.89,663335,759849,-54308,147792
900,F,2020-06-02,0 days 15:59:06.150830,2879725,5.91,5.9,964367,572411,3987,-213
901,F,2020-06-02,0 days 15:59:07.153442,2869012,5.91,5.9,964667,569711,-10713,3987
902,F,2020-06-02,0 days 15:59:15.172235,2921749,5.91,5.9,994925,561420,234054,-52737
903,FCX,2020-06-02,0 days 15:57:02.850461,1234909,9.76,9.75,89805,54893,29246,-33252
904,FCX,2020-06-02,0 days 15:57:03.852608,1215455,9.76,9.75,91205,69563,-19454,29246
905,FCX,2020-06-02,0 days 15:58:04.997623,1235524,9.77,9.76,150740,57800,-28644,34146
906,FCX,2020-06-02,0 days 15:59:39.211604,1269291,9.77,9.76,125099,49535,52362,-19538
907,FCX,2020-06-02,0 days 15:59:40.215013,1262222,9.77,9.76,125751,33302,-7069,52362
908,FCX,2020-06-02,0 days 15:59:45.227062,1269491,9.77,9.76,107741,65100,4805,-7269
909,FCX,2020-06-02,0 days 15:59:48.234226,1261196,9.77,9.76,92692,78301,-9419,3681
910,FE,2020-06-02,0 days 15:55:27.626823,431365,42.96,42.94,3100,2200,15397,-9703
911,FE,2020-06-02,0 days 15:55:28.629661,426962,42.97,42.96,1918,395,-4403,15397
912,FE,2020-06-02,0 days 15:55:40.658205,431665,42.97,42.96,1413,1117,189,-4403
913,FE,2020-06-02,0 days 15:55:41.661396,427654,42.97,42.96,2513,717,-3711,189
914,FE,2020-06-02,0 days 15:55:43.665390,431985,42.98,42.96,2390,1936,269,-4031
915,FE,2020-06-02,0 days 15:55:44.668650,428454,42.98,42.97,2890,1067,-3231,269
916,FE,2020-06-02,0 days 15:57:02.855255,431985,42.97,42.96,200,4623,51647,-1519
917,FE,2020-06-02,0 days 15:57:45.959717,452021,43.03,43.02,499,5802,2385,-1015
918,FE,2020-06-02,0 days 15:57:51.974736,446164,43.02,43.01,801,2371,724,-3376
919,FE,2020-06-02,0 days 15:58:00.998074,445088,43.03,43.02,2299,939,-1376,2624
920,FE,2020-06-02,0 days 15:58:43.099440,440046,43.02,43.01,100,1500,-6512,5771
921,FE,2020-06-02,0 days 15:58:59.138538,452226,43.02,43.01,1396,1758,3094,-806
922,FE,2020-06-02,0 days 15:59:09.163277,463107,43.04,43.03,5002,1816,383,-4917
923,FE,2020-06-02,0 days 15:59:15.174395,467541,43.04,43.03,1100,1514,33135,-3751
924,FE,2020-06-02,0 days 15:59:19.183471,493793,43.07,43.06,1721,381,-8448,1735
925,FE,2020-06-02,0 days 15:59:49.255856,495441,43.07,43.06,1499,700,1031,-669
926,FHN,2020-06-02,0 days 15:55:00.556246,219793,9.55,9.54,7154,14787,-28610,70648
927,FHN,2020-06-02,0 days 15:57:56.977124,252903,9.56,9.55,30998,19601,326,-5374
928,FHN,2020-06-02,0 days 15:57:57.979609,245329,9.56,9.55,30298,17261,-7574,326
929,FHN,2020-06-02,0 days 15:59:27.183555,279265,9.54,9.53,12811,20418,-4337,2563
930,FHN,2020-06-02,0 days 15:59:28.184878,278402,9.54,9.53,10595,21286,863,-4337
931,FHN,2020-06-02,0 days 15:59:44.223924,280330,9.56,9.55,11535,38542,-5132,703
932,FHN,2020-06-02,0 days 15:59:46.229463,279084,9.56,9.55,17939,32759,1246,-2354
933,FIS,2020-06-02,0 days 15:57:14.880769,574018,138.92,138.89,500,669,-1366,1134
934,FIS,2020-06-02,0 days 15:57:29.908393,573484,138.94,138.92,300,377,634,-366
935,FIS,2020-06-02,0 days 15:57:33.917689,580618,138.93,138.91,200,305,-155,634
936,FIS,2020-06-02,0 days 15:57:34.919963,584773,138.93,138.91,500,205,645,-155
937,FIS,2020-06-02,0 days 15:57:38.930219,592018,138.93,138.91,500,200,-2155,6345
938,FIS,2020-06-02,0 days 15:57:39.932241,589873,138.93,138.91,735,440,1245,-2155
939,FIS,2020-06-02,0 days 15:57:40.935671,597718,138.94,138.93,219,200,-1655,1245
940,FIS,2020-06-02,0 days 15:57:47.951591,593118,138.95,138.94,100,601,-1255,7345
941,FIS,2020-06-02,0 days 15:57:48.954009,586773,138.95,138.94,415,701,5445,-1255
942,FIS,2020-06-02,0 days 15:58:12.010507,591973,138.95,138.93,400,361,1766,-5934
943,FIS,2020-06-02,0 days 15:58:23.037397,585873,138.99,138.96,708,609,6766,-4134
944,FIS,2020-06-02,0 days 15:58:24.039480,593539,138.99,138.96,611,966,-1134,6766
945,FIS,2020-06-02,0 days 15:58:27.046662,585873,138.99,138.97,512,803,1066,-3134
946,FIS,2020-06-02,0 days 15:59:15.163585,601322,139.0,138.99,400,884,-1994,220
947,FIS,2020-06-02,0 days 15:59:16.165044,600116,139.0,138.99,439,169,306,-1994
948,FIS,2020-06-02,0 days 15:59:42.228183,601522,138.99,138.97,778,239,-4495,105
949,FIS,2020-06-02,0 days 15:59:49.245145,598750,139.05,139.02,400,500,472,-2428
950,FIT,2020-06-02,0 days 15:55:48.674619,281769,6.28,6.27,72871,26319,-7599,14433
951,FIT,2020-06-02,0 days 15:55:49.677194,270968,6.28,6.27,73071,25619,10801,-7599
952,FIT,2020-06-02,0 days 15:59:17.176491,278929,6.29,6.28,71382,56817,470,-7130
953,FIT,2020-06-02,0 days 15:59:18.178073,279399,6.29,6.28,67473,57017,-4030,470
954,FIT,2020-06-02,0 days 15:59:19.180084,277527,6.29,6.28,67673,73607,1872,-4030
955,FIT,2020-06-02,0 days 15:59:43.238761,278327,6.29,6.28,62688,82624,1072,-2028
956,FIT,2020-06-02,0 days 15:59:47.247925,278811,6.29,6.28,51497,99121,588,-10212
957,FL,2020-06-02,0 days 15:58:58.121845,70980,29.17,29.15,800,430,-649,504
958,FL,2020-06-02,0 days 15:59:13.159052,78625,29.15,29.13,627,401,-116,621
959,FLR,2020-06-02,0 days 15:55:43.703639,130015,12.17,12.16,6853,1857,-652,30
960,FLR,2020-06-02,0 days 15:55:44.705820,124267,12.16,12.15,2912,3672,5748,-652
961,FLR,2020-06-02,0 days 15:58:58.158307,130015,12.18,12.17,2599,5393,-292,7962
962,FLR,2020-06-02,0 days 15:58:59.160877,125407,12.18,12.17,2269,5593,4608,-292
963,FLR,2020-06-02,0 days 15:59:13.194163,130015,12.18,12.17,5745,6601,-3122,3055
964,FLR,2020-06-02,0 days 15:59:14.196442,127037,12.18,12.17,6727,5732,2978,-3122
965,FLR,2020-06-02,0 days 15:59:45.262018,130115,12.18,12.17,3500,5129,-1119,81
966,FNB,2020-06-02,0 days 15:55:38.691264,166200,7.52,7.51,7304,12121,-2968,246
967,FNB,2020-06-02,0 days 15:55:39.694199,164668,7.52,7.51,5204,12121,1532,-2968
968,FNB,2020-06-02,0 days 15:58:23.073658,166200,7.54,7.53,7652,38125,-218,1182
969,FNB,2020-06-02,0 days 15:58:24.075558,165018,7.54,7.53,8152,37741,1182,-218
970,FNF,2020-06-02,0 days 15:56:04.710932,252653,33.73,33.71,804,900,1353,-813
971,FNF,2020-06-02,0 days 15:56:05.714177,252006,33.74,33.73,696,300,-647,1353
972,FNF,2020-06-02,0 days 15:57:13.879253,252663,33.75,33.73,686,704,1743,-357
973,FNF,2020-06-02,0 days 15:57:14.880793,252106,33.75,33.73,572,903,-557,1743
974,FNF,2020-06-02,0 days 15:57:54.972505,270263,33.72,33.71,762,300,43,-557
975,FNF,2020-06-02,0 days 15:57:55.974631,268106,33.72,33.71,933,200,-1257,43
976,FNF,2020-06-02,0 days 15:59:11.157464,272458,33.76,33.74,1353,200,-1237,763
977,FNF,2020-06-02,0 days 15:59:12.159991,271895,33.75,33.74,100,300,563,-1237
978,FRO,2020-06-02,0 days 15:59:05.139146,148129,9.09,9.08,8610,788,6810,-3685
979,FRO,2020-06-02,0 days 15:59:06.142275,144139,9.09,9.08,8810,888,-2690,6810
980,FRO,2020-06-02,0 days 15:59:48.242469,154671,9.1,9.09,8107,1333,-1994,406
981,FSLY,2020-06-02,0 days 15:57:14.878508,70073,47.75,47.69,3160,918,-161,1595
982,FSLY,2020-06-02,0 days 15:57:29.912538,66859,47.75,47.73,2613,300,3214,-4325
983,FSM,2020-06-02,0 days 15:59:36.204349,32790,4.63,4.62,76269,30547,-6658,7942
984,FSM,2020-06-02,0 days 15:59:37.206918,32348,4.63,4.62,76269,28547,442,-6658
985,FSM,2020-06-02,0 days 15:59:39.211720,32790,4.63,4.62,63919,54442,-1658,442
986,FSM,2020-06-02,0 days 15:59:40.215216,32348,4.63,4.62,58119,48842,442,-1658
987,FTCH,2020-06-02,0 days 15:56:05.756404,55299,14.49,14.48,7755,1512,962,-238
988,FTCH,2020-06-02,0 days 15:57:14.923925,56961,14.47,14.46,5674,1736,-1428,572
989,FTCH,2020-06-02,0 days 15:57:15.926108,55789,14.47,14.46,5674,1436,572,-1428
990,FTCH,2020-06-02,0 days 15:59:06.178445,60061,14.49,14.48,2341,2608,-5976,294
991,FTV,2020-06-02,0 days 15:57:10.884653,186007,63.88,63.85,400,400,-419,329
992,FTV,2020-06-02,0 days 15:57:11.886646,186826,63.86,63.85,176,300,2516,-419
993,FTV,2020-06-02,0 days 15:57:14.895161,186006,63.9,63.88,683,400,-620,2516
994,FTV,2020-06-02,0 days 15:57:15.897134,183926,63.9,63.88,484,223,1980,-620
995,FTV,2020-06-02,0 days 15:57:42.959798,178934,64.01,63.99,300,416,-3200,2666
996,FTV,2020-06-02,0 days 15:57:43.961724,178534,64.01,63.99,500,143,4036,-3200
997,FTV,2020-06-02,0 days 15:58:03.009749,184005,63.99,63.96,400,500,-3729,171
998,FTV,2020-06-02,0 days 15:58:17.043176,184005,63.96,63.93,206,400,-3640,1596
999,FTV,2020-06-02,0 days 15:58:18.047055,181545,63.96,63.93,406,300,5796,-3640
1000,FTV,2020-06-02,0 days 15:58:20.051277,184005,63.97,63.94,401,300,-4540,1596
1001,FTV,2020-06-02,0 days 15:58:21.052989,183445,63.97,63.94,507,200,560,-4540
1002,FTV,2020-06-02,0 days 15:58:29.072479,183445,63.96,63.94,500,100,560,-1540
1003,FTV,2020-06-02,0 days 15:58:42.103496,184005,63.97,63.93,200,756,-3140,8796
1004,FTV,2020-06-02,0 days 15:58:43.106245,183545,63.97,63.93,700,900,460,-3140
1005,FTV,2020-06-02,0 days 15:58:49.120902,184005,63.97,63.95,300,300,-2709,560
1006,FTV,2020-06-02,0 days 15:58:50.123559,183914,63.97,63.94,501,600,91,-2709
1007,FTV,2020-06-02,0 days 15:59:01.150994,184005,63.98,63.95,500,800,-3770,5466
1008,FTV,2020-06-02,0 days 15:59:02.154067,183975,63.96,63.93,600,500,30,-3770
1009,FTV,2020-06-02,0 days 15:59:11.174700,197945,64.01,63.98,700,754,-1060,1070
1010,FTV,2020-06-02,0 days 15:59:31.192669,198845,63.99,63.98,187,200,-537,1693
1011,GE,2020-06-02,0 days 15:57:43.925282,5439534,7.05,7.04,303193,448585,24968,-13932
1012,GE,2020-06-02,0 days 15:57:44.927948,5464502,7.05,7.04,311922,449654,-13932,24968
1013,GE,2020-06-02,0 days 15:57:49.939595,5441134,7.05,7.04,297622,494033,23589,-17211
1014,GE,2020-06-02,0 days 15:57:54.951749,5464723,7.05,7.04,310865,504243,-25811,23589
1015,GE,2020-06-02,0 days 15:57:55.953999,5441134,7.05,7.04,358265,450271,23589,-25811
1016,GE,2020-06-02,0 days 15:57:56.956194,5464723,7.05,7.04,416465,277267,-29011,23589
1017,GEN,2020-06-02,0 days 15:53:14.349111,1165,0.96,0.94,4000,7705,6098,-13110
1018,GEN,2020-06-02,0 days 15:56:12.772333,1165,0.95,0.94,300,7600,6174,-13110
1019,GFI,2020-06-02,0 days 15:55:58.697493,77904,7.82,7.81,41272,40334,-7035,65
1020,GFI,2020-06-02,0 days 15:55:59.699764,62839,7.82,7.81,41272,40334,15065,-7035
1021,GGB,2020-06-02,0 days 15:59:36.213070,101528,2.74,2.73,235442,653584,-54356,64444
1022,GGB,2020-06-02,0 days 15:59:37.216332,98684,2.74,2.73,207122,687444,2944,-54356
1023,GIS,2020-06-02,0 days 15:55:00.551512,578521,63.47,63.45,922,309,-5912,60434
1024,GIS,2020-06-02,0 days 15:56:26.759784,590281,63.4,63.39,1202,703,2310,-5090
1025,GIS,2020-06-02,0 days 15:56:27.763120,583691,63.43,63.4,900,1245,-6590,2310
1026,GLW,2020-06-02,0 days 15:55:00.560528,325176,23.8,23.79,4710,20399,17520,-15229
1027,GLW,2020-06-02,0 days 15:57:17.891829,428229,23.82,23.81,8327,14681,-1254,5429
1028,GLW,2020-06-02,0 days 15:57:18.895164,416183,23.82,23.81,11227,15030,12046,-1254
1029,GLW,2020-06-02,0 days 15:57:46.962158,428229,23.83,23.82,7802,3625,-72,12195
1030,GLW,2020-06-02,0 days 15:57:51.974768,413601,23.82,23.81,1995,12250,14628,-472
1031,GLW,2020-06-02,0 days 15:58:58.135478,415893,23.85,23.84,3566,50490,8688,-676
1032,GLW,2020-06-02,0 days 15:59:47.250784,441273,23.87,23.86,3051,11943,-1941,4159
1033,GLW,2020-06-02,0 days 15:59:48.253849,440652,23.87,23.86,3075,11907,621,-1941
1034,GME,2020-06-02,0 days 15:55:28.639464,46987,4.2,4.19,10100,1700,296,-1004
1035,GME,2020-06-02,0 days 15:55:29.641084,46083,4.2,4.19,9700,1900,-904,296
1036,GME,2020-06-02,0 days 15:55:47.684495,46987,4.2,4.19,9829,6850,896,-4
1037,GME,2020-06-02,0 days 15:55:48.687184,46183,4.2,4.19,9829,6850,-804,896
1038,GME,2020-06-02,0 days 15:59:05.160159,49037,4.2,4.19,7144,11801,382,-1554
1039,GME,2020-06-02,0 days 15:59:06.163119,48419,4.2,4.19,7007,12201,-618,382
1040,GME,2020-06-02,0 days 15:59:07.165281,49037,4.2,4.19,7004,11801,1682,-618
1041,GME,2020-06-02,0 days 15:59:08.168181,48619,4.2,4.19,7022,12324,-418,1682
1042,GME,2020-06-02,0 days 15:59:40.213505,52569,4.2,4.19,17437,6231,13350,-650
1043,GNC,2020-06-02,0 days 15:57:23.897613,11774,0.81,0.8,349,900,394,-4723
1044,GNC,2020-06-02,0 days 15:57:36.928283,9009,0.81,0.79,149,128,-2765,394
1045,GNC,2020-06-02,0 days 15:59:29.193075,13668,0.8,0.79,2431,1428,-8751,394
1046,GNW,2020-06-02,0 days 15:57:02.865071,245357,3.2,3.19,30608,33025,7402,-878
1047,GNW,2020-06-02,0 days 15:57:03.867437,238759,3.2,3.19,31400,33025,-6598,7402
1048,GNW,2020-06-02,0 days 15:59:42.220833,243694,3.2,3.19,24742,61002,-3263,4337
1049,GNW,2020-06-02,0 days 15:59:45.226653,246957,3.2,3.19,22663,61009,970,-3263
1050,GNW,2020-06-02,0 days 15:59:48.233625,243927,3.2,3.19,21534,60636,-3030,970
1051,GOLD,2020-06-02,0 days 15:59:15.183282,262666,23.93,23.92,9095,23159,-8025,1076
1052,GOLD,2020-06-02,0 days 15:59:16.161026,255891,23.93,23.92,13572,17659,6775,-8025
1053,GOLD,2020-06-02,0 days 15:59:39.212412,258966,23.95,23.94,5525,23855,-33622,338
1054,GOLD,2020-06-02,0 days 15:59:40.213690,254288,23.95,23.94,3200,25965,1861,-33622
1055,GOLD,2020-06-02,0 days 15:59:43.221617,258966,23.96,23.95,10119,21800,-1093,856
1056,GOLD,2020-06-02,0 days 15:59:44.222250,254759,23.96,23.95,11919,21175,1390,-1093
1057,GOLD,2020-06-02,0 days 15:59:45.226680,258966,23.96,23.95,10808,11868,-493,1390
1058,GOLD,2020-06-02,0 days 15:59:47.230185,251525,23.96,23.95,5014,22269,2224,-2576
1059,GOLD,2020-06-02,0 days 15:59:48.233658,256149,23.96,23.95,3384,22444,-2210,2224
1060,GOLD,2020-06-02,0 days 15:59:49.234717,251959,23.94,23.93,22513,12395,7007,-2210
1061,GPK,2020-06-02,0 days 15:55:38.645027,113008,14.58,14.57,7115,8846,617,-217
1062,GPK,2020-06-02,0 days 15:55:39.647598,111425,14.58,14.57,6719,9146,-1583,617
1063,GPS,2020-06-02,0 days 15:55:31.633853,563536,10.66,10.65,17022,6964,10388,-16812
1064,GPS,2020-06-02,0 days 15:55:32.636139,553824,10.67,10.66,17430,5828,-9612,10388
1065,GPS,2020-06-02,0 days 15:58:49.108217,593246,10.69,10.68,14992,22331,17124,-21952
1066,GPS,2020-06-02,0 days 15:58:50.110523,577070,10.69,10.68,15492,24243,-12976,17124
1067,GPS,2020-06-02,0 days 15:59:06.150830,683952,10.68,10.67,21008,9904,14372,-12006
1068,GPS,2020-06-02,0 days 15:59:07.153442,672649,10.68,10.67,18400,9304,-9603,14372
1069,GPS,2020-06-02,0 days 15:59:44.240505,690812,10.66,10.65,23571,24053,-9894,16306
1070,GPS,2020-06-02,0 days 15:59:46.245820,700706,10.66,10.65,29664,22289,9811,-1241
1071,GPS,2020-06-02,0 days 15:59:47.247925,691017,10.66,10.65,26293,18171,-8489,9811
1072,GPS,2020-06-02,0 days 15:59:48.250531,700706,10.66,10.65,29223,11626,4796,-8489
1073,GPS,2020-06-02,0 days 15:59:49.252263,692502,10.66,10.65,28836,19374,-8204,4796
1074,GRUB,2020-06-02,0 days 15:55:00.553559,59285,57.49,57.44,100,700,4958,-1767
1075,GRUB,2020-06-02,0 days 15:55:01.558530,58243,57.43,57.4,220,302,-1042,4958
1076,GRUB,2020-06-02,0 days 15:56:35.784352,59904,57.41,57.38,197,1100,32,-67
1077,GRUB,2020-06-02,0 days 15:57:14.878633,59936,57.47,57.45,200,200,-753,32
1078,GRUB,2020-06-02,0 days 15:58:58.126769,63014,57.48,57.45,207,605,110,-1146
1079,GRUB,2020-06-02,0 days 15:58:59.129673,62024,57.48,57.45,207,705,-290,110
1080,GRUB,2020-06-02,0 days 15:59:05.143986,63240,57.5,57.47,328,505,6190,-1216
1081,GRUB,2020-06-02,0 days 15:59:06.146486,63593,57.5,57.48,100,200,-47,6190
1082,GRUB,2020-06-02,0 days 15:59:10.157485,61240,57.41,57.32,600,728,3271,-29
1083,GRUB,2020-06-02,0 days 15:59:36.213014,62819,57.42,57.38,401,100,492,-208
1084,GRUB,2020-06-02,0 days 15:59:50.242195,62311,57.46,57.38,500,300,-525,775
1085,GS,2020-06-02,0 days 15:57:36.931225,310671,203.94,203.92,100,459,-2697,703
1086,GS,2020-06-02,0 days 15:57:44.948359,328916,203.96,203.94,187,588,255,-4297
1087,GS,2020-06-02,0 days 15:57:45.950935,329071,203.97,203.92,200,400,-1997,255
1088,GS,2020-06-02,0 days 15:57:47.955723,331068,203.91,203.87,200,300,203,-4797
1089,GS,2020-06-02,0 days 15:57:48.958611,329071,203.91,203.86,300,200,-4116,203
1090,GS,2020-06-02,0 days 15:59:05.142516,344104,204.06,204.03,800,2053,1967,-3117
1091,GS,2020-06-02,0 days 15:59:06.145578,343971,204.09,204.05,545,315,-133,1967
1092,GS,2020-06-02,0 days 15:59:55.250668,348216,204.15,204.03,3640,300,17278,-522
1093,GS,2020-06-02,0 days 15:59:56.253413,347694,204.14,204.01,530,500,-522,17278
1094,GS,2020-06-02,0 days 15:59:57.255479,347668,204.15,204.01,440,478,17826,-522
1095,GSK,2020-06-02,0 days 15:59:02.154164,38371,42.04,42.03,3094,2313,64,-543
1096,GSK,2020-06-02,0 days 15:59:03.155729,38435,42.04,42.03,3194,1313,-383,64
1097,GSK,2020-06-02,0 days 15:59:05.160417,38818,42.04,42.03,3494,2213,3088,-396
1098,GSK,2020-06-02,0 days 15:59:06.163428,38606,42.05,42.04,3653,1000,-673,3088
1099,GSK,2020-06-02,0 days 15:59:48.233716,39679,42.04,42.03,4488,3181,219,-81
1100,GSK,2020-06-02,0 days 15:59:50.240335,38098,42.04,42.03,4388,2581,-1581,319
1101,GSX,2020-06-02,0 days 15:55:00.555711,372737,36.79,36.76,500,200,88700,-6698
1102,GSX,2020-06-02,0 days 15:55:39.651186,468037,36.75,36.72,1173,434,-9060,8200
1103,GSX,2020-06-02,0 days 15:55:40.652599,461397,36.75,36.72,1473,434,40,-9060
1104,HAL,2020-06-02,0 days 15:55:42.653807,574626,12.67,12.66,9766,73407,-9122,9016
1105,HAL,2020-06-02,0 days 15:56:55.829818,587801,12.67,12.66,23235,58200,12425,-13175
1106,HAL,2020-06-02,0 days 15:56:56.832117,574626,12.67,12.66,17635,59300,-13175,12425
1107,HAL,2020-06-02,0 days 15:57:41.940624,622001,12.67,12.66,34408,59801,625,-4075
1108,HAL,2020-06-02,0 days 15:57:42.942944,617426,12.67,12.66,32308,61101,-8975,625
1109,HBI,2020-06-02,0 days 15:59:44.223985,793472,10.73,10.72,38265,35126,8423,-3977
1110,HBI,2020-06-02,0 days 15:59:47.230791,789706,10.73,10.72,5200,45288,-3766,4637
1111,HD,2020-06-02,0 days 15:59:39.212350,779035,252.63,252.62,125,400,-11291,11095
1112,HD,2020-06-02,0 days 15:59:40.213599,736934,252.45,252.41,808,125,53101,-11291
1113,HD,2020-06-02,0 days 15:59:57.249226,779035,252.72,252.58,500,4000,-9075,17670
1114,HDB,2020-06-02,0 days 15:59:05.160417,197247,44.63,44.62,300,1021,19514,-12219
1115,HDB,2020-06-02,0 days 15:59:06.163428,193561,44.67,44.65,900,700,-5015,19514
1116,HDB,2020-06-02,0 days 15:59:16.161026,184086,44.64,44.62,500,1504,10887,-2274
1117,HDB,2020-06-02,0 days 15:59:17.164397,181473,44.64,44.62,500,1362,-1213,10887
1118,HDB,2020-06-02,0 days 15:59:48.233716,180656,44.62,44.6,1033,1300,-431,869
1119,HES,2020-06-02,0 days 15:55:00.555813,213099,51.76,51.75,419,790,4932,-10821
1120,HES,2020-06-02,0 days 15:55:01.560218,211431,51.75,51.73,953,400,-1668,4932
1121,HIG,2020-06-02,0 days 15:55:00.553909,261239,40.37,40.36,910,616,322,-92590
1122,HIG,2020-06-02,0 days 15:55:01.558595,256461,40.39,40.38,300,1316,-4778,322
1123,HIG,2020-06-02,0 days 15:55:30.626676,261239,40.34,40.33,2173,787,1483,-3817
1124,HIG,2020-06-02,0 days 15:55:31.629502,256522,40.34,40.33,1960,787,-4871,1483
1125,HIG,2020-06-02,0 days 15:57:02.848238,271605,40.32,40.31,1315,2099,26224,-1929
1126,HIG,2020-06-02,0 days 15:57:03.850281,267629,40.33,40.32,554,1417,-3976,26224
1127,HIG,2020-06-02,0 days 15:57:16.882721,271605,40.35,40.34,600,464,1865,-2513
1128,HIG,2020-06-02,0 days 15:57:17.884907,269270,40.35,40.34,300,1464,-2335,1865
1129,HIG,2020-06-02,0 days 15:57:53.970046,277580,40.36,40.35,2072,1100,5290,-1310
1130,HIG,2020-06-02,0 days 15:57:54.972811,274670,40.36,40.35,1972,1500,-2910,5290
1131,HIG,2020-06-02,0 days 15:58:49.104043,274707,40.35,40.34,4743,748,963,-2508
1132,HIG,2020-06-02,0 days 15:58:50.107033,272270,40.35,40.34,5243,531,-2437,963
1133,HIG,2020-06-02,0 days 15:58:59.129740,274707,40.33,40.32,4149,875,5101,-2099
1134,HIG,2020-06-02,0 days 15:59:23.182016,274095,40.37,40.36,1100,200,-2977,1242
1135,HL,2020-06-02,0 days 15:58:41.063819,437644,3.3,3.29,152577,155685,8836,-2064
1136,HL,2020-06-02,0 days 15:58:42.066353,417880,3.3,3.29,152077,154647,-19764,8836
1137,HLT,2020-06-02,0 days 15:55:01.563219,189174,83.57,83.54,375,600,1404,-2896
1138,HLT,2020-06-02,0 days 15:57:52.973365,215584,83.61,83.6,240,100,-347,2753
1139,HLT,2020-06-02,0 days 15:57:53.974547,212831,83.61,83.59,554,100,2753,-347
1140,HLT,2020-06-02,0 days 15:58:49.108244,218272,83.53,83.52,287,100,-1741,1249
1141,HLT,2020-06-02,0 days 15:58:50.110523,218113,83.55,83.54,410,300,159,-1741
1142,HLT,2020-06-02,0 days 15:59:43.238761,253278,83.62,83.59,509,300,-89,1112
1143,HLT,2020-06-02,0 days 15:59:46.245820,251678,83.6,83.57,256,421,2536,-1368
1144,HLX,2020-06-02,0 days 15:55:22.624619,116212,3.81,3.8,23910,5537,575,-976
1145,HLX,2020-06-02,0 days 15:55:23.626094,114316,3.81,3.8,22204,5796,-1896,575
1146,HLX,2020-06-02,0 days 15:59:05.160159,158880,3.82,3.81,40878,11278,520,-7228
1147,HMY,2020-06-02,0 days 15:59:06.146343,76039,3.3,3.29,130360,19344,4114,-14347
1148,HOME,2020-06-02,0 days 15:59:01.130132,59499,5.03,5.02,16339,6125,-1495,1805
1149,HOME,2020-06-02,0 days 15:59:04.137380,61947,5.03,5.02,16842,5983,378,-1495
1150,HON,2020-06-02,0 days 15:59:48.242578,846855,148.26,148.23,1377,1000,-3802,2679
1151,HON,2020-06-02,0 days 15:59:50.250420,830994,148.29,148.26,305,200,15861,-6645
1152,HP,2020-06-02,0 days 15:59:16.167758,182358,21.78,21.77,2994,3486,-3195,4959
1153,HP,2020-06-02,0 days 15:59:17.171025,177953,21.78,21.77,3152,2384,4505,-3195
1154,HP,2020-06-02,0 days 15:59:44.228454,178458,21.82,21.81,2042,1500,-9728,1705
1155,HP,2020-06-02,0 days 15:59:45.231670,176986,21.81,21.8,1459,858,772,-9728
1156,HPE,2020-06-02,0 days 15:55:39.653908,906193,9.91,9.9,40489,47896,-20405,4011
1157,HPE,2020-06-02,0 days 15:55:40.655811,886098,9.91,9.9,33443,45885,20095,-20405
1158,HPE,2020-06-02,0 days 15:59:12.165286,1025104,9.94,9.93,51939,31084,39566,-7299
1159,HPP,2020-06-02,0 days 15:55:01.555929,170548,26.17,26.16,1347,1375,-12,2688
1160,HPP,2020-06-02,0 days 15:59:07.148347,194977,26.18,26.17,978,1319,-1924,7665
1161,HPP,2020-06-02,0 days 15:59:29.193206,200046,26.18,26.17,1783,346,1396,-4104
1162,HPP,2020-06-02,0 days 15:59:35.206933,197242,26.17,26.16,1178,900,-1004,396
1163,HPQ,2020-06-02,0 days 15:56:59.858771,930910,15.79,15.78,15918,31076,3204,-1196
1164,HPQ,2020-06-02,0 days 15:57:53.985794,1032003,15.79,15.78,18212,41397,-4175,7625
1165,HPQ,2020-06-02,0 days 15:57:54.988055,1020178,15.79,15.78,18732,43997,11825,-4175
1166,HPQ,2020-06-02,0 days 15:58:58.142096,1016942,15.8,15.79,39665,15416,11757,-8143
1167,HPQ,2020-06-02,0 days 15:59:45.226623,1094920,15.77,15.76,12727,34347,-1662,6200
1168,HPQ,2020-06-02,0 days 15:59:47.230153,1079682,15.78,15.77,5191,39407,5438,-12362
1169,HPR,2020-06-02,0 days 15:55:00.556131,29170,0.26,0.25,45467,23705,-1408,3811
1170,HRB,2020-06-02,0 days 15:55:54.663331,168213,17.14,17.13,1680,3748,2763,-2237
1171,HRB,2020-06-02,0 days 15:55:55.665494,166076,17.14,17.13,1680,3766,-2137,2763
1172,HRB,2020-06-02,0 days 15:57:45.930069,169813,17.16,17.15,5869,2532,388,-3012
1173,HRB,2020-06-02,0 days 15:57:46.932288,167601,17.16,17.15,15260,946,-612,388
1174,HRB,2020-06-02,0 days 15:59:06.124920,176300,17.16,17.15,1382,6675,8853,-2363
1175,HRB,2020-06-02,0 days 15:59:07.127863,175553,17.16,17.15,303,7554,-2535,8853
1176,HSBC,2020-06-02,0 days 15:57:41.950637,70305,24.17,24.16,32158,31735,19623,-26777
1177,HSBC,2020-06-02,0 days 15:57:42.952713,67828,24.17,24.16,29558,32562,-2477,19623
1178,HST,2020-06-02,0 days 15:59:16.156098,1055617,12.25,12.24,36663,12056,-17932,15626
1179,HST,2020-06-02,0 days 15:59:37.206918,1032710,12.25,12.24,19728,17023,-10339,14861
1180,HST,2020-06-02,0 days 15:59:38.208544,1024949,12.25,12.24,20360,11471,7761,-10339
1181,HST,2020-06-02,0 days 15:59:46.229612,1032710,12.25,12.24,4987,9598,-8206,227
1182,HST,2020-06-02,0 days 15:59:47.230760,1025716,12.25,12.24,6209,10349,6994,-8206
1183,HUYA,2020-06-02,0 days 15:57:21.893258,83064,16.59,16.58,1107,1000,585,-4807
1184,HUYA,2020-06-02,0 days 15:58:49.103110,86516,16.6,16.59,11831,7269,697,-883
1185,HUYA,2020-06-02,0 days 15:59:40.222994,87242,16.58,16.57,10964,7625,1135,-465
1186,HWM,2020-06-02,0 days 15:57:58.981160,315121,14.0,13.99,12146,3095,314,-5186
1187,HWM,2020-06-02,0 days 15:57:59.984517,311435,14.0,13.99,11604,2995,-3686,314
1188,IAA,2020-06-02,0 days 15:56:07.714445,115571,43.38,43.35,153,100,4943,-19057
1189,IAA,2020-06-02,0 days 15:56:08.716543,107614,43.41,43.36,500,400,-7957,4943
1190,IAA,2020-06-02,0 days 15:59:06.146072,118256,43.5,43.45,827,767,41457,-557
1191,IAG,2020-06-02,0 days 15:55:59.740683,20379,3.72,3.71,43000,192938,-6590,9210
1192,IAG,2020-06-02,0 days 15:59:36.239712,32537,3.71,3.7,189195,135439,4121,-4879
1193,IAG,2020-06-02,0 days 15:59:37.241752,32258,3.71,3.7,188795,135439,-279,4121
1194,IBM,2020-06-02,0 days 15:55:43.661061,354683,125.75,125.73,300,450,-310,315
1195,IBM,2020-06-02,0 days 15:55:44.664342,355577,125.75,125.73,300,350,1523,-310
1196,IBM,2020-06-02,0 days 15:57:34.926110,360664,125.86,125.84,578,200,474,-2226
1197,IBM,2020-06-02,0 days 15:57:49.964777,365338,125.87,125.85,700,200,-246,4174
1198,IBM,2020-06-02,0 days 15:57:52.972304,365338,125.87,125.85,642,363,-646,3974
1199,IBM,2020-06-02,0 days 15:59:30.208159,431559,125.87,125.85,1250,100,9271,-2743
1200,IBM,2020-06-02,0 days 15:59:40.231363,438559,125.89,125.86,697,1200,2271,-3443
1201,IBM,2020-06-02,0 days 15:59:41.232747,434530,125.89,125.87,396,1300,-3443,2271
1202,ICE,2020-06-02,0 days 15:55:28.621042,358435,96.23,96.21,400,300,-1402,2798
1203,ICE,2020-06-02,0 days 15:55:29.623635,356137,96.23,96.21,500,300,2298,-1402
1204,INFY,2020-06-02,0 days 15:57:14.895067,141662,9.38,9.37,100728,78505,400,-2099
1205,INFY,2020-06-02,0 days 15:57:19.905866,142062,9.38,9.37,98191,77025,-2306,400
1206,INFY,2020-06-02,0 days 15:58:03.009652,146172,9.38,9.37,133350,40262,1265,-1258
1207,INFY,2020-06-02,0 days 15:59:03.155546,147437,9.38,9.37,95865,109525,-5281,419
1208,INFY,2020-06-02,0 days 15:59:46.228035,159344,9.38,9.37,93128,131707,135,-265
1209,INVH,2020-06-02,0 days 15:59:46.229463,632783,27.59,27.58,3229,1457,1634,-966
1210,INVH,2020-06-02,0 days 15:59:47.230607,632017,27.61,27.6,5577,523,-10466,1634
1211,IP,2020-06-02,0 days 15:55:59.713896,176885,35.2,35.19,1934,302,254,-357
1212,IP,2020-06-02,0 days 15:56:00.716638,174839,35.2,35.19,1814,1306,-2046,254
1213,IP,2020-06-02,0 days 15:57:12.890715,177808,35.24,35.23,400,1817,2327,-328
1214,IP,2020-06-02,0 days 15:57:19.905589,187682,35.24,35.23,2224,600,-3926,303
1215,IP,2020-06-02,0 days 15:57:57.994293,185123,35.25,35.24,3859,760,-785,515
1216,IP,2020-06-02,0 days 15:57:58.997489,184708,35.25,35.24,3525,1461,415,-785
1217,IP,2020-06-02,0 days 15:58:01.006516,185123,35.25,35.24,3300,2565,-785,415
1218,IP,2020-06-02,0 days 15:58:03.009551,184708,35.25,35.24,3327,789,415,-1385
1219,IP,2020-06-02,0 days 15:58:20.050716,185179,35.25,35.24,3939,1330,-1029,571
1220,IP,2020-06-02,0 days 15:58:21.052438,184608,35.25,35.24,4242,1931,571,-1029
1221,IP,2020-06-02,0 days 15:58:25.062324,185179,35.25,35.24,3539,4165,-1029,571
1222,IP,2020-06-02,0 days 15:58:26.064640,184608,35.25,35.24,3539,4185,571,-1029
1223,IP,2020-06-02,0 days 15:59:06.163037,194992,35.25,35.24,3003,784,-28139,1110
1224,IPG,2020-06-02,0 days 15:57:41.941927,470211,17.54,17.53,12385,12397,-58,4542
1225,IPG,2020-06-02,0 days 15:58:49.104016,470211,17.53,17.52,8276,9619,-4226,10031
1226,IPG,2020-06-02,0 days 15:58:50.107003,464237,17.53,17.52,8403,9247,5974,-4226
1227,IPG,2020-06-02,0 days 15:59:16.165442,470443,17.53,17.52,6453,9108,-891,2781
1228,IPG,2020-06-02,0 days 15:59:23.182016,471334,17.53,17.52,6790,8864,261,-891
1229,IR,2020-06-02,0 days 15:55:00.568613,227754,28.84,28.83,1777,2114,-2663,31333
1230,IR,2020-06-02,0 days 15:55:38.663360,230417,28.8,28.79,2000,224,1080,-1003
1231,IR,2020-06-02,0 days 15:55:39.666220,227797,28.8,28.79,2300,290,-276,1080
1232,IR,2020-06-02,0 days 15:55:55.703911,228073,28.81,28.8,1307,1314,2747,-53
