,Symbol,Timestamp,TIME,iPaired,Ask_P,Bid_P,Ask_S,Bid_S,iShares,PreviShares
0,AA,2020-10-01,0 days 15:55:00.234188,142974,11.37,11.36,2204,19451,-3516,15269
1,ABBV,2020-10-01,0 days 15:55:51.253595,477589,87.08,87.06,301,2061,-33910,22928
2,ABBV,2020-10-01,0 days 15:58:12.257012,507443,87.07,87.06,1800,200,-30482,33256
3,ABBV,2020-10-01,0 days 15:59:11.259291,544213,87.17,87.16,200,100,34508,-1939
4,ABBV,2020-10-01,0 days 15:59:46.262342,602344,87.2,87.19,400,100,-6187,8401
5,ABBV,2020-10-01,0 days 15:59:55.260292,620999,87.15,87.13,300,300,19340,-18143
6,ABEV,2020-10-01,0 days 15:59:36.273689,94213,2.27,2.26,584523,1043547,15615,-18485
7,ABEV,2020-10-01,0 days 15:59:37.273839,75728,2.27,2.26,584523,1043547,-18485,15615
8,ACB,2020-10-01,0 days 15:59:20.245844,15289,4.67,4.66,3777,9570,-440,2160
9,ACC,2020-10-01,0 days 15:59:52.256582,122600,36.7,36.67,420,400,-2432,853
10,ACI,2020-10-01,0 days 15:55:00.262838,42686,13.81,13.8,1763,1007,-1326,15217
11,ACI,2020-10-01,0 days 15:56:10.265553,44032,13.81,13.8,337,3298,1480,-144
12,ACI,2020-10-01,0 days 15:56:11.265450,43612,13.81,13.8,329,2998,-420,1480
13,ACI,2020-10-01,0 days 15:58:28.270592,49834,13.81,13.8,3767,500,518,-882
14,ACI,2020-10-01,0 days 15:58:29.270443,49652,13.81,13.8,2813,589,-182,518
15,ACI,2020-10-01,0 days 15:59:18.272954,52462,13.81,13.8,1838,1560,-82,218
16,ACN,2020-10-01,0 days 15:55:00.106141,236360,224.76,224.71,100,291,-1925,7092
17,ACN,2020-10-01,0 days 15:59:17.113199,261869,225.28,225.16,100,200,150,-5967
18,ACN,2020-10-01,0 days 15:59:18.113342,262101,225.28,225.16,100,200,-11136,150
19,ACN,2020-10-01,0 days 15:59:26.113167,272545,225.21,225.08,100,100,1838,-2930
20,ACN,2020-10-01,0 days 15:59:27.113758,271183,225.21,225.08,100,200,-1362,1838
21,ACN,2020-10-01,0 days 15:59:35.114607,276845,225.32,225.21,100,400,1113,-1621
22,ACN,2020-10-01,0 days 15:59:36.114255,275870,225.35,225.21,200,779,-1140,1113
23,ADM,2020-10-01,0 days 15:57:33.110258,271059,46.57,46.56,1838,143,-1376,1424
24,ADM,2020-10-01,0 days 15:57:34.110199,268435,46.56,46.55,400,2337,2624,-1376
25,ADM,2020-10-01,0 days 15:58:47.113960,276435,46.58,46.57,2855,674,5213,-1887
26,ADM,2020-10-01,0 days 15:59:03.115463,276960,46.59,46.58,1414,1332,-2842,1158
27,ADM,2020-10-01,0 days 15:59:04.115857,274602,46.59,46.58,2069,945,2217,-2842
28,ADM,2020-10-01,0 days 15:59:49.116401,296277,46.62,46.61,570,925,-16,1075
29,ADM,2020-10-01,0 days 15:59:50.118695,294093,46.61,46.6,1413,1538,2184,-16
30,ADT,2020-10-01,0 days 15:57:08.267357,164314,8.14,8.13,10584,3752,444,-2556
31,ADT,2020-10-01,0 days 15:57:09.268062,161958,8.14,8.13,6566,4552,-2356,444
32,ADT,2020-10-01,0 days 15:57:54.267652,174114,8.15,8.14,14413,1811,1279,-1721
33,ADT,2020-10-01,0 days 15:57:55.268121,171193,8.15,8.14,14313,1811,-2921,1279
34,ADT,2020-10-01,0 days 15:58:58.272433,177718,8.16,8.15,9251,2634,2117,-466
35,ADT,2020-10-01,0 days 15:58:59.272150,174835,8.16,8.15,9154,2534,-2883,2117
36,ADT,2020-10-01,0 days 15:59:01.273476,191518,8.16,8.15,8531,3234,6717,-2883
37,ADT,2020-10-01,0 days 15:59:02.272121,188435,8.16,8.15,9159,2734,-3083,6717
38,ADT,2020-10-01,0 days 15:59:37.273911,192056,8.16,8.15,834,8995,7322,-2693
39,ADT,2020-10-01,0 days 15:59:38.273690,164378,8.16,8.15,834,8995,-27678,7322
40,AEO,2020-10-01,0 days 15:55:26.288563,129935,14.87,14.86,7169,5657,-8367,7433
41,AEO,2020-10-01,0 days 15:55:27.288193,124102,14.87,14.86,8494,5157,5833,-8367
42,AEO,2020-10-01,0 days 15:55:44.289518,131035,14.87,14.86,6180,6192,-2438,4985
43,AEO,2020-10-01,0 days 15:55:45.289812,125873,14.87,14.86,6755,5392,5162,-2438
44,AEO,2020-10-01,0 days 15:57:14.291962,136669,14.91,14.9,6317,10284,-2520,3331
45,AEO,2020-10-01,0 days 15:57:15.291674,131589,14.91,14.9,6317,10284,5080,-2520
46,AEO,2020-10-01,0 days 15:58:02.295519,134384,14.92,14.91,9632,5591,-6541,1531
47,AEO,2020-10-01,0 days 15:58:03.295833,128325,14.92,14.91,9632,5591,6059,-6541
48,AES,2020-10-01,0 days 15:56:51.108543,323016,17.92,17.91,2873,10738,6182,-1470
49,AES,2020-10-01,0 days 15:57:34.110042,329436,17.93,17.92,7634,8648,-1280,4882
50,AES,2020-10-01,0 days 15:57:35.110476,327216,17.93,17.92,7634,8448,1982,-1280
51,AES,2020-10-01,0 days 15:58:00.112074,329912,17.93,17.92,6372,7722,-2304,2158
52,AES,2020-10-01,0 days 15:58:01.112253,326216,17.93,17.92,6454,7622,2592,-2304
53,AES,2020-10-01,0 days 15:58:18.112664,349452,17.92,17.91,7874,4258,-3664,5336
54,AES,2020-10-01,0 days 15:58:19.113101,343716,17.92,17.91,7374,4158,5736,-3664
55,AES,2020-10-01,0 days 15:59:46.117254,404037,17.92,17.91,3100,9843,-7657,2601
56,AES,2020-10-01,0 days 15:59:47.116527,401294,17.92,17.91,3800,13343,2477,-7657
57,AFL,2020-10-01,0 days 15:56:19.240596,219265,36.35,36.34,683,2532,-3872,1028
58,AFL,2020-10-01,0 days 15:56:20.240072,217337,36.35,36.34,1583,2543,1928,-3872
59,AFL,2020-10-01,0 days 15:57:49.243489,225961,36.4,36.39,700,3532,-2250,2550
60,AFL,2020-10-01,0 days 15:57:50.243206,224411,36.4,36.39,2000,2364,1550,-2250
61,AFL,2020-10-01,0 days 15:57:55.243195,226435,36.4,36.39,578,3919,-76,2024
62,AFL,2020-10-01,0 days 15:57:56.243207,222911,36.4,36.39,1858,3119,3524,-76
63,AFL,2020-10-01,0 days 15:59:19.245291,279090,36.39,36.38,1722,1004,-279,3621
64,AFL,2020-10-01,0 days 15:59:21.244690,278744,36.39,36.37,2603,2707,619,-6
65,AFL,2020-10-01,0 days 15:59:22.245079,279363,36.39,36.38,1981,817,-6524,619
66,AFL,2020-10-01,0 days 15:59:23.245361,278787,36.39,36.38,2484,304,576,-6524
67,AFL,2020-10-01,0 days 15:59:37.245946,288647,36.4,36.39,800,2100,-3096,174
68,AFL,2020-10-01,0 days 15:59:46.247770,289165,36.4,36.39,2668,590,-3913,444
69,AG,2020-10-01,0 days 15:59:40.115919,122015,9.75,9.74,9374,30996,-960,338
70,AG,2020-10-01,0 days 15:59:47.116686,119648,9.75,9.74,12390,28646,4214,-5233
71,AIG,2020-10-01,0 days 15:55:00.107523,383562,27.6,27.59,839,4021,275,-7499
72,AIG,2020-10-01,0 days 15:55:38.107903,385089,27.62,27.61,3700,2851,-173,377
73,AIG,2020-10-01,0 days 15:55:43.107643,382353,27.62,27.61,1582,4257,2836,-73
74,AIG,2020-10-01,0 days 15:56:09.108245,387707,27.62,27.61,3490,2387,-1532,5354
75,AIG,2020-10-01,0 days 15:56:10.107129,385939,27.62,27.61,3290,3168,1768,-1532
76,AIG,2020-10-01,0 days 15:56:13.107557,387707,27.62,27.61,2946,2868,-7022,1768
77,AIG,2020-10-01,0 days 15:56:14.108127,386729,27.62,27.61,3259,2566,978,-7022
78,AIG,2020-10-01,0 days 15:56:55.108702,392659,27.65,27.64,1908,3518,-3922,1278
79,AIG,2020-10-01,0 days 15:56:56.108846,391381,27.65,27.64,1808,3301,3796,-3922
80,AIG,2020-10-01,0 days 15:57:08.108986,403777,27.65,27.64,180,4637,-10004,796
81,AIG,2020-10-01,0 days 15:57:09.109227,402576,27.65,27.64,180,3879,1201,-10004
82,AIG,2020-10-01,0 days 15:57:27.110468,401259,27.67,27.66,1118,7314,-1317,1201
83,AIG,2020-10-01,0 days 15:57:28.109357,399376,27.67,27.66,2218,1667,1883,-1317
84,AIG,2020-10-01,0 days 15:57:34.110220,401259,27.66,27.65,1084,4304,-1617,1883
85,AIG,2020-10-01,0 days 15:57:35.110668,399376,27.66,27.65,1484,4225,1883,-1617
86,AIG,2020-10-01,0 days 15:57:38.110503,401259,27.66,27.65,1361,4373,-517,1883
87,AIG,2020-10-01,0 days 15:57:39.110920,399376,27.66,27.65,1761,4252,1883,-517
88,AIG,2020-10-01,0 days 15:57:41.110702,401259,27.66,27.65,1870,4473,-217,1883
89,AIG,2020-10-01,0 days 15:57:44.111511,394276,27.66,27.65,1438,4352,7091,-217
90,AIG,2020-10-01,0 days 15:57:59.111574,405910,27.67,27.66,1378,2639,-1366,5434
91,AIG,2020-10-01,0 days 15:58:00.112775,403676,27.67,27.66,878,2639,2234,-1366
92,AIG,2020-10-01,0 days 15:58:58.114840,405396,27.7,27.69,2077,1998,1282,-5118
93,ALL,2020-10-01,0 days 15:55:00.106412,270195,92.17,92.16,531,300,40553,-136199
94,ALL,2020-10-01,0 days 15:55:09.105684,269585,92.26,92.23,401,174,-913,2687
95,ALL,2020-10-01,0 days 15:55:20.107040,270498,92.18,92.17,100,100,3026,-574
96,ALL,2020-10-01,0 days 15:55:21.106493,269285,92.18,92.16,100,365,-1213,3026
97,ALL,2020-10-01,0 days 15:55:33.107790,270598,92.19,92.18,100,100,3120,-780
98,ALL,2020-10-01,0 days 15:55:44.107087,274218,92.27,92.24,200,200,-656,1030
99,ALL,2020-10-01,0 days 15:57:05.110052,281679,92.27,92.23,200,100,2446,-954
100,ALL,2020-10-01,0 days 15:57:06.108707,280925,92.27,92.23,300,100,-554,2446
101,ALL,2020-10-01,0 days 15:57:34.110089,282320,92.24,92.21,1345,200,1415,-595
102,ALL,2020-10-01,0 days 15:57:43.110870,286335,92.24,92.22,1025,160,-785,1015
103,ALL,2020-10-01,0 days 15:57:46.111168,287120,92.22,92.21,309,300,2315,-285
104,ALL,2020-10-01,0 days 15:57:47.111398,285935,92.23,92.22,207,100,-1185,2315
105,ALL,2020-10-01,0 days 15:57:48.113381,287120,92.24,92.22,907,200,1215,-1185
106,ALL,2020-10-01,0 days 15:57:49.111743,286835,92.24,92.23,707,100,-285,1215
107,ALL,2020-10-01,0 days 15:57:52.111534,287120,92.25,92.23,200,234,215,-85
108,ALL,2020-10-01,0 days 15:57:53.110918,286935,92.25,92.23,300,334,-185,215
109,ALL,2020-10-01,0 days 15:57:54.110624,287120,92.25,92.23,300,134,115,-185
110,ALL,2020-10-01,0 days 15:57:55.111554,286935,92.25,92.23,362,234,-185,115
111,ALL,2020-10-01,0 days 15:57:59.111503,287120,92.23,92.21,300,501,438,-462
112,ALL,2020-10-01,0 days 15:58:03.113535,285658,92.27,92.24,207,627,-2621,638
113,ALL,2020-10-01,0 days 15:58:15.113310,291832,92.26,92.23,100,301,1805,-2395
114,ALL,2020-10-01,0 days 15:58:17.113356,290437,92.24,92.21,209,200,-236,3864
115,ALL,2020-10-01,0 days 15:58:20.113035,290673,92.23,92.21,100,391,2564,-236
116,ALL,2020-10-01,0 days 15:58:21.113071,290437,92.23,92.21,100,391,-236,2564
117,ALL,2020-10-01,0 days 15:58:23.113288,290673,92.23,92.21,100,420,1464,-236
118,ALL,2020-10-01,0 days 15:58:25.113404,290437,92.23,92.22,305,127,-236,1464
119,ALL,2020-10-01,0 days 15:59:04.115741,297731,92.3,92.28,100,301,79,-1821
120,ALL,2020-10-01,0 days 15:59:05.115934,297497,92.3,92.28,100,301,-459,79
121,ALL,2020-10-01,0 days 15:59:15.113759,297956,92.3,92.28,200,388,17150,-139
122,ALL,2020-10-01,0 days 15:59:19.114630,340606,92.25,92.22,100,100,-1876,4324
123,ALL,2020-10-01,0 days 15:59:20.114746,343223,92.25,92.21,100,176,783,-1876
124,ALL,2020-10-01,0 days 15:59:21.114574,341506,92.24,92.21,219,176,-1492,783
125,ALL,2020-10-01,0 days 15:59:43.115802,351331,92.32,92.28,300,426,-2,98
126,ALL,2020-10-01,0 days 15:59:45.117316,351333,92.29,92.24,559,200,540,-2
127,ALL,2020-10-01,0 days 15:59:47.116616,350424,92.33,92.28,400,732,-5340,12129
128,ALLY,2020-10-01,0 days 15:57:37.292994,291236,25.49,25.48,766,4183,-230,4370
129,ALLY,2020-10-01,0 days 15:57:46.294219,286266,25.49,25.48,1892,3945,4970,-2130
130,ALLY,2020-10-01,0 days 15:58:06.296012,288637,25.49,25.48,1250,3971,-620,5914
131,ALLY,2020-10-01,0 days 15:58:07.295892,283957,25.49,25.48,1650,3743,4680,-620
132,ALLY,2020-10-01,0 days 15:59:11.298930,294893,25.5,25.49,1204,5483,-2456,6213
133,ALLY,2020-10-01,0 days 15:59:12.298881,292389,25.5,25.49,1209,5483,2504,-2456
134,ALLY,2020-10-01,0 days 15:59:35.286071,295030,25.5,25.49,1200,2947,-13152,146
135,ALLY,2020-10-01,0 days 15:59:36.286069,294422,25.5,25.49,1600,3147,608,-13152
136,ALLY,2020-10-01,0 days 15:59:38.285894,295030,25.5,25.49,2000,2946,-1074,608
137,ALLY,2020-10-01,0 days 15:59:45.287983,296104,25.5,25.49,2283,2073,5372,-1074
138,ALLY,2020-10-01,0 days 15:59:47.286734,301476,25.5,25.49,1383,2132,-871,639
139,ALLY,2020-10-01,0 days 15:59:48.287617,299647,25.5,25.49,1483,1832,1829,-871
140,AM,2020-10-01,0 days 15:57:56.239134,352509,5.21,5.2,7422,16903,-9018,2982
141,AMCR,2020-10-01,0 days 15:59:35.245865,1263704,11.02,11.01,24053,11100,52701,-9538
142,AMCR,2020-10-01,0 days 15:59:36.245455,1255905,11.02,11.01,32596,8766,-7799,52701
143,AMCR,2020-10-01,0 days 15:59:46.247820,1264504,11.02,11.01,26589,14765,42799,-6395
144,AMCR,2020-10-01,0 days 15:59:47.247349,1263414,11.02,11.01,24414,8171,-1090,42799
145,AMCR,2020-10-01,0 days 15:59:49.246792,1264504,11.02,11.01,23714,8165,3426,-2678
146,AMCR,2020-10-01,0 days 15:59:50.249763,1212330,11.02,11.01,12804,15421,-52174,3426
147,AMH,2020-10-01,0 days 15:59:05.225919,238708,29.32,29.3,1675,2200,-6344,5808
148,AMH,2020-10-01,0 days 15:59:06.224899,235813,29.31,29.3,952,2100,2895,-6344
149,AMH,2020-10-01,0 days 15:59:11.225127,238708,29.31,29.3,200,2000,-4412,495
150,AMH,2020-10-01,0 days 15:59:12.225082,251220,29.31,29.3,1437,1689,3377,-4412
151,AMT,2020-10-01,0 days 15:58:01.112425,240183,241.88,241.76,300,100,-2736,296
152,AMT,2020-10-01,0 days 15:58:02.114597,237119,241.88,241.79,300,221,3564,-2736
153,AMT,2020-10-01,0 days 15:58:03.113660,237083,242.01,241.81,100,270,-36,3564
154,AMT,2020-10-01,0 days 15:58:04.112069,234319,242.1,241.82,100,200,2964,-36
155,AMT,2020-10-01,0 days 15:59:14.116225,241656,242.26,242.16,100,346,-530,485
156,AMT,2020-10-01,0 days 15:59:20.114889,245896,242.24,242.09,100,200,5863,-1537
157,AMT,2020-10-01,0 days 15:59:30.119354,251055,242.23,242.06,100,100,-316,1184
158,AMT,2020-10-01,0 days 15:59:31.115731,250071,242.29,242.19,200,200,998,-316
159,AMT,2020-10-01,0 days 15:59:43.115952,252203,242.32,242.2,200,100,-4192,1852
160,AMT,2020-10-01,0 days 15:59:44.116417,250921,242.32,242.19,200,100,1282,-4192
161,AMT,2020-10-01,0 days 15:59:46.117523,252203,242.34,242.18,200,100,-4927,1282
162,AMT,2020-10-01,0 days 15:59:47.116924,251952,242.34,242.18,200,100,251,-4927
163,AMWL,2020-10-01,0 days 15:59:40.220839,25431,29.16,29.15,399,600,-1711,1189
164,AMWL,2020-10-01,0 days 15:59:41.221558,24342,29.16,29.15,399,600,1089,-1711
165,AMWL,2020-10-01,0 days 15:59:46.222024,25431,29.16,29.11,199,400,-1221,1089
166,AMWL,2020-10-01,0 days 15:59:47.220715,24452,29.16,29.11,199,400,979,-1221
167,AMX,2020-10-01,0 days 15:56:14.235398,30714,12.24,12.23,18242,5491,-97,1803
168,AMX,2020-10-01,0 days 15:56:15.235401,29611,12.24,12.23,18242,5491,1103,-97
169,AMX,2020-10-01,0 days 15:57:45.239579,30925,12.25,12.24,25432,2400,-183,717
170,AMX,2020-10-01,0 days 15:57:46.240115,22608,12.24,12.23,18291,10251,8317,-183
171,AMX,2020-10-01,0 days 15:58:08.240009,38425,12.24,12.23,10447,13834,-1499,7563
172,AMX,2020-10-01,0 days 15:58:09.240718,36624,12.24,12.23,10447,13734,1801,-1499
173,AMX,2020-10-01,0 days 15:58:53.241613,38425,12.25,12.24,3571,28138,-1099,1101
174,AMX,2020-10-01,0 days 15:58:54.241221,36924,12.25,12.24,4071,27804,801,-1099
175,AMX,2020-10-01,0 days 15:59:01.242861,37725,12.25,12.24,3752,32048,-2404,639
176,AMX,2020-10-01,0 days 15:59:02.242353,36829,12.25,12.24,3784,30846,776,-2404
177,AMX,2020-10-01,0 days 15:59:36.243497,39013,12.25,12.24,14669,22958,-330,750
178,AMX,2020-10-01,0 days 15:59:37.244155,38843,12.25,12.24,15869,22958,50,-330
179,AMX,2020-10-01,0 days 15:59:46.245733,39013,12.25,12.24,6689,27537,-3338,50
180,APLE,2020-10-01,0 days 15:59:46.258449,154377,10.17,10.16,1428,7614,7408,-10619
181,APTV,2020-10-01,0 days 15:57:46.240077,381155,94.02,94.0,100,407,34,-6166
182,APTV,2020-10-01,0 days 15:57:48.239069,377554,94.03,94.0,200,469,-3601,34
183,APTV,2020-10-01,0 days 15:59:18.243053,384098,94.04,94.0,602,100,4232,-1768
184,APTV,2020-10-01,0 days 15:59:19.243120,382730,94.04,94.0,502,100,-368,4232
185,APTV,2020-10-01,0 days 15:59:34.243448,396499,94.14,94.05,550,400,12540,-2040
186,APTV,2020-10-01,0 days 15:59:35.243922,395739,94.14,94.05,200,100,-760,12540
187,APTV,2020-10-01,0 days 15:59:37.244087,392499,94.13,94.05,400,100,3440,-360
188,APTV,2020-10-01,0 days 15:59:41.244079,396499,94.13,94.05,250,100,1840,-4560
189,APTV,2020-10-01,0 days 15:59:42.244160,395939,94.13,94.05,250,100,-747,1840
190,APTV,2020-10-01,0 days 15:59:46.245525,408099,94.12,94.03,200,400,4858,-16160
191,AR,2020-10-01,0 days 15:56:38.107952,384782,2.71,2.7,60549,1776,9683,-317
192,AR,2020-10-01,0 days 15:56:39.107913,367265,2.71,2.7,60549,1476,-17517,9683
193,AR,2020-10-01,0 days 15:59:46.117214,393798,2.71,2.7,10012,109363,25849,-4407
194,AR,2020-10-01,0 days 15:59:47.116450,388147,2.71,2.7,13612,81402,-5651,25849
195,ARMK,2020-10-01,0 days 15:57:45.236136,369858,27.08,27.07,503,130,-3120,8980
196,ARMK,2020-10-01,0 days 15:57:46.235774,368178,27.07,27.06,400,200,2139,-3120
197,ARMK,2020-10-01,0 days 15:57:48.235943,370317,27.07,27.06,400,100,-661,2139
198,ARMK,2020-10-01,0 days 15:57:50.235769,368978,27.08,27.06,802,200,1339,-2161
199,ARMK,2020-10-01,0 days 15:58:25.238102,368136,27.07,27.06,500,503,-342,1558
200,ARMK,2020-10-01,0 days 15:58:26.236471,366778,27.07,27.06,500,403,1358,-342
201,ARMK,2020-10-01,0 days 15:58:37.238122,358796,27.08,27.06,1100,213,-782,1358
202,ARMK,2020-10-01,0 days 15:58:38.238135,358778,27.08,27.06,1000,213,18,-782
203,ATI,2020-10-01,0 days 15:56:04.289397,144968,9.2,9.19,1955,3197,162,-3819
204,ATI,2020-10-01,0 days 15:56:15.289808,139304,9.2,9.19,2075,3027,-5817,2736
205,ATI,2020-10-01,0 days 15:59:05.298576,155909,9.21,9.2,1089,6394,5044,-2953
206,ATI,2020-10-01,0 days 15:59:06.298523,151853,9.21,9.2,270,8506,-4056,5044
207,ATI,2020-10-01,0 days 15:59:38.285824,158475,9.22,9.21,942,8764,1570,-5458
208,AU,2020-10-01,0 days 15:55:05.105630,22190,26.46,26.45,177,3301,195,-105
209,AU,2020-10-01,0 days 15:56:02.108012,22385,26.42,26.41,1439,1900,-2705,551
210,AU,2020-10-01,0 days 15:56:03.107045,22190,26.42,26.41,744,1900,195,-2705
211,AUY,2020-10-01,0 days 15:59:36.241519,75540,5.74,5.73,342976,325549,7996,-17152
212,AUY,2020-10-01,0 days 15:59:37.242365,74336,5.74,5.73,338248,325249,-1204,7996
213,AUY,2020-10-01,0 days 15:59:46.244130,75540,5.74,5.73,293722,334784,2296,-1204
214,AUY,2020-10-01,0 days 15:59:47.243477,74436,5.74,5.73,268522,356184,-1104,2296
215,AXP,2020-10-01,0 days 15:56:04.247950,196708,101.27,101.26,333,800,-4590,679
216,AXP,2020-10-01,0 days 15:59:04.254418,224133,101.38,101.35,887,200,4048,-428
217,AXP,2020-10-01,0 days 15:59:05.254985,222774,101.37,101.35,400,400,-491,4048
218,AXP,2020-10-01,0 days 15:59:30.258151,239423,101.43,101.41,825,612,-900,8538
219,AXP,2020-10-01,0 days 15:59:41.256372,245089,101.45,101.44,500,400,-355,5645
220,AXP,2020-10-01,0 days 15:59:42.256419,240960,101.4,101.34,400,1100,4129,-355
221,AXTA,2020-10-01,0 days 15:55:00.234079,146027,23.52,23.51,5971,3053,-173108,69509
222,AXTA,2020-10-01,0 days 15:55:13.234208,150388,23.44,23.43,5700,4711,495639,-4361
223,AXTA,2020-10-01,0 days 15:55:16.234065,143375,23.46,23.45,4210,2060,2652,-156148
224,AXTA,2020-10-01,0 days 15:56:10.235498,159506,23.5,23.49,3379,3660,-256,5159
225,AXTA,2020-10-01,0 days 15:56:11.235231,156162,23.5,23.49,3379,3860,3344,-256
226,AXTA,2020-10-01,0 days 15:56:17.235540,159506,23.5,23.49,3749,5460,-787,1987
227,AXTA,2020-10-01,0 days 15:56:18.235389,156593,23.5,23.49,3849,5460,2913,-787
228,AXTA,2020-10-01,0 days 15:58:02.239752,151213,23.5,23.49,7038,4800,-12680,683
229,AXTA,2020-10-01,0 days 15:58:04.240081,147813,23.5,23.49,5512,4500,3400,-12280
230,AXTA,2020-10-01,0 days 15:58:06.239939,151266,23.5,23.49,5717,4400,-7506,3400
231,AXTA,2020-10-01,0 days 15:58:58.241528,152607,23.5,23.49,5823,8875,697,-822
232,AXTA,2020-10-01,0 days 15:58:59.242490,151304,23.53,23.52,3397,3590,-191003,697
233,AXTA,2020-10-01,0 days 15:59:00.245517,149707,23.5,23.49,7019,2548,2497,-191003
234,AXTA,2020-10-01,0 days 15:59:52.245366,174526,23.52,23.51,600,4450,-135126,367274
235,AZUL,2020-10-01,0 days 15:56:14.265594,24589,13.69,13.68,4918,3671,656,-1244
236,AZUL,2020-10-01,0 days 15:56:15.265819,23545,13.69,13.68,4695,4371,-1044,656
237,AZUL,2020-10-01,0 days 15:58:53.271096,24989,13.69,13.68,1284,4049,321,-401
238,AZUL,2020-10-01,0 days 15:58:54.271397,24110,13.69,13.68,1362,4049,-779,321
239,AZUL,2020-10-01,0 days 15:59:05.272486,24323,13.69,13.68,2940,3837,-666,434
240,AZUL,2020-10-01,0 days 15:59:08.272511,24989,13.69,13.68,2121,4037,1017,-666
241,BA,2020-10-01,0 days 15:59:12.298842,371587,168.22,168.1,500,4300,-2498,22592
242,BA,2020-10-01,0 days 15:59:13.299176,368385,168.23,168.11,300,100,3202,-2498
243,BA,2020-10-01,0 days 15:59:15.285466,371685,168.22,168.14,100,200,-143296,3300
244,BA,2020-10-01,0 days 15:59:49.287167,469398,168.08,168.02,100,877,10012,-45488
245,BA,2020-10-01,0 days 15:59:50.290716,430010,168.07,167.93,800,100,-38388,10012
246,BAC,2020-10-01,0 days 15:55:01.233301,2637879,24.04,24.03,84946,18219,-19303,14597
247,BAC,2020-10-01,0 days 15:55:35.235346,2689646,24.04,24.03,71992,54576,18030,-36875
248,BAC,2020-10-01,0 days 15:55:42.235147,2696944,24.04,24.03,11197,122760,7343,-33096
249,BAC,2020-10-01,0 days 15:55:55.234958,2694034,24.05,24.04,4927,127983,2553,-2447
250,BAC,2020-10-01,0 days 15:55:56.234741,2689387,24.05,24.04,6778,127485,-4647,2553
251,BAC,2020-10-01,0 days 15:56:02.234839,2686736,24.05,24.04,60074,24496,2651,-4647
252,BAC,2020-10-01,0 days 15:56:03.235165,2652955,24.05,24.04,64475,14919,-33781,2651
253,BAC,2020-10-01,0 days 15:56:27.235710,2695980,24.05,24.04,10862,92983,18376,-38590
254,BAC,2020-10-01,0 days 15:57:33.238396,2738492,24.09,24.08,10880,107334,9965,-11142
255,BAC,2020-10-01,0 days 15:59:06.242468,3023505,24.1,24.09,38191,110175,-7113,13684
256,BAC,2020-10-01,0 days 15:59:12.242543,3045209,24.1,24.09,33694,151530,226603,-7620
257,BAC,2020-10-01,0 days 15:59:52.245377,3400311,24.12,24.11,29059,67159,-59233,3067
258,BAC,2020-10-01,0 days 15:59:59.244590,3388644,24.11,24.1,60900,7450,15376,-61588
259,BAM,2020-10-01,0 days 15:56:02.233235,29118,33.72,33.71,5588,2579,-1596,279
260,BAM,2020-10-01,0 days 15:58:53.238467,33320,33.74,33.73,118,4116,245,-1463
261,BAM,2020-10-01,0 days 15:58:54.238447,31865,33.74,33.73,118,4116,-1055,245
262,BAM,2020-10-01,0 days 15:59:36.241827,34585,33.75,33.74,1428,2346,818,-532
263,BAM,2020-10-01,0 days 15:59:44.243076,33806,33.75,33.74,1697,2946,-779,1021
264,BAX,2020-10-01,0 days 15:58:12.269945,172630,79.73,79.71,400,400,1693,-4507
265,BAX,2020-10-01,0 days 15:59:14.272697,199968,79.78,79.76,500,577,-220,1769
266,BAX,2020-10-01,0 days 15:59:15.272886,199214,79.78,79.76,600,573,754,-220
267,BAX,2020-10-01,0 days 15:59:23.273378,200468,79.76,79.72,300,100,-929,2075
268,BAX,2020-10-01,0 days 15:59:24.272266,199997,79.76,79.72,100,100,471,-929
269,BAX,2020-10-01,0 days 15:59:28.272578,200468,79.75,79.72,444,104,-1043,271
270,BAX,2020-10-01,0 days 15:59:29.272751,200163,79.75,79.72,203,204,305,-1043
271,BAX,2020-10-01,0 days 15:59:32.273715,200497,79.77,79.74,100,200,-66,734
272,BAX,2020-10-01,0 days 15:59:33.273723,200363,79.76,79.74,888,341,134,-66
273,BAX,2020-10-01,0 days 15:59:37.273802,200497,79.77,79.75,502,200,-404,134
274,BAX,2020-10-01,0 days 15:59:38.273583,199101,79.77,79.75,652,200,1453,-404
275,BB,2020-10-01,0 days 15:59:36.219631,79903,4.59,4.58,100556,107466,15543,-18657
276,BB,2020-10-01,0 days 15:59:37.219365,61246,4.59,4.58,100756,107466,-18657,15543
277,BBD,2020-10-01,0 days 15:59:18.245120,220838,3.43,3.42,77233,777964,10769,-14035
278,BBVA,2020-10-01,0 days 15:55:00.216567,40089,2.75,2.74,53801,224302,26142,-453
279,BBVA,2020-10-01,0 days 15:59:36.219731,83046,2.76,2.75,371049,255583,-16886,19914
280,BBVA,2020-10-01,0 days 15:59:37.219492,82032,2.76,2.75,371049,253733,1014,-16886
281,BBY,2020-10-01,0 days 15:55:44.264692,426214,113.78,113.76,515,200,-213,1657
282,BBY,2020-10-01,0 days 15:55:45.264925,424527,113.78,113.74,515,204,1687,-213
283,BBY,2020-10-01,0 days 15:56:15.265756,426259,113.85,113.82,816,600,-187,1613
284,BBY,2020-10-01,0 days 15:56:16.265389,424846,113.85,113.82,816,742,1413,-187
285,BBY,2020-10-01,0 days 15:57:34.266760,429562,113.82,113.79,510,800,-1051,1349
286,BBY,2020-10-01,0 days 15:57:35.267721,429413,113.82,113.79,1951,731,1549,-1051
287,BBY,2020-10-01,0 days 15:57:36.267276,431662,113.82,113.79,1849,731,-551,1549
288,BBY,2020-10-01,0 days 15:57:37.267082,430013,113.82,113.79,2049,931,2649,-551
289,BBY,2020-10-01,0 days 15:57:38.267016,432662,113.82,113.79,1730,1032,-2051,2649
290,BBY,2020-10-01,0 days 15:57:39.267788,430913,113.82,113.79,2130,731,1749,-2051
291,BBY,2020-10-01,0 days 15:57:42.267537,432662,113.87,113.85,100,415,-2051,1449
292,BBY,2020-10-01,0 days 15:57:44.268764,431413,113.88,113.86,883,439,1249,-951
293,BBY,2020-10-01,0 days 15:58:11.270038,434385,113.87,113.84,100,100,-1484,1227
294,BBY,2020-10-01,0 days 15:58:12.269914,433469,113.88,113.86,480,100,916,-1484
295,BBY,2020-10-01,0 days 15:58:34.271044,425412,113.92,113.89,300,300,-8257,516
296,BBY,2020-10-01,0 days 15:58:57.271217,494056,114.07,114.02,100,580,19219,-4032
297,BBY,2020-10-01,0 days 15:59:34.273285,541758,114.04,113.99,1275,809,-1021,10158
298,BBY,2020-10-01,0 days 15:59:47.275046,503906,114.1,114.04,100,100,40780,-46134
299,BBY,2020-10-01,0 days 15:59:49.275382,544686,114.09,114.03,100,400,-797,2655
300,BBY,2020-10-01,0 days 15:59:55.275375,529583,114.14,114.08,600,1200,15103,-73448
301,BBY,2020-10-01,0 days 15:59:56.275926,453635,114.14,114.08,402,3000,-74648,15103
302,BBY,2020-10-01,0 days 15:59:57.277091,529583,114.14,114.08,402,570,15103,-74648
303,BBY,2020-10-01,0 days 15:59:59.275415,454835,114.13,114.07,500,100,-73448,15103
304,BCS,2020-10-01,0 days 15:55:00.246163,20225,4.99,4.98,21696,101662,-425,3223
305,BCS,2020-10-01,0 days 15:55:05.246322,20650,4.99,4.98,43696,110087,2091,-425
306,BCS,2020-10-01,0 days 15:55:07.246652,22741,4.99,4.98,43796,109882,-772,2091
307,BCS,2020-10-01,0 days 15:58:53.253337,23513,5.0,4.99,41470,203702,3970,-610
308,BCS,2020-10-01,0 days 15:59:36.255374,27877,5.01,5.0,95339,220637,-2499,3001
309,BCS,2020-10-01,0 days 15:59:37.256246,27676,5.01,5.0,95339,220631,201,-2499
310,BCS,2020-10-01,0 days 15:59:41.256372,29177,5.01,5.0,91836,224528,-487,201
311,BDN,2020-10-01,0 days 15:59:12.115207,121364,10.51,10.5,6007,6578,7184,-803
312,BDN,2020-10-01,0 days 15:59:22.114225,122634,10.52,10.51,6208,6861,-1640,1460
313,BDN,2020-10-01,0 days 15:59:46.117689,128267,10.52,10.51,4240,6784,6678,-622
314,BDX,2020-10-01,0 days 15:57:31.109811,96870,230.72,230.63,210,100,-812,588
315,BDX,2020-10-01,0 days 15:57:32.110115,95482,230.72,230.62,210,100,1388,-812
316,BDX,2020-10-01,0 days 15:57:34.110199,96870,230.72,230.62,210,100,-412,1388
317,BDX,2020-10-01,0 days 15:57:35.110657,96582,230.71,230.63,222,100,288,-412
318,BDX,2020-10-01,0 days 15:57:47.111514,96870,230.78,230.64,100,123,-239,661
319,BDX,2020-10-01,0 days 15:57:48.113500,96209,230.74,230.64,100,123,661,-239
320,BDX,2020-10-01,0 days 15:57:59.111574,99077,230.78,230.64,100,141,-332,68
321,BDX,2020-10-01,0 days 15:58:00.112767,98409,230.78,230.64,100,100,668,-332
322,BDX,2020-10-01,0 days 15:58:43.113665,99941,230.53,230.38,100,100,-1120,380
323,BDX,2020-10-01,0 days 15:58:44.113310,98861,230.53,230.45,100,200,1080,-1120
324,BDX,2020-10-01,0 days 15:59:11.115597,105311,230.88,230.73,100,689,-1521,1212
325,BDX,2020-10-01,0 days 15:59:12.115180,117267,230.88,230.74,200,193,1618,-1521
326,BDX,2020-10-01,0 days 15:59:15.113891,118885,230.92,230.78,100,100,-487,1418
327,BDX,2020-10-01,0 days 15:59:18.114181,117926,230.92,230.78,100,200,1059,-487
328,BDX,2020-10-01,0 days 15:59:35.115292,119433,230.92,230.86,100,200,-1862,292
329,BDX,2020-10-01,0 days 15:59:36.114503,118995,230.92,230.86,100,200,763,-1862
330,BE,2020-10-01,0 days 15:59:46.262260,79291,17.27,17.26,921,1007,2780,-745
331,BE,2020-10-01,0 days 15:59:47.259347,78771,17.27,17.26,300,1000,-520,2780
332,BEKE,2020-10-01,0 days 15:56:53.236138,62931,62.05,62.04,200,300,3905,-14675
333,BEN,2020-10-01,0 days 15:57:35.293184,233261,19.99,19.98,2945,4085,-67,469
334,BEN,2020-10-01,0 days 15:57:38.293241,226865,19.99,19.98,2845,3367,6445,-3155
335,BEN,2020-10-01,0 days 15:57:46.294191,233310,19.99,19.98,2245,5028,-555,945
336,BEN,2020-10-01,0 days 15:57:47.293778,226965,19.99,19.98,2445,4328,6345,-555
337,BEN,2020-10-01,0 days 15:58:41.296493,221108,19.99,19.98,2114,4594,5684,-3916
338,BEN,2020-10-01,0 days 15:59:37.285922,236801,20.0,19.99,1000,10635,-4864,5379
339,BEN,2020-10-01,0 days 15:59:41.286916,236801,20.0,19.99,1600,9272,-4799,2436
340,BEN,2020-10-01,0 days 15:59:42.286817,235800,20.0,19.99,2700,7972,1001,-4799
341,BEN,2020-10-01,0 days 15:59:46.287978,236801,20.0,19.99,3648,5472,-6226,292
342,BEN,2020-10-01,0 days 15:59:47.286622,235628,20.0,19.99,1748,8472,1173,-6226
343,BHC,2020-10-01,0 days 15:56:12.253617,35441,15.89,15.88,8129,7711,957,-2175
344,BHC,2020-10-01,0 days 15:56:13.253659,31298,15.89,15.88,8129,7711,-4143,957
345,BHC,2020-10-01,0 days 15:57:12.256274,35475,15.9,15.89,5560,7859,1783,-4031
346,BHP,2020-10-01,0 days 15:55:43.290439,22847,51.28,51.27,2100,1977,245,-842
347,BHP,2020-10-01,0 days 15:55:44.289479,22092,51.29,51.28,986,400,-755,245
348,BHP,2020-10-01,0 days 15:57:37.292950,23747,51.31,51.29,2101,3480,131,-309
349,BHP,2020-10-01,0 days 15:57:38.293280,23617,51.31,51.29,1801,3480,-130,131
350,BHP,2020-10-01,0 days 15:59:08.298686,25121,51.33,51.32,3312,800,2524,-187
351,BHP,2020-10-01,0 days 15:59:16.284572,25121,51.34,51.33,1813,1700,45,-352
352,BHP,2020-10-01,0 days 15:59:31.286606,25321,51.33,51.32,1777,1230,65,-335
353,BHP,2020-10-01,0 days 15:59:46.288016,25321,51.34,51.33,992,2323,1889,-111
354,BIG,2020-10-01,0 days 15:55:00.252870,95741,45.01,44.94,200,100,-17511,63148
355,BIG,2020-10-01,0 days 15:56:10.253494,112579,44.96,44.91,272,100,518,-682
356,BIG,2020-10-01,0 days 15:56:11.253386,111299,44.96,44.91,272,100,-6920,518
357,BIG,2020-10-01,0 days 15:59:21.259855,121528,44.98,44.96,221,100,-577,823
358,BK,2020-10-01,0 days 15:55:00.252766,467030,34.03,34.02,2325,5078,46212,-1079
359,BK,2020-10-01,0 days 15:57:35.254039,535722,34.13,34.12,767,4875,-643,1157
360,BK,2020-10-01,0 days 15:57:57.254892,536565,34.14,34.13,2820,5573,3184,-1716
361,BK,2020-10-01,0 days 15:58:11.256538,542497,34.14,34.13,602,8384,-151,7749
362,BK,2020-10-01,0 days 15:58:13.257409,542648,34.14,34.13,347,9071,2149,-151
363,BKR,2020-10-01,0 days 15:59:38.255888,564540,12.75,12.74,2890,5417,4874,-15126
364,BKR,2020-10-01,0 days 15:59:47.256820,568951,12.75,12.74,2381,10497,500,-7282
365,BMY,2020-10-01,0 days 15:58:09.295642,933160,59.72,59.71,400,4801,4885,-4794
366,BMY,2020-10-01,0 days 15:58:10.295747,926045,59.73,59.72,3618,918,-7128,4885
367,BMY,2020-10-01,0 days 15:59:25.284938,1063764,59.79,59.78,1300,2000,-3888,3610
368,BMY,2020-10-01,0 days 15:59:26.284548,1059052,59.79,59.78,900,1500,4812,-3888
369,BMY,2020-10-01,0 days 15:59:47.286622,1095612,59.83,59.81,4780,3300,-6745,28786
370,BMY^,2020-10-01,0 days 15:59:21.240996,1437,2.62,2.58,779,200,3650,-1337
371,BMY^,2020-10-01,0 days 15:59:45.244673,0,2.69,2.6,100,200,-1437,3750
372,BP,2020-10-01,0 days 15:59:12.240099,135260,16.85,16.84,25062,60880,16011,-7678
373,BP,2020-10-01,0 days 15:59:38.242254,202894,16.85,16.84,69437,20988,-4266,21111
374,BP,2020-10-01,0 days 15:59:46.244209,207160,16.84,16.83,62531,31000,434,-3866
375,BP,2020-10-01,0 days 15:59:48.243946,205694,16.84,16.83,61819,26757,-2466,34
376,BRFS,2020-10-01,0 days 15:59:36.241483,17733,3.28,3.27,70888,130843,3149,-3851
377,BRFS,2020-10-01,0 days 15:59:37.242330,17482,3.28,3.27,70988,130843,-251,3149
378,BRX,2020-10-01,0 days 15:57:37.292994,234778,12.05,12.04,6613,4879,2513,-5172
379,BRX,2020-10-01,0 days 15:58:03.295850,236830,12.05,12.04,922,8490,-248,2292
380,BRX,2020-10-01,0 days 15:58:04.295820,233812,12.06,12.05,5600,5345,2481,-248
381,BRX,2020-10-01,0 days 15:59:04.298896,235748,12.07,12.06,5656,8104,-4416,2209
382,BRX,2020-10-01,0 days 15:59:05.298629,234364,12.07,12.06,4042,8404,1384,-4416
383,BRX,2020-10-01,0 days 15:59:06.298603,235748,12.07,12.06,2542,9704,-516,1384
384,BRX,2020-10-01,0 days 15:59:07.298507,234464,12.07,12.06,1528,10304,1284,-516
385,BRX,2020-10-01,0 days 15:59:33.285761,252356,12.07,12.06,515,14353,-1661,1309
386,BRX,2020-10-01,0 days 15:59:47.286718,251772,12.08,12.07,2347,7788,346,-13354
387,BSX,2020-10-01,0 days 15:55:01.215614,427024,38.38,38.37,1706,2385,-9135,5938
388,BSX,2020-10-01,0 days 15:57:09.220332,450038,38.4,38.39,1632,2200,6407,-293
389,BSX,2020-10-01,0 days 15:57:10.219877,446045,38.4,38.39,632,2400,-3993,6407
390,BSX,2020-10-01,0 days 15:57:21.217248,444649,38.39,38.38,401,5758,1396,-3993
391,BSX,2020-10-01,0 days 15:57:22.217155,441145,38.39,38.38,101,5458,-3504,1396
392,BSX,2020-10-01,0 days 15:58:07.220997,452269,38.39,38.38,1916,3346,1248,-2473
393,BSX,2020-10-01,0 days 15:58:08.220754,448417,38.39,38.38,1658,2351,-3852,1248
394,BSX,2020-10-01,0 days 15:59:09.223354,461812,38.42,38.41,2130,3716,1053,-2374
395,BSX,2020-10-01,0 days 15:59:20.217558,506396,38.44,38.43,3883,2792,-5356,2622
396,BSX,2020-10-01,0 days 15:59:30.220524,517235,38.44,38.43,3000,1993,5966,-1541
397,BSX,2020-10-01,0 days 15:59:31.218087,516101,38.44,38.43,200,3490,-534,5966
398,BTU,2020-10-01,0 days 15:58:07.237551,58423,2.21,2.2,5017,12838,214,-5286
399,BWA,2020-10-01,0 days 15:55:01.251685,1811152,39.51,39.49,1890,100,3857,-673
400,BWA,2020-10-01,0 days 15:55:50.253391,1813901,39.51,39.5,3200,400,-1627,163
401,BWA,2020-10-01,0 days 15:55:51.253250,1813228,39.52,39.51,2510,800,673,-1627
402,BWA,2020-10-01,0 days 15:56:06.253375,1813901,39.55,39.53,600,1759,-1002,673
403,BWA,2020-10-01,0 days 15:56:07.253468,1813403,39.54,39.53,1400,1440,498,-1002
404,BWA,2020-10-01,0 days 15:56:11.253232,1813901,39.53,39.52,2800,1243,-1592,498
405,BWA,2020-10-01,0 days 15:56:12.253437,1815493,39.53,39.51,3300,1325,1908,-1592
406,BWA,2020-10-01,0 days 15:56:28.253820,1819172,39.53,39.52,3097,693,-19706,194
407,BWA,2020-10-01,0 days 15:57:43.254776,1931732,39.51,39.5,200,2000,6636,-6564
408,BWA,2020-10-01,0 days 15:57:44.255823,1921968,39.53,39.51,100,2012,-9764,6636
409,BWA,2020-10-01,0 days 15:58:11.256454,1992682,39.57,39.56,2252,603,-19070,18230
410,BWA,2020-10-01,0 days 15:58:19.256807,1943348,39.55,39.53,3400,500,9734,-1034
411,BWA,2020-10-01,0 days 15:58:20.257756,1932682,39.55,39.54,2600,400,-10666,9734
412,BWA,2020-10-01,0 days 15:58:25.256913,1945501,39.55,39.53,3800,1782,22081,-14119
413,BWA,2020-10-01,0 days 15:58:26.257069,1934682,39.55,39.54,2800,766,-10819,22081
414,BWA,2020-10-01,0 days 15:58:48.257584,1935282,39.54,39.53,1390,900,-10219,22881
415,BWA,2020-10-01,0 days 15:58:50.257603,1926001,39.52,39.5,1000,1400,9281,-10219
416,BWA,2020-10-01,0 days 15:58:51.257557,1917582,39.53,39.52,4032,124,-27919,9281
417,BWA,2020-10-01,0 days 15:58:58.258302,1917782,39.53,39.51,3404,1283,-8219,10881
418,BWA,2020-10-01,0 days 15:59:17.259065,1988413,39.57,39.56,3859,261,21954,-8246
419,BWA,2020-10-01,0 days 15:59:29.259458,1961694,39.53,39.52,1600,200,-2377,34690
420,BWA,2020-10-01,0 days 15:59:35.259895,1941035,39.52,39.5,2616,900,-3536,16564
421,BWA,2020-10-01,0 days 15:59:38.259947,1947243,39.53,39.52,170,2600,17792,-27743
422,BWA,2020-10-01,0 days 15:59:39.260765,1944635,39.55,39.53,3115,1900,-2608,17792
423,BWA,2020-10-01,0 days 15:59:42.261105,1927903,39.51,39.5,300,2000,16732,-2668
424,BWA,2020-10-01,0 days 15:59:43.260540,1926437,39.52,39.5,2464,900,-1466,16732
425,BWA,2020-10-01,0 days 15:59:46.262035,1955072,39.52,39.5,469,2000,31870,-28369
426,C,2020-10-01,0 days 15:56:46.236858,792242,43.32,43.31,2818,9870,198649,-88335
427,C,2020-10-01,0 days 15:58:54.241130,695278,43.4,43.39,2607,7275,-165043,55257
428,CAG,2020-10-01,0 days 15:55:45.252935,269212,35.79,35.78,551,1201,-3963,2061
429,CAG,2020-10-01,0 days 15:56:13.253536,274448,35.82,35.8,200,708,238205,-4494
430,CAH,2020-10-01,0 days 15:56:01.241354,224014,45.99,45.98,800,100,-212,10067
431,CAH,2020-10-01,0 days 15:56:02.240582,219926,45.99,45.97,800,361,3867,-212
432,CAH,2020-10-01,0 days 15:59:01.245975,228570,46.04,46.03,432,271,-4798,911
433,CAH,2020-10-01,0 days 15:59:02.245551,226168,46.04,46.03,846,500,2402,-4798
434,CAH,2020-10-01,0 days 15:59:09.245559,228434,46.06,46.04,700,206,-772,466
435,CAH,2020-10-01,0 days 15:59:27.245303,232449,46.06,46.04,528,798,-223,377
436,CARR,2020-10-01,0 days 15:57:00.221442,533333,30.76,30.74,623,1457,13403,-40746
437,CARR,2020-10-01,0 days 15:57:01.221201,527636,30.76,30.75,1000,131,-5697,13403
438,CAT,2020-10-01,0 days 15:56:19.219968,177956,146.53,146.45,400,201,31,-224
439,CAT,2020-10-01,0 days 15:56:20.219656,173187,146.53,146.45,400,101,-4769,31
440,CAT,2020-10-01,0 days 15:58:10.222696,180984,146.62,146.57,189,100,-4026,162
441,CAT,2020-10-01,0 days 15:59:15.218665,199828,146.7,146.65,100,100,26169,-1747
442,CAT,2020-10-01,0 days 15:59:46.221814,203872,146.74,146.69,100,300,2529,-152
443,CBL,2020-10-01,0 days 15:52:59.234673,2080,0.18,0.17,73915,7900,-606,1594
444,CBL,2020-10-01,0 days 15:53:31.235079,2686,0.18,0.17,73125,2000,1594,-606
445,CBL,2020-10-01,0 days 15:54:04.235476,2080,0.17,0.16,1600,174783,-606,1594
446,CBL,2020-10-01,0 days 15:54:27.235506,2686,0.17,0.16,1850,92400,1594,-606
447,CCC,2020-10-01,0 days 15:56:13.219359,51783,32.04,31.99,800,685,13197,-2103
448,CCC,2020-10-01,0 days 15:56:14.219903,50980,32.04,31.99,900,685,-803,13197
449,CCC,2020-10-01,0 days 15:56:16.219478,41783,32.04,31.99,1300,891,3323,-803
450,CCC,2020-10-01,0 days 15:57:37.219301,42084,32.11,32.08,900,100,67,-778
451,CCC,2020-10-01,0 days 15:57:38.219428,41051,32.11,32.08,900,100,-1033,67
452,CCC,2020-10-01,0 days 15:59:22.218431,46627,32.09,32.02,1000,200,1629,-116
453,CCC,2020-10-01,0 days 15:59:23.218780,45856,32.09,32.02,600,413,-771,1629
454,CCC,2020-10-01,0 days 15:59:35.219214,47432,32.07,32.01,200,396,24,-1121
455,CCC,2020-10-01,0 days 15:59:36.219698,46311,32.07,32.01,300,396,-1121,24
456,CCC,2020-10-01,0 days 15:59:47.220511,47432,32.07,32.04,200,400,1866,-534
457,CCC,2020-10-01,0 days 15:59:49.221385,46782,32.07,32.03,200,400,-650,66
458,CCC,2020-10-01,0 days 16:00:00.220877,45353,32.39,31.9,100,100,-2079,6473
459,CCI,2020-10-01,0 days 15:56:16.235217,267591,167.83,167.77,100,200,-16685,2305
460,CCI,2020-10-01,0 days 15:56:17.235455,266653,167.86,167.76,100,300,938,-16685
461,CCI,2020-10-01,0 days 15:57:10.236457,267644,167.97,167.86,200,100,-295,605
462,CCI,2020-10-01,0 days 15:57:11.236663,267039,168.0,167.86,215,100,605,-295
463,CCI,2020-10-01,0 days 15:57:32.238600,267644,168.02,167.92,200,300,-295,605
464,CCI,2020-10-01,0 days 15:59:17.242086,303227,168.31,168.19,200,200,170,-20130
465,CCI,2020-10-01,0 days 15:59:24.242956,296561,168.21,168.11,600,185,-615,10785
466,CCI,2020-10-01,0 days 15:59:45.246107,300741,168.21,168.13,150,100,-1048,4950
467,CCI,2020-10-01,0 days 15:59:56.246131,302460,168.14,167.9,100,800,2537,-663
468,CCL,2020-10-01,0 days 15:58:06.270308,306052,15.03,15.02,15986,5845,-3551,4364
469,CCL,2020-10-01,0 days 15:58:07.269240,298203,15.03,15.02,15424,7573,7849,-3551
470,CCL,2020-10-01,0 days 15:59:07.272266,309597,15.05,15.04,23934,4056,-24938,8194
471,CCL,2020-10-01,0 days 15:59:36.273796,335297,15.03,15.02,6749,21055,136,-1173
472,CCL,2020-10-01,0 days 15:59:37.273901,334833,15.04,15.03,19425,16655,-12866,136
473,CCXX,2020-10-01,0 days 15:55:01.251919,12262,10.11,10.1,2238,2500,-713,1087
474,CCXX,2020-10-01,0 days 15:58:32.257810,12381,10.12,10.1,139,300,381,-19
475,CCXX,2020-10-01,0 days 15:59:41.261500,12675,10.14,10.11,500,700,-3207,94
476,CDE,2020-10-01,0 days 15:55:00.107018,221495,7.61,7.6,6155,4114,-127224,58113
477,CDE,2020-10-01,0 days 15:55:01.106745,214119,7.61,7.6,7364,4914,7376,-127224
478,CDE,2020-10-01,0 days 15:56:02.108025,228795,7.61,7.6,2966,18625,-17072,8003
479,CDE,2020-10-01,0 days 15:56:03.107066,218867,7.61,7.6,2258,19225,9928,-17072
480,CDE,2020-10-01,0 days 15:59:13.117082,254159,7.62,7.61,100,31409,-6701,2680
481,CDE,2020-10-01,0 days 15:59:14.116212,247960,7.63,7.62,22357,3487,5069,-6701
482,CDE,2020-10-01,0 days 15:59:46.117436,252886,7.64,7.63,5850,20600,3258,-17242
483,CDE,2020-10-01,0 days 16:00:00.169723,259346,7.68,7.5,100,201,-7957,8239
484,CF,2020-10-01,0 days 15:55:30.264832,174816,29.87,29.86,1461,1639,1843,-6
485,CF,2020-10-01,0 days 15:55:31.264895,172959,29.88,29.87,1205,2892,-1857,1843
486,CF,2020-10-01,0 days 15:56:51.266923,175243,29.92,29.9,700,2051,123,-237
487,CF,2020-10-01,0 days 15:56:56.267428,176466,29.92,29.9,951,2162,-1177,123
488,CF,2020-10-01,0 days 15:57:50.268652,181444,29.91,29.9,1570,1684,723,-777
489,CF,2020-10-01,0 days 15:57:51.268227,180667,29.91,29.9,1770,1284,-777,723
490,CF,2020-10-01,0 days 15:59:09.272221,200010,29.92,29.91,105,1493,6645,-1713
491,CF,2020-10-01,0 days 15:59:10.272676,197672,29.92,29.91,885,2093,-2338,6645
492,CF,2020-10-01,0 days 15:59:38.273546,227389,29.91,29.9,800,1674,-2542,3558
493,CF,2020-10-01,0 days 15:59:46.275603,230031,29.91,29.9,1563,100,3030,-2949
494,CF,2020-10-01,0 days 15:59:47.275046,227932,29.91,29.9,1111,1600,-2099,3030
495,CF,2020-10-01,0 days 15:59:51.275994,228731,29.89,29.88,600,1800,2047,-2253
496,CFG,2020-10-01,0 days 15:56:01.265406,159990,25.4,25.39,2718,5725,-5375,325
497,CFG,2020-10-01,0 days 15:56:02.265462,159065,25.39,25.38,3710,4729,925,-5375
498,CFG,2020-10-01,0 days 15:56:10.265631,159990,25.39,25.38,1110,6733,-5675,925
499,CFG,2020-10-01,0 days 15:56:35.266120,164364,25.41,25.4,3601,1642,1595,-205
500,CFG,2020-10-01,0 days 15:57:31.267476,166171,25.41,25.4,1352,5289,-5493,7
501,CFG,2020-10-01,0 days 15:59:07.272301,182573,25.43,25.42,256,6429,1767,-1511
502,CFG,2020-10-01,0 days 15:59:16.272085,198473,25.46,25.44,4718,6500,873,-2327
503,CFG,2020-10-01,0 days 15:59:18.273037,199246,25.44,25.43,5528,833,-33501,873
504,CGC,2020-10-01,0 days 15:56:14.235304,23683,14.19,14.18,3085,780,1451,-449
505,CGC,2020-10-01,0 days 15:56:15.235373,22934,14.19,14.18,2985,960,-749,1451
506,CGC,2020-10-01,0 days 15:57:39.239538,24483,14.2,14.19,2185,1130,753,-1247
507,CGC,2020-10-01,0 days 15:57:40.240026,23736,14.2,14.19,2785,1130,-747,753
508,CGC,2020-10-01,0 days 15:59:16.243461,25026,14.21,14.2,900,1086,3137,-755
509,CHWY,2020-10-01,0 days 15:55:35.235355,79282,58.94,58.87,501,900,-5232,16468
510,CHWY,2020-10-01,0 days 15:55:36.235188,76214,58.94,58.87,501,900,3068,-5232
511,CHWY,2020-10-01,0 days 15:59:17.242214,83579,58.95,58.91,400,200,-300,2348
512,CHWY,2020-10-01,0 days 15:59:21.242608,81917,58.93,58.91,489,300,1662,-300
513,CHWY,2020-10-01,0 days 15:59:46.245777,84779,58.98,58.9,100,300,-1568,1012
514,CHWY,2020-10-01,0 days 15:59:48.245040,83133,58.97,58.9,493,100,446,-9254
515,CI,2020-10-01,0 days 15:58:46.224133,126304,167.3,167.2,100,527,4547,-6353
516,CI,2020-10-01,0 days 15:58:47.224131,125651,167.3,167.2,253,527,-653,4547
517,CI,2020-10-01,0 days 15:59:01.224859,132438,167.35,167.28,100,234,509,-852
518,CI,2020-10-01,0 days 15:59:12.225221,136599,167.42,167.35,100,502,8068,-2959
519,CI,2020-10-01,0 days 15:59:18.218668,145343,167.53,167.43,100,100,-294,5314
520,CI,2020-10-01,0 days 15:59:22.218529,145637,167.53,167.39,100,100,86,-14
521,CI,2020-10-01,0 days 15:59:30.222581,145828,167.46,167.39,200,100,-243,91
522,CI,2020-10-01,0 days 15:59:49.221552,149111,167.49,167.3,100,100,2708,-2781
523,CIM,2020-10-01,0 days 15:59:47.220458,169195,8.25,8.24,21229,15305,7037,-2530
524,CIM,2020-10-01,0 days 15:59:48.221436,165432,8.25,8.24,20599,18005,-3763,7037
525,CIT,2020-10-01,0 days 15:52:38.102953,129817,18.57,18.56,2582,623,678,-99322
526,CIT,2020-10-01,0 days 15:57:00.108886,163655,18.7,18.68,1402,2033,-5116,7184
527,CIT,2020-10-01,0 days 15:57:01.109441,162971,18.69,18.68,1930,1313,684,-5116
528,CIT,2020-10-01,0 days 15:58:23.113303,168292,18.67,18.65,1088,1929,-444,556
529,CIT,2020-10-01,0 days 15:58:24.113307,166336,18.67,18.66,388,2641,1556,-444
530,CIT,2020-10-01,0 days 15:59:47.116616,169701,18.71,18.7,300,2900,9780,-23
531,CLDR,2020-10-01,0 days 15:56:14.108022,123595,10.87,10.86,5035,11147,1068,-832
532,CLDR,2020-10-01,0 days 15:56:15.107522,120163,10.87,10.86,4986,11087,-3432,1068
533,CLDR,2020-10-01,0 days 15:57:17.109461,131420,10.88,10.87,7627,5304,4252,-3328
534,CLDR,2020-10-01,0 days 15:57:18.108990,127972,10.88,10.87,7327,5561,-3448,4252
535,CLDR,2020-10-01,0 days 15:59:05.115996,134925,10.89,10.88,5406,6669,218,-18644
536,CLDR,2020-10-01,0 days 15:59:12.115065,135143,10.89,10.88,3997,11271,-2191,218
537,CLDR,2020-10-01,0 days 15:59:14.116117,137734,10.89,10.88,3797,8578,6992,-2191
538,CLDR,2020-10-01,0 days 15:59:15.113791,136226,10.89,10.88,3697,9449,-1108,6992
539,CLF,2020-10-01,0 days 15:59:40.242896,453488,6.72,6.71,9431,59075,34340,-1527
540,CLF,2020-10-01,0 days 15:59:41.242875,445228,6.72,6.71,7231,59975,-8260,34340
541,CLNY,2020-10-01,0 days 15:55:26.247978,323490,2.83,2.82,29862,24008,11638,-19562
542,CLNY,2020-10-01,0 days 15:55:27.247945,305028,2.83,2.82,27382,24408,-18462,11638
543,CLNY,2020-10-01,0 days 15:59:05.254985,350388,2.84,2.83,11848,53805,13339,-4019
544,CLR,2020-10-01,0 days 15:59:54.257589,166439,11.76,11.75,972,1900,8519,-5027
545,CNK,2020-10-01,0 days 15:57:34.254016,83370,10.05,10.04,1109,6477,2241,-3659
546,CNK,2020-10-01,0 days 15:57:43.254905,88556,10.06,10.05,4315,4231,-7514,2241
547,CNK,2020-10-01,0 days 15:57:44.256040,87970,10.06,10.05,4114,4807,586,-7514
548,CNK,2020-10-01,0 days 15:57:50.254681,88556,10.06,10.05,3115,5650,-207,493
549,CNK,2020-10-01,0 days 15:57:51.255095,88063,10.06,10.05,3815,5128,493,-207
550,CNK,2020-10-01,0 days 15:57:58.255357,88556,10.06,10.05,3115,5885,-207,493
551,CNK,2020-10-01,0 days 15:58:01.256340,84163,10.06,10.05,3023,3400,1644,-1156
552,CNK,2020-10-01,0 days 15:59:43.260746,115041,10.08,10.07,5600,3698,551,-4249
553,CNK,2020-10-01,0 days 15:59:48.259951,113813,10.08,10.07,5474,2362,-1228,2472
554,CNP,2020-10-01,0 days 15:55:00.237582,256315,19.36,19.35,796,15708,22543,-1893
555,CNP,2020-10-01,0 days 15:55:43.240483,278740,19.37,19.36,6101,14299,-10118,1153
556,CNP,2020-10-01,0 days 15:55:44.238799,277758,19.37,19.36,6104,13965,982,-10118
557,CNP,2020-10-01,0 days 15:57:46.243267,279873,19.39,19.38,7445,9494,-1357,956
558,CNP,2020-10-01,0 days 15:57:47.243242,271630,19.39,19.38,8275,7107,8201,-1357
559,CNP,2020-10-01,0 days 15:57:56.241614,284321,19.39,19.38,8785,7249,-1409,1191
560,CNP,2020-10-01,0 days 15:57:57.241311,283130,19.39,19.38,8785,7249,1191,-1409
561,CNP,2020-10-01,0 days 15:57:59.241779,284321,19.39,19.38,8645,8070,-2009,1191
562,CNP,2020-10-01,0 days 15:58:00.243952,283930,19.39,19.38,10129,7635,391,-2009
563,CNP,2020-10-01,0 days 15:58:03.242574,284321,19.39,19.38,7386,9435,-1509,1091
564,CNP,2020-10-01,0 days 15:58:04.242568,283230,19.39,19.38,10197,8171,1220,-1509
565,CNP,2020-10-01,0 days 15:58:29.243637,288957,19.39,19.38,10506,7157,-482,1418
566,CNP,2020-10-01,0 days 15:58:31.243724,287539,19.39,19.38,10506,7057,1418,-282
567,CNP,2020-10-01,0 days 15:58:47.245288,287639,19.4,19.39,9292,2959,1318,-82
568,CNP,2020-10-01,0 days 15:58:58.244860,289322,19.4,19.39,9272,10283,-330,1616
569,CNP,2020-10-01,0 days 15:58:59.244463,288152,19.4,19.39,8973,10805,1170,-330
570,CNQ,2020-10-01,0 days 15:56:10.289983,39657,15.51,15.5,2424,13604,-300,615
571,CNQ,2020-10-01,0 days 15:56:11.289933,37657,15.51,15.5,3461,13380,2000,-300
572,CNQ,2020-10-01,0 days 15:57:17.291838,41357,15.51,15.5,1200,14090,-345,655
573,CNQ,2020-10-01,0 days 15:57:18.291669,39602,15.51,15.5,1500,14040,1755,-345
574,CNQ,2020-10-01,0 days 15:58:02.295531,39933,15.52,15.51,2972,13554,-314,1063
575,CNQ,2020-10-01,0 days 15:58:03.295850,38994,15.52,15.51,3072,13154,639,-314
576,CNQ,2020-10-01,0 days 15:59:07.298488,38688,15.55,15.54,5871,11001,119,-996
577,COF,2020-10-01,0 days 15:55:43.234832,203429,72.77,72.72,400,300,93,-3758
578,COF,2020-10-01,0 days 15:56:10.233451,199025,72.74,72.72,300,257,-4908,93
579,COF,2020-10-01,0 days 15:59:10.239912,215993,72.92,72.9,219,100,-3385,3405
580,COF,2020-10-01,0 days 15:59:49.243270,227197,72.94,72.9,200,100,-424,476
581,COG,2020-10-01,0 days 15:55:26.248106,280040,16.85,16.84,3829,4028,12088,-7652
582,COG,2020-10-01,0 days 15:55:27.248027,274228,16.85,16.84,3927,4828,-5812,12088
583,COG,2020-10-01,0 days 15:57:34.250050,303507,16.85,16.84,3838,3020,2911,-2789
584,COG,2020-10-01,0 days 15:57:35.250524,301018,16.85,16.84,3423,4220,-2489,2911
585,COG,2020-10-01,0 days 15:57:37.250757,303607,16.85,16.84,4029,3120,1511,-2589
586,COG,2020-10-01,0 days 15:57:38.250068,301718,16.85,16.84,5082,2820,-1889,1511
587,COG,2020-10-01,0 days 15:57:42.250654,303607,16.85,16.84,6682,2655,3611,-1889
588,COG,2020-10-01,0 days 15:57:43.250658,309618,16.85,16.84,6671,2855,-4889,3611
589,COG,2020-10-01,0 days 15:59:15.255287,318280,16.85,16.84,4935,5879,3556,-3674
590,COG,2020-10-01,0 days 15:59:17.255463,315836,16.85,16.84,4835,6575,-2444,4656
591,COG,2020-10-01,0 days 15:59:37.256409,336870,16.87,16.86,5100,4513,4044,-9379
592,COG,2020-10-01,0 days 15:59:38.255922,333914,16.87,16.86,4500,5694,-3166,4044
593,COG,2020-10-01,0 days 15:59:47.256848,337080,16.87,16.86,2562,8961,8358,-902
594,COP,2020-10-01,0 days 15:55:30.253531,439038,32.41,32.4,3247,2418,44,-756
595,COP,2020-10-01,0 days 15:55:45.253069,439438,32.43,32.42,1760,2081,2761,-259
596,COP,2020-10-01,0 days 15:55:46.253390,433199,32.43,32.42,1373,2196,-6239,2761
597,COP,2020-10-01,0 days 15:59:15.259795,516062,32.48,32.47,1662,1215,29348,-7667
598,COP,2020-10-01,0 days 15:59:16.259777,510810,32.49,32.48,950,1832,-5252,29348
599,COP,2020-10-01,0 days 15:59:18.259626,548048,32.48,32.47,1498,200,4162,-2252
600,COP,2020-10-01,0 days 15:59:19.259519,543610,32.48,32.47,1098,1400,-4438,4162
601,COP,2020-10-01,0 days 15:59:40.261314,567616,32.48,32.47,1600,3139,-2858,4642
602,COP,2020-10-01,0 days 15:59:47.259479,585196,32.49,32.48,3369,600,10172,-6868
603,COP,2020-10-01,0 days 15:59:48.259865,582459,32.49,32.48,1440,2709,-6559,10172
604,CPB,2020-10-01,0 days 15:59:09.272035,245662,48.6,48.59,841,431,-507,2550
605,CPB,2020-10-01,0 days 15:59:12.272113,243269,48.6,48.59,1054,805,1493,-507
606,CPB,2020-10-01,0 days 15:59:18.272709,249975,48.61,48.59,200,300,-15603,1805
607,CPB,2020-10-01,0 days 15:59:35.273259,264989,48.55,48.53,870,1201,192,-8449
608,CPE,2020-10-01,0 days 15:55:00.106362,35963,4.81,4.8,7600,5044,-450,3069
609,CPE,2020-10-01,0 days 15:56:09.108108,36413,4.81,4.8,1000,7941,544,-450
610,CPE,2020-10-01,0 days 15:57:20.109188,37352,4.81,4.8,9375,5660,-361,39
611,CPE,2020-10-01,0 days 15:58:07.112550,38417,4.81,4.8,11917,400,858,-344
612,CPE,2020-10-01,0 days 15:59:00.119270,39149,4.82,4.81,3100,6607,-2077,2543
613,CPE,2020-10-01,0 days 15:59:16.113367,42252,4.82,4.81,3100,6054,3273,-1277
614,CPE,2020-10-01,0 days 15:59:30.118986,47418,4.82,4.81,8857,6353,-234,366
615,CPK,2020-10-01,0 days 15:55:00.107320,22506,83.54,83.46,287,100,10211,-3778
616,CPRI,2020-10-01,0 days 15:59:00.240823,116690,18.11,18.1,700,2898,-2159,568
617,CPRI,2020-10-01,0 days 15:59:01.238882,110749,18.11,18.1,1300,3198,2003,-2159
618,CPRI,2020-10-01,0 days 15:59:06.238106,110051,18.11,18.1,3310,1784,-698,2003
619,CPRI,2020-10-01,0 days 15:59:07.238795,108249,18.11,18.1,3400,1784,1593,-698
620,CPRI,2020-10-01,0 days 15:59:39.241241,112471,18.1,18.09,500,3742,1323,-656
621,CPRI,2020-10-01,0 days 15:59:46.243516,113794,18.11,18.09,3290,3969,-5141,1323
622,CPRI,2020-10-01,0 days 15:59:47.243277,112735,18.11,18.1,1100,2236,1059,-5141
623,CRK,2020-10-01,0 days 15:58:59.242515,69317,4.35,4.34,2524,3821,-1932,2338
624,CRK,2020-10-01,0 days 15:59:00.245551,66849,4.35,4.34,2524,3556,2468,-1932
625,CRK,2020-10-01,0 days 15:59:08.242690,70245,4.35,4.34,3750,2814,-173,3196
626,CRK,2020-10-01,0 days 15:59:13.243178,70418,4.35,4.34,3760,3214,527,-173
627,CRK,2020-10-01,0 days 15:59:36.243509,73735,4.35,4.34,5514,3968,-759,1631
628,CRK,2020-10-01,0 days 15:59:39.243606,72694,4.35,4.34,6538,3539,1041,-4759
629,CRK,2020-10-01,0 days 15:59:41.244181,73735,4.35,4.34,7609,2900,-343,1041
630,CRK,2020-10-01,0 days 15:59:46.245826,72978,4.35,4.34,3385,6826,757,-3043
631,CRM,2020-10-01,0 days 15:55:44.239171,345228,253.24,253.16,500,200,162,-4435
632,CRM,2020-10-01,0 days 15:55:45.239847,341590,253.21,253.16,600,200,-3638,162
633,CRM,2020-10-01,0 days 15:56:17.239995,348570,253.24,253.2,100,700,15081,-6267
634,CRM,2020-10-01,0 days 15:56:18.240116,346751,253.25,253.23,300,400,-1819,15081
635,CRM,2020-10-01,0 days 15:57:43.243157,361776,253.39,253.37,400,874,890,-1810
636,CRM,2020-10-01,0 days 15:57:44.244205,358766,253.37,253.3,600,200,-2410,890
637,CRM,2020-10-01,0 days 15:57:49.243541,358710,253.33,253.32,200,100,1056,-3110
638,CRM,2020-10-01,0 days 15:57:55.243723,362576,253.36,253.28,100,618,2090,-3110
639,CRM,2020-10-01,0 days 15:57:56.243252,360117,253.34,253.28,200,518,-2459,2090
640,CRM,2020-10-01,0 days 15:58:07.242863,355807,253.29,253.25,524,500,-2742,1758
641,CRM,2020-10-01,0 days 15:59:13.246252,372772,253.46,253.4,102,200,6876,-7409
642,CRM,2020-10-01,0 days 15:59:18.244948,397349,253.52,253.46,400,100,-1327,10159
643,CRM,2020-10-01,0 days 15:59:42.246327,414998,253.57,253.51,300,300,712,-4864
644,CRM,2020-10-01,0 days 15:59:46.247844,413351,253.54,253.46,200,400,-1216,3553
645,CRM,2020-10-01,0 days 15:59:55.247792,419655,253.5,253.35,2201,200,21062,-5335
646,CRM,2020-10-01,0 days 15:59:59.246597,415397,253.51,253.37,100,100,-4258,21450
647,CRM,2020-10-01,0 days 16:00:00.247154,419267,253.55,253.22,100,100,21450,-4258
648,CS,2020-10-01,0 days 15:59:36.219860,38750,9.91,9.9,38536,101675,-12071,14829
649,CS,2020-10-01,0 days 15:59:37.219567,38321,9.91,9.9,34536,100625,429,-12071
650,CS,2020-10-01,0 days 15:59:48.221632,38368,9.91,9.9,34036,92529,382,-218
651,CTVA,2020-10-01,0 days 15:59:05.240531,655352,28.74,28.73,994,100,3435,-19869
652,CTVA,2020-10-01,0 days 15:59:06.239784,638387,28.74,28.73,400,700,-12846,3435
653,CTVA,2020-10-01,0 days 15:59:48.244050,727731,28.72,28.71,919,419,-5633,8971
654,CVS,2020-10-01,0 days 15:55:58.264974,346534,57.73,57.72,908,1880,1458,-742
655,CVS,2020-10-01,0 days 15:57:37.267082,358972,57.74,57.73,902,4333,-361,5439
656,CVS,2020-10-01,0 days 15:57:39.267788,357133,57.74,57.73,1099,4238,1839,-1361
657,CVS,2020-10-01,0 days 15:57:43.267697,367572,57.74,57.73,1373,4053,-2461,3239
658,CVS,2020-10-01,0 days 15:57:44.268764,364933,57.74,57.73,1102,4653,2639,-2461
659,CVS,2020-10-01,0 days 15:59:46.275603,469437,57.83,57.82,100,2736,1853,-6475
660,CVX,2020-10-01,0 days 15:55:00.217552,674074,70.32,70.3,1465,1212,-26146,58479
661,CVX,2020-10-01,0 days 15:55:35.219161,703260,70.31,70.3,1148,600,15631,-4277
662,CVX,2020-10-01,0 days 15:55:36.219693,702391,70.33,70.31,421,900,-869,15631
663,CVX,2020-10-01,0 days 15:55:45.219411,703260,70.36,70.35,200,400,1772,-982
664,CVX,2020-10-01,0 days 15:56:02.219449,693268,70.4,70.38,1004,1267,-9992,1565
665,CVX,2020-10-01,0 days 15:57:35.219535,733946,70.42,70.4,800,1157,6323,-8277
666,CVX,2020-10-01,0 days 15:57:36.220223,736269,70.42,70.4,1300,1357,-2677,6323
667,CVX,2020-10-01,0 days 15:57:43.220371,741846,70.42,70.41,853,1075,2023,-1777
668,CVX,2020-10-01,0 days 15:57:44.221730,739769,70.44,70.43,400,100,-2077,2023
669,CVX,2020-10-01,0 days 15:57:51.221153,747446,70.41,70.4,700,300,7258,-2677
670,CVX,2020-10-01,0 days 15:57:52.220415,744904,70.41,70.4,400,800,-2542,7258
671,CVX,2020-10-01,0 days 15:58:18.222832,746925,70.42,70.41,1400,358,424,-4010
672,CVX,2020-10-01,0 days 15:58:19.223624,742949,70.42,70.41,801,458,-3976,424
673,CVX,2020-10-01,0 days 15:59:05.226123,764341,70.47,70.45,900,600,6922,-15993
674,CVX,2020-10-01,0 days 15:59:13.225457,764672,70.45,70.43,400,600,33857,-5406
675,CVX,2020-10-01,0 days 15:59:18.218668,799744,70.43,70.41,790,200,-11968,36288
676,CVX,2020-10-01,0 days 15:59:28.218470,819429,70.43,70.41,197,577,466,-3834
677,CVX,2020-10-01,0 days 15:59:29.218739,818572,70.45,70.42,1311,142,-857,466
678,CVX,2020-10-01,0 days 15:59:30.222581,819429,70.45,70.42,811,587,10925,-857
679,CVX,2020-10-01,0 days 15:59:31.219539,819054,70.46,70.44,100,400,-3305,10925
680,CVX,2020-10-01,0 days 15:59:35.219341,824359,70.47,70.44,200,977,12545,-15899
681,CVX,2020-10-01,0 days 15:59:36.219860,821704,70.47,70.45,300,915,-2655,12545
682,CVX,2020-10-01,0 days 15:59:46.222055,854755,70.51,70.47,500,1200,16075,-17965
683,CVX,2020-10-01,0 days 15:59:47.220731,854130,70.51,70.48,500,576,-5328,16075
684,CVX,2020-10-01,0 days 15:59:49.221552,859458,70.48,70.47,100,310,694,-1256
685,CVX,2020-10-01,0 days 15:59:51.222155,857852,70.47,70.43,100,1955,-1206,50275
686,CVX,2020-10-01,0 days 15:59:53.222248,850258,70.47,70.43,100,1855,7594,-4606
687,CX,2020-10-01,0 days 15:58:09.295491,93220,3.73,3.72,107486,69377,-4964,19201
688,D,2020-10-01,0 days 15:55:00.231637,700816,78.67,78.63,1100,100,-11655,387235
689,D,2020-10-01,0 days 15:55:06.231847,712471,78.61,78.59,100,501,336,-958
690,D,2020-10-01,0 days 15:55:07.231786,711386,78.62,78.6,900,300,-1085,336
691,D,2020-10-01,0 days 15:55:43.234926,715764,78.63,78.6,300,741,4596,-2402
692,D,2020-10-01,0 days 15:55:44.233239,715260,78.63,78.6,1100,841,-504,4596
693,D,2020-10-01,0 days 15:55:47.233581,715764,78.61,78.59,600,333,790,-504
694,D,2020-10-01,0 days 15:55:48.233078,715454,78.6,78.58,200,514,-310,790
695,D,2020-10-01,0 days 15:56:29.233986,719047,78.67,78.64,200,500,132,-1087
696,D,2020-10-01,0 days 15:56:30.234524,718379,78.67,78.64,100,843,-668,132
697,D,2020-10-01,0 days 15:57:41.235807,719182,78.62,78.6,204,500,15660,-4613
698,D,2020-10-01,0 days 15:57:49.235916,720887,78.65,78.63,100,239,4582,-118
699,D,2020-10-01,0 days 15:57:50.235824,715569,78.65,78.63,700,240,-5318,4582
700,D,2020-10-01,0 days 15:57:52.236079,720887,78.63,78.6,481,400,19577,-4423
701,D,2020-10-01,0 days 15:57:54.235957,714976,78.63,78.61,581,342,-5911,11989
702,D,2020-10-01,0 days 15:58:10.238037,713900,78.64,78.62,100,1095,-6987,10513
703,D,2020-10-01,0 days 15:59:13.240364,869307,78.65,78.64,100,100,11063,-15024
704,D,2020-10-01,0 days 15:59:14.240257,861621,78.65,78.64,100,100,-7686,11063
705,D,2020-10-01,0 days 15:59:19.240542,881920,78.62,78.6,200,100,14378,-8599
706,D,2020-10-01,0 days 15:59:20.240760,878771,78.62,78.61,100,200,-3149,14378
707,D,2020-10-01,0 days 15:59:28.241276,885671,78.59,78.58,550,213,42,-4170
708,D,2020-10-01,0 days 15:59:29.240855,885713,78.61,78.59,200,100,-114,42
709,D,2020-10-01,0 days 15:59:39.241829,888734,78.63,78.61,200,105,8884,-8651
710,D,2020-10-01,0 days 15:59:40.242771,883918,78.63,78.61,200,100,-5216,8884
711,DAL,2020-10-01,0 days 15:57:33.266902,274438,31.07,31.06,2116,7282,1736,-3664
712,DAL,2020-10-01,0 days 15:57:34.266869,270874,31.07,31.06,1471,7632,-664,1736
713,DAL,2020-10-01,0 days 15:59:15.272949,267182,31.09,31.08,3788,6057,-3046,28225
714,DAL,2020-10-01,0 days 15:59:16.272073,272528,31.09,31.08,4678,5657,2054,-3046
715,DB,2020-10-01,0 days 15:59:36.273820,69996,8.37,8.36,75394,69986,7315,-8685
716,DB,2020-10-01,0 days 15:59:37.273911,69511,8.37,8.36,71994,70086,-485,7315
717,DB,2020-10-01,0 days 15:59:46.276144,69996,8.37,8.36,65895,67632,515,-485
718,DB,2020-10-01,0 days 15:59:47.275245,69511,8.37,8.36,65895,67632,-485,515
719,DD,2020-10-01,0 days 15:59:46.117649,509565,54.56,54.54,100,500,11069,-4959
720,DD,2020-10-01,0 days 15:59:47.117031,506137,54.58,54.56,700,100,-3730,11069
721,DD,2020-10-01,0 days 15:59:49.116411,510367,54.58,54.56,200,200,1978,-12670
722,DD,2020-10-01,0 days 15:59:50.118918,450945,54.58,54.56,200,290,-58922,1978
723,DDD,2020-10-01,0 days 15:59:47.115772,94462,4.88,4.87,11056,11453,-908,2492
724,DFS,2020-10-01,0 days 15:59:07.225112,358891,58.88,58.86,248,664,-209,4560
725,DFS,2020-10-01,0 days 15:59:13.225398,361036,58.88,58.86,965,264,1772,-845
726,DFS,2020-10-01,0 days 15:59:34.219108,363773,58.9,58.87,400,100,-16110,1888
727,DFS,2020-10-01,0 days 15:59:35.219255,358083,58.89,58.86,211,300,5690,-16110
728,DHI,2020-10-01,0 days 15:58:00.252392,315470,77.54,77.52,207,541,-648,2695
729,DHI,2020-10-01,0 days 15:58:01.252468,312291,77.55,77.54,200,500,3179,-648
730,DHI,2020-10-01,0 days 15:58:03.251976,313953,77.57,77.55,500,500,-2438,1979
731,DHI,2020-10-01,0 days 15:58:08.251870,310304,77.58,77.55,605,687,3833,-9
732,DHI,2020-10-01,0 days 15:58:55.252977,310255,77.58,77.55,205,500,3746,-754
733,DHI,2020-10-01,0 days 15:59:11.254629,308887,77.57,77.55,434,802,1898,-4400
734,DHI,2020-10-01,0 days 15:59:35.254860,318860,77.55,77.53,700,200,-5149,41
735,DHI,2020-10-01,0 days 15:59:38.255732,295620,77.55,77.53,600,400,21723,-3786
736,DHI,2020-10-01,0 days 15:59:44.257250,318285,77.59,77.56,300,300,-152,2826
737,DHR,2020-10-01,0 days 15:55:00.231522,166379,214.07,213.94,110,100,2178,-25299
738,DHR,2020-10-01,0 days 15:55:01.231222,163757,214.1,213.91,100,100,-2622,2178
739,DHR,2020-10-01,0 days 15:55:59.233070,167715,214.27,214.19,200,205,27042,-2533
740,DHR,2020-10-01,0 days 15:58:01.236758,191380,214.35,214.28,673,100,-593,1062
741,DHR,2020-10-01,0 days 15:58:02.236825,189273,214.35,214.28,673,100,2107,-593
742,DHR,2020-10-01,0 days 15:59:18.240370,223409,214.58,214.33,100,200,-234,3297
743,DHR,2020-10-01,0 days 15:59:30.243646,223536,214.53,214.46,125,100,-952,1232
744,DHR,2020-10-01,0 days 15:59:31.241889,221028,214.53,214.46,125,100,2508,-952
745,DHR,2020-10-01,0 days 15:59:47.243389,224758,214.63,214.55,100,200,-236,58
746,DHR,2020-10-01,0 days 15:59:48.243779,223604,214.6,214.52,100,300,1154,-236
747,DIS,2020-10-01,0 days 15:55:00.263535,760605,123.27,123.26,300,212,-183,42090
748,DIS,2020-10-01,0 days 15:55:02.261869,760088,123.26,123.25,200,1705,517,-183
749,DIS,2020-10-01,0 days 15:56:03.265308,766378,123.26,123.24,200,506,-3045,3255
750,DIS,2020-10-01,0 days 15:56:09.265240,765623,123.24,123.23,600,1609,1056,-910
751,DIS,2020-10-01,0 days 15:56:13.265139,766679,123.27,123.25,100,200,-523,113
752,DIS,2020-10-01,0 days 15:56:29.265824,766757,123.23,123.22,800,612,867,-67
753,DIS,2020-10-01,0 days 15:56:32.266049,766690,123.28,123.26,100,700,-67,867
754,DIS,2020-10-01,0 days 15:56:52.266939,765966,123.27,123.26,1200,604,724,-376
755,DIS,2020-10-01,0 days 15:59:01.273450,801179,123.39,123.37,1100,1247,-604,4509
756,DIS,2020-10-01,0 days 15:59:34.273359,937125,123.29,123.27,300,982,15626,-11924
757,DIS,2020-10-01,0 days 15:59:35.273512,930564,123.31,123.3,200,100,-10161,15626
758,DIS,2020-10-01,0 days 15:59:50.279169,949858,123.31,123.3,400,100,-1533,15167
759,DRE,2020-10-01,0 days 15:59:45.259441,411345,37.5,37.49,774,1208,-1180,15953
760,DRH,2020-10-01,0 days 15:59:05.115902,209909,5.25,5.24,8641,9044,-1188,1939
761,DRH,2020-10-01,0 days 15:59:16.113367,205064,5.25,5.24,8113,7637,3789,-15287
762,DRH,2020-10-01,0 days 15:59:47.116527,210165,5.25,5.24,17303,7563,-870,457
763,DRH,2020-10-01,0 days 15:59:48.118232,208785,5.25,5.24,14130,8563,1380,-870
764,DRI,2020-10-01,0 days 15:55:00.233304,101810,104.51,104.45,896,100,10030,-27960
765,DRI,2020-10-01,0 days 15:56:30.235047,124019,104.6,104.57,309,400,-44,56
766,DRI,2020-10-01,0 days 15:56:32.235730,120663,104.6,104.57,383,400,3356,-44
767,DRI,2020-10-01,0 days 15:57:40.239623,124246,104.71,104.69,400,300,-164,736
768,DRI,2020-10-01,0 days 15:57:41.239433,123410,104.7,104.67,440,110,836,-164
769,DRI,2020-10-01,0 days 15:57:45.239437,124246,104.69,104.67,100,229,-64,736
770,DRI,2020-10-01,0 days 15:57:48.238940,122895,104.7,104.67,340,229,1351,-264
771,DRI,2020-10-01,0 days 15:57:49.238790,124246,104.7,104.67,340,229,-549,1351
772,DRI,2020-10-01,0 days 15:57:50.238708,122695,104.7,104.67,340,529,1551,-549
773,DRI,2020-10-01,0 days 15:58:01.239668,123997,104.71,104.67,100,556,242,-158
774,DRI,2020-10-01,0 days 15:58:48.241096,124223,104.86,104.83,100,100,-2306,94
775,DRI,2020-10-01,0 days 15:59:04.241945,126606,104.84,104.82,100,410,2394,-833
776,DRI,2020-10-01,0 days 15:59:09.242167,129000,104.87,104.85,100,100,-84,94
777,DRI,2020-10-01,0 days 15:59:13.243013,134684,104.9,104.84,119,568,374,-76
778,DT,2020-10-01,0 days 15:57:34.253991,125727,41.44,41.43,341,300,846,-354
779,DT,2020-10-01,0 days 15:57:35.254119,125373,41.44,41.43,142,600,-354,846
780,DT,2020-10-01,0 days 15:57:37.254375,125727,41.44,41.42,142,100,246,-173
781,DT,2020-10-01,0 days 15:57:38.254296,125373,41.44,41.42,142,100,-173,246
782,DT,2020-10-01,0 days 15:57:42.254405,125727,41.44,41.42,142,100,146,-73
783,DT,2020-10-01,0 days 15:57:46.254875,124873,41.43,41.4,100,100,-92,2446
784,DT,2020-10-01,0 days 15:57:48.254672,125546,41.43,41.4,100,200,467,-92
785,DT,2020-10-01,0 days 15:57:50.254666,124213,41.42,41.4,100,300,-390,767
786,DT,2020-10-01,0 days 15:58:06.256776,127459,41.44,41.42,200,200,-811,1286
787,DT,2020-10-01,0 days 15:58:19.256930,129287,41.44,41.36,200,150,1022,-721
788,DT,2020-10-01,0 days 15:59:02.259290,137383,41.41,41.37,100,476,-1126,5800
789,DT,2020-10-01,0 days 15:59:12.259628,144952,41.4,41.36,534,100,1122,-1269
790,DT,2020-10-01,0 days 15:59:13.259977,141874,41.39,41.35,356,100,-3078,1122
791,DT,2020-10-01,0 days 15:59:35.260030,150246,41.47,41.39,100,509,10533,-946
792,DT,2020-10-01,0 days 15:59:36.260347,149979,41.47,41.39,100,509,-267,10533
793,DT,2020-10-01,0 days 15:59:41.261500,150246,41.54,41.45,100,400,3733,-1273
794,DT,2020-10-01,0 days 15:59:43.260730,148079,41.5,41.43,200,108,-2167,2733
795,DT,2020-10-01,0 days 15:59:45.262268,150246,41.53,41.43,300,508,1233,-2667
796,DT,2020-10-01,0 days 15:59:54.260595,144789,41.52,41.3,500,800,18033,-2078
797,DUK,2020-10-01,0 days 15:59:05.259619,332526,90.01,89.99,1000,100,24952,-10860
798,DVN,2020-10-01,0 days 15:59:15.240864,545770,9.11,9.1,12514,37824,3601,-10523
799,DVN,2020-10-01,0 days 15:59:18.240566,534185,9.11,9.1,11158,35109,-9785,8415
800,DVN,2020-10-01,0 days 15:59:37.242491,545976,9.12,9.11,10061,32905,180,-11907
801,DVN,2020-10-01,0 days 15:59:46.244307,550469,9.12,9.11,19858,700,-1847,13495
802,DVN,2020-10-01,0 days 15:59:47.243649,554116,9.12,9.11,18458,6800,2099,-1847
803,DXC,2020-10-01,0 days 15:57:44.111520,182568,18.77,18.76,1937,3921,-1064,836
804,DXC,2020-10-01,0 days 15:57:45.111358,180232,18.77,18.76,1937,4314,2336,-1064
805,DXC,2020-10-01,0 days 15:57:48.113513,179132,18.77,18.76,3122,2820,3436,-364
806,DXC,2020-10-01,0 days 15:58:02.114621,183737,18.77,18.76,1248,2721,-3895,1818
807,DXC,2020-10-01,0 days 15:58:03.113672,183732,18.77,18.76,1848,2368,5,-3895
808,DXC,2020-10-01,0 days 15:59:29.114375,211895,18.79,18.78,2855,4328,-3042,3598
809,DXC,2020-10-01,0 days 15:59:30.119386,208837,18.79,18.78,2255,3628,3058,-3042
810,DXC,2020-10-01,0 days 15:59:46.117738,217612,18.8,18.79,1023,4563,-2331,2101
811,DXC,2020-10-01,0 days 15:59:47.117167,215443,18.8,18.79,1023,3763,2169,-2331
812,ELAN,2020-10-01,0 days 15:57:34.292588,123138,27.51,27.5,1757,200,-386,814
813,ELAN,2020-10-01,0 days 15:57:35.293107,121924,27.51,27.5,1848,1100,1214,-386
814,ELAN,2020-10-01,0 days 15:57:38.293165,123138,27.51,27.5,1748,1128,-416,384
815,ELAN,2020-10-01,0 days 15:57:39.293530,120954,27.51,27.5,1748,1128,2184,-416
816,ELAN,2020-10-01,0 days 15:58:14.296165,124642,27.52,27.51,997,1747,-284,1316
817,ELAN,2020-10-01,0 days 15:58:15.295601,123526,27.52,27.51,1234,1592,1116,-284
818,ELAN,2020-10-01,0 days 15:58:59.297403,124753,27.54,27.53,1023,1605,-2978,253
819,ELAN,2020-10-01,0 days 15:59:05.298447,125557,27.53,27.52,1617,281,-27754,626
820,ELAN,2020-10-01,0 days 15:59:23.284656,125220,27.53,27.52,1912,424,625,-2075
821,ELS,2020-10-01,0 days 15:55:01.106681,144455,63.48,63.45,200,500,-1320,480
822,ELS,2020-10-01,0 days 15:55:58.107627,144965,63.59,63.54,200,200,85,-1415
823,ELS,2020-10-01,0 days 15:55:59.107234,144350,63.59,63.55,200,200,-615,85
824,ELS,2020-10-01,0 days 15:56:29.108492,95865,63.63,63.59,200,100,47843,-157
825,ELS,2020-10-01,0 days 15:59:04.115844,154178,63.72,63.63,100,677,-583,2817
826,ELS,2020-10-01,0 days 15:59:08.115225,148070,63.68,63.63,100,777,5613,-978
827,ELS,2020-10-01,0 days 15:59:47.116670,162134,63.73,63.62,100,100,2064,-4304
828,ELS,2020-10-01,0 days 16:00:00.165364,160230,63.83,63.61,281,300,-2448,2817
829,EMR,2020-10-01,0 days 15:59:19.114509,261074,64.57,64.55,500,250,367,-6829
830,EMR,2020-10-01,0 days 15:59:31.115501,264949,64.63,64.62,100,708,-795,1205
831,EMR,2020-10-01,0 days 15:59:46.117214,277548,64.63,64.62,100,181,4454,-6309
832,EMR,2020-10-01,0 days 15:59:47.116483,272041,64.65,64.63,100,720,-5507,4454
833,ENB,2020-10-01,0 days 15:55:07.252732,41007,29.03,29.02,1600,4921,-23457,401
834,ENB,2020-10-01,0 days 15:57:52.255034,65553,29.04,29.03,9710,2207,333,-667
835,ENB,2020-10-01,0 days 15:57:53.255200,64686,29.04,29.03,8300,2620,-867,333
836,ENB,2020-10-01,0 days 15:58:06.256776,65853,29.04,29.03,4200,3913,133,-1067
837,ENB,2020-10-01,0 days 15:58:07.256384,64986,29.04,29.03,5411,2713,-867,133
838,ENB,2020-10-01,0 days 15:58:08.256458,65853,29.04,29.03,5111,3014,133,-867
839,ENB,2020-10-01,0 days 15:58:09.256648,64986,29.04,29.03,5510,3714,-867,133
840,ENB,2020-10-01,0 days 15:59:28.259635,66214,29.04,29.03,8553,2831,2785,-165
841,ENB,2020-10-01,0 days 15:59:29.259656,65499,29.04,29.03,8313,2431,-715,2785
842,ENB,2020-10-01,0 days 15:59:43.260730,66714,29.05,29.04,7267,5051,808,-142
843,ENB,2020-10-01,0 days 15:59:44.261415,66622,29.05,29.04,7267,5815,-92,808
844,ENB,2020-10-01,0 days 15:59:45.262283,66714,29.05,29.04,8067,2089,541,-92
845,ENIA,2020-10-01,0 days 15:55:00.234446,15377,6.4,6.39,8201,4300,1080,-1246
846,ENIA,2020-10-01,0 days 15:58:59.242502,18758,6.41,6.4,3000,21695,-1535,2196
847,ENIA,2020-10-01,0 days 15:59:11.242807,20393,6.41,6.4,7740,18202,249,-735
848,ENIA,2020-10-01,0 days 15:59:17.242203,42442,6.41,6.4,5940,21302,-1752,249
849,ENIA,2020-10-01,0 days 15:59:31.243990,46181,6.41,6.4,14790,20908,41,-3739
850,ENIA,2020-10-01,0 days 15:59:48.244980,45422,6.41,6.4,11962,23997,-459,141
851,ENLC,2020-10-01,0 days 15:57:14.267871,113836,2.33,2.32,9581,16003,3062,-1938
852,ENLC,2020-10-01,0 days 15:57:15.267697,106598,2.33,2.32,9782,16003,-7238,3062
853,ENLC,2020-10-01,0 days 15:59:46.275560,113886,2.33,2.32,11947,15444,2071,-288
854,ENLC,2020-10-01,0 days 15:59:48.275816,110457,2.33,2.32,20847,9747,-3429,2071
855,EOG,2020-10-01,0 days 15:56:02.253045,317633,34.78,34.77,771,200,3174,-4526
856,EOG,2020-10-01,0 days 15:56:03.252914,310307,34.78,34.77,800,800,-7326,3174
857,EOG,2020-10-01,0 days 15:56:10.253527,320577,34.77,34.76,144,2432,1543,-7972
858,EOG,2020-10-01,0 days 15:56:11.253386,314120,34.77,34.76,344,1839,-6655,1543
859,EOG,2020-10-01,0 days 15:57:31.253771,326314,34.77,34.76,289,2243,2306,-2694
860,EOG,2020-10-01,0 days 15:57:32.253653,320120,34.77,34.76,390,1873,-6194,2306
861,EOG,2020-10-01,0 days 15:59:15.259749,339425,34.84,34.83,660,1560,18298,-3079
862,EOG,2020-10-01,0 days 15:59:16.259640,339376,34.84,34.83,675,1130,-49,18298
863,EOG,2020-10-01,0 days 15:59:18.259592,344025,34.86,34.85,812,2486,33281,-849
864,EPD,2020-10-01,0 days 15:59:01.242658,424096,15.69,15.68,3945,8139,152,-1290
865,EPD,2020-10-01,0 days 15:59:10.242593,423448,15.69,15.68,2785,7549,-348,52
866,EPD,2020-10-01,0 days 15:59:46.245426,423796,15.68,15.67,10187,4016,867,-133
867,EPD,2020-10-01,0 days 15:59:47.244678,423663,15.68,15.67,13987,3116,-133,867
868,EQNR,2020-10-01,0 days 15:57:51.243657,38977,13.85,13.84,30602,7550,-11628,17106
869,EQNR,2020-10-01,0 days 15:57:52.243602,36905,13.85,13.84,29602,9400,2072,-11628
870,EQNR,2020-10-01,0 days 15:59:36.245638,42212,13.85,13.84,9324,39527,-2596,3704
871,EQNR,2020-10-01,0 days 15:59:37.246122,42108,13.85,13.84,9324,36627,104,-2596
872,EQNR,2020-10-01,0 days 15:59:46.248063,42212,13.85,13.84,8245,37838,-2796,104
873,EQR,2020-10-01,0 days 15:57:23.109306,367494,53.44,53.4,200,159,5168,-1332
874,EQR,2020-10-01,0 days 15:57:33.110240,366694,53.46,53.44,500,200,5968,-14622
875,EQR,2020-10-01,0 days 15:57:35.110644,372662,53.47,53.44,655,422,-132,1168
876,EQR,2020-10-01,0 days 15:57:36.110783,360294,53.45,53.43,440,100,12368,-132
877,EQR,2020-10-01,0 days 15:58:04.112024,366341,53.44,53.43,789,438,5618,-9482
878,EQR,2020-10-01,0 days 15:58:53.114142,369275,53.45,53.44,399,304,2778,-20922
879,EQR,2020-10-01,0 days 15:59:11.115520,393789,53.48,53.47,400,1033,475,-4925
880,EQR,2020-10-01,0 days 15:59:15.113874,394264,53.51,53.48,200,300,-1668,475
881,EQR,2020-10-01,0 days 15:59:16.113480,393332,53.5,53.48,100,300,932,-1668
882,EQR,2020-10-01,0 days 15:59:18.114098,394264,53.51,53.49,200,100,-10388,932
883,EQR,2020-10-01,0 days 15:59:19.114709,394052,53.5,53.48,100,900,212,-10388
884,EQR,2020-10-01,0 days 15:59:31.115684,398918,53.5,53.48,489,900,-2733,16
885,EQT,2020-10-01,0 days 15:55:10.262644,159028,12.66,12.65,1366,3851,12119,-2687
886,EQT,2020-10-01,0 days 15:55:11.262329,157747,12.66,12.65,1366,3851,-1281,12119
887,EQT,2020-10-01,0 days 15:56:19.266196,161080,12.67,12.66,1779,4991,767,-334
888,EQT,2020-10-01,0 days 15:56:20.265796,160300,12.67,12.66,1679,5191,-780,767
889,EQT,2020-10-01,0 days 15:57:35.267771,161374,12.66,12.65,3273,1846,3203,-1097
890,EQT,2020-10-01,0 days 15:57:36.267368,160277,12.66,12.65,3171,1966,-1097,3203
891,EQT,2020-10-01,0 days 15:57:52.267751,161374,12.66,12.65,3677,1393,2803,-997
892,EQT,2020-10-01,0 days 15:57:53.268020,160377,12.66,12.65,3177,1793,-997,2803
893,EQT,2020-10-01,0 days 15:58:08.270001,169466,12.66,12.65,4320,1052,3529,-471
894,EQT,2020-10-01,0 days 15:58:10.270052,168495,12.66,12.65,3592,1052,-971,929
895,EQT,2020-10-01,0 days 15:58:20.270461,169466,12.66,12.65,4020,1127,1029,-971
896,EQT,2020-10-01,0 days 15:58:21.270231,168495,12.66,12.65,4415,927,-971,1029
897,EQT,2020-10-01,0 days 15:58:31.270869,169466,12.66,12.65,4520,1051,429,-1271
898,EQT,2020-10-01,0 days 15:58:32.270403,168495,12.66,12.65,4020,1351,-971,429
899,EQT,2020-10-01,0 days 15:59:17.271634,169152,12.66,12.65,1276,4676,15,-1428
900,EQT,2020-10-01,0 days 15:59:37.273901,177852,12.67,12.66,5400,1777,3879,-468
901,ERF,2020-10-01,0 days 15:57:38.293307,5607,1.8,1.79,56769,16711,417,-234
902,ERF,2020-10-01,0 days 15:59:36.286054,6896,1.8,1.79,32823,131049,-1111,1389
903,ERF,2020-10-01,0 days 15:59:37.286124,6807,1.8,1.79,32823,131049,89,-1111
904,ESRT,2020-10-01,0 days 15:55:00.252668,72838,6.35,6.34,5121,9236,112332,-709
905,ESRT,2020-10-01,0 days 15:58:13.257350,96254,6.37,6.36,5482,21818,1704,-10118
906,ESRT,2020-10-01,0 days 15:58:25.256949,80458,6.37,6.36,5900,22678,-10118,2182
907,ESRT,2020-10-01,0 days 15:58:27.257167,90776,6.37,6.36,5902,22378,7782,-10118
908,ESRT,2020-10-01,0 days 15:58:28.257151,80458,6.37,6.36,5902,22578,-10118,7782
909,ESRT,2020-10-01,0 days 15:59:01.258918,90776,6.37,6.36,3506,21757,7064,-8756
910,ESRT,2020-10-01,0 days 15:59:02.259108,90340,6.37,6.36,4106,11010,-236,7064
911,ESRT,2020-10-01,0 days 15:59:11.259144,109226,6.37,6.36,10030,5200,4199,-1786
912,ESRT,2020-10-01,0 days 15:59:12.259421,107825,6.37,6.36,9930,5200,-1201,4199
913,ESRT,2020-10-01,0 days 15:59:17.259102,90776,6.37,6.36,13157,5380,1349,-1201
914,ESRT,2020-10-01,0 days 15:59:33.259784,106225,6.37,6.36,14857,8860,-1096,1349
915,ESRT,2020-10-01,0 days 15:59:38.259982,107521,6.37,6.36,12557,8060,939,-1096
916,ESRT,2020-10-01,0 days 15:59:39.260765,106760,6.37,6.36,13957,6860,-561,939
917,ET,2020-10-01,0 days 15:57:43.238975,241715,5.4,5.39,45396,21760,-634,13676
918,ET,2020-10-01,0 days 15:57:48.238073,242349,5.4,5.39,46796,19160,5766,-634
919,ETRN,2020-10-01,0 days 15:57:32.248481,128736,8.12,8.11,7711,3037,2978,-2722
920,ETRN,2020-10-01,0 days 15:57:43.249674,136884,8.12,8.11,6844,3430,-7752,2978
921,ETRN,2020-10-01,0 days 15:57:56.250109,141402,8.11,8.1,9500,1494,-1105,3752
922,ETRN,2020-10-01,0 days 15:58:14.251980,140802,8.11,8.1,9147,3194,-505,595
923,ETRN,2020-10-01,0 days 15:58:16.252090,135907,8.12,8.11,13273,11377,2352,-2748
924,ETRN,2020-10-01,0 days 15:58:59.253169,138259,8.12,8.11,12740,9257,-4395,2046
925,ETRN,2020-10-01,0 days 15:59:05.254132,139796,8.12,8.11,11247,9640,-2858,4842
926,ETRN,2020-10-01,0 days 15:59:18.254182,142290,8.12,8.11,10949,10715,-364,1736
927,ETRN,2020-10-01,0 days 15:59:29.253807,142654,8.12,8.11,10149,11115,1640,-364
928,ETRN,2020-10-01,0 days 15:59:30.257340,136885,8.13,8.12,1992,4735,-7969,1640
929,ETRN,2020-10-01,0 days 15:59:46.258003,151067,8.13,8.12,2571,2991,-1417,2121
930,EVRG,2020-10-01,0 days 15:55:00.107335,510762,50.77,50.74,713,600,-16667,30441
931,EVRG,2020-10-01,0 days 15:56:17.108081,525680,50.72,50.71,159,900,715,-149
932,EVRG,2020-10-01,0 days 15:56:57.109123,526295,50.79,50.75,600,1130,-485,615
933,EVRG,2020-10-01,0 days 15:57:33.110274,526780,50.75,50.74,310,300,4815,-385
934,EVRG,2020-10-01,0 days 15:57:37.110530,535095,50.77,50.75,239,710,-785,8315
935,EVRG,2020-10-01,0 days 15:57:38.110503,531280,50.77,50.75,239,710,3815,-785
936,EVRG,2020-10-01,0 days 15:57:43.110936,535095,50.77,50.75,147,1036,-1385,3815
937,EVRG,2020-10-01,0 days 15:57:44.111511,535080,50.77,50.75,147,1036,15,-1385
938,EVRG,2020-10-01,0 days 15:59:12.115192,542574,50.84,50.82,200,694,253,-107
939,EVRG,2020-10-01,0 days 15:59:18.114198,542827,50.84,50.82,100,200,-6198,198
940,EVRI,2020-10-01,0 days 15:56:14.265621,28121,8.48,8.47,4909,3362,6730,-1570
941,EVRI,2020-10-01,0 days 15:59:00.275933,36186,8.5,8.49,2498,1500,-1634,524
942,EVRI,2020-10-01,0 days 15:59:01.273476,36120,8.5,8.49,2298,2084,66,-1634
943,EW,2020-10-01,0 days 15:55:00.287469,208819,78.69,78.66,100,1021,2884,-11612
944,EW,2020-10-01,0 days 15:55:01.286222,206903,78.69,78.66,200,1121,-1916,2884
945,EW,2020-10-01,0 days 15:55:05.286509,208819,78.69,78.66,300,200,6867,-1916
946,EW,2020-10-01,0 days 15:55:06.286354,207856,78.69,78.67,400,397,-963,6867
947,EW,2020-10-01,0 days 15:57:31.292831,210284,78.82,78.8,252,200,1210,-2163
948,EW,2020-10-01,0 days 15:57:32.292688,209294,78.82,78.8,172,300,-990,1210
949,EW,2020-10-01,0 days 15:57:48.293966,211741,78.89,78.85,413,500,953,-1047
950,EW,2020-10-01,0 days 15:57:50.294051,209694,78.89,78.85,366,500,-2047,1253
951,EW,2020-10-01,0 days 15:57:53.294017,215230,78.89,78.85,109,624,669,-1220
952,EW,2020-10-01,0 days 15:57:54.293752,213999,78.89,78.85,109,724,-1231,669
953,EW,2020-10-01,0 days 15:57:57.293910,213591,78.88,78.85,106,524,1325,-2304
954,EW,2020-10-01,0 days 15:59:09.298826,222188,78.9,78.85,300,300,2736,-33
955,EW,2020-10-01,0 days 15:59:20.285356,274913,78.98,78.92,100,300,-12909,25526
956,EW,2020-10-01,0 days 15:59:21.285160,271722,78.97,78.92,100,300,3590,-12909
957,EW,2020-10-01,0 days 15:59:22.284889,275312,78.99,78.92,820,100,-10,3590
958,EW,2020-10-01,0 days 15:59:26.284610,273022,79.0,78.94,100,600,2490,-110
959,EW,2020-10-01,0 days 15:59:30.287359,275877,78.99,78.92,550,300,-6654,2855
960,EW,2020-10-01,0 days 15:59:31.286632,273431,78.99,78.93,490,100,2564,-6654
961,EW,2020-10-01,0 days 15:59:35.286033,275995,79.0,78.94,644,200,-4317,2364
962,EW,2020-10-01,0 days 15:59:41.287007,276646,79.01,78.93,300,882,-3948,2269
963,EW,2020-10-01,0 days 15:59:42.286847,275294,79.01,78.93,300,882,1152,-3948
964,EW,2020-10-01,0 days 15:59:54.287815,278866,79.02,78.99,116,400,-1225,4493
965,F,2020-10-01,0 days 15:55:00.246769,2426853,6.73,6.72,315714,264566,-81768,783627
966,F,2020-10-01,0 days 15:57:33.249799,2543380,6.74,6.73,462419,204918,11224,-7005
967,FCX,2020-10-01,0 days 15:59:46.117291,1299096,15.54,15.53,7494,37881,24016,-22658
968,FDX,2020-10-01,0 days 15:55:00.286963,104340,254.0,253.85,3047,555,798,-22941
969,FDX,2020-10-01,0 days 15:55:01.286072,104038,253.99,253.85,100,633,-302,798
970,FDX,2020-10-01,0 days 15:55:48.289687,104505,253.94,253.84,100,404,139,-101
971,FDX,2020-10-01,0 days 15:55:49.288871,104144,253.94,253.84,3500,408,-361,139
972,FDX,2020-10-01,0 days 15:56:16.289785,105405,254.06,253.84,434,669,981,-119
973,FDX,2020-10-01,0 days 15:56:18.289880,105037,254.06,253.85,434,251,-368,32
974,FDX,2020-10-01,0 days 15:57:11.292063,105495,254.03,253.93,200,111,866,-334
975,FDX,2020-10-01,0 days 15:57:12.292533,104061,254.23,253.97,1200,140,-1434,866
976,FDX,2020-10-01,0 days 15:57:34.292588,105495,254.09,253.99,200,144,566,-334
977,FDX,2020-10-01,0 days 15:57:35.293090,104261,254.09,253.99,100,463,-1234,566
978,FDX,2020-10-01,0 days 15:57:36.292926,105495,254.09,253.99,100,100,566,-1234
979,FDX,2020-10-01,0 days 15:57:37.292880,105161,254.11,253.98,1600,200,-334,566
980,FDX,2020-10-01,0 days 15:57:45.293443,106395,254.07,253.98,1706,200,581,-319
981,FDX,2020-10-01,0 days 15:57:46.294118,106076,254.07,253.98,1806,200,-319,581
982,FDX,2020-10-01,0 days 15:57:52.294207,106395,254.02,253.95,100,213,993,-207
983,FDX,2020-10-01,0 days 15:57:54.293653,106188,254.04,253.93,100,200,-207,693
984,FDX,2020-10-01,0 days 15:57:57.293861,106395,254.04,253.9,100,200,893,-307
985,FDX,2020-10-01,0 days 15:57:58.294880,106188,254.01,253.91,200,100,-207,893
986,FDX,2020-10-01,0 days 15:58:14.296087,106966,254.07,253.94,2600,100,452,-1748
987,FDX,2020-10-01,0 days 15:58:15.295577,106518,254.15,253.96,139,489,-258,452
988,FDX,2020-10-01,0 days 15:58:17.296007,106776,254.15,253.96,139,200,242,-258
989,FDX,2020-10-01,0 days 15:58:18.296188,106318,254.06,253.96,100,350,-648,242
990,FDX,2020-10-01,0 days 15:58:29.295687,106618,254.02,253.9,2700,418,-348,152
991,FDX,2020-10-01,0 days 15:59:04.298658,107750,254.2,254.1,100,219,501,-499
992,FDX,2020-10-01,0 days 15:59:05.298408,107351,254.2,254.1,100,219,-399,501
993,FDX,2020-10-01,0 days 15:59:08.298600,107750,254.19,254.1,2800,100,371,-424
994,FDX,2020-10-01,0 days 15:59:34.286166,119926,254.35,254.19,100,1060,-1385,715
995,FDX,2020-10-01,0 days 15:59:35.285845,119611,254.19,254.07,950,300,3115,-1385
996,FDX,2020-10-01,0 days 15:59:39.286403,155026,254.01,253.9,1450,402,-4585,1915
997,FDX,2020-10-01,0 days 15:59:46.287828,159789,253.97,253.9,700,502,1901,-747
998,FDX,2020-10-01,0 days 15:59:47.286532,158090,253.97,253.9,700,502,-3370,1901
999,FE,2020-10-01,0 days 15:59:44.242974,350481,28.77,28.76,1660,700,1161,-6839
1000,FE,2020-10-01,0 days 15:59:46.244163,351942,28.77,28.76,896,1191,-4253,1161
1001,FE,2020-10-01,0 days 15:59:47.243477,351395,28.77,28.76,200,1492,247,-4253
1002,FHN,2020-10-01,0 days 15:55:44.107087,243368,9.56,9.55,7075,32719,12896,-8050
1003,FHN,2020-10-01,0 days 15:55:45.109703,237164,9.56,9.55,10138,29687,-5304,12896
1004,FHN,2020-10-01,0 days 15:56:27.108640,244327,9.56,9.55,28578,24208,374,-3336
1005,FHN,2020-10-01,0 days 15:56:54.108351,238901,9.57,9.56,16111,26526,-5126,3174
1006,FHN,2020-10-01,0 days 15:59:13.116959,255475,9.58,9.57,9710,30265,12832,-701
1007,FHN,2020-10-01,0 days 15:59:14.116067,251207,9.58,9.57,7297,33365,-4268,12832
1008,FHN,2020-10-01,0 days 15:59:33.114665,260369,9.58,9.57,5410,36676,12024,-1028
1009,FHN,2020-10-01,0 days 15:59:39.115015,250384,9.58,9.57,25990,29199,-1288,4812
1010,FHN,2020-10-01,0 days 15:59:46.117341,271544,9.6,9.59,18972,16215,12696,-20930
1011,FHN,2020-10-01,0 days 15:59:48.118274,270248,9.6,9.59,13830,22825,-1296,1204
1012,FIS,2020-10-01,0 days 15:57:33.254276,524724,146.76,146.74,502,268,860,-4240
1013,FIS,2020-10-01,0 days 15:57:34.253887,524584,146.77,146.76,375,204,-140,860
1014,FIS,2020-10-01,0 days 15:57:35.254039,524724,146.79,146.77,200,500,3460,-140
1015,FIS,2020-10-01,0 days 15:57:37.254305,518784,146.79,146.77,652,681,-5940,260
1016,FIS,2020-10-01,0 days 15:58:52.258121,540345,146.72,146.7,266,909,-59,1203
1017,FIS,2020-10-01,0 days 15:58:56.258143,533809,146.73,146.71,200,100,836,-3464
1018,FIS,2020-10-01,0 days 15:59:11.259197,530369,146.81,146.8,271,114,18879,-8877
1019,FIS,2020-10-01,0 days 15:59:18.259465,549838,146.89,146.85,400,275,-11613,779
1020,FIS,2020-10-01,0 days 15:59:19.259422,549351,146.89,146.85,500,275,487,-11613
1021,FIS,2020-10-01,0 days 15:59:20.259868,550538,146.86,146.84,300,100,-822,487
1022,FIS,2020-10-01,0 days 15:59:21.259770,550292,146.86,146.84,295,100,246,-822
1023,FIS,2020-10-01,0 days 15:59:28.259512,551138,146.85,146.81,400,300,-701,246
1024,FIS,2020-10-01,0 days 15:59:29.259545,550839,146.85,146.81,300,300,299,-701
1025,FIS,2020-10-01,0 days 15:59:32.260566,550239,146.91,146.87,100,300,199,-401
1026,FIS,2020-10-01,0 days 15:59:38.260029,551431,146.92,146.88,100,288,-637,787
1027,FIS,2020-10-01,0 days 15:59:46.262184,554529,146.81,146.78,100,100,1562,-1778
1028,FIS,2020-10-01,0 days 15:59:47.259302,556091,146.81,146.78,100,483,-3110,1562
1029,FIT,2020-10-01,0 days 15:55:26.248121,205644,7.0,6.99,57277,66526,2676,-25724
1030,FIT,2020-10-01,0 days 15:57:26.249343,206820,6.99,6.98,81110,36830,-319,201
1031,FIT,2020-10-01,0 days 15:58:58.253543,207233,6.99,6.98,87966,14510,480,-546
1032,FIT,2020-10-01,0 days 15:59:00.257435,208313,6.99,6.98,88556,14410,-420,480
1033,FIT,2020-10-01,0 days 15:59:18.255325,210233,6.99,6.98,93150,9894,1997,-1489
1034,FL,2020-10-01,0 days 15:55:00.253643,62281,34.05,34.01,1066,200,437,-7121
1035,FL,2020-10-01,0 days 15:57:35.254130,84297,34.07,34.06,1001,300,-470,230
1036,FL,2020-10-01,0 days 15:57:36.254411,83167,34.07,34.06,1065,211,1130,-470
1037,FL,2020-10-01,0 days 15:57:42.254422,84297,34.07,34.06,720,434,-570,130
1038,FL,2020-10-01,0 days 15:57:43.254891,82567,34.07,34.06,720,434,3230,-570
1039,FL,2020-10-01,0 days 15:59:04.259093,85918,34.11,34.1,300,200,-201,1899
1040,FL,2020-10-01,0 days 15:59:08.259714,85719,34.12,34.1,300,300,199,-901
1041,FL,2020-10-01,0 days 15:59:37.260458,86979,34.12,34.1,700,200,-1342,558
1042,FL,2020-10-01,0 days 15:59:42.261311,87021,34.12,34.11,200,400,38,-862
1043,FLR,2020-10-01,0 days 15:59:07.242129,132014,9.16,9.15,1180,1722,6217,-431
1044,FLR,2020-10-01,0 days 15:59:08.242591,130231,9.16,9.15,1079,1722,-1783,6217
1045,FLR,2020-10-01,0 days 15:59:46.245567,134191,9.16,9.15,1322,597,2733,-1075
1046,FNB,2020-10-01,0 days 15:58:11.240114,397352,6.69,6.68,15628,12397,-129,9771
1047,FNB,2020-10-01,0 days 15:58:15.240098,386181,6.69,6.68,14166,15797,11171,-129
1048,FNB,2020-10-01,0 days 15:59:46.245548,402948,6.71,6.7,18120,15680,-14326,4238
1049,FNB,2020-10-01,0 days 15:59:47.244791,399972,6.71,6.7,19426,19882,2976,-14326
1050,FRC-K,2020-10-01,0 days 15:59:01.254547,191,25.3,25.28,100,439,-9,191
1051,FRC-K,2020-10-01,0 days 15:59:02.254616,100,25.3,25.28,100,401,91,-9
1052,FRO,2020-10-01,0 days 15:59:16.259328,56452,6.52,6.51,8561,1384,-4676,3624
1053,FRO,2020-10-01,0 days 15:59:46.261976,62216,6.51,6.5,9419,13528,1090,-485
1054,FTCH,2020-10-01,0 days 15:56:10.235498,53032,27.07,27.06,488,2148,22261,-238
1055,FTCH,2020-10-01,0 days 15:56:11.235193,52793,27.08,27.07,1097,1501,-239,22261
1056,FTCH,2020-10-01,0 days 15:56:14.235374,53032,27.08,27.07,814,801,1271,-239
1057,FTCH,2020-10-01,0 days 15:56:15.235373,52803,27.09,27.08,200,1345,-229,1271
1058,FTCH,2020-10-01,0 days 15:56:17.235491,54132,27.1,27.08,100,1445,135,-229
1059,FTCH,2020-10-01,0 days 15:57:10.236477,54769,27.11,27.1,601,1476,-1363,1137
1060,FTCH,2020-10-01,0 days 15:57:11.236709,54532,27.1,27.09,910,701,237,-1363
1061,FTCH,2020-10-01,0 days 15:57:27.238851,54769,27.1,27.09,1241,1750,-1163,1737
1062,FTCH,2020-10-01,0 days 15:57:28.238010,54532,27.1,27.09,1265,1650,237,-1163
1063,FTCH,2020-10-01,0 days 15:57:43.239935,56069,27.09,27.08,12146,1749,-663,2237
1064,FTCH,2020-10-01,0 days 15:58:29.241383,57817,27.07,27.06,1358,627,-2615,1085
1065,FTCH,2020-10-01,0 days 15:58:30.241597,56732,27.07,27.06,1258,319,1085,-2615
1066,FTI,2020-10-01,0 days 15:59:15.272852,312018,6.28,6.27,21694,40919,19909,-10206
1067,FTI,2020-10-01,0 days 15:59:16.271907,304127,6.28,6.27,21694,40814,-7891,19909
1068,FTI,2020-10-01,0 days 15:59:29.272692,312018,6.28,6.27,5000,51883,220,-87
1069,FTI,2020-10-01,0 days 15:59:47.275046,307788,6.28,6.27,7313,60398,-4265,21835
1070,FTI,2020-10-01,0 days 15:59:48.275816,312053,6.28,6.27,6113,63998,18355,-4265
1071,FTI,2020-10-01,0 days 15:59:49.275382,308908,6.28,6.27,11013,58198,-3145,18355
1072,FTV,2020-10-01,0 days 15:59:03.271761,177165,75.41,75.38,641,100,1736,-1465
1073,FTV,2020-10-01,0 days 15:59:04.272477,174801,75.41,75.37,541,600,-2700,1736
1074,FTV,2020-10-01,0 days 15:59:09.272302,177501,75.42,75.4,674,100,821,-2481
1075,FTV,2020-10-01,0 days 15:59:10.272743,175422,75.42,75.4,674,100,-5269,821
1076,FTV,2020-10-01,0 days 15:59:17.271607,182191,75.42,75.4,100,200,2323,-489
1077,FTV,2020-10-01,0 days 15:59:18.272954,198614,75.42,75.4,200,425,-1489,2323
1078,FTV,2020-10-01,0 days 15:59:19.272972,195603,75.41,75.38,180,396,4047,-1489
1079,FTV,2020-10-01,0 days 15:59:20.272309,194549,75.4,75.38,100,100,-954,4047
1080,FTV,2020-10-01,0 days 15:59:43.274338,205606,75.4,75.38,100,571,-438,757
1081,FTV,2020-10-01,0 days 15:59:45.276265,206044,75.36,75.34,500,200,62,-438
1082,FTV,2020-10-01,0 days 15:59:47.275161,205462,75.38,75.35,300,100,-2875,1993
1083,GE,2020-10-01,0 days 15:57:37.219375,2569734,6.23,6.22,365772,352680,19283,-218117
1084,GE,2020-10-01,0 days 15:57:38.219468,2338717,6.23,6.22,365872,362408,-236717,19283
1085,GE,2020-10-01,0 days 15:59:07.225112,2693493,6.24,6.23,452365,232475,29375,-63699
1086,GE,2020-10-01,0 days 15:59:08.225000,2678068,6.24,6.23,482865,232475,-15425,29375
1087,GE,2020-10-01,0 days 15:59:15.218641,2695564,6.24,6.23,492672,236375,384678,-17296
1088,GFI,2020-10-01,0 days 15:56:14.108110,82667,12.4,12.39,33501,1794,-527,1373
1089,GFI,2020-10-01,0 days 15:56:15.107583,80694,12.4,12.39,32001,1312,1973,-527
1090,GFI,2020-10-01,0 days 15:57:13.109422,97534,12.39,12.38,20103,4215,-2359,1674
1091,GFI,2020-10-01,0 days 15:57:14.109593,94493,12.39,12.38,19742,3715,68,-2359
1092,GFI,2020-10-01,0 days 15:58:54.114522,108334,12.39,12.38,25503,6111,-244,438
1093,GFI,2020-10-01,0 days 15:59:00.119444,104735,12.39,12.38,18603,7411,3599,-244
1094,GIS,2020-10-01,0 days 15:55:00.238283,322251,62.58,62.57,2296,1359,14059,-32077
1095,GIS,2020-10-01,0 days 15:55:06.237911,336314,62.58,62.57,1600,2220,-1884,2963
1096,GIS,2020-10-01,0 days 15:55:07.238200,333698,62.58,62.57,2000,2132,2616,-1884
1097,GIS,2020-10-01,0 days 15:55:43.240995,336674,62.61,62.6,200,2343,-5891,1144
1098,GIS,2020-10-01,0 days 15:55:44.239277,334765,62.62,62.6,671,2243,1909,-5891
1099,GIS,2020-10-01,0 days 15:55:49.239762,286674,62.59,62.58,3300,903,-37391,1909
1100,GIS,2020-10-01,0 days 15:55:53.239611,362265,62.61,62.6,200,500,4409,-31691
1101,GIS,2020-10-01,0 days 15:57:33.242844,370955,62.67,62.66,303,2400,-2594,106
1102,GIS,2020-10-01,0 days 15:57:36.243238,370349,62.67,62.66,303,2402,606,-594
1103,GIS,2020-10-01,0 days 15:57:37.243226,370955,62.68,62.67,1200,1067,-3094,606
1104,GIS,2020-10-01,0 days 15:57:38.242926,370349,62.68,62.67,1200,598,606,-3094
1105,GIS,2020-10-01,0 days 15:57:40.243296,370955,62.68,62.67,802,2067,-2194,406
1106,GIS,2020-10-01,0 days 15:57:41.243529,370449,62.67,62.66,500,1952,506,-2194
1107,GIS,2020-10-01,0 days 15:57:42.243301,370955,62.67,62.66,765,2083,-1794,506
1108,GIS,2020-10-01,0 days 15:58:37.244283,375396,62.6,62.59,400,1511,-792,1208
1109,GIS,2020-10-01,0 days 15:58:46.245175,376188,62.6,62.59,900,1405,1543,-692
1110,GIS,2020-10-01,0 days 15:58:47.245847,375431,62.6,62.59,575,1305,-457,1543
1111,GIS,2020-10-01,0 days 15:59:09.245533,393001,62.6,62.59,1391,1477,2777,-1212
1112,GIS,2020-10-01,0 days 15:59:10.245920,391979,62.6,62.59,1291,1377,-1022,2777
1113,GIS,2020-10-01,0 days 15:59:11.246328,395201,62.61,62.6,1540,1743,17002,-1022
1114,GIS,2020-10-01,0 days 15:59:13.246423,411603,62.62,62.61,1387,2410,-13598,17002
1115,GIS,2020-10-01,0 days 15:59:17.245047,415313,62.63,62.62,1400,469,887,-9010
1116,GIS,2020-10-01,0 days 15:59:18.245098,416200,62.62,62.61,600,500,-13226,887
1117,GIS,2020-10-01,0 days 15:59:46.248063,436370,62.57,62.56,700,815,3161,-4980
1118,GIS,2020-10-01,0 days 15:59:47.247551,439004,62.58,62.57,300,800,-3104,3161
1119,GM,2020-10-01,0 days 15:57:54.110598,1049051,30.37,30.36,6826,4184,-7889,12391
1120,GM,2020-10-01,0 days 15:57:55.111540,1034497,30.36,30.35,8975,5277,14554,-7889
1121,GM,2020-10-01,0 days 15:58:37.114296,1049952,30.38,30.37,4765,6685,-9945,6716
1122,GM,2020-10-01,0 days 15:58:38.112023,1033597,30.38,30.37,5961,4085,16355,-9945
1123,GM,2020-10-01,0 days 15:58:58.114674,1056273,30.4,30.39,5917,6074,10375,-6914
1124,GME,2020-10-01,0 days 15:56:35.266016,135974,9.76,9.75,2535,7084,-1575,725
1125,GME,2020-10-01,0 days 15:57:42.267514,137349,9.76,9.75,3250,5281,825,-475
1126,GME,2020-10-01,0 days 15:59:01.273235,145327,9.76,9.75,2707,6688,-1437,1662
1127,GME,2020-10-01,0 days 15:59:47.274998,150169,9.78,9.77,9700,600,-11,2489
1128,GME,2020-10-01,0 days 15:59:49.275382,149880,9.77,9.76,5100,3400,2489,-11
1129,GOLD,2020-10-01,0 days 15:56:22.266041,110079,28.23,28.22,4594,20410,-5025,975
1130,GOOS,2020-10-01,0 days 15:55:58.233421,16396,33.14,33.12,1700,833,-129,471
1131,GOOS,2020-10-01,0 days 15:55:59.233201,16125,33.14,33.12,1700,834,271,-129
1132,GOOS,2020-10-01,0 days 15:56:17.233646,16769,33.14,33.13,2000,1000,-987,194
1133,GOOS,2020-10-01,0 days 15:56:18.234176,16656,33.14,33.13,1900,1100,165,-987
1134,GOOS,2020-10-01,0 days 15:57:33.235063,16723,33.16,33.15,668,736,-233,167
1135,GOOS,2020-10-01,0 days 15:57:34.235334,16556,33.16,33.14,597,706,367,-233
1136,GOOS,2020-10-01,0 days 15:58:09.237559,16723,33.17,33.15,1100,701,-1678,212
1137,GOOS,2020-10-01,0 days 15:59:15.240826,16631,33.18,33.17,900,906,160,-430
1138,GOOS,2020-10-01,0 days 15:59:36.241670,16946,33.18,33.17,300,514,-727,140
1139,GPK,2020-10-01,0 days 15:59:13.246473,120198,14.01,14.0,1655,22593,3598,-2142
1140,GPK,2020-10-01,0 days 15:59:14.246514,119196,14.02,14.01,7600,14184,-1002,3598
1141,GPK,2020-10-01,0 days 15:59:38.246124,124420,14.01,14.0,1732,29819,838,-922
1142,GPK,2020-10-01,0 days 15:59:42.246562,122983,14.02,14.01,1666,23282,-1437,238
1143,GPK,2020-10-01,0 days 15:59:48.246944,124128,14.03,14.02,14384,12000,-292,10008
1144,GPS,2020-10-01,0 days 15:56:19.249319,279213,17.87,17.86,2112,9762,1052,-3448
1145,GPS,2020-10-01,0 days 15:56:20.248842,275765,17.87,17.86,2347,9462,-3448,1052
1146,GPS,2020-10-01,0 days 15:59:19.256296,318519,17.86,17.85,2989,6837,2674,-827
1147,GPS,2020-10-01,0 days 15:59:20.255761,314293,17.86,17.85,6879,3738,-4226,2674
1148,GS,2020-10-01,0 days 15:59:14.115907,179001,198.6,198.57,153,557,-1194,9695
1149,GS,2020-10-01,0 days 15:59:18.113472,176081,198.6,198.57,100,430,2920,-1194
1150,GS,2020-10-01,0 days 15:59:25.113985,179001,198.62,198.53,100,100,-532,928
1151,GS,2020-10-01,0 days 15:59:33.114531,177684,198.54,198.48,200,300,1355,-94
1152,GS,2020-10-01,0 days 15:59:43.115726,179356,198.64,198.57,100,206,-457,646
1153,GS,2020-10-01,0 days 15:59:47.116397,191230,198.6,198.51,500,300,-402,6344
1154,GS,2020-10-01,0 days 15:59:49.116118,186323,198.57,198.51,351,300,5007,-11644
1155,GS,2020-10-01,0 days 15:59:50.118174,180756,198.58,198.46,150,280,-9067,5007
1156,GS,2020-10-01,0 days 15:59:51.116597,189823,198.58,198.46,1050,379,1507,-9067
1157,GS,2020-10-01,0 days 15:59:57.117945,180756,198.59,198.42,100,600,-9367,1607
1158,GSK,2020-10-01,0 days 15:55:26.264728,33145,37.09,37.08,5699,6110,-805,595
1159,GSK,2020-10-01,0 days 15:55:27.264610,32650,37.08,37.07,5984,6100,495,-805
1160,GSK,2020-10-01,0 days 15:56:07.265743,33977,37.1,37.09,5836,6601,-1543,2825
1161,GSK,2020-10-01,0 days 15:56:08.265490,33420,37.1,37.09,6986,4201,557,-1543
1162,GSX,2020-10-01,0 days 15:56:09.253099,36104,93.31,93.27,100,100,310,-1790
1163,GSX,2020-10-01,0 days 15:56:10.253193,34414,93.3,93.25,100,200,-1690,310
1164,GSX,2020-10-01,0 days 15:59:47.259191,42448,93.42,93.3,100,388,644,-1788
1165,GSX,2020-10-01,0 days 15:59:48.259524,41292,93.42,93.3,100,388,-1156,644
1166,HAL,2020-10-01,0 days 15:56:55.241107,754660,11.17,11.16,26538,21891,6923,-1644
1167,HAL,2020-10-01,0 days 15:58:55.244740,768095,11.18,11.17,34094,9000,7329,-23271
1168,HAL,2020-10-01,0 days 15:59:11.246156,807876,11.18,11.17,46917,4942,1030,-19276
1169,HAL,2020-10-01,0 days 15:59:21.244765,808943,11.18,11.17,31869,9698,-17609,1003
1170,HBI,2020-10-01,0 days 15:55:00.107466,145680,15.97,15.96,1637,14325,17948,-5182
1171,HBI,2020-10-01,0 days 15:56:15.107598,162836,15.96,15.95,4135,6374,-70,278
1172,HBI,2020-10-01,0 days 15:57:55.111644,175735,15.95,15.94,16769,4751,2996,-5304
1173,HBI,2020-10-01,0 days 15:58:00.112775,175735,15.95,15.94,15658,7419,3345,-5055
1174,HBI,2020-10-01,0 days 15:58:09.112852,182777,15.95,15.94,13530,7620,-2158,7242
1175,HBI,2020-10-01,0 days 15:58:10.113629,178435,15.95,15.94,13530,7720,1042,-2158
1176,HBI,2020-10-01,0 days 15:59:02.115014,178142,15.95,15.94,10679,7532,-109,2430
1177,HBI,2020-10-01,0 days 15:59:20.114889,178451,15.94,15.93,10307,4696,3321,-368
1178,HBI,2020-10-01,0 days 15:59:45.117518,181887,15.95,15.94,5088,19435,-1238,7
1179,HBI,2020-10-01,0 days 15:59:47.117013,183125,15.95,15.94,5676,17911,112,-138
1180,HBI,2020-10-01,0 days 15:59:48.118542,183037,15.95,15.94,5676,17911,-88,112
1181,HD,2020-10-01,0 days 15:57:35.267756,323297,277.13,277.01,100,253,1119,-1981
1182,HD,2020-10-01,0 days 15:57:36.267320,320116,277.1,277.0,100,243,-5523,1119
1183,HD,2020-10-01,0 days 15:57:51.268256,324146,277.08,276.96,400,200,270,-3030
1184,HD,2020-10-01,0 days 15:57:52.267709,321516,277.08,276.97,400,200,-2630,270
1185,HD,2020-10-01,0 days 15:58:07.269127,325114,277.14,277.1,100,100,958,-2142
1186,HD,2020-10-01,0 days 15:58:08.269931,322472,277.14,277.04,100,100,-2642,958
1187,HD,2020-10-01,0 days 15:58:19.269691,329279,277.12,277.03,320,200,963,-2137
1188,HD,2020-10-01,0 days 15:58:20.270438,326242,277.12,277.03,402,100,-3037,963
1189,HD,2020-10-01,0 days 15:58:34.271056,323172,277.2,277.14,100,259,-6107,693
1190,HD,2020-10-01,0 days 15:59:11.272392,331558,277.7,277.58,300,1440,22569,-1277
1191,HD,2020-10-01,0 days 15:59:19.272972,359816,277.72,277.64,100,100,-311,1689
1192,HFC,2020-10-01,0 days 15:59:09.115412,229928,18.96,18.95,680,1399,3069,-5349
1193,HFC,2020-10-01,0 days 15:59:10.115340,225397,18.97,18.96,1100,218,-4231,3069
1194,HFC,2020-10-01,0 days 15:59:25.114140,230260,18.96,18.95,110,1067,-1126,32
1195,HFC,2020-10-01,0 days 15:59:40.115876,234092,18.96,18.95,100,300,126,-1024
1196,HIG,2020-10-01,0 days 15:57:33.292727,156573,36.73,36.72,723,1120,1670,-830
1197,HIG,2020-10-01,0 days 15:57:34.292754,156043,36.73,36.72,708,1120,-330,1670
1198,HIG,2020-10-01,0 days 15:59:10.299774,166069,36.77,36.76,535,200,11696,-757
1199,HIG,2020-10-01,0 days 15:59:35.286071,177356,36.76,36.75,550,1005,-3355,7045
1200,HL,2020-10-01,0 days 15:59:17.218123,459833,5.21,5.2,83016,39769,9079,-10321
1201,HL,2020-10-01,0 days 15:59:40.220704,468912,5.21,5.2,60019,57936,-3997,4197
1202,HL,2020-10-01,0 days 15:59:47.220511,455106,5.21,5.2,22158,105703,13998,-23934
1203,HLT,2020-10-01,0 days 15:55:00.246707,107625,86.94,86.92,400,448,7826,-13343
1204,HLT,2020-10-01,0 days 15:55:51.248063,126119,86.95,86.94,100,210,-1099,4501
1205,HLT,2020-10-01,0 days 15:55:52.248226,124518,86.95,86.93,100,338,1601,-1099
1206,HLT,2020-10-01,0 days 15:58:15.252821,129760,87.05,87.03,300,201,-33,367
1207,HLT,2020-10-01,0 days 15:58:19.252816,129393,87.03,87.02,319,212,367,-33
1208,HLT,2020-10-01,0 days 15:59:01.254868,129767,87.09,87.04,300,350,-587,513
1209,HLT,2020-10-01,0 days 15:59:02.255034,128454,87.07,87.04,100,150,1313,-587
1210,HLT,2020-10-01,0 days 15:59:04.254537,129767,87.07,87.04,100,150,-3619,1313
1211,HLT,2020-10-01,0 days 15:59:05.255166,128811,87.08,87.04,100,450,1331,-3619
1212,HLT,2020-10-01,0 days 15:59:09.254394,130142,87.09,87.06,100,450,-1542,1231
1213,HLT,2020-10-01,0 days 15:59:10.254898,129384,87.09,87.06,100,550,658,-1542
1214,HLT,2020-10-01,0 days 15:59:38.255995,142316,87.13,87.12,100,100,68,-56
1215,HLT,2020-10-01,0 days 15:59:44.257583,142516,87.16,87.12,100,100,232,-68
1216,HLT,2020-10-01,0 days 15:59:45.259493,142748,87.14,87.12,300,100,-1217,232
1217,HLT,2020-10-01,0 days 15:59:48.257943,141885,87.18,87.12,200,100,563,-137
1218,HLX,2020-10-01,0 days 15:55:29.264425,68550,2.34,2.33,25157,17041,-11928,3572
1219,HLX,2020-10-01,0 days 15:55:30.264740,66478,2.34,2.33,25757,16941,2072,-11928
1220,HLX,2020-10-01,0 days 15:59:13.272860,91559,2.34,2.33,19890,15847,-283,4018
1221,HLX,2020-10-01,0 days 15:59:32.273639,88980,2.34,2.33,19995,24022,2579,-820
1222,HOG,2020-10-01,0 days 15:55:00.287421,92197,25.04,25.03,1390,908,1564,-13660
1223,HOG,2020-10-01,0 days 15:55:26.288552,93761,25.03,25.02,863,1310,-4536,1564
1224,HOG,2020-10-01,0 days 15:55:27.288170,92860,25.03,25.02,1677,502,947,-4536
1225,HOG,2020-10-01,0 days 15:56:10.289958,94207,25.05,25.04,1174,1001,-627,838
1226,HOG,2020-10-01,0 days 15:56:11.289933,93534,25.05,25.04,974,1101,673,-627
1227,HOG,2020-10-01,0 days 15:57:36.293038,95877,25.06,25.05,2131,313,-363,537
1228,HOG,2020-10-01,0 days 15:57:40.293671,97840,25.06,25.05,2324,383,637,-1263
1229,HOG,2020-10-01,0 days 15:57:41.293470,97577,25.06,25.05,1971,386,-263,637
1230,HOG,2020-10-01,0 days 15:58:03.295812,107849,25.08,25.07,1306,552,1002,-3198
1231,HOG,2020-10-01,0 days 15:58:04.295791,106890,25.08,25.07,1201,347,-1359,1002
1232,HOG,2020-10-01,0 days 15:58:10.295782,109825,25.08,25.07,607,1221,314,-686
1233,HOG,2020-10-01,0 days 15:58:27.296266,110126,25.07,25.06,504,803,113,-87
1234,HOME,2020-10-01,0 days 15:59:46.262542,125548,15.21,15.19,100,2173,-5045,3375
1235,HOME,2020-10-01,0 days 15:59:47.259479,122393,15.21,15.19,100,1750,2655,-5045
1236,HON,2020-10-01,0 days 15:59:05.259393,292685,163.54,163.48,898,100,10164,-7595
1237,HON,2020-10-01,0 days 15:59:13.259822,297976,163.62,163.59,100,100,-1039,5291
1238,HON,2020-10-01,0 days 15:59:25.259193,304342,163.59,163.53,620,100,20,-41
