,Symbol,Timestamp,TIME,iPaired,Ask_P,Bid_P,Ask_S,Bid_S,iShares,PreviShares
0,A,2020-09-21,0 days 15:57:33.251464,217165,98.16,98.12,832,472,-172,1928
1,A,2020-09-21,0 days 15:57:34.251576,214937,98.16,98.12,832,932,2228,-172
2,A,2020-09-21,0 days 15:57:47.251202,217265,98.12,98.1,1012,100,-572,7028
3,A,2020-09-21,0 days 15:57:48.250050,215437,98.08,98.06,100,150,1828,-572
4,A,2020-09-21,0 days 15:58:10.251149,217280,98.1,98.08,200,392,-284,3116
5,A,2020-09-21,0 days 15:58:11.251484,215464,98.1,98.08,300,512,1816,-284
6,A,2020-09-21,0 days 15:59:17.250727,225696,98.1,98.07,102,607,-246,717
7,A,2020-09-21,0 days 15:59:38.252912,226496,98.15,98.11,150,1986,-1507,1842
8,A,2020-09-21,0 days 15:59:39.252784,224339,98.12,98.1,733,100,2165,-1507
9,A,2020-09-21,0 days 15:59:45.254273,224698,98.15,98.11,250,150,1904,-1413
10,A,2020-09-21,0 days 15:59:46.253888,226602,98.18,98.15,1142,100,-96,1904
11,A,2020-09-21,0 days 15:59:49.251381,224498,98.18,98.14,1436,200,2104,-1568
12,A,2020-09-21,0 days 15:59:50.257045,226594,98.14,98.11,700,200,-3468,2104
13,A,2020-09-21,0 days 15:59:51.252153,226398,98.14,98.09,1206,300,204,-3468
14,AA,2020-09-21,0 days 15:55:00.243738,265198,12.29,12.28,18164,3027,26605,-29137
15,AA,2020-09-21,0 days 15:59:02.252703,290558,12.3,12.29,31118,7332,6863,-13437
16,ABBV,2020-09-21,0 days 15:55:01.253230,598177,88.89,88.88,500,730,622,-36637
17,ABBV,2020-09-21,0 days 15:57:54.257792,659124,89.07,89.06,1154,4259,-1108,511
18,ABBV,2020-09-21,0 days 15:58:00.261550,644935,89.02,89.01,772,600,15222,-75
19,ABBV,2020-09-21,0 days 15:59:08.264226,724173,89.03,89.01,1200,601,-13862,8462
20,ABBV,2020-09-21,0 days 15:59:09.263787,718935,89.02,89.01,800,155,5238,-13862
21,ABBV,2020-09-21,0 days 15:59:18.262887,732498,89.03,89.01,300,1368,-8548,1752
22,ABBV,2020-09-21,0 days 15:59:19.262749,730246,89.03,89.02,400,378,1380,-8548
23,ABBV,2020-09-21,0 days 15:59:27.263877,732026,89.06,89.05,100,400,-495,1780
24,ABBV,2020-09-21,0 days 15:59:29.264372,729321,89.04,89.03,483,944,2544,-4056
25,ABBV,2020-09-21,0 days 15:59:43.265181,731784,89.07,89.06,11499,1870,-572,567
26,ABBV,2020-09-21,0 days 15:59:45.266932,730302,89.07,89.06,10853,2287,80,-191
27,ABBV,2020-09-21,0 days 15:59:46.265918,732317,89.07,89.06,4449,3702,-2942,80
28,ABBV,2020-09-21,0 days 15:59:49.265848,730909,89.09,89.08,768,600,106,-5092
29,ABT,2020-09-21,0 days 15:55:00.242440,557649,105.78,105.75,100,200,2922,-39232
30,ABT,2020-09-21,0 days 15:55:14.243967,563058,105.81,105.8,410,100,-30921,4609
31,ABT,2020-09-21,0 days 15:55:15.243743,556079,105.81,105.78,1102,300,6979,-30921
32,ABT,2020-09-21,0 days 15:57:37.248489,582262,105.92,105.9,450,697,-1211,2789
33,ABT,2020-09-21,0 days 15:58:04.250847,589039,105.88,105.85,1220,1186,2016,-3084
34,ABT,2020-09-21,0 days 15:58:05.249315,587455,105.89,105.87,429,300,-1584,2016
35,ABT,2020-09-21,0 days 15:59:32.251395,603630,105.98,105.96,650,400,-2276,7424
36,ABT,2020-09-21,0 days 15:59:34.251651,600006,105.94,105.91,1124,1000,5835,-2176
37,ABT,2020-09-21,0 days 15:59:41.252464,605841,105.98,105.96,400,100,-7279,5835
38,ACI,2020-09-21,0 days 15:59:31.253016,736379,13.68,13.67,2109,4907,3001,-13370
39,ACI,2020-09-21,0 days 15:59:48.253790,741463,13.69,13.68,5507,6548,-7708,2169
40,ACM,2020-09-21,0 days 15:56:27.256515,68487,37.96,37.95,1603,400,-176,1724
41,ACM,2020-09-21,0 days 15:57:56.258692,77280,37.99,37.98,500,600,627,-1873
42,ACM,2020-09-21,0 days 15:57:57.257967,76107,37.99,37.98,100,500,-1173,627
43,ACM,2020-09-21,0 days 15:59:02.262804,77829,37.99,37.98,1129,235,334,-856
44,ACM,2020-09-21,0 days 15:59:03.263150,76963,37.99,37.97,1398,735,-866,334
45,ACN,2020-09-21,0 days 15:57:41.929045,305936,233.08,233.05,225,125,2069,-2431
46,ACN,2020-09-21,0 days 15:57:42.928358,304005,233.07,233.04,603,200,-1931,2069
47,ACN,2020-09-21,0 days 15:57:53.929502,305836,233.0,232.93,1150,410,69,-3531
48,ACN,2020-09-21,0 days 15:57:54.930044,304005,233.0,232.93,1150,100,-1831,69
49,ACN,2020-09-21,0 days 15:57:57.929488,305836,233.0,232.92,1188,500,69,-1831
50,ACN,2020-09-21,0 days 15:57:58.929261,304005,233.0,232.92,1288,500,-1831,69
51,ACN,2020-09-21,0 days 15:57:59.929580,305736,232.95,232.93,436,300,3820,-1831
52,ACN,2020-09-21,0 days 15:58:01.929694,302956,232.94,232.9,118,100,-2419,1381
53,ACN,2020-09-21,0 days 15:58:19.930388,305475,232.99,232.97,600,318,162,-1838
54,ACN,2020-09-21,0 days 15:58:20.930304,303737,233.0,232.99,300,139,-1738,162
55,ACN,2020-09-21,0 days 15:59:00.934299,305750,233.03,232.97,868,225,223,-1310
56,ACN,2020-09-21,0 days 15:59:04.934613,304987,232.96,232.89,559,106,-601,5971
57,ACN,2020-09-21,0 days 15:59:05.934935,305788,233.03,232.99,325,125,17413,-601
58,ACN,2020-09-21,0 days 15:59:35.933833,385790,233.67,233.63,200,313,-5614,38886
59,ACN,2020-09-21,0 days 15:59:36.933928,385604,233.71,233.64,125,600,186,-5614
60,ACN,2020-09-21,0 days 15:59:50.934813,383294,233.88,233.86,195,353,2840,-892
61,ADM,2020-09-21,0 days 15:55:00.926970,1489627,46.36,46.35,2166,1526,443466,-1102232
62,ADM,2020-09-21,0 days 15:59:31.934167,1955112,46.47,46.46,3400,3101,-13207,4593
63,ADM,2020-09-21,0 days 15:59:33.934359,1945355,46.47,46.46,2329,5325,9730,-43443
64,ADNT,2020-09-21,0 days 15:55:33.245130,66191,16.76,16.75,1228,810,1336,-664
65,ADNT,2020-09-21,0 days 15:55:34.245568,65827,16.76,16.75,1228,810,-364,1336
66,ADNT,2020-09-21,0 days 15:56:08.246378,66191,16.78,16.77,9834,761,278,-221
67,ADNT,2020-09-21,0 days 15:56:09.247426,65969,16.78,16.77,1572,796,-222,278
68,ADNT,2020-09-21,0 days 15:57:49.249521,68645,16.74,16.73,11230,1849,716,-484
69,ADNT,2020-09-21,0 days 15:57:50.250107,68161,16.74,16.73,11330,1549,-384,716
70,ADNT,2020-09-21,0 days 15:59:45.256511,76294,16.75,16.74,1779,2907,3313,-259
71,ADT,2020-09-21,0 days 15:58:22.250274,304821,8.73,8.72,15464,35320,-7711,12289
72,ADT,2020-09-21,0 days 15:59:45.254190,564694,8.72,8.71,11039,19374,-2280,1841
73,ADT,2020-09-21,0 days 15:59:46.255883,559128,8.72,8.71,9304,22921,5566,-2280
74,AEE,2020-09-21,0 days 15:57:35.247834,257151,76.6,76.59,1000,250,1212,-1188
75,AEE,2020-09-21,0 days 15:57:36.248053,256063,76.6,76.59,1100,750,-1088,1212
76,AEE,2020-09-21,0 days 15:57:41.248093,259151,76.6,76.59,1432,850,1112,-1788
77,AEE,2020-09-21,0 days 15:57:42.248001,257963,76.59,76.58,625,552,-1188,1112
78,AEE,2020-09-21,0 days 15:57:43.248318,259151,76.58,76.56,700,600,1812,-1188
79,AEE,2020-09-21,0 days 15:57:44.248018,257963,76.6,76.59,250,647,-1188,1812
80,AEE,2020-09-21,0 days 15:57:47.250367,259951,76.6,76.58,483,200,112,-1388
81,AEE,2020-09-21,0 days 15:57:48.248911,258863,76.6,76.58,605,200,-1088,112
82,AEE,2020-09-21,0 days 15:57:54.248501,260551,76.58,76.57,383,1100,812,-1288
83,AEE,2020-09-21,0 days 15:57:55.248714,259063,76.63,76.61,101,691,-2188,812
84,AEE,2020-09-21,0 days 15:58:44.251043,265447,76.62,76.61,1760,526,-116,884
85,AEE,2020-09-21,0 days 15:58:54.252313,264647,76.62,76.61,300,600,-1616,184
86,AEE,2020-09-21,0 days 15:59:02.252270,269446,76.6,76.58,816,500,2211,-1114
87,AEE,2020-09-21,0 days 15:59:03.252122,269109,76.58,76.56,401,776,-337,2211
88,AEE,2020-09-21,0 days 15:59:05.252108,268602,76.6,76.58,300,500,370,-1274
89,AEE,2020-09-21,0 days 15:59:07.252735,268972,76.61,76.6,615,527,-1330,370
90,AEE,2020-09-21,0 days 15:59:46.255640,277388,76.66,76.63,1508,482,-2185,270
91,AEE,2020-09-21,0 days 16:00:00.265585,276722,76.63,76.61,3627,21611,1071,-594
92,AEG,2020-09-21,0 days 15:59:36.253195,22753,2.45,2.44,267278,480792,15232,-18068
93,AEG,2020-09-21,0 days 15:59:37.253791,21785,2.45,2.44,267068,481392,-968,15232
94,AEM,2020-09-21,0 days 15:55:38.256691,25560,78.55,78.53,483,1424,-518,304
95,AEM,2020-09-21,0 days 15:55:39.256388,25078,78.54,78.53,1377,624,482,-518
96,AEM,2020-09-21,0 days 15:59:43.265170,29348,78.47,78.45,800,245,39,-761
97,AEM,2020-09-21,0 days 15:59:46.265886,30087,78.42,78.4,100,264,-780,339
98,AEM,2020-09-21,0 days 15:59:50.270701,29767,78.44,78.4,246,116,320,-80
99,AEO,2020-09-21,0 days 15:55:39.282049,408767,14.14,14.13,14350,21992,5814,-14033
100,AEO,2020-09-21,0 days 15:55:40.281954,406532,14.14,14.13,15819,21538,-1882,5814
101,AEO,2020-09-21,0 days 15:55:41.282351,409667,14.14,14.13,14619,21857,25665,-1882
102,AEO,2020-09-21,0 days 15:55:42.282093,407932,14.14,14.13,15019,22303,-1735,25665
103,AEO,2020-09-21,0 days 15:57:06.284269,416283,14.11,14.1,4908,17552,1849,-4451
104,AEO,2020-09-21,0 days 15:57:07.283942,415632,14.11,14.1,5100,18669,-651,1849
105,AEO,2020-09-21,0 days 15:57:48.286371,426896,14.14,14.13,18834,5899,1810,-3090
106,AEO,2020-09-21,0 days 15:57:49.286370,424906,14.14,14.13,17934,6199,-1990,1810
107,AEO,2020-09-21,0 days 15:58:11.287898,428496,14.14,14.13,20600,7475,2106,-2094
108,AEO,2020-09-21,0 days 15:58:12.287749,426802,14.14,14.13,19200,8857,-1694,2106
109,AEO,2020-09-21,0 days 15:58:16.288426,428496,14.14,14.13,17276,11481,2006,-1694
110,AEO,2020-09-21,0 days 15:58:17.288160,426802,14.14,14.13,15976,12787,-1694,2006
111,AEO,2020-09-21,0 days 15:59:07.291270,437235,14.14,14.13,19467,27497,29787,-1154
112,AER,2020-09-21,0 days 15:55:00.242562,56737,24.96,24.95,2500,1226,41431,-4716
113,AES,2020-09-21,0 days 15:55:00.926183,617327,18.34,18.33,5840,7900,138650,-157953
114,AES,2020-09-21,0 days 15:55:01.924447,611377,18.34,18.33,8474,4922,-5950,138650
115,AES,2020-09-21,0 days 15:56:02.926770,617355,18.35,18.34,6555,10651,3362,-4586
116,AES,2020-09-21,0 days 15:56:08.926415,621734,18.36,18.35,22766,9026,-560,1837
117,AES,2020-09-21,0 days 15:56:12.926467,618986,18.36,18.35,25866,6559,1148,-560
118,AES,2020-09-21,0 days 15:56:17.926616,620134,18.36,18.35,25271,9088,-2109,1148
119,AES,2020-09-21,0 days 15:56:31.926835,622243,18.36,18.35,27801,7137,672,-1528
120,AES,2020-09-21,0 days 15:56:50.927609,622515,18.35,18.34,16638,3203,-939,272
121,AES,2020-09-21,0 days 15:57:09.928020,623654,18.34,18.33,8125,9718,2661,-939
122,AES,2020-09-21,0 days 15:57:10.930355,622515,18.34,18.33,6440,12518,-1139,2661
123,AES,2020-09-21,0 days 15:59:10.934528,732549,18.35,18.34,11681,13753,-7862,2653
124,AES,2020-09-21,0 days 15:59:27.933598,741169,18.36,18.35,22400,20924,6042,-2776
125,AES,2020-09-21,0 days 15:59:28.933047,739311,18.36,18.35,18125,26587,-1858,6042
126,AES,2020-09-21,0 days 15:59:34.934762,747359,18.36,18.35,17068,21606,-1193,14407
127,AFL,2020-09-21,0 days 15:59:07.257970,489537,36.42,36.41,954,5189,12261,-1843
128,AFL,2020-09-21,0 days 15:59:08.259262,484998,36.43,36.42,3227,4836,-4539,12261
129,AFL,2020-09-21,0 days 15:59:31.253709,491804,36.42,36.41,1844,5704,18641,-5026
130,AFL,2020-09-21,0 days 15:59:32.252626,488245,36.42,36.41,1254,7852,-3559,18641
131,AFL,2020-09-21,0 days 15:59:33.252748,500904,36.42,36.41,2926,8003,10797,-3559
132,AFL,2020-09-21,0 days 15:59:45.254839,500904,36.43,36.42,5786,930,295,-1703
133,AFL,2020-09-21,0 days 15:59:47.253985,499641,36.43,36.42,3518,7705,-1263,4337
134,AGI,2020-09-21,0 days 15:57:29.256115,38994,9.2,9.19,50109,27224,481,-1019
135,AGI,2020-09-21,0 days 15:57:42.257266,39475,9.2,9.19,43463,30797,-59,481
136,AGI,2020-09-21,0 days 15:59:16.263141,36772,9.19,9.18,57488,19693,5914,-830
137,AGI,2020-09-21,0 days 15:59:43.265170,42557,9.19,9.18,83115,5971,129,-1671
138,AIG,2020-09-21,0 days 15:59:46.934334,2884864,27.0,26.99,5246,2387,-3532,4251
139,AIG,2020-09-21,0 days 15:59:50.935805,2858545,26.97,26.96,7158,5900,604457,-10494
140,AKR,2020-09-21,0 days 15:55:40.245735,124481,11.36,11.35,1484,1810,863,-2464
141,AKR,2020-09-21,0 days 15:55:41.245225,122844,11.36,11.35,1478,1957,-1637,863
142,AKR,2020-09-21,0 days 15:59:06.253059,138879,11.34,11.32,5510,1388,195,-1540
143,AKR,2020-09-21,0 days 15:59:42.258515,145596,11.33,11.32,269,1400,-516,3784
144,AKR,2020-09-21,0 days 15:59:46.255805,149912,11.34,11.33,1220,100,6502,-4
145,AKR,2020-09-21,0 days 15:59:47.255746,149514,11.35,11.34,200,121,-398,6502
146,ALC,2020-09-21,0 days 15:55:00.225728,16312,57.17,57.14,880,100,-431,2463
147,ALC,2020-09-21,0 days 15:57:50.232318,17264,57.1,57.09,640,239,63,-137
148,ALC,2020-09-21,0 days 15:57:51.231977,17027,57.1,57.09,900,339,-237,63
149,ALC,2020-09-21,0 days 15:59:02.235589,17814,57.1,57.09,2238,500,134,-116
150,ALC,2020-09-21,0 days 15:59:26.232343,18631,57.13,57.1,900,870,302,-1083
151,ALC,2020-09-21,0 days 15:59:27.232582,18433,57.13,57.1,900,550,-198,302
152,ALK,2020-09-21,0 days 15:59:48.265640,261648,37.66,37.65,1321,631,64,-636
153,ALL,2020-09-21,0 days 15:55:00.926288,405187,91.83,91.8,968,200,-5197,9041
154,ALL,2020-09-21,0 days 15:55:38.926472,411540,91.91,91.88,300,1391,1604,-187
155,ALL,2020-09-21,0 days 15:56:24.927031,412044,91.87,91.85,293,300,407,-393
156,ALL,2020-09-21,0 days 15:56:25.926704,411841,91.87,91.85,393,500,-203,407
157,ALL,2020-09-21,0 days 15:56:30.926606,412626,91.87,91.86,2101,600,1130,-203
158,ALL,2020-09-21,0 days 15:56:31.926855,412456,91.87,91.86,2533,790,-170,1130
159,ALL,2020-09-21,0 days 15:57:45.929945,435673,92.0,91.98,432,201,1593,-2207
160,ALL,2020-09-21,0 days 15:57:46.929245,433566,92.0,91.98,100,701,-2907,1593
161,ALL,2020-09-21,0 days 15:57:48.929785,438573,91.99,91.97,1212,200,4493,-2907
162,ALL,2020-09-21,0 days 15:57:49.929464,436166,91.99,91.97,2100,341,-307,4493
163,ALL,2020-09-21,0 days 15:57:50.930235,436009,91.99,91.97,2560,100,157,-307
164,ALL,2020-09-21,0 days 15:58:47.931950,435383,92.01,91.97,1412,400,-2273,7727
165,ALL,2020-09-21,0 days 15:59:05.935436,455283,92.0,91.98,293,500,35138,-2222
166,ALL,2020-09-21,0 days 15:59:07.934194,490250,92.04,92.02,300,300,-3833,9357
167,ALL,2020-09-21,0 days 15:59:08.934249,487783,92.03,92.01,100,714,2467,-3833
168,ALL,2020-09-21,0 days 15:59:12.934279,490745,91.99,91.96,1209,117,-4601,3513
169,ALLY,2020-09-21,0 days 15:59:15.291843,741598,24.57,24.56,6243,2735,92986,-91696
170,ALLY,2020-09-21,0 days 15:59:16.290554,710956,24.6,24.59,4330,5043,-56742,92986
171,ALLY,2020-09-21,0 days 15:59:30.295066,768398,24.6,24.59,2504,4713,238,-4279
172,ALLY,2020-09-21,0 days 15:59:32.292047,764310,24.6,24.59,1488,5787,-8795,27012
173,ALSN,2020-09-21,0 days 15:56:34.257299,109288,32.19,32.18,1161,1406,10,-490
174,ALSN,2020-09-21,0 days 15:57:10.257975,107598,32.18,32.17,405,837,-1699,201
175,ALSN,2020-09-21,0 days 15:59:22.265555,123082,32.21,32.2,3363,1200,-2407,3793
176,ALSN,2020-09-21,0 days 15:59:45.266969,128513,32.2,32.19,3970,3006,1632,-429
177,ALSN,2020-09-21,0 days 15:59:46.266028,126445,32.2,32.19,2970,3806,-2502,1632
178,AM,2020-09-21,0 days 15:55:33.245162,289727,5.37,5.36,18916,13039,4464,-7036
179,AM,2020-09-21,0 days 15:55:34.245593,283691,5.37,5.36,18916,13839,-6036,4464
180,AM,2020-09-21,0 days 15:57:02.247583,289727,5.37,5.36,26494,13735,335,-2999
181,AM,2020-09-21,0 days 15:59:27.254063,298903,5.37,5.36,16646,35104,2001,-50
182,AM,2020-09-21,0 days 15:59:28.254884,295204,5.37,5.36,16167,39004,-3699,2001
183,AMCR,2020-09-21,0 days 15:59:19.252411,1305020,11.03,11.02,45189,69032,15358,-40367
184,AMCR,2020-09-21,0 days 15:59:20.251920,1286278,11.03,11.02,43864,60848,-18742,15358
185,AMCR,2020-09-21,0 days 15:59:43.254133,1318080,11.03,11.02,33385,81672,-5522,4077
186,AMH,2020-09-21,0 days 15:58:01.233163,211651,27.85,27.84,6722,3934,47,-576
187,AMH,2020-09-21,0 days 15:58:02.232521,206498,27.85,27.84,5721,5334,-5153,47
188,AMH,2020-09-21,0 days 15:58:49.234041,211724,27.83,27.82,1546,5566,4511,-2372
189,AMH,2020-09-21,0 days 15:58:50.234430,207835,27.83,27.82,1703,5066,-3889,4511
190,AMH,2020-09-21,0 days 15:59:12.236217,217169,27.86,27.85,3512,2852,4979,-3999
191,AMH,2020-09-21,0 days 15:59:13.236300,214148,27.86,27.85,4116,2918,-3021,4979
192,AMH,2020-09-21,0 days 15:59:26.232343,223434,27.84,27.83,4414,1764,-2948,4152
193,AMT,2020-09-21,0 days 15:57:46.929339,288835,240.49,240.44,200,118,57,-643
194,AMT,2020-09-21,0 days 15:57:48.929955,290634,240.47,240.38,225,579,-1620,99
195,AMT,2020-09-21,0 days 15:57:49.929517,290454,240.47,240.4,408,278,138,-1620
196,AMT,2020-09-21,0 days 15:57:50.930299,289992,240.49,240.45,200,125,-462,138
197,AMT,2020-09-21,0 days 15:57:51.929574,290454,240.49,240.45,200,225,138,-462
198,AMT,2020-09-21,0 days 15:57:52.929651,291234,240.46,240.36,225,415,-1420,138
199,AMT,2020-09-21,0 days 15:57:53.929707,291054,240.46,240.38,308,234,180,-1420
200,AMT,2020-09-21,0 days 15:57:59.930210,291338,240.51,240.45,144,297,-816,138
201,AMT,2020-09-21,0 days 15:58:00.931371,290654,240.48,240.44,225,516,2775,-816
202,AMT,2020-09-21,0 days 15:58:04.930850,296329,240.52,240.49,471,371,-925,1875
203,AMT,2020-09-21,0 days 15:58:06.932098,291754,240.54,240.5,783,128,175,-3725
204,AMT,2020-09-21,0 days 15:58:09.931258,291933,240.58,240.52,101,676,-921,175
205,AMT,2020-09-21,0 days 15:58:11.931769,291654,240.58,240.52,286,939,279,-1421
206,AMT,2020-09-21,0 days 15:58:17.931199,291933,240.57,240.51,102,125,-821,379
207,AMT,2020-09-21,0 days 15:58:18.931364,292254,240.57,240.52,102,217,279,-821
208,AMT,2020-09-21,0 days 15:58:21.931270,292533,240.55,240.52,100,217,-1221,279
209,AMT,2020-09-21,0 days 15:58:22.932147,292254,240.51,240.49,208,118,2879,-1221
210,AMT,2020-09-21,0 days 15:58:26.932698,294733,240.55,240.51,200,343,-1921,579
211,AMT,2020-09-21,0 days 15:58:27.931715,294154,240.55,240.51,303,618,579,-1921
212,AMT,2020-09-21,0 days 15:58:46.931709,294733,240.56,240.48,177,244,-3621,879
213,AMT,2020-09-21,0 days 15:58:47.931981,294254,240.6,240.52,600,225,479,-3621
214,AMT,2020-09-21,0 days 15:58:58.932768,292423,240.7,240.64,200,434,288,-2412
215,AMT,2020-09-21,0 days 15:59:05.935622,305855,240.59,240.51,125,125,-10520,137
216,AMT,2020-09-21,0 days 15:59:30.935339,330654,240.57,240.5,525,939,1099,-4931
217,AMT,2020-09-21,0 days 15:59:31.934185,329453,240.64,240.57,325,1242,-1458,1099
218,AMT,2020-09-21,0 days 15:59:32.933723,328611,240.64,240.57,325,931,242,-1458
219,AMT,2020-09-21,0 days 15:59:36.934169,328853,240.65,240.57,410,979,-958,1799
220,AMT,2020-09-21,0 days 15:59:37.933911,328054,240.64,240.57,525,764,3699,-958
221,AMT,2020-09-21,0 days 15:59:38.934234,328853,240.69,240.6,400,1105,-2258,3699
222,AMT,2020-09-21,0 days 15:59:39.934318,328311,240.7,240.65,100,867,154,-2258
223,AMT,2020-09-21,0 days 15:59:45.934364,321862,240.89,240.75,324,1304,-6649,269
224,AMT,2020-09-21,0 days 15:59:46.934276,321511,240.89,240.77,425,1104,351,-6649
225,ANF,2020-09-21,0 days 15:56:08.282696,113712,14.69,14.68,6774,4096,405,-593
226,ANF,2020-09-21,0 days 15:56:09.282396,113117,14.69,14.68,6878,4096,-595,405
227,ANF,2020-09-21,0 days 15:56:29.283336,113712,14.67,14.66,7460,4466,1105,-395
228,ANF,2020-09-21,0 days 15:56:30.283187,113517,14.67,14.66,12028,4366,-195,1105
229,ANF,2020-09-21,0 days 15:57:46.286753,116812,14.69,14.68,9239,4939,4195,-305
230,ANF,2020-09-21,0 days 15:58:01.287399,116489,14.69,14.68,5854,7451,-323,295
231,ANF,2020-09-21,0 days 15:58:59.289630,116812,14.69,14.68,3778,5196,277,-23
232,ANF,2020-09-21,0 days 15:59:03.290322,116794,14.69,14.68,16508,3054,-207,76
233,ANF,2020-09-21,0 days 15:59:11.291369,123442,14.69,14.68,10793,4873,1352,-48
234,ANF,2020-09-21,0 days 15:59:12.291094,122894,14.69,14.68,9993,4965,-5347,1352
235,ANF,2020-09-21,0 days 15:59:46.293190,127005,14.69,14.68,8040,4934,2857,-511
236,ANTM,2020-09-21,0 days 15:55:00.243444,109126,256.84,256.72,200,225,699,-6152
237,ANTM,2020-09-21,0 days 15:55:24.244475,109825,257.04,256.93,325,225,-852,682
238,ANTM,2020-09-21,0 days 15:55:25.244366,109077,257.04,256.92,545,528,731,-852
239,ANTM,2020-09-21,0 days 15:57:33.248425,109846,257.35,257.21,100,310,-220,780
240,ANTM,2020-09-21,0 days 15:57:35.247859,109466,257.34,257.21,210,387,380,-520
241,ANTM,2020-09-21,0 days 15:57:37.248642,109846,257.29,257.18,425,400,-1020,380
242,ANTM,2020-09-21,0 days 15:57:39.247625,109666,257.29,257.15,414,225,180,-720
243,ANTM,2020-09-21,0 days 15:57:40.247544,109846,257.29,257.15,314,125,-520,180
244,ANTM,2020-09-21,0 days 15:57:43.248334,111966,257.29,257.15,314,462,680,-220
245,ANTM,2020-09-21,0 days 15:57:45.248189,111846,257.29,257.22,221,125,-220,154
246,ANTM,2020-09-21,0 days 15:57:46.249025,112066,257.28,257.2,100,100,280,-220
247,ANTM,2020-09-21,0 days 15:57:47.250406,111846,257.28,257.2,100,100,-920,280
248,ANTM,2020-09-21,0 days 15:58:11.249988,115260,257.23,257.16,122,300,61,-539
249,ANTM,2020-09-21,0 days 15:58:12.250177,114721,257.23,257.17,122,225,-539,61
250,ANTM,2020-09-21,0 days 15:58:47.250840,113160,257.23,257.07,248,125,1761,-565
251,ANTM,2020-09-21,0 days 15:58:48.251018,112821,257.23,257.09,361,325,-339,1761
252,ANTM,2020-09-21,0 days 15:59:02.252311,114605,257.28,257.12,104,310,1617,-545
253,ANTM,2020-09-21,0 days 15:59:03.252196,114222,257.27,257.12,328,100,-383,1617
254,ANTM,2020-09-21,0 days 15:59:06.253097,116981,257.36,257.31,100,100,19272,-358
255,AOS,2020-09-21,0 days 15:55:00.926556,122801,51.9,51.89,967,702,25544,-30436
256,AOS,2020-09-21,0 days 15:55:01.924610,120645,51.9,51.89,250,702,-2043,25544
257,AOS,2020-09-21,0 days 15:57:48.929928,141170,51.93,51.92,540,241,68,-3119
258,AOS,2020-09-21,0 days 15:57:50.930269,141238,51.93,51.92,560,217,-119,68
259,AOS,2020-09-21,0 days 15:59:04.934847,139438,51.91,51.9,1589,1891,-1372,1234
260,AOS,2020-09-21,0 days 15:59:45.934284,182679,51.9,51.89,1334,1163,4218,-410
261,AOS,2020-09-21,0 days 15:59:46.934234,180497,51.9,51.89,1224,1661,-2893,4218
262,APH,2020-09-21,0 days 15:55:00.926321,130964,103.43,103.42,600,150,52537,-16820
263,APH,2020-09-21,0 days 15:56:50.927661,175633,103.45,103.42,350,100,-115,323
264,APH,2020-09-21,0 days 15:57:10.930431,172948,103.45,103.42,150,550,2685,-15
265,APH,2020-09-21,0 days 15:57:15.928509,175473,103.52,103.5,490,150,-75,285
266,APH,2020-09-21,0 days 15:57:16.928447,174948,103.51,103.48,345,453,525,-75
267,APH,2020-09-21,0 days 15:57:39.928657,177173,103.51,103.5,150,100,-725,575
268,APH,2020-09-21,0 days 15:57:40.929437,176798,103.51,103.5,139,100,2075,-725
269,APH,2020-09-21,0 days 15:57:43.928850,180473,103.53,103.48,150,950,-825,1275
270,APH,2020-09-21,0 days 15:57:44.929199,179698,103.53,103.48,150,950,775,-825
271,APH,2020-09-21,0 days 15:57:45.929984,180473,103.53,103.48,350,950,-1925,775
272,APH,2020-09-21,0 days 15:57:46.929294,178798,103.5,103.46,273,310,1675,-1925
273,APH,2020-09-21,0 days 15:57:51.929530,181133,103.5,103.46,350,310,-604,1036
274,APH,2020-09-21,0 days 15:57:52.929588,180337,103.5,103.46,350,310,1036,-604
275,APH,2020-09-21,0 days 15:57:58.929720,181833,103.5,103.47,347,140,-1104,836
276,APH,2020-09-21,0 days 15:58:00.931245,180937,103.5,103.47,347,140,736,-704
277,APH,2020-09-21,0 days 15:58:15.931245,183424,103.48,103.43,250,611,-533,2667
278,APH,2020-09-21,0 days 15:58:16.931329,182457,103.48,103.43,250,590,967,-533
279,APH,2020-09-21,0 days 15:58:20.931253,183424,103.48,103.43,250,490,-133,967
280,APH,2020-09-21,0 days 15:58:21.931211,182457,103.48,103.43,250,1210,967,-133
281,APH,2020-09-21,0 days 15:58:22.932104,183424,103.48,103.43,250,1210,-133,967
282,APH,2020-09-21,0 days 15:58:23.931450,182607,103.48,103.43,250,1670,817,-133
283,APH,2020-09-21,0 days 15:59:31.934072,192477,103.44,103.4,682,600,350,-7150
284,APH,2020-09-21,0 days 15:59:33.934255,192827,103.46,103.43,803,101,-850,1850
285,APH,2020-09-21,0 days 15:59:34.934797,192277,103.46,103.41,1101,1108,550,-850
286,APH,2020-09-21,0 days 15:59:45.934236,191050,103.55,103.5,686,1067,-4113,373
287,APH,2020-09-21,0 days 15:59:47.934668,191063,103.53,103.5,350,600,2887,-513
288,APH,2020-09-21,0 days 15:59:49.936920,191116,103.53,103.5,150,500,-2647,353
289,APH,2020-09-21,0 days 15:59:50.935134,189863,103.54,103.5,833,655,1253,-2647
290,APLE,2020-09-21,0 days 15:55:00.802036,218741,9.4,9.39,13452,2766,6953,-65968
291,APLE,2020-09-21,0 days 15:55:01.801321,225694,9.4,9.39,13152,5368,-447,6953
292,APLE,2020-09-21,0 days 15:55:02.801099,224541,9.4,9.39,12352,5768,1153,-447
293,APLE,2020-09-21,0 days 15:59:06.809641,240799,9.39,9.38,10638,12249,-6659,654
294,APTV,2020-09-21,0 days 15:56:18.246499,245778,84.45,84.42,300,571,454,-46
295,APTV,2020-09-21,0 days 15:56:19.246767,245332,84.45,84.42,700,259,-446,454
296,APTV,2020-09-21,0 days 15:56:31.247500,247475,84.39,84.37,1355,200,4102,-543
297,APTV,2020-09-21,0 days 15:56:32.247267,247377,84.39,84.37,1055,589,-98,4102
298,APTV,2020-09-21,0 days 15:56:40.247083,247975,84.37,84.35,500,748,302,-198
299,APTV,2020-09-21,0 days 15:56:41.246915,247877,84.37,84.35,500,548,-98,302
300,APTV,2020-09-21,0 days 15:57:29.248679,248609,84.45,84.41,657,1661,220,-199
301,APTV,2020-09-21,0 days 15:57:30.249807,248429,84.45,84.42,357,100,-224,220
302,APTV,2020-09-21,0 days 15:57:40.249602,253253,84.45,84.43,771,1694,976,-624
303,APTV,2020-09-21,0 days 15:57:41.249477,254129,84.45,84.43,561,3899,-824,976
304,APTV,2020-09-21,0 days 15:57:43.249291,254953,84.45,84.43,979,2024,1476,-824
305,APTV,2020-09-21,0 days 15:57:44.249232,254229,84.45,84.43,879,2124,-724,1476
306,APTV,2020-09-21,0 days 15:57:46.249917,254953,84.45,84.43,569,2168,776,-724
307,APTV,2020-09-21,0 days 15:57:47.251699,254229,84.44,84.43,100,2009,-724,776
308,APTV,2020-09-21,0 days 15:57:52.249713,254953,84.45,84.43,668,810,790,-710
309,APTV,2020-09-21,0 days 15:57:53.249644,254243,84.45,84.43,668,790,-976,790
310,APTV,2020-09-21,0 days 15:57:55.249885,255219,84.45,84.43,599,861,2924,-976
311,APTV,2020-09-21,0 days 15:59:06.253211,264498,84.52,84.5,199,1100,594,-728
312,AR,2020-09-21,0 days 15:59:41.934531,668740,3.04,3.03,72976,59085,31985,-21415
313,AR,2020-09-21,0 days 15:59:42.934200,656625,3.04,3.03,73206,58785,-12115,31985
314,AR,2020-09-21,0 days 15:59:45.934075,668740,3.04,3.03,82272,52885,13954,-4520
315,AR,2020-09-21,0 days 15:59:46.934030,657894,3.04,3.03,82272,51520,-14140,13954
316,ARE,2020-09-21,0 days 15:56:32.803051,145467,155.88,155.84,238,100,75,-1125
317,ARE,2020-09-21,0 days 15:56:33.803415,143176,155.88,155.82,238,400,-2291,75
318,ARE,2020-09-21,0 days 15:58:22.807990,146545,155.74,155.69,200,381,87,-2513
319,ARE,2020-09-21,0 days 15:58:26.809278,144232,155.75,155.73,114,100,-2313,87
320,ARE,2020-09-21,0 days 15:58:52.809095,145632,155.71,155.65,400,200,-916,1284
321,ARE,2020-09-21,0 days 15:59:08.810181,146806,155.82,155.75,100,500,137,-363
322,ARE,2020-09-21,0 days 15:59:09.811562,146943,155.82,155.76,100,500,-65,137
323,ARE,2020-09-21,0 days 15:59:13.810454,147008,155.75,155.72,100,313,131,-65
324,ARE,2020-09-21,0 days 15:59:18.803096,146578,155.72,155.69,294,202,-430,1670
325,ARE,2020-09-21,0 days 15:59:54.805824,147108,155.84,155.78,405,698,160,-240
326,ARI,2020-09-21,0 days 15:59:06.253141,255588,8.98,8.97,13397,9565,12315,-12933
327,ARI,2020-09-21,0 days 15:59:27.253814,274074,8.98,8.97,14187,12619,-707,1366
328,ARI,2020-09-21,0 days 15:59:28.254701,272781,8.98,8.97,13417,12619,1293,-707
329,ARI,2020-09-21,0 days 15:59:43.255392,274074,8.98,8.97,13567,14821,-827,832
330,ARI,2020-09-21,0 days 15:59:44.255107,273401,8.98,8.97,13526,15587,673,-827
331,ARI,2020-09-21,0 days 15:59:47.255782,276146,8.98,8.97,12323,16941,-354,1305
332,ARI,2020-09-21,0 days 15:59:48.256421,275500,8.98,8.97,12644,16785,646,-354
333,ARI,2020-09-21,0 days 15:59:49.255274,277013,8.98,8.97,12744,16785,-8,646
334,ARI,2020-09-21,0 days 15:59:50.259552,275221,8.98,8.97,12544,16185,925,-8
335,ARMK,2020-09-21,0 days 15:57:36.251312,475400,26.02,26.01,1265,6410,3474,-1126
336,ARMK,2020-09-21,0 days 15:57:37.251298,472374,26.02,26.01,565,7516,-3026,3474
337,ARMK,2020-09-21,0 days 15:57:42.251519,475400,26.02,26.01,165,7877,174,-7226
338,ARMK,2020-09-21,0 days 15:57:44.248388,472874,26.02,26.0,1474,2050,-2526,1774
339,ARMK,2020-09-21,0 days 15:58:02.250642,475400,26.01,26.0,300,3769,1374,-1226
340,ARMK,2020-09-21,0 days 15:58:03.251811,473274,26.01,26.0,300,3869,-2126,1374
341,ARMK,2020-09-21,0 days 15:58:05.250928,475400,26.01,26.0,373,8735,2074,-10426
342,ARMK,2020-09-21,0 days 15:58:06.252963,473274,26.02,26.01,1201,365,-2126,2074
343,ARMK,2020-09-21,0 days 15:58:54.254216,474300,26.02,26.01,1775,3549,-4146,9328
344,ARMK,2020-09-21,0 days 15:59:11.254014,477836,26.01,26.0,1200,3472,583,-3328
345,ARMK,2020-09-21,0 days 15:59:12.254475,476519,26.01,26.0,1500,3608,-1317,583
346,ARMK,2020-09-21,0 days 15:59:23.251039,477408,26.02,26.01,2388,893,-656,8544
347,ARMK,2020-09-21,0 days 15:59:26.251406,478664,26.04,26.02,1238,1070,15365,-656
348,ARMK,2020-09-21,0 days 15:59:31.252797,484855,26.08,26.06,1700,1060,10087,-635
349,ARMK,2020-09-21,0 days 15:59:41.252755,498261,26.1,26.09,1800,7544,3053,-2219
350,ARMK,2020-09-21,0 days 15:59:55.251957,491977,26.1,26.07,1900,500,-11798,8731
351,ARNC,2020-09-21,0 days 15:59:43.933462,92313,19.19,19.18,2101,2326,-462,14438
352,ARNC,2020-09-21,0 days 15:59:45.934075,92775,19.19,19.18,10548,974,3206,-462
353,ARNC,2020-09-21,0 days 15:59:46.934030,92681,19.19,19.18,9242,974,-1241,3206
354,ARNC,2020-09-21,0 days 15:59:48.935145,93922,19.19,19.18,10766,774,298,-1241
355,ARNC,2020-09-21,0 days 15:59:50.934925,90920,19.19,19.18,9612,789,-3002,598
356,AROC,2020-09-21,0 days 15:56:52.230387,170474,5.73,5.72,7788,7445,-2096,404
357,AROC,2020-09-21,0 days 15:58:25.233457,171115,5.72,5.71,5658,11819,-1455,3845
358,AROC,2020-09-21,0 days 15:59:19.232056,175017,5.72,5.71,4340,12510,429,-439
359,ASB,2020-09-21,0 days 15:58:30.256697,223178,12.7,12.69,10460,9784,1043,-1857
360,ASB,2020-09-21,0 days 15:58:31.256826,219221,12.7,12.69,22675,7999,-3857,1043
361,ASB,2020-09-21,0 days 15:59:21.252679,240631,12.69,12.68,8716,8193,243,-10601
362,ASB,2020-09-21,0 days 15:59:27.252650,240874,12.7,12.69,11668,4009,-2153,243
363,ASB,2020-09-21,0 days 15:59:45.255106,240931,12.7,12.69,14810,9260,1789,-2143
364,ASB,2020-09-21,0 days 15:59:47.254251,240069,12.7,12.69,15410,8508,-5445,5378
365,ASB,2020-09-21,0 days 16:00:00.254220,244870,12.66,12.65,28032,39127,2265,-5135
366,ATI,2020-09-21,0 days 15:55:00.279912,346411,9.38,9.37,2311,3851,-8826,17371
367,ATI,2020-09-21,0 days 15:59:25.291907,362619,9.39,9.38,10325,8717,38037,-4352
368,ATI,2020-09-21,0 days 15:59:26.291768,359956,9.39,9.38,3230,11619,-2563,38037
369,ATI,2020-09-21,0 days 15:59:45.293958,366419,9.39,9.38,14136,15449,2437,-763
370,ATI,2020-09-21,0 days 15:59:46.293207,364379,9.39,9.38,19053,19173,-1079,2437
371,ATUS,2020-09-21,0 days 15:59:43.291838,918349,25.95,25.94,6572,18677,1216,-19811
372,AU,2020-09-21,0 days 15:55:00.926601,72757,26.08,26.07,2723,1728,-1891,13476
373,AU,2020-09-21,0 days 15:55:02.924561,70548,26.07,26.06,1400,2877,2209,-6791
374,AU,2020-09-21,0 days 15:59:42.934358,89790,26.17,26.16,9100,3762,-266,834
375,AUY,2020-09-21,0 days 15:59:46.253660,205455,5.85,5.84,476884,282269,-2135,5765
376,AUY,2020-09-21,0 days 15:59:48.250810,200690,5.85,5.84,438546,417806,4765,-2135
377,AVTR,2020-09-21,0 days 15:59:14.235990,1059377,22.8,22.79,700,16337,5308,-10992
378,AVTR,2020-09-21,0 days 15:59:15.231932,1057033,22.8,22.79,822,16437,-2344,5308
379,AVTR,2020-09-21,0 days 15:59:41.233379,1079147,22.8,22.79,1746,19996,-1196,2798
380,AVTR,2020-09-21,0 days 15:59:42.236779,1080343,22.8,22.79,100,21275,660,-1196
381,AVTR,2020-09-21,0 days 15:59:44.233010,1079897,22.81,22.8,1857,1982,-446,11798
382,AVYA,2020-09-21,0 days 15:55:00.225790,172814,14.81,14.8,921,1790,838,-875
383,AVYA,2020-09-21,0 days 15:55:04.226387,173652,14.81,14.8,2382,2390,-362,838
384,AVYA,2020-09-21,0 days 15:55:05.226469,172814,14.81,14.8,1066,2790,838,-362
385,AVYA,2020-09-21,0 days 15:56:16.229276,173793,14.83,14.82,7229,5940,-891,509
386,AVYA,2020-09-21,0 days 15:56:28.230905,173334,14.82,14.81,6002,1414,559,-791
387,AVYA,2020-09-21,0 days 15:56:32.229805,173893,14.81,14.8,4476,3355,-691,559
388,AVYA,2020-09-21,0 days 15:56:33.229521,173584,14.81,14.8,5616,4200,309,-691
389,AVYA,2020-09-21,0 days 15:59:12.236292,180788,14.82,14.81,7995,7844,-2876,1118
390,AVYA,2020-09-21,0 days 15:59:13.236378,180164,14.82,14.81,7995,7944,624,-2876
391,AVYA,2020-09-21,0 days 15:59:16.231745,177538,14.82,14.81,7164,10299,-126,896
392,AVYA,2020-09-21,0 days 15:59:17.231749,177164,14.82,14.81,5270,11699,374,-126
393,AXL,2020-09-21,0 days 15:59:35.253715,283162,5.41,5.4,34092,25739,1290,-12849
394,AXL,2020-09-21,0 days 16:00:00.251829,277916,5.39,5.38,76711,51880,3208,-15292
395,AXP,2020-09-21,0 days 15:58:43.808071,876921,98.01,97.99,400,2989,38774,-33382
396,AXP,2020-09-21,0 days 15:59:07.809721,897089,98.04,98.03,181,1296,-8222,13240
397,AXP,2020-09-21,0 days 15:59:14.807847,909974,98.11,98.1,503,600,255527,-8498
398,AXTA,2020-09-21,0 days 15:59:25.254414,374954,22.95,22.94,4231,4469,994,-1606
399,AXTA,2020-09-21,0 days 15:59:33.254558,375948,22.95,22.94,2246,8703,-14208,994
400,AZEK,2020-09-21,0 days 15:55:02.226360,58048,32.1,32.07,2727,538,3196,-2904
401,AZEK,2020-09-21,0 days 15:55:03.226539,55244,32.1,32.07,2565,510,-2804,3196
402,AZEK,2020-09-21,0 days 15:55:48.230184,58067,32.13,32.1,405,1043,4862,-2101
403,AZEK,2020-09-21,0 days 15:55:49.229412,55329,32.14,32.11,200,235,-5197,4862
404,AZN,2020-09-21,0 days 15:55:00.242937,362900,55.78,55.77,2726,2181,4590,-311567
405,AZN,2020-09-21,0 days 15:57:36.249500,447498,55.82,55.81,2190,400,-1978,1422
406,AZN,2020-09-21,0 days 15:57:37.249599,438976,55.82,55.81,1490,2478,8522,-1978
407,AZN,2020-09-21,0 days 15:58:15.250486,447652,55.83,55.82,1500,3699,-1257,6643
408,AZN,2020-09-21,0 days 15:58:16.250941,440509,55.83,55.82,1800,6614,7143,-1257
409,AZN,2020-09-21,0 days 15:59:17.252915,447672,55.84,55.83,1683,5251,-6172,571
410,AZN,2020-09-21,0 days 15:59:18.253569,444644,55.84,55.83,809,7535,3028,-6172
411,AZN,2020-09-21,0 days 15:59:19.254249,447672,55.84,55.83,587,7732,-6637,3028
412,AZN,2020-09-21,0 days 15:59:20.254022,445509,55.84,55.83,720,5800,2163,-6637
413,AZN,2020-09-21,0 days 15:59:36.255548,447182,55.89,55.88,2160,936,490,-12310
414,AZN,2020-09-21,0 days 15:59:39.254854,447672,55.89,55.88,1512,4251,-6660,790
415,AZN,2020-09-21,0 days 15:59:40.255747,447232,55.89,55.88,3212,1000,1040,-6660
416,BA,2020-09-21,0 days 15:57:14.286093,263467,156.31,156.29,318,1955,1637,-1462
417,BA,2020-09-21,0 days 15:58:33.288989,296468,156.49,156.46,200,200,2017,-7960
418,BA,2020-09-21,0 days 15:58:34.288904,293585,156.48,156.44,299,413,-2883,2017
419,BA,2020-09-21,0 days 15:59:16.290541,299932,156.41,156.38,200,512,-46337,317
420,BABA,2020-09-21,0 days 15:55:00.252865,324116,273.73,273.63,111,201,-27999,186666
421,BABA,2020-09-21,0 days 15:55:01.252858,323415,273.6,273.54,221,300,738,-27999
422,BABA,2020-09-21,0 days 15:56:02.255595,324484,273.88,273.83,1734,1307,-249,154
423,BABA,2020-09-21,0 days 15:56:03.256276,323933,273.88,273.84,1684,300,551,-249
424,BABA,2020-09-21,0 days 15:56:11.255974,326542,273.92,273.89,687,600,-115,185
425,BABA,2020-09-21,0 days 15:56:12.255738,325957,273.92,273.89,687,822,585,-115
426,BABA,2020-09-21,0 days 15:56:27.255805,327547,273.9,273.85,435,300,-742,695
427,BABA,2020-09-21,0 days 15:56:28.257812,326989,273.87,273.8,128,300,595,-742
428,BABA,2020-09-21,0 days 15:57:12.258987,327608,273.97,273.9,400,300,-81,256
429,BABA,2020-09-21,0 days 15:57:13.255196,327089,273.94,273.9,222,500,519,-81
430,BABA,2020-09-21,0 days 15:57:33.256360,328612,273.89,273.88,200,500,-2674,526
431,BABA,2020-09-21,0 days 15:57:39.256340,328912,273.9,273.86,1000,601,-2374,2823
432,BABA,2020-09-21,0 days 15:57:57.257568,339089,273.97,273.94,902,206,648,-1352
433,BABA,2020-09-21,0 days 15:59:01.263759,342861,274.12,274.07,339,200,529,-182
434,BABA,2020-09-21,0 days 15:59:02.262388,341990,274.11,274.06,839,400,-871,529
435,BAC,2020-09-21,0 days 15:59:15.254231,5877997,24.48,24.47,56749,78099,-376412,181413
436,BAX,2020-09-21,0 days 15:55:44.244290,241754,80.25,80.23,1428,400,-802,741
437,BAX,2020-09-21,0 days 15:55:45.244620,240256,80.25,80.23,1328,500,1498,-802
438,BAX,2020-09-21,0 days 15:57:33.248352,244359,80.26,80.25,501,1589,-2257,143
439,BAX,2020-09-21,0 days 15:57:34.248285,243316,80.26,80.25,677,1587,1043,-2257
440,BAX,2020-09-21,0 days 15:57:47.250283,244429,80.26,80.25,100,800,-1187,1943
441,BAX,2020-09-21,0 days 15:57:56.249582,244359,80.26,80.25,601,975,-1557,143
442,BAX,2020-09-21,0 days 15:57:58.248781,244316,80.26,80.24,1309,408,43,-957
443,BAX,2020-09-21,0 days 15:58:04.250932,244359,80.26,80.25,948,1360,-1157,43
444,BAX,2020-09-21,0 days 15:58:12.250094,245489,80.27,80.26,104,1172,-1527,173
445,BAX,2020-09-21,0 days 15:58:13.250352,244816,80.27,80.26,248,1872,673,-1527
446,BAX,2020-09-21,0 days 15:58:14.250261,245489,80.29,80.27,431,502,-227,673
447,BAX,2020-09-21,0 days 15:58:29.251451,245316,80.3,80.28,300,1394,50,-27
448,BAX,2020-09-21,0 days 15:58:31.250472,245289,80.3,80.28,601,1321,-27,50
449,BAX,2020-09-21,0 days 15:58:37.250762,245316,80.3,80.29,1340,796,288,-27
450,BAX,2020-09-21,0 days 15:59:04.252436,242890,80.24,80.23,1006,700,-9585,328
451,BAX,2020-09-21,0 days 15:59:29.251751,274131,80.24,80.23,170,208,3461,-2011
452,BAX,2020-09-21,0 days 15:59:30.256812,272592,80.25,80.24,501,593,-2509,3461
453,BB,2020-09-21,0 days 15:57:26.230243,73114,4.77,4.76,23193,201569,-1050,37421
454,BB,2020-09-21,0 days 15:59:15.232109,82849,4.77,4.76,166429,94931,8677,-6109
455,BB,2020-09-21,0 days 15:59:28.232768,91526,4.77,4.76,170468,94862,-404,8696
456,BB,2020-09-21,0 days 15:59:34.233169,91930,4.77,4.76,130715,115984,4548,-404
457,BB,2020-09-21,0 days 15:59:36.232799,96478,4.77,4.76,127168,127584,-3252,4548
458,BB,2020-09-21,0 days 15:59:37.233371,95930,4.77,4.76,130187,127484,548,-3252
459,BB,2020-09-21,0 days 15:59:41.233493,96478,4.77,4.76,130014,149859,-5552,548
460,BB,2020-09-21,0 days 15:59:42.236933,95930,4.77,4.76,130014,149309,548,-5552
461,BB,2020-09-21,0 days 15:59:46.234997,96478,4.77,4.76,32162,218610,-4052,548
462,BBD,2020-09-21,0 days 15:59:36.253323,544272,3.63,3.62,975787,754564,85988,-199012
463,BBD,2020-09-21,0 days 15:59:37.253913,534260,3.63,3.62,983013,763433,-10012,85988
464,BBD,2020-09-21,0 days 15:59:47.254264,544272,3.63,3.62,918893,988565,3573,-21747
465,BBD,2020-09-21,0 days 15:59:48.254090,534945,3.63,3.62,917493,1004965,-9327,3573
466,BBVA,2020-09-21,0 days 15:59:36.232922,83424,2.56,2.55,448874,72583,-24571,29629
467,BBVA,2020-09-21,0 days 15:59:37.233506,81795,2.56,2.55,453474,68583,1229,-24571
468,BBY,2020-09-21,0 days 15:55:00.242489,199027,105.49,105.47,140,303,-5076,32908
469,BBY,2020-09-21,0 days 15:56:16.245117,204990,105.73,105.7,500,300,1260,-640
470,BBY,2020-09-21,0 days 15:56:34.246715,208244,105.7,105.69,217,440,-746,354
471,BBY,2020-09-21,0 days 15:57:59.248643,222429,105.69,105.68,200,710,1856,-2344
472,BBY,2020-09-21,0 days 15:58:00.250351,220485,105.69,105.68,100,1111,-1944,1856
473,BBY,2020-09-21,0 days 15:58:13.250325,220176,105.68,105.66,100,400,935,-2465
474,BBY,2020-09-21,0 days 15:58:14.250236,218311,105.69,105.66,500,321,-5365,935
475,BBY,2020-09-21,0 days 15:58:38.250774,223776,105.73,105.71,400,100,8135,-3385
476,BBY,2020-09-21,0 days 15:58:39.250750,221511,105.71,105.68,400,403,-2265,8135
477,BBY,2020-09-21,0 days 15:59:04.252436,223486,105.73,105.72,207,200,64586,-1049
478,BBY,2020-09-21,0 days 15:59:32.251431,287876,105.88,105.87,2849,500,4390,-2710
479,BBY,2020-09-21,0 days 15:59:43.252103,290669,105.95,105.89,200,1834,1237,-4390
480,BCS,2020-09-21,0 days 15:59:46.805168,97343,4.74,4.73,233572,53821,-5986,214
481,BCS,2020-09-21,0 days 15:59:47.804395,96529,4.74,4.73,234872,50438,814,-5986
482,BDN,2020-09-21,0 days 15:55:00.927500,190943,10.04,10.03,10121,8250,58238,-74977
483,BDN,2020-09-21,0 days 15:55:01.924876,185981,10.04,10.03,14928,9150,-4962,58238
484,BDN,2020-09-21,0 days 15:57:56.929903,191334,10.03,10.02,22325,12197,1402,-3698
485,BDN,2020-09-21,0 days 15:57:57.929640,187636,10.03,10.02,21619,12663,-3698,1402
486,BDN,2020-09-21,0 days 15:59:11.934513,197676,10.03,10.02,24806,12441,1188,-3710
487,BDN,2020-09-21,0 days 15:59:12.934393,194864,10.03,10.02,21306,13370,-2812,1188
488,BDN,2020-09-21,0 days 15:59:33.934383,209293,10.03,10.02,19207,13185,6990,-3613
489,BDN,2020-09-21,0 days 15:59:34.934911,206383,10.03,10.02,8690,16275,-2910,6990
490,BDN,2020-09-21,0 days 15:59:41.934777,209293,10.03,10.02,4999,15519,1790,-2210
491,BDN,2020-09-21,0 days 15:59:46.934334,207957,10.03,10.02,2404,18049,-8248,10164
492,BDN,2020-09-21,0 days 15:59:47.934788,216205,10.03,10.02,8605,18186,551,-8248
493,BDN,2020-09-21,0 days 15:59:48.935665,214656,10.03,10.02,8003,18481,-1549,551
494,BDX,2020-09-21,0 days 15:55:00.926970,109532,228.43,228.35,120,100,5261,-5001
495,BDX,2020-09-21,0 days 15:56:20.926814,114913,228.63,228.55,200,421,-23,134
496,BDX,2020-09-21,0 days 15:56:21.927010,114536,228.63,228.55,300,321,377,-23
497,BDX,2020-09-21,0 days 15:57:14.927725,115391,228.67,228.58,100,320,-82,18
498,BDX,2020-09-21,0 days 15:57:15.928556,114973,228.67,228.59,100,253,418,-82
499,BDX,2020-09-21,0 days 15:57:34.928629,115532,228.65,228.56,101,560,-888,82
500,BDX,2020-09-21,0 days 15:57:35.928455,115350,228.63,228.56,187,300,182,-888
501,BDX,2020-09-21,0 days 15:57:42.928856,116132,228.64,228.57,100,200,-18,182
502,BDX,2020-09-21,0 days 15:57:43.928902,115950,228.64,228.57,100,306,182,-18
503,BDX,2020-09-21,0 days 15:57:44.929236,116132,228.71,228.57,200,766,-618,182
504,BDX,2020-09-21,0 days 15:57:45.930064,115650,228.71,228.57,200,306,482,-618
505,BDX,2020-09-21,0 days 15:57:50.930285,116388,228.5,228.45,1012,200,-132,4968
506,BDX,2020-09-21,0 days 15:57:51.929574,115820,228.5,228.41,1127,100,992,-132
507,BDX,2020-09-21,0 days 15:57:52.929651,116812,228.5,228.41,1199,200,-408,992
508,BDX,2020-09-21,0 days 15:57:54.930218,116220,228.5,228.41,1199,640,592,-308
509,BDX,2020-09-21,0 days 15:58:07.931138,115966,228.75,228.6,551,200,-2886,459
510,BDX,2020-09-21,0 days 15:58:08.931106,111622,228.66,228.56,484,200,4672,-2886
511,BDX,2020-09-21,0 days 15:58:09.931240,116058,228.67,228.57,100,200,-4564,4672
512,BDX,2020-09-21,0 days 15:58:10.931139,115752,228.66,228.56,595,580,306,-4564
513,BDX,2020-09-21,0 days 15:58:17.931199,116058,228.62,228.53,100,138,-364,206
514,BDX,2020-09-21,0 days 15:58:18.931364,115952,228.6,228.51,100,308,106,-364
515,BDX,2020-09-21,0 days 15:58:22.932128,116058,228.71,228.55,100,380,-164,106
516,BDX,2020-09-21,0 days 15:58:23.931475,115952,228.65,228.55,287,170,106,-164
517,BDX,2020-09-21,0 days 15:58:26.932709,115958,228.75,228.62,551,200,-94,106
518,BDX,2020-09-21,0 days 15:58:27.931715,115752,228.75,228.63,651,305,206,-94
519,BDX,2020-09-21,0 days 15:58:47.931981,118638,228.49,228.28,119,100,-52784,492
520,BE,2020-09-21,0 days 15:57:52.257930,149371,17.96,17.95,300,789,-1303,1697
521,BE,2020-09-21,0 days 15:57:56.258669,149371,17.96,17.95,2096,793,-103,1097
522,BEN,2020-09-21,0 days 15:55:00.279725,376604,20.09,20.08,5825,2020,5426,-130546
523,BEN,2020-09-21,0 days 15:55:01.279551,369030,20.09,20.08,7282,6219,-7574,5426
524,BHC,2020-09-21,0 days 15:55:00.254331,54801,16.51,16.5,13455,7315,671,-6220
525,BHC,2020-09-21,0 days 15:55:47.256472,55690,16.51,16.5,6249,16677,-3681,556
526,BHC,2020-09-21,0 days 15:55:48.256315,52371,16.51,16.5,13261,15544,3301,-3681
527,BHC,2020-09-21,0 days 15:56:20.256923,61898,16.51,16.5,17612,10339,-1941,3471
528,BHC,2020-09-21,0 days 15:56:21.256723,61239,16.51,16.5,17612,9339,659,-1941
529,BHC,2020-09-21,0 days 15:57:10.257975,61792,16.5,16.49,13071,9019,-1947,3474
530,BHC,2020-09-21,0 days 15:57:11.259147,61139,16.5,16.49,13271,11012,653,-1947
531,BHC,2020-09-21,0 days 15:58:02.259932,56744,16.52,16.51,14994,13472,-2896,2534
532,BHC,2020-09-21,0 days 15:58:07.259609,55235,16.52,16.51,8519,13491,1509,-2896
533,BHC,2020-09-21,0 days 15:59:42.267281,72372,16.55,16.54,20592,14232,8774,-926
534,BHC,2020-09-21,0 days 15:59:43.265207,71746,16.55,16.54,20673,13732,-626,8774
535,BHP,2020-09-21,0 days 15:55:00.279948,40358,52.92,52.91,4065,200,-1474,21007
536,BHP,2020-09-21,0 days 15:55:01.279572,39032,52.91,52.9,832,3300,1326,-1474
537,BHP,2020-09-21,0 days 15:57:58.286796,41757,52.95,52.94,2901,4544,-278,522
538,BHP,2020-09-21,0 days 15:57:59.286658,41335,52.95,52.94,4351,3714,422,-278
539,BHP,2020-09-21,0 days 15:58:31.288767,41566,52.97,52.96,3755,3059,-117,183
540,BHP,2020-09-21,0 days 15:58:32.289268,39083,52.97,52.96,2704,3659,2483,-117
541,BHP,2020-09-21,0 days 15:59:00.292446,41822,52.96,52.95,2888,4308,-305,795
542,BHP,2020-09-21,0 days 15:59:01.291705,41427,52.96,52.95,3336,3808,395,-305
543,BHP,2020-09-21,0 days 15:59:19.291380,42358,52.95,52.94,3448,3973,-2318,651
544,BIG,2020-09-21,0 days 15:55:00.253216,68608,46.05,46.04,213,401,15642,-20698
545,BIG,2020-09-21,0 days 15:56:18.256446,72852,46.1,46.08,453,536,-26,780
546,BIG,2020-09-21,0 days 15:56:20.256900,72878,46.1,46.08,626,300,74,-26
547,BIG,2020-09-21,0 days 15:59:12.263776,84863,46.03,46.0,2307,617,-4359,2173
548,BIG,2020-09-21,0 days 15:59:13.264155,84222,46.01,46.0,500,317,641,-4359
549,BIG,2020-09-21,0 days 15:59:15.264248,83079,45.99,45.96,1062,611,-1143,1041
550,BIG,2020-09-21,0 days 15:59:16.263103,82522,45.99,45.96,1264,341,557,-1143
551,BIG,2020-09-21,0 days 15:59:35.266400,84436,45.97,45.95,1940,600,-896,181
552,BILL,2020-09-21,0 days 15:55:43.256241,107843,88.11,88.07,557,200,-9947,2390
553,BILL,2020-09-21,0 days 15:55:44.255900,105490,88.11,88.07,557,331,2353,-9947
554,BILL,2020-09-21,0 days 15:56:18.256400,108249,88.1,88.05,534,200,-9738,1271
555,BILL,2020-09-21,0 days 15:56:19.257154,106715,88.1,88.05,500,203,1534,-9738
556,BILL,2020-09-21,0 days 15:59:37.265476,117543,88.36,88.23,200,700,-113251,212166
557,BILL,2020-09-21,0 days 15:59:38.265013,151894,88.34,88.23,600,400,279566,-113251
558,BILL,2020-09-21,0 days 15:59:51.266461,207625,88.36,88.32,200,1199,223835,-89282
559,BJ,2020-09-21,0 days 15:55:00.243031,229695,41.21,41.19,411,315,4755,-27675
560,BJ,2020-09-21,0 days 15:56:14.247134,251832,41.25,41.23,783,421,-6455,5145
561,BJ,2020-09-21,0 days 15:57:48.249973,259047,41.19,41.18,388,1194,2488,-5038
562,BJ,2020-09-21,0 days 15:57:53.249714,260709,41.21,41.2,202,312,-2538,488
563,BJ,2020-09-21,0 days 15:58:05.250791,263316,41.21,41.2,725,1434,302,-2607
564,BJ,2020-09-21,0 days 15:58:10.251350,264893,41.21,41.2,1335,1048,-1575,1577
565,BJ,2020-09-21,0 days 15:58:12.251083,264668,41.21,41.2,1235,942,225,-2075
566,BJ,2020-09-21,0 days 15:58:14.250187,264893,41.21,41.2,1443,1241,-1475,225
567,BJ,2020-09-21,0 days 15:58:15.250531,264668,41.21,41.2,1543,1241,225,-1475
568,BJ,2020-09-21,0 days 15:59:01.254109,235632,41.21,41.2,1195,1520,-28559,43
569,BJ,2020-09-21,0 days 15:59:18.253604,272010,41.2,41.19,1762,907,616,-15061
570,BJ,2020-09-21,0 days 15:59:24.253561,272626,41.2,41.19,1542,1055,-584,616
571,BJ,2020-09-21,0 days 15:59:25.254414,272010,41.2,41.19,1618,1055,616,-584
572,BJ,2020-09-21,0 days 15:59:43.255480,273227,41.21,41.2,209,2378,-83,3
573,BJ,2020-09-21,0 days 15:59:50.259764,273153,41.22,41.2,1286,504,794,-6
574,BK,2020-09-21,0 days 15:55:00.253142,478964,33.9,33.89,6112,1255,1611,-28857
575,BK,2020-09-21,0 days 15:55:20.255149,477777,33.93,33.92,4000,2994,-1190,1608
576,BK,2020-09-21,0 days 15:55:32.255900,480194,33.93,33.92,2540,8199,8564,-1417
577,BK,2020-09-21,0 days 15:59:01.264022,547466,33.99,33.98,10264,4141,20334,-169
578,BK,2020-09-21,0 days 15:59:34.264076,571076,33.98,33.97,6305,4494,659,-3156
579,BK,2020-09-21,0 days 15:59:35.266314,571115,33.99,33.98,3199,8455,-5440,659
580,BK,2020-09-21,0 days 15:59:42.267125,574809,33.98,33.97,7195,4570,-1746,3960
581,BKD,2020-09-21,0 days 15:59:46.255684,303069,2.76,2.75,67924,47992,9965,-7035
582,BKD,2020-09-21,0 days 15:59:47.253524,299737,2.76,2.75,65884,49591,-3332,9965
583,BKR,2020-09-21,0 days 15:55:00.802036,1132125,14.31,14.3,6715,7752,56414,-288512
584,BKR,2020-09-21,0 days 15:55:01.801321,1122539,14.32,14.31,9363,6066,-9586,56414
585,BKR,2020-09-21,0 days 15:59:39.804356,1298181,14.36,14.35,17525,19100,29718,-44117
586,BKR,2020-09-21,0 days 15:59:40.805023,1291099,14.36,14.35,19325,19090,-7082,29718
587,BKR,2020-09-21,0 days 15:59:46.805253,1309566,14.35,14.34,14735,21529,2152,-12567
588,BKR,2020-09-21,0 days 15:59:48.805637,1304518,14.35,14.34,24016,16796,-9884,505
589,BKU,2020-09-21,0 days 15:59:01.253699,197891,21.57,21.56,1883,723,1598,-1379
590,BKU,2020-09-21,0 days 15:59:02.252311,197089,21.56,21.55,943,400,-802,1598
591,BKU,2020-09-21,0 days 15:59:15.251882,202682,21.56,21.55,1335,464,25416,-824
592,BLK,2020-09-21,0 days 15:55:00.280149,85982,550.85,550.35,108,201,-7896,3810
593,BLK,2020-09-21,0 days 15:55:01.279587,84923,550.93,550.07,200,101,2513,-7896
594,BLK,2020-09-21,0 days 15:57:23.284706,86504,551.14,550.69,111,194,-794,660
595,BLK,2020-09-21,0 days 15:57:24.284782,85998,551.14,550.7,112,294,506,-794
596,BLK,2020-09-21,0 days 15:57:33.285505,86504,551.33,550.88,300,400,-294,506
597,BLK,2020-09-21,0 days 15:57:34.285662,85998,551.33,550.88,300,400,506,-294
598,BLK,2020-09-21,0 days 15:57:36.285622,86504,551.33,550.88,300,400,-294,506
599,BLK,2020-09-21,0 days 15:57:47.288697,87998,551.5,551.12,212,110,6,-212
600,BLK,2020-09-21,0 days 15:57:48.286371,87804,551.5,551.03,212,300,-94,6
601,BLK,2020-09-21,0 days 15:58:02.287232,90098,551.15,550.66,233,100,546,-294
602,BLK,2020-09-21,0 days 15:58:03.288730,89144,551.11,550.36,268,100,-1354,546
603,BLK,2020-09-21,0 days 15:58:53.289377,91472,551.81,551.53,278,131,660,-797
604,BLK,2020-09-21,0 days 15:58:54.289380,90932,551.81,551.53,279,131,-540,660
605,BLK,2020-09-21,0 days 15:59:00.292461,91372,551.51,551.14,100,200,978,-659
606,BLK,2020-09-21,0 days 15:59:02.290332,90883,551.45,550.87,201,200,-89,27
607,BLK,2020-09-21,0 days 15:59:04.291657,108774,551.42,551.03,197,200,11782,-78
608,BMY,2020-09-21,0 days 15:59:31.292586,1648664,57.75,57.74,11908,3045,-17218,58281
609,BMY,2020-09-21,0 days 15:59:32.291944,1637682,57.75,57.74,11322,3053,10982,-17218
610,BNL,2020-09-21,0 days 15:59:21.264047,10000,16.47,16.45,551,200,4041,-659
611,BNL,2020-09-21,0 days 15:59:22.265462,9541,16.47,16.45,551,200,-459,4041
612,BOX,2020-09-21,0 days 15:55:00.242902,115660,17.95,17.94,2272,3513,4774,-23726
613,BOX,2020-09-21,0 days 15:57:11.248832,129903,17.95,17.94,411,5719,-106,794
614,BOX,2020-09-21,0 days 15:57:12.248268,129209,17.95,17.94,391,4607,694,-106
615,BOX,2020-09-21,0 days 15:57:45.249438,129903,17.97,17.96,2845,1770,-6,1194
616,BOX,2020-09-21,0 days 15:57:46.249917,129309,17.97,17.96,3245,1475,594,-6
617,BOX,2020-09-21,0 days 15:57:59.249855,131103,17.96,17.95,1195,4593,-206,694
618,BOX,2020-09-21,0 days 15:58:00.252792,130509,17.96,17.95,989,4482,594,-206
619,BOX,2020-09-21,0 days 15:58:08.251170,129586,17.97,17.96,4248,1571,-251,477
620,BOX,2020-09-21,0 days 15:58:09.251160,128837,17.96,17.95,740,12537,749,-251
621,BOX,2020-09-21,0 days 15:58:16.250941,129586,17.96,17.95,875,13093,-1151,749
622,BOX,2020-09-21,0 days 15:58:17.250226,128837,17.96,17.95,875,13093,749,-1151
623,BOX,2020-09-21,0 days 15:58:31.252113,129586,17.97,17.96,1551,4525,-1351,849
624,BOX,2020-09-21,0 days 15:58:32.253416,128950,17.97,17.96,600,5203,636,-1351
625,BOX,2020-09-21,0 days 15:59:09.252825,133429,17.97,17.96,1390,8193,-1870,159
626,BOX,2020-09-21,0 days 15:59:10.253407,132712,17.97,17.96,2978,7382,717,-1870
627,BOX,2020-09-21,0 days 15:59:13.253538,137082,17.97,17.96,1267,7875,-2930,717
628,BOX,2020-09-21,0 days 15:59:14.252991,137025,17.97,17.96,1367,7680,57,-2930
629,BOX,2020-09-21,0 days 15:59:16.253296,137082,17.98,17.97,1516,5647,-330,1070
630,BOX,2020-09-21,0 days 15:59:17.252847,136625,17.98,17.97,2017,6955,501,-330
631,BOX,2020-09-21,0 days 15:59:50.259709,137963,17.97,17.96,6287,3350,8743,-556
632,BP,2020-09-21,0 days 15:58:14.251739,121347,18.32,18.31,30500,77040,-4674,3833
633,BP,2020-09-21,0 days 15:59:30.255785,161639,18.33,18.32,29700,83104,14291,-172
634,BP,2020-09-21,0 days 15:59:31.252966,160030,18.33,18.32,26635,95104,-1609,14291
635,BRFS,2020-09-21,0 days 15:59:36.251718,31253,3.8,3.79,83675,232300,15604,-18496
636,BRFS,2020-09-21,0 days 15:59:37.252631,30257,3.8,3.79,83375,233000,-996,15604
637,BRK.B,2020-09-21,0 days 15:58:08.233477,771498,212.95,212.88,100,300,-5034,26677
638,BRK.B,2020-09-21,0 days 15:58:09.233069,752832,212.87,212.85,100,500,19460,-5034
639,BRK.B,2020-09-21,0 days 15:58:13.233258,771700,212.96,212.94,462,439,-3732,19211
640,BRK.B,2020-09-21,0 days 15:58:15.233315,758632,212.91,212.86,401,350,13611,-3732
641,BRK.B,2020-09-21,0 days 15:58:18.232365,771700,212.97,212.91,263,400,-1532,13611
642,BRK.B,2020-09-21,0 days 15:58:57.234114,775579,213.02,212.99,324,500,71233,-3767
643,BRK.B,2020-09-21,0 days 15:58:58.234279,771812,213.06,213.0,1000,200,-3767,71233
644,BRK.B,2020-09-21,0 days 15:59:03.235421,773600,212.99,212.94,816,500,75970,-3636
645,BRK.B,2020-09-21,0 days 15:59:08.236147,772770,213.03,213.01,100,230,-51688,27036
646,BRK.B,2020-09-21,0 days 15:59:11.236346,777938,213.04,212.98,600,307,-42527,28515
647,BRK.B,2020-09-21,0 days 15:59:12.236065,820430,213.0,212.97,100,700,32508,-42527
648,BRK.B,2020-09-21,0 days 15:59:18.231620,778260,213.05,213.01,100,300,-45034,30250
649,BRO,2020-09-21,0 days 15:59:45.253994,281967,44.06,44.05,1657,2951,350,-2658
650,BRO,2020-09-21,0 days 15:59:46.255463,280000,44.06,44.05,5561,2839,-1967,350
651,BRX,2020-09-21,0 days 15:56:18.282861,327141,11.8,11.79,13544,9216,8587,-3813
652,BRX,2020-09-21,0 days 15:56:19.283450,323428,11.8,11.79,13364,9216,-3713,8587
653,BRX,2020-09-21,0 days 15:57:58.286813,328326,11.79,11.78,7087,11809,15394,-3095
654,BRX,2020-09-21,0 days 15:59:01.291855,339923,11.78,11.77,12077,15387,-3981,8808
655,BRX,2020-09-21,0 days 15:59:02.290361,339004,11.78,11.77,12496,15339,919,-3981
656,BRX,2020-09-21,0 days 15:59:27.290809,344235,11.78,11.77,15560,13786,-3023,572
657,BRX,2020-09-21,0 days 15:59:40.293172,350993,11.79,11.78,12020,10949,2481,-369
658,BRX,2020-09-21,0 days 15:59:41.293687,350774,11.79,11.78,10120,12983,-219,2481
659,BRX,2020-09-21,0 days 15:59:46.293276,359039,11.79,11.78,9451,12451,9283,-413
660,BRX,2020-09-21,0 days 15:59:47.294170,361222,11.79,11.78,9172,13951,-4985,9283
661,BRX,2020-09-21,0 days 16:00:00.294629,369186,11.78,11.77,6424,33718,8247,-1153
662,BSX,2020-09-21,0 days 15:56:23.227914,754734,38.46,38.45,5020,6073,-1213,687
663,BSX,2020-09-21,0 days 15:56:50.229186,756706,38.45,38.44,6368,1737,1790,-466
664,BSX,2020-09-21,0 days 15:56:51.231563,755796,38.44,38.43,6178,1233,-910,1790
665,BSX,2020-09-21,0 days 15:56:52.228872,756706,38.43,38.42,2572,5416,590,-910
666,BSX,2020-09-21,0 days 15:56:53.228743,755896,38.43,38.42,2686,5614,-810,590
667,BSX,2020-09-21,0 days 15:57:38.229543,764515,38.47,38.46,4092,8603,1481,-8319
668,BSX,2020-09-21,0 days 15:57:39.229442,762896,38.47,38.46,3692,8991,-119,1481
669,BSX,2020-09-21,0 days 15:57:46.230266,763015,38.47,38.46,7179,2808,12281,-119
670,BSX,2020-09-21,0 days 15:57:47.230370,756896,38.47,38.46,6940,2495,-6119,12281
671,BSX,2020-09-21,0 days 15:58:15.231973,763366,38.47,38.46,5916,3629,3630,-5970
672,BSX,2020-09-21,0 days 15:58:16.232789,762196,38.47,38.46,5324,5145,-1170,3630
673,BSX,2020-09-21,0 days 15:59:05.233524,810188,38.48,38.47,4828,2701,-4136,3442
674,BSX,2020-09-21,0 days 15:59:11.234895,815068,38.49,38.47,7808,4325,2195,-4880
675,BSX,2020-09-21,0 days 15:59:20.230918,856051,38.53,38.52,2494,6834,-1286,1315
676,BSX,2020-09-21,0 days 15:59:31.232047,858564,38.53,38.52,7049,6185,15321,-1413
677,BSX,2020-09-21,0 days 15:59:33.231808,869385,38.54,38.53,529,8023,-1831,139
678,BSX,2020-09-21,0 days 15:59:40.232105,871216,38.54,38.53,10946,2300,4369,-11779
679,BSX,2020-09-21,0 days 15:59:41.231867,867585,38.54,38.53,963,8978,-3631,4369
680,BTU,2020-09-21,0 days 15:55:45.242033,371520,3.9,3.89,12516,19500,55240,-209060
681,BTU,2020-09-21,0 days 15:55:46.242940,354460,3.9,3.89,16316,21842,-17060,55240
682,BTU,2020-09-21,0 days 15:59:46.253216,376689,3.91,3.9,39483,17347,3594,-3335
683,BTU,2020-09-21,0 days 15:59:48.250609,372568,3.91,3.9,38697,17783,-1721,3850
684,BVN,2020-09-21,0 days 15:59:46.255701,142583,11.89,11.88,9057,2187,794,-2854
685,BVN,2020-09-21,0 days 15:59:48.253946,139077,11.89,11.88,8883,1573,-2006,794
686,BWA,2020-09-21,0 days 15:57:00.258090,254357,37.32,37.31,3574,3441,-2086,114
687,BWA,2020-09-21,0 days 15:57:37.257075,257043,37.38,37.37,3601,1988,1967,-1633
688,BWA,2020-09-21,0 days 15:57:39.256617,256710,37.38,37.37,2901,2864,-333,1167
689,BWA,2020-09-21,0 days 15:59:20.263055,271406,37.38,37.37,1615,2705,7164,-816
690,BWA,2020-09-21,0 days 15:59:27.263632,277954,37.41,37.4,3879,1558,-4221,577
691,BWA,2020-09-21,0 days 15:59:45.266678,280904,37.41,37.4,7092,1412,413,-124
692,BX,2020-09-21,0 days 15:59:45.235769,432382,51.77,51.76,1548,4167,6378,-6889
693,BX,2020-09-21,0 days 15:59:46.235274,423361,51.77,51.76,1148,4726,-9021,6378
694,BXP,2020-09-21,0 days 15:59:22.254834,415313,80.97,80.93,1042,218,-7515,14781
695,BXP,2020-09-21,0 days 15:59:23.253867,411728,80.95,80.9,200,300,3585,-7515
696,BXP,2020-09-21,0 days 15:59:30.257155,417047,80.94,80.89,438,300,-3880,4420
697,BXP,2020-09-21,0 days 15:59:32.254647,413832,80.94,80.88,2403,300,3215,-4985
698,BXP,2020-09-21,0 days 15:59:38.254626,415347,80.97,80.92,607,300,-661,2235
699,BXP,2020-09-21,0 days 15:59:45.256203,412888,81.06,81.02,336,700,1573,-3641
700,BYD,2020-09-21,0 days 15:55:56.244943,166237,27.29,27.28,1904,3169,1577,-2331
701,BYD,2020-09-21,0 days 15:55:57.245081,163514,27.29,27.28,2304,908,-2723,1577
702,BYD,2020-09-21,0 days 15:58:41.251064,169629,27.27,27.25,856,833,-2369,1131
703,BYD,2020-09-21,0 days 15:59:12.252809,175395,27.28,27.26,200,1300,3668,-1621
704,BYD,2020-09-21,0 days 15:59:13.253048,173863,27.28,27.26,200,1466,-1532,3668
705,C,2020-09-21,0 days 15:55:00.242869,1636951,43.74,43.73,4302,5131,-44461,175241
706,C,2020-09-21,0 days 15:55:20.244674,1681412,43.77,43.76,6050,6629,30,-5300
707,C,2020-09-21,0 days 15:55:21.244535,1681442,43.78,43.77,6171,4066,-2178,30
708,C,2020-09-21,0 days 15:58:48.250743,1905310,43.92,43.91,9190,6800,-26196,5304
709,C,2020-09-21,0 days 15:59:51.256875,1979535,43.92,43.91,12247,7173,16388,-35382
710,C,2020-09-21,0 days 15:59:59.257285,1995012,43.94,43.93,5280,34256,-59795,5788
711,CADE,2020-09-21,0 days 15:55:00.802086,232207,8.33,8.32,4990,4242,37320,-135824
712,CADE,2020-09-21,0 days 15:55:01.801399,222003,8.33,8.32,6304,4642,-10204,37320
713,CADE,2020-09-21,0 days 15:59:13.810343,251425,8.32,8.31,9372,5484,635,-5835
714,CADE,2020-09-21,0 days 15:59:15.803074,247508,8.32,8.31,9007,4978,-3917,21283
715,CADE,2020-09-21,0 days 15:59:42.804986,254111,8.33,8.32,10210,19178,328,-4272
716,CADE,2020-09-21,0 days 15:59:50.807241,234498,8.32,8.31,12980,2332,-18073,2427
717,CAG,2020-09-21,0 days 15:56:17.256444,472275,34.98,34.97,1348,4533,1299,-6901
718,CAG,2020-09-21,0 days 15:56:42.257215,470020,34.98,34.97,1280,3154,-2255,240
719,CAG,2020-09-21,0 days 15:59:30.268177,539740,35.03,35.02,1692,1572,21512,-3168
720,CAH,2020-09-21,0 days 15:55:38.249935,584670,47.07,47.06,585,2103,654,-786
721,CAH,2020-09-21,0 days 15:55:39.249851,583024,47.07,47.06,1277,2211,-1646,654
722,CAH,2020-09-21,0 days 15:59:06.259121,637872,47.06,47.05,855,766,-4389,783
723,CARR,2020-09-21,0 days 15:55:00.226733,759896,29.56,29.55,2436,3006,-10649,81642
724,CARR,2020-09-21,0 days 15:57:21.230309,787655,29.56,29.55,1322,4884,260,-1940
725,CARR,2020-09-21,0 days 15:57:38.231112,793348,29.57,29.55,2802,2112,2067,-4940
726,CARR,2020-09-21,0 days 15:57:39.230931,782915,29.57,29.55,3302,1912,-9840,2067
727,CARR,2020-09-21,0 days 15:59:31.233894,865344,29.53,29.52,7178,4958,1873,-593
728,CARR,2020-09-21,0 days 15:59:45.235752,868837,29.53,29.52,6415,11197,-2450,993
729,CAT,2020-09-21,0 days 15:55:01.226073,301642,144.89,144.75,300,597,293,-5085
730,CAT,2020-09-21,0 days 15:55:02.226468,301135,144.91,144.76,300,1049,-507,293
731,CAT,2020-09-21,0 days 15:55:24.228614,301776,144.99,144.93,425,400,1981,-819
732,CAT,2020-09-21,0 days 15:55:25.227928,301357,144.99,144.93,425,507,-419,1981
733,CAT,2020-09-21,0 days 15:56:17.229256,303934,145.0,144.97,301,518,16,-384
734,CAT,2020-09-21,0 days 15:56:18.229022,303750,144.99,144.97,200,518,-184,16
735,CAT,2020-09-21,0 days 15:56:31.230525,304201,144.9,144.85,488,210,161,-128
736,CAT,2020-09-21,0 days 15:56:32.229834,304062,144.9,144.86,588,500,-139,161
737,CAT,2020-09-21,0 days 15:56:40.229928,304201,144.85,144.8,501,168,129,-171
738,CAT,2020-09-21,0 days 15:56:41.229702,304130,144.85,144.8,1023,268,-71,129
739,CAT,2020-09-21,0 days 15:56:42.229748,304201,144.82,144.77,201,300,2,-71
740,CAT,2020-09-21,0 days 15:56:43.229734,304113,144.82,144.77,517,400,-88,2
741,CAT,2020-09-21,0 days 15:56:49.229623,304369,144.76,144.71,301,100,16,-56
742,CAT,2020-09-21,0 days 15:58:34.234005,327033,145.07,145.04,549,404,-184,1534
743,CAT,2020-09-21,0 days 15:58:35.233917,325417,145.07,145.04,549,404,1534,-184
744,CAT,2020-09-21,0 days 15:59:11.236636,369201,145.0,144.98,200,817,1213,-7464
745,CAT,2020-09-21,0 days 15:59:28.232895,372659,145.16,145.13,315,533,-2912,88
746,CAT,2020-09-21,0 days 15:59:29.232781,369371,145.16,145.13,403,533,1188,-2912
747,CAT,2020-09-21,0 days 15:59:39.234172,372255,145.2,145.16,500,623,-5167,833
748,CAT,2020-09-21,0 days 15:59:40.233889,371722,145.2,145.16,300,1223,465,-5167
749,CAT,2020-09-21,0 days 15:59:48.235135,375767,145.28,145.27,106,200,-3126,1007
750,CB,2020-09-21,0 days 15:55:00.279664,225111,115.59,115.5,501,300,-17055,27095
751,CB,2020-09-21,0 days 15:55:22.280563,224648,115.59,115.51,404,515,463,-1137
752,CB,2020-09-21,0 days 15:57:33.285440,274171,115.85,115.83,400,300,-1499,1501
753,CB,2020-09-21,0 days 15:57:34.285589,269770,115.85,115.81,289,431,4401,-1499
754,CB,2020-09-21,0 days 15:57:37.285891,274171,115.87,115.84,200,200,-2599,1701
755,CB,2020-09-21,0 days 15:57:38.286247,273170,115.88,115.83,2618,100,1001,-2599
756,CB,2020-09-21,0 days 15:57:47.288590,274171,115.87,115.83,300,1215,-799,1101
757,CB,2020-09-21,0 days 15:57:48.286258,271870,115.87,115.83,500,1255,2301,-799
758,CB,2020-09-21,0 days 15:57:52.286517,274171,115.88,115.84,2159,300,-1599,2301
759,CB,2020-09-21,0 days 15:57:53.286159,271870,115.88,115.84,2159,300,2301,-1599
760,CB,2020-09-21,0 days 15:57:56.287451,274171,115.88,115.84,2059,964,-212,3401
761,CB,2020-09-21,0 days 15:57:57.286432,271983,115.88,115.84,2059,1066,2188,-212
762,CB,2020-09-21,0 days 15:58:13.287820,274230,115.92,115.89,142,300,-4396,3917
763,CB,2020-09-21,0 days 15:58:14.288234,272126,115.91,115.87,194,538,2104,-4396
764,CB,2020-09-21,0 days 15:58:18.287832,273530,115.95,115.9,137,340,-1196,2604
765,CB,2020-09-21,0 days 15:58:19.287741,271726,115.95,115.9,337,340,1804,-1196
766,CB,2020-09-21,0 days 15:58:23.288277,273530,115.94,115.9,300,300,-396,104
767,CB,2020-09-21,0 days 15:58:24.288484,272126,115.94,115.9,300,300,1404,-396
768,CB,2020-09-21,0 days 15:59:11.291332,270226,115.97,115.93,394,200,3815,-328
769,CB,2020-09-21,0 days 15:59:20.291496,279148,116.02,115.99,131,300,-678,2322
770,CB,2020-09-21,0 days 15:59:21.292257,278394,116.01,115.99,204,186,754,-678
771,CB,2020-09-21,0 days 15:59:30.294935,279148,116.05,116.01,200,200,-4375,654
772,CBRE,2020-09-21,0 days 15:56:13.257010,547680,46.4,46.39,100,722,-14,86
773,CBRE,2020-09-21,0 days 15:56:15.256241,546594,46.4,46.39,200,726,1086,-114
774,CBRE,2020-09-21,0 days 15:56:49.257152,547821,46.36,46.34,101,634,-137,219
775,CBRE,2020-09-21,0 days 15:56:50.258016,547250,46.36,46.33,601,479,571,-137
776,CBRE,2020-09-21,0 days 15:57:21.256202,552181,46.36,46.35,323,600,-209,2891
777,CBRE,2020-09-21,0 days 15:57:22.255761,550890,46.36,46.35,323,530,1291,-209
778,CBRE,2020-09-21,0 days 15:59:06.263704,603666,46.41,46.39,958,1958,-17978,27253
779,CBRE,2020-09-21,0 days 15:59:07.263675,599844,46.41,46.39,1066,1358,3822,-17978
780,CBRE,2020-09-21,0 days 15:59:08.264226,585882,46.42,46.41,137,745,-14842,3822
781,CBRE,2020-09-21,0 days 15:59:09.263809,554522,46.43,46.41,1300,453,33772,-14842
782,CBRE,2020-09-21,0 days 15:59:30.268480,571782,46.45,46.43,1288,983,-17101,7695
783,CCI,2020-09-21,0 days 15:57:34.249531,206353,157.26,157.2,741,200,669,-131
784,CCI,2020-09-21,0 days 15:57:37.249599,206086,157.23,157.2,317,300,-267,969
785,CCI,2020-09-21,0 days 15:57:41.249428,206353,157.22,157.2,116,101,1333,-67
786,CCI,2020-09-21,0 days 15:57:42.249461,206186,157.27,157.21,350,224,-167,1333
787,CCI,2020-09-21,0 days 15:57:48.249921,206353,157.21,157.17,225,100,1317,-1867
788,CCI,2020-09-21,0 days 15:57:49.249507,207670,157.21,157.16,100,200,-740,1317
789,CCI,2020-09-21,0 days 15:57:50.250035,207610,157.21,157.19,100,300,60,-740
790,CCI,2020-09-21,0 days 15:57:51.249845,207670,157.24,157.2,500,200,-40,60
791,CCI,2020-09-21,0 days 15:57:52.249713,207310,157.24,157.21,500,125,1360,-40
792,CCI,2020-09-21,0 days 15:57:53.249684,207670,157.23,157.19,540,200,-1140,1360
793,CCI,2020-09-21,0 days 15:57:54.250064,207610,157.23,157.19,440,200,60,-1140
794,CCI,2020-09-21,0 days 15:57:56.250504,207670,157.23,157.19,615,200,-840,360
795,CCI,2020-09-21,0 days 15:57:57.249831,207610,157.23,157.2,614,230,260,-840
796,CCI,2020-09-21,0 days 15:58:07.250581,207310,157.27,157.22,505,325,501,-663
797,CCI,2020-09-21,0 days 15:58:09.251211,207411,157.25,157.22,100,325,-2,101
798,CCI,2020-09-21,0 days 15:58:10.251315,207313,157.26,157.19,316,563,1350,-2
799,CCI,2020-09-21,0 days 15:58:11.251407,208099,157.26,157.22,216,300,-414,1350
800,CCI,2020-09-21,0 days 15:58:12.251083,208013,157.26,157.22,216,300,86,-414
801,CCI,2020-09-21,0 days 15:58:26.252445,207892,157.3,157.27,200,200,-921,243
802,CCI,2020-09-21,0 days 15:58:27.252544,207813,157.3,157.28,100,200,79,-921
803,CCI,2020-09-21,0 days 15:58:32.253416,207892,157.31,157.27,200,400,-421,679
804,CCI,2020-09-21,0 days 15:58:33.252053,207813,157.31,157.28,563,1069,79,-421
805,CCI,2020-09-21,0 days 15:59:19.254164,218863,157.29,157.26,239,309,-840,2773
806,CCI,2020-09-21,0 days 15:59:20.254086,218303,157.29,157.26,282,252,560,-840
807,CCI,2020-09-21,0 days 15:59:46.255978,219363,157.42,157.31,200,852,-60,140
808,CCI,2020-09-21,0 days 15:59:50.259709,217223,157.41,157.32,1125,100,740,-60
809,CCI,2020-09-21,0 days 15:59:54.257131,215963,157.42,157.32,541,100,-1460,2140
810,CCJ,2020-09-21,0 days 15:57:11.252068,80572,10.47,10.46,23913,18484,1087,-1113
811,CCJ,2020-09-21,0 days 15:57:12.252144,77759,10.47,10.46,15866,24702,-2813,1087
812,CCL,2020-09-21,0 days 15:59:30.256956,1607311,14.28,14.27,37113,22428,-17770,10893
813,CCL,2020-09-21,0 days 15:59:46.255666,1629961,14.28,14.27,29951,40456,-17881,10930
814,CCL,2020-09-21,0 days 15:59:47.253524,1626853,14.28,14.27,31151,41783,3108,-17881
815,CDAY,2020-09-21,0 days 15:57:48.248927,93657,76.23,76.2,200,227,573,-1227
816,CDAY,2020-09-21,0 days 15:57:49.248489,93030,76.23,76.2,100,327,-627,573
817,CDAY,2020-09-21,0 days 15:58:54.252327,93778,76.15,76.13,439,1053,558,-127
818,CDAY,2020-09-21,0 days 15:58:55.251136,93036,76.2,76.14,500,560,-742,558
819,CDAY,2020-09-21,0 days 15:59:02.252270,97383,76.19,76.14,755,412,53,-5157
820,CDAY,2020-09-21,0 days 15:59:03.252155,96638,76.19,76.16,603,151,-745,53
821,CDAY,2020-09-21,0 days 15:59:12.252784,99503,76.22,76.2,300,154,2662,-616
822,CDAY,2020-09-21,0 days 15:59:13.253016,99065,76.23,76.21,255,200,-438,2662
823,CDAY,2020-09-21,0 days 15:59:31.253081,106535,76.25,76.22,344,3251,2901,-1142
824,CDAY,2020-09-21,0 days 15:59:32.251536,105936,76.25,76.22,344,3286,-599,2901
825,CDAY,2020-09-21,0 days 15:59:44.252499,105035,76.21,76.19,600,2168,3769,-647
826,CDAY,2020-09-21,0 days 15:59:45.254152,104704,76.23,76.2,280,156,-331,3769
827,CDAY,2020-09-21,0 days 15:59:46.255655,105097,76.23,76.2,200,637,844,-331
828,CDAY,2020-09-21,0 days 15:59:47.253510,104841,76.23,76.2,245,413,-376,844
829,CDE,2020-09-21,0 days 15:55:00.927004,478784,7.35,7.34,24466,7052,-35640,59076
830,CDE,2020-09-21,0 days 15:55:02.924561,469624,7.35,7.34,28826,5952,8560,-28240
831,CDE,2020-09-21,0 days 15:59:40.935407,482943,7.34,7.33,12262,44013,-285,3215
832,CDE,2020-09-21,0 days 15:59:41.934764,483228,7.34,7.33,12009,44313,215,-285
833,CFG,2020-09-21,0 days 15:59:06.253097,555628,25.83,25.82,5361,6977,1660,-6256
834,CFG,2020-09-21,0 days 15:59:10.253430,555289,25.83,25.82,5248,7284,-740,7008
835,CFG,2020-09-21,0 days 15:59:19.250713,556068,25.83,25.82,4828,12690,3280,-779
836,CFG,2020-09-21,0 days 15:59:20.250867,552553,25.83,25.82,5022,14260,-4357,3280
837,CFG,2020-09-21,0 days 15:59:46.255729,557110,25.85,25.84,20558,3531,5858,-1011
838,CFG,2020-09-21,0 days 15:59:47.253552,554568,25.85,25.84,12116,4194,-2542,5858
839,CFX,2020-09-21,0 days 15:59:00.810894,75459,30.47,30.46,400,800,-13734,1396
840,CGC,2020-09-21,0 days 15:55:07.243584,20030,15.73,15.72,1019,8938,-109,220
841,CGC,2020-09-21,0 days 15:55:08.243441,19539,15.73,15.72,1019,9532,331,-109
842,CGC,2020-09-21,0 days 15:59:34.254895,24919,15.74,15.73,5000,827,370,-170
843,CHD,2020-09-21,0 days 15:55:44.282122,174923,89.57,89.56,917,200,2183,-1244
844,CHD,2020-09-21,0 days 15:56:29.283336,180763,89.61,89.6,200,1597,-2110,4390
845,CHD,2020-09-21,0 days 15:56:30.283187,178622,89.6,89.59,501,200,2141,-2110
846,CHD,2020-09-21,0 days 15:57:37.285952,184007,89.58,89.55,1684,209,4939,-2661
847,CHD,2020-09-21,0 days 15:59:05.291625,200883,89.67,89.64,656,979,-2668,1190
848,CHGG,2020-09-21,0 days 15:55:38.249911,453732,67.96,67.94,1450,609,655,-699
849,CHGG,2020-09-21,0 days 15:55:39.249836,451387,67.97,67.95,1253,400,-2345,655
850,CHGG,2020-09-21,0 days 15:57:15.252421,457557,68.0,67.97,900,600,418,-782
851,CHGG,2020-09-21,0 days 15:57:16.252292,455575,68.0,67.97,804,700,-1982,418
852,CHGG,2020-09-21,0 days 15:57:35.253380,458260,67.96,67.95,1543,700,2428,-2072
853,CHGG,2020-09-21,0 days 15:57:37.253400,449888,67.96,67.95,2142,677,-8372,428
854,CHGG,2020-09-21,0 days 15:57:41.254088,458260,67.96,67.95,2893,547,2828,-272
855,CHGG,2020-09-21,0 days 15:57:43.253739,445088,67.98,67.97,1055,434,-13172,228
856,CHGG,2020-09-21,0 days 15:57:49.254232,460110,67.95,67.94,300,347,-1150,13350
857,CHGG,2020-09-21,0 days 15:57:54.254579,461260,67.95,67.93,653,1000,3050,-1150
858,CHGG,2020-09-21,0 days 15:57:55.254133,457310,67.95,67.93,653,1100,-3950,3050
859,CHGG,2020-09-21,0 days 15:57:57.254512,461260,67.94,67.93,500,700,3050,-1050
860,CHGG,2020-09-21,0 days 15:57:58.254906,460210,67.94,67.93,800,1013,-1050,3050
861,CHGG,2020-09-21,0 days 15:58:04.255993,461259,67.98,67.97,800,1057,642,-2558
862,CHGG,2020-09-21,0 days 15:58:05.255180,458901,67.98,67.97,800,1219,-2358,642
863,CHGG,2020-09-21,0 days 15:58:15.256175,462173,67.97,67.95,725,503,1473,-2427
864,CHGG,2020-09-21,0 days 15:58:16.256062,459846,67.97,67.95,725,503,-2327,1473
865,CHGG,2020-09-21,0 days 15:58:48.256329,460746,67.97,67.95,4106,381,-1427,10673
866,CHGG,2020-09-21,0 days 15:58:53.257026,463584,67.97,67.95,4451,1234,655,-138
867,CHGG,2020-09-21,0 days 15:58:54.258156,462139,67.97,67.96,2044,300,-1445,655
868,CHGG,2020-09-21,0 days 15:59:19.252590,468975,68.01,67.99,945,984,1518,-3604
869,CHGG,2020-09-21,0 days 15:59:20.252079,467493,68.01,68.0,874,700,-1482,1518
870,CHGG,2020-09-21,0 days 15:59:34.253275,472906,68.08,68.06,758,2103,102,-5413
871,CHGG,2020-09-21,0 days 15:59:44.253182,473108,68.12,68.09,200,1876,-10333,35
872,CHGG,2020-09-21,0 days 15:59:50.258961,481166,68.1,68.08,900,500,3591,-1849
873,CHWY,2020-09-21,0 days 15:55:13.243893,54447,53.39,53.38,231,110,-55,845
874,CHWY,2020-09-21,0 days 15:55:23.244748,53802,53.42,53.39,900,325,702,-140
875,CHWY,2020-09-21,0 days 15:57:27.248721,64219,53.51,53.5,200,200,-252721,1049
876,CHX,2020-09-21,0 days 15:57:39.230919,231245,8.82,8.81,3205,8258,2122,-1688
877,CHX,2020-09-21,0 days 15:57:44.231237,233567,8.82,8.81,4057,7274,-2278,22
878,CHX,2020-09-21,0 days 15:57:46.231853,229345,8.82,8.81,5498,7258,4222,-1978
879,CHX,2020-09-21,0 days 15:58:18.233436,228786,8.82,8.81,1500,5084,-5559,2741
880,CHX,2020-09-21,0 days 15:58:19.233386,223845,8.82,8.81,3067,10884,4941,-5559
881,CHX,2020-09-21,0 days 15:59:09.236561,276913,8.83,8.82,6426,800,-3841,5078
882,CHX,2020-09-21,0 days 15:59:10.236798,271554,8.82,8.81,4026,2940,5359,-3841
883,CHX,2020-09-21,0 days 15:59:22.232820,260099,8.81,8.8,127,5958,-9823,987
884,CHX,2020-09-21,0 days 15:59:23.232620,260012,8.81,8.8,127,5258,87,-9823
885,CHX,2020-09-21,0 days 15:59:47.234513,277999,8.81,8.8,3156,4326,-4292,3389
886,CHX,2020-09-21,0 days 15:59:48.235109,275091,8.81,8.8,3061,4137,2908,-4292
887,CI,2020-09-21,0 days 15:55:30.229660,170195,164.67,164.56,450,1057,18444,-4286
888,CI,2020-09-21,0 days 15:56:20.229846,198910,164.85,164.77,368,252,-18636,26454
889,CI,2020-09-21,0 days 15:56:21.229551,196219,164.79,164.73,450,200,2905,-18636
890,CI,2020-09-21,0 days 15:57:46.231887,194967,164.7,164.66,312,100,4337,-2463
891,CI,2020-09-21,0 days 15:57:57.231858,200004,164.75,164.7,150,150,-1763,2637
892,CI,2020-09-21,0 days 15:57:58.232022,198867,164.79,164.7,386,372,1137,-1763
893,CI,2020-09-21,0 days 15:58:05.232956,197104,164.68,164.65,350,200,-354,1346
894,CI,2020-09-21,0 days 15:58:06.232931,195758,164.68,164.65,464,100,1346,-354
895,CI,2020-09-21,0 days 15:58:21.233493,197804,164.77,164.73,300,111,-3017,883
896,CI,2020-09-21,0 days 15:58:22.233243,196921,164.76,164.68,463,393,883,-3017
897,CI,2020-09-21,0 days 15:58:31.234252,197794,164.89,164.83,513,250,-454,56
898,CI,2020-09-21,0 days 15:58:32.234450,197148,164.86,164.83,200,611,646,-454
899,CI,2020-09-21,0 days 15:58:34.234019,197794,164.86,164.83,200,691,-1054,646
900,CI,2020-09-21,0 days 15:58:35.233917,197148,164.89,164.86,233,100,646,-1054
901,CI,2020-09-21,0 days 15:58:39.234122,197094,164.82,164.76,414,354,-54,246
902,CI,2020-09-21,0 days 15:58:40.234100,196560,164.81,164.73,822,100,534,-54
903,CI,2020-09-21,0 days 15:59:06.236231,202778,164.77,164.71,150,300,-5584,2642
904,CI,2020-09-21,0 days 15:59:07.236385,201962,164.81,164.75,450,300,2316,-5584
905,CI,2020-09-21,0 days 15:59:19.232151,208146,164.78,164.71,350,250,958,-2542
906,CI,2020-09-21,0 days 15:59:23.232652,206957,164.9,164.82,150,134,-7521,1194
907,CI,2020-09-21,0 days 15:59:24.232061,203673,164.88,164.82,251,352,3284,-7521
908,CI,2020-09-21,0 days 15:59:31.233910,202104,165.04,164.94,255,762,-11574,584
909,CI,2020-09-21,0 days 15:59:58.237060,205775,165.02,164.94,2496,204,-2403,10055
910,CI,2020-09-21,0 days 15:59:59.235179,208078,165.02,164.94,2500,108,2850,-2403
911,CI,2020-09-21,0 days 16:00:00.236516,205775,165.03,165.02,4500,924,-2403,2850
912,CIEN,2020-09-21,0 days 15:59:05.810317,188263,40.64,40.63,549,559,-1216,6316
913,CIEN,2020-09-21,0 days 15:59:19.803835,193202,40.62,40.61,1439,200,-73,623
914,CIG,2020-09-21,0 days 15:55:00.247339,13344,1.98,1.97,522026,62910,1758,-6742
915,CIG,2020-09-21,0 days 15:59:36.253153,159619,1.98,1.97,507956,571761,9068,-11232
916,CIG,2020-09-21,0 days 15:59:37.253751,158787,1.98,1.97,507956,571761,-832,9068
917,CIM,2020-09-21,0 days 15:59:45.235564,626203,8.69,8.68,44535,15422,2971,-2029
918,CIM,2020-09-21,0 days 15:59:46.235034,624474,8.69,8.68,44226,17162,-1729,2971
919,CIM,2020-09-21,0 days 15:59:47.234376,626893,8.69,8.68,44026,15462,13026,-1729
920,CIM,2020-09-21,0 days 15:59:48.234997,625819,8.69,8.68,42726,17999,-1074,13026
921,CIT,2020-09-21,0 days 15:59:48.935281,188839,17.01,17.0,1466,13210,-1820,1380
922,CL,2020-09-21,0 days 15:55:00.926183,328815,75.16,75.15,685,310,16246,-8893
923,CL,2020-09-21,0 days 15:55:16.925559,343778,75.2,75.19,821,200,-382,2858
924,CL,2020-09-21,0 days 15:55:17.925030,339860,75.2,75.19,400,1601,3918,-382
925,CL,2020-09-21,0 days 15:55:40.926283,344015,75.22,75.21,1027,510,-162,1238
926,CL,2020-09-21,0 days 15:55:43.926155,340915,75.22,75.21,1429,1480,3100,-162
927,CL,2020-09-21,0 days 15:57:34.928513,353741,75.22,75.21,1436,1110,-531,3769
928,CL,2020-09-21,0 days 15:57:35.928331,351172,75.21,75.2,765,1718,2569,-531
929,CL,2020-09-21,0 days 15:57:50.930164,356141,75.22,75.21,1098,1619,-6231,1569
930,CL,2020-09-21,0 days 15:57:51.929468,353572,75.22,75.21,1369,1619,2569,-6231
931,CL,2020-09-21,0 days 15:57:56.929773,356141,75.22,75.21,1071,3028,-1131,2569
932,CL,2020-09-21,0 days 15:57:57.929578,353572,75.22,75.21,1071,2328,2569,-1131
933,CL,2020-09-21,0 days 15:57:58.929643,356141,75.22,75.21,1071,3028,-831,2569
934,CL,2020-09-21,0 days 15:57:59.930064,353572,75.22,75.21,1161,2328,2569,-831
935,CL,2020-09-21,0 days 15:59:05.935393,395630,75.16,75.15,1618,2010,-53681,855
936,CL,2020-09-21,0 days 15:59:33.934222,498783,75.16,75.15,407,1999,2076,-6424
937,CL,2020-09-21,0 days 15:59:34.934762,492954,75.19,75.18,1148,300,-5829,2076
938,CLDR,2020-09-21,0 days 15:55:00.926321,216194,10.82,10.81,11066,6763,55597,-71268
939,CLDR,2020-09-21,0 days 15:55:02.924532,211591,10.82,10.81,11969,8755,-2019,44397
940,CLF,2020-09-21,0 days 15:59:13.254612,636183,6.17,6.16,39745,56105,3668,-36883
941,CLF,2020-09-21,0 days 15:59:17.250727,623180,6.17,6.16,39373,56864,-13929,2742
942,CLNY,2020-09-21,0 days 15:55:00.801829,1021562,2.48,2.47,42161,25367,63217,-294111
943,CLNY,2020-09-21,0 days 15:55:01.801234,1004816,2.48,2.47,47211,27133,-16646,63217
944,CLNY,2020-09-21,0 days 15:56:57.803963,1004486,2.47,2.46,85112,31767,-18476,2524
945,CMC,2020-09-21,0 days 15:55:00.242282,218915,19.8,19.79,2402,720,12889,-84910
946,CMC,2020-09-21,0 days 15:56:37.243883,234521,19.76,19.75,2652,3203,-4756,3744
947,CMC,2020-09-21,0 days 15:57:52.246515,243132,19.75,19.74,640,3266,789,-824
948,CMC,2020-09-21,0 days 15:58:45.248112,246939,19.75,19.74,6677,973,-1664,336
949,CMC,2020-09-21,0 days 15:59:13.254315,250126,19.74,19.73,1914,6461,5295,-2401
950,CMC,2020-09-21,0 days 15:59:14.254050,249221,19.74,19.73,624,7648,-905,5295
951,CMC,2020-09-21,0 days 15:59:36.251295,254476,19.74,19.73,1698,8210,568,-1255
952,CMC,2020-09-21,0 days 15:59:41.252680,253894,19.75,19.74,226,7618,-1230,1718
953,CMC,2020-09-21,0 days 15:59:47.252682,257652,19.76,19.75,3775,2700,1478,-958
954,CMC,2020-09-21,0 days 16:00:00.251216,257652,19.76,19.75,3670,13970,7488,-152
955,CMS,2020-09-21,0 days 15:55:00.926491,343425,59.95,59.94,556,1499,5691,-43248
956,CMS,2020-09-21,0 days 15:55:01.924593,338216,59.98,59.97,728,450,-5209,5691
957,CMS,2020-09-21,0 days 15:55:11.924739,343425,60.0,59.99,548,506,12191,-5209
958,CMS,2020-09-21,0 days 15:55:12.924574,338726,60.01,60.0,1883,450,-4699,12191
959,CMS,2020-09-21,0 days 15:56:19.927206,347537,60.07,60.06,400,2807,60,-568
960,CMS,2020-09-21,0 days 15:56:25.926739,343851,60.06,60.05,500,1700,-3686,60
961,CMS,2020-09-21,0 days 15:59:02.935665,356172,60.03,60.02,500,1421,4040,-508
962,CMS,2020-09-21,0 days 15:59:03.934732,353812,60.04,60.03,828,725,-2825,4040
963,CMS,2020-09-21,0 days 15:59:46.934219,389156,60.01,60.0,1011,2293,254,-2401
964,CMS,2020-09-21,0 days 15:59:49.936994,387747,60.01,60.0,2431,1303,-1409,91
965,CNC,2020-09-21,0 days 15:55:00.242518,689355,56.01,56.0,324,1331,22989,-18981
966,CNC,2020-09-21,0 days 15:57:33.248352,715084,56.1,56.09,301,497,-5694,1406
967,CNC,2020-09-21,0 days 15:57:34.248331,713778,56.1,56.08,502,4041,1306,-5694
968,CNC,2020-09-21,0 days 15:57:37.248549,715084,56.08,56.07,540,340,-10597,403
969,CNC,2020-09-21,0 days 15:57:43.248255,729821,56.06,56.04,1401,1101,3363,-15037
970,CNC,2020-09-21,0 days 15:57:44.247988,728384,56.06,56.04,701,2775,-1437,3363
971,CNC,2020-09-21,0 days 15:59:07.252631,810999,56.01,56.0,275,280,-10458,2672
972,CNC,2020-09-21,0 days 15:59:16.250303,789546,55.99,55.98,1084,1450,41561,-4710
973,CNC,2020-09-21,0 days 15:59:17.250611,786979,56.01,56.0,602,379,-8171,41561
974,CNC,2020-09-21,0 days 15:59:30.256839,807349,56.07,56.03,800,900,10701,-6805
975,CNC,2020-09-21,0 days 15:59:31.253016,804601,56.07,56.03,900,1359,-2748,10701
976,CNK,2020-09-21,0 days 15:55:00.254277,188091,11.2,11.19,6219,6241,24310,-33410
977,CNK,2020-09-21,0 days 15:57:39.256776,217601,11.2,11.19,8061,6550,1227,-1773
978,CNK,2020-09-21,0 days 15:57:44.257523,218828,11.2,11.19,6356,9835,-873,1027
979,CNK,2020-09-21,0 days 15:57:45.257203,218201,11.2,11.19,6760,10207,627,-873
980,CNK,2020-09-21,0 days 15:57:47.260619,218828,11.2,11.19,10417,8407,-1273,827
981,CNK,2020-09-21,0 days 15:57:48.258994,218401,11.19,11.18,2855,6077,427,-1273
982,CNK,2020-09-21,0 days 15:57:59.258047,218828,11.19,11.18,5223,8723,-773,727
983,CNK,2020-09-21,0 days 15:58:08.260221,215902,11.19,11.18,13571,5894,2871,-2428
984,CNK,2020-09-21,0 days 15:58:31.261503,215312,11.17,11.16,24444,3629,-2190,410
985,CNK,2020-09-21,0 days 15:58:32.262816,214902,11.17,11.16,23944,3929,410,-2190
986,CNK,2020-09-21,0 days 15:59:01.264176,216467,11.17,11.16,16572,9827,-4335,5556
987,CNK,2020-09-21,0 days 15:59:02.262853,216002,11.17,11.16,5679,9527,465,-4335
988,CNK,2020-09-21,0 days 15:59:46.266069,238995,11.18,11.17,8396,6159,3888,-512
989,CNO,2020-09-21,0 days 15:55:42.244393,268285,16.32,16.31,2560,5676,900,-9100
990,CNO,2020-09-21,0 days 15:55:43.244838,262385,16.32,16.31,3594,5676,-5900,900
991,CNO,2020-09-21,0 days 15:59:13.252900,281400,16.32,16.31,1994,11150,4681,-4975
992,CNO,2020-09-21,0 days 15:59:14.252758,280381,16.32,16.31,2194,11715,-819,4681
993,CNO,2020-09-21,0 days 15:59:15.251472,281400,16.32,16.31,1518,11229,7000,-819
994,CNO,2020-09-21,0 days 15:59:16.250250,281100,16.33,16.32,2100,8764,-1712,7000
995,CNO,2020-09-21,0 days 15:59:21.251503,284137,16.33,16.32,3360,7885,193,-5112
996,CNO,2020-09-21,0 days 15:59:35.253060,281315,16.34,16.33,5602,7329,-2822,493
997,CNO,2020-09-21,0 days 15:59:45.254037,284137,16.34,16.33,7605,11768,2298,-772
998,CNO,2020-09-21,0 days 15:59:46.255507,282435,16.34,16.33,7798,12444,-1702,2298
999,CNO,2020-09-21,0 days 15:59:47.253392,284504,16.34,16.33,8101,11679,1450,-1702
1000,CNO,2020-09-21,0 days 15:59:48.253752,282954,16.34,16.33,7294,11769,-1550,1450
1001,CNP,2020-09-21,0 days 15:57:03.251384,587082,18.89,18.88,18324,10661,-5812,7208
1002,CNP,2020-09-21,0 days 15:57:04.251014,583194,18.89,18.88,23556,5961,3888,-5812
1003,CNP,2020-09-21,0 days 15:57:16.251671,585577,18.9,18.89,6103,22504,-4645,2388
1004,CNP,2020-09-21,0 days 15:57:17.251786,582522,18.9,18.89,7844,20208,3095,-4645
1005,CNP,2020-09-21,0 days 15:57:33.252795,590217,18.9,18.89,6544,25526,-2538,3262
1006,CNP,2020-09-21,0 days 15:57:34.252839,587355,18.9,18.89,8444,23036,2862,-2538
1007,CNP,2020-09-21,0 days 15:57:36.252958,590217,18.9,18.89,9365,24136,-3438,2862
1008,CNP,2020-09-21,0 days 15:57:37.252898,588955,18.9,18.89,12176,24639,1262,-3438
1009,CNP,2020-09-21,0 days 15:57:44.253150,590217,18.9,18.89,9648,27053,-238,962
1010,CNP,2020-09-21,0 days 15:57:45.253402,590055,18.9,18.89,16148,21923,162,-238
1011,CNP,2020-09-21,0 days 15:57:47.255397,590217,18.9,18.89,12848,23023,-3838,162
1012,CNP,2020-09-21,0 days 15:58:40.255780,594957,18.9,18.89,9140,13964,2621,-5281
1013,CNP,2020-09-21,0 days 15:59:15.252590,602221,18.89,18.88,17785,18811,-4045,1544
1014,CNQ,2020-09-21,0 days 15:55:33.282005,38052,16.62,16.61,2285,19104,-329,1171
1015,CNQ,2020-09-21,0 days 15:55:34.282074,37081,16.62,16.61,1285,20404,971,-329
1016,CNQ,2020-09-21,0 days 15:57:08.284124,39243,16.63,16.62,5025,21750,-1122,378
1017,CNQ,2020-09-21,0 days 15:57:09.284310,37573,16.63,16.62,5725,19550,1670,-1122
1018,CNQ,2020-09-21,0 days 15:59:23.291129,39312,16.63,16.62,2011,29268,873,-1327
1019,COF,2020-09-21,0 days 15:59:31.252898,316875,71.72,71.7,102,1382,3949,-586
1020,COF,2020-09-21,0 days 15:59:32.251807,313324,71.73,71.7,945,1184,-3551,3949
1021,COF,2020-09-21,0 days 15:59:47.252793,316775,71.69,71.66,200,938,749,-1226
1022,COF,2020-09-21,0 days 15:59:48.250752,315417,71.68,71.66,429,588,-302,749
1023,COG,2020-09-21,0 days 15:55:00.802164,389065,19.41,19.4,8853,2635,101652,-58142
1024,COG,2020-09-21,0 days 15:55:01.801421,385317,19.41,19.4,9937,4354,-3748,101652
1025,COG,2020-09-21,0 days 15:59:27.803321,592101,19.47,19.46,17720,20272,2377,-8662
1026,COG,2020-09-21,0 days 15:59:33.804336,584012,19.47,19.46,18152,22945,-7789,3211
1027,COLD,2020-09-21,0 days 15:55:00.243336,164329,35.29,35.26,224,103,-18425,38425
1028,COLD,2020-09-21,0 days 15:55:02.243153,163958,35.3,35.28,630,720,371,-1725
1029,COLD,2020-09-21,0 days 15:57:43.249350,199061,35.22,35.2,900,2078,-17021,3543
1030,COLD,2020-09-21,0 days 15:58:09.251268,207704,35.21,35.2,491,640,12,-1188
1031,COLD,2020-09-21,0 days 15:58:10.251362,207316,35.21,35.2,691,640,-388,12
1032,COLD,2020-09-21,0 days 15:58:11.251471,207704,35.21,35.2,791,722,112,-388
1033,COLD,2020-09-21,0 days 15:58:13.250710,207316,35.21,35.2,318,1082,-388,1212
1034,COLD,2020-09-21,0 days 15:58:26.252511,207316,35.2,35.19,1190,1900,-388,1712
1035,COLD,2020-09-21,0 days 15:59:01.254126,210392,35.18,35.17,6072,5070,-2336,2255
1036,COLD,2020-09-21,0 days 15:59:16.253372,242259,35.13,35.12,1161,2601,1389,-28
1037,COLD,2020-09-21,0 days 15:59:17.252972,242748,35.13,35.12,1849,2407,-111,1389
1038,COLD,2020-09-21,0 days 15:59:43.255497,252129,35.1,35.09,698,586,-1291,9009
1039,COP,2020-09-21,0 days 15:59:04.263470,1460517,34.3,34.29,6956,9745,4024,-6413
1040,COP,2020-09-21,0 days 15:59:16.263190,1333156,34.36,34.35,2100,7340,-120314,116185
1041,COP,2020-09-21,0 days 15:59:21.264112,1511109,34.38,34.37,900,7281,1657,-17885
1042,COP,2020-09-21,0 days 15:59:27.263891,1497836,34.38,34.37,1100,7296,-3628,101
1043,COP,2020-09-21,0 days 15:59:30.268429,1522438,34.4,34.39,3909,3840,42726,-328
1044,COP,2020-09-21,0 days 15:59:45.266958,1560531,34.4,34.39,2100,2819,-22351,21130
1045,COP,2020-09-21,0 days 15:59:46.265973,1589211,34.4,34.39,5511,1973,6642,-22351
1046,COP,2020-09-21,0 days 15:59:48.265733,1583353,34.39,34.38,1626,5900,-6776,2771
1047,COTY,2020-09-21,0 days 15:59:20.232457,600611,3.03,3.02,222554,163346,-55088,20077
1048,COTY,2020-09-21,0 days 15:59:21.232865,593499,3.03,3.02,224071,162551,7112,-55088
1049,COTY,2020-09-21,0 days 15:59:42.236933,612388,3.03,3.02,216254,196311,-42211,13289
1050,COTY,2020-09-21,0 days 15:59:43.234150,607199,3.03,3.02,222682,175296,5189,-42211
1051,CPB,2020-09-21,0 days 15:59:15.251368,513630,46.05,46.04,1788,1309,37874,-67526
1052,CPB,2020-09-21,0 days 15:59:16.250153,455264,46.07,46.06,2977,3114,-63177,37874
1053,CPB,2020-09-21,0 days 15:59:30.256525,515877,46.04,46.03,3140,568,20542,-2341
1054,CPB,2020-09-21,0 days 15:59:31.252883,511877,46.04,46.03,400,2174,-4000,20542
1055,CPRI,2020-09-21,0 days 15:55:30.241771,345145,20.37,20.36,800,4107,-10269,14031
1056,CPRI,2020-09-21,0 days 15:55:31.241670,343814,20.37,20.36,800,4107,1331,-10269
1057,CPRI,2020-09-21,0 days 15:57:40.247480,375980,20.41,20.39,2504,2928,-5416,2784
1058,CPRI,2020-09-21,0 days 15:57:41.247648,373196,20.41,20.39,2604,2728,2784,-5416
1059,CPRI,2020-09-21,0 days 15:58:26.248505,366710,20.41,20.4,769,2296,-6232,7268
1060,CPRI,2020-09-21,0 days 15:58:27.248103,361542,20.41,20.39,1583,2903,5168,-6232
1061,CPRI,2020-09-21,0 days 15:59:22.247321,372853,20.41,20.4,2227,1191,1850,-2050
1062,CPRI,2020-09-21,0 days 15:59:27.247450,374703,20.41,20.4,2392,1640,-1671,950
1063,CPRI,2020-09-21,0 days 15:59:28.248009,373074,20.41,20.4,2192,2041,1629,-1671
1064,CRK,2020-09-21,0 days 15:55:33.245162,80526,4.97,4.96,8544,5261,-80,3120
1065,CRK,2020-09-21,0 days 15:58:55.251619,89232,4.97,4.96,10472,3774,-13985,2197
1066,CRK,2020-09-21,0 days 15:58:56.252010,88817,4.97,4.96,11372,3480,197,-13985
1067,CRK,2020-09-21,0 days 15:59:43.255534,97256,4.97,4.96,11298,7923,-4963,437
1068,CRK,2020-09-21,0 days 15:59:46.256158,96919,4.98,4.97,8900,5182,519,-1081
1069,CRM,2020-09-21,0 days 15:57:41.253966,475834,244.4,244.34,212,202,1451,-3149
1070,CRM,2020-09-21,0 days 15:57:42.253375,472285,244.41,244.34,467,457,-3790,1451
1071,CRM,2020-09-21,0 days 15:57:47.255951,476997,244.37,244.3,300,408,488,-3312
1072,CRM,2020-09-21,0 days 15:57:48.254567,474085,244.37,244.3,300,839,-2912,488
1073,CRM,2020-09-21,0 days 15:58:05.255053,475384,244.37,244.31,365,302,1901,-1999
1074,CRM,2020-09-21,0 days 15:58:06.255199,468885,244.43,244.37,200,202,-6740,1901
1075,CRM,2020-09-21,0 days 15:58:47.256273,475917,244.45,244.38,400,400,13176,-2264
1076,CRM,2020-09-21,0 days 15:58:48.256045,471493,244.45,244.38,541,300,-4424,13176
1077,CRM,2020-09-21,0 days 15:59:01.258595,475959,244.46,244.4,500,179,7084,-10943
1078,CRM,2020-09-21,0 days 15:59:05.257790,477343,244.41,244.33,300,200,-5969,232
1079,CRM,2020-09-21,0 days 15:59:11.258668,483888,244.47,244.4,899,437,6740,-15700
1080,CRM,2020-09-21,0 days 15:59:12.258434,483690,244.45,244.4,199,737,-198,6740
1081,CRM,2020-09-21,0 days 15:59:14.258578,483888,244.45,244.41,100,300,847,-198
1082,CRM,2020-09-21,0 days 15:59:45.254931,533675,245.0,244.96,1326,619,-5272,26682
1083,CRM,2020-09-21,0 days 15:59:47.254036,525147,245.07,245.01,1610,1112,8528,-2272
1084,CRM,2020-09-21,0 days 15:59:48.253915,528375,245.14,245.07,600,600,-1772,8528
1085,CS,2020-09-21,0 days 15:57:38.231112,36198,10.08,10.07,80800,112008,675,-525
1086,CS,2020-09-21,0 days 15:57:39.230931,36873,10.08,10.07,87000,108908,-325,675
1087,CS,2020-09-21,0 days 15:58:48.233873,41198,10.08,10.07,76143,164469,5545,-1700
1088,CTLT,2020-09-21,0 days 15:55:00.242250,112614,85.66,85.63,310,220,374,-19338
1089,CTLT,2020-09-21,0 days 15:55:12.240641,112579,85.68,85.62,300,2114,-61,348
1090,CTLT,2020-09-21,0 days 15:55:23.241253,112640,85.7,85.64,300,626,39,-61
1091,CTLT,2020-09-21,0 days 15:55:30.242094,112784,85.71,85.66,300,2780,-588,118
1092,CTLT,2020-09-21,0 days 15:56:30.247254,131883,85.62,85.6,940,254,1125,-775
1093,CTLT,2020-09-21,0 days 15:56:31.243914,130208,85.62,85.6,740,254,-1675,1125
1094,CTLT,2020-09-21,0 days 15:57:58.246362,140622,85.58,85.57,800,434,460,-1211
1095,CTLT,2020-09-21,0 days 15:57:59.246734,138382,85.58,85.57,923,534,-2240,460
1096,CTLT,2020-09-21,0 days 15:59:02.253890,142463,85.53,85.51,630,200,156,-2246
1097,CTLT,2020-09-21,0 days 15:59:08.253656,142634,85.56,85.54,4768,231,-555,145
1098,CTLT,2020-09-21,0 days 15:59:11.253947,143201,85.54,85.5,744,643,197,-1055
1099,CTLT,2020-09-21,0 days 15:59:14.254009,140498,85.51,85.48,989,601,-259,1341
1100,CTLT,2020-09-21,0 days 15:59:34.251950,144078,85.53,85.51,263,1000,75,-342
1101,CTLT,2020-09-21,0 days 15:59:47.252585,143302,85.55,85.52,763,1499,-776,2524
1102,CTVA,2020-09-21,0 days 15:55:00.242997,1807620,28.17,28.16,628,2417,426912,-1465227
1103,CTVA,2020-09-21,0 days 15:59:21.251435,2244152,28.2,28.19,395,7950,14510,-6890
1104,CTVA,2020-09-21,0 days 15:59:25.252279,2210352,28.2,28.19,1481,4044,48310,-22090
1105,CTVA,2020-09-21,0 days 15:59:31.253019,2228983,28.19,28.18,3326,1600,29679,-62671
1106,CUBE,2020-09-21,0 days 15:55:01.800416,131263,31.63,31.62,1085,1304,16849,-251
1107,CUBE,2020-09-21,0 days 15:55:02.799758,128912,31.63,31.62,997,1404,-2351,16849
1108,CUBE,2020-09-21,0 days 15:55:25.800574,132368,31.65,31.64,483,1142,544,-1356
1109,CUBE,2020-09-21,0 days 15:55:26.800952,132012,31.65,31.64,487,1283,-356,544
1110,CUBE,2020-09-21,0 days 15:56:17.804100,133590,31.62,31.61,242,1000,222,-1078
1111,CUBE,2020-09-21,0 days 15:56:18.801751,133212,31.63,31.62,700,500,-378,222
1112,CUBE,2020-09-21,0 days 15:57:06.802127,133593,31.62,31.61,906,2052,109,-191
1113,CUBE,2020-09-21,0 days 15:57:07.802030,133202,31.62,31.61,2304,1352,-391,109
1114,CUBE,2020-09-21,0 days 15:57:37.804504,133593,31.61,31.6,2813,135,2939,-361
1115,CUBE,2020-09-21,0 days 15:58:09.806714,136532,31.61,31.6,2735,621,-455,976
1116,CUBE,2020-09-21,0 days 15:58:17.805968,136987,31.63,31.61,2600,2915,345,-155
1117,CUBE,2020-09-21,0 days 15:58:18.805931,136232,31.63,31.61,2200,3315,-755,345
1118,CUBE,2020-09-21,0 days 15:58:59.808229,136573,31.63,31.62,3014,207,-938,2962
1119,CUBE,2020-09-21,0 days 15:59:09.809957,140813,31.63,31.62,4411,1326,576,-324
1120,CUBE,2020-09-21,0 days 15:59:10.810235,139889,31.63,31.62,3921,1426,-924,576
1121,CUK,2020-09-21,0 days 15:55:00.227017,46543,11.72,11.71,7442,1663,-140,37046
1122,CUK,2020-09-21,0 days 15:55:33.230320,46683,11.73,11.72,2831,8362,1660,-140
1123,CUK,2020-09-21,0 days 15:59:19.232161,49812,11.77,11.76,2400,2000,-5008,1335
1124,CUK,2020-09-21,0 days 15:59:20.232638,49020,11.77,11.76,2500,3900,1792,-5008
1125,CUZ,2020-09-21,0 days 15:59:16.251127,201141,27.83,27.82,484,3456,-1706,15198
1126,CUZ,2020-09-21,0 days 16:00:00.252944,213487,27.76,27.74,1813,13638,3119,-12081
1127,CVA,2020-09-21,0 days 15:59:44.252458,134809,8.0,7.99,6089,20969,-934,7466
1128,CVE,2020-09-21,0 days 15:59:36.232966,74097,3.95,3.94,32509,367588,-7981,14853
1129,CVS,2020-09-21,0 days 15:55:00.242489,582380,58.76,58.75,1376,1072,879,-104629
1130,CVS,2020-09-21,0 days 15:55:07.242489,583059,58.79,58.78,814,1475,-5421,2979
1131,CVS,2020-09-21,0 days 15:55:08.242706,580780,58.79,58.78,1136,2071,2279,-5421
1132,CVS,2020-09-21,0 days 15:55:17.244638,582359,58.8,58.79,636,3501,-2771,982
1133,CVS,2020-09-21,0 days 15:55:18.243836,580530,58.81,58.8,1038,1900,1342,-2771
1134,CVS,2020-09-21,0 days 15:55:28.245033,581710,58.83,58.82,1784,1543,-7,60
1135,CVS,2020-09-21,0 days 15:55:29.244853,581826,58.83,58.82,1933,1718,1278,-7
1136,CVS,2020-09-21,0 days 15:55:44.244267,584204,58.84,58.83,705,3075,-31,1914
1137,CVS,2020-09-21,0 days 15:55:48.244715,582535,58.85,58.84,1746,3345,813,-698
1138,CVS,2020-09-21,0 days 15:56:08.245430,584442,58.84,58.83,2904,3467,-1206,166
1139,CVS,2020-09-21,0 days 15:56:09.244983,583348,58.84,58.83,3004,2667,427,-1206
1140,CVS,2020-09-21,0 days 15:57:16.247545,584060,58.86,58.84,2867,3474,1006,-394
1141,CVS,2020-09-21,0 days 15:57:21.247718,585255,58.86,58.85,1187,2668,-1371,740
1142,CVS,2020-09-21,0 days 15:57:22.247224,585026,58.86,58.85,962,2768,40,-1371
1143,CVS,2020-09-21,0 days 15:57:53.248219,606526,58.83,58.82,859,2016,2696,-1704
1144,CVS,2020-09-21,0 days 15:57:55.248654,607622,58.83,58.82,759,2754,-1804,896
1145,CVS,2020-09-21,0 days 15:58:12.250094,606554,58.84,58.83,1472,1899,343,-6957
1146,CVS,2020-09-21,0 days 15:58:13.250325,600997,58.84,58.83,1372,1706,-5557,343
1147,CVS,2020-09-21,0 days 15:58:41.250972,609554,58.86,58.85,5123,496,-3500,5511
1148,CVS,2020-09-21,0 days 15:59:05.252018,692856,58.83,58.81,2876,3115,5481,-77087
1149,CVS,2020-09-21,0 days 15:59:06.252860,686237,58.84,58.83,1294,3433,-6508,5481
1150,CVS,2020-09-21,0 days 15:59:30.256782,724722,58.9,58.89,1575,644,10617,-10912
1151,CVS,2020-09-21,0 days 15:59:31.253016,721039,58.9,58.89,848,1702,-3683,10617
1152,CVS,2020-09-21,0 days 15:59:45.254037,734091,58.9,58.89,3560,804,4148,-3650
1153,CVS,2020-09-21,0 days 15:59:47.253360,731411,58.91,58.9,2356,2212,-5472,5276
1154,CVX,2020-09-21,0 days 15:57:03.230782,1336309,75.99,75.98,1800,4768,1318,-2065
1155,CVX,2020-09-21,0 days 15:57:18.229987,1336160,75.96,75.95,3000,679,-1109,491
1156,CVX,2020-09-21,0 days 15:57:20.229951,1336069,75.93,75.92,700,1885,230,-1109
1157,CVX,2020-09-21,0 days 15:57:21.230320,1336299,75.94,75.93,4200,866,-170,230
1158,CVX,2020-09-21,0 days 15:59:15.232337,1493046,76.06,76.05,417,800,391078,-87341
1159,CWEN,2020-09-21,0 days 15:56:54.251117,111843,24.58,24.56,1014,100,57313,-6325
1160,CWEN,2020-09-21,0 days 15:57:17.252204,113506,24.57,24.56,106,361,-291,49571
1161,CWEN,2020-09-21,0 days 15:57:50.254755,115972,24.58,24.56,700,373,22,-756
1162,CWEN,2020-09-21,0 days 15:57:53.254036,115994,24.6,24.59,250,542,-656,22
1163,CWEN,2020-09-21,0 days 15:59:09.258604,120500,24.66,24.63,3544,782,-659,829
1164,CWEN,2020-09-21,0 days 15:59:19.252476,121171,24.66,24.64,1700,1150,5521,-784
1165,CWEN,2020-09-21,0 days 15:59:46.254597,130694,24.68,24.65,2900,5874,-3628,601
1166,CWEN,2020-09-21,0 days 15:59:50.258783,129861,24.67,24.62,410,650,2645,-747
1167,CWEN,2020-09-21,0 days 15:59:54.255069,132294,24.66,24.65,210,150,-1347,2645
1168,CWH,2020-09-21,0 days 15:59:35.234701,198647,31.02,30.99,476,783,-1895,3227
1169,CX,2020-09-21,0 days 15:59:27.290582,191254,3.68,3.67,115956,126968,812,-7843
1170,CX,2020-09-21,0 days 15:59:48.293076,185266,3.67,3.66,253311,154007,-4888,812
1171,CXO,2020-09-21,0 days 15:55:00.802164,205745,46.09,46.06,312,300,19745,-84230
1172,CXO,2020-09-21,0 days 15:55:01.801421,205090,46.09,46.06,222,600,-655,19745
1173,CXO,2020-09-21,0 days 15:56:16.802948,209637,46.16,46.15,301,814,112,-288
1174,CXO,2020-09-21,0 days 15:57:49.805925,233055,46.16,46.14,520,348,-523,3477
1175,CXO,2020-09-21,0 days 15:57:50.806157,231378,46.16,46.14,620,223,1677,-523
1176,CXO,2020-09-21,0 days 15:57:55.805970,234055,46.15,46.14,322,225,-2923,2177
1177,CXO,2020-09-21,0 days 15:57:56.806675,231878,46.15,46.14,222,225,2177,-2923
1178,CXO,2020-09-21,0 days 15:57:57.805888,234055,46.15,46.14,231,300,-4323,2177
1179,CXO,2020-09-21,0 days 15:57:58.805988,231878,46.15,46.14,231,400,2177,-4323
1180,CXO,2020-09-21,0 days 15:58:32.807932,220127,46.18,46.17,400,1835,1023,-4077
1181,CXO,2020-09-21,0 days 15:59:07.809843,222029,46.19,46.18,515,1393,79,-747
1182,CXO,2020-09-21,0 days 15:59:09.811515,217878,46.21,46.2,300,748,-4556,49
1183,CXW,2020-09-21,0 days 15:55:00.926864,165556,8.29,8.28,2509,3321,41366,-40990
1184,CXW,2020-09-21,0 days 15:55:01.924623,163622,8.29,8.28,2289,3621,-1934,41366
1185,CXW,2020-09-21,0 days 15:55:27.926247,165656,8.28,8.27,2734,7285,5266,-1834
1186,CXW,2020-09-21,0 days 15:55:28.925838,164722,8.28,8.27,2934,7185,-934,5266
1187,CXW,2020-09-21,0 days 15:59:22.933473,177109,8.23,8.22,10686,1415,-1211,2789
1188,CXW,2020-09-21,0 days 15:59:46.934266,183861,8.23,8.22,6398,17263,-1841,2088
1189,D,2020-09-21,0 days 15:57:37.251344,1352723,77.99,77.97,722,800,-11147,9053
1190,D,2020-09-21,0 days 15:59:56.252938,1394006,77.97,77.92,808,7000,10448,-12430
1191,D,2020-09-21,0 days 15:59:59.252434,1404276,77.98,77.96,6379,2200,-330,18248
1192,DAR,2020-09-21,0 days 15:55:00.243725,158463,33.19,33.17,600,200,-1273,9687
1193,DAR,2020-09-21,0 days 15:55:55.246044,159880,33.24,33.23,1297,343,1322,-12
1194,DAR,2020-09-21,0 days 15:55:56.245612,158902,33.24,33.23,1864,362,-978,1322
1195,DAR,2020-09-21,0 days 15:56:32.247323,159880,33.19,33.18,657,520,105,-327
1196,DAR,2020-09-21,0 days 15:56:33.246881,159085,33.19,33.18,632,920,-795,105
1197,DAR,2020-09-21,0 days 15:56:58.247895,159380,33.12,33.11,657,300,205,-295
1198,DAR,2020-09-21,0 days 15:57:50.250124,161980,33.24,33.22,1538,200,396,-1004
1199,DAR,2020-09-21,0 days 15:57:51.249914,161076,33.24,33.22,1538,269,-904,396
1200,DAR,2020-09-21,0 days 15:59:05.252608,161558,33.19,33.18,289,1426,-767,633
1201,DAR,2020-09-21,0 days 15:59:13.253672,162325,33.22,33.21,403,153,3475,-170
1202,DAR,2020-09-21,0 days 15:59:14.253096,161709,33.22,33.21,100,1034,-616,3475
1203,DAR,2020-09-21,0 days 15:59:17.252999,163224,33.22,33.21,400,300,2570,-525
1204,DAR,2020-09-21,0 days 15:59:18.253641,162794,33.22,33.21,600,300,-430,2570
1205,DAR,2020-09-21,0 days 15:59:27.254046,163224,33.23,33.22,600,300,5307,-630
1206,DB,2020-09-21,0 days 15:59:15.251836,73289,8.35,8.34,158555,151566,3785,-6789
1207,DB,2020-09-21,0 days 15:59:34.251795,77066,8.35,8.34,160511,142258,-1896,3197
1208,DB,2020-09-21,0 days 15:59:36.251535,78962,8.35,8.34,161911,144361,1604,-1896
1209,DB,2020-09-21,0 days 15:59:37.252315,78866,8.35,8.34,160211,145361,-96,1604
1210,DBI,2020-09-21,0 days 15:56:31.247454,110668,5.71,5.7,5869,4828,5818,-682
1211,DBI,2020-09-21,0 days 15:58:03.251188,120989,5.73,5.72,13999,8582,-881,119
1212,DBI,2020-09-21,0 days 15:58:04.251119,120170,5.73,5.72,13999,8582,619,-881
1213,DBI,2020-09-21,0 days 15:58:07.250537,120989,5.73,5.72,12032,12093,-2281,619
1214,DBI,2020-09-21,0 days 15:58:08.251125,124070,5.73,5.72,13632,10193,639,-2281
1215,DBI,2020-09-21,0 days 15:58:58.251490,124909,5.73,5.72,12504,9786,-1200,650
1216,DBI,2020-09-21,0 days 15:58:59.252004,120009,5.73,5.72,13154,9886,4700,-1200
1217,DBI,2020-09-21,0 days 15:59:46.255888,140630,5.74,5.73,16041,9571,233,-3767
1218,DD,2020-09-21,0 days 15:56:29.926753,1173381,56.15,56.14,1470,200,38,-144
1219,DD,2020-09-21,0 days 15:56:39.929269,1173371,56.14,56.13,100,1000,-10,190
1220,DD,2020-09-21,0 days 15:57:59.930223,1194152,56.12,56.11,2401,2611,4854,-1746
1221,DD,2020-09-21,0 days 15:58:00.931371,1181811,56.16,56.15,290,856,-33141,4854
1222,DD,2020-09-21,0 days 15:59:30.935393,1272361,56.14,56.11,800,1843,21020,-37954
1223,DD,2020-09-21,0 days 15:59:33.934383,1325061,56.15,56.14,925,2651,2768,-28675
1224,DD,2020-09-21,0 days 15:59:40.935437,1329030,56.15,56.14,1038,3767,-2063,2566
1225,DD,2020-09-21,0 days 15:59:41.934777,1331093,56.15,56.14,838,3363,737,-2063
1226,DDD,2020-09-21,0 days 15:55:00.925799,138760,5.01,5.0,26792,27950,85965,-42050
1227,DDD,2020-09-21,0 days 15:59:41.933463,190829,5.01,5.0,50173,39891,15087,-113
1228,DDD,2020-09-21,0 days 15:59:42.933233,190716,5.01,5.0,48273,44121,-113,15087
1229,DE,2020-09-21,0 days 15:55:00.802223,308582,214.07,214.02,120,200,-32946,65329
1230,DE,2020-09-21,0 days 15:55:52.802828,345372,214.15,214.08,300,200,45,-1599
1231,DE,2020-09-21,0 days 15:56:02.803119,342437,214.19,214.11,500,119,-2935,45
1232,DE,2020-09-21,0 days 15:56:44.803517,345496,213.77,213.67,1400,303,110,-21
