,Symbol,Timestamp,TIME,iPaired,Ask_P,Bid_P,Ask_S,Bid_S,iShares,PreviShares
0,AA,2020-10-22,0 days 15:56:08.236150,214233,13.64,13.63,10372,3501,2004,-603
1,AA,2020-10-22,0 days 15:56:09.235776,213037,13.64,13.63,8279,4201,-1196,2004
2,AA,2020-10-22,0 days 15:56:19.235995,214233,13.64,13.63,8335,1301,1604,-1494
3,AA,2020-10-22,0 days 15:56:20.238373,213037,13.64,13.63,6615,4601,-1196,1604
4,AA,2020-10-22,0 days 15:59:17.237263,242361,13.66,13.65,10540,300,604,-1911
5,AA,2020-10-22,0 days 15:59:18.237755,241765,13.66,13.65,9040,300,-596,604
6,AA,2020-10-22,0 days 15:59:39.237144,242361,13.66,13.65,14235,100,6269,-431
7,AA,2020-10-22,0 days 15:59:40.237066,242030,13.66,13.65,11098,1900,-331,6269
8,AA,2020-10-22,0 days 15:59:45.237433,242361,13.66,13.65,10945,2283,406,-331
9,AA,2020-10-22,0 days 15:59:46.236310,242067,13.66,13.65,9926,4793,-294,406
10,ABBV,2020-10-22,0 days 15:55:00.095330,441807,84.56,84.53,100,200,-111938,381
11,ABBV,2020-10-22,0 days 15:59:42.105426,616751,84.32,84.29,750,200,504,-6749
12,ABEV,2020-10-22,0 days 15:55:00.249872,62648,2.44,2.43,260320,421751,-15881,28692
13,ABEV,2020-10-22,0 days 15:56:21.254389,78529,2.44,2.43,285735,346651,57519,-15881
14,ABEV,2020-10-22,0 days 15:59:36.251499,187935,2.45,2.44,391354,716642,-78329,91971
15,ABEV,2020-10-22,0 days 15:59:37.250999,183264,2.45,2.44,391354,716642,4671,-78329
16,ACB,2020-10-22,0 days 15:57:13.255983,34108,4.82,4.81,15646,11200,-671,1929
17,ACB,2020-10-22,0 days 15:57:14.255589,31579,4.82,4.81,2900,16500,2529,-671
18,ACI,2020-10-22,0 days 15:55:00.249903,53599,14.73,14.72,1359,14302,1565,-4018
19,ACI,2020-10-22,0 days 15:56:46.256790,57264,14.69,14.68,1827,3844,-1650,2547
20,ACI,2020-10-22,0 days 15:56:47.255290,56114,14.69,14.68,1827,3612,150,-1650
21,ACI,2020-10-22,0 days 15:58:00.259353,51662,14.68,14.67,4642,737,-5461,541
22,ADT,2020-10-22,0 days 15:57:45.257187,193568,7.42,7.41,5889,1813,982,-1518
23,ADT,2020-10-22,0 days 15:57:48.257159,184850,7.42,7.41,5579,2413,-8518,3582
24,ADT,2020-10-22,0 days 15:57:57.257426,193568,7.42,7.41,5779,2594,82,-18
25,ADT,2020-10-22,0 days 15:57:58.257250,186650,7.42,7.41,5779,2594,-6718,82
26,ADT,2020-10-22,0 days 15:59:06.262142,187886,7.4,7.39,8873,5110,18319,-213
27,ADT,2020-10-22,0 days 15:59:07.262119,184705,7.4,7.39,8873,4783,-3181,18319
28,ADT,2020-10-22,0 days 15:59:11.262020,187886,7.4,7.39,8673,5053,6278,-3181
29,ADT,2020-10-22,0 days 15:59:12.262757,186164,7.4,7.39,10014,4503,-1722,6278
30,ADT,2020-10-22,0 days 15:59:31.252307,187886,7.4,7.39,6927,6175,5696,-2516
31,ADT,2020-10-22,0 days 15:59:32.252369,185982,7.4,7.39,7027,5775,-1904,5696
32,AEO,2020-10-22,0 days 15:58:27.310715,270864,14.5,14.49,341,9959,96,-7905
33,AEO,2020-10-22,0 days 15:58:51.310735,257460,14.5,14.49,1296,7260,-9104,7796
34,AEO,2020-10-22,0 days 15:59:37.300612,315451,14.48,14.47,700,6510,3694,-1006
35,AEO,2020-10-22,0 days 15:59:46.302154,310105,14.48,14.47,5000,3896,-5760,7754
36,AES,2020-10-22,0 days 15:56:10.235529,536621,20.41,20.4,11602,3802,412,-3512
37,AES,2020-10-22,0 days 15:56:11.235450,533133,20.41,20.4,14018,2202,-2488,412
38,AES,2020-10-22,0 days 15:59:12.241070,602009,20.42,20.41,9155,3198,-3286,5714
39,AES,2020-10-22,0 days 15:59:46.241569,606075,20.42,20.41,11917,5700,3513,-5235
40,AFL,2020-10-22,0 days 15:57:12.255821,253297,37.45,37.44,707,2031,2664,-1636
41,AFL,2020-10-22,0 days 15:59:02.262131,279137,37.49,37.48,3367,336,-417,3529
42,AFL,2020-10-22,0 days 15:59:05.262889,275793,37.49,37.48,1527,1536,2994,-2006
43,AFL,2020-10-22,0 days 15:59:31.260589,297611,37.5,37.49,144,4179,-2457,85
44,AFL,2020-10-22,0 days 15:59:32.260951,294368,37.51,37.49,2600,4524,3243,-2457
45,AFL,2020-10-22,0 days 15:59:39.260711,294368,37.5,37.49,4900,200,3443,-1257
46,AFL,2020-10-22,0 days 15:59:47.260263,296241,37.5,37.49,1686,1325,1634,-10166
47,AG,2020-10-22,0 days 15:59:07.241436,58444,10.93,10.92,23304,12694,906,-1194
48,AG,2020-10-22,0 days 15:59:38.241054,58996,10.93,10.92,35110,5720,-8113,487
49,AG,2020-10-22,0 days 15:59:39.241331,57609,10.93,10.92,34110,5620,1387,-8113
50,AG,2020-10-22,0 days 15:59:46.241740,58996,10.93,10.92,22820,13404,-4278,1187
51,AG,2020-10-22,0 days 15:59:47.241662,57874,10.93,10.92,30020,7270,1122,-4278
52,AGI,2020-10-22,0 days 15:55:46.097479,31588,8.49,8.48,58785,3600,2011,-1299
53,AGI,2020-10-22,0 days 15:59:36.104879,37146,8.5,8.49,39172,29016,-3397,4203
54,AGI,2020-10-22,0 days 15:59:37.104886,36843,8.5,8.49,39172,27616,303,-3397
55,AGI,2020-10-22,0 days 15:59:38.105062,37146,8.5,8.49,41772,27416,-6097,303
56,AGI,2020-10-22,0 days 15:59:39.106419,36843,8.5,8.49,41772,27416,303,-6097
57,AGR,2020-10-22,0 days 15:57:40.257110,77466,49.43,49.4,400,577,-2233,67
58,AGR,2020-10-22,0 days 15:59:03.261628,96839,49.46,49.45,620,100,34267,-2604
59,AGR,2020-10-22,0 days 15:59:04.261545,86916,49.49,49.47,284,401,-9923,34267
60,AGR,2020-10-22,0 days 15:59:07.261965,89721,49.48,49.45,620,100,4476,-2642
61,AGR,2020-10-22,0 days 15:59:28.250831,95319,49.47,49.44,836,188,993,-316
62,AGR,2020-10-22,0 days 15:59:40.252728,93712,49.46,49.4,920,100,-1607,7993
63,AGR,2020-10-22,0 days 15:59:43.251950,95319,49.46,49.42,800,100,1886,-1457
64,AGR,2020-10-22,0 days 15:59:44.251425,93905,49.46,49.4,920,100,-1414,1886
65,AGR,2020-10-22,0 days 15:59:46.253182,95319,49.46,49.4,1220,100,8509,-414
66,AGR,2020-10-22,0 days 15:59:47.252608,95128,49.46,49.4,920,100,-191,8509
67,AHT,2020-10-22,0 days 15:58:12.309090,6928,1.73,1.72,1799,459,-668,280
68,AHT,2020-10-22,0 days 15:58:13.308787,6769,1.73,1.72,1599,359,159,-668
69,AIG,2020-10-22,0 days 15:59:15.240974,527918,32.01,32.0,100,3553,24160,-22188
70,AIG,2020-10-22,0 days 15:59:16.242011,518278,32.03,32.02,100,2766,-9798,24160
71,AIG,2020-10-22,0 days 15:59:30.243367,529661,32.0,31.99,500,2814,15720,-2461
72,AIG,2020-10-22,0 days 15:59:31.240985,528871,32.01,32.0,100,3636,-119,15720
73,AIG,2020-10-22,0 days 15:59:45.242972,529108,32.01,32.0,4316,1236,-1076,2424
74,AIG,2020-10-22,0 days 15:59:46.242071,530184,32.01,31.99,3890,4139,7571,-1076
75,AIG,2020-10-22,0 days 15:59:49.241547,528098,32.02,32.01,3354,1100,-2086,4014
76,AIV,2020-10-22,0 days 15:55:00.093469,128357,34.11,34.1,721,600,-191580,20302
77,AIV,2020-10-22,0 days 15:59:24.098747,373836,34.07,34.05,100,300,14473,-39576
78,AIV,2020-10-22,0 days 15:59:41.099471,386489,34.06,34.04,920,200,-1083,1417
79,AIV,2020-10-22,0 days 15:59:47.099602,389119,34.07,34.05,200,100,11328,-626
80,ALL,2020-10-22,0 days 15:55:01.231991,130925,91.92,91.88,200,300,-6142,1213
81,ALL,2020-10-22,0 days 15:55:50.234580,137669,91.85,91.82,569,100,6591,-1609
82,ALL,2020-10-22,0 days 15:55:51.234657,136160,91.85,91.82,343,328,-1509,6591
83,ALL,2020-10-22,0 days 15:56:03.234302,155169,91.78,91.7,600,100,197,-205
84,ALL,2020-10-22,0 days 15:56:04.234676,151966,91.78,91.72,600,101,-3203,197
85,ALL,2020-10-22,0 days 15:58:17.238862,154345,91.65,91.6,504,100,-2099,401
86,ALL,2020-10-22,0 days 15:59:01.240915,156444,91.67,91.65,100,172,736,-2052
87,ALL,2020-10-22,0 days 15:59:02.240780,155268,91.67,91.65,100,100,-1176,736
88,ALL,2020-10-22,0 days 15:59:03.240364,157901,91.73,91.69,400,271,4294,-1176
89,ALLY,2020-10-22,0 days 15:55:00.304147,332111,28.85,28.84,1100,2994,-1996,14776
90,ALLY,2020-10-22,0 days 15:55:32.305384,335005,28.85,28.84,4000,2650,1518,-1482
91,ALLY,2020-10-22,0 days 15:55:33.305168,333023,28.85,28.84,4210,2801,-1982,1518
92,ALLY,2020-10-22,0 days 15:56:02.304929,352161,28.82,28.81,4362,1400,2217,-3483
93,ALLY,2020-10-22,0 days 15:56:03.305126,351678,28.82,28.81,8015,492,-483,2217
94,ALLY,2020-10-22,0 days 15:57:18.306157,354833,28.75,28.74,1797,3712,1687,-413
95,ALLY,2020-10-22,0 days 15:57:19.307818,354420,28.75,28.74,2060,3906,-413,1687
96,ALLY,2020-10-22,0 days 15:57:21.308216,358333,28.75,28.74,3660,2312,1587,-413
97,ALLY,2020-10-22,0 days 15:57:26.306232,356120,28.75,28.74,1395,4554,-513,987
98,ALLY,2020-10-22,0 days 15:58:44.310778,380660,28.72,28.71,1350,2651,-2995,4205
99,ALLY,2020-10-22,0 days 15:59:28.300535,515581,28.83,28.82,2800,2800,-293,758
100,ALLY,2020-10-22,0 days 15:59:33.301523,512503,28.82,28.81,630,2400,3078,-3022
101,ALLY,2020-10-22,0 days 15:59:41.301325,515581,28.81,28.8,1891,2172,-10622,2835
102,ALLY,2020-10-22,0 days 15:59:42.301470,513403,28.81,28.79,4581,4427,2178,-10622
103,ALLY,2020-10-22,0 days 15:59:45.302854,515581,28.81,28.8,5453,400,-10555,3910
104,ALLY,2020-10-22,0 days 15:59:46.302290,507620,28.78,28.77,1000,2011,12489,-10555
105,ALLY,2020-10-22,0 days 15:59:50.305351,515719,28.81,28.8,1761,3170,-4601,2956
106,AM,2020-10-22,0 days 15:57:42.238290,218481,6.58,6.57,11112,11870,1039,-1961
107,AM,2020-10-22,0 days 15:57:43.238653,215720,6.58,6.57,11112,11870,-2761,1039
108,AM,2020-10-22,0 days 15:57:51.238443,218481,6.58,6.57,12083,12294,139,-1561
109,AM,2020-10-22,0 days 15:57:55.238978,210220,6.58,6.57,11273,12094,-8261,139
110,AM,2020-10-22,0 days 15:59:11.242777,239574,6.57,6.56,49963,6591,5142,-1004
111,AM,2020-10-22,0 days 15:59:12.243238,236516,6.57,6.56,49963,5841,-3058,5142
112,AM,2020-10-22,0 days 15:59:22.238474,239574,6.57,6.56,15720,13938,1614,-3058
113,AM,2020-10-22,0 days 15:59:23.239123,236888,6.57,6.56,16120,14038,-2686,1614
114,AMC,2020-10-22,0 days 15:58:59.260786,69207,3.12,3.11,7496,6866,-3964,7484
115,AMC,2020-10-22,0 days 15:59:01.261361,66718,3.12,3.11,7696,3516,2489,-3964
116,AMC,2020-10-22,0 days 15:59:32.252023,69307,3.12,3.11,22113,3595,-2797,292
117,AMCR,2020-10-22,0 days 15:59:15.262591,564349,11.03,11.02,12947,13509,-11028,10718
118,AMCR,2020-10-22,0 days 15:59:16.264688,555177,11.03,11.02,17686,11801,2872,-11028
119,AMCR,2020-10-22,0 days 15:59:31.260662,564887,11.03,11.02,26379,11491,-224,9210
120,AMCR,2020-10-22,0 days 15:59:37.259847,565111,11.02,11.01,21102,12687,4976,-224
121,AMCR,2020-10-22,0 days 15:59:48.260838,564189,11.02,11.01,30358,9093,5998,-2202
122,AMH,2020-10-22,0 days 15:57:19.220135,126900,30.23,30.21,1401,1553,14920,-2680
123,AMH,2020-10-22,0 days 15:57:20.220235,124220,30.23,30.21,1555,1553,-2680,14920
124,AMH,2020-10-22,0 days 15:59:17.225604,125173,30.22,30.21,543,2542,534,-401
125,AMH,2020-10-22,0 days 15:59:23.226312,125707,30.22,30.21,200,2142,-4587,534
126,AMH,2020-10-22,0 days 15:59:47.226671,130093,30.21,30.2,300,2202,-1043,3257
127,AMH,2020-10-22,0 days 15:59:49.227070,131136,30.22,30.2,2000,2802,706,-654
128,AMH,2020-10-22,0 days 15:59:50.229813,120942,30.22,30.21,1217,1102,-10194,706
129,AMX,2020-10-22,0 days 15:58:04.240077,47857,13.2,13.19,5501,19472,-11561,1370
130,AMX,2020-10-22,0 days 15:59:21.238173,77710,13.19,13.18,14956,5961,18726,-24274
131,AMX,2020-10-22,0 days 15:59:22.238474,76036,13.19,13.18,14556,5961,-1074,18726
132,AN,2020-10-22,0 days 15:55:00.225254,91997,61.91,61.87,500,535,7319,-18081
133,AN,2020-10-22,0 days 15:56:01.227328,123889,62.01,61.99,113,401,-22332,12668
134,AN,2020-10-22,0 days 15:56:02.227762,121221,62.01,61.93,200,300,2668,-22332
135,AN,2020-10-22,0 days 15:56:04.227317,124989,62.04,61.98,100,200,-332,2668
136,AN,2020-10-22,0 days 15:56:05.227490,122221,62.04,61.98,219,200,2768,-332
137,AN,2020-10-22,0 days 15:57:38.230289,123284,62.11,62.07,200,100,1799,-1701
138,AN,2020-10-22,0 days 15:58:13.231844,123883,62.16,62.13,200,200,-2568,1032
139,AN,2020-10-22,0 days 15:58:17.231461,123591,62.16,62.13,200,500,292,-508
140,AN,2020-10-22,0 days 15:58:29.232090,125183,62.14,62.1,146,306,-1308,1592
141,AN,2020-10-22,0 days 15:58:30.232549,123791,62.14,62.1,146,417,1392,-1308
142,AN,2020-10-22,0 days 15:58:58.232461,123460,62.17,62.16,131,246,913,-3587
143,AN,2020-10-22,0 days 15:59:24.232950,123576,62.22,62.18,100,200,-1081,916
144,AN,2020-10-22,0 days 15:59:25.234032,123357,62.22,62.18,100,200,219,-1081
145,AN,2020-10-22,0 days 15:59:30.235650,130776,62.21,62.13,541,500,-6078,219
146,AN,2020-10-22,0 days 15:59:31.235036,129354,62.19,62.13,300,200,2322,-6078
147,AN,2020-10-22,0 days 15:59:34.233632,132776,62.21,62.13,321,200,-78,822
148,AN,2020-10-22,0 days 15:59:53.231345,135490,62.26,62.18,200,200,-3846,614
149,APH,2020-10-22,0 days 15:55:01.232055,129256,118.84,118.77,200,401,-1076,1424
150,APH,2020-10-22,0 days 15:58:52.239723,157340,118.58,118.56,234,206,224,-328
151,APH,2020-10-22,0 days 15:58:54.239792,157264,118.6,118.58,100,200,-76,224
152,APH,2020-10-22,0 days 15:59:30.243165,155269,118.56,118.51,172,100,1525,-254
153,APH,2020-10-22,0 days 15:59:31.240806,154194,118.59,118.49,200,100,-1075,1525
154,APH,2020-10-22,0 days 15:59:47.241603,154374,118.51,118.44,650,339,-1000,1544
155,APO,2020-10-22,0 days 15:55:32.305384,90615,40.69,40.68,700,342,366,-434
156,APO,2020-10-22,0 days 15:55:33.305178,90181,40.69,40.68,500,599,-434,366
157,APO,2020-10-22,0 days 15:56:04.304995,90657,40.66,40.63,629,100,380,-176
158,APO,2020-10-22,0 days 15:56:05.304664,90337,40.67,40.64,524,200,-320,380
159,APO,2020-10-22,0 days 15:56:08.305016,90657,40.65,40.63,224,100,2690,-320
160,APO,2020-10-22,0 days 15:56:09.304866,90547,40.65,40.64,300,205,-110,2690
161,APO,2020-10-22,0 days 15:56:49.306206,91047,40.63,40.6,1173,669,-423,177
162,APO,2020-10-22,0 days 15:57:16.306734,91370,40.6,40.59,100,433,777,-123
163,APO,2020-10-22,0 days 15:57:17.306449,91247,40.61,40.6,200,401,-123,777
164,APO,2020-10-22,0 days 15:57:41.307325,96167,40.58,40.56,200,500,180,-1320
165,APO,2020-10-22,0 days 15:57:42.307213,95747,40.58,40.57,300,300,-420,180
166,APO,2020-10-22,0 days 15:58:03.310827,95663,40.58,40.57,304,227,-438,862
167,APO,2020-10-22,0 days 15:58:07.308962,97625,40.58,40.55,532,210,138,-562
168,APO,2020-10-22,0 days 15:58:08.309695,97363,40.58,40.56,203,400,-262,138
169,APO,2020-10-22,0 days 15:58:16.309553,97625,40.58,40.56,206,519,1268,-232
170,APO,2020-10-22,0 days 15:58:17.309723,97193,40.58,40.56,206,519,-432,1268
171,APO,2020-10-22,0 days 15:59:04.311182,98420,40.63,40.6,221,203,3199,-550
172,AR,2020-10-22,0 days 15:55:12.232840,474792,4.04,4.03,51073,22984,540,-2660
173,AR,2020-10-22,0 days 15:55:13.233349,453332,4.04,4.03,34684,33544,-21460,540
174,AR,2020-10-22,0 days 15:55:39.234543,474792,4.03,4.02,17300,33024,14941,-21459
175,AR,2020-10-22,0 days 15:55:40.234348,472433,4.03,4.02,16700,33024,-2359,14941
176,AR,2020-10-22,0 days 15:56:23.233966,478531,4.02,4.01,18100,31780,15897,-2455
177,AR,2020-10-22,0 days 15:56:24.235084,473928,4.02,4.01,19500,28370,-4603,15897
178,AR,2020-10-22,0 days 15:57:08.235473,496883,4.02,4.01,30484,21883,1445,-2055
179,AR,2020-10-22,0 days 15:57:09.235611,479428,4.02,4.01,30384,21047,-17055,1445
180,AR,2020-10-22,0 days 15:59:00.243060,525672,4.02,4.01,45684,29077,4142,-4254
181,AR,2020-10-22,0 days 15:59:02.240710,492414,4.02,4.01,49000,30333,-4765,25835
182,ARMK,2020-10-22,0 days 15:56:01.227257,277125,29.29,29.28,1423,100,4321,-979
183,ARMK,2020-10-22,0 days 15:56:05.227380,281446,29.29,29.28,1600,400,-486,672
184,ARMK,2020-10-22,0 days 15:56:06.227914,284932,29.28,29.27,600,200,914,-486
185,ARMK,2020-10-22,0 days 15:56:21.228022,285846,29.27,29.26,319,1070,-4992,508
186,ARMK,2020-10-22,0 days 15:56:57.228960,292653,29.23,29.22,400,419,3283,-587
187,ARMK,2020-10-22,0 days 15:56:58.230111,292436,29.23,29.22,200,519,-217,3283
188,ARMK,2020-10-22,0 days 15:57:36.230118,292653,29.28,29.25,700,600,1262,-12638
189,ARMK,2020-10-22,0 days 15:57:37.230193,292415,29.28,29.25,700,600,-238,1262
190,ARMK,2020-10-22,0 days 15:57:39.230469,292653,29.28,29.25,500,600,62,-5138
191,ARMK,2020-10-22,0 days 15:57:44.230235,295115,29.28,29.25,600,600,-1538,62
192,ARMK,2020-10-22,0 days 15:57:45.230190,294953,29.28,29.25,600,600,662,-1538
193,ARMK,2020-10-22,0 days 15:57:49.230290,295915,29.28,29.25,500,200,-6138,262
194,ARMK,2020-10-22,0 days 15:57:50.230177,295653,29.27,29.25,374,400,262,-6138
195,ARMK,2020-10-22,0 days 15:57:58.230593,296515,29.29,29.27,308,100,-638,262
196,ARMK,2020-10-22,0 days 15:58:00.231835,296253,29.29,29.27,408,302,262,-1038
197,ARMK,2020-10-22,0 days 15:58:06.231229,294507,29.28,29.25,100,1100,-1946,154
198,ARMK,2020-10-22,0 days 15:58:07.231263,294353,29.28,29.25,200,300,154,-1946
199,ARMK,2020-10-22,0 days 15:58:10.231552,294507,29.29,29.28,500,1308,-7146,154
200,ARMK,2020-10-22,0 days 15:58:12.231711,294276,29.29,29.28,500,812,251,-569
201,ARMK,2020-10-22,0 days 15:58:19.231794,295327,29.3,29.28,501,242,-1549,351
202,ARMK,2020-10-22,0 days 15:58:20.231812,294976,29.29,29.28,100,1000,351,-1549
203,ARMK,2020-10-22,0 days 15:58:21.231569,295327,29.3,29.28,400,200,-1049,351
204,ARMK,2020-10-22,0 days 15:58:23.231127,293676,29.3,29.28,200,400,1651,-10349
205,ARMK,2020-10-22,0 days 15:59:09.233715,309568,29.31,29.29,200,240,1132,-493
206,ARMK,2020-10-22,0 days 15:59:10.234264,308500,29.32,29.29,200,536,-1068,1132
207,ARMK,2020-10-22,0 days 15:59:11.234130,310001,29.31,29.29,100,836,3299,-1068
208,ARMK,2020-10-22,0 days 15:59:12.234167,309200,29.31,29.29,200,636,-801,3299
209,ARMK,2020-10-22,0 days 15:59:36.233602,310988,29.3,29.29,100,220,1169,-1231
210,ARMK,2020-10-22,0 days 15:59:40.234178,310988,29.32,29.3,503,500,2869,-831
211,ARMK,2020-10-22,0 days 15:59:46.233394,306763,29.35,29.34,600,100,-9570,2199
212,ATUS,2020-10-22,0 days 15:55:00.302997,516344,27.98,27.97,2716,4932,55196,-35985
213,ATUS,2020-10-22,0 days 15:57:40.307176,573019,27.97,27.96,6264,6833,-232,68
214,ATUS,2020-10-22,0 days 15:58:07.308830,582313,27.97,27.96,4157,8559,3289,-11
215,ATUS,2020-10-22,0 days 15:58:08.309555,579302,27.97,27.96,3670,9759,-2411,3289
216,ATUS,2020-10-22,0 days 15:59:07.311586,600090,28.0,27.99,4660,6634,12944,-2040
217,ATUS,2020-10-22,0 days 15:59:08.312028,598934,28.0,27.99,4460,6334,-1156,12944
218,ATUS,2020-10-22,0 days 15:59:23.300664,613205,28.0,27.99,5200,3800,3255,-9405
219,ATUS,2020-10-22,0 days 15:59:24.300142,612060,28.0,27.99,900,6200,-1145,3255
220,ATUS,2020-10-22,0 days 15:59:48.301899,625260,28.0,27.99,3799,1639,-1317,3883
221,AUY,2020-10-22,0 days 15:59:36.233644,123498,5.84,5.83,296835,408177,1437,-4663
222,AUY,2020-10-22,0 days 15:59:46.233505,123335,5.84,5.83,353400,308848,-2221,4637
223,AVTR,2020-10-22,0 days 15:59:06.225146,386955,25.4,25.39,3737,1100,-11420,6597
224,AXP,2020-10-22,0 days 15:56:08.095315,266663,104.63,104.61,500,100,158,-115
225,AXP,2020-10-22,0 days 15:56:09.094136,266121,104.63,104.61,500,100,-542,158
226,AXP,2020-10-22,0 days 15:56:14.094660,266663,104.61,104.6,819,100,119,-409
227,AXP,2020-10-22,0 days 15:56:17.094734,266782,104.61,104.59,676,100,-1309,191
228,AXP,2020-10-22,0 days 15:56:48.095085,268259,104.6,104.58,100,388,2270,-980
229,AXP,2020-10-22,0 days 15:57:35.095700,272824,104.7,104.67,100,501,-907,406
230,AXP,2020-10-22,0 days 15:57:36.095565,274503,104.7,104.68,100,200,806,-907
231,AXP,2020-10-22,0 days 15:57:38.095451,273809,104.69,104.67,409,502,-194,1506
232,AXP,2020-10-22,0 days 15:57:41.095919,273731,104.69,104.67,100,851,2293,-807
233,AXP,2020-10-22,0 days 15:57:57.096806,274503,104.74,104.71,100,300,206,-694
234,AXP,2020-10-22,0 days 15:58:01.097894,273809,104.71,104.7,200,201,-694,99
235,AXP,2020-10-22,0 days 15:58:03.096809,273734,104.74,104.71,205,400,75,-194
236,AXP,2020-10-22,0 days 15:58:09.098072,273824,104.7,104.68,100,200,-1990,1520
237,AXP,2020-10-22,0 days 15:58:11.097320,275705,104.67,104.65,200,300,8,-2590
238,AXP,2020-10-22,0 days 15:58:21.097676,273923,104.59,104.56,100,200,-2167,224
239,AXP,2020-10-22,0 days 15:58:22.098500,272390,104.63,104.58,105,293,1533,-2167
240,AXP,2020-10-22,0 days 15:58:29.098824,273923,104.63,104.58,100,400,-2176,333
241,AXP,2020-10-22,0 days 15:58:36.098182,272499,104.61,104.59,100,300,1424,-3048
242,AXP,2020-10-22,0 days 15:59:06.099742,274291,104.68,104.65,100,510,357,-372
243,AXP,2020-10-22,0 days 15:59:08.099758,286148,104.68,104.65,100,1010,-2347,357
244,AXP,2020-10-22,0 days 15:59:09.099828,293376,104.69,104.67,202,100,28,-2347
245,AXP,2020-10-22,0 days 15:59:11.100356,293419,104.7,104.67,300,848,-1319,312
246,AXP,2020-10-22,0 days 15:59:22.098955,295910,104.75,104.7,100,200,89,-2106
247,AXP,2020-10-22,0 days 15:59:26.099124,295999,104.79,104.73,100,300,-89,89
248,AXP,2020-10-22,0 days 15:59:27.099048,295888,104.77,104.72,100,300,111,-89
249,AXP,2020-10-22,0 days 15:59:35.098768,298088,104.77,104.75,100,700,215,-34
250,AXP,2020-10-22,0 days 15:59:41.099362,298303,104.79,104.74,200,600,-4291,266
251,AXP,2020-10-22,0 days 15:59:43.099683,296388,104.77,104.74,490,700,1966,-2791
252,AXP,2020-10-22,0 days 15:59:49.100590,303157,104.82,104.8,200,600,-5208,369
253,AXTA,2020-10-22,0 days 15:57:56.239453,214641,26.75,26.74,249,400,-6508,1592
254,AXTA,2020-10-22,0 days 15:59:15.237279,249422,26.72,26.71,458,400,128,-5890
255,AXTA,2020-10-22,0 days 15:59:23.239104,249550,26.72,26.71,256,1514,-21615,128
256,AXTA,2020-10-22,0 days 15:59:31.239469,271365,26.71,26.7,224,1200,411,-645
257,AXTA,2020-10-22,0 days 15:59:33.241275,271776,26.73,26.71,700,2457,-1789,411
258,AXTA,2020-10-22,0 days 15:59:45.237433,273643,26.71,26.7,403,1100,11327,-867
259,AXTA,2020-10-22,0 days 15:59:46.236292,271070,26.71,26.7,1600,800,-3470,11327
260,BA,2020-10-22,0 days 15:59:31.301407,593888,169.11,169.08,100,844,-8426,1511
261,BA,2020-10-22,0 days 15:59:38.301279,594664,169.07,169.05,600,600,10783,-76
262,BA,2020-10-22,0 days 15:59:40.302521,605447,169.13,169.11,300,475,-7968,8769
263,BA,2020-10-22,0 days 15:59:41.301304,604815,169.12,169.09,1030,400,632,-7968
264,BA,2020-10-22,0 days 15:59:47.302180,605447,169.14,169.11,918,381,-373,3627
265,BA,2020-10-22,0 days 15:59:49.301948,605180,169.14,169.11,200,200,267,-8033
266,BABA,2020-10-22,0 days 15:59:21.104314,960158,306.48,306.39,100,100,-3759,15583
267,BABA,2020-10-22,0 days 15:59:22.104335,958167,306.49,306.41,202,210,1991,-3759
268,BABA,2020-10-22,0 days 15:59:29.104177,973911,306.65,306.51,200,163,-1130,836
269,BABA,2020-10-22,0 days 15:59:30.106663,972075,306.61,306.51,200,123,4269,-1130
270,BABA,2020-10-22,0 days 15:59:49.106334,978460,306.68,306.52,100,850,-22450,3306
271,BAC,2020-10-22,0 days 15:59:08.242820,3392536,24.87,24.86,87175,66422,-48530,113067
272,BAC,2020-10-22,0 days 15:59:09.242289,3375166,24.87,24.86,92039,60886,17885,-48530
273,BAC,2020-10-22,0 days 15:59:15.237279,3488294,24.87,24.86,152653,16752,-390271,21588
274,BAX,2020-10-22,0 days 15:55:00.249854,173631,81.43,81.39,200,195,5391,-28197
275,BAX,2020-10-22,0 days 15:55:08.249960,179032,81.42,81.39,200,535,-5633,1291
276,BAX,2020-10-22,0 days 15:55:09.249946,178365,81.42,81.39,200,400,667,-5633
277,BAX,2020-10-22,0 days 15:55:10.250716,179032,81.42,81.39,200,286,-480,667
278,BAX,2020-10-22,0 days 15:55:11.250541,178412,81.4,81.38,100,201,620,-480
279,BAX,2020-10-22,0 days 15:55:46.254702,181484,81.37,81.34,200,400,-6605,633
280,BAX,2020-10-22,0 days 15:55:55.253887,184384,81.35,81.33,819,200,2995,-2500
281,BAX,2020-10-22,0 days 15:57:04.255383,195449,81.31,81.29,1128,310,-2313,487
282,BAX,2020-10-22,0 days 15:57:05.255664,194462,81.31,81.3,1128,404,987,-2313
283,BAX,2020-10-22,0 days 15:57:19.255901,195049,81.43,81.4,302,600,-213,387
284,BAX,2020-10-22,0 days 15:57:20.256538,194162,81.41,81.39,200,609,887,-213
285,BAX,2020-10-22,0 days 15:57:59.257775,201853,81.38,81.36,1232,300,-1213,1887
286,BAX,2020-10-22,0 days 15:58:00.259353,200366,81.38,81.36,832,872,187,-1213
287,BAX,2020-10-22,0 days 15:58:22.260152,200770,81.41,81.37,300,600,-176,2324
288,BAX,2020-10-22,0 days 15:58:23.259393,199746,81.39,81.37,200,800,1024,-176
289,BAX,2020-10-22,0 days 15:59:06.261907,199120,81.44,81.4,402,100,-1381,151
290,BAX,2020-10-22,0 days 15:59:11.261938,205167,81.42,81.4,100,432,271,-3122
291,BAX,2020-10-22,0 days 15:59:22.251581,205438,81.42,81.41,128,100,-1419,271
292,BAX,2020-10-22,0 days 15:59:23.252208,205357,81.45,81.42,600,300,81,-1419
293,BAX,2020-10-22,0 days 15:59:30.252689,205438,81.43,81.41,553,240,-4622,81
294,BB,2020-10-22,0 days 15:55:00.215726,39700,5.11,5.1,26304,65410,3179,-21943
295,BB,2020-10-22,0 days 15:57:12.220086,42879,5.13,5.12,27501,88339,-1700,879
296,BB,2020-10-22,0 days 15:59:00.227179,45829,5.14,5.13,109986,60132,994,-1970
297,BB,2020-10-22,0 days 15:59:01.225629,46823,5.14,5.13,109586,52032,-106,994
298,BB,2020-10-22,0 days 15:59:05.226534,47529,5.14,5.13,114386,58032,3607,-106
299,BB,2020-10-22,0 days 15:59:21.225445,38809,5.13,5.12,42835,111534,-8120,5080
300,BB,2020-10-22,0 days 15:59:29.225125,47529,5.13,5.12,23838,112066,9680,-3520
301,BB,2020-10-22,0 days 15:59:36.225484,57209,5.13,5.12,18836,114666,-7520,9680
302,BBD,2020-10-22,0 days 15:55:35.257789,598268,4.06,4.05,393204,129243,-38787,61213
303,BBD,2020-10-22,0 days 15:55:36.257970,575155,4.06,4.05,393345,129243,23113,-38787
304,BBD,2020-10-22,0 days 15:59:36.260043,637802,4.06,4.05,146470,778877,-46326,125152
305,BCS,2020-10-22,0 days 15:56:51.095414,25193,5.51,5.5,104724,60210,718,-1407
306,BCS,2020-10-22,0 days 15:59:00.100738,25911,5.51,5.5,101707,69532,-2025,1059
307,BCS,2020-10-22,0 days 15:59:36.099190,28782,5.51,5.5,108123,113594,2061,-2539
308,BCS,2020-10-22,0 days 15:59:37.098813,28643,5.51,5.5,101223,113594,-139,2061
309,BDN,2020-10-22,0 days 15:55:49.234739,112913,9.93,9.92,6931,2054,1134,-529
310,BDN,2020-10-22,0 days 15:56:02.234521,122347,9.93,9.92,6100,1976,-3066,1134
311,BDN,2020-10-22,0 days 15:57:35.236739,125513,9.92,9.91,700,3600,34,-266
312,BDN,2020-10-22,0 days 15:57:37.236824,125047,9.92,9.91,700,3552,-366,34
313,BDN,2020-10-22,0 days 15:58:11.238753,126053,9.92,9.91,1400,3602,3372,-1928
314,BDN,2020-10-22,0 days 15:58:12.238925,124125,9.92,9.91,1395,3615,-1928,3372
315,BDN,2020-10-22,0 days 15:58:26.239242,126053,9.92,9.91,2215,2857,26,-1928
316,BDN,2020-10-22,0 days 15:59:04.240358,176632,9.92,9.91,2725,500,2084,-2916
317,BDN,2020-10-22,0 days 15:59:05.243690,173696,9.92,9.91,2425,500,-3021,2084
318,BDN,2020-10-22,0 days 15:59:09.241922,176138,9.9,9.88,4525,700,2199,-201
319,BDN,2020-10-22,0 days 15:59:10.242126,173437,9.9,9.88,4758,700,-2701,2199
320,BDN,2020-10-22,0 days 15:59:31.240985,176717,9.92,9.91,3000,600,3019,-1471
321,BDN,2020-10-22,0 days 15:59:43.241040,176817,9.93,9.92,3722,1846,4169,-481
322,BE,2020-10-22,0 days 15:59:20.104680,99314,16.65,16.61,450,500,-7877,28643
323,BE,2020-10-22,0 days 15:59:53.106355,101850,16.61,16.59,200,803,-4113,36179
324,BE,2020-10-22,0 days 15:59:54.106015,65271,16.61,16.59,200,703,36179,-4113
325,BEN,2020-10-22,0 days 15:58:05.309412,161269,23.17,23.16,3768,2297,-2827,2573
326,BEN,2020-10-22,0 days 15:58:06.308634,164096,23.17,23.16,4268,1897,1271,-2827
327,BEN,2020-10-22,0 days 15:58:07.308862,161567,23.17,23.16,4168,2397,-2529,1271
328,BEN,2020-10-22,0 days 15:59:05.312820,164115,23.17,23.16,787,6992,2311,-2598
329,BEN,2020-10-22,0 days 15:59:11.312516,170829,23.17,23.16,4596,1492,2410,-612
330,BEN,2020-10-22,0 days 15:59:12.311865,174411,23.17,23.16,4396,1392,-318,2410
331,BEN,2020-10-22,0 days 15:59:28.300453,179168,23.17,23.16,1088,5499,1930,-157
332,BHC,2020-10-22,0 days 15:57:22.099133,46142,18.04,18.03,1588,9901,-234,466
333,BHC,2020-10-22,0 days 15:57:23.101258,45676,18.04,18.03,1440,10591,266,-234
334,BHC,2020-10-22,0 days 15:57:33.099813,45942,18.05,18.04,7351,5662,-2034,742
335,BHC,2020-10-22,0 days 15:57:34.100590,45476,18.05,18.04,6951,6162,466,-2034
336,BHC,2020-10-22,0 days 15:58:58.102941,47723,18.02,18.01,2099,5022,-2562,741
337,BHC,2020-10-22,0 days 15:59:01.105205,50385,18.02,18.01,2162,4938,1238,-2562
338,BHC,2020-10-22,0 days 15:59:18.104640,51606,18.02,18.01,3019,4780,3449,-320
339,BHC,2020-10-22,0 days 15:59:19.105251,50955,18.02,18.01,2819,4780,-651,3449
340,BK,2020-10-22,0 days 15:55:00.094848,357440,37.63,37.62,300,2400,-8422,48764
341,BK,2020-10-22,0 days 15:55:45.097274,366721,37.59,37.58,2342,600,4102,-2511
342,BK,2020-10-22,0 days 15:55:46.097413,359223,37.59,37.58,2540,619,-7498,4102
343,BK,2020-10-22,0 days 15:57:38.099550,369279,37.55,37.54,4424,1045,2118,-882
344,BK,2020-10-22,0 days 15:57:39.100054,365497,37.55,37.54,4625,773,-3782,2118
345,BK,2020-10-22,0 days 15:58:47.102595,368324,37.54,37.53,3200,1941,-3927,173
346,BK,2020-10-22,0 days 15:59:29.104571,376696,37.54,37.53,2983,3100,-1362,738
347,BKR,2020-10-22,0 days 15:57:40.095640,429694,14.46,14.45,7751,2421,-2982,1218
348,BKR,2020-10-22,0 days 15:57:41.095954,426376,14.46,14.45,6551,2936,3318,-2982
349,BKR,2020-10-22,0 days 15:58:22.098531,431721,14.46,14.45,4119,7331,-3696,6404
350,BKR,2020-10-22,0 days 15:58:23.097773,426717,14.46,14.45,4451,7131,4104,-3696
351,BKR,2020-10-22,0 days 15:59:36.099249,447291,14.46,14.45,7903,3450,3497,-7303
352,BKR,2020-10-22,0 days 15:59:45.100926,449975,14.47,14.46,10310,1700,-22211,1197
353,BKR,2020-10-22,0 days 15:59:47.099372,448565,14.47,14.46,9620,3460,1617,-13690
354,BMY,2020-10-22,0 days 15:55:00.303232,563508,60.87,60.86,800,2600,-6686,145120
355,BMY,2020-10-22,0 days 15:55:06.303681,569255,60.83,60.82,200,3081,28449,-2734
356,BMY,2020-10-22,0 days 15:55:07.304126,565304,60.83,60.82,2400,752,-3100,28449
357,BMY,2020-10-22,0 days 15:59:25.300815,746772,60.79,60.78,3403,902,4307,-18229
358,BMY,2020-10-22,0 days 15:59:26.300450,741379,60.78,60.77,300,4398,-2393,4307
359,BMY,2020-10-22,0 days 15:59:40.302447,734238,60.81,60.8,300,1883,-40625,3184
360,BMY,2020-10-22,0 days 15:59:44.300994,762307,60.8,60.79,300,2731,-2716,33984
361,BMY,2020-10-22,0 days 15:59:47.302072,765023,60.79,60.78,4300,1000,32442,-3952
362,BMY,2020-10-22,0 days 15:59:49.301828,738157,60.81,60.8,800,800,-40096,7
363,BOX,2020-10-22,0 days 15:59:16.238322,175435,16.54,16.52,1400,6362,803,-4415
364,BOX,2020-10-22,0 days 15:59:17.237130,173738,16.54,16.52,1400,6262,-1697,803
365,BP,2020-10-22,0 days 15:59:36.233679,160479,16.11,16.1,138925,17948,-8794,10506
366,BP,2020-10-22,0 days 15:59:37.233758,159873,16.11,16.1,129280,26948,606,-8794
367,BP,2020-10-22,0 days 15:59:46.233565,161879,16.11,16.1,136076,14004,-4013,506
368,BRK.B,2020-10-22,0 days 15:59:23.226244,366186,211.65,211.55,300,200,-43787,5221
369,BRK.B,2020-10-22,0 days 15:59:24.225279,410017,211.62,211.54,194,100,739,-43787
370,BRK.B,2020-10-22,0 days 15:59:31.227158,420763,211.63,211.56,103,100,-809,3179
371,BRK.B,2020-10-22,0 days 15:59:34.225733,420842,211.65,211.57,100,100,44721,-5731
372,BRK.B,2020-10-22,0 days 15:59:40.226905,420863,211.64,211.53,100,100,-85,2109
373,BRK.B,2020-10-22,0 days 15:59:49.226919,371715,211.71,211.61,200,100,-45529,47467
374,BRK.B,2020-10-22,0 days 15:59:52.227590,420647,211.68,211.52,317,100,1968,-48684
375,BRK.B,2020-10-22,0 days 15:59:55.227762,372615,211.73,211.6,225,400,-50660,1968
376,BRK.B,2020-10-22,0 days 15:59:57.229357,418559,211.71,211.52,100,200,4056,-50660
377,BRK.B,2020-10-22,0 days 15:59:58.228378,372615,211.71,211.53,100,100,-50620,4056
378,BSX,2020-10-22,0 days 15:55:47.216928,625175,36.81,36.8,6311,7360,-62008,32209
379,BSX,2020-10-22,0 days 15:55:48.216758,610183,36.81,36.8,7176,3559,14992,-62008
380,BSX,2020-10-22,0 days 15:59:33.226305,893103,36.79,36.78,2607,9286,-11575,21219
381,BSX,2020-10-22,0 days 15:59:34.224524,874978,36.79,36.78,11323,4206,18125,-11575
382,BSX,2020-10-22,0 days 15:59:43.224497,893103,36.8,36.79,3906,10842,-2664,12409
383,BSX,2020-10-22,0 days 15:59:49.225685,872103,36.83,36.82,1800,8460,-33696,3743
384,BSX,2020-10-22,0 days 15:59:50.227895,781508,36.83,36.82,11200,800,90595,-33696
385,BTI,2020-10-22,0 days 15:59:46.233796,25110,33.57,33.56,7951,1821,2094,-213
386,BTI,2020-10-22,0 days 15:59:47.232896,24504,33.57,33.56,8151,921,-606,2094
387,BTU,2020-10-22,0 days 15:55:16.224674,45484,1.59,1.58,18150,12910,9079,-12521
388,BTU,2020-10-22,0 days 15:55:17.225036,44263,1.59,1.58,18198,12310,-1221,9079
389,BTU,2020-10-22,0 days 15:56:21.227020,48584,1.59,1.58,13805,4911,6779,-1521
390,BTU,2020-10-22,0 days 15:56:22.226343,41263,1.59,1.58,13805,4911,-7321,6779
391,BTU,2020-10-22,0 days 15:59:41.232448,51867,1.6,1.59,20913,37530,9896,-104
392,BTU,2020-10-22,0 days 15:59:42.232625,51763,1.6,1.59,20913,37530,-104,9896
393,BX,2020-10-22,0 days 15:56:13.218011,155199,54.81,54.79,1200,700,376,-1919
394,BX,2020-10-22,0 days 15:56:14.217936,153875,54.81,54.79,200,800,-1324,376
395,BX,2020-10-22,0 days 15:57:13.219973,155219,54.76,54.75,300,200,160,-1040
396,BX,2020-10-22,0 days 15:57:14.219647,154079,54.77,54.75,100,844,-1140,160
397,BX,2020-10-22,0 days 15:57:34.221108,155219,54.73,54.72,800,210,1660,-840
398,BX,2020-10-22,0 days 15:57:35.220663,154179,54.73,54.72,700,210,-1040,1660
399,BX,2020-10-22,0 days 15:57:59.222644,155219,54.76,54.74,3901,461,460,-3140
400,BX,2020-10-22,0 days 15:58:00.223271,154379,54.76,54.74,3001,2203,-840,460
401,BX,2020-10-22,0 days 15:58:07.222460,155219,54.75,54.74,200,1209,460,-840
402,BX,2020-10-22,0 days 15:58:08.222533,154379,54.76,54.74,3501,2009,-840,460
403,BX,2020-10-22,0 days 15:58:11.223435,155219,54.75,54.74,200,1086,1360,-840
404,BX,2020-10-22,0 days 15:58:12.222842,154379,54.75,54.74,300,1073,-840,1360
405,BX,2020-10-22,0 days 15:58:19.223261,155219,54.77,54.74,100,326,350,-850
406,BX,2020-10-22,0 days 15:58:20.223187,154369,54.75,54.74,100,326,-850,350
407,BX,2020-10-22,0 days 15:59:17.225745,155382,54.74,54.72,1500,200,1404,-752
408,BX,2020-10-22,0 days 15:59:18.225190,154886,54.74,54.72,1600,200,-496,1404
409,BX,2020-10-22,0 days 15:59:46.228164,155448,54.75,54.74,100,500,1704,-562
410,BX,2020-10-22,0 days 15:59:47.226901,155252,54.75,54.74,100,500,-196,1704
411,C,2020-10-22,0 days 15:55:47.236650,827967,43.95,43.94,9705,3421,-12915,6677
412,C,2020-10-22,0 days 15:59:31.239257,1045518,43.91,43.9,1900,9600,-43739,14782
413,C,2020-10-22,0 days 15:59:46.235960,1049699,43.92,43.91,10900,1200,3199,-8244
414,C,2020-10-22,0 days 15:59:49.235706,1066812,43.94,43.93,900,11601,-9677,18411
415,CAG,2020-10-22,0 days 15:55:00.094754,300667,37.71,37.7,1110,400,31183,-50896
416,CAG,2020-10-22,0 days 15:56:48.098204,341572,37.66,37.65,889,2506,-591,2509
417,CAG,2020-10-22,0 days 15:56:49.098196,337163,37.66,37.65,1689,1701,4409,-591
418,CAG,2020-10-22,0 days 15:57:34.100486,342378,37.68,37.67,1129,2233,-3296,2404
419,CAG,2020-10-22,0 days 15:57:35.099433,342074,37.68,37.67,1829,1733,304,-3296
420,CAG,2020-10-22,0 days 15:57:38.099477,342378,37.68,37.67,1949,2567,-96,3204
421,CAG,2020-10-22,0 days 15:57:39.100024,339474,37.68,37.67,2732,1818,2904,-96
422,CAG,2020-10-22,0 days 15:58:11.101941,343281,37.66,37.65,4088,576,-5843,3857
423,CAG,2020-10-22,0 days 15:58:12.101664,337824,37.66,37.65,4588,290,5457,-5843
424,CAG,2020-10-22,0 days 15:59:27.104505,342945,37.65,37.64,3069,300,358,-1442
425,CAG,2020-10-22,0 days 15:59:32.105385,346885,37.65,37.64,769,2186,-197,440
426,CALX,2020-10-22,0 days 15:55:00.233342,62183,25.55,25.52,600,100,226,-8937
427,CALX,2020-10-22,0 days 15:55:01.232616,61909,25.55,25.54,600,200,-174,226
428,CALX,2020-10-22,0 days 15:55:58.235811,62392,25.57,25.55,300,221,-91,909
429,CALX,2020-10-22,0 days 15:59:45.237249,68004,25.69,25.66,500,100,597,-483
430,CAT,2020-10-22,0 days 15:56:24.218405,169353,169.45,169.37,100,252,101,-18
431,CAT,2020-10-22,0 days 15:56:29.220072,169454,169.49,169.44,100,100,-18,101
432,CAT,2020-10-22,0 days 15:58:44.224459,176117,169.52,169.44,100,100,966,-1996
433,CAT,2020-10-22,0 days 15:58:45.225089,172783,169.57,169.48,200,100,-2134,966
434,CAT,2020-10-22,0 days 15:59:07.225459,192887,169.62,169.53,100,300,17040,-3631
435,CAT,2020-10-22,0 days 15:59:08.225486,190596,169.62,169.53,100,600,-2355,17040
436,CAT,2020-10-22,0 days 15:59:40.227132,194266,169.66,169.59,100,400,14269,-184
437,CAT,2020-10-22,0 days 15:59:41.226516,193535,169.66,169.59,100,700,-670,14269
438,CAT,2020-10-22,0 days 15:59:46.227960,194211,169.67,169.6,500,500,3896,-676
439,CAT,2020-10-22,0 days 15:59:47.226868,194107,169.67,169.6,600,300,-104,3896
440,CB,2020-10-22,0 days 15:59:07.311674,216926,127.59,127.54,200,100,653,-3742
441,CB,2020-10-22,0 days 15:59:09.311876,217579,127.59,127.53,328,100,-9347,653
442,CB,2020-10-22,0 days 15:59:30.301566,234446,127.61,127.56,100,131,5697,-3022
443,CB,2020-10-22,0 days 15:59:31.301312,232924,127.63,127.56,100,129,-1522,5697
444,CB,2020-10-22,0 days 15:59:45.302626,235754,127.67,127.59,100,300,1190,-2997
445,CB,2020-10-22,0 days 15:59:47.302072,234524,127.66,127.59,200,300,-816,6684
446,CBL,2020-10-22,0 days 15:58:44.241591,550,0.17,0.16,195376,23200,-2892,2479
447,CCK,2020-10-22,0 days 15:59:31.260954,137862,91.52,91.5,100,600,5025,-349
448,CCK,2020-10-22,0 days 15:59:32.261196,132965,91.61,91.54,1150,600,-6097,5025
449,CCK,2020-10-22,0 days 15:59:38.260755,137762,91.52,91.48,400,300,104,-396
450,CCK,2020-10-22,0 days 15:59:41.260689,137166,91.6,91.51,550,100,-8291,104
451,CCK,2020-10-22,0 days 15:59:44.260111,137762,91.52,91.45,550,200,104,-396
452,CCK,2020-10-22,0 days 15:59:47.260621,131885,91.51,91.41,750,100,-5977,2098
453,CCL,2020-10-22,0 days 15:55:00.250292,491107,15.2,15.19,30860,7872,-35986,151260
454,CCL,2020-10-22,0 days 15:55:01.249580,474093,15.19,15.18,13111,23726,17014,-35986
455,CCL,2020-10-22,0 days 15:59:15.256674,583799,15.16,15.15,22114,11650,-91802,782
456,CCL,2020-10-22,0 days 15:59:16.252738,572601,15.16,15.15,19414,14860,11198,-91802
457,CDE,2020-10-22,0 days 15:57:19.236345,191876,7.8,7.79,5554,4956,305,-1295
458,CDE,2020-10-22,0 days 15:57:20.237084,190781,7.8,7.79,5654,5356,-1095,305
459,CDE,2020-10-22,0 days 15:59:40.241865,209981,7.81,7.8,6004,11998,2049,-1333
460,CDE,2020-10-22,0 days 15:59:41.241600,208730,7.81,7.8,6304,10764,-1251,2049
461,CDE,2020-10-22,0 days 15:59:45.242945,209981,7.81,7.8,13166,3468,3749,-1251
462,CF,2020-10-22,0 days 15:55:00.249830,152968,27.93,27.91,547,467,380,-4164
463,CF,2020-10-22,0 days 15:58:02.258433,156776,27.92,27.91,1496,110,1010,-1890
464,CF,2020-10-22,0 days 15:59:05.262773,156286,27.92,27.91,716,213,-5544,856
465,CFG,2020-10-22,0 days 15:55:38.253548,275678,28.87,28.86,2605,5043,-599,1482
466,CFG,2020-10-22,0 days 15:55:39.253800,274377,28.87,28.86,2305,4874,1301,-599
467,CFG,2020-10-22,0 days 15:56:04.254495,275773,28.87,28.86,7683,660,-3465,662
468,CFG,2020-10-22,0 days 15:56:05.254509,273638,28.87,28.86,7783,845,2135,-3465
469,CFG,2020-10-22,0 days 15:57:16.255458,280339,28.86,28.85,9066,300,-3318,1641
470,CFG,2020-10-22,0 days 15:57:17.255130,279998,28.86,28.85,5522,500,341,-3318
471,CFG,2020-10-22,0 days 15:57:23.255822,282524,28.86,28.85,6058,1113,-7033,341
472,CFG,2020-10-22,0 days 15:57:24.255504,281998,28.86,28.85,8258,592,526,-7033
473,CFG,2020-10-22,0 days 15:58:07.258813,281513,28.85,28.84,2507,4601,-4363,1332
474,CFG,2020-10-22,0 days 15:58:16.260024,281713,28.85,28.84,6335,1402,-6028,1672
475,CFG,2020-10-22,0 days 15:58:17.259147,278541,28.84,28.83,6288,1900,3172,-6028
476,CFG,2020-10-22,0 days 15:58:29.260200,281713,28.85,28.84,5226,1901,-1628,557
477,CGC,2020-10-22,0 days 15:55:00.233365,33512,20.33,20.31,3724,1100,-3473,19060
478,CGC,2020-10-22,0 days 15:55:01.232664,32985,20.33,20.31,3500,400,527,-3473
479,CGC,2020-10-22,0 days 15:58:37.241267,38276,20.29,20.27,100,1961,765,-1635
480,CGC,2020-10-22,0 days 15:58:59.241701,39496,20.3,20.29,650,1498,-172,997
481,CGC,2020-10-22,0 days 15:59:00.245524,38759,20.3,20.29,650,2358,812,-172
482,CGC,2020-10-22,0 days 15:59:34.237154,40247,20.29,20.27,1700,1300,582,-56
483,CGC,2020-10-22,0 days 15:59:46.236053,41467,20.29,20.27,300,400,-30,420
484,CGC,2020-10-22,0 days 15:59:48.235550,41097,20.29,20.27,300,891,370,-30
485,CHWY,2020-10-22,0 days 15:57:41.239429,49222,63.93,63.91,108,301,46,-354
486,CHWY,2020-10-22,0 days 15:57:43.238689,49268,63.96,63.91,601,301,-554,46
487,CHWY,2020-10-22,0 days 15:59:22.238474,54820,63.92,63.89,100,100,283,-998
488,CHWY,2020-10-22,0 days 15:59:27.236305,53703,63.89,63.79,100,100,-1117,883
489,CHWY,2020-10-22,0 days 15:59:34.237222,54820,63.89,63.76,100,100,183,-217
490,CHWY,2020-10-22,0 days 15:59:41.235772,54367,63.76,63.72,300,300,-453,2047
491,CIG,2020-10-22,0 days 15:55:00.255653,20320,2.02,2.01,53059,235233,-697,12995
492,CIG,2020-10-22,0 days 15:56:58.260391,21017,2.03,2.02,266614,264700,5946,-697
493,CIG,2020-10-22,0 days 15:59:03.261292,27265,2.03,2.02,322358,415349,-94087,3448
494,CIG,2020-10-22,0 days 15:59:05.262970,122630,2.03,2.02,315158,405449,10824,-93865
495,CIG,2020-10-22,0 days 15:59:36.259849,141176,2.03,2.02,313724,401952,-13654,18246
496,CIM,2020-10-22,0 days 15:55:00.215780,125109,8.61,8.6,8347,14834,2503,-13604
497,CIM,2020-10-22,0 days 15:55:41.217585,127626,8.61,8.6,19440,9065,-794,806
498,CIM,2020-10-22,0 days 15:59:40.226987,134134,8.6,8.59,63242,11710,73,-1127
499,CIT,2020-10-22,0 days 15:55:14.233269,123700,30.0,29.98,331,900,-19228,26572
500,CIT,2020-10-22,0 days 15:55:15.233342,121528,30.0,29.98,622,900,2172,-19228
501,CIT,2020-10-22,0 days 15:57:40.237021,142303,29.96,29.95,1077,200,-285,712
502,CIT,2020-10-22,0 days 15:57:41.236564,139188,29.96,29.95,975,500,3124,-285
503,CIT,2020-10-22,0 days 15:58:22.239547,142197,29.97,29.95,210,1326,-1361,2739
504,CIT,2020-10-22,0 days 15:58:23.239076,139458,29.97,29.95,210,1326,2539,-1361
505,CL,2020-10-22,0 days 15:55:00.232378,292425,79.32,79.26,300,895,-3552,40715
506,CL,2020-10-22,0 days 15:56:09.234595,299123,79.31,79.3,1259,200,-1970,4430
507,CL,2020-10-22,0 days 15:56:27.234308,301367,79.27,79.26,500,172,2903,-897
508,CL,2020-10-22,0 days 15:56:28.234830,300470,79.27,79.26,400,472,-897,2903
509,CL,2020-10-22,0 days 15:57:38.236649,316750,79.28,79.26,200,1110,2394,-706
510,CL,2020-10-22,0 days 15:57:39.237103,314744,79.27,79.26,100,810,-2006,2394
511,CL,2020-10-22,0 days 15:57:43.236828,317250,79.27,79.26,100,924,1294,-1706
512,CL,2020-10-22,0 days 15:57:44.236408,315544,79.27,79.26,100,924,-1706,1294
513,CL,2020-10-22,0 days 15:57:51.236718,317950,79.26,79.24,952,710,409,-2106
514,CL,2020-10-22,0 days 15:57:52.236862,316159,79.26,79.24,1311,510,-1991,409
515,CL,2020-10-22,0 days 15:57:53.236938,318250,79.26,79.24,1311,610,1009,-1991
516,CL,2020-10-22,0 days 15:57:54.237061,316459,79.26,79.24,1311,610,-1791,1009
517,CL,2020-10-22,0 days 15:57:55.237742,318250,79.26,79.24,1211,510,109,-1791
518,CL,2020-10-22,0 days 15:57:56.237393,316459,79.26,79.24,1311,610,-1791,109
519,CL,2020-10-22,0 days 15:58:12.238720,318408,79.23,79.22,400,200,16663,-8510
520,CL,2020-10-22,0 days 15:58:13.238410,313771,79.23,79.22,200,300,-4637,16663
521,CL,2020-10-22,0 days 15:59:07.241291,318786,79.28,79.27,800,1200,1881,-363
522,CL,2020-10-22,0 days 15:59:08.241514,320167,79.29,79.28,1127,402,-219,1881
523,CL,2020-10-22,0 days 15:59:11.241048,323012,79.29,79.28,525,1079,309,-505
524,CL,2020-10-22,0 days 15:59:13.241394,322221,79.29,79.28,806,300,-651,309
525,CLDR,2020-10-22,0 days 15:58:09.238369,253502,10.23,10.22,3648,6874,47,-4488
526,CLDR,2020-10-22,0 days 15:58:12.238802,253549,10.23,10.22,4017,6574,-836,47
527,CLDR,2020-10-22,0 days 15:59:40.241751,268163,10.25,10.24,259,12628,944,-1856
528,CLDR,2020-10-22,0 days 15:59:48.241746,266586,10.25,10.24,10500,9599,-1364,1436
529,CLF,2020-10-22,0 days 15:59:01.234571,465872,8.3,8.29,8100,13700,-2849,6951
530,CLF,2020-10-22,0 days 15:59:17.233526,460888,8.29,8.28,7771,9702,-5433,2967
531,CLF,2020-10-22,0 days 15:59:26.233438,461424,8.28,8.27,21951,2600,-2070,2203
532,CLR,2020-10-22,0 days 15:56:18.094690,135494,13.77,13.76,1958,1475,-10425,1875
533,CLR,2020-10-22,0 days 15:56:19.094860,135019,13.76,13.75,2100,1100,475,-10425
534,CLR,2020-10-22,0 days 15:57:47.096027,136624,13.76,13.75,1368,1420,-693,307
535,CLR,2020-10-22,0 days 15:58:13.097520,136117,13.75,13.74,1718,1629,78,-4422
536,CLR,2020-10-22,0 days 15:58:16.097577,136315,13.75,13.74,1730,1629,-1502,78
537,CLR,2020-10-22,0 days 15:58:18.097465,132940,13.74,13.73,1978,700,5575,-1902
538,CLR,2020-10-22,0 days 15:58:19.097397,138515,13.74,13.73,2016,2504,-525,5575
539,CLR,2020-10-22,0 days 15:58:20.097769,136940,13.74,13.73,1816,2504,1575,-525
540,CLR,2020-10-22,0 days 15:58:21.097676,136315,13.75,13.74,1320,2500,-5902,1575
541,CLR,2020-10-22,0 days 15:58:22.098500,136017,13.74,13.73,500,2704,298,-5902
542,CLR,2020-10-22,0 days 15:59:08.099758,138984,13.75,13.74,618,5120,-1686,321
543,CLR,2020-10-22,0 days 15:59:13.099566,137293,13.74,13.73,4318,200,3931,-1446
544,CNC,2020-10-22,0 days 15:55:01.249516,126028,67.08,67.06,100,100,-931,3469
545,CNC,2020-10-22,0 days 15:59:31.252112,144165,67.03,67.01,200,400,4262,-446
546,CNC,2020-10-22,0 days 15:59:32.252179,143027,67.04,67.02,150,300,-1138,4262
547,CNC,2020-10-22,0 days 15:59:39.251905,144165,67.03,67.01,350,200,36562,-1138
548,CNC,2020-10-22,0 days 15:59:40.252728,143327,67.03,67.01,100,200,-838,36562
549,CNC,2020-10-22,0 days 15:59:42.251478,143265,66.97,66.94,600,400,562,-838
550,CNC,2020-10-22,0 days 15:59:45.253206,143327,67.01,66.97,375,100,-365,730
551,CNHI,2020-10-22,0 days 15:55:00.249621,9051,8.51,8.5,12432,19062,3421,-4162
552,CNHI,2020-10-22,0 days 15:55:45.253713,12472,8.51,8.5,22161,16626,-1036,321
553,CNHI,2020-10-22,0 days 15:56:02.253393,12151,8.51,8.5,22561,16934,321,-1036
554,CNHI,2020-10-22,0 days 15:57:12.255129,12772,8.5,8.49,24800,17840,-226,621
555,CNK,2020-10-22,0 days 15:56:17.097643,128742,9.25,9.24,4691,8079,962,-8738
556,CNK,2020-10-22,0 days 15:56:18.097746,125104,9.25,9.24,3604,8619,-3638,962
557,CNK,2020-10-22,0 days 15:56:46.100314,128742,9.25,9.24,5625,7397,5062,-3638
558,CNK,2020-10-22,0 days 15:56:47.098260,125904,9.26,9.25,2340,8545,-2838,5062
559,CNK,2020-10-22,0 days 15:57:15.098852,129562,9.26,9.25,6107,3667,1482,-3658
560,CNK,2020-10-22,0 days 15:57:16.098877,127144,9.26,9.25,5552,4767,-2418,1482
561,CNK,2020-10-22,0 days 15:58:11.102065,129441,9.27,9.26,4602,6211,2653,-2481
562,CNK,2020-10-22,0 days 15:58:12.101836,127394,9.27,9.26,5329,6611,-2047,2653
563,CNK,2020-10-22,0 days 15:58:58.102941,129841,9.29,9.28,8632,4289,20107,-2393
564,CNK,2020-10-22,0 days 15:58:59.103304,127448,9.29,9.28,8632,4289,-2393,20107
565,CNK,2020-10-22,0 days 15:59:07.105483,118342,9.29,9.28,1450,6018,3324,-1922
566,CNP,2020-10-22,0 days 15:55:00.255266,253519,22.13,22.12,4375,15381,1177,-43006
567,CNP,2020-10-22,0 days 15:56:29.258315,254785,22.12,22.11,14964,5535,-1632,1378
568,CNP,2020-10-22,0 days 15:56:30.258199,253817,22.12,22.11,14620,5435,968,-1632
569,CNP,2020-10-22,0 days 15:56:46.261629,254785,22.12,22.11,3309,7035,-6832,968
570,CNP,2020-10-22,0 days 15:56:47.258868,253417,22.12,22.11,2900,8335,1368,-6832
571,CNP,2020-10-22,0 days 15:57:35.258987,255895,22.12,22.11,4116,5138,-3200,1000
572,CNP,2020-10-22,0 days 15:59:19.261591,450422,22.08,22.07,4416,7429,24280,-98010
573,CNP,2020-10-22,0 days 15:59:20.261721,445702,22.08,22.07,3621,8229,-4320,24280
574,CNP,2020-10-22,0 days 15:59:37.259697,448652,22.08,22.07,10916,10491,-2570,3230
575,CNP,2020-10-22,0 days 15:59:44.259443,446737,22.07,22.06,4816,11300,-2085,7915
576,CNP,2020-10-22,0 days 15:59:45.261057,451222,22.08,22.07,10230,8300,11605,-2085
577,CNP,2020-10-22,0 days 15:59:47.259764,424158,22.08,22.07,13450,3900,-26747,3307
578,CNP,2020-10-22,0 days 15:59:50.263084,448763,22.08,22.07,10205,9200,-2142,1258
579,CNQ,2020-10-22,0 days 15:55:27.304710,61142,17.1,17.09,4409,13318,-2244,860
580,CNQ,2020-10-22,0 days 15:55:28.305219,55586,17.1,17.09,4114,13318,5556,-2244
581,CNQ,2020-10-22,0 days 15:58:47.310545,64266,17.13,17.12,5400,23175,-5815,3185
582,CNX,2020-10-22,0 days 15:55:45.226984,312031,11.49,11.48,1100,1737,-1215,5782
583,CNX,2020-10-22,0 days 15:55:46.227373,306046,11.49,11.48,1300,1237,5985,-1215
584,CNX,2020-10-22,0 days 15:56:12.227806,313007,11.48,11.47,3208,686,-6476,6561
585,CNX,2020-10-22,0 days 15:56:13.227544,307483,11.46,11.45,1300,402,5524,-6476
586,CNX,2020-10-22,0 days 15:57:44.230358,334833,11.44,11.43,960,1804,1674,-690
587,CNX,2020-10-22,0 days 15:58:05.231743,324621,11.44,11.43,957,1300,2270,-4630
588,CNX,2020-10-22,0 days 15:58:25.231544,323289,11.48,11.46,1700,1600,2918,-2582
589,CNX,2020-10-22,0 days 15:58:29.232090,326207,11.48,11.47,700,200,-2904,796
590,CNX,2020-10-22,0 days 15:58:30.232549,323211,11.48,11.47,600,982,2996,-2904
591,CNX,2020-10-22,0 days 15:58:42.231958,326007,11.49,11.48,3100,670,-3304,1996
592,CNX,2020-10-22,0 days 15:58:43.232282,323611,11.49,11.48,2500,200,2396,-3304
593,CNX,2020-10-22,0 days 15:59:05.234548,331507,11.51,11.5,1491,200,-248,1412
594,CNX,2020-10-22,0 days 15:59:46.233565,359443,11.49,11.48,200,1241,-668,3432
595,COF,2020-10-22,0 days 15:55:08.225387,171399,77.12,77.08,405,205,-1526,574
596,COF,2020-10-22,0 days 15:55:09.226020,171125,77.08,77.04,200,200,274,-1526
597,COF,2020-10-22,0 days 15:55:20.226557,172769,77.06,77.02,506,108,-256,344
598,COF,2020-10-22,0 days 15:55:21.226431,172425,77.03,76.98,100,100,344,-256
599,COF,2020-10-22,0 days 15:57:39.230515,217473,77.05,77.03,100,303,-1049,1451
600,COF,2020-10-22,0 days 15:57:40.230424,215022,77.04,77.01,499,100,2451,-1049
601,COF,2020-10-22,0 days 15:58:22.232218,242560,77.04,77.01,600,200,-1152,4148
602,COF,2020-10-22,0 days 15:58:23.231876,237612,77.04,77.01,404,200,4948,-1152
603,COF,2020-10-22,0 days 15:59:06.233380,217827,77.09,77.04,643,200,-492,2637
604,COF,2020-10-22,0 days 15:59:08.233917,216040,77.08,77.04,100,200,1793,-492
605,COF,2020-10-22,0 days 15:59:40.234215,262841,76.97,76.91,2757,700,-638303,3790
606,COG,2020-10-22,0 days 15:59:22.099044,580104,20.17,20.16,1300,2500,4347,-2453
607,COG,2020-10-22,0 days 15:59:23.099291,568052,20.18,20.17,2900,4200,-6152,4347
608,COG,2020-10-22,0 days 15:59:32.099245,576944,20.17,20.16,3158,3000,-4011,4453
609,COG,2020-10-22,0 days 15:59:39.100558,572655,20.16,20.15,6821,4500,22289,-4011
610,COG,2020-10-22,0 days 15:59:40.100094,564944,20.16,20.15,2900,6630,-7711,22289
611,COG,2020-10-22,0 days 15:59:48.100903,566488,20.15,20.14,2938,3100,-4467,18562
612,COLD,2020-10-22,0 days 15:59:31.239433,1392811,37.15,37.13,262,200,2542,-4508
613,COLD,2020-10-22,0 days 15:59:32.237966,1387853,37.16,37.15,155,668,-4958,2542
614,COP,2020-10-22,0 days 15:59:07.105462,746178,31.85,31.84,1900,6829,-40480,25603
615,COP,2020-10-22,0 days 15:59:08.104683,728399,31.85,31.84,3600,1640,17779,-40480
616,COP,2020-10-22,0 days 15:59:30.108101,792420,31.86,31.85,4899,4260,-20443,15108
617,COP,2020-10-22,0 days 15:59:31.105037,777163,31.85,31.84,7240,1580,15257,-20443
618,COP,2020-10-22,0 days 15:59:39.106442,801427,31.88,31.87,7014,2375,-17336,10857
619,COP,2020-10-22,0 days 15:59:40.106000,793188,31.87,31.86,3712,5825,7739,-17336
620,COP,2020-10-22,0 days 15:59:49.106886,806221,31.89,31.88,5850,1414,-3695,6237
621,COP,2020-10-22,0 days 15:59:50.109163,705716,31.88,31.87,3700,2469,100505,-3695
622,COTY,2020-10-22,0 days 15:55:00.215754,162024,3.35,3.34,17667,58757,-32740,14943
623,CRK,2020-10-22,0 days 15:56:18.236395,67595,6.13,6.11,10244,4279,361,-4439
624,CRK,2020-10-22,0 days 15:56:19.235995,65256,6.13,6.11,10244,4279,-2339,361
625,CRK,2020-10-22,0 days 15:57:01.237378,67595,6.12,6.11,7525,966,1809,-1439
626,CRK,2020-10-22,0 days 15:57:02.237061,66604,6.12,6.11,7315,966,-991,1809
627,CRK,2020-10-22,0 days 15:59:17.237276,90170,6.13,6.12,7509,300,11541,-2200
628,CRK,2020-10-22,0 days 15:59:18.237770,88697,6.13,6.12,7309,300,-1173,11541
629,CRK,2020-10-22,0 days 15:59:45.237446,95470,6.13,6.12,5910,600,2761,-339
630,CRM,2020-10-22,0 days 15:55:01.255200,247432,249.9,249.82,200,200,-2579,3021
631,CRM,2020-10-22,0 days 15:55:10.256551,250386,249.76,249.67,100,100,950,-2889
632,CRM,2020-10-22,0 days 15:55:11.255915,248136,249.75,249.67,100,200,-2250,950
633,CRM,2020-10-22,0 days 15:57:21.259529,253737,249.66,249.57,200,200,320,-580
634,CRM,2020-10-22,0 days 15:57:22.258087,252157,249.66,249.57,200,300,-1580,320
635,CRM,2020-10-22,0 days 15:57:47.257427,253737,249.66,249.59,200,100,1530,-170
636,CRM,2020-10-22,0 days 15:57:48.257691,253267,249.66,249.61,200,200,-470,1530
637,CRM,2020-10-22,0 days 15:58:08.258652,253737,249.66,249.63,283,200,1043,-457
638,CRM,2020-10-22,0 days 15:58:09.259803,256380,249.69,249.64,100,100,-1809,1043
639,CRM,2020-10-22,0 days 15:58:10.259219,258189,249.68,249.63,200,201,1035,-1809
640,CRM,2020-10-22,0 days 15:58:11.259482,256324,249.69,249.62,100,100,-1865,1035
641,CRM,2020-10-22,0 days 15:58:20.259961,257109,249.56,249.5,400,100,1357,-808
642,CRM,2020-10-22,0 days 15:58:21.260039,256801,249.54,249.5,200,100,-308,1357
643,CRM,2020-10-22,0 days 15:59:08.262282,278651,249.69,249.65,100,200,1032,-1003
644,CRM,2020-10-22,0 days 15:59:09.261950,277311,249.76,249.66,200,200,-1340,1032
645,CRM,2020-10-22,0 days 15:59:21.260110,279337,249.72,249.65,411,600,6641,-1714
646,CRM,2020-10-22,0 days 15:59:22.260586,275443,249.75,249.66,100,309,-4694,6641
647,CRM,2020-10-22,0 days 15:59:25.261161,280137,249.75,249.68,100,200,870,-1165
648,CRM,2020-10-22,0 days 15:59:26.259906,274521,249.8,249.72,100,100,-5616,870
649,CRM,2020-10-22,0 days 15:59:31.260681,278580,249.79,249.67,607,1321,-1959,6478
650,CRM,2020-10-22,0 days 15:59:37.259883,280539,249.69,249.58,600,400,3776,-810
651,CRM,2020-10-22,0 days 15:59:40.260796,272130,249.82,249.72,200,700,-8409,7278
652,CRM,2020-10-22,0 days 15:59:42.260377,281139,249.74,249.62,600,239,1341,-609
653,CTVA,2020-10-22,0 days 15:59:09.233898,321258,33.13,33.12,700,600,6368,-5668
654,CTVA,2020-10-22,0 days 15:59:10.234460,305026,33.14,33.13,927,1400,-16832,6368
655,CTVA,2020-10-22,0 days 15:59:11.234332,321858,33.13,33.12,2455,500,307,-16832
656,CTVA,2020-10-22,0 days 15:59:15.234002,317065,33.14,33.13,863,800,-5993,10107
657,CTVA,2020-10-22,0 days 15:59:50.236334,323415,33.14,33.13,353,2134,-2719,15381
658,CVE,2020-10-22,0 days 15:59:00.227365,23010,3.74,3.73,9200,428370,-6238,62
659,CVE,2020-10-22,0 days 15:59:45.228085,31973,3.75,3.74,345633,136628,535,-565
660,CVE,2020-10-22,0 days 15:59:46.227988,31508,3.75,3.74,338237,157328,-465,535
661,CVS,2020-10-22,0 days 15:55:40.253259,447339,59.48,59.47,809,1500,-2281,2478
662,CVS,2020-10-22,0 days 15:55:41.253315,446090,59.47,59.46,602,2700,1249,-2281
663,CVS,2020-10-22,0 days 15:58:37.261608,495172,59.46,59.45,1400,897,-5147,6771
664,CVS,2020-10-22,0 days 15:58:38.259845,487219,59.45,59.44,100,1461,7953,-5147
665,CVS,2020-10-22,0 days 15:59:02.261656,505608,59.45,59.44,1162,1200,5110,-8990
666,CVS,2020-10-22,0 days 15:59:30.252653,623650,59.45,59.44,1799,400,-19243,6925
667,CVS,2020-10-22,0 days 15:59:31.252075,616993,59.44,59.43,999,400,6657,-19243
668,CVS,2020-10-22,0 days 15:59:46.253103,623650,59.45,59.44,848,300,-2753,324
669,CVS,2020-10-22,0 days 15:59:47.252510,612870,59.45,59.44,600,600,10780,-2753
670,CVS,2020-10-22,0 days 15:59:49.252467,621923,59.47,59.46,200,1806,-30382,1426
671,CVS,2020-10-22,0 days 15:59:50.255606,597075,59.47,59.46,1020,100,15156,-30382
672,CVX,2020-10-22,0 days 15:55:01.215504,1008646,73.39,73.38,400,400,-2777,2723
673,CVX,2020-10-22,0 days 15:56:05.218255,1022350,73.33,73.32,600,3210,16317,-394
674,CVX,2020-10-22,0 days 15:56:06.218775,1020767,73.34,73.32,2300,3910,-1583,16317
675,CVX,2020-10-22,0 days 15:56:10.218539,1022350,73.32,73.3,2600,2370,723,-183
676,CVX,2020-10-22,0 days 15:56:11.218261,1020973,73.32,73.31,2600,200,-1377,723
677,CVX,2020-10-22,0 days 15:56:39.218925,1061382,73.26,73.25,1700,300,1,-4833
678,CVX,2020-10-22,0 days 15:56:44.219059,1056421,73.25,73.24,1517,800,-4961,1
679,CVX,2020-10-22,0 days 15:56:58.220445,1061782,73.25,73.24,1200,900,467,-4367
680,CVX,2020-10-22,0 days 15:56:59.219363,1056949,73.25,73.24,100,1800,-4833,467
681,CVX,2020-10-22,0 days 15:57:33.220719,1068493,73.31,73.3,800,100,1126,-6274
682,CVX,2020-10-22,0 days 15:57:34.221108,1064319,73.31,73.3,1300,700,-4174,1126
683,CVX,2020-10-22,0 days 15:57:46.221767,1071993,73.31,73.3,166,1100,7026,-2574
684,CVX,2020-10-22,0 days 15:57:48.221595,1069419,73.32,73.3,2400,2320,-2574,3726
685,CVX,2020-10-22,0 days 15:58:00.223271,1071819,73.33,73.32,1800,100,-2674,1826
686,CVX,2020-10-22,0 days 15:58:14.222954,1082006,73.33,73.32,416,800,1210,-4490
687,CVX,2020-10-22,0 days 15:58:15.222797,1077516,73.33,73.32,1216,200,-4490,1210
688,CVX,2020-10-22,0 days 15:58:17.223485,1082006,73.33,73.32,1116,700,5010,-4490
689,CVX,2020-10-22,0 days 15:58:18.223363,1075216,73.34,73.33,402,1100,-6790,5010
690,CVX,2020-10-22,0 days 15:59:02.225018,1081685,73.37,73.36,510,511,1103,-1996
691,CVX,2020-10-22,0 days 15:59:04.225157,1082803,73.39,73.38,976,200,-1436,1087
692,CVX,2020-10-22,0 days 15:59:06.225473,1081737,73.39,73.38,1076,100,3966,-2867
693,CVX,2020-10-22,0 days 15:59:07.225483,1077503,73.39,73.37,1176,1740,-2904,3966
694,CVX,2020-10-22,0 days 15:59:21.225603,1153643,73.38,73.37,100,300,16962,-11697
695,CVX,2020-10-22,0 days 15:59:22.226053,1145694,73.39,73.37,399,1500,-7949,16962
696,CVX,2020-10-22,0 days 15:59:39.226585,1160072,73.39,73.38,500,200,36938,-7495
697,CVX,2020-10-22,0 days 15:59:40.227155,1155410,73.42,73.4,400,1200,-15062,36938
698,CVX,2020-10-22,0 days 15:59:47.226880,1170472,73.41,73.39,500,1200,1003,-896
699,CVX,2020-10-22,0 days 15:59:49.227250,1153537,73.45,73.44,400,300,-109302,9765
700,CVX,2020-10-22,0 days 15:59:54.227963,1170605,73.43,73.41,400,900,34432,-57802
701,CVX,2020-10-22,0 days 15:59:55.228130,1204634,73.45,73.41,600,1000,-58205,34432
702,CVX,2020-10-22,0 days 15:59:57.229777,1170605,73.42,73.38,7101,2099,34432,-57802
703,CWH,2020-10-22,0 days 15:50:31.210401,17166,28.14,28.12,382,200,28633,-1368
704,CWH,2020-10-22,0 days 15:51:05.210923,45799,28.15,28.12,500,300,-1368,28633
705,CWH,2020-10-22,0 days 15:51:58.211358,17166,28.16,28.13,200,200,28633,-1368
706,CWH,2020-10-22,0 days 15:51:59.210987,45799,28.16,28.13,545,200,-1368,28633
707,CWH,2020-10-22,0 days 15:52:29.211013,17166,28.16,28.13,100,303,28633,-1368
708,CWH,2020-10-22,0 days 15:55:00.215679,47541,28.19,28.14,507,400,4780,-1368
709,CWH,2020-10-22,0 days 15:57:00.219316,23610,28.1,28.07,300,100,28712,-2821
710,CWH,2020-10-22,0 days 15:57:05.219146,52322,28.08,28.05,100,353,-4121,27912
711,CWH,2020-10-22,0 days 15:58:03.222448,50896,28.11,28.03,900,200,-7545,24886
712,CWH,2020-10-22,0 days 15:59:51.227778,51157,28.09,28.06,100,100,-19024,14617
713,CWH,2020-10-22,0 days 15:59:52.227645,36940,28.15,28.06,700,100,14617,-19024
714,CWH,2020-10-22,0 days 15:59:53.226302,51557,28.15,28.03,700,600,-15914,14617
715,CX,2020-10-22,0 days 15:58:07.308791,71121,4.23,4.22,147487,100842,-41855,4809
716,CXO,2020-10-22,0 days 15:55:00.092412,202050,45.98,45.97,1862,700,-2808,109326
717,CXO,2020-10-22,0 days 15:55:11.093195,204558,45.95,45.94,136,1002,725,-1069
718,CXO,2020-10-22,0 days 15:55:12.092942,204383,45.95,45.94,236,1002,-175,725
719,CXO,2020-10-22,0 days 15:55:30.094135,204283,45.94,45.93,500,1200,-192,17
720,CXO,2020-10-22,0 days 15:56:22.094804,204786,45.97,45.96,2205,100,3297,-203
721,CXO,2020-10-22,0 days 15:56:23.094727,206783,45.97,45.96,2005,523,-1003,3297
722,CXO,2020-10-22,0 days 15:56:24.095575,206586,45.97,45.96,2105,300,197,-1003
723,CXO,2020-10-22,0 days 15:57:12.095048,207202,45.95,45.94,715,1300,-1578,222
724,CXO,2020-10-22,0 days 15:57:13.094525,206880,45.95,45.94,715,1300,322,-1578
725,CXO,2020-10-22,0 days 15:57:39.095803,216402,46.0,45.98,954,700,-785,1115
726,CXO,2020-10-22,0 days 15:57:40.095673,215287,45.99,45.98,100,900,1015,-785
727,CXO,2020-10-22,0 days 15:57:46.096173,216402,45.99,45.98,100,800,-185,1015
728,CXO,2020-10-22,0 days 15:57:47.096101,215287,45.99,45.98,440,500,1015,-185
729,CXO,2020-10-22,0 days 15:57:58.097142,216902,45.98,45.97,856,1404,-385,1115
730,CXO,2020-10-22,0 days 15:57:59.097159,215787,45.98,45.97,1696,897,615,-385
731,CXO,2020-10-22,0 days 15:58:06.097350,216902,45.98,45.97,500,500,-630,1770
732,CXO,2020-10-22,0 days 15:58:12.097490,215232,45.98,45.97,1209,500,1170,-30
733,CXO,2020-10-22,0 days 15:58:22.098564,215332,45.98,45.97,666,900,1080,-220
734,CXO,2020-10-22,0 days 15:58:25.097596,216512,45.98,45.97,966,1896,-20,1080
735,CXO,2020-10-22,0 days 15:59:08.099886,217050,46.0,45.98,600,400,445,-1424
736,CXO,2020-10-22,0 days 15:59:31.099252,301907,46.01,45.99,800,300,1881,-6577
737,CXO,2020-10-22,0 days 15:59:32.099245,297888,46.02,45.99,300,750,-1019,1881
738,CXO,2020-10-22,0 days 15:59:41.099441,299688,46.02,46.01,449,1000,-2919,17581
739,D,2020-10-22,0 days 15:59:16.234763,297082,81.19,81.15,300,1200,-16297,34203
740,D,2020-10-22,0 days 15:59:17.233340,289203,81.17,81.14,100,281,7879,-16297
741,D,2020-10-22,0 days 15:59:21.233278,293882,81.18,81.16,100,200,-1821,4079
742,D,2020-10-22,0 days 15:59:31.234958,297582,81.15,81.11,1100,209,-1540,6942
743,D,2020-10-22,0 days 15:59:32.234096,294822,81.16,81.14,200,700,2760,-1540
744,D,2020-10-22,0 days 15:59:45.235877,296258,81.19,81.16,239,1200,-79,536
745,D,2020-10-22,0 days 15:59:50.235962,279737,81.21,81.19,100,100,12621,-5279
746,DAL,2020-10-22,0 days 15:59:28.250937,466576,33.7,33.69,5800,7300,-11005,187
747,DAL,2020-10-22,0 days 15:59:32.252331,466281,33.7,33.69,837,10600,295,-6605
748,DAL,2020-10-22,0 days 15:59:37.251074,510834,33.72,33.71,9292,2055,233,-5467
749,DB,2020-10-22,0 days 15:59:36.251573,33362,9.45,9.44,28706,97517,-10383,12917
750,DB,2020-10-22,0 days 15:59:37.251092,33145,9.45,9.44,29006,96267,217,-10383
751,DD,2020-10-22,0 days 15:59:31.240985,312460,59.52,59.51,600,300,815,-7276
752,DD,2020-10-22,0 days 15:59:40.241881,309475,59.52,59.51,200,200,-2944,4756
753,DD,2020-10-22,0 days 15:59:44.240574,312419,59.5,59.48,300,100,1057,-2408
754,DD,2020-10-22,0 days 15:59:47.241729,309042,59.5,59.49,200,400,-3377,2063
755,DDD,2020-10-22,0 days 15:59:40.240756,172448,8.22,8.21,3932,11428,-1867,333
756,DDD,2020-10-22,0 days 15:59:46.240736,170133,8.22,8.21,2747,11010,4856,-14085
757,DEI,2020-10-22,0 days 15:57:14.098618,181667,24.88,24.87,629,1740,25373,-25459
758,DEI,2020-10-22,0 days 15:57:15.098852,178040,24.88,24.87,500,900,-3627,25373
759,DEI,2020-10-22,0 days 15:59:06.104649,188112,24.92,24.91,300,1233,30250,-4887
760,DEI,2020-10-22,0 days 15:59:15.104710,219183,24.91,24.9,500,1628,-14711,33564
761,DEI,2020-10-22,0 days 15:59:16.104137,235812,24.91,24.9,497,314,726,-14711
762,DEI,2020-10-22,0 days 15:59:46.106077,246403,24.92,24.91,700,620,2809,-354
763,DFS,2020-10-22,0 days 15:55:00.215949,309137,66.16,66.15,100,400,185,-3460
764,DFS,2020-10-22,0 days 15:56:08.218459,319499,66.16,66.14,1111,800,-1354,895
765,DFS,2020-10-22,0 days 15:56:09.217804,318553,66.16,66.14,1611,407,946,-1354
766,DFS,2020-10-22,0 days 15:56:10.218528,319499,66.16,66.14,1211,207,-4655,946
767,DFS,2020-10-22,0 days 15:56:11.218212,319154,66.15,66.14,110,400,345,-4655
768,DFS,2020-10-22,0 days 15:56:12.217917,315799,66.16,66.15,408,200,-255,345
769,DFS,2020-10-22,0 days 15:58:39.223793,368844,65.94,65.91,1000,300,-4603,897
770,DFS,2020-10-22,0 days 15:59:06.225392,377699,65.97,65.95,535,183,4267,-1609
771,DFS,2020-10-22,0 days 15:59:07.225436,374952,66.02,65.97,100,100,-2747,4267
772,DFS,2020-10-22,0 days 15:59:13.225532,377004,65.97,65.93,788,200,3262,-2338
773,DFS,2020-10-22,0 days 15:59:14.225863,374766,65.97,65.93,370,200,-3271,3262
774,DFS,2020-10-22,0 days 15:59:19.225381,378037,65.96,65.92,436,200,3073,-7227
775,DFS,2020-10-22,0 days 15:59:20.225524,375910,65.96,65.92,436,200,-1427,3073
776,DFS,2020-10-22,0 days 15:59:30.228232,383915,65.97,65.94,100,200,10400,-2426
777,DFS,2020-10-22,0 days 15:59:31.227473,381715,65.99,65.95,100,100,-2200,10400
778,DFS,2020-10-22,0 days 15:59:43.225826,384515,66.06,65.99,700,300,911,-3135
779,DFS,2020-10-22,0 days 15:59:47.226811,383518,66.02,65.95,375,100,-848,952
780,DFS,2020-10-22,0 days 15:59:52.227719,384666,66.07,65.99,318,100,20084,-6206
781,DFS,2020-10-22,0 days 15:59:53.226427,404750,66.12,66.01,1800,100,-6766,20084
782,DHI,2020-10-22,0 days 15:55:00.092039,244861,70.73,70.67,500,553,-5436,35664
783,DHI,2020-10-22,0 days 15:56:44.094156,263866,70.52,70.51,100,100,74,-226
784,DHI,2020-10-22,0 days 15:56:52.095089,263940,70.56,70.53,196,565,-440,62
785,DHI,2020-10-22,0 days 15:57:40.095391,265795,70.58,70.55,605,1075,1004,-2475
786,DHI,2020-10-22,0 days 15:57:41.095685,265320,70.58,70.57,604,200,-475,1004
787,DHI,2020-10-22,0 days 15:57:45.095167,265795,70.57,70.56,321,294,1304,-475
788,DHI,2020-10-22,0 days 15:57:46.095809,263020,70.58,70.55,403,600,-2775,1304
789,DHI,2020-10-22,0 days 15:58:19.097202,261718,70.55,70.53,1705,255,-4127,573
790,DHI,2020-10-22,0 days 15:58:21.097433,265845,70.54,70.53,200,254,2073,-4127
791,DHI,2020-10-22,0 days 15:58:22.098271,261718,70.54,70.53,460,435,-4127,2073
792,DHI,2020-10-22,0 days 15:58:29.098581,265845,70.53,70.51,2600,409,2673,-3627
793,DHI,2020-10-22,0 days 15:58:30.098698,261718,70.53,70.51,200,321,-3627,2673
794,DHI,2020-10-22,0 days 15:59:06.099624,261432,70.54,70.51,260,322,708,-6329
795,DHI,2020-10-22,0 days 15:59:08.099632,259315,70.55,70.51,100,200,-2117,18683
796,DHI,2020-10-22,0 days 15:59:57.101205,270442,70.61,70.6,800,100,-4445,34418
797,DHR,2020-10-22,0 days 15:55:38.227012,209365,234.83,234.62,300,300,-336,688
798,DHR,2020-10-22,0 days 15:55:39.227237,208801,234.83,234.62,300,400,2593,-336
799,DHR,2020-10-22,0 days 15:55:47.227558,211491,234.66,234.57,247,222,-122,782
800,DHR,2020-10-22,0 days 15:55:48.226824,210913,234.65,234.57,200,222,578,-122
801,DHR,2020-10-22,0 days 15:56:10.228034,211491,234.56,234.47,323,220,-2984,505
802,DHR,2020-10-22,0 days 15:56:11.227628,210075,234.55,234.36,286,100,1416,-2984
803,DHR,2020-10-22,0 days 15:56:17.227405,216014,234.51,234.43,200,114,-8511,1639
804,DHR,2020-10-22,0 days 15:58:10.231552,245119,234.41,234.34,200,200,6796,-3353
805,DHR,2020-10-22,0 days 15:58:11.231334,243115,234.41,234.35,200,587,-2004,6796
806,DHR,2020-10-22,0 days 15:58:42.231851,243619,234.52,234.36,300,300,1132,-1357
807,DHR,2020-10-22,0 days 15:58:43.231442,241551,234.52,234.36,200,600,-2068,1132
808,DHR,2020-10-22,0 days 15:59:04.232991,243619,234.43,234.35,203,100,962,-1440
809,DHR,2020-10-22,0 days 15:59:05.234438,242081,234.43,234.35,200,200,-15961,962
810,DHR,2020-10-22,0 days 15:59:06.233342,255255,234.43,234.35,235,100,1054,-15961
811,DHR,2020-10-22,0 days 15:59:07.233769,254485,234.43,234.38,235,100,-773,1054
812,DHR,2020-10-22,0 days 15:59:11.234141,255258,234.43,234.38,235,299,693,-373
813,DHR,2020-10-22,0 days 15:59:15.233856,255951,234.45,234.38,200,529,-2437,563
814,DHR,2020-10-22,0 days 15:59:19.233031,255388,234.49,234.34,100,200,563,-2437
815,DHR,2020-10-22,0 days 15:59:21.233211,255951,234.52,234.34,100,300,-4537,563
816,DHR,2020-10-22,0 days 15:59:29.233260,255388,234.52,234.28,100,298,663,-4437
817,DHR,2020-10-22,0 days 15:59:31.234927,256051,234.44,234.38,100,340,-2337,663
818,DHR,2020-10-22,0 days 15:59:42.233819,267801,234.29,234.19,100,100,47,-253
819,DHR,2020-10-22,0 days 15:59:44.234284,267548,234.35,234.23,200,100,-253,47
820,DHR,2020-10-22,0 days 15:59:48.232962,266422,234.3,234.17,250,200,1926,-2574
821,DHR,2020-10-22,0 days 15:59:49.233057,264248,234.41,234.26,100,200,-5874,1926
822,DHR,2020-10-22,0 days 15:59:54.232821,266422,234.41,234.22,100,100,1926,-1774
823,DHT,2020-10-22,0 days 15:58:48.261469,77464,5.14,5.13,13416,11149,494,-324
824,DHT,2020-10-22,0 days 15:59:45.253206,88109,5.14,5.13,18498,12190,3925,-1075
825,DHT,2020-10-22,0 days 15:59:46.253182,87834,5.14,5.13,11780,22280,-859,3925
826,DIS,2020-10-22,0 days 15:59:31.252261,467582,127.53,127.51,200,110,16328,-3180
827,DIS,2020-10-22,0 days 15:59:32.252331,464310,127.62,127.57,300,386,-10735,16328
828,DIS,2020-10-22,0 days 15:59:40.252842,438339,127.58,127.55,100,650,-36706,26831
829,DIS,2020-10-22,0 days 15:59:41.252262,474082,127.57,127.55,440,300,30035,-36706
830,DIS,2020-10-22,0 days 15:59:42.251578,441547,127.57,127.55,200,300,-33498,30035
831,DIS,2020-10-22,0 days 15:59:56.253879,461091,127.6,127.53,100,200,-19079,23507
832,DK,2020-10-22,0 days 15:58:14.097871,98931,10.76,10.75,1700,500,246,-614
833,DK,2020-10-22,0 days 15:58:15.097534,98577,10.76,10.75,1700,710,-354,246
834,DK,2020-10-22,0 days 15:59:46.100489,103431,10.77,10.76,877,300,1504,-437
835,DOW,2020-10-22,0 days 15:57:33.230002,373403,48.83,48.82,335,101,-4332,1968
836,DOW,2020-10-22,0 days 15:57:34.229876,369435,48.83,48.82,435,701,3968,-4332
837,DOW,2020-10-22,0 days 15:57:49.230290,373403,48.85,48.83,457,900,-732,1968
838,DOW,2020-10-22,0 days 15:57:50.230365,370135,48.85,48.83,500,913,3268,-732
839,DOW,2020-10-22,0 days 15:57:52.230715,373403,48.85,48.83,600,2213,-332,3268
840,DOW,2020-10-22,0 days 15:58:09.231459,374245,48.82,48.8,300,2266,-1623,2803
841,DOW,2020-10-22,0 days 15:58:10.231552,372657,48.83,48.82,400,800,788,-1623
842,DOW,2020-10-22,0 days 15:58:18.231571,373445,48.83,48.82,400,2123,-1362,6738
843,DOW,2020-10-22,0 days 15:58:19.231807,370007,48.83,48.82,400,2322,3438,-1362
844,DOW,2020-10-22,0 days 15:58:21.231600,373445,48.83,48.82,258,2589,-1162,4438
845,DOW,2020-10-22,0 days 15:58:22.232197,371407,48.84,48.82,200,3305,2038,-1162
846,DOW,2020-10-22,0 days 15:59:06.233342,375216,48.83,48.8,300,3913,-4874,581
847,DOW,2020-10-22,0 days 15:59:13.233898,374416,48.85,48.81,130,200,-21297,1692
848,DOW,2020-10-22,0 days 15:59:14.233682,372413,48.85,48.8,1030,4400,2003,-21297
849,DOW,2020-10-22,0 days 15:59:15.233901,375862,48.85,48.8,1030,4302,-16627,2003
850,DOW,2020-10-22,0 days 15:59:23.234015,374389,48.78,48.76,100,814,2573,-1427
851,DOW,2020-10-22,0 days 15:59:24.232880,376962,48.8,48.76,187,1333,-26069,2573
852,DOW,2020-10-22,0 days 15:59:39.233952,410305,48.73,48.72,500,300,300,-15504
853,DOW,2020-10-22,0 days 15:59:45.235781,409105,48.73,48.7,100,1870,-873,155
854,DOW,2020-10-22,0 days 15:59:46.233428,408863,48.73,48.7,239,2470,4442,-873
855,DOW,2020-10-22,0 days 15:59:48.232930,410680,48.74,48.7,100,400,-4921,342
856,DS,2020-10-22,0 days 15:59:01.234147,8042,1.69,1.68,5396,2400,2026,-2774
857,DS,2020-10-22,0 days 15:59:02.233122,7768,1.69,1.68,5396,2400,-274,2026
858,DUK,2020-10-22,0 days 15:56:06.098974,318145,93.7,93.68,600,100,129,-771
859,DUK,2020-10-22,0 days 15:56:08.098501,318274,93.72,93.69,638,500,-1369,129
860,DUK,2020-10-22,0 days 15:59:03.105313,346340,93.79,93.77,300,100,110156,-475
861,DUK,2020-10-22,0 days 15:59:32.105577,459424,93.86,93.85,400,513,-268,3966
862,DUK,2020-10-22,0 days 15:59:43.105601,459424,93.88,93.86,200,200,-1113,103
863,DUK,2020-10-22,0 days 15:59:49.106896,465934,93.9,93.88,200,700,-1776,3369
864,DUK,2020-10-22,0 days 15:59:50.109318,463210,93.89,93.85,500,400,2724,-1776
865,DVN,2020-10-22,0 days 15:57:18.229202,672894,9.31,9.3,2494,21099,-2473,1427
866,DVN,2020-10-22,0 days 15:57:19.229171,666467,9.31,9.3,4394,20523,6427,-2473
867,DVN,2020-10-22,0 days 15:58:01.231503,677350,9.32,9.31,16671,7086,-9817,2027
868,DVN,2020-10-22,0 days 15:58:02.231059,668967,9.32,9.31,18771,6086,8383,-9817
869,DVN,2020-10-22,0 days 15:58:05.231912,677350,9.32,9.31,18971,6986,-4234,9766
870,DVN,2020-10-22,0 days 15:58:06.231413,670184,9.32,9.31,18571,7586,7166,-4234
871,DVN,2020-10-22,0 days 15:58:08.231569,677350,9.32,9.31,18973,10086,-834,7166
872,DVN,2020-10-22,0 days 15:58:09.231608,670184,9.32,9.31,14400,9202,7166,-834
873,DVN,2020-10-22,0 days 15:58:14.231951,670184,9.32,9.31,18608,4841,7446,-9934
874,DVN,2020-10-22,0 days 15:58:18.231668,677630,9.32,9.31,18508,6167,-3054,7446
875,DVN,2020-10-22,0 days 15:58:19.231911,670384,9.31,9.3,14895,18355,29946,-3054
876,DVN,2020-10-22,0 days 15:58:34.233010,677630,9.32,9.31,17469,19045,-13354,9346
877,DVN,2020-10-22,0 days 15:58:35.231946,670384,9.32,9.31,17224,18505,7246,-13354
878,DVN,2020-10-22,0 days 15:59:05.234795,700452,9.31,9.3,15381,10148,-4433,6841
879,DVN,2020-10-22,0 days 15:59:06.233613,695112,9.31,9.3,16081,9988,5340,-4433
880,DVN,2020-10-22,0 days 15:59:11.234332,715094,9.31,9.3,9967,11588,-10812,6682
881,DVN,2020-10-22,0 days 15:59:12.234332,709806,9.31,9.3,10067,11488,5288,-10812
882,DVN,2020-10-22,0 days 15:59:25.234100,688731,9.32,9.31,8785,18120,3663,-16937
883,DVN,2020-10-22,0 days 15:59:30.235718,692394,9.32,9.31,22983,16079,-337,863
884,DVN,2020-10-22,0 days 15:59:31.235180,692731,9.32,9.31,15435,16880,5404,-337
885,DVN,2020-10-22,0 days 15:59:45.236071,726235,9.33,9.32,21197,13132,-2352,1704
886,DVN,2020-10-22,0 days 15:59:48.233287,722587,9.33,9.32,10400,10595,2148,-2352
887,EIX,2020-10-22,0 days 15:55:00.303051,182857,60.03,59.98,500,106,-46678,21305
888,EIX,2020-10-22,0 days 15:56:00.305247,229388,59.97,59.96,300,200,16043,-34757
889,EIX,2020-10-22,0 days 15:56:01.305038,226031,60.01,59.98,295,320,-3357,16043
890,EIX,2020-10-22,0 days 15:58:04.308943,235160,59.94,59.92,200,303,2560,-2645
891,EIX,2020-10-22,0 days 15:58:05.309335,231920,59.94,59.92,100,301,-2040,2560
892,EIX,2020-10-22,0 days 15:59:06.311674,236738,59.99,59.95,700,100,2762,-4099
893,EIX,2020-10-22,0 days 15:59:07.311630,234400,59.99,59.95,900,100,-2338,2762
894,EIX,2020-10-22,0 days 15:59:12.311815,240325,59.95,59.92,733,100,1589,-4816
895,EIX,2020-10-22,0 days 15:59:13.311939,238314,59.95,59.92,733,100,-2011,1589
896,EIX,2020-10-22,0 days 15:59:18.300077,241525,59.95,59.91,531,200,4659,-7616
897,EIX,2020-10-22,0 days 15:59:34.300847,241807,60.0,59.94,552,100,5181,-10919
898,EIX,2020-10-22,0 days 15:59:35.301202,240688,60.01,59.94,100,200,-1119,5181
899,ELAN,2020-10-22,0 days 15:55:00.303133,402864,31.18,31.17,782,200,-51637,228779
900,ELAN,2020-10-22,0 days 15:59:34.300847,477819,31.18,31.17,610,700,-7094,4106
901,EMR,2020-10-22,0 days 15:58:53.239588,125541,69.68,69.66,142,200,-724,276
902,EMR,2020-10-22,0 days 15:58:54.239693,123065,69.68,69.66,142,310,2476,-724
903,EMR,2020-10-22,0 days 15:58:59.240159,125541,69.69,69.67,300,209,-636,2176
904,EMR,2020-10-22,0 days 15:59:02.240710,120777,69.69,69.66,200,210,1289,-1411
905,EMR,2020-10-22,0 days 15:59:08.241489,122724,69.7,69.68,300,100,748,-168
906,EMR,2020-10-22,0 days 15:59:14.241068,122703,69.71,69.67,100,400,1393,-12807
907,EMR,2020-10-22,0 days 15:59:21.240262,127100,69.72,69.69,200,200,-3443,796
908,EMR,2020-10-22,0 days 15:59:22.241285,126643,69.7,69.66,280,300,457,-3443
909,EMR,2020-10-22,0 days 15:59:40.241628,135364,69.75,69.71,200,400,-4079,221
910,EMR,2020-10-22,0 days 15:59:41.241459,132443,69.71,69.7,300,100,4921,-4079
911,EMR,2020-10-22,0 days 15:59:43.240774,137372,69.72,69.7,200,216,-1237,829
912,EMR,2020-10-22,0 days 15:59:44.240399,136609,69.72,69.7,100,216,763,-1237
913,EMR,2020-10-22,0 days 15:59:45.242673,135372,69.75,69.72,440,216,-3537,763
914,ENB,2020-10-22,0 days 15:58:59.103292,60821,29.38,29.37,5812,7728,1888,-3333
915,ENB,2020-10-22,0 days 15:59:00.105664,60209,29.38,29.37,4748,9299,-612,1888
916,ENB,2020-10-22,0 days 15:59:36.104905,60850,29.37,29.36,4658,17716,357,-843
917,ENB,2020-10-22,0 days 15:59:37.104900,60607,29.37,29.36,4658,12616,-243,357
918,EOG,2020-10-22,0 days 15:59:35.104415,342347,36.85,36.84,100,2135,2882,-6518
919,EOG,2020-10-22,0 days 15:59:45.106544,344829,36.88,36.87,300,500,-1522,1982
920,EOG,2020-10-22,0 days 15:59:46.105892,343247,36.86,36.85,1000,653,1982,-1522
921,EOG,2020-10-22,0 days 15:59:47.105398,345729,36.85,36.84,200,2049,-53,1982
922,EOG,2020-10-22,0 days 15:59:48.105977,343782,36.85,36.84,100,2299,1447,-53
923,EOG,2020-10-22,0 days 15:59:49.106835,344829,36.86,36.85,100,1800,-1553,1447
924,EOG,2020-10-22,0 days 15:59:50.108745,324682,36.87,36.86,100,500,20147,-1553
925,EPD,2020-10-22,0 days 15:57:27.237418,74743,17.64,17.63,7804,6150,182,-1483
926,EPD,2020-10-22,0 days 15:58:25.239613,71891,17.63,17.62,7886,9100,-4452,248
927,EPD,2020-10-22,0 days 15:59:14.243277,75243,17.62,17.61,14641,2200,1023,-1877
928,EPD,2020-10-22,0 days 15:59:15.237146,73566,17.62,17.61,6049,8542,-1277,1023
929,EPD,2020-10-22,0 days 15:59:34.237090,73532,17.61,17.6,12041,5200,-1111,689
930,EPD,2020-10-22,0 days 15:59:47.235944,74332,17.61,17.6,4599,11999,-311,6789
931,EQH,2020-10-22,0 days 15:55:32.253899,171230,20.35,20.34,2188,2268,841,-2659
932,EQH,2020-10-22,0 days 15:55:33.253821,168571,20.35,20.34,2330,2168,-2659,841
933,EQH,2020-10-22,0 days 15:56:30.254454,191430,20.3,20.29,2446,1600,154,-794
934,EQH,2020-10-22,0 days 15:56:33.254335,192738,20.3,20.29,4046,1300,-792,156
935,EQH,2020-10-22,0 days 15:57:41.256805,196587,20.29,20.28,1089,2362,196,-904
936,EQH,2020-10-22,0 days 15:57:43.256644,194683,20.29,20.28,1727,2162,-1904,2796
937,EQNR,2020-10-22,0 days 15:59:36.260004,33759,14.23,14.22,55942,14005,-2999,3801
938,EQNR,2020-10-22,0 days 15:59:37.260029,33458,14.23,14.22,58242,12105,301,-2999
939,EQNR,2020-10-22,0 days 15:59:46.260898,33959,14.23,14.22,58146,9407,-2899,301
940,EQNR,2020-10-22,0 days 15:59:47.260583,33758,14.23,14.22,55346,8816,1,-2899
941,EQR,2020-10-22,0 days 15:56:46.237280,277200,50.85,50.84,1400,1510,2860,-3762
942,EQR,2020-10-22,0 days 15:56:47.235606,275460,50.85,50.84,2000,1210,-1740,2860
943,EQR,2020-10-22,0 days 15:57:33.236941,277656,50.87,50.86,700,219,4547,-53
944,EQR,2020-10-22,0 days 15:57:34.236912,276503,50.88,50.87,100,843,-1153,4547
945,EQR,2020-10-22,0 days 15:57:36.236660,277856,50.88,50.87,200,697,347,-953
946,EQR,2020-10-22,0 days 15:57:47.236970,287403,50.89,50.88,330,862,-303,10097
947,EQR,2020-10-22,0 days 15:57:48.237541,286606,50.89,50.88,330,870,797,-303
948,EQR,2020-10-22,0 days 15:57:58.237175,287503,50.88,50.87,100,528,-303,997
949,EQR,2020-10-22,0 days 15:57:59.238026,286706,50.89,50.87,420,1037,797,-303
950,EQR,2020-10-22,0 days 15:58:59.240370,288731,50.9,50.89,341,974,-174,77
951,EQR,2020-10-22,0 days 15:59:00.243232,288505,50.9,50.89,1041,645,226,-174
952,EQR,2020-10-22,0 days 15:59:02.240912,282429,50.9,50.89,1351,100,-176,326
953,EQR,2020-10-22,0 days 15:59:08.241693,283193,50.89,50.88,2405,300,201,-209
954,EQR,2020-10-22,0 days 15:59:28.240703,316598,50.9,50.88,1000,1123,-1072,2913
955,EQR,2020-10-22,0 days 15:59:29.240006,314470,50.9,50.88,1100,1023,2138,-1072
956,EQR,2020-10-22,0 days 15:59:30.243228,316608,50.9,50.88,1000,1223,-2221,2138
957,EQR,2020-10-22,0 days 15:59:31.240892,314829,50.9,50.88,1000,1200,1915,-2221
958,EQR,2020-10-22,0 days 15:59:43.240980,317944,50.9,50.88,1200,1100,-2809,2815
959,EQR,2020-10-22,0 days 15:59:44.240548,316953,50.9,50.88,1200,1413,791,-2809
960,EQR,2020-10-22,0 days 15:59:49.241476,324816,50.92,50.91,594,1300,-1442,556
961,EQR,2020-10-22,0 days 15:59:50.244826,308658,50.92,50.91,584,698,16608,-1442
962,EQT,2020-10-22,0 days 15:55:00.250475,964512,15.73,15.72,1660,500,-53334,684869
963,EQT,2020-10-22,0 days 15:58:21.259637,1183242,15.73,15.72,485,1500,4247,-653
964,EQT,2020-10-22,0 days 15:58:43.260674,1154942,15.74,15.73,122,2563,10947,-13353
965,EQT,2020-10-22,0 days 15:58:47.260325,1156748,15.78,15.76,1100,4275,7441,-26459
966,EQT,2020-10-22,0 days 15:58:55.261110,1166889,15.77,15.76,600,958,-19659,10341
967,EQT,2020-10-22,0 days 15:58:56.260748,1159348,15.77,15.76,1230,557,7541,-19659
968,EQT,2020-10-22,0 days 15:59:26.251225,1254580,15.74,15.73,200,701,-10022,21781
969,EQT,2020-10-22,0 days 15:59:27.250785,1240402,15.74,15.73,502,721,14178,-10022
970,ET,2020-10-22,0 days 15:55:00.233062,153086,6.29,6.28,33843,53019,416176,-40897
971,ETRN,2020-10-22,0 days 15:55:00.091962,155388,8.49,8.48,12759,5193,-44210,78424
972,ETRN,2020-10-22,0 days 15:55:27.092229,208598,8.49,8.48,13024,1679,37090,-51310
973,ETRN,2020-10-22,0 days 15:55:28.093496,204088,8.49,8.48,13024,2079,-4510,37090
974,ETRN,2020-10-22,0 days 15:56:06.095498,211775,8.49,8.48,9513,7682,1137,-3463
975,ETRN,2020-10-22,0 days 15:56:07.094290,211012,8.49,8.48,9713,7782,-763,1137
976,ETRN,2020-10-22,0 days 15:57:43.094400,211775,8.48,8.47,13892,7705,1909,-5191
977,ETRN,2020-10-22,0 days 15:58:09.097792,211775,8.49,8.48,6063,10003,2509,-11591
978,ETRN,2020-10-22,0 days 15:58:13.097284,225061,8.49,8.48,5286,12723,-14,1216
979,ETRN,2020-10-22,0 days 15:58:18.096444,222475,8.49,8.48,4253,13423,2586,-3114
980,ETRN,2020-10-22,0 days 15:58:19.095972,219561,8.51,8.5,3300,7639,-4214,2586
981,ETRN,2020-10-22,0 days 15:58:20.097506,218775,8.51,8.5,4900,9039,786,-4214
982,ETRN,2020-10-22,0 days 15:58:21.096197,219561,8.51,8.5,6200,6827,-1014,786
983,ETRN,2020-10-22,0 days 15:58:22.097014,218775,8.51,8.5,5300,6139,786,-1014
984,ETRN,2020-10-22,0 days 15:58:26.097314,219561,8.51,8.5,5400,10397,-2214,786
985,ETRN,2020-10-22,0 days 15:58:27.098734,214775,8.51,8.5,2800,12497,1986,-2214
986,ETRN,2020-10-22,0 days 15:58:38.096645,229661,8.51,8.5,1800,16751,-2826,3286
987,ETRN,2020-10-22,0 days 15:59:54.101259,309530,8.55,8.54,6002,2230,-14727,20166
988,EV,2020-10-22,0 days 15:55:49.227363,456221,61.97,61.96,300,1315,-425,267
989,EV,2020-10-22,0 days 15:57:16.229010,457346,61.97,61.96,1200,500,75,-125
990,EV,2020-10-22,0 days 15:57:17.229144,457221,61.97,61.96,1200,500,-125,75
991,EV,2020-10-22,0 days 15:57:47.230659,477246,61.97,61.96,100,1410,2075,-3325
992,EV,2020-10-22,0 days 15:57:58.230704,465946,61.98,61.97,524,1126,875,-8225
993,EV,2020-10-22,0 days 15:58:28.232247,479321,61.97,61.94,2900,1989,-5552,3148
994,EV,2020-10-22,0 days 15:58:29.232163,477373,61.97,61.95,100,200,1948,-5552
995,EV,2020-10-22,0 days 15:58:52.232432,465973,61.98,61.97,350,300,848,-10552
996,EV,2020-10-22,0 days 15:59:31.235222,466877,61.98,61.97,5398,1215,-1043,188
997,EV,2020-10-22,0 days 15:59:32.234237,466520,61.99,61.98,5400,100,357,-1043
998,EV,2020-10-22,0 days 15:59:45.236107,467684,61.99,61.98,5451,600,-10936,857
999,EV,2020-10-22,0 days 15:59:46.234031,467420,61.97,61.96,110,200,264,-10936
1000,EVRG,2020-10-22,0 days 15:59:38.241118,770701,56.68,56.66,302,200,2447,-536
1001,EVRG,2020-10-22,0 days 15:59:47.241713,758259,56.7,56.67,300,102,-12842,1216
1002,EVRG,2020-10-22,0 days 15:59:48.241991,772163,56.7,56.67,300,302,21537,-12842
1003,EVRG,2020-10-22,0 days 15:59:49.241519,768300,56.7,56.67,402,302,-2801,21537
1004,EVRG,2020-10-22,0 days 15:59:57.244827,762421,56.59,56.57,464,200,10878,-9299
1005,EW,2020-10-22,0 days 15:55:54.307093,271123,79.47,79.44,100,104,744,-67
1006,EW,2020-10-22,0 days 15:55:55.305378,267167,79.48,79.45,561,100,-2836,744
1007,EW,2020-10-22,0 days 15:56:14.305545,276648,79.38,79.34,310,400,2246,-4381
1008,EW,2020-10-22,0 days 15:56:15.305953,272904,79.38,79.34,610,400,-3744,2246
1009,EW,2020-10-22,0 days 15:59:02.311420,305033,79.55,79.53,3900,100,15287,-7479
1010,EW,2020-10-22,0 days 15:59:03.311306,301797,79.55,79.53,3471,418,-3236,15287
1011,EW,2020-10-22,0 days 15:59:11.312546,318755,79.52,79.51,800,200,1559,-972
1012,EW,2020-10-22,0 days 15:59:14.311458,310514,79.47,79.46,290,200,-3641,6159
1013,EW,2020-10-22,0 days 15:59:24.300294,314155,79.5,79.45,700,100,1786,-2833
1014,EW,2020-10-22,0 days 15:59:25.300853,311241,79.5,79.45,700,750,-2914,1786
1015,EXK,2020-10-22,0 days 15:59:36.300749,12229,3.54,3.53,63799,71221,-5801,6899
1016,EXK,2020-10-22,0 days 15:59:37.300632,11830,3.54,3.53,63699,107514,399,-5801
1017,EXK,2020-10-22,0 days 15:59:38.301290,12229,3.54,3.53,63699,107286,-1501,399
1018,EXK,2020-10-22,0 days 15:59:39.301192,11830,3.54,3.53,63699,105358,399,-1501
1019,F,2020-10-22,0 days 15:59:46.100406,3252005,8.22,8.21,111475,608046,69580,-56
1020,F,2020-10-22,0 days 15:59:47.099530,3241185,8.22,8.21,31337,683993,-10820,69580
1021,FCX,2020-10-22,0 days 15:55:00.232465,536053,18.39,18.38,7457,15408,-25061,26774
1022,FCX,2020-10-22,0 days 15:55:03.232543,551808,18.38,18.37,20493,7911,3865,-11261
1023,FCX,2020-10-22,0 days 15:55:04.232276,541973,18.38,18.37,20162,7011,-9835,3865
1024,FCX,2020-10-22,0 days 15:59:15.240740,701710,18.36,18.35,20553,7097,1488,-7812
1025,FCX,2020-10-22,0 days 15:59:23.241005,703198,18.36,18.35,17286,9995,-31560,1388
1026,FCX,2020-10-22,0 days 15:59:38.241014,734758,18.36,18.35,28494,11595,68776,-11224
1027,FCX,2020-10-22,0 days 15:59:46.241664,732408,18.36,18.35,31558,3449,10174,-8774
1028,FDX,2020-10-22,0 days 15:56:49.306122,65305,276.0,275.91,302,100,-83,85
1029,FDX,2020-10-22,0 days 15:56:50.305873,64188,275.98,275.91,100,100,1117,-83
1030,FDX,2020-10-22,0 days 15:57:35.307917,65306,276.04,275.97,300,300,-282,718
1031,FDX,2020-10-22,0 days 15:57:36.306958,66288,276.04,275.97,500,300,1118,-282
1032,FDX,2020-10-22,0 days 15:58:12.309624,68226,276.02,275.93,300,400,-463,626
1033,FDX,2020-10-22,0 days 15:58:13.309281,67089,276.02,275.92,446,222,1137,-463
1034,FDX,2020-10-22,0 days 15:59:06.311674,68004,276.07,275.97,100,100,-58,441
1035,FDX,2020-10-22,0 days 15:59:08.312028,67968,276.04,275.97,100,300,545,-68
1036,FDX,2020-10-22,0 days 15:59:11.312434,67913,276.2,276.12,100,200,-1370,435
1037,FDX,2020-10-22,0 days 15:59:12.311815,67583,276.17,276.08,100,103,330,-1370
1038,FDX,2020-10-22,0 days 15:59:23.300684,69565,276.09,275.96,408,200,-872,382
1039,FDX,2020-10-22,0 days 15:59:24.300182,69237,276.09,275.96,408,200,328,-872
1040,FDX,2020-10-22,0 days 15:59:30.301530,69565,275.93,275.83,1051,100,-198,328
1041,FDX,2020-10-22,0 days 15:59:31.301265,69463,276.01,275.91,300,795,102,-198
1042,FDX,2020-10-22,0 days 15:59:38.301148,69163,275.91,275.82,1144,100,402,-198
1043,FDX,2020-10-22,0 days 15:59:39.300983,69565,276.16,275.99,200,800,-498,402
1044,FDX,2020-10-22,0 days 15:59:51.302721,69565,276.11,275.9,260,300,-3716,516
1045,FE,2020-10-22,0 days 15:59:15.233942,634576,33.03,33.02,1811,300,-72667,7050
1046,FE,2020-10-22,0 days 15:59:16.234763,624793,33.02,33.01,1400,1900,9783,-72667
1047,FE,2020-10-22,0 days 15:59:18.233166,634876,33.02,33.0,1634,1500,-75817,9983
1048,FE,2020-10-22,0 days 15:59:31.235000,655640,33.0,32.99,1327,600,11684,-16166
1049,FE,2020-10-22,0 days 15:59:44.234367,671663,33.04,33.03,1200,100,-13627,1173
1050,FE,2020-10-22,0 days 15:59:45.235877,667796,33.03,33.02,900,1700,7824,-13627
1051,FE,2020-10-22,0 days 15:59:50.236013,672896,33.05,33.04,800,227,1624,-4976
1052,FEAC,2020-10-22,0 days 15:50:15.210458,753,12.65,12.6,100,500,-130,1770
1053,FEAC,2020-10-22,0 days 15:55:21.216693,1222,12.85,12.79,300,400,131,-369
1054,FEAC,2020-10-22,0 days 15:55:22.218261,1153,12.85,12.79,300,400,-69,131
1055,FEAC,2020-10-22,0 days 15:58:27.223881,1522,12.69,12.64,100,100,639,-761
1056,FEAC,2020-10-22,0 days 15:58:28.223836,1361,12.69,12.64,100,100,-161,639
1057,FEAC,2020-10-22,0 days 15:59:50.230239,1522,12.81,12.55,900,1000,42,-135
1058,FHN,2020-10-22,0 days 15:55:00.232524,564842,11.46,11.45,11000,14830,-58852,91257
1059,FHN,2020-10-22,0 days 15:55:01.232019,545694,11.46,11.45,11900,22230,19148,-58852
1060,FHN,2020-10-22,0 days 15:59:08.241609,572115,11.45,11.44,8271,39435,8927,-46073
1061,FHN,2020-10-22,0 days 15:59:15.240812,581042,11.45,11.44,10696,15708,-4466,8927
1062,FHN,2020-10-22,0 days 15:59:16.241786,573108,11.45,11.44,14196,14008,7934,-4466
1063,FHN,2020-10-22,0 days 15:59:22.241448,579542,11.45,11.44,12056,15968,-6869,6434
1064,FHN,2020-10-22,0 days 15:59:23.241043,572611,11.45,11.44,8982,18167,6931,-6869
1065,FHN,2020-10-22,0 days 15:59:48.241704,576876,11.45,11.44,15948,12395,4166,-33734
1066,FIT,2020-10-22,0 days 15:55:49.094380,902072,6.95,6.94,33150,73904,4177,-2219
1067,FIT,2020-10-22,0 days 15:55:50.094456,863549,6.95,6.94,33150,72439,-38523,4177
1068,FIT,2020-10-22,0 days 15:58:04.097345,903867,6.96,6.95,106153,6600,33935,-41965
1069,FIT,2020-10-22,0 days 15:58:05.097670,860402,6.96,6.95,104353,5200,-43465,33935
1070,FIT,2020-10-22,0 days 15:58:32.098117,903867,6.96,6.94,102174,64349,31602,-43698
1071,FIT,2020-10-22,0 days 15:58:33.097963,900469,6.96,6.94,102174,64349,-3398,31602
1072,FIT,2020-10-22,0 days 15:59:10.100325,934090,6.95,6.94,68359,46650,1800,-3325
1073,FNB,2020-10-22,0 days 15:57:35.238383,430684,7.9,7.89,17085,21771,4851,-5549
1074,FNB,2020-10-22,0 days 15:58:35.240812,434321,7.9,7.89,8023,25340,-1093,407
1075,FRO,2020-10-22,0 days 15:55:46.097082,57716,6.47,6.46,8224,3468,-535,230
1076,FRO,2020-10-22,0 days 15:59:01.104870,61021,6.46,6.45,4953,3609,1389,-89
1077,FRO,2020-10-22,0 days 15:59:02.103597,59910,6.46,6.45,4953,3609,-1111,1389
1078,FRO,2020-10-22,0 days 15:59:19.104723,61021,6.46,6.45,4872,3909,1548,-1094
1079,FRO,2020-10-22,0 days 15:59:32.105140,62569,6.46,6.45,7853,8926,-837,1548
1080,FRO,2020-10-22,0 days 15:59:36.104655,63406,6.46,6.45,7753,8126,563,-837
1081,FRO,2020-10-22,0 days 15:59:37.104642,63269,6.46,6.45,7753,8126,-137,563
1082,FSLY,2020-10-22,0 days 15:59:02.311314,125258,79.15,79.1,100,300,12547,-15953
1083,FSLY,2020-10-22,0 days 15:59:03.311125,124105,79.16,79.13,252,408,-1153,12547
1084,FSLY,2020-10-22,0 days 15:59:06.311674,125258,79.21,79.14,100,100,10373,-1000
1085,FSLY,2020-10-22,0 days 15:59:21.301122,125258,79.21,79.15,100,200,665,-422
1086,FSLY,2020-10-22,0 days 15:59:27.300058,125258,79.25,79.18,473,200,1265,-2035
1087,FSLY,2020-10-22,0 days 15:59:28.300385,124923,79.25,79.18,200,200,-335,1265
1088,FSLY,2020-10-22,0 days 15:59:30.301566,125258,79.27,79.19,182,200,2120,-335
1089,FSM,2020-10-22,0 days 15:55:41.234324,26663,7.05,7.04,27141,31595,-221,779
1090,FTCH,2020-10-22,0 days 15:55:00.233473,38276,28.3,28.28,1000,470,-454,76
1091,FTCH,2020-10-22,0 days 15:55:22.235504,41625,28.3,28.29,1200,302,5209,-749
1092,FTCH,2020-10-22,0 days 15:55:23.235553,41534,28.3,28.29,1100,402,-91,5209
1093,FTCH,2020-10-22,0 days 15:57:12.237450,42983,28.24,28.23,200,351,-2542,458
1094,FTCH,2020-10-22,0 days 15:57:36.238159,48561,28.22,28.21,3016,635,22,-678
1095,FTCH,2020-10-22,0 days 15:57:37.237921,47883,28.22,28.21,3316,634,-678,22
1096,FTCH,2020-10-22,0 days 15:57:46.238835,49261,28.22,28.21,3340,834,322,-78
1097,FTCH,2020-10-22,0 days 15:57:47.238254,49083,28.22,28.21,3340,1034,-178,322
1098,FTCH,2020-10-22,0 days 15:59:03.241640,49561,28.25,28.23,883,700,608,-454
1099,FTCH,2020-10-22,0 days 15:59:04.241820,49269,28.25,28.23,883,820,-239,608
1100,FTCH,2020-10-22,0 days 15:59:05.242418,54708,28.25,28.23,883,820,445,-239
1101,FTCH,2020-10-22,0 days 15:59:17.237207,57108,28.27,28.26,1000,600,644,-255
1102,FTCH,2020-10-22,0 days 15:59:22.238419,57052,28.3,28.28,1600,700,-129,644
1103,FTCH,2020-10-22,0 days 15:59:41.235694,56581,28.3,28.28,1604,1700,471,-10129
1104,FTI,2020-10-22,0 days 15:59:01.261547,395730,6.89,6.88,25118,8002,4286,-3314
1105,FTI,2020-10-22,0 days 15:59:02.261618,386716,6.89,6.88,25257,10468,-9014,4286
1106,FTV,2020-10-22,0 days 15:55:00.249998,190688,66.54,66.52,340,187,9443,-68438
1107,FTV,2020-10-22,0 days 15:55:10.250768,199931,66.53,66.51,312,566,-1605,831
1108,FTV,2020-10-22,0 days 15:55:11.250573,199336,66.53,66.51,312,566,595,-1605
1109,FTV,2020-10-22,0 days 15:57:20.256599,216478,66.44,66.43,100,400,1578,-2122
1110,FTV,2020-10-22,0 days 15:57:33.256999,218056,66.46,66.44,105,400,-1028,1272
1111,FTV,2020-10-22,0 days 15:57:35.256291,216884,66.46,66.44,105,406,1472,-228
1112,FTV,2020-10-22,0 days 15:57:54.257262,218356,66.45,66.44,1000,990,-228,1172
1113,FTV,2020-10-22,0 days 15:57:55.257548,217184,66.46,66.44,810,1507,1172,-228
1114,FTV,2020-10-22,0 days 15:57:56.257832,218356,66.46,66.44,710,1507,-1028,1172
1115,FTV,2020-10-22,0 days 15:57:57.257382,217184,66.46,66.44,799,1470,1172,-1028
1116,FTV,2020-10-22,0 days 15:57:58.257243,218356,66.46,66.45,406,611,-128,1172
1117,FTV,2020-10-22,0 days 15:57:59.257816,217184,66.46,66.45,506,446,1172,-128
1118,FTV,2020-10-22,0 days 15:58:09.259396,218389,66.46,66.45,402,100,-1597,4372
1119,FTV,2020-10-22,0 days 15:58:10.259163,217386,66.46,66.45,520,100,1003,-1597
1120,FTV,2020-10-22,0 days 15:58:16.259984,223951,66.46,66.45,210,206,-578,1522
1121,FTV,2020-10-22,0 days 15:58:17.259123,222429,66.45,66.44,200,160,1522,-578
1122,FTV,2020-10-22,0 days 15:59:01.261723,218353,66.46,66.45,200,300,-4991,607
1123,FTV,2020-10-22,0 days 15:59:02.261753,217097,66.46,66.44,200,312,1256,-4991
1124,FTV,2020-10-22,0 days 15:59:07.262033,218429,66.47,66.46,100,300,-718,1112
1125,FTV,2020-10-22,0 days 15:59:08.262257,217943,66.47,66.46,100,413,486,-718
1126,GAB,2020-10-22,0 days 15:59:36.099355,2588,5.7,5.69,3983,500,-1490,2130
1127,GFI,2020-10-22,0 days 15:58:59.240387,83171,11.72,11.71,20425,8549,-1086,199
1128,GFI,2020-10-22,0 days 15:59:00.243326,68657,11.72,11.71,21253,8449,14514,-1086
1129,GFI,2020-10-22,0 days 15:59:07.241516,84053,11.72,11.71,24538,2294,-6681,3028
1130,GFI,2020-10-22,0 days 15:59:08.241740,89334,11.72,11.71,24238,2994,696,-6681
1131,GFI,2020-10-22,0 days 15:59:46.241864,90530,11.71,11.7,3587,27271,-111,889
1132,GFI,2020-10-22,0 days 15:59:48.241954,89841,11.71,11.7,16387,19519,689,-111
1133,GGB,2020-10-22,0 days 15:59:36.300728,40544,4.13,4.12,296477,42310,7526,-8974
1134,GGB,2020-10-22,0 days 15:59:37.300612,40070,4.13,4.12,295227,42310,-474,7526
1135,GLW,2020-10-22,0 days 15:55:01.224774,178069,35.51,35.5,2800,310,-2095,4635
1136,GLW,2020-10-22,0 days 15:55:16.225977,184455,35.49,35.48,286,4410,245,-5653
1137,GLW,2020-10-22,0 days 15:55:24.227099,181831,35.47,35.46,1200,1200,-2624,276
1138,GLW,2020-10-22,0 days 15:55:45.226984,184522,35.48,35.47,538,3416,132,-1892
1139,GLW,2020-10-22,0 days 15:55:46.227405,184654,35.48,35.47,1179,3016,-2185,132
1140,GLW,2020-10-22,0 days 15:57:45.230511,198771,35.45,35.44,200,2686,98,-302
1141,GLW,2020-10-22,0 days 15:57:49.230368,196669,35.46,35.45,900,2100,-2102,298
1142,GLW,2020-10-22,0 days 15:59:01.234234,203056,35.45,35.44,3101,773,5798,-2002
1143,GLW,2020-10-22,0 days 15:59:40.234307,211331,35.46,35.45,5297,972,8230,-1137
1144,GM,2020-10-22,0 days 15:55:00.232378,1006222,37.3,37.29,3408,2200,195462,-116901
1145,GM,2020-10-22,0 days 15:57:42.236551,1342875,37.36,37.35,7227,700,21646,-397
1146,GM,2020-10-22,0 days 15:58:22.239488,1364871,37.36,37.35,1600,5401,-39184,11516
1147,GM,2020-10-22,0 days 15:58:23.239000,1351155,37.36,37.35,3000,4215,13716,-39184
1148,GM,2020-10-22,0 days 15:58:29.239055,1364871,37.37,37.36,3401,5003,-4584,7060
1149,GM,2020-10-22,0 days 15:58:30.240550,1354411,37.37,37.36,1901,5400,4960,-4584
1150,GM,2020-10-22,0 days 15:58:55.239967,1349111,37.38,37.37,1728,10102,10260,-3640
1151,GM,2020-10-22,0 days 15:59:07.241245,1528135,37.4,37.39,957,6393,-1969,26572
1152,GM,2020-10-22,0 days 15:59:15.240661,1550544,37.4,37.39,1900,4900,104899,-5234
1153,GM,2020-10-22,0 days 15:59:34.240161,1698408,37.41,37.4,1600,5529,-1895,12905
1154,GM,2020-10-22,0 days 15:59:35.240369,1693113,37.41,37.4,3300,1829,5295,-1895
1155,GM,2020-10-22,0 days 15:59:36.240834,1698708,37.41,37.4,2000,5929,-19705,5295
1156,GM,2020-10-22,0 days 15:59:37.240699,1670501,37.39,37.38,4800,1478,28207,-19705
1157,GME,2020-10-22,0 days 15:57:15.255489,158969,14.92,14.91,951,3400,3657,-3043
1158,GME,2020-10-22,0 days 15:59:07.261880,154677,14.93,14.92,4110,200,-16669,2769
1159,GNW,2020-10-22,0 days 15:58:59.261199,346240,3.77,3.76,11625,24974,-2340,2047
1160,GOLD,2020-10-22,0 days 15:58:07.258798,568281,26.87,26.86,23820,10631,-5593,2707
1161,GOLD,2020-10-22,0 days 15:58:08.258706,564314,26.87,26.86,23513,10445,3567,-5593
1162,GOLD,2020-10-22,0 days 15:59:23.252400,569965,26.89,26.88,27589,8200,-142,260
1163,GOLD,2020-10-22,0 days 15:59:42.251578,568907,26.9,26.89,42904,3500,425,-50875
1164,GPK,2020-10-22,0 days 15:55:00.256413,178509,13.89,13.88,14621,23367,46559,-24800
1165,GPK,2020-10-22,0 days 15:57:43.257222,231914,13.91,13.9,3688,28288,5819,-2081
1166,GPK,2020-10-22,0 days 15:59:21.260288,250561,13.9,13.89,37186,10698,-13622,3221
1167,GPK,2020-10-22,0 days 15:59:22.260747,246583,13.9,13.89,36986,10698,3978,-13622
1168,GPK,2020-10-22,0 days 15:59:31.260954,250561,13.9,13.89,28025,13673,-7107,1546
1169,GPS,2020-10-22,0 days 15:55:00.092672,677858,21.26,21.25,2050,3699,-23591,212196
1170,GPS,2020-10-22,0 days 15:58:11.097419,825865,21.11,21.1,2800,2000,12638,-15602
1171,GPS,2020-10-22,0 days 15:58:12.097511,803853,21.11,21.1,2199,2600,-19712,12638
1172,GPS,2020-10-22,0 days 15:58:52.098481,825865,21.11,21.1,5300,1300,11667,-14033
1173,GPS,2020-10-22,0 days 15:58:53.098936,804309,21.12,21.11,3764,3600,-19256,11667
1174,GPS,2020-10-22,0 days 15:59:07.100746,862952,21.16,21.15,300,5500,5024,-26285
1175,GPS,2020-10-22,0 days 15:59:09.099964,842076,21.18,21.17,500,3500,-25098,7592
1176,GPS,2020-10-22,0 days 15:59:21.098565,922632,21.22,21.21,3000,600,12655,-12436
1177,GPS,2020-10-22,0 days 15:59:29.098764,882025,21.21,21.2,2291,900,-15292,20408
1178,GPS,2020-10-22,0 days 15:59:48.100975,897263,21.17,21.16,3493,2602,-11831,5574
1179,GS,2020-10-22,0 days 15:55:00.232242,145560,205.98,205.82,300,212,-2397,25568
1180,GS,2020-10-22,0 days 15:59:39.240922,170138,205.51,205.43,901,300,1140,-887
1181,GS,2020-10-22,0 days 15:59:41.241413,168620,205.49,205.41,900,296,-1475,2025
1182,GSK,2020-10-22,0 days 15:57:38.256704,104499,35.07,35.06,20847,131,-245,755
1183,GSK,2020-10-22,0 days 15:57:40.257155,100744,35.06,35.05,14006,10196,3755,-245
1184,GSK,2020-10-22,0 days 15:59:46.253562,106532,35.08,35.07,7100,14136,-9429,156
1185,GSK,2020-10-22,0 days 15:59:47.252730,105161,35.08,35.07,16756,1634,1371,-9429
1186,HAL,2020-10-22,0 days 15:58:12.258974,404596,13.05,13.04,9403,31752,1323,-2400
1187,HAL,2020-10-22,0 days 15:58:13.259337,395419,13.05,13.04,9403,31652,-7785,1323
1188,HAL,2020-10-22,0 days 15:59:05.262917,369688,13.04,13.03,31241,18207,-7835,1989
1189,HAL,2020-10-22,0 days 15:59:38.260566,390637,13.05,13.04,39053,14581,75752,-9048
1190,HAL,2020-10-22,0 days 15:59:39.260776,387889,13.05,13.04,38453,13781,-2748,75752
1191,HAL,2020-10-22,0 days 15:59:46.260594,388540,13.05,13.04,10975,34068,-3323,10903
1192,HAL,2020-10-22,0 days 15:59:53.260412,391863,13.05,13.04,13163,36775,2677,-84382
1193,HBI,2020-10-22,0 days 15:55:00.233640,298341,17.68,17.67,3292,3669,-125700,100156
1194,HBI,2020-10-22,0 days 15:56:05.235356,423990,17.65,17.64,5608,1504,4000,-10536
1195,HBI,2020-10-22,0 days 15:56:06.235185,413790,17.65,17.64,5208,2553,-10200,4000
1196,HBI,2020-10-22,0 days 15:59:30.243326,478895,17.63,17.61,12881,5100,17222,-5531
1197,HD,2020-10-22,0 days 15:55:08.249960,218065,281.8,281.75,100,100,-1822,375
1198,HD,2020-10-22,0 days 15:55:09.249946,217887,281.75,281.69,200,300,545,-1822
1199,HD,2020-10-22,0 days 15:55:47.254250,233758,281.37,281.3,740,100,-5955,1661
1200,HD,2020-10-22,0 days 15:55:48.253802,232813,281.33,281.24,100,200,1383,-5955
1201,HD,2020-10-22,0 days 15:57:44.256345,249506,281.17,281.1,265,301,-800,3100
1202,HD,2020-10-22,0 days 15:57:45.257137,247406,281.17,281.1,246,501,2100,-800
1203,HD,2020-10-22,0 days 15:57:46.257742,249103,281.25,281.16,253,400,-103,2100
1204,HD,2020-10-22,0 days 15:57:47.257176,247206,281.24,281.16,300,400,2261,-103
1205,HD,2020-10-22,0 days 15:58:09.259352,249487,281.19,281.01,200,100,-713,2102
1206,HD,2020-10-22,0 days 15:58:10.259086,247900,281.17,281.01,100,100,1587,-713
1207,HD,2020-10-22,0 days 15:58:16.259951,249487,281.19,281.07,139,200,-4213,72
1208,HD,2020-10-22,0 days 15:58:17.259087,247900,281.19,281.07,139,200,1587,-4213
1209,HD,2020-10-22,0 days 15:58:29.260122,249451,281.21,281.07,100,100,-2349,2008
1210,HD,2020-10-22,0 days 15:58:31.259919,247700,281.27,281.14,222,200,1348,-652
1211,HD,2020-10-22,0 days 15:59:03.261628,256886,281.02,280.88,159,100,-6485,2734
1212,HD,2020-10-22,0 days 15:59:04.261545,255271,281.05,280.96,100,100,940,-6485
1213,HD,2020-10-22,0 days 15:59:05.262773,255772,281.14,280.98,156,200,-895,940
1214,HD,2020-10-22,0 days 15:59:11.261938,254950,281.03,280.94,100,100,-202,437
1215,HD,2020-10-22,0 days 15:59:12.262679,254852,281.0,280.91,162,628,437,-202
1216,HD,2020-10-22,0 days 15:59:14.262411,254950,281.03,280.91,100,710,-202,137
1217,HD,2020-10-22,0 days 15:59:18.250870,288324,281.02,280.9,100,300,2830,-1770
1218,HD,2020-10-22,0 days 15:59:19.250582,285915,281.02,280.92,100,200,-3769,2830
1219,HD,2020-10-22,0 days 15:59:24.250907,289684,281.03,280.92,100,400,826,-3597
1220,HD,2020-10-22,0 days 15:59:25.252007,287299,281.12,281.0,200,100,-2385,826
1221,HD,2020-10-22,0 days 15:59:27.250697,289235,281.23,280.99,200,200,2525,-7109
1222,HD,2020-10-22,0 days 15:59:28.250831,288297,281.17,280.91,200,400,-938,2525
1223,HD,2020-10-22,0 days 15:59:37.250999,289492,281.16,280.99,550,500,568,-1635
1224,HD,2020-10-22,0 days 15:59:40.252728,266121,281.36,281.21,102,1167,-25684,7917
1225,HD,2020-10-22,0 days 15:59:44.251425,291092,281.21,281.07,400,300,854,-1785
1226,HD,2020-10-22,0 days 15:59:46.253182,291590,281.22,281.12,159,117,-3360,854
1227,HD,2020-10-22,0 days 15:59:49.252507,293150,281.18,281.08,500,100,29776,-640
1228,HD,2020-10-22,0 days 15:59:55.252555,270510,281.29,281.03,100,100,-26142,10531
1229,HEXO,2020-10-22,0 days 15:57:21.236765,4489,0.76,0.75,64617,43705,-2013,2487
1230,HFC,2020-10-22,0 days 15:56:04.234738,192251,19.94,19.93,999,906,118,-341
1231,HFC,2020-10-22,0 days 15:56:05.235285,191469,19.94,19.93,999,1006,-2252,118
1232,HGV,2020-10-22,0 days 15:55:23.306272,70635,23.35,23.34,500,1360,2006,-1094
1233,HGV,2020-10-22,0 days 15:55:24.305109,69841,23.34,23.33,500,100,-794,2006
1234,HGV,2020-10-22,0 days 15:55:39.306412,70635,23.34,23.33,300,1468,1806,-794
1235,HGV,2020-10-22,0 days 15:55:40.306063,70141,23.34,23.33,500,1668,-494,1806
1236,HGV,2020-10-22,0 days 15:55:45.306283,70635,23.34,23.33,300,5800,107,-484
1237,HGV,2020-10-22,0 days 15:55:46.306634,70142,23.34,23.33,300,5900,-493,107
