,Symbol,Timestamp,TIME,iPaired,Ask_P,Bid_P,Ask_S,Bid_S,iShares,PreviShares
0,AA,2020-02-10,0 days 15:56:48.464957,219963,15.37,15.36,14686,15033,-1533,59
1,AA,2020-02-10,0 days 15:56:49.467462,211596,15.37,15.36,14486,15033,8367,-1533
2,AA,2020-02-10,0 days 15:57:19.540954,225239,15.39,15.38,5655,21455,-1823,4543
3,AA,2020-02-10,0 days 15:57:20.543307,218262,15.39,15.38,6455,21568,6977,-1823
4,AA,2020-02-10,0 days 15:59:49.903972,244520,15.41,15.4,9504,23972,896,-2454
5,ABBV,2020-02-10,0 days 15:55:35.199444,594226,94.53,94.52,1328,246,-2284,5066
6,ABBV,2020-02-10,0 days 15:55:36.203054,590867,94.53,94.52,900,246,3359,-2284
7,ABBV,2020-02-10,0 days 15:56:55.392434,597893,94.57,94.56,1222,907,-286,2170
8,ABBV,2020-02-10,0 days 15:56:56.394669,594579,94.57,94.56,1264,1229,3314,-286
9,ABBV,2020-02-10,0 days 15:57:36.491189,630280,94.6,94.59,625,1502,-3021,1379
10,ABBV,2020-02-10,0 days 15:57:37.493950,628717,94.6,94.59,576,1712,1563,-3021
11,ABBV,2020-02-10,0 days 15:59:00.695710,631108,94.58,94.57,1400,717,-9795,1085
12,ABBV,2020-02-10,0 days 15:59:01.697124,616387,94.58,94.57,1900,82,14721,-9795
13,ABBV,2020-02-10,0 days 15:59:04.704980,631108,94.59,94.58,342,839,-2079,2321
14,ABBV,2020-02-10,0 days 15:59:05.708063,628387,94.59,94.58,542,840,2721,-2079
15,ABBV,2020-02-10,0 days 15:59:09.717597,645389,94.61,94.6,1230,800,-2727,20641
16,ABBV,2020-02-10,0 days 15:59:10.720531,647616,94.61,94.6,1433,585,1226,-2727
17,ABBV,2020-02-10,0 days 15:59:16.727097,647548,94.61,94.59,1094,1200,4672,-20692
18,ABBV,2020-02-10,0 days 15:59:17.728905,652220,94.61,94.59,1133,750,-3309,4672
19,ABBV,2020-02-10,0 days 15:59:18.730931,650845,94.6,94.59,291,801,33154,-3309
20,ABBV,2020-02-10,0 days 15:59:19.733271,683999,94.6,94.59,50,701,-23046,33154
21,ABBV,2020-02-10,0 days 15:59:21.738174,680745,94.62,94.6,4737,1031,3254,-2046
22,ABBV,2020-02-10,0 days 15:59:38.780301,768284,94.75,94.72,1512,1500,-853,7871
23,ABBV,2020-02-10,0 days 15:59:39.782125,764832,94.71,94.69,790,710,3452,-853
24,ABBV,2020-02-10,0 days 15:59:40.785156,768284,94.76,94.75,12300,774,-2068,3452
25,ABEV,2020-02-10,0 days 15:55:01.032466,9084904,3.83,3.82,612642,535246,82423,-8595898
26,ABEV,2020-02-10,0 days 15:57:18.359796,9105693,3.82,3.81,764560,255262,-1665,4314
27,ADM,2020-02-10,0 days 15:58:49.660388,195731,45.63,45.62,6830,3227,1497,-412
28,ADM,2020-02-10,0 days 15:59:04.697641,197228,45.63,45.62,5624,4098,-3236,1122
29,ADM,2020-02-10,0 days 15:59:10.712485,197505,45.63,45.62,4235,3865,-832,407
30,ADM,2020-02-10,0 days 15:59:38.780436,213045,45.65,45.64,5380,327,-565,2135
31,ADM,2020-02-10,0 days 15:59:45.798965,212741,45.67,45.66,4496,83,304,-2787
32,ADM,2020-02-10,0 days 15:59:47.802543,213045,45.67,45.66,1716,5749,-763,304
33,AEO,2020-02-10,0 days 15:55:35.608953,82658,14.3,14.29,20388,6046,-161,1098
34,AEO,2020-02-10,0 days 15:55:36.611085,81719,14.3,14.29,18588,5535,939,-161
35,AEO,2020-02-10,0 days 15:56:02.673166,77458,14.3,14.29,18928,7908,-4261,939
36,AEO,2020-02-10,0 days 15:56:03.675358,74519,14.3,14.29,19328,7708,2939,-4261
37,AEO,2020-02-10,0 days 15:56:27.733356,84258,14.3,14.29,20881,9322,-961,1039
38,AEO,2020-02-10,0 days 15:56:28.735965,83319,14.3,14.29,21481,8722,939,-961
39,AEP,2020-02-10,0 days 15:55:01.032870,158852,101.89,101.88,587,16,-706,7294
40,AEP,2020-02-10,0 days 15:57:33.396601,176039,101.85,101.84,302,859,737,-963
41,AEP,2020-02-10,0 days 15:57:34.398594,174476,101.85,101.84,774,859,-1563,737
42,AEP,2020-02-10,0 days 15:57:36.403521,176039,101.85,101.84,899,959,137,-63
43,AEP,2020-02-10,0 days 15:57:37.405918,174776,101.85,101.84,794,1059,-4463,137
44,AEP,2020-02-10,0 days 15:57:42.418146,179239,101.84,101.83,836,842,37,-163
45,AEP,2020-02-10,0 days 15:57:44.423706,176876,101.84,101.83,861,942,-2363,37
46,AEP,2020-02-10,0 days 15:58:31.536803,181361,101.84,101.83,400,808,199,-1
47,AEP,2020-02-10,0 days 15:58:32.539034,179860,101.85,101.84,1062,100,-1501,199
48,AEP,2020-02-10,0 days 15:58:48.577812,176905,101.85,101.84,1125,463,3755,-701
49,AEP,2020-02-10,0 days 15:58:49.580071,175860,101.85,101.84,1125,482,-1045,3755
50,AEP,2020-02-10,0 days 15:59:14.641754,204411,101.9,101.89,246,839,20582,-2004
51,AEP,2020-02-10,0 days 15:59:34.686948,239710,101.94,101.93,204,800,-497,8083
52,AES,2020-02-10,0 days 15:57:12.424237,263172,20.5,20.49,20922,5553,-1234,1169
53,AES,2020-02-10,0 days 15:57:13.426291,260206,20.5,20.49,21691,5137,2966,-1234
54,AES,2020-02-10,0 days 15:58:05.553544,264334,20.49,20.48,33321,9258,1666,-4534
55,AES,2020-02-10,0 days 15:59:02.691550,262024,20.5,20.49,7263,36035,1376,-2224
56,AES,2020-02-10,0 days 15:59:06.702521,263400,20.5,20.49,701,49718,-1290,1301
57,AES,2020-02-10,0 days 15:59:07.705131,262590,20.5,20.49,3996,41215,810,-1290
58,AES,2020-02-10,0 days 15:59:16.724811,279688,20.51,20.5,5213,37239,-9081,16919
59,AES,2020-02-10,0 days 15:59:39.782984,279688,20.52,20.51,36021,10938,-14594,806
60,AES,2020-02-10,0 days 15:59:40.785838,278882,20.52,20.51,36918,10540,806,-14594
61,AFL,2020-02-10,0 days 15:56:39.307742,458491,52.67,52.66,5380,2373,-1048,752
62,AFL,2020-02-10,0 days 15:56:40.310285,450953,52.67,52.66,7735,578,7538,-1048
63,AFL,2020-02-10,0 days 15:58:46.616833,473107,52.68,52.67,3283,7443,-2440,4960
64,AFL,2020-02-10,0 days 15:58:47.618919,464817,52.68,52.67,5643,4931,8290,-2440
65,AFL,2020-02-10,0 days 15:59:00.651851,469903,52.68,52.67,3758,7662,-4811,5086
66,AFL,2020-02-10,0 days 15:59:05.664675,471018,52.68,52.67,8275,2864,1627,-1071
67,AFL,2020-02-10,0 days 15:59:09.674386,465136,52.68,52.67,7270,3436,-5882,1685
68,AFL,2020-02-10,0 days 15:59:10.677406,461108,52.68,52.67,7138,3326,4028,-5882
69,AFL,2020-02-10,0 days 15:59:40.749132,505291,52.71,52.7,3397,5980,-136,1314
70,AFL,2020-02-10,0 days 15:59:49.769542,505542,52.71,52.7,3049,7404,479,-2021
71,AG,2020-02-10,0 days 15:58:41.640829,56498,9.81,9.8,35582,47226,-1957,3374
72,AG,2020-02-10,0 days 15:58:42.643527,54055,9.81,9.8,35882,46926,2443,-1957
73,AG,2020-02-10,0 days 15:59:37.777606,62640,9.83,9.82,51500,12398,-5821,1179
74,AG,2020-02-10,0 days 15:59:38.780391,61761,9.83,9.82,53733,8611,879,-5821
75,AGN,2020-02-10,0 days 15:59:20.674187,1193396,199.55,199.52,10,6,-8735,30331
76,AGN,2020-02-10,0 days 15:59:21.676580,1188731,199.55,199.49,10,113,4665,-8735
77,AGN,2020-02-10,0 days 15:59:28.693578,1193396,199.55,199.5,10,336,-7207,295
78,AGN,2020-02-10,0 days 15:59:36.713253,1194846,199.52,199.5,407,437,-1657,5343
79,AGN,2020-02-10,0 days 15:59:41.725497,1189487,199.59,199.58,4,834,1469,-3031
80,AGN,2020-02-10,0 days 15:59:45.735248,1191056,199.59,199.58,663,914,-3744,1064
81,AGN,2020-02-10,0 days 15:59:46.737363,1187392,199.59,199.58,63,797,3664,-3744
82,AGN,2020-02-10,0 days 15:59:47.739620,1190956,199.6,199.59,457,543,-1836,3664
83,AGN,2020-02-10,0 days 15:59:48.741896,1189892,199.6,199.59,459,343,1064,-1836
84,AIG,2020-02-10,0 days 15:55:00.106183,198697,54.14,54.13,1700,1635,12638,-11740
85,AIG,2020-02-10,0 days 15:55:48.220953,211338,54.11,54.1,1315,3034,-463,1755
86,AIG,2020-02-10,0 days 15:55:49.223237,209801,54.11,54.1,1144,2913,1537,-463
87,AIG,2020-02-10,0 days 15:56:39.343455,218217,54.14,54.13,4205,2059,-3262,1118
88,AIG,2020-02-10,0 days 15:56:40.346043,216536,54.14,54.13,4406,1721,1681,-3262
89,AIG,2020-02-10,0 days 15:57:12.424335,222251,54.12,54.11,1559,2542,-810,2339
90,AIG,2020-02-10,0 days 15:57:13.426430,221561,54.12,54.11,1686,1862,687,-810
91,AIG,2020-02-10,0 days 15:57:37.485326,222691,54.13,54.12,5206,1100,-470,730
92,AIG,2020-02-10,0 days 15:57:38.487435,222161,54.13,54.12,4472,749,530,-470
93,AIG,2020-02-10,0 days 15:57:51.518549,217724,54.12,54.11,2140,1905,563,-1237
94,AIG,2020-02-10,0 days 15:57:54.526124,218315,54.12,54.11,1716,3040,-1209,591
95,AIG,2020-02-10,0 days 15:58:21.592615,221738,54.12,54.11,3441,1014,2032,-3805
96,AIG,2020-02-10,0 days 15:58:22.595323,220870,54.12,54.11,3541,1533,-868,2032
97,AIG,2020-02-10,0 days 15:59:16.725065,248625,54.14,54.13,7149,2123,8752,-33
98,AKS,2020-02-10,0 days 15:59:08.806601,479090,2.97,2.96,189541,226519,-10303,11336
99,AKS,2020-02-10,0 days 15:59:37.874700,508282,2.97,2.96,293636,201548,27964,-1336
100,AKS,2020-02-10,0 days 15:59:38.877144,506946,2.97,2.96,271536,205948,-1336,27964
101,ALB,2020-02-10,0 days 15:56:25.366879,70087,83.25,83.23,232,800,-808,402
102,ALB,2020-02-10,0 days 15:56:26.369569,69695,83.25,83.23,232,800,392,-808
103,ALB,2020-02-10,0 days 15:56:27.373701,70087,83.25,83.23,332,700,-308,392
104,ALB,2020-02-10,0 days 15:56:28.376293,69795,83.25,83.23,242,700,292,-308
105,ALB,2020-02-10,0 days 15:56:50.429306,69353,83.25,83.24,304,97,-542,239
106,ALB,2020-02-10,0 days 15:56:51.431758,69195,83.25,83.23,304,865,158,-542
107,ALB,2020-02-10,0 days 15:57:00.454540,76998,83.23,83.22,105,156,793,-307
108,ALB,2020-02-10,0 days 15:57:37.544877,81066,83.24,83.22,312,525,-71,970
109,ALLY,2020-02-10,0 days 15:55:35.608953,211170,32.62,32.61,1695,6176,15462,-23301
110,ALLY,2020-02-10,0 days 15:55:36.611114,202932,32.62,32.61,2295,6176,-8238,15462
111,ALLY,2020-02-10,0 days 15:59:05.116154,231764,32.63,32.62,2520,11384,2668,-14530
112,ALLY,2020-02-10,0 days 15:59:06.118521,225632,32.64,32.63,9542,3547,-5432,2668
113,ALLY,2020-02-10,0 days 15:59:16.143102,231064,32.63,32.62,4388,7751,60937,-1646
114,ALLY,2020-02-10,0 days 15:59:17.145230,216357,32.65,32.64,4148,11378,-15407,60937
115,ALLY,2020-02-10,0 days 15:59:35.188975,282441,32.64,32.63,9414,1500,8599,-3840
116,AM,2020-02-10,0 days 15:55:00.205070,78832,4.75,4.74,9043,14081,-4008,2445
117,AM,2020-02-10,0 days 15:56:43.452990,84768,4.76,4.75,16878,16050,44,-6256
118,AM,2020-02-10,0 days 15:56:54.480298,84843,4.76,4.75,16085,15525,-3797,44
119,AM,2020-02-10,0 days 15:57:08.514464,94159,4.76,4.75,13985,19225,4433,-1983
120,AM,2020-02-10,0 days 15:57:31.569663,109100,4.76,4.75,15993,23306,-1959,1237
121,AM,2020-02-10,0 days 15:57:32.572267,107659,4.76,4.75,15993,23306,1441,-1959
122,AM,2020-02-10,0 days 15:58:54.772259,118046,4.75,4.74,22898,8599,-746,2384
123,AM,2020-02-10,0 days 15:58:55.774221,116092,4.75,4.74,22298,8599,223,-746
124,AM,2020-02-10,0 days 15:59:04.796780,110320,4.76,4.75,7389,13817,908,-7892
125,AM,2020-02-10,0 days 15:59:06.802153,111228,4.76,4.75,8623,15666,-1199,908
126,AM,2020-02-10,0 days 15:59:07.804316,110527,4.76,4.75,7823,15690,701,-1199
127,AM,2020-02-10,0 days 15:59:27.850227,114109,4.76,4.75,7015,18599,-1490,466
128,AMC,2020-02-10,0 days 15:56:06.185584,49920,6.82,6.81,7218,6212,-49,2779
129,AMC,2020-02-10,0 days 15:56:15.207218,47469,6.82,6.81,7845,8412,2451,-1349
130,AMC,2020-02-10,0 days 15:58:40.557816,55312,6.79,6.78,4663,18439,-457,2243
131,AMC,2020-02-10,0 days 15:58:42.562625,47069,6.79,6.78,4463,17939,2151,-3349
132,AMCR,2020-02-10,0 days 15:55:00.070158,412766,10.81,10.8,25199,45082,13752,-58517
133,AMCR,2020-02-10,0 days 15:55:01.071789,409418,10.81,10.8,27649,45139,-3348,13752
134,AMCR,2020-02-10,0 days 15:55:28.137785,413007,10.81,10.8,33620,44290,650,-50
135,AMCR,2020-02-10,0 days 15:55:30.142304,411057,10.81,10.8,33740,43490,-1950,2250
136,AMCR,2020-02-10,0 days 15:56:12.242868,450048,10.81,10.8,32764,46223,3369,-5231
137,AMCR,2020-02-10,0 days 15:56:13.245025,444817,10.81,10.8,32864,46223,-5231,3369
138,AMCR,2020-02-10,0 days 15:56:53.341617,450048,10.81,10.8,25643,43023,577,-5231
139,AMCR,2020-02-10,0 days 15:56:54.344837,446525,10.81,10.8,33943,42859,-3523,577
140,AMCR,2020-02-10,0 days 15:57:06.374004,451798,10.81,10.8,36190,43439,9062,-5673
141,AMCR,2020-02-10,0 days 15:57:07.376723,447760,10.81,10.8,36290,43439,-4038,9062
142,AMCR,2020-02-10,0 days 15:57:32.436171,441022,10.81,10.8,33182,43075,15384,-1257
143,AMCR,2020-02-10,0 days 15:57:33.439745,439006,10.81,10.8,33482,42875,-2016,15384
144,AMCR,2020-02-10,0 days 15:58:26.569792,458638,10.81,10.8,40466,43647,16887,-3713
145,AMCR,2020-02-10,0 days 15:58:27.571009,454325,10.81,10.8,40566,43247,-4313,16887
146,AMCR,2020-02-10,0 days 15:59:15.689297,519830,10.81,10.8,41874,39081,38740,-12370
147,AMCR,2020-02-10,0 days 15:59:16.691370,515770,10.81,10.8,40574,40679,-4060,38740
148,AMCR,2020-02-10,0 days 15:59:19.696475,519830,10.81,10.8,40619,38579,3382,-4060
149,AMCR,2020-02-10,0 days 15:59:20.698612,516312,10.81,10.8,35360,39307,-3518,3382
150,AMCR,2020-02-10,0 days 15:59:32.728232,520025,10.81,10.8,53936,44070,8853,-948
151,AMCR,2020-02-10,0 days 15:59:33.730765,506678,10.81,10.8,53230,41970,-13347,8853
152,AMH,2020-02-10,0 days 15:56:27.254170,83653,28.26,28.25,4318,6979,-15,1445
153,AMH,2020-02-10,0 days 15:57:07.351405,80084,28.26,28.25,3921,7897,3569,-531
154,AMH,2020-02-10,0 days 15:59:07.642827,86126,28.29,28.28,1039,13408,-10700,4207
155,AMH,2020-02-10,0 days 15:59:08.645224,84526,28.29,28.28,1139,12994,1600,-10700
156,AMH,2020-02-10,0 days 15:59:13.657993,86126,28.29,28.28,3232,11470,-3901,1600
157,AMH,2020-02-10,0 days 15:59:14.659795,84427,28.29,28.28,10101,4442,1699,-3901
158,AMH,2020-02-10,0 days 15:59:41.725394,87111,28.31,28.3,13629,704,135,-1465
159,APA,2020-02-10,0 days 15:56:56.803037,187710,27.93,27.92,2904,7325,-1698,5802
160,APA,2020-02-10,0 days 15:56:57.805452,183008,27.93,27.92,2604,7825,4702,-1698
161,APA,2020-02-10,0 days 15:59:10.127291,195634,27.94,27.93,5241,6735,-685,2306
162,APA,2020-02-10,0 days 15:59:15.139441,196319,27.94,27.93,3487,9244,4613,-685
163,APA,2020-02-10,0 days 15:59:50.225540,203866,27.97,27.96,6107,5870,2251,-49
164,APHA,2020-02-10,0 days 15:57:20.503526,17883,4.11,4.1,76803,58133,3360,-325
165,APHA,2020-02-10,0 days 15:59:17.789391,21243,4.11,4.1,76391,79444,-4556,678
166,APO,2020-02-10,0 days 15:56:13.699532,541134,46.55,46.53,200,1432,-3550,1650
167,APO,2020-02-10,0 days 15:56:14.701962,537584,46.55,46.53,200,1432,3550,-3550
168,APO,2020-02-10,0 days 15:57:33.893645,541620,46.58,46.56,1100,1110,-831,969
169,APO,2020-02-10,0 days 15:57:34.895952,538451,46.58,46.56,1100,1110,3169,-831
170,APO,2020-02-10,0 days 15:59:13.135392,540435,46.59,46.57,2388,1290,-493,2954
171,APO,2020-02-10,0 days 15:59:18.146956,541028,46.59,46.58,2188,714,1792,-493
172,APO,2020-02-10,0 days 15:59:20.152389,542820,46.6,46.58,1800,1009,-919,1578
173,APO,2020-02-10,0 days 15:59:22.157273,538186,46.6,46.58,1895,1009,4634,-919
174,APO,2020-02-10,0 days 15:59:34.187497,539890,46.64,46.62,1500,2979,1630,-1670
175,APO,2020-02-10,0 days 15:59:35.189005,541520,46.64,46.62,1200,699,-2906,1630
176,APO,2020-02-10,0 days 15:59:50.226795,540776,46.61,46.58,700,500,2044,-2856
177,AR,2020-02-10,0 days 15:58:41.640407,451201,1.69,1.68,258894,174411,45450,-14063
178,AR,2020-02-10,0 days 15:58:42.642948,446138,1.69,1.68,295174,171511,-663,45450
179,AR,2020-02-10,0 days 15:59:01.689075,451502,1.69,1.68,291574,175211,59818,-76282
180,AR,2020-02-10,0 days 15:59:02.691508,445820,1.69,1.68,291974,171511,-5682,59818
181,AR,2020-02-10,0 days 15:59:20.734871,472877,1.69,1.68,285174,197088,10658,-26342
182,AR,2020-02-10,0 days 15:59:21.737554,465735,1.69,1.68,285474,195988,-7142,10658
183,ARMK,2020-02-10,0 days 15:59:08.767307,157191,40.64,40.63,400,400,-25030,6195
184,ARMK,2020-02-10,0 days 15:59:09.769993,121021,40.64,40.63,400,145,36170,-25030
185,ARMK,2020-02-10,0 days 15:59:10.772412,157387,40.66,40.64,1012,644,-1880,36170
186,ARMK,2020-02-10,0 days 15:59:11.775401,149127,40.66,40.64,558,822,8660,-1880
187,ARMK,2020-02-10,0 days 15:59:13.779649,157787,40.65,40.64,208,992,-303,4606
188,ARMK,2020-02-10,0 days 15:59:21.799198,157799,40.66,40.64,700,900,-3330,1270
189,ARMK,2020-02-10,0 days 15:59:22.801974,155029,40.67,40.66,1720,136,1970,-3330
190,ARMK,2020-02-10,0 days 15:59:29.819238,160715,40.65,40.63,700,450,-3455,11954
191,ARMK,2020-02-10,0 days 15:59:30.821509,152770,40.65,40.63,700,400,7945,-3455
192,ARMK,2020-02-10,0 days 15:59:42.850631,212989,40.67,40.64,447,1088,-2830,7027
193,ARMK,2020-02-10,0 days 15:59:45.859202,205073,40.63,40.62,1516,522,15259,-2830
194,ARMK,2020-02-10,0 days 15:59:47.862810,221162,40.66,40.63,600,951,-926,3244
195,ARMK,2020-02-10,0 days 15:59:50.870293,184334,40.67,40.66,1448,397,32188,-2812
196,ATUS,2020-02-10,0 days 15:55:18.566930,209513,28.09,28.08,2108,5200,1116,-9667
197,ATUS,2020-02-10,0 days 15:55:19.570079,201029,28.09,28.08,2108,5300,-8484,1116
198,ATUS,2020-02-10,0 days 15:56:08.686799,217413,28.08,28.07,5002,3500,338,-6062
199,ATUS,2020-02-10,0 days 15:56:09.689755,212730,28.08,28.07,5202,3400,-4683,338
200,ATUS,2020-02-10,0 days 15:57:38.905578,219825,28.1,28.09,5461,8191,6254,-146
201,ATUS,2020-02-10,0 days 15:57:39.908194,213479,28.1,28.09,5461,8091,-6346,6254
202,ATUS,2020-02-10,0 days 15:59:30.179874,218015,28.12,28.11,10080,7644,5001,-1666
203,ATUS,2020-02-10,0 days 15:59:34.187235,240015,28.11,28.1,10092,6680,20487,-2699
204,AU,2020-02-10,0 days 15:56:59.392351,52264,19.75,19.74,4215,15862,-1108,2492
205,AU,2020-02-10,0 days 15:57:04.404979,53372,19.75,19.74,6415,14004,721,-1108
206,AU,2020-02-10,0 days 15:57:35.480035,54479,19.75,19.74,7082,15862,-1665,1047
207,AUY,2020-02-10,0 days 15:59:38.841703,189217,3.92,3.91,156385,540662,-2898,2802
208,AVYA,2020-02-10,0 days 15:59:06.640700,167043,12.86,12.85,2211,27365,20810,-2701
209,AVYA,2020-02-10,0 days 15:59:07.642877,165253,12.86,12.85,700,27685,-1790,20810
210,AVYA,2020-02-10,0 days 15:59:24.683797,169831,12.87,12.86,6722,3948,394,-2090
211,AXP,2020-02-10,0 days 15:55:58.255343,177510,132.12,132.1,620,105,3144,-221
212,AXP,2020-02-10,0 days 15:56:06.275455,180654,132.15,132.11,1043,601,-477,2644
213,AXP,2020-02-10,0 days 15:56:07.277359,177796,132.13,132.11,85,711,2858,-477
214,AXP,2020-02-10,0 days 15:56:10.285745,180654,132.15,132.12,1356,400,-1278,1943
215,AXP,2020-02-10,0 days 15:56:11.286947,178332,132.13,132.11,385,251,2322,-1278
216,AXP,2020-02-10,0 days 15:57:18.449550,181381,132.15,132.14,896,1000,1749,-151
217,AXP,2020-02-10,0 days 15:58:48.668496,192512,132.12,132.1,529,657,-2869,468
218,AXP,2020-02-10,0 days 15:58:49.670971,190181,132.12,132.1,729,657,2331,-2869
219,AXP,2020-02-10,0 days 15:59:01.699512,189912,132.16,132.14,5212,200,-469,1731
220,AXP,2020-02-10,0 days 15:59:05.708957,186003,132.16,132.14,3913,310,4149,-1251
221,AXP,2020-02-10,0 days 15:59:06.711379,190152,132.16,132.14,3564,566,-10138,4149
222,AXP,2020-02-10,0 days 15:59:07.713701,183590,132.14,132.13,200,500,6562,-10138
223,AXP,2020-02-10,0 days 15:59:12.725568,192096,132.12,132.11,686,428,-640,2460
224,AXP,2020-02-10,0 days 15:59:15.736995,209752,132.15,132.12,564,1062,3739,-21671
225,AXP,2020-02-10,0 days 15:59:48.813123,216964,132.16,132.15,3497,200,1107,-993
226,AXTA,2020-02-10,0 days 15:55:00.204987,113097,28.7,28.69,9616,5217,77258,-36778
227,AXTA,2020-02-10,0 days 15:59:36.872317,200496,28.78,28.77,5000,4715,-1275,2422
228,AXTA,2020-02-10,0 days 15:59:41.884917,199171,28.79,28.78,2200,11661,625,-2875
229,BA,2020-02-10,0 days 15:58:15.996068,144348,344.76,344.74,317,310,-408,3592
230,BA,2020-02-10,0 days 15:58:16.998441,141856,344.76,344.74,258,404,2492,-408
231,BA,2020-02-10,0 days 15:59:06.118474,144083,344.76,344.72,8,100,-4118,1954
232,BA,2020-02-10,0 days 15:59:07.120896,143001,344.76,344.71,6,312,1082,-4118
233,BA,2020-02-10,0 days 15:59:10.128205,143648,344.81,344.77,47,562,-597,1067
234,BA,2020-02-10,0 days 15:59:11.130671,142645,344.81,344.77,47,572,1003,-597
235,BA,2020-02-10,0 days 15:59:18.146921,158079,344.82,344.78,286,3,-539,74
236,BA,2020-02-10,0 days 15:59:23.159450,156733,344.83,344.8,65,490,1380,-1120
237,BA,2020-02-10,0 days 15:59:47.217985,159142,344.76,344.73,400,20,-596,2278
238,BA,2020-02-10,0 days 15:59:48.220172,158838,344.77,344.67,315,600,304,-596
239,BABA,2020-02-10,0 days 15:59:16.726508,1463849,215.21,215.15,1,85,341680,-114278
240,BAC,2020-02-10,0 days 15:55:00.205016,1425020,34.59,34.58,63125,80418,102043,-129065
241,BAC,2020-02-10,0 days 15:55:01.206829,1412363,34.6,34.59,139191,84009,-8146,102043
242,BAC,2020-02-10,0 days 15:55:20.254167,1420514,34.59,34.58,164228,39240,54349,-8151
243,BAC,2020-02-10,0 days 15:55:21.256493,1412563,34.59,34.58,177330,12108,-6345,54349
244,BAC,2020-02-10,0 days 15:55:27.270309,1418908,34.58,34.57,185854,42326,25011,-44831
245,BAC,2020-02-10,0 days 15:55:36.292471,1423125,34.58,34.57,70568,89671,32940,-42920
246,BAC,2020-02-10,0 days 15:57:37.584217,1527355,34.63,34.62,71910,143046,-6937,1263
247,BAC,2020-02-10,0 days 15:57:43.599102,1534292,34.63,34.62,113241,44986,33863,-6937
248,BAC,2020-02-10,0 days 15:59:06.802126,1598713,34.64,34.63,15045,234958,69215,-950
249,BAC,2020-02-10,0 days 15:59:40.882374,2047631,34.67,34.66,84940,171489,-447,2592
250,BAC,2020-02-10,0 days 15:59:48.901338,2056340,34.67,34.66,51229,169531,25391,-13903
251,BAX,2020-02-10,0 days 15:55:01.032425,126999,91.3,91.28,141,1569,-21268,26211
252,BAX,2020-02-10,0 days 15:56:27.236491,154581,91.34,91.33,400,462,1498,-1329
253,BAX,2020-02-10,0 days 15:56:28.238709,152979,91.34,91.33,500,628,-1602,1498
254,BAX,2020-02-10,0 days 15:56:57.308873,157249,91.38,91.37,700,200,8501,-499
255,BAX,2020-02-10,0 days 15:56:58.311760,156850,91.38,91.37,138,1004,-399,8501
256,BAX,2020-02-10,0 days 15:57:00.316680,157749,91.38,91.37,99,1506,2035,-365
257,BAX,2020-02-10,0 days 15:57:01.318984,157584,91.37,91.36,183,1091,-165,2035
258,BAX,2020-02-10,0 days 15:57:36.403471,159297,91.35,91.34,1797,1343,961,-139
259,BAX,2020-02-10,0 days 15:57:37.405837,159158,91.35,91.34,2097,1343,-39,961
260,BAX,2020-02-10,0 days 15:57:39.410739,159297,91.35,91.34,2204,1535,161,-939
261,BAX,2020-02-10,0 days 15:57:40.412792,159158,91.35,91.34,1904,1635,-39,161
262,BAX,2020-02-10,0 days 15:59:03.614381,164577,91.35,91.34,937,1230,193,-267
263,BAX,2020-02-10,0 days 15:59:04.616634,166170,91.34,91.33,86,800,-6758,193
264,BAX,2020-02-10,0 days 15:59:13.639785,173251,91.34,91.33,305,500,3077,-762
265,BAX,2020-02-10,0 days 15:59:16.646058,183051,91.33,91.31,383,466,-601,3200
266,BAX,2020-02-10,0 days 15:59:18.650850,183652,91.33,91.3,800,410,261,-335
267,BAX,2020-02-10,0 days 15:59:19.653200,183113,91.33,91.3,800,1100,-439,261
268,BAX,2020-02-10,0 days 15:59:31.683397,187613,91.29,91.27,200,1053,-372,1281
269,BAX,2020-02-10,0 days 15:59:33.683802,187985,91.29,91.27,100,915,128,-172
270,BAX,2020-02-10,0 days 15:59:55.735085,191513,91.26,91.24,1976,2474,-1995,1005
271,BBD,2020-02-10,0 days 15:59:04.661472,277633,7.85,7.84,616095,188931,9298,-25983
272,BBD,2020-02-10,0 days 15:59:22.703928,317800,7.85,7.84,641133,136441,-90933,8004
273,BBD,2020-02-10,0 days 15:59:42.753289,411514,7.85,7.84,668352,129826,35122,-3978
274,BBVA,2020-02-10,0 days 15:59:36.713253,76666,5.69,5.68,82138,530998,-8818,29651
275,BCS,2020-02-10,0 days 15:55:00.115577,14381,9.1,9.09,39196,91401,-6033,608
276,BCS,2020-02-10,0 days 15:58:51.675625,20545,9.1,9.09,92813,145632,5455,-1892
277,BDX,2020-02-10,0 days 15:56:53.377326,114647,251.88,251.84,101,305,-502,4098
278,BDX,2020-02-10,0 days 15:56:54.380020,111112,251.88,251.84,805,305,3535,-502
279,BDX,2020-02-10,0 days 15:57:42.497407,117993,251.73,251.72,100,200,-386,114
280,BDX,2020-02-10,0 days 15:57:43.499473,115879,251.73,251.72,100,300,2114,-386
281,BDX,2020-02-10,0 days 15:59:17.727659,123200,251.73,251.66,530,617,-99,2113
282,BDX,2020-02-10,0 days 15:59:18.730690,123794,251.73,251.66,517,681,13,-99
283,BDX,2020-02-10,0 days 15:59:35.773976,137144,251.78,251.68,1216,1100,-2796,2643
284,BDX,2020-02-10,0 days 15:59:36.775786,136040,251.78,251.68,3170,200,1104,-2796
285,BDX,2020-02-10,0 days 15:59:38.780447,137244,251.78,251.7,3220,50,-3213,1104
286,BDX,2020-02-10,0 days 15:59:39.783185,136257,251.78,251.7,3234,50,987,-3213
287,BDX,2020-02-10,0 days 15:59:42.790361,137244,251.77,251.71,782,100,-256,987
288,BDX,2020-02-10,0 days 15:59:49.806868,136907,251.78,251.75,1453,164,537,-702
289,BEN,2020-02-10,0 days 15:59:11.130641,430046,25.55,25.54,3600,14691,637,-4095
290,BEN,2020-02-10,0 days 15:59:13.135355,429892,25.55,25.54,2081,16496,-332,605
291,BEN,2020-02-10,0 days 15:59:16.142972,430224,25.55,25.54,19087,14857,151211,-1323
292,BHC,2020-02-10,0 days 15:55:05.125929,24725,28.19,28.18,2929,1510,4003,-197
293,BHC,2020-02-10,0 days 15:55:45.223661,22841,28.18,28.17,939,4197,-1884,516
294,BHC,2020-02-10,0 days 15:55:53.242736,30725,28.18,28.17,1700,4618,1016,-184
295,BHC,2020-02-10,0 days 15:59:25.747980,34284,28.2,28.19,4940,1900,345,-55
296,BHC,2020-02-10,0 days 15:59:34.770448,34629,28.2,28.19,5647,4073,-4355,945
297,BHC,2020-02-10,0 days 15:59:35.772557,34584,28.2,28.19,6387,2507,58,-4355
298,BHC,2020-02-10,0 days 15:59:41.786581,34642,28.2,28.19,4745,6922,-12942,764
299,BHP,2020-02-10,0 days 15:55:39.618037,50260,51.03,51.02,2273,3669,548,-1888
300,BHP,2020-02-10,0 days 15:55:40.621012,47208,51.03,51.02,1773,3869,-3052,548
301,BHP,2020-02-10,0 days 15:56:25.728649,52760,51.04,51.03,5309,4367,10,-1086
302,BHP,2020-02-10,0 days 15:56:55.801212,50034,51.04,51.03,4650,5851,-2726,674
303,BHP,2020-02-10,0 days 15:59:13.135375,53262,51.06,51.05,6059,2854,335,-4152
304,BHP,2020-02-10,0 days 15:59:20.152307,48796,51.06,51.05,3570,4979,-4166,735
305,BHP,2020-02-10,0 days 15:59:26.166661,54701,51.06,51.05,6111,1900,47,-753
306,BHP,2020-02-10,0 days 15:59:45.213332,53680,51.06,51.05,3201,7762,-1021,1679
307,BHVN,2020-02-10,0 days 15:50:01.399902,19404,47.18,47.11,406,102,10082,-9386
308,BHVN,2020-02-10,0 days 15:50:27.462580,29586,47.1,47.04,931,201,-8686,9882
309,BHVN,2020-02-10,0 days 15:50:43.500829,19404,47.08,47.04,602,300,10382,-8486
310,BHVN,2020-02-10,0 days 15:50:46.507482,29586,47.1,47.07,500,200,-8686,10382
311,BHVN,2020-02-10,0 days 15:51:30.612526,29986,47.03,46.95,502,301,-8286,11182
312,BHVN,2020-02-10,0 days 15:52:24.741060,29186,47.17,47.11,300,190,-9086,9782
313,BHVN,2020-02-10,0 days 15:54:42.070312,19404,47.11,47.07,260,190,10282,-8486
314,BHVN,2020-02-10,0 days 15:54:59.111620,28786,47.32,47.18,102,100,-9486,10282
315,BHVN,2020-02-10,0 days 15:55:28.182301,37486,47.12,47.04,300,90,-800,18382
316,BHVN,2020-02-10,0 days 15:55:35.199392,38286,47.12,47.03,400,700,205,-800
317,BK,2020-02-10,0 days 15:55:00.113917,504626,46.44,46.43,4253,1019,8439,-91069
318,BK,2020-02-10,0 days 15:55:01.116155,499292,46.44,46.43,1434,6270,-5334,8439
319,BK,2020-02-10,0 days 15:55:20.163240,504626,46.43,46.42,5205,6433,4266,-5234
320,BK,2020-02-10,0 days 15:55:21.165455,499692,46.42,46.41,4250,7182,-4834,4266
321,BK,2020-02-10,0 days 15:56:39.353720,507954,46.43,46.42,7782,900,20325,-3475
322,BK,2020-02-10,0 days 15:56:40.355904,505879,46.43,46.42,6742,1381,-2075,20325
323,BK,2020-02-10,0 days 15:57:03.412364,510643,46.42,46.41,5033,9636,1504,-1036
324,BK,2020-02-10,0 days 15:57:04.414647,508947,46.42,46.41,5433,8636,-1696,1504
325,BK,2020-02-10,0 days 15:57:19.451197,514445,46.43,46.42,5400,5627,1131,-2486
326,BK,2020-02-10,0 days 15:57:20.453659,512776,46.43,46.42,6001,4527,-1669,1131
327,BK,2020-02-10,0 days 15:57:33.485095,514445,46.43,46.42,3318,8795,2359,-1241
328,BK,2020-02-10,0 days 15:57:34.487182,512804,46.43,46.42,3218,9280,-1641,2359
329,BK,2020-02-10,0 days 15:57:54.534388,514445,46.43,46.42,3709,6655,286,-1314
330,BK,2020-02-10,0 days 15:58:22.602979,514445,46.43,46.42,8163,4973,2638,-1862
331,BK,2020-02-10,0 days 15:58:23.605097,512583,46.43,46.42,10081,3475,-1862,2638
332,BK,2020-02-10,0 days 15:58:36.636740,514445,46.43,46.42,10988,3305,6238,-162
333,BK,2020-02-10,0 days 15:58:37.639461,514283,46.43,46.42,10788,3298,-162,6238
334,BKR,2020-02-10,0 days 15:57:05.418509,459245,22.15,22.14,4997,10174,-6646,2954
335,BKR,2020-02-10,0 days 15:57:06.421175,455991,22.15,22.14,4669,9374,3254,-6646
336,BKR,2020-02-10,0 days 15:58:19.598267,462428,22.14,22.13,17266,13734,-908,3292
337,BKR,2020-02-10,0 days 15:58:29.622578,462428,22.14,22.13,19540,15122,-6408,3292
338,BKR,2020-02-10,0 days 15:58:30.625374,459136,22.14,22.13,20641,14822,3292,-6408
339,BKR,2020-02-10,0 days 15:58:39.646885,462428,22.14,22.13,20407,15150,-5008,3292
340,BKR,2020-02-10,0 days 15:58:40.649099,459936,22.14,22.13,18608,16898,2492,-5008
341,BKR,2020-02-10,0 days 15:59:14.731204,480221,22.14,22.13,18038,16685,-9761,17225
342,BKR,2020-02-10,0 days 15:59:15.736995,476982,22.14,22.13,20674,17744,3239,-9761
343,BKR,2020-02-10,0 days 15:59:51.820621,483125,22.16,22.15,12979,17106,-9402,2630
344,BLL,2020-02-10,0 days 15:56:44.276939,135154,76.73,76.71,351,750,-1138,8013
345,BLL,2020-02-10,0 days 15:56:45.279845,131892,76.71,76.68,612,250,3262,-1138
346,BLL,2020-02-10,0 days 15:57:09.338697,145880,76.76,76.74,636,400,-3859,9141
347,BLL,2020-02-10,0 days 15:57:10.340872,142939,76.73,76.7,130,650,2941,-3859
348,BLL,2020-02-10,0 days 15:57:21.367353,136765,76.7,76.68,724,400,-7937,1178
349,BLL,2020-02-10,0 days 15:57:22.369502,135018,76.69,76.65,684,576,1747,-7937
350,BLL,2020-02-10,0 days 15:58:50.583204,149349,76.68,76.62,20,728,-8195,5980
351,BLL,2020-02-10,0 days 15:58:51.585293,145644,76.68,76.62,20,751,3705,-8195
352,BLL,2020-02-10,0 days 15:59:16.646198,162470,76.69,76.66,224,137,-8190,2597
353,BLL,2020-02-10,0 days 15:59:17.648411,159660,76.69,76.66,613,136,2810,-8190
354,BLL,2020-02-10,0 days 15:59:25.668035,166078,76.72,76.69,183,250,-1159,207
355,BLL,2020-02-10,0 days 15:59:26.670629,163687,76.72,76.69,493,257,2391,-1159
356,BLL,2020-02-10,0 days 15:59:29.678459,165278,76.76,76.7,3018,151,-126,1274
357,BLL,2020-02-10,0 days 15:59:30.680504,163374,76.64,76.63,100,4,2804,-126
358,BLL,2020-02-10,0 days 15:59:36.695879,166078,76.68,76.62,620,508,-400,1510
359,BLL,2020-02-10,0 days 15:59:37.694274,165078,76.65,76.62,860,308,1100,-400
360,BLL,2020-02-10,0 days 15:59:40.702051,171530,76.62,76.59,100,474,-1434,452
361,BLL,2020-02-10,0 days 15:59:43.709968,170129,76.62,76.6,100,350,1401,-3299
362,BLL,2020-02-10,0 days 15:59:44.711116,171530,76.62,76.58,200,4015,-122,1401
363,BLL,2020-02-10,0 days 15:59:49.721231,170123,76.61,76.58,100,2996,1407,-1293
364,BMY,2020-02-10,0 days 15:56:13.699482,931913,66.99,66.98,2503,3128,-5643,3557
365,BMY,2020-02-10,0 days 15:56:14.701883,915095,66.98,66.97,2100,1344,16818,-5643
366,BMY,2020-02-10,0 days 15:57:34.895919,954621,67.01,67.0,3957,7400,-17031,169
367,BMY,2020-02-10,0 days 15:57:35.898333,950052,67.01,67.0,3957,6182,4569,-17031
368,BMY,2020-02-10,0 days 15:57:52.939765,954621,67.0,66.99,2399,13968,-831,469
369,BMY,2020-02-10,0 days 15:57:54.944486,950460,67.0,66.99,7350,5684,4161,-3931
370,BMY,2020-02-10,0 days 15:57:59.956734,954621,67.0,66.99,5958,9245,-1339,3961
371,BMY,2020-02-10,0 days 15:58:00.960223,950660,67.0,66.99,7687,7690,3961,-1339
372,BMY,2020-02-10,0 days 15:58:14.993860,959020,66.98,66.97,3402,2493,-3770,7430
373,BMY,2020-02-10,0 days 15:58:15.996068,953490,66.98,66.97,4995,2494,5530,-3770
374,BMY,2020-02-10,0 days 15:58:23.013097,959020,66.99,66.98,3091,3200,-1270,3430
375,BMY,2020-02-10,0 days 15:58:24.015508,955590,66.99,66.98,3291,3794,3430,-1270
376,BMY,2020-02-10,0 days 15:58:36.044119,960320,66.98,66.97,3829,3178,-770,4730
377,BMY,2020-02-10,0 days 15:58:37.047101,955390,66.98,66.97,4829,2713,4930,-770
378,BMY,2020-02-10,0 days 15:58:53.085508,956240,67.0,66.99,5900,3462,4349,-8951
379,BMY,2020-02-10,0 days 15:59:02.108113,960589,67.0,66.99,9720,8030,-10779,3400
380,BMY,2020-02-10,0 days 15:59:33.184221,1073810,67.01,67.0,12906,1416,-23417,8540
381,BMY,2020-02-10,0 days 15:59:34.187356,1062171,67.0,66.99,7092,628,11639,-23417
382,BMY,2020-02-10,0 days 15:59:36.191416,1082459,66.96,66.95,11357,20945,-70637,11639
383,BOX,2020-02-10,0 days 15:59:35.869659,1165245,15.68,15.67,12028,2529,-62110,79280
384,BP,2020-02-10,0 days 15:55:11.190308,143071,36.17,36.16,59362,29058,5618,-3282
385,BP,2020-02-10,0 days 15:55:12.192924,139789,36.17,36.16,58463,27358,-3282,5618
386,BP,2020-02-10,0 days 15:56:47.422118,154214,36.17,36.16,60962,26028,4886,-4514
387,BP,2020-02-10,0 days 15:56:48.424957,150400,36.17,36.16,24845,53717,-3814,4886
388,BP,2020-02-10,0 days 15:57:12.483995,156886,36.2,36.19,22319,43025,4026,-4274
389,BP,2020-02-10,0 days 15:57:13.486247,152912,36.2,36.19,16697,50046,-3974,4026
390,BP,2020-02-10,0 days 15:57:17.495946,156886,36.2,36.19,19997,54521,12526,-3974
391,BP,2020-02-10,0 days 15:57:18.498383,152912,36.2,36.19,21227,41921,-3974,12526
392,BP,2020-02-10,0 days 15:58:38.693251,160086,36.19,36.18,75323,11569,3986,-4714
393,BP,2020-02-10,0 days 15:58:39.695786,155372,36.19,36.18,75023,12769,-4714,3986
394,BP,2020-02-10,0 days 15:59:40.846293,193560,36.21,36.2,10222,50677,14162,-2738
395,BP,2020-02-10,0 days 15:59:41.848361,180522,36.21,36.2,8421,53956,-13054,14162
396,BP,2020-02-10,0 days 15:59:45.859301,193576,36.21,36.2,10099,46732,951,-1303
397,BP,2020-02-10,0 days 15:59:46.861130,162527,36.21,36.2,6503,49808,-31049,951
398,BP,2020-02-10,0 days 15:59:47.862939,193576,36.21,36.2,8172,45332,365,-31049
399,BP,2020-02-10,0 days 15:59:49.867964,190075,36.21,36.2,14203,43090,-3501,499
400,BRFS,2020-02-10,0 days 15:59:07.765134,60747,7.15,7.14,109117,12043,-5089,2227
401,BRFS,2020-02-10,0 days 15:59:08.767392,49936,7.14,7.13,88548,28100,10811,-5089
402,BRFS,2020-02-10,0 days 15:59:09.770095,62047,7.14,7.13,101796,29909,-89,10811
403,BRK.B,2020-02-10,0 days 15:59:12.654533,382910,226.89,226.87,900,1007,-972,2615
404,BRK.B,2020-02-10,0 days 15:59:15.662113,380380,226.9,226.89,3004,125,2530,-1070
405,BRK.B,2020-02-10,0 days 15:59:18.669088,382910,226.9,226.89,3011,431,-311,1101
406,BRK.B,2020-02-10,0 days 15:59:23.680778,384027,226.9,226.89,2670,1298,7042,-711
407,BRK.B,2020-02-10,0 days 15:59:31.700947,381227,226.98,226.96,800,537,5676,-1424
408,BRX,2020-02-10,0 days 15:55:30.596665,136050,21.29,21.28,5810,9596,14275,-6725
409,BRX,2020-02-10,0 days 15:55:31.598718,131225,21.29,21.28,5641,9596,-4825,14275
410,BRX,2020-02-10,0 days 15:59:29.174484,144967,21.33,21.32,10994,9417,-2312,2188
411,BSBR,2020-02-10,0 days 15:59:13.818981,47279,9.87,9.86,40583,15487,-317,759
412,BSBR,2020-02-10,0 days 15:59:26.847506,46669,9.87,9.86,43812,13125,1754,-390
413,BSX,2020-02-10,0 days 15:55:02.048192,439789,42.12,42.11,1500,7713,-12468,3732
414,BSX,2020-02-10,0 days 15:59:05.636676,600253,42.14,42.13,1429,6142,14751,-23469
415,BSX,2020-02-10,0 days 15:59:06.639142,586604,42.15,42.14,7611,3237,-10582,14751
416,BSX,2020-02-10,0 days 15:59:13.656412,596108,42.17,42.16,1163,10700,132406,-4467
417,BTU,2020-02-10,0 days 15:57:38.545080,162211,8.31,8.3,13392,9124,-2408,792
418,BTU,2020-02-10,0 days 15:57:39.547225,156819,8.31,8.3,14692,8861,5392,-2408
419,BTU,2020-02-10,0 days 15:58:19.644761,180019,8.31,8.3,18628,10991,-12100,7200
420,BTU,2020-02-10,0 days 15:58:20.647387,173719,8.31,8.3,18392,10891,6300,-12100
421,BTU,2020-02-10,0 days 15:59:01.747005,164132,8.31,8.3,17143,12980,-15087,800
422,BTU,2020-02-10,0 days 15:59:02.749464,144019,8.31,8.3,17143,12980,20113,-15087
423,BWA,2020-02-10,0 days 15:56:26.321371,217119,33.22,33.21,3159,6760,-2509,1831
424,BWA,2020-02-10,0 days 15:56:42.360842,220128,33.24,33.23,2709,3096,497,-503
425,BWA,2020-02-10,0 days 15:56:43.362968,219825,33.24,33.23,3009,2296,-303,497
426,BWA,2020-02-10,0 days 15:56:58.399856,220128,33.23,33.22,5228,8348,824,-1343
427,BWA,2020-02-10,0 days 15:57:08.423804,219176,33.23,33.22,5034,6297,-1200,1666
428,BWA,2020-02-10,0 days 15:57:51.526891,221038,33.21,33.2,2110,3454,2209,-1491
429,BWA,2020-02-10,0 days 15:57:52.529188,219247,33.23,33.22,3360,910,-2791,2209
430,BWA,2020-02-10,0 days 15:57:53.531953,222038,33.23,33.22,3330,459,309,-2791
431,BWA,2020-02-10,0 days 15:57:54.534203,221747,33.23,33.22,3330,559,-291,309
432,BWA,2020-02-10,0 days 15:57:57.541570,222038,33.23,33.22,2802,1359,149,-291
433,BWA,2020-02-10,0 days 15:57:58.543942,221787,33.23,33.22,2105,2259,-251,149
434,BWA,2020-02-10,0 days 15:58:04.559799,222038,33.23,33.22,2607,2353,317,-251
435,BWA,2020-02-10,0 days 15:59:29.757130,230173,33.25,33.24,3996,2226,7262,-231
436,BWA,2020-02-10,0 days 15:59:30.759773,229442,33.25,33.24,2512,2666,-431,7262
437,BX,2020-02-10,0 days 15:56:59.331824,449963,64.1,64.09,2067,600,-5784,1416
438,BX,2020-02-10,0 days 15:57:00.334254,447447,64.09,64.08,762,1217,2516,-5784
439,BX,2020-02-10,0 days 15:57:02.346030,449963,64.09,64.08,3706,1129,-784,2216
440,BX,2020-02-10,0 days 15:57:03.341799,448647,64.09,64.08,3706,917,1316,-784
441,BX,2020-02-10,0 days 15:57:19.380543,450113,64.09,64.08,1714,2500,-507,1405
442,BX,2020-02-10,0 days 15:57:20.383388,448920,64.09,64.08,2014,600,1193,-507
443,BX,2020-02-10,0 days 15:57:38.426777,447746,64.11,64.1,2078,2910,-574,126
444,BX,2020-02-10,0 days 15:57:39.428979,447020,64.11,64.1,1978,2910,726,-574
445,BX,2020-02-10,0 days 15:57:42.436906,447746,64.11,64.1,2478,2002,-574,726
446,BX,2020-02-10,0 days 15:57:43.438951,447020,64.11,64.1,2378,2002,726,-574
447,BX,2020-02-10,0 days 15:57:49.452957,447746,64.11,64.1,1352,2700,-574,726
448,BX,2020-02-10,0 days 15:57:50.456171,447020,64.11,64.1,1252,3400,726,-574
449,BX,2020-02-10,0 days 15:57:57.472649,447746,64.11,64.1,2145,3100,-2726,726
450,BX,2020-02-10,0 days 15:58:04.492158,448172,64.11,64.1,4344,300,2338,-426
451,BX,2020-02-10,0 days 15:58:07.497546,450510,64.11,64.1,4944,201,-1333,638
452,BX,2020-02-10,0 days 15:58:08.500185,448443,64.11,64.1,4944,301,315,-1333
453,BX,2020-02-10,0 days 15:58:29.550696,448758,64.11,64.1,2829,600,-685,315
454,BX,2020-02-10,0 days 15:59:14.659913,452791,64.13,64.12,1781,2340,425,-2278
455,BX,2020-02-10,0 days 15:59:26.689383,455103,64.13,64.12,849,3172,-3688,1012
456,BX,2020-02-10,0 days 15:59:27.691328,454991,64.13,64.12,1949,965,112,-3688
457,C,2020-02-10,0 days 15:55:00.204597,634021,78.45,78.44,570,4239,99508,-34200
458,C,2020-02-10,0 days 15:59:18.828509,789839,78.51,78.5,4,4586,-16118,9194
459,C,2020-02-10,0 days 15:59:19.830531,783658,78.51,78.5,5404,462,6181,-16118
460,C,2020-02-10,0 days 15:59:34.867907,789839,78.51,78.5,6479,435,-41228,312
461,CAG,2020-02-10,0 days 15:56:38.351259,130864,32.19,32.18,5661,3827,-279,921
462,CAG,2020-02-10,0 days 15:56:40.355871,141843,32.18,32.17,4335,3339,1121,-279
463,CAG,2020-02-10,0 days 15:57:01.406943,154664,32.19,32.18,540,8092,-2905,895
464,CAG,2020-02-10,0 days 15:57:02.410096,152969,32.19,32.18,540,8092,1695,-2905
465,CAG,2020-02-10,0 days 15:57:13.436361,155091,32.21,32.2,4703,2016,-699,1063
466,CAG,2020-02-10,0 days 15:57:14.438489,153590,32.21,32.2,4500,2216,1501,-699
467,CAG,2020-02-10,0 days 15:57:19.451119,142991,32.21,32.2,1912,5980,-10599,1501
468,CAG,2020-02-10,0 days 15:57:20.453659,142590,32.21,32.2,4912,4019,401,-10599
469,CAG,2020-02-10,0 days 15:58:40.646123,155972,32.2,32.19,8881,4348,-3593,707
470,CAG,2020-02-10,0 days 15:58:41.648510,154865,32.2,32.19,8981,4349,1107,-3593
471,CAG,2020-02-10,0 days 15:59:21.738063,189114,32.22,32.21,12073,5334,-124,2676
472,CAG,2020-02-10,0 days 15:59:23.742413,189238,32.22,32.21,11985,8359,476,-124
473,CAG,2020-02-10,0 days 15:59:27.752675,190039,32.22,32.21,11389,8848,-6099,801
474,CAG,2020-02-10,0 days 15:59:28.754640,180138,32.22,32.21,14983,4811,9901,-6099
475,CAG,2020-02-10,0 days 15:59:38.780234,190039,32.22,32.21,5292,10478,-1169,1931
476,CAG,2020-02-10,0 days 15:59:40.785027,188788,32.22,32.21,5042,9794,1251,-1169
477,CAG,2020-02-10,0 days 15:59:42.789020,190039,32.22,32.21,6040,10673,-934,1251
478,CAG,2020-02-10,0 days 15:59:46.798511,189067,32.22,32.21,1341,10688,972,-2128
479,CAG,2020-02-10,0 days 15:59:47.800416,190039,32.22,32.21,2243,11059,-814,972
480,CAG,2020-02-10,0 days 15:59:49.805486,188884,32.23,32.22,8785,4392,1155,-855
481,CAH,2020-02-10,0 days 15:55:00.070815,504064,59.31,59.3,524,1500,8549,-1934
482,CAH,2020-02-10,0 days 15:55:24.127983,515643,59.29,59.28,1297,1251,-408,389
483,CAH,2020-02-10,0 days 15:57:46.471326,542865,59.23,59.21,575,908,1103,-2997
484,CAH,2020-02-10,0 days 15:57:47.473302,541068,59.23,59.21,1087,1113,-1797,1103
485,CAH,2020-02-10,0 days 15:58:14.540221,544455,59.24,59.23,1200,1360,1486,-3914
486,CAH,2020-02-10,0 days 15:58:15.543072,542741,59.24,59.23,1308,1360,-1714,1486
487,CAH,2020-02-10,0 days 15:58:21.557377,544455,59.22,59.21,300,553,3286,-1714
488,CAH,2020-02-10,0 days 15:58:22.560075,542641,59.22,59.21,238,863,-1814,3286
489,CAH,2020-02-10,0 days 15:58:24.564369,544455,59.22,59.21,1253,853,2686,-1814
490,CAH,2020-02-10,0 days 15:58:25.566923,542941,59.23,59.21,830,1100,-1514,2686
491,CAH,2020-02-10,0 days 15:59:11.680531,554676,59.22,59.21,301,1205,107,-568
492,CAH,2020-02-10,0 days 15:59:20.698865,552947,59.22,59.21,392,1437,-2536,5236
493,CC,2020-02-10,0 days 15:59:23.159240,220225,14.09,14.08,4033,2300,52351,-3854
494,CC,2020-02-10,0 days 15:59:37.193352,228616,14.1,14.09,4916,3590,-426,674
495,CCC,2020-02-10,0 days 15:55:56.179841,32969,21.96,21.95,6210,4799,-7821,10879
496,CCC,2020-02-10,0 days 15:55:57.182226,31890,21.96,21.95,6110,5199,1079,-7821
497,CCC,2020-02-10,0 days 15:56:27.254170,34617,21.97,21.96,4689,5271,-753,1227
498,CCC,2020-02-10,0 days 15:56:28.256936,33570,21.97,21.96,4689,5271,1047,-753
499,CCC,2020-02-10,0 days 15:58:10.504816,34617,21.98,21.97,1700,6853,-1569,467
500,CCC,2020-02-10,0 days 15:58:11.507742,34357,21.98,21.97,1500,7253,260,-1569
501,CCC,2020-02-10,0 days 15:59:06.640617,34617,21.99,21.98,2700,442,-400,451
502,CCC,2020-02-10,0 days 15:59:33.705564,44100,21.99,21.98,9559,7175,532,-2368
503,CCJ,2020-02-10,0 days 15:57:43.463262,72053,8.81,8.8,37201,20255,-1287,13
504,CCJ,2020-02-10,0 days 15:57:44.466024,60640,8.81,8.8,38008,18283,11413,-1287
505,CCJ,2020-02-10,0 days 15:58:08.524859,72053,8.81,8.8,35512,23888,-3692,10513
506,CCJ,2020-02-10,0 days 15:58:09.527971,70145,8.81,8.8,35812,23288,1908,-3692
507,CCJ,2020-02-10,0 days 15:59:04.660797,78353,8.81,8.8,32154,22942,-5646,1919
508,CCJ,2020-02-10,0 days 15:59:05.664568,76999,8.81,8.8,36722,20143,1354,-5646
509,CCJ,2020-02-10,0 days 15:59:17.690767,78353,8.81,8.8,40056,18837,-7413,954
510,CCJ,2020-02-10,0 days 15:59:18.693822,78090,8.81,8.8,41765,17837,263,-7413
511,CCJ,2020-02-10,0 days 15:59:30.723220,84551,8.81,8.8,51887,21488,-8539,6661
512,CCJ,2020-02-10,0 days 15:59:31.725418,83390,8.81,8.8,50592,24388,1161,-8539
513,CCJ,2020-02-10,0 days 15:59:38.743065,84551,8.81,8.8,53236,26437,-4039,1161
514,CCJ,2020-02-10,0 days 15:59:39.746013,83690,8.81,8.8,51090,25037,861,-4039
515,CCL,2020-02-10,0 days 15:55:00.034263,199435,41.75,41.74,1604,1958,-719,61597
516,CCL,2020-02-10,0 days 15:55:09.049248,197854,41.75,41.74,3600,1286,1581,-719
517,CCL,2020-02-10,0 days 15:55:13.059488,199435,41.75,41.74,2100,1893,-1319,481
518,CCL,2020-02-10,0 days 15:55:23.083688,199054,41.72,41.71,2500,821,1562,-119
519,CCL,2020-02-10,0 days 15:56:54.301864,206725,41.72,41.71,9958,1672,-4029,1871
520,CCL,2020-02-10,0 days 15:56:55.304466,206054,41.72,41.71,10058,1772,671,-4029
521,CCL,2020-02-10,0 days 15:56:57.308934,206725,41.73,41.72,7602,3352,-929,671
522,CCL,2020-02-10,0 days 15:56:58.311870,206156,41.73,41.72,7702,2954,569,-929
523,CCL,2020-02-10,0 days 15:57:06.331265,209177,41.73,41.72,6825,3757,-803,521
524,CCL,2020-02-10,0 days 15:57:07.333853,208780,41.73,41.72,6727,3457,397,-803
525,CCL,2020-02-10,0 days 15:57:13.347736,209177,41.73,41.72,5268,4365,-1053,397
526,CCL,2020-02-10,0 days 15:57:14.350308,207130,41.73,41.72,5268,4365,2047,-1053
527,CCL,2020-02-10,0 days 15:58:05.474059,209554,41.75,41.74,8463,5669,-2698,523
528,CCL,2020-02-10,0 days 15:58:06.476368,207952,41.75,41.74,8463,5973,1602,-2698
529,CCL,2020-02-10,0 days 15:58:08.481309,209554,41.75,41.74,8363,5973,-2198,1602
530,CCL,2020-02-10,0 days 15:58:09.484085,207952,41.75,41.74,8363,6277,1630,-2198
531,CCL,2020-02-10,0 days 15:59:00.607325,211372,41.75,41.74,8930,3363,1114,-74
532,CCL,2020-02-10,0 days 15:59:05.619544,217591,41.75,41.74,7306,5189,-10023,919
533,CCL,2020-02-10,0 days 15:59:06.623091,216714,41.75,41.74,7606,4941,877,-10023
534,CCL,2020-02-10,0 days 15:59:36.695867,241525,41.79,41.78,3905,3750,1144,-850
535,CCL,2020-02-10,0 days 15:59:37.694242,240969,41.79,41.78,4110,4135,-556,1144
536,CCL,2020-02-10,0 days 15:59:38.696327,241660,41.79,41.78,4410,3179,2209,-556
537,CCL,2020-02-10,0 days 15:59:39.699037,241269,41.79,41.78,3851,4279,-1477,2209
538,CCL,2020-02-10,0 days 15:59:42.706504,245869,41.79,41.78,6742,150,300,-733
539,CDE,2020-02-10,0 days 15:55:00.105920,92404,6.19,6.18,19870,20138,-5897,8772
540,CDE,2020-02-10,0 days 15:56:19.295462,99350,6.2,6.19,21071,50781,638,-2502
541,CDE,2020-02-10,0 days 15:59:27.752699,119710,6.21,6.2,19679,82948,1824,-1875
542,CF,2020-02-10,0 days 15:55:01.032380,137785,41.56,41.54,503,509,-16710,20230
543,CF,2020-02-10,0 days 15:57:05.329031,157009,41.64,41.63,64,1460,4603,-1997
544,CF,2020-02-10,0 days 15:57:06.331235,156412,41.64,41.63,64,1360,-603,4603
545,CF,2020-02-10,0 days 15:57:07.333781,157165,41.64,41.63,64,1360,415,-603
546,CF,2020-02-10,0 days 15:57:08.336462,156680,41.64,41.63,176,1375,-567,415
547,CF,2020-02-10,0 days 15:57:46.427537,163387,41.66,41.65,652,1925,1165,-1035
548,CF,2020-02-10,0 days 15:57:47.429680,162352,41.66,41.65,652,2025,-1035,1165
549,CF,2020-02-10,0 days 15:57:57.453711,163687,41.67,41.66,1933,2971,865,-1035
550,CF,2020-02-10,0 days 15:57:58.456034,162652,41.67,41.66,1933,2971,-735,865
551,CF,2020-02-10,0 days 15:58:37.551435,165761,41.65,41.63,6888,2293,6091,-1009
552,CF,2020-02-10,0 days 15:59:07.624451,165046,41.67,41.65,1182,2216,2827,-1494
553,CF,2020-02-10,0 days 15:59:30.680317,172157,41.69,41.67,1890,5365,-1851,1049
554,CF,2020-02-10,0 days 15:59:50.723497,178568,41.68,41.66,1482,200,29047,-511
555,CF,2020-02-10,0 days 15:59:56.736650,178357,41.67,41.66,600,4021,-511,29047
556,CF,2020-02-10,0 days 15:59:57.739485,178568,41.67,41.66,2983,3399,29047,-511
557,CFG,2020-02-10,0 days 15:55:26.090283,140000,38.44,38.43,7865,3457,-5865,3335
558,CFG,2020-02-10,0 days 15:55:27.092422,137565,38.44,38.43,7665,3140,2435,-5865
559,CFG,2020-02-10,0 days 15:57:06.331283,141067,38.47,38.46,9586,3816,-1738,1262
560,CFG,2020-02-10,0 days 15:57:07.333881,139205,38.47,38.46,11986,2172,1862,-1738
561,CFG,2020-02-10,0 days 15:57:18.359876,141067,38.47,38.46,3419,8234,-215,288
562,CFG,2020-02-10,0 days 15:57:19.362645,139382,38.47,38.46,3419,8234,1685,-215
563,CFG,2020-02-10,0 days 15:58:39.556045,151511,38.47,38.46,7564,9525,-4033,1767
564,CFG,2020-02-10,0 days 15:58:40.558321,149244,38.47,38.46,7964,9657,2267,-4033
565,CFG,2020-02-10,0 days 15:58:42.563394,141329,38.47,38.46,7154,9457,-7915,2267
566,CFG,2020-02-10,0 days 15:58:43.565566,139344,38.47,38.46,8554,6757,1985,-7915
567,CFG,2020-02-10,0 days 15:58:51.585293,141329,38.47,38.46,9467,7487,-2163,1985
568,CFG,2020-02-10,0 days 15:58:52.587314,139692,38.47,38.46,8767,7836,1637,-2163
569,CFG,2020-02-10,0 days 15:59:03.614427,141523,38.47,38.46,9240,10618,-9869,1831
570,CFG,2020-02-10,0 days 15:59:04.616762,140192,38.47,38.46,10421,9920,1371,-9869
571,CFG,2020-02-10,0 days 15:59:05.619559,142863,38.47,38.46,12768,9660,-7763,1371
572,CFG,2020-02-10,0 days 15:59:11.635496,163396,38.47,38.46,13793,3620,2242,-15541
573,CFG,2020-02-10,0 days 15:59:16.646198,177810,38.48,38.47,300,10541,-5696,13114
574,CFG,2020-02-10,0 days 15:59:21.658132,177810,38.49,38.48,1890,9171,-2137,442
575,CFG,2020-02-10,0 days 15:59:22.660548,176747,38.49,38.48,1787,8907,1063,-2137
576,CFG,2020-02-10,0 days 15:59:36.695879,177810,38.48,38.47,15701,2239,-5737,197
577,CFG,2020-02-10,0 days 15:59:42.706563,179510,38.48,38.47,17478,1791,-121,129
578,CGC,2020-02-10,0 days 15:55:00.204724,64700,19.07,19.06,1800,1100,-1367,25237
579,CGC,2020-02-10,0 days 15:57:18.538258,66067,19.08,19.07,1540,300,1795,-1231
580,CGC,2020-02-10,0 days 15:57:19.540929,65062,19.08,19.07,1440,600,-1005,1795
581,CGC,2020-02-10,0 days 15:57:42.596792,66067,19.06,19.05,2600,6325,508,-1005
582,CHGG,2020-02-10,0 days 15:57:04.369585,63578,44.59,44.58,5157,2877,2111,-1342
583,CHGG,2020-02-10,0 days 15:57:05.371698,62989,44.59,44.58,5209,2720,-589,2111
584,CHGG,2020-02-10,0 days 15:58:00.505181,66978,44.65,44.64,878,2160,311,-989
585,CHGG,2020-02-10,0 days 15:58:01.508375,65989,44.65,44.64,381,2466,-989,311
586,CHGG,2020-02-10,0 days 15:58:36.593792,68578,44.64,44.63,775,2112,2975,-925
587,CHGG,2020-02-10,0 days 15:58:37.596216,67853,44.64,44.63,1275,2012,-824,2975
588,CHGG,2020-02-10,0 days 15:58:59.648982,66867,44.59,44.57,2902,600,-410,1290
589,CHGG,2020-02-10,0 days 15:59:02.656382,66077,44.57,44.56,918,275,790,-410
590,CHGG,2020-02-10,0 days 15:59:03.658716,65867,44.57,44.56,4412,575,-210,790
591,CHGG,2020-02-10,0 days 15:59:05.664914,75777,44.57,44.56,2500,2127,542,-210
592,CHGG,2020-02-10,0 days 15:59:14.687387,76523,44.6,44.59,100,2330,-368,882
593,CHGG,2020-02-10,0 days 15:59:15.689574,75691,44.61,44.6,389,1722,832,-368
594,CHGG,2020-02-10,0 days 15:59:19.696755,75949,44.61,44.6,1669,454,574,-2226
595,CHGG,2020-02-10,0 days 15:59:21.701518,76523,44.61,44.6,1148,554,-3980,574
596,CHK,2020-02-10,0 days 15:59:18.669247,1852389,0.5,0.49,1400,188778,-115059,22984
597,CI,2020-02-10,0 days 15:51:03.477177,76073,210.18,210.15,2,547,-30,70
598,CI,2020-02-10,0 days 15:51:19.514782,76003,210.12,210.05,300,47,70,-30
599,CI,2020-02-10,0 days 15:51:55.601361,76073,210.03,209.98,126,247,-30,70
600,CI,2020-02-10,0 days 15:51:57.605805,76003,210.03,209.98,235,102,270,-30
601,CI,2020-02-10,0 days 15:54:57.035458,76073,210.17,210.14,100,403,-30,70
602,CI,2020-02-10,0 days 15:54:59.040362,76003,210.15,210.11,100,300,70,-30
603,CI,2020-02-10,0 days 15:55:29.115548,98318,210.08,210.04,43,156,-643,4131
604,CI,2020-02-10,0 days 15:56:09.210763,100250,210.24,210.2,2,100,230,-1446
605,CI,2020-02-10,0 days 15:56:10.213030,99780,210.24,210.2,100,27,-470,230
606,CI,2020-02-10,0 days 15:56:54.319719,101488,210.49,210.43,100,689,4405,-622
607,CI,2020-02-10,0 days 15:56:55.321731,101393,210.5,210.47,214,231,-95,4405
608,CI,2020-02-10,0 days 15:56:59.331824,101650,210.5,210.47,223,813,276,-95
609,CI,2020-02-10,0 days 15:57:33.414662,104459,210.5,210.48,32,44,-140,360
610,CI,2020-02-10,0 days 15:57:37.424245,105499,210.55,210.51,4,26,560,-240
611,CI,2020-02-10,0 days 15:57:40.431376,105259,210.53,210.5,30,39,-240,560
612,CI,2020-02-10,0 days 15:57:49.452957,105699,210.57,210.53,255,200,560,-340
613,CI,2020-02-10,0 days 15:57:50.456171,105459,210.57,210.53,355,200,-118,560
614,CI,2020-02-10,0 days 15:58:04.492158,105577,210.59,210.56,4,50,6900,-218
615,CI,2020-02-10,0 days 15:58:29.550696,112277,210.55,210.52,1,100,-500,200
616,CI,2020-02-10,0 days 15:58:30.553400,111677,210.55,210.52,1,100,600,-500
617,CI,2020-02-10,0 days 15:58:39.575189,112277,210.56,210.52,158,316,-500,600
618,CI,2020-02-10,0 days 15:58:40.577455,111777,210.58,210.56,54,100,500,-500
619,CI,2020-02-10,0 days 15:58:50.601907,112277,210.64,210.58,475,708,-500,500
620,CI,2020-02-10,0 days 15:58:51.603593,111877,210.64,210.58,478,718,400,-500
621,CI,2020-02-10,0 days 15:59:08.645371,117788,210.53,210.46,1717,433,-2589,764
622,CI,2020-02-10,0 days 15:59:09.647801,117277,210.51,210.46,1500,228,632,-2589
623,CI,2020-02-10,0 days 15:59:16.664774,128031,210.54,210.47,833,228,-399,589
624,CI,2020-02-10,0 days 15:59:17.667037,127423,210.5,210.44,300,237,608,-399
625,CI,2020-02-10,0 days 15:59:20.674232,130277,210.49,210.42,100,300,-118,1454
626,CI,2020-02-10,0 days 15:59:24.683852,128960,210.49,210.43,1867,6,1317,-583
627,CI,2020-02-10,0 days 15:59:32.703487,148877,210.52,210.49,53,330,-32383,19917
628,CI,2020-02-10,0 days 15:59:33.705621,140966,210.36,210.32,300,91,13545,-32383
629,CI,2020-02-10,0 days 15:59:34.709421,148877,210.37,210.32,5204,691,-4289,13545
630,CI,2020-02-10,0 days 15:59:35.711210,147766,210.37,210.32,5204,713,1113,-4289
631,CI,2020-02-10,0 days 15:59:42.728258,156001,210.3,210.25,1673,290,-1174,690
632,CI,2020-02-10,0 days 15:59:46.737387,151864,210.36,210.32,888,104,159,-4407
633,CI,2020-02-10,0 days 15:59:47.739669,152057,210.36,210.32,941,214,-529,159
634,CI,2020-02-10,0 days 15:59:49.744658,151920,210.33,210.31,1773,187,90,-563
635,CIG,2020-02-10,0 days 15:59:19.696560,78516,3.36,3.35,329871,52332,4963,-305
636,CIG,2020-02-10,0 days 15:59:26.714129,85379,3.36,3.35,298573,61313,-10381,3119
637,CIG,2020-02-10,0 days 15:59:45.760051,100684,3.36,3.35,325370,38354,10031,-43
638,CL,2020-02-10,0 days 15:55:29.175332,415950,77.34,77.33,2487,1231,-12849,2951
639,CL,2020-02-10,0 days 15:55:30.177582,415399,77.33,77.32,1369,1548,551,-12849
640,CL,2020-02-10,0 days 15:56:50.370382,421664,77.4,77.39,1484,2075,-2073,727
641,CL,2020-02-10,0 days 15:57:06.409871,453802,77.37,77.36,1060,1977,-1208,3389
642,CL,2020-02-10,0 days 15:57:07.412216,450810,77.37,77.36,1364,2943,2892,-1208
643,CL,2020-02-10,0 days 15:57:13.426291,453802,77.37,77.36,1437,3181,-111,2892
644,CL,2020-02-10,0 days 15:57:14.428971,451113,77.37,77.36,2137,3481,2589,-111
645,CL,2020-02-10,0 days 15:57:51.518494,452978,77.36,77.35,1645,2667,1118,-782
646,CL,2020-02-10,0 days 15:57:53.523698,454096,77.36,77.35,1445,3256,-182,1118
647,CL,2020-02-10,0 days 15:57:54.526095,452978,77.36,77.35,1445,2956,1118,-182
648,CL,2020-02-10,0 days 15:57:56.531021,454096,77.36,77.35,1745,5258,-2782,1118
649,CL,2020-02-10,0 days 15:57:57.533482,452978,77.36,77.35,2041,5458,1118,-2782
650,CL,2020-02-10,0 days 15:57:59.538443,454096,77.36,77.35,2460,4794,-2982,1118
651,CL,2020-02-10,0 days 15:58:00.541978,452978,77.36,77.35,1516,5919,1118,-2982
652,CL,2020-02-10,0 days 15:58:04.551842,454096,77.37,77.36,1467,2883,-4260,23240
653,CL,2020-02-10,0 days 15:58:22.595272,453788,77.37,77.36,3605,4589,208,-392
654,CL,2020-02-10,0 days 15:58:24.599945,454096,77.37,77.36,2930,5764,-3692,208
655,CL,2020-02-10,0 days 15:58:25.602253,453788,77.37,77.36,2840,5765,208,-3692
656,CL,2020-02-10,0 days 15:58:39.636071,454096,77.37,77.36,5366,4777,-15992,308
657,CL,2020-02-10,0 days 15:58:55.674719,454159,77.37,77.36,2297,1777,-5950,1450
658,CL,2020-02-10,0 days 15:58:56.676956,453909,77.37,77.36,823,2577,150,-5950
659,CL,2020-02-10,0 days 15:59:06.702521,454529,77.36,77.35,5237,1607,-8503,1047
660,CL,2020-02-10,0 days 15:59:07.705131,450332,77.36,77.35,5437,1765,4197,-8503
661,CL,2020-02-10,0 days 15:59:12.717797,475687,77.39,77.38,200,3117,-16617,12983
662,CL,2020-02-10,0 days 15:59:13.719846,475492,77.39,77.38,2525,1579,195,-16617
663,CL,2020-02-10,0 days 15:59:14.721918,475724,77.39,77.38,2501,1579,-1589,195
664,CL,2020-02-10,0 days 15:59:15.723516,472213,77.39,77.38,2101,1891,3511,-1589
665,CL,2020-02-10,0 days 15:59:16.724834,475724,77.39,77.38,1601,3291,-70,3511
666,CLDR,2020-02-10,0 days 15:59:08.707335,434339,10.53,10.52,9690,21458,-47804,13044
667,CLDR,2020-02-10,0 days 15:59:09.709711,425543,10.53,10.52,18647,10201,8796,-47804
668,CLDR,2020-02-10,0 days 15:59:15.723566,439139,10.52,10.51,30842,3598,-149469,11375
669,CLF,2020-02-10,0 days 15:57:23.510672,227041,7.49,7.48,58763,55734,11755,-1445
670,CLF,2020-02-10,0 days 15:57:24.513003,221696,7.49,7.48,58020,56034,-5345,11755
671,CLF,2020-02-10,0 days 15:57:26.517778,227041,7.49,7.48,62104,45792,11755,-5345
672,CLF,2020-02-10,0 days 15:57:27.520430,221696,7.49,7.48,62772,45270,-5345,11755
673,CLF,2020-02-10,0 days 15:59:38.841824,248675,7.49,7.48,68740,57985,37260,-2240
674,CLR,2020-02-10,0 days 15:55:00.115649,126859,25.56,25.55,2400,2110,-2300,12765
675,CLR,2020-02-10,0 days 15:55:01.117584,125859,25.56,25.55,2199,2210,1000,-2300
676,CLR,2020-02-10,0 days 15:56:10.285745,129624,25.58,25.57,3353,2003,-728,2172
677,CLR,2020-02-10,0 days 15:56:11.286947,128452,25.58,25.57,3653,1004,1172,-728
678,CLR,2020-02-10,0 days 15:58:10.576434,146766,25.6,25.59,476,3772,-1708,2136
679,CLR,2020-02-10,0 days 15:59:08.715877,149082,25.62,25.61,3623,721,-8599,1414
680,CLR,2020-02-10,0 days 15:59:26.759490,155168,25.62,25.61,2542,1624,168,-1872
681,CLR,2020-02-10,0 days 15:59:28.764120,155336,25.62,25.61,2700,2153,-686,168
682,CLR,2020-02-10,0 days 15:59:29.767147,155312,25.62,25.61,2000,2453,24,-686
683,CLR,2020-02-10,0 days 15:59:46.808685,156412,25.65,25.64,1000,2648,228,-1072
684,CNC,2020-02-10,0 days 15:59:34.686782,801663,62.94,62.92,86,610,23685,-54279
685,CNC,2020-02-10,0 days 15:59:46.715675,805511,63.01,62.99,1300,704,-5050,4120
686,CNHI,2020-02-10,0 days 15:55:01.032159,29693,9.3,9.29,27328,14619,5571,-2266
687,CNP,2020-02-10,0 days 15:59:15.688524,412807,26.85,26.84,3646,12637,69347,-56907
688,CNP,2020-02-10,0 days 15:59:31.725022,411389,26.86,26.85,9287,8076,-2565,11935
689,CNP,2020-02-10,0 days 15:59:34.733044,417708,26.86,26.85,12148,7452,7004,-2565
690,CNP,2020-02-10,0 days 15:59:38.742661,421212,26.86,26.85,10444,8467,-529,4204
691,CNP,2020-02-10,0 days 15:59:42.752490,421741,26.86,26.85,11950,8372,4150,-529
692,CNQ,2020-02-10,0 days 15:55:20.572530,39348,29.13,29.12,4523,16018,76,-578
693,CNQ,2020-02-10,0 days 15:55:21.575028,37024,29.13,29.12,5523,13311,-2324,76
694,CNQ,2020-02-10,0 days 15:56:22.721143,39348,29.13,29.12,11601,9135,1062,-468
695,CNQ,2020-02-10,0 days 15:57:50.934899,46686,29.16,29.15,1203,19145,40,-660
696,CNQ,2020-02-10,0 days 15:57:51.937181,46026,29.16,29.15,1203,19245,-660,40
697,CNQ,2020-02-10,0 days 15:57:58.954313,46986,29.17,29.16,4114,15462,40,-860
698,CNQ,2020-02-10,0 days 15:57:59.956784,46326,29.17,29.16,3414,15623,-660,40
699,CNQ,2020-02-10,0 days 15:58:08.979339,46986,29.17,29.16,9802,10852,40,-660
700,CNQ,2020-02-10,0 days 15:58:09.981494,46326,29.17,29.16,8509,12866,-660,40
701,CNQ,2020-02-10,0 days 15:59:38.195574,51870,29.18,29.17,515,24201,5041,-1059
702,COG,2020-02-10,0 days 15:55:47.229523,394977,14.63,14.62,19824,6001,15934,-1466
703,COG,2020-02-10,0 days 15:57:36.493672,421218,14.65,14.64,21877,3212,-662,2438
704,COG,2020-02-10,0 days 15:57:38.498467,414080,14.65,14.64,23136,4019,7138,-4762
705,COG,2020-02-10,0 days 15:59:05.709074,344729,14.65,14.64,23809,11911,105561,-2239
706,COG,2020-02-10,0 days 15:59:49.815519,482001,14.66,14.65,30035,12646,-157878,81822
707,COP,2020-02-10,0 days 15:55:00.114162,1421654,57.71,57.7,3196,1134,-6201,995659
708,COP,2020-02-10,0 days 15:55:18.157640,1421312,57.68,57.67,300,3239,118,-1379
709,COP,2020-02-10,0 days 15:55:19.160797,1420030,57.68,57.67,2189,2639,-1282,118
710,COP,2020-02-10,0 days 15:55:32.192669,1420459,57.66,57.65,2864,2002,4271,-889
711,COP,2020-02-10,0 days 15:56:20.307644,1424063,57.73,57.72,4739,1902,455,-1081
712,COP,2020-02-10,0 days 15:56:21.309704,1423118,57.73,57.72,4110,2559,-845,455
713,COP,2020-02-10,0 days 15:56:50.380650,1425203,57.78,57.77,1965,566,206814,-717
714,COP,2020-02-10,0 days 15:59:46.798548,1667675,57.86,57.85,2877,4985,7054,-20184
715,COTY,2020-02-10,0 days 15:59:03.633432,378107,11.97,11.96,7265,32943,-22757,27493
716,COTY,2020-02-10,0 days 15:59:38.718127,400240,11.97,11.96,21219,23191,1234,-1666
717,COTY,2020-02-10,0 days 15:59:39.721366,397174,11.97,11.96,20825,24496,-3066,1234
718,COTY,2020-02-10,0 days 15:59:43.730555,400240,11.97,11.96,26334,20683,4634,-866
719,COTY,2020-02-10,0 days 15:59:44.732625,394574,11.97,11.96,23408,23298,-5666,4634
720,COTY,2020-02-10,0 days 15:59:47.739530,393240,11.97,11.96,23467,21917,6334,-666
721,CPE,2020-02-10,0 days 15:55:00.105314,592258,2.8,2.79,185538,157515,-16129,12023
722,CPE,2020-02-10,0 days 15:57:39.490584,637476,2.81,2.8,123994,360099,65298,-100402
723,CPE,2020-02-10,0 days 15:59:19.732839,644275,2.81,2.8,137301,420432,20960,-6292
724,CPE,2020-02-10,0 days 15:59:20.734930,576235,2.81,2.8,133004,422984,-68040,20960
725,CPG,2020-02-10,0 days 15:59:00.687409,18292,3.15,3.14,164475,42321,-1339,3989
726,CPRI,2020-02-10,0 days 15:56:07.323322,169658,30.02,30.01,1653,2323,-16,586
727,CPRI,2020-02-10,0 days 15:56:11.333349,164542,30.03,30.02,1275,502,5116,-984
728,CPRI,2020-02-10,0 days 15:56:39.400583,169686,30.03,30.02,1424,1711,-3865,3535
729,CPRI,2020-02-10,0 days 15:56:40.403002,164851,30.03,30.02,1330,2011,4835,-3865
730,CPRI,2020-02-10,0 days 15:56:55.441591,169715,30.04,30.03,3083,1033,-536,4064
731,CPRI,2020-02-10,0 days 15:56:56.442432,166251,30.04,30.03,3083,1033,3464,-536
732,CPRI,2020-02-10,0 days 15:57:18.496189,172859,30.04,30.03,4865,1672,-2533,2816
733,CPRI,2020-02-10,0 days 15:57:19.498826,169992,30.04,30.03,5065,1672,2867,-2533
734,CPRI,2020-02-10,0 days 15:58:02.603961,174459,30.05,30.04,1976,2245,-477,2953
735,CPRI,2020-02-10,0 days 15:58:03.605663,165093,30.05,30.04,1764,2254,9366,-477
736,CPRI,2020-02-10,0 days 15:58:41.697914,171467,30.07,30.06,950,1493,2875,-325
737,CPRI,2020-02-10,0 days 15:59:07.762754,186706,30.08,30.07,200,1632,-8143,13357
738,CPRI,2020-02-10,0 days 15:59:08.765154,184449,30.08,30.07,1057,1149,2257,-8143
739,CPRI,2020-02-10,0 days 15:59:11.773019,186853,30.07,30.06,1740,757,-77,907
740,CPRI,2020-02-10,0 days 15:59:17.786798,186644,30.06,30.05,1024,1223,401,-503
741,CPRI,2020-02-10,0 days 15:59:38.839162,188009,30.07,30.05,3295,2284,-1087,350
742,CPRI,2020-02-10,0 days 15:59:40.843733,187796,30.07,30.06,1200,612,24,-576
743,CPRI,2020-02-10,0 days 15:59:45.858791,188620,30.08,30.07,1998,24,-3567,846
744,CRM,2020-02-10,0 days 15:59:17.691321,421421,188.9,188.85,572,951,72992,-125427
745,CRM,2020-02-10,0 days 15:59:28.717900,435423,189.11,189.07,300,1508,-744,755
746,CRM,2020-02-10,0 days 15:59:34.733685,435407,189.1,189.08,462,92,9728,-1044
747,CS,2020-02-10,0 days 15:59:46.737387,41578,13.18,13.17,59167,161921,-111,889
748,CTL,2020-02-10,0 days 15:59:48.718541,1813071,14.84,14.83,81113,6118,-45480,12605
749,CTL,2020-02-10,0 days 15:59:49.721231,1809751,14.83,14.82,88088,3773,3320,-45480
750,CTL,2020-02-10,0 days 15:59:51.725340,1813271,14.83,14.82,75395,3519,-87516,25720
751,CTVA,2020-02-10,0 days 15:56:50.429730,189128,30.55,30.54,2600,4011,-1772,540
752,CTVA,2020-02-10,0 days 15:56:51.432096,184700,30.55,30.54,2400,3040,4428,-1772
753,CVE,2020-02-10,0 days 15:57:40.431376,68449,8.98,8.97,83470,45837,23163,-36961
754,CVE,2020-02-10,0 days 15:57:41.434161,67788,8.98,8.97,82370,46618,-661,23163
755,CVS,2020-02-10,0 days 15:55:01.032380,508628,73.25,73.24,500,700,-35702,113357
756,CVS,2020-02-10,0 days 15:55:02.031886,499330,73.24,73.23,3600,500,9298,-35702
757,CVS,2020-02-10,0 days 15:56:02.176762,530137,73.23,73.22,817,6420,-5641,11096
758,CVS,2020-02-10,0 days 15:56:03.178979,520078,73.23,73.22,521,6720,10059,-5641
759,CVS,2020-02-10,0 days 15:58:04.472611,560147,73.23,73.22,3869,8245,-27956,14684
760,CVS,2020-02-10,0 days 15:58:05.473998,554903,73.23,73.22,6137,5854,5244,-27956
761,CVS,2020-02-10,0 days 15:58:57.599356,556264,73.24,73.23,503,3942,4683,-717
762,CVS,2020-02-10,0 days 15:59:00.607245,561292,73.25,73.24,1455,4054,-18572,4683
763,CVS,2020-02-10,0 days 15:59:25.667879,605391,73.22,73.21,9034,5532,355,-430
764,CVS,2020-02-10,0 days 15:59:45.713104,638781,73.25,73.24,4605,200,17310,-22560
765,CVX,2020-02-10,0 days 15:55:55.177258,938757,109.7,109.69,600,600,-27305,37795
766,CVX,2020-02-10,0 days 15:55:56.179921,935162,109.7,109.69,1122,200,3595,-27305
767,CVX,2020-02-10,0 days 15:56:06.203389,939416,109.67,109.66,700,710,-234,2928
768,CVX,2020-02-10,0 days 15:56:07.205856,936595,109.68,109.67,1100,318,4321,-234
769,CVX,2020-02-10,0 days 15:56:10.213030,940916,109.69,109.68,876,200,-1175,4321
770,CVX,2020-02-10,0 days 15:56:11.215589,938091,109.68,109.66,438,901,2825,-1175
771,CVX,2020-02-10,0 days 15:56:48.304692,943783,109.71,109.7,934,200,-3367,3249
772,CVX,2020-02-10,0 days 15:56:49.306983,941350,109.71,109.69,1425,1813,2433,-3367
773,CVX,2020-02-10,0 days 15:56:56.324182,944432,109.71,109.7,1106,1226,-6964,2036
774,CVX,2020-02-10,0 days 15:56:57.326935,941296,109.7,109.69,597,1302,3136,-6964
775,CVX,2020-02-10,0 days 15:57:12.363468,953874,109.71,109.7,496,567,-3472,2687
776,CVX,2020-02-10,0 days 15:57:13.365985,951646,109.7,109.69,48,500,2228,-3472
777,CVX,2020-02-10,0 days 15:57:35.419105,959349,109.7,109.69,1539,953,-481,1419
778,CVX,2020-02-10,0 days 15:57:41.434187,974030,109.69,109.68,1617,1091,7419,-81
779,CVX,2020-02-10,0 days 15:58:08.500185,979870,109.69,109.68,808,750,-2787,2513
780,CVX,2020-02-10,0 days 15:58:36.567768,956478,109.66,109.65,1870,1613,-7826,174
781,CVX,2020-02-10,0 days 15:59:08.645371,1003947,109.69,109.68,583,3330,3251,-5419
782,CVX,2020-02-10,0 days 15:59:30.699340,1048053,109.79,109.78,4800,400,-14385,1738
783,CVX,2020-02-10,0 days 15:59:40.724053,1060679,109.78,109.77,241,2059,507,-2881
784,CVX,2020-02-10,0 days 15:59:43.730651,1063837,109.79,109.77,4511,700,-5138,8162
785,CX,2020-02-10,0 days 15:59:50.226450,101558,4.16,4.15,104768,248231,-492,1408
786,D,2020-02-10,0 days 15:55:35.248713,331715,84.45,84.44,478,1768,-47,3453
787,D,2020-02-10,0 days 15:55:39.258501,328978,84.45,84.44,608,3795,2737,-1
788,D,2020-02-10,0 days 15:57:19.501116,344659,84.5,84.49,3946,2122,-1898,611
789,D,2020-02-10,0 days 15:57:20.503462,340762,84.49,84.48,2794,747,3897,-1898
790,D,2020-02-10,0 days 15:58:06.615701,369569,84.46,84.45,2149,143,-28446,4407
791,D,2020-02-10,0 days 15:58:07.618435,367215,84.45,84.44,881,1224,2354,-28446
792,D,2020-02-10,0 days 15:58:43.706180,373369,84.49,84.48,1623,1350,-3696,17604
793,D,2020-02-10,0 days 15:58:44.708490,366965,84.49,84.48,1523,1599,5876,-3696
794,D,2020-02-10,0 days 15:59:47.862900,372486,84.53,84.52,833,524,4380,-5687
795,DAL,2020-02-10,0 days 15:58:06.476399,244507,57.7,57.69,5146,4910,-34314,7086
796,DAL,2020-02-10,0 days 15:58:07.478779,239890,57.7,57.69,7195,2339,4617,-34314
797,DAL,2020-02-10,0 days 15:59:04.616734,245562,57.72,57.71,3591,2993,-56042,1867
798,DAL,2020-02-10,0 days 15:59:05.619559,241543,57.7,57.69,310,3020,4819,-56042
799,DAL,2020-02-10,0 days 15:59:38.696327,256040,57.7,57.69,2332,4128,-1893,3350
800,DAL,2020-02-10,0 days 15:59:45.713203,255649,57.71,57.7,1719,4644,-1034,2767
801,DAL,2020-02-10,0 days 15:59:50.723672,252953,57.71,57.7,519,4615,2696,-504
802,DAL,2020-02-10,0 days 15:59:51.725322,255649,57.71,57.7,389,4162,-4152,2696
803,DAL,2020-02-10,0 days 15:59:54.732573,245039,57.7,57.69,2948,848,15310,-4152
804,DB,2020-02-10,0 days 15:59:32.681606,124542,10.31,10.3,53588,216038,26122,-34078
805,DB,2020-02-10,0 days 15:59:33.683916,121664,10.31,10.3,49488,217038,-2878,26122
806,DD,2020-02-10,0 days 15:56:08.268959,648947,51.69,51.68,1389,2485,14828,-11872
807,DD,2020-02-10,0 days 15:56:09.271302,639475,51.68,51.67,858,2400,-8972,14828
808,DD,2020-02-10,0 days 15:57:38.487409,669129,51.75,51.74,1232,3285,20549,-16651
809,DD,2020-02-10,0 days 15:57:39.490676,661778,51.75,51.74,732,3570,-7351,20549
810,DD,2020-02-10,0 days 15:57:51.518549,667429,51.7,51.69,538,2840,900,-1400
811,DD,2020-02-10,0 days 15:57:52.521751,661029,51.7,51.69,1554,900,-6300,900
812,DD,2020-02-10,0 days 15:59:36.775812,694638,51.76,51.75,735,300,180320,-2819
813,DELL,2020-02-10,0 days 15:57:04.823331,59128,52.15,52.12,527,214,-1286,1842
814,DELL,2020-02-10,0 days 15:58:02.964623,63739,52.13,52.11,500,440,4,-596
815,DELL,2020-02-10,0 days 15:58:03.967346,63243,52.14,52.13,6320,600,-1096,4
816,DELL,2020-02-10,0 days 15:58:06.974693,63739,52.12,52.1,500,449,4,-596
817,DELL,2020-02-10,0 days 15:59:17.145306,70424,52.16,52.13,400,1231,1243,-2378
818,DELL,2020-02-10,0 days 15:59:18.146921,69667,52.16,52.13,300,1231,-1792,1243
819,DELL,2020-02-10,0 days 15:59:35.189005,73441,52.17,52.16,6608,976,1641,-868
820,DELL,2020-02-10,0 days 15:59:41.203472,72859,52.17,52.12,7511,1204,2476,-1036
821,DELL,2020-02-10,0 days 15:59:44.210776,74941,52.16,52.12,205,2744,3194,-6650
822,DFS,2020-02-10,0 days 15:55:29.115524,94399,75.81,75.79,206,356,-50,550
823,DFS,2020-02-10,0 days 15:55:32.122651,94549,75.81,75.79,311,620,4950,-150
824,DFS,2020-02-10,0 days 15:55:33.125743,94399,75.8,75.78,400,500,-150,4950
825,DFS,2020-02-10,0 days 15:55:35.130226,94549,75.8,75.78,1105,300,1750,-150
826,DFS,2020-02-10,0 days 15:57:51.459214,108504,75.83,75.82,200,107,-925,19675
827,DFS,2020-02-10,0 days 15:59:05.638053,132669,75.89,75.88,800,486,7809,-3774
828,DFS,2020-02-10,0 days 15:59:06.640700,130674,75.89,75.88,500,116,-2543,7809
829,DFS,2020-02-10,0 days 15:59:32.703472,134740,75.88,75.86,2208,370,118,-1582
830,DHI,2020-02-10,0 days 15:59:34.779483,1016869,61.55,61.54,5482,100,-7434,48671
831,DHI,2020-02-10,0 days 15:59:39.791247,1023729,61.51,61.5,3000,983,14710,-860
832,DHI,2020-02-10,0 days 15:59:45.807326,1042955,61.51,61.5,475,2939,-8028,1321
833,DHT,2020-02-10,0 days 15:58:50.583115,518171,5.72,5.71,40176,8594,2861,-1439
834,DIS,2020-02-10,0 days 15:59:34.686858,894348,142.48,142.47,700,10,84782,-28592
835,DNR,2020-02-10,0 days 15:55:36.133053,392767,0.93,0.92,200,153477,-20635,81888
836,DNR,2020-02-10,0 days 15:57:43.438892,416197,0.93,0.92,1000,136103,2904,-230
837,DNR,2020-02-10,0 days 15:59:06.640700,430523,0.94,0.93,16150,5600,-27146,8353
838,DOC,2020-02-10,0 days 15:57:05.506671,114708,20.18,20.17,4249,5765,-1120,1480
839,DOC,2020-02-10,0 days 15:57:43.599079,115828,20.18,20.17,7878,5645,160,-1068
840,DOC,2020-02-10,0 days 15:57:44.601877,114788,20.18,20.17,10656,3557,-1040,160
841,DOC,2020-02-10,0 days 15:57:59.638196,115828,20.18,20.17,10863,862,960,-1040
842,DOC,2020-02-10,0 days 15:58:00.642579,114788,20.18,20.17,8162,1362,-1040,960
843,DOC,2020-02-10,0 days 15:58:09.663601,117250,20.18,20.17,6162,7078,831,-1169
844,DOC,2020-02-10,0 days 15:58:10.665522,116081,20.18,20.17,5762,6877,-1169,831
845,DOC,2020-02-10,0 days 15:58:20.689746,117250,20.18,20.17,14055,3800,831,-1169
846,DOC,2020-02-10,0 days 15:58:21.692541,116081,20.18,20.17,14255,3700,-1169,831
847,DOC,2020-02-10,0 days 15:59:18.828718,128531,20.17,20.16,14021,1479,955,-830
848,DOC,2020-02-10,0 days 15:59:19.830702,127086,20.17,20.16,12221,1979,-1445,955
849,DOC,2020-02-10,0 days 15:59:36.872317,128531,20.17,20.16,14557,7923,475,-925
850,DOW,2020-02-10,0 days 15:58:14.634599,245094,48.19,48.17,913,906,-2097,9707
851,DOW,2020-02-10,0 days 15:58:15.637672,239991,48.18,48.17,400,1500,5103,-2097
852,DOW,2020-02-10,0 days 15:59:05.760191,245964,48.18,48.17,2615,2408,-27394,1500
853,DOW,2020-02-10,0 days 15:59:06.763043,221958,48.16,48.15,215,401,24006,-27394
854,DOW,2020-02-10,0 days 15:59:14.782263,257031,48.15,48.14,1013,676,-5327,11973
855,DOW,2020-02-10,0 days 15:59:15.784406,254358,48.15,48.14,1013,775,1873,-5327
856,DOW,2020-02-10,0 days 15:59:19.794566,256131,48.18,48.15,500,516,-2165,1873
857,DOW,2020-02-10,0 days 15:59:20.796539,250538,48.18,48.15,601,616,5593,-2165
858,DOW,2020-02-10,0 days 15:59:35.834310,255823,48.2,48.16,2168,620,-556,5292
859,DOW,2020-02-10,0 days 15:59:40.846161,256379,48.18,48.16,700,307,51,-556
860,DUK,2020-02-10,0 days 15:56:01.261753,351100,96.14,96.13,2839,882,3163,-21337
861,DUK,2020-02-10,0 days 15:56:02.265905,340191,96.15,96.14,451,2164,-10909,3163
862,DUK,2020-02-10,0 days 15:56:13.290883,358784,96.17,96.16,201,2109,1288,-8202
863,DUK,2020-02-10,0 days 15:56:14.293533,349714,96.18,96.17,1403,506,-8970,1288
864,DUK,2020-02-10,0 days 15:57:07.422090,358643,96.13,96.12,7115,491,7843,-3242
865,DUK,2020-02-10,0 days 15:57:08.423997,351686,96.13,96.12,7215,501,-6957,7843
866,DUK,2020-02-10,0 days 15:57:24.463241,361477,96.13,96.12,7168,898,5196,-6598
867,DUK,2020-02-10,0 days 15:57:25.465183,355029,96.13,96.12,7030,802,-6448,5196
868,DUK,2020-02-10,0 days 15:57:37.493972,361477,96.11,96.1,5934,403,3052,-3248
869,DUK,2020-02-10,0 days 15:57:38.496180,359329,96.11,96.1,6134,303,-1848,3052
870,DUK,2020-02-10,0 days 15:57:45.512936,360794,96.09,96.08,5213,200,335,-165
871,DUK,2020-02-10,0 days 15:57:46.515344,356429,96.09,96.08,5207,1257,-4365,335
872,DUK,2020-02-10,0 days 15:57:47.517495,356333,96.09,96.08,4353,4509,96,-4365
873,DUK,2020-02-10,0 days 15:57:49.521978,351129,96.1,96.09,3713,3627,-9242,96
874,DUK,2020-02-10,0 days 15:57:54.534404,360371,96.1,96.09,4513,1795,558,-3742
875,DUK,2020-02-10,0 days 15:57:55.536983,356029,96.1,96.09,4465,1899,-4342,558
876,DUK,2020-02-10,0 days 15:58:00.550269,360371,96.1,96.09,4172,2661,358,-4342
877,DUK,2020-02-10,0 days 15:58:02.554357,357229,96.11,96.1,2200,2226,-3442,358
878,DUK,2020-02-10,0 days 15:58:31.624599,360769,96.12,96.1,1903,2122,2360,-1796
879,DUK,2020-02-10,0 days 15:58:36.636835,360769,96.11,96.1,1267,1653,11860,-1440
880,DUK,2020-02-10,0 days 15:58:37.639587,353329,96.11,96.1,967,1663,-7440,11860
881,DUK,2020-02-10,0 days 15:59:07.712767,363132,96.14,96.13,3901,465,21094,-4141
882,DUK,2020-02-10,0 days 15:59:08.715444,361926,96.14,96.13,601,1325,-2055,21094
883,DUK,2020-02-10,0 days 15:59:14.730597,364217,96.14,96.12,1502,1700,-954,336
884,DUK,2020-02-10,0 days 15:59:17.728941,366561,96.14,96.13,812,900,41136,-954
885,DVN,2020-02-10,0 days 15:58:14.634868,254104,22.5,22.49,3674,17775,-2090,880
886,DVN,2020-02-10,0 days 15:58:15.637750,248594,22.5,22.49,8929,12975,5510,-2090
887,DVN,2020-02-10,0 days 15:59:48.865655,289710,22.53,22.52,10200,10024,4349,-3551
888,DXC,2020-02-10,0 days 15:55:00.106183,260960,31.7,31.69,2419,259,486,-18916
889,DXC,2020-02-10,0 days 15:55:01.107460,257446,31.7,31.69,2319,759,-3414,486
890,DXC,2020-02-10,0 days 15:56:09.271302,266160,31.66,31.65,3735,3560,2346,-878
891,DXC,2020-02-10,0 days 15:56:10.280989,262876,31.66,31.65,3983,4260,-3284,2346
892,DXC,2020-02-10,0 days 15:57:37.485326,268575,31.6,31.59,527,1200,50,-1327
893,DXC,2020-02-10,0 days 15:57:39.490676,265848,31.6,31.59,233,1465,-2727,1573
894,DXC,2020-02-10,0 days 15:58:22.595323,268923,31.63,31.62,146,2149,25,-2375
895,DXC,2020-02-10,0 days 15:58:24.600006,262348,31.63,31.62,445,1788,-6575,25
896,DXC,2020-02-10,0 days 15:58:32.619278,266748,31.61,31.6,678,688,-2075,125
897,DXC,2020-02-10,0 days 15:59:45.799055,281364,31.61,31.6,600,1247,-633,806
898,EAF,2020-02-10,0 days 15:58:05.613282,118375,11.14,11.13,14621,12517,14356,-2526
899,EAF,2020-02-10,0 days 15:58:06.615790,116631,11.14,11.13,14721,12517,-1344,14356
900,EAF,2020-02-10,0 days 15:58:39.695786,117980,11.13,11.12,13490,5399,1981,-1219
901,EAF,2020-02-10,0 days 15:58:40.698190,116561,11.13,11.12,14916,5399,-1419,1981
902,EAF,2020-02-10,0 days 15:59:17.789417,119594,11.14,11.13,2762,7778,36802,-763
903,EL,2020-02-10,0 days 15:55:00.070564,185562,209.0,208.95,100,25,6256,-23311
904,EL,2020-02-10,0 days 15:55:35.154567,191818,208.95,208.88,2,131,-1256,1272
905,EL,2020-02-10,0 days 15:55:36.157205,189502,208.95,208.91,2,200,2316,-1256
906,EL,2020-02-10,0 days 15:56:39.307891,186498,209.03,209.0,493,110,-6410,390
907,EL,2020-02-10,0 days 15:56:40.310404,185008,209.03,209.0,440,339,1490,-6410
908,EL,2020-02-10,0 days 15:56:49.331992,186498,209.04,209.01,720,110,-4110,1890
909,EL,2020-02-10,0 days 15:56:50.335021,185508,209.04,209.01,500,11,990,-4110
910,EL,2020-02-10,0 days 15:57:18.402933,193814,209.0,208.94,300,400,-258,45
911,EL,2020-02-10,0 days 15:57:19.405880,192972,209.0,208.96,311,135,842,-258
912,EL,2020-02-10,0 days 15:59:06.667499,198246,208.89,208.84,1001,10,-8171,415
913,EL,2020-02-10,0 days 15:59:44.757913,225322,208.72,208.67,303,502,-1066,1817
914,EMR,2020-02-10,0 days 15:55:00.105199,371451,73.33,73.32,700,1317,6050,-43628
915,EMR,2020-02-10,0 days 15:55:01.107260,364642,73.34,73.33,941,3491,-6809,6050
916,EMR,2020-02-10,0 days 15:56:46.359975,386102,73.36,73.35,2220,1861,3538,-4862
917,EMR,2020-02-10,0 days 15:56:47.362505,380540,73.36,73.35,2020,2561,-5562,3538
918,EMR,2020-02-10,0 days 15:57:02.401202,381664,73.35,73.34,3232,204,449,-1138
919,EMR,2020-02-10,0 days 15:57:06.409787,383184,73.35,73.34,2940,1039,-722,449
920,EMR,2020-02-10,0 days 15:57:42.497255,391595,73.36,73.35,1113,1781,281,-4119
921,EMR,2020-02-10,0 days 15:57:44.502276,382776,73.34,73.33,2935,1900,-8819,281
922,EMR,2020-02-10,0 days 15:57:45.504442,390895,73.34,73.33,2836,900,281,-8819
923,EMR,2020-02-10,0 days 15:57:48.511770,387176,73.34,73.33,1414,2500,-3719,1181
924,EMR,2020-02-10,0 days 15:58:55.674648,394937,73.34,73.33,2679,1102,1730,-5970
925,EMR,2020-02-10,0 days 15:58:56.676418,391067,73.34,73.33,2780,1102,-3870,1730
926,EMR,2020-02-10,0 days 15:59:15.723455,397019,73.36,73.35,1601,1412,22850,-1494
927,EMR,2020-02-10,0 days 15:59:16.724743,388969,73.37,73.36,486,1344,-8450,22850
928,EMR,2020-02-10,0 days 15:59:19.732747,399408,73.4,73.39,800,1101,17104,-2050
929,EMR,2020-02-10,0 days 15:59:20.734871,393612,73.41,73.4,1133,2208,-7041,17104
930,EMR,2020-02-10,0 days 15:59:26.750370,402146,73.4,73.39,1500,874,667,-2634
931,EMR,2020-02-10,0 days 15:59:27.752470,401113,73.4,73.39,1660,936,-1033,667
932,EMR,2020-02-10,0 days 15:59:48.804241,407853,73.39,73.38,300,1000,-159,9741
933,ENB,2020-02-10,0 days 15:57:38.496153,2641597,42.56,42.55,1300,22266,16139,-3882
934,ENB,2020-02-10,0 days 15:57:39.499378,2637636,42.56,42.55,1900,21876,-2782,16139
935,ENB,2020-02-10,0 days 15:57:41.503487,2641597,42.56,42.55,3418,20872,16139,-2782
936,ENB,2020-02-10,0 days 15:57:48.519740,2636640,42.56,42.55,10380,12415,-8278,6322
937,ENB,2020-02-10,0 days 15:59:07.712738,2660539,42.58,42.57,21156,4531,35473,-6820
938,ENB,2020-02-10,0 days 15:59:08.715414,2638312,42.58,42.57,24774,2064,-22227,35473
939,ENB,2020-02-10,0 days 15:59:38.780318,2703280,42.59,42.58,18158,5991,4739,-4061
940,ENB,2020-02-10,0 days 15:59:39.782125,2700419,42.59,42.58,17258,8491,-2861,4739
941,ENB,2020-02-10,0 days 15:59:42.789127,2703280,42.59,42.58,18920,3827,2840,-2861
942,ENLC,2020-02-10,0 days 15:55:01.032281,1097933,4.66,4.65,19695,14600,-280498,968859
943,ENLC,2020-02-10,0 days 15:55:02.031843,1096432,4.66,4.65,17495,16700,1501,-280498
944,ENLC,2020-02-10,0 days 15:55:25.087873,1097933,4.66,4.65,35952,3201,-4499,1501
945,ENLC,2020-02-10,0 days 15:55:26.090112,1088632,4.66,4.65,34242,5306,9301,-4499
946,ENLC,2020-02-10,0 days 15:55:31.102225,1112433,4.66,4.65,33452,4106,-3999,9301
947,ENLC,2020-02-10,0 days 15:55:32.104676,1110132,4.66,4.65,32952,3806,2301,-3999
948,EOG,2020-02-10,0 days 15:55:32.192641,297975,73.68,73.67,1956,429,4967,-461
949,EOG,2020-02-10,0 days 15:55:33.195043,297842,73.68,73.67,1956,429,-33,4967
950,EOG,2020-02-10,0 days 15:55:35.199417,297975,73.68,73.67,1901,729,3604,-33
951,EOG,2020-02-10,0 days 15:56:22.313825,308452,73.8,73.79,499,1578,-5993,8307
952,EOG,2020-02-10,0 days 15:56:23.314639,307760,73.8,73.79,430,1478,932,-5993
953,EOG,2020-02-10,0 days 15:57:07.422064,313812,73.83,73.82,499,1394,-231,1222
954,EOG,2020-02-10,0 days 15:57:08.423969,312743,73.83,73.82,499,1394,1069,-231
955,EOG,2020-02-10,0 days 15:57:11.431275,312390,73.84,73.83,1806,1404,-353,1069
956,EOG,2020-02-10,0 days 15:57:12.433764,311443,73.84,73.83,1903,1104,947,-353
957,EOG,2020-02-10,0 days 15:57:13.436389,312390,73.84,73.83,1903,1204,-1159,947
958,EOG,2020-02-10,0 days 15:57:14.438522,311649,73.84,73.83,1903,1384,741,-1159
959,EOG,2020-02-10,0 days 15:57:33.485128,314567,73.85,73.84,1217,1941,-51,1449
960,EOG,2020-02-10,0 days 15:57:34.487267,313918,73.85,73.84,1217,1928,649,-51
961,EOG,2020-02-10,0 days 15:57:37.493950,314567,73.85,73.84,2238,198,-1051,349
962,EOG,2020-02-10,0 days 15:57:38.496153,316018,73.84,73.83,777,361,3249,-1051
963,EOG,2020-02-10,0 days 15:57:51.527003,318918,73.81,73.8,1695,959,349,-951
964,EOG,2020-02-10,0 days 15:58:51.672873,399133,73.79,73.77,2300,1133,-3391,8113
965,EOG,2020-02-10,0 days 15:58:52.675152,391124,73.79,73.77,2300,1327,7909,-3391
966,EPC,2020-02-10,0 days 15:50:30.398008,35689,38.9,38.87,198,500,-1221,1050
967,EPC,2020-02-10,0 days 15:50:47.438137,36910,38.86,38.82,787,1401,1050,-1021
968,EPC,2020-02-10,0 days 15:55:00.052479,55822,38.93,38.9,205,39,950,-1221
969,EPC,2020-02-10,0 days 15:55:59.187245,56972,38.87,38.85,1204,309,-438,1633
970,EPC,2020-02-10,0 days 15:56:00.189395,55510,38.87,38.85,1567,309,1262,-438
971,EPC,2020-02-10,0 days 15:57:05.346557,62838,38.87,38.82,482,400,-1023,1248
972,EPC,2020-02-10,0 days 15:57:06.348863,61461,38.87,38.84,785,200,1377,-1023
973,EPC,2020-02-10,0 days 15:57:11.360823,63038,38.87,38.85,885,400,-423,1648
974,EPC,2020-02-10,0 days 15:57:12.363441,61561,38.87,38.85,1035,300,1277,-423
975,EPC,2020-02-10,0 days 15:58:15.517460,71960,38.77,38.74,400,1830,-294,2277
976,EPC,2020-02-10,0 days 15:58:16.519118,69654,38.77,38.75,300,1031,2306,-294
977,EPC,2020-02-10,0 days 15:58:32.557876,72660,38.79,38.77,1445,1138,-194,1006
978,EPC,2020-02-10,0 days 15:58:33.560584,70454,38.79,38.77,1445,1238,2206,-194
979,EPC,2020-02-10,0 days 15:59:17.666900,75635,38.82,38.79,1114,33,-9759,2050
980,EPC,2020-02-10,0 days 15:59:24.683714,74894,38.83,38.8,1035,683,986,-371
981,EPC,2020-02-10,0 days 15:59:36.713177,89211,38.78,38.76,300,500,-82,5818
982,EPC,2020-02-10,0 days 15:59:38.718169,87693,38.79,38.76,618,501,18,-1582
983,EPC,2020-02-10,0 days 15:59:40.723905,87711,38.81,38.78,1232,304,-531,18
984,EPC,2020-02-10,0 days 15:59:44.732663,87242,38.83,38.79,1000,636,1289,-1168
985,EPC,2020-02-10,0 days 15:59:56.756322,83025,38.84,38.75,997,3300,-1474,4883
986,EPD,2020-02-10,0 days 15:55:00.204675,1236754,25.46,25.45,10330,14985,-1376,6069
987,EPD,2020-02-10,0 days 15:56:20.397851,1238130,25.46,25.45,12678,11638,30,-68
988,EPD,2020-02-10,0 days 15:56:21.400001,1236860,25.46,25.45,11778,12138,-1270,30
989,EPD,2020-02-10,0 days 15:59:15.823821,1253418,25.49,25.48,7331,13700,5055,-2624
990,EPD,2020-02-10,0 days 15:59:16.823448,1251873,25.49,25.48,4131,17500,-1545,5055
991,EQH,2020-02-10,0 days 15:55:01.032380,110151,25.99,25.98,6684,2403,32758,-8416
992,EQH,2020-02-10,0 days 15:58:38.553727,148520,25.98,25.97,5779,4810,-3979,7621
993,EQH,2020-02-10,0 days 15:58:39.556015,143799,25.98,25.97,5579,4779,4721,-3979
994,EQH,2020-02-10,0 days 15:59:17.648199,145320,26.01,26.0,1100,8777,3200,-2300
995,EQH,2020-02-10,0 days 15:59:19.653200,148520,26.01,26.0,1500,9187,-6853,3136
996,EQH,2020-02-10,0 days 15:59:20.655645,145973,26.01,26.0,1700,8487,2547,-6853
997,EQH,2020-02-10,0 days 15:59:34.686741,146173,26.02,26.01,8200,5254,2450,-3550
998,EQH,2020-02-10,0 days 15:59:48.718411,147026,26.04,26.03,2616,10976,1574,-626
999,EQNR,2020-02-10,0 days 15:56:10.238552,55696,16.73,16.72,21246,44108,133,-909
1000,EQNR,2020-02-10,0 days 15:56:12.242990,48362,16.73,16.72,23177,42108,-7334,1566
1001,EQNR,2020-02-10,0 days 15:58:51.629365,59470,16.73,16.72,28895,52933,3580,-2549
1002,EQNR,2020-02-10,0 days 15:59:23.706555,64250,16.73,16.72,29111,57591,-2832,332
1003,EQNR,2020-02-10,0 days 15:59:36.738146,67082,16.73,16.72,33165,58927,1704,-2496
1004,EQNR,2020-02-10,0 days 15:59:37.740803,66586,16.73,16.72,31964,58927,-496,1704
1005,EQT,2020-02-10,0 days 15:56:54.301864,397369,5.12,5.11,45912,51487,-5120,6580
1006,EQT,2020-02-10,0 days 15:56:55.304466,391789,5.12,5.11,47412,58787,5580,-5120
1007,EQT,2020-02-10,0 days 15:56:57.308950,397369,5.12,5.11,47514,58687,-4820,5580
1008,EQT,2020-02-10,0 days 15:56:58.311836,391789,5.12,5.11,52714,59387,5580,-4820
1009,EQT,2020-02-10,0 days 15:57:02.321214,397369,5.12,5.11,48631,59587,-204,3838
1010,EQT,2020-02-10,0 days 15:57:04.326487,392737,5.12,5.11,53531,59687,4632,-204
1011,EQT,2020-02-10,0 days 15:59:06.623150,435300,5.12,5.11,58029,67800,-57332,10579
1012,EQT,2020-02-10,0 days 15:59:13.639858,433770,5.12,5.11,46771,62878,-3329,45
1013,EQT,2020-02-10,0 days 15:59:15.644221,437099,5.12,5.11,47071,60404,7171,-3329
1014,EQT,2020-02-10,0 days 15:59:36.695867,447170,5.12,5.11,50334,64908,-4547,6353
1015,EQT,2020-02-10,0 days 15:59:38.696327,446517,5.12,5.11,53288,60687,653,-1547
1016,EROS,2020-02-10,0 days 15:55:00.523195,11858,2.9,2.89,11510,2533,-472,958
1017,EROS,2020-02-10,0 days 15:59:36.191225,28226,2.88,2.87,16341,27320,-8265,2435
1018,EROS,2020-02-10,0 days 15:59:37.193291,27491,2.88,2.87,18741,26716,435,-8265
1019,ESI,2020-02-10,0 days 15:59:49.222521,872147,12.09,12.08,4118,10200,-1353,10290
1020,ET,2020-02-10,0 days 15:55:00.204407,4525607,12.09,12.08,29204,47545,500728,-64694
1021,ETN,2020-02-10,0 days 15:55:01.032425,115009,102.77,102.75,200,402,-87,2135
1022,ETN,2020-02-10,0 days 15:55:35.111958,115197,102.71,102.7,910,553,1516,-188
1023,ETN,2020-02-10,0 days 15:55:36.114605,114193,102.72,102.71,1201,31,-1004,1516
1024,ETN,2020-02-10,0 days 15:55:37.116690,115197,102.74,102.71,800,820,11096,-1004
1025,ETN,2020-02-10,0 days 15:56:55.304428,132595,102.82,102.81,1107,873,-578,1922
1026,ETN,2020-02-10,0 days 15:59:04.616634,159921,102.9,102.87,3047,928,23521,-2927
1027,ETN,2020-02-10,0 days 15:59:05.619444,159542,102.91,102.89,992,494,-379,23521
1028,ETN,2020-02-10,0 days 15:59:16.646101,175477,102.84,102.83,534,822,8425,-2474
1029,ETN,2020-02-10,0 days 15:59:17.648238,174802,102.87,102.84,800,1200,-675,8425
1030,ETN,2020-02-10,0 days 15:59:34.686782,176477,102.91,102.9,500,1220,634,-766
1031,ETN,2020-02-10,0 days 15:59:35.690240,175811,102.91,102.9,581,1104,-666,634
1032,ETN,2020-02-10,0 days 15:59:40.701860,176477,102.91,102.87,2300,100,1967,-66
1033,ETN,2020-02-10,0 days 15:59:41.704234,175241,102.89,102.86,400,637,-1241,1967
1034,ETRN,2020-02-10,0 days 15:57:40.502289,164819,8.99,8.98,4006,18312,-499,1001
1035,ETRN,2020-02-10,0 days 15:57:41.505301,158218,8.99,8.98,4006,19912,6501,-499
1036,ETRN,2020-02-10,0 days 15:59:06.711021,164719,8.99,8.98,4492,24084,-19202,788
1037,ETRN,2020-02-10,0 days 15:59:07.712936,163733,8.99,8.98,5492,23627,986,-19202
1038,EURN,2020-02-10,0 days 15:55:00.070748,33869,9.62,9.61,12156,7517,-9704,18828
1039,EURN,2020-02-10,0 days 15:59:38.743745,71914,9.65,9.64,15625,5777,1620,-2280
1040,EURN,2020-02-10,0 days 15:59:39.746618,70334,9.65,9.64,15725,5777,-1580,1620
1041,EXPR,2020-02-10,0 days 15:57:36.491189,49868,4.24,4.23,9306,13950,-892,3208
1042,EXPR,2020-02-10,0 days 15:57:37.493950,47860,4.24,4.23,5414,16880,1908,-892
1043,EXPR,2020-02-10,0 days 15:59:06.710810,54966,4.24,4.23,4780,18434,-2910,1353
1044,EXPR,2020-02-10,0 days 15:59:27.752826,53365,4.24,4.23,6176,12113,1680,-1920
1045,FCAU,2020-02-10,0 days 15:55:00.114162,62482,13.12,13.11,28542,15935,-1376,8857
1046,FCAU,2020-02-10,0 days 15:57:19.451295,70464,13.12,13.11,36609,30701,165,-1390
1047,FCAU,2020-02-10,0 days 15:57:41.503514,68729,13.12,13.11,29576,30272,-1735,1565
1048,FCAU,2020-02-10,0 days 15:58:05.562043,70691,13.12,13.11,33525,31242,895,-1735
1049,FCAU,2020-02-10,0 days 15:58:06.564292,69186,13.12,13.11,31225,31342,-1505,895
1050,FCAU,2020-02-10,0 days 15:59:04.705031,79052,13.12,13.11,19813,45667,5202,-3166
1051,FCAU,2020-02-10,0 days 15:59:05.708093,77894,13.12,13.11,22716,47567,-1158,5202
1052,FCX,2020-02-10,0 days 15:57:08.414365,1849194,12.18,12.17,160516,107395,16985,-315
1053,FCX,2020-02-10,0 days 15:57:09.416879,1824079,12.18,12.17,160909,108299,-25015,16985
1054,FCX,2020-02-10,0 days 15:57:30.468199,1901603,12.18,12.17,152409,135450,14056,-15944
1055,FCX,2020-02-10,0 days 15:57:31.470546,1876159,12.18,12.17,154998,139250,-25444,14056
1056,FCX,2020-02-10,0 days 15:59:13.719926,2076360,12.18,12.17,193389,40787,9614,-5050
1057,FCX,2020-02-10,0 days 15:59:14.721918,2057105,12.18,12.17,190720,46488,-19255,9614
1058,FCX,2020-02-10,0 days 15:59:30.760731,2146883,12.17,12.16,74171,102666,87234,-28366
1059,FCX,2020-02-10,0 days 15:59:31.762895,2008517,12.17,12.16,108226,86539,-138366,87234
1060,FCX,2020-02-10,0 days 15:59:48.804329,2151033,12.17,12.16,92854,79126,-1576,11324
1061,FDX,2020-02-10,0 days 15:55:34.606248,157524,156.54,156.52,801,370,1522,-1245
1062,FDX,2020-02-10,0 days 15:55:35.608827,153346,156.58,156.56,147,170,-5701,1522
1063,FDX,2020-02-10,0 days 15:56:39.762007,160535,156.58,156.57,861,201,723,-3777
1064,FDX,2020-02-10,0 days 15:56:40.764637,152858,156.58,156.57,861,201,-7677,723
1065,FDX,2020-02-10,0 days 15:58:38.049122,172376,156.77,156.75,290,1596,1592,-508
1066,FDX,2020-02-10,0 days 15:58:39.052109,169068,156.77,156.76,100,1246,-3308,1592
1067,FDX,2020-02-10,0 days 15:59:04.112860,172376,156.79,156.77,106,300,1306,-2194
1068,FDX,2020-02-10,0 days 15:59:05.115977,169922,156.8,156.78,300,44,-2454,1306
1069,FDX,2020-02-10,0 days 15:59:49.222395,177895,156.81,156.77,122,100,-522,378
1070,FE,2020-02-10,0 days 15:59:36.836406,1065835,51.38,51.37,100,3775,-4985,25554
1071,FE,2020-02-10,0 days 15:59:37.838235,1068743,51.36,51.35,2896,112,3038,-4985
1072,FE,2020-02-10,0 days 15:59:47.862939,1087098,51.34,51.33,4627,700,-12856,15654
1073,FE,2020-02-10,0 days 15:59:48.865536,1081454,51.33,51.32,3575,100,7454,-12856
1074,FG,2020-02-10,0 days 15:55:35.111972,143561,12.17,12.16,22786,31214,-5421,4779
1075,FG,2020-02-10,0 days 15:55:53.154832,137882,12.17,12.16,22857,31526,5679,-9321
1076,FG,2020-02-10,0 days 15:59:36.695867,182117,12.17,12.16,37147,18006,5602,-798
1077,FG,2020-02-10,0 days 15:59:37.694242,181219,12.17,12.16,37047,18006,-898,5602
1078,FG,2020-02-10,0 days 15:59:42.706504,182117,12.17,12.16,34774,18633,2819,-898
1079,FG,2020-02-10,0 days 15:59:43.709968,181336,12.17,12.16,34774,18889,-781,2819
1080,FG,2020-02-10,0 days 15:59:45.713203,182117,12.17,12.16,34823,17342,2936,-781
1081,FG,2020-02-10,0 days 15:59:46.715767,181553,12.17,12.16,35523,17142,-564,2936
1082,FG,2020-02-10,0 days 15:59:47.718049,182117,12.17,12.16,36252,17742,3153,-564
1083,FHN,2020-02-10,0 days 15:55:35.189855,391846,16.43,16.42,51161,13638,364,-5560
1084,FHN,2020-02-10,0 days 15:55:36.192364,386543,16.43,16.42,40767,16938,-4649,364
1085,FIS,2020-02-10,0 days 15:55:01.116116,173146,149.95,149.94,311,500,-1513,8687
1086,FIS,2020-02-10,0 days 15:55:39.209755,171195,149.86,149.85,632,449,-257,2292
1087,FIS,2020-02-10,0 days 15:57:01.406998,180023,149.91,149.9,980,749,1019,-1285
1088,FIS,2020-02-10,0 days 15:57:02.410129,178542,149.91,149.9,1239,290,-1381,1019
1089,FIS,2020-02-10,0 days 15:58:10.573986,184316,150.0,149.99,957,512,161,-1924
1090,FIS,2020-02-10,0 days 15:58:11.576122,183077,150.01,150.0,162,400,-1239,161
1091,FIS,2020-02-10,0 days 15:58:16.587841,184316,150.02,150.01,1025,702,361,-1439
1092,FIS,2020-02-10,0 days 15:58:17.590227,183077,150.02,150.01,655,902,-1239,361
1093,FIS,2020-02-10,0 days 15:58:24.607596,184359,150.02,150.01,1655,948,418,-1282
1094,FIS,2020-02-10,0 days 15:58:25.610245,183077,150.02,150.01,1557,1048,-1282,418
1095,FIS,2020-02-10,0 days 15:58:51.672839,187423,150.0,149.99,1755,972,54,-2082
1096,FIS,2020-02-10,0 days 15:58:52.675069,185877,150.0,149.99,2479,401,-1546,54
1097,FIS,2020-02-10,0 days 15:59:09.717528,196988,149.99,149.98,1162,298,6039,-10295
1098,FIS,2020-02-10,0 days 15:59:10.720454,195193,149.99,149.98,1200,947,-1194,6039
1099,FIS,2020-02-10,0 days 15:59:16.726985,197655,150.0,149.98,1636,1000,323,-2878
1100,FIS,2020-02-10,0 days 15:59:17.728867,198544,149.99,149.98,500,408,-136,323
1101,FIS,2020-02-10,0 days 15:59:20.735642,200629,149.99,149.97,652,949,115,-936
1102,FIS,2020-02-10,0 days 15:59:21.738098,200244,149.99,149.97,654,1049,-385,115
1103,FIS,2020-02-10,0 days 15:59:39.782057,205399,149.95,149.94,4218,2004,810,-290
1104,FIS,2020-02-10,0 days 15:59:40.785069,205109,149.95,149.94,2466,1971,-290,810
1105,FIS,2020-02-10,0 days 15:59:55.820312,207577,150.0,149.92,2400,900,2532,-391
1106,FIS,2020-02-10,0 days 15:59:58.826892,208709,150.0,149.93,209,2158,-391,2532
1107,FIT,2020-02-10,0 days 15:55:00.115975,1022867,6.6,6.59,55038,57634,-3335,203
1108,FIT,2020-02-10,0 days 15:56:38.352425,1026203,6.6,6.59,52868,70450,4031,-1669
1109,FIT,2020-02-10,0 days 15:57:08.426013,1036744,6.6,6.59,61373,71382,-3259,3531
1110,FIT,2020-02-10,0 days 15:57:38.498467,1081503,6.6,6.59,63210,70477,14810,-43090
1111,FIT,2020-02-10,0 days 15:57:39.501692,1077513,6.6,6.59,62562,67144,-3990,14810
1112,FIT,2020-02-10,0 days 15:58:10.576496,1081503,6.6,6.59,68992,63333,14872,-2528
1113,FIT,2020-02-10,0 days 15:58:11.579016,1077675,6.6,6.59,70529,68925,-3828,14872
1114,FIT,2020-02-10,0 days 15:58:30.625398,1081503,6.6,6.59,100469,60257,2272,-3828
1115,FIT,2020-02-10,0 days 15:58:31.627207,1078175,6.6,6.59,100759,60457,-3328,2272
1116,FIT,2020-02-10,0 days 15:58:55.685677,1089206,6.6,6.59,95466,60306,769,-4031
1117,FIT,2020-02-10,0 days 15:58:56.687581,1085175,6.6,6.59,94593,60306,-4031,769
1118,FIT,2020-02-10,0 days 15:59:14.731282,1088692,6.6,6.59,91451,50797,4229,-3517
1119,FIT,2020-02-10,0 days 15:59:16.735149,1086623,6.6,6.59,89654,53360,-2069,4331
1120,FIT,2020-02-10,0 days 15:59:33.776690,1142520,6.6,6.59,90671,86628,4071,-28529
1121,FIT,2020-02-10,0 days 15:59:37.786634,1146591,6.6,6.59,91745,89513,-128,3471
1122,FL,2020-02-10,0 days 15:55:29.185034,87988,39.03,39.02,1105,531,-24078,2522
1123,FL,2020-02-10,0 days 15:55:30.187758,87866,39.03,39.02,1100,851,122,-24078
1124,FL,2020-02-10,0 days 15:56:22.313859,90416,39.03,39.02,1072,3861,537,-112
1125,FL,2020-02-10,0 days 15:56:39.353823,90716,39.03,39.02,685,3657,621,-279
1126,FL,2020-02-10,0 days 15:56:52.384877,91757,39.03,39.02,1880,4191,-259,1041
1127,FL,2020-02-10,0 days 15:57:18.447889,98624,39.01,39.0,2926,2208,-655,191
1128,FL,2020-02-10,0 days 15:57:24.463241,99279,39.01,39.0,2510,3486,3545,-655
1129,FL,2020-02-10,0 days 15:57:25.465156,98624,39.01,39.0,3410,3286,-655,3545
1130,FL,2020-02-10,0 days 15:58:13.580901,92350,39.03,39.02,3651,3540,78,-722
1131,FL,2020-02-10,0 days 15:58:14.583586,91628,39.03,39.02,3500,3240,-722,78
1132,FL,2020-02-10,0 days 15:58:29.620128,92350,39.01,39.0,4872,10149,578,-622
1133,FL,2020-02-10,0 days 15:58:30.622439,91828,39.0,38.99,1167,2202,-522,578
1134,FL,2020-02-10,0 days 15:59:15.726059,110323,39.0,38.99,2165,2459,7424,-196
1135,FL,2020-02-10,0 days 15:59:17.728916,107636,39.01,39.0,2257,1064,-4644,4256
1136,FL,2020-02-10,0 days 15:59:21.738197,112280,39.01,39.0,1365,3049,3092,-844
1137,FL,2020-02-10,0 days 15:59:22.740653,112172,39.03,39.02,1338,1273,-1332,3092
1138,FL,2020-02-10,0 days 15:59:26.750387,113905,39.02,39.01,400,1000,5967,-672
1139,FLO,2020-02-10,0 days 15:56:23.404466,169013,22.45,22.44,6779,3876,324,-5736
1140,FLO,2020-02-10,0 days 15:56:36.436611,160931,22.43,22.42,8348,1333,-8082,818
1141,FLR,2020-02-10,0 days 15:55:01.206782,178311,18.23,18.22,1136,1930,280,-820
1142,FLR,2020-02-10,0 days 15:55:03.211666,178469,18.23,18.22,1031,2343,-42,158
1143,FLR,2020-02-10,0 days 15:55:04.214527,178211,18.23,18.22,1235,3071,258,-42
1144,FLR,2020-02-10,0 days 15:58:04.651308,185205,18.23,18.22,10963,7399,-272,628
1145,FLR,2020-02-10,0 days 15:58:05.653524,184453,18.24,18.23,1851,3935,752,-272
1146,FLR,2020-02-10,0 days 15:58:10.665522,185269,18.24,18.23,3577,5374,-884,816
1147,FLR,2020-02-10,0 days 15:58:11.668024,184553,18.24,18.23,2977,6836,716,-884
1148,FLR,2020-02-10,0 days 15:59:20.832829,185305,18.22,18.21,2148,5823,-6403,423
1149,FLT,2020-02-10,0 days 15:56:13.290852,78380,313.54,313.37,110,1171,-167,1933
1150,FLT,2020-02-10,0 days 15:56:14.293497,75547,313.54,313.37,110,1546,2833,-167
1151,FLT,2020-02-10,0 days 15:58:52.675111,81845,313.61,313.45,90,980,-3362,1107
1152,FLT,2020-02-10,0 days 15:58:53.677363,79607,313.61,313.45,90,1029,2238,-3362
1153,FLT,2020-02-10,0 days 15:59:17.728903,86298,313.7,313.54,300,90,-53,147
1154,FLT,2020-02-10,0 days 15:59:24.745062,82036,313.7,313.54,301,90,4262,-938
1155,FLT,2020-02-10,0 days 15:59:29.757216,86298,313.74,313.57,1234,286,-2238,1362
1156,FLT,2020-02-10,0 days 15:59:30.759927,82736,313.74,313.59,1034,836,3562,-2238
1157,FNB,2020-02-10,0 days 15:55:00.204878,212653,11.94,11.93,22945,9654,-5235,7208
1158,FNB,2020-02-10,0 days 15:59:27.850153,269509,11.96,11.95,18117,46608,52,-1275
1159,FNB,2020-02-10,0 days 15:59:33.865094,262761,11.96,11.95,12890,52341,-6748,52
1160,FNF,2020-02-10,0 days 15:55:00.105909,427505,45.46,45.44,1502,1497,-66046,122247
1161,FNF,2020-02-10,0 days 15:56:53.377326,503206,45.38,45.37,400,1639,22556,-30444
1162,FNF,2020-02-10,0 days 15:56:54.380020,500462,45.38,45.37,402,2139,-2744,22556
1163,FNF,2020-02-10,0 days 15:57:01.397558,503206,45.4,45.38,3121,2439,3052,-548
1164,FNF,2020-02-10,0 days 15:57:02.401311,502148,45.4,45.38,3681,3539,-958,3052
1165,FNF,2020-02-10,0 days 15:57:20.443784,520846,45.4,45.39,2831,700,-1148,2704
1166,FNF,2020-02-10,0 days 15:58:16.580364,525627,45.43,45.42,1527,2435,2373,-2327
1167,FNF,2020-02-10,0 days 15:58:17.582486,523300,45.43,45.42,2147,1335,-2327,2373
1168,FNF,2020-02-10,0 days 15:58:36.629027,525927,45.42,45.41,1087,1742,1073,-227
1169,FNF,2020-02-10,0 days 15:58:37.631421,523900,45.42,45.41,1387,1742,-1927,1073
1170,FNF,2020-02-10,0 days 15:59:02.691641,524816,45.4,45.39,600,1165,2528,-1016
1171,FNF,2020-02-10,0 days 15:59:03.694577,521248,45.42,45.41,1278,100,-3568,2528
1172,FNF,2020-02-10,0 days 15:59:11.715078,527030,45.42,45.41,1429,2149,102,-684
1173,FNF,2020-02-10,0 days 15:59:14.722038,526178,45.42,45.41,271,3382,-532,422
1174,FNF,2020-02-10,0 days 15:59:15.723687,527030,45.43,45.42,797,800,2213,-532
1175,FNF,2020-02-10,0 days 15:59:24.745201,539443,45.45,45.43,921,1020,-16,4606
1176,FNF,2020-02-10,0 days 15:59:26.750636,539459,45.45,45.43,911,1048,3484,-916
1177,FNF,2020-02-10,0 days 15:59:38.780436,617275,45.41,45.4,4103,3900,36568,-44532
1178,FNF,2020-02-10,0 days 15:59:39.783185,613825,45.46,45.44,2180,4889,-14458,36568
1179,FNF,2020-02-10,0 days 15:59:42.790386,628283,45.45,45.44,2059,765,280,-1561
1180,FNF,2020-02-10,0 days 15:59:44.795045,625699,45.44,45.43,1740,2760,-2684,280
1181,FPAC,2020-02-10,0 days 15:55:00.523104,1052,10.61,10.6,6740,48599,-152,448
1182,FPAC,2020-02-10,0 days 15:58:52.082367,1230,10.6,10.58,3200,350,1410,-102
1183,FPAC,2020-02-10,0 days 15:59:19.149374,3432,10.61,10.6,1720,21800,-698,1304
1184,FPAC,2020-02-10,0 days 15:59:20.152036,3336,10.61,10.6,1920,21800,96,-698
1185,FRO,2020-02-10,0 days 15:56:27.323606,46055,8.06,8.05,8652,8851,675,-1325
1186,FRO,2020-02-10,0 days 15:56:28.326386,43830,8.06,8.05,8652,9151,-2225,675
1187,FRO,2020-02-10,0 days 15:59:05.707761,60194,8.06,8.05,15332,8486,2390,-9090
1188,FRO,2020-02-10,0 days 15:59:06.710520,58404,8.06,8.05,14432,9086,-1790,2390
1189,FSK,2020-02-10,0 days 15:55:00.105199,33337,6.22,6.21,40181,13690,8136,-10349
1190,FSK,2020-02-10,0 days 15:59:08.707189,52964,6.22,6.21,50203,50212,-11477,14723
1191,FSK,2020-02-10,0 days 15:59:09.709605,51841,6.22,6.21,50203,50038,1123,-11477
1192,FSK,2020-02-10,0 days 15:59:28.754731,52964,6.22,6.21,46563,63431,-886,1123
1193,FSK,2020-02-10,0 days 15:59:29.757721,51950,6.22,6.21,46318,56841,1014,-886
1194,FTCH,2020-02-10,0 days 15:55:00.204878,68734,12.2,12.19,2403,376,-1680,10288
1195,FTCH,2020-02-10,0 days 15:56:25.409600,70823,12.19,12.18,9609,7185,948,-1342
1196,FTCH,2020-02-10,0 days 15:57:10.519748,74870,12.19,12.18,10631,5785,-2157,3343
1197,FTCH,2020-02-10,0 days 15:57:11.521447,74427,12.19,12.18,10631,5785,4243,-2157
1198,FTCH,2020-02-10,0 days 15:57:38.586569,79570,12.17,12.16,6972,5209,-1185,315
1199,FTCH,2020-02-10,0 days 15:57:39.589037,78855,12.17,12.16,6972,5209,715,-1185
1200,FTCH,2020-02-10,0 days 15:58:21.692523,80721,12.17,12.16,6059,8786,-534,866
1201,FTCH,2020-02-10,0 days 15:58:22.694929,79855,12.17,12.16,6059,8686,866,-534
1202,FTCH,2020-02-10,0 days 15:58:25.701974,80721,12.17,12.16,5859,8691,-534,866
1203,FTCH,2020-02-10,0 days 15:58:26.705483,79855,12.17,12.16,5859,8691,866,-534
1204,FTCH,2020-02-10,0 days 15:58:44.747951,84421,12.17,12.16,8036,9476,-1534,4166
1205,FTCH,2020-02-10,0 days 15:58:45.750165,83255,12.17,12.16,8036,9476,1166,-1534
1206,FTI,2020-02-10,0 days 15:55:01.032332,181784,16.24,16.23,3000,15795,-11885,19652
1207,FTI,2020-02-10,0 days 15:55:02.031886,179069,16.24,16.23,4499,12527,2715,-11885
1208,FTI,2020-02-10,0 days 15:57:11.343299,197179,16.27,16.26,2860,22294,-3638,3262
1209,FTI,2020-02-10,0 days 15:57:12.345326,194317,16.27,16.26,3612,23281,2862,-3638
1210,FTI,2020-02-10,0 days 15:58:53.589519,201336,16.26,16.25,3497,34476,2633,-667
1211,FTI,2020-02-10,0 days 15:59:07.624421,216115,16.24,16.23,21183,947,-7617,2879
1212,FTI,2020-02-10,0 days 15:59:08.627381,213732,16.24,16.23,24409,1344,2383,-7617
1213,FTI,2020-02-10,0 days 15:59:24.665185,239859,16.24,16.23,8860,8880,-1302,1234
1214,FTI,2020-02-10,0 days 15:59:25.667879,236861,16.24,16.23,5660,8798,2998,-1302
1215,FTI,2020-02-10,0 days 15:59:28.675574,249659,16.24,16.23,1383,17212,-875,12798
1216,FTI,2020-02-10,0 days 15:59:29.678364,250534,16.23,16.22,17818,3976,1625,-875
1217,FTV,2020-02-10,0 days 15:55:01.032650,111829,79.24,79.23,2514,329,30440,-31256
1218,FTV,2020-02-10,0 days 15:55:02.032002,110511,79.24,79.22,2501,605,-1318,30440
1219,FTV,2020-02-10,0 days 15:55:26.090256,115431,79.18,79.17,1285,100,739,-1672
1220,FTV,2020-02-10,0 days 15:55:27.092422,114070,79.18,79.17,2285,205,-1361,739
1221,FTV,2020-02-10,0 days 15:56:42.273111,130724,79.27,79.26,595,1265,463,-637
1222,FTV,2020-02-10,0 days 15:56:43.275614,128287,79.28,79.27,300,700,-2437,463
1223,FTV,2020-02-10,0 days 15:57:14.350308,139201,79.23,79.22,1942,3441,682,-3618
1224,FTV,2020-02-10,0 days 15:57:15.352792,136083,79.24,79.23,1240,902,-3118,682
1225,FTV,2020-02-10,0 days 15:59:06.623091,142213,79.27,79.26,396,1319,4132,-1472
1226,FTV,2020-02-10,0 days 15:59:07.624485,141045,79.27,79.26,355,1223,-668,4132
1227,FTV,2020-02-10,0 days 15:59:10.632713,137667,79.27,79.26,326,913,2678,-785
1228,FTV,2020-02-10,0 days 15:59:36.695849,167934,79.34,79.31,2798,672,-1320,4780
