,Symbol,Timestamp,TIME,iPaired,Ask_P,Bid_P,Ask_S,Bid_S,iShares,PreviShares
0,A,2020-02-24,0 days 15:59:13.790695,326905,80.6,80.58,400,400,-1850,693
1,A,2020-02-24,0 days 15:59:15.795418,327939,80.59,80.57,500,233,13153,-1850
2,AA,2020-02-24,0 days 15:55:01.220639,167499,15.37,15.36,7147,7384,-8625,3503
3,AA,2020-02-24,0 days 15:55:02.223091,165124,15.37,15.36,6247,9426,2375,-8625
4,AA,2020-02-24,0 days 15:56:02.367625,167499,15.36,15.35,19866,9881,-1625,2687
5,AA,2020-02-24,0 days 15:56:03.370129,165224,15.36,15.35,20066,9730,4159,-1625
6,AA,2020-02-24,0 days 15:57:06.522859,169739,15.35,15.34,15860,15224,-1907,2593
7,AA,2020-02-24,0 days 15:57:07.525388,167346,15.35,15.34,15960,15224,4593,-1907
8,AA,2020-02-24,0 days 15:57:39.602636,188881,15.37,15.36,5762,15301,-892,2308
9,AA,2020-02-24,0 days 15:57:40.605399,185473,15.37,15.36,6462,14935,3408,-892
10,AA,2020-02-24,0 days 15:59:57.935229,241881,15.36,15.35,17951,7321,-104,1396
11,AAN,2020-02-24,0 days 15:55:13.113250,46506,43.47,43.45,519,102,-902,698
12,AAN,2020-02-24,0 days 15:55:19.128473,47408,43.34,43.3,425,517,898,-902
13,AAN,2020-02-24,0 days 15:55:20.130759,46706,43.34,43.3,1035,417,-702,898
14,AAN,2020-02-24,0 days 15:55:35.168382,47408,43.34,43.29,881,590,929,-702
15,AAN,2020-02-24,0 days 15:55:36.168785,46837,43.34,43.29,881,590,-571,929
16,AAN,2020-02-24,0 days 15:56:37.314859,47440,43.39,43.36,407,100,1245,-555
17,AAN,2020-02-24,0 days 15:56:38.317085,46985,43.39,43.34,173,520,-455,1245
18,AAN,2020-02-24,0 days 15:57:10.395592,49008,43.43,43.4,645,793,843,-405
19,AAN,2020-02-24,0 days 15:57:11.397475,48351,43.43,43.4,645,793,-1757,843
20,AAN,2020-02-24,0 days 15:57:32.448453,49551,43.39,43.36,901,320,-580,320
21,AAN,2020-02-24,0 days 15:57:56.507055,50131,43.35,43.32,871,100,304,-138
22,AAN,2020-02-24,0 days 15:57:57.509888,49635,43.35,43.32,924,5,-496,304
23,AAN,2020-02-24,0 days 15:59:11.689198,57229,43.33,43.31,716,513,-855,1845
24,AAN,2020-02-24,0 days 15:59:23.717575,59716,43.35,43.31,1351,995,-631,427
25,AAN,2020-02-24,0 days 15:59:29.733125,64547,43.32,43.3,875,1363,4511,-4360
26,AAN,2020-02-24,0 days 15:59:30.735809,63700,43.32,43.3,803,1100,-847,4511
27,AAN,2020-02-24,0 days 15:59:38.754958,64347,43.3,43.27,923,562,1356,-105
28,AAN,2020-02-24,0 days 15:59:42.764486,69508,43.3,43.27,1027,7,395,-3166
29,AAN,2020-02-24,0 days 15:59:48.779314,62350,43.32,43.25,2490,915,-7558,4545
30,AAN,2020-02-24,0 days 15:59:49.780578,65308,43.3,43.24,432,1000,5545,-7558
31,AAN,2020-02-24,0 days 15:59:50.783370,64453,43.3,43.24,660,1100,-855,5545
32,AAN,2020-02-24,0 days 15:59:59.807885,64453,43.29,43.19,1174,3962,-855,4186
33,ABB,2020-02-24,0 days 15:55:00.108115,29169,22.82,22.81,18926,4190,985,-4262
34,ABB,2020-02-24,0 days 15:59:07.707249,32835,22.81,22.8,24622,19677,-3626,541
35,ABB,2020-02-24,0 days 15:59:08.709234,30161,22.81,22.8,24622,17977,2674,-3626
36,ABB,2020-02-24,0 days 15:59:20.735189,32835,22.81,22.8,16253,19373,-693,2674
37,ABEV,2020-02-24,0 days 15:59:36.699066,239945,3.6,3.59,650048,175112,81978,-102522
38,ABEV,2020-02-24,0 days 15:59:37.702699,235423,3.6,3.59,647548,175112,-122,81978
39,ABT,2020-02-24,0 days 15:55:01.034339,582143,84.73,84.72,1499,2000,17801,-9833
40,ABT,2020-02-24,0 days 15:56:00.174573,614655,84.73,84.72,2600,415,-12648,17352
41,ABT,2020-02-24,0 days 15:56:01.176414,613003,84.7,84.69,439,418,3252,-12648
42,ABT,2020-02-24,0 days 15:56:05.186141,616255,84.71,84.7,400,1200,-1132,368
43,ABT,2020-02-24,0 days 15:56:06.187939,614087,84.71,84.7,1212,1600,2168,-1132
44,ABT,2020-02-24,0 days 15:56:22.226656,624939,84.73,84.72,2079,2010,-476,2721
45,ABT,2020-02-24,0 days 15:56:23.228911,622515,84.73,84.72,829,1622,2324,-476
46,ABT,2020-02-24,0 days 15:57:02.322861,630055,84.7,84.69,3454,100,-1491,205
47,ABT,2020-02-24,0 days 15:57:03.325211,627844,84.7,84.69,2232,185,911,-1491
48,ABT,2020-02-24,0 days 15:57:04.328525,630055,84.7,84.69,601,485,-1189,911
49,ABT,2020-02-24,0 days 15:57:05.330937,628183,84.7,84.69,306,1985,2165,-1189
50,ABT,2020-02-24,0 days 15:57:33.398206,639300,84.68,84.67,2128,498,-75,3725
51,ABT,2020-02-24,0 days 15:57:34.400990,638040,84.68,84.67,2028,1412,1260,-75
52,ABT,2020-02-24,0 days 15:57:43.423316,633040,84.68,84.67,2000,1019,5926,-1440
53,ABT,2020-02-24,0 days 15:57:50.440024,639300,84.69,84.68,1760,106,-3364,1860
54,ABT,2020-02-24,0 days 15:57:51.442227,638064,84.67,84.66,370,1905,1236,-3364
55,ABT,2020-02-24,0 days 15:57:54.449466,639300,84.68,84.67,4,1100,-1764,10502
56,ABT,2020-02-24,0 days 15:57:56.454357,637864,84.68,84.67,305,1600,1102,-3764
57,ABT,2020-02-24,0 days 15:57:57.458778,639300,84.68,84.67,1215,300,-3464,1102
58,ABT,2020-02-24,0 days 15:57:59.461802,637864,84.68,84.67,1716,2400,1102,-3764
59,ABT,2020-02-24,0 days 15:58:06.479935,636537,84.71,84.7,1000,531,-7727,1402
60,ABT,2020-02-24,0 days 15:58:07.482129,635964,84.71,84.7,1300,1520,573,-7727
61,ABT,2020-02-24,0 days 15:58:45.574074,638589,84.75,84.74,2551,600,-11390,210
62,ABT,2020-02-24,0 days 15:59:25.671777,728321,84.68,84.67,2200,1306,-301,4459
63,ABT,2020-02-24,0 days 15:59:32.688690,758497,84.63,84.62,3079,1100,4624,-34976
64,ABT,2020-02-24,0 days 15:59:33.691876,756121,84.65,84.64,414,714,-5876,4624
65,ABT,2020-02-24,0 days 15:59:36.698989,757021,84.63,84.62,300,1400,-10077,2824
66,ABT,2020-02-24,0 days 15:59:42.713408,772021,84.65,84.64,200,200,-2250,9650
67,ACN,2020-02-24,0 days 15:55:00.107762,256832,204.59,204.58,18,3,-8603,72071
68,ACN,2020-02-24,0 days 15:56:01.254009,264404,204.63,204.61,101,528,129,-771
69,ACN,2020-02-24,0 days 15:56:02.255810,263633,204.64,204.62,200,560,-771,129
70,ACN,2020-02-24,0 days 15:56:09.272394,264404,204.59,204.58,201,48,3014,-512
71,ACN,2020-02-24,0 days 15:56:10.274973,264048,204.58,204.56,101,48,-356,3014
72,ACN,2020-02-24,0 days 15:56:11.277076,264404,204.58,204.55,1,216,414,-356
73,ACN,2020-02-24,0 days 15:56:12.279710,264118,204.59,204.56,405,248,-286,414
74,ACN,2020-02-24,0 days 15:56:32.327761,266775,204.59,204.57,307,7,143,-627
75,ACN,2020-02-24,0 days 15:56:33.329818,266218,204.58,204.55,230,43,-557,143
76,ACN,2020-02-24,0 days 15:57:00.397007,266789,204.56,204.53,219,43,521,-312
77,ACN,2020-02-24,0 days 15:57:01.398036,266710,204.55,204.52,200,40,-68,521
78,ACN,2020-02-24,0 days 15:57:05.408596,266789,204.56,204.53,361,329,1121,-68
79,ACN,2020-02-24,0 days 15:57:06.410653,266810,204.55,204.53,1,51,-210,1121
80,ACN,2020-02-24,0 days 15:57:08.414908,267031,204.55,204.51,202,900,782,-110
81,ACN,2020-02-24,0 days 15:57:36.482722,284929,204.48,204.46,135,202,-3412,1588
82,ACN,2020-02-24,0 days 15:57:37.485016,283341,204.48,204.46,256,88,1588,-3412
83,ACN,2020-02-24,0 days 15:57:45.504788,285329,204.47,204.43,201,100,-707,193
84,ACN,2020-02-24,0 days 15:57:46.507151,283736,204.45,204.42,202,212,1593,-707
85,ACN,2020-02-24,0 days 15:58:01.544480,285331,204.48,204.46,27,450,-1599,2501
86,ACN,2020-02-24,0 days 15:58:02.546601,283830,204.5,204.47,231,650,1201,-1599
87,ACN,2020-02-24,0 days 15:58:09.564720,283158,204.57,204.54,200,4,-893,1718
88,ACN,2020-02-24,0 days 15:58:14.575736,281051,204.65,204.62,1264,138,1128,-1322
89,ACN,2020-02-24,0 days 15:58:15.577924,282179,204.63,204.62,1,450,-2041,1128
90,ACN,2020-02-24,0 days 15:58:17.583465,281718,204.62,204.58,1,143,720,-4134
91,ACN,2020-02-24,0 days 15:58:48.658664,285379,204.63,204.58,227,62,-166,634
92,ACN,2020-02-24,0 days 15:58:51.665343,285083,204.61,204.57,917,100,-62,179
93,ACN,2020-02-24,0 days 15:58:52.667784,283645,204.61,204.57,922,100,1738,-62
94,ACN,2020-02-24,0 days 15:58:55.675609,285753,204.56,204.53,4,200,-2492,6319
95,ACN,2020-02-24,0 days 15:58:56.677356,285345,204.58,204.53,500,99,408,-2492
96,ACN,2020-02-24,0 days 15:59:02.692981,285853,204.57,204.5,102,1648,-1883,717
97,ACN,2020-02-24,0 days 15:59:07.706828,298031,204.57,204.54,30,100,-8710,12020
98,ACN,2020-02-24,0 days 15:59:08.709081,295930,204.56,204.51,302,200,4701,-8710
99,ACN,2020-02-24,0 days 15:59:10.714421,300631,204.51,204.49,258,104,-726,1701
100,ACN,2020-02-24,0 days 15:59:11.715757,296957,204.54,204.51,101,100,3674,-726
101,ACN,2020-02-24,0 days 15:59:16.726929,304535,204.48,204.42,201,263,-2292,3246
102,ACN,2020-02-24,0 days 15:59:21.738251,311833,204.48,204.4,761,656,2602,-3398
103,ACN,2020-02-24,0 days 15:59:23.742089,310335,204.45,204.4,100,63,-1916,402
104,ACN,2020-02-24,0 days 15:59:32.764105,324286,204.41,204.37,671,4,4475,-6425
105,ACN,2020-02-24,0 days 15:59:33.766825,323061,204.42,204.38,672,4,-1225,4475
106,ACN,2020-02-24,0 days 15:59:41.786609,324367,204.34,204.3,16,1905,441,-400
107,ACN,2020-02-24,0 days 15:59:42.789014,324808,204.35,204.32,1,203,-2159,441
108,ACN,2020-02-24,0 days 15:59:43.790966,325476,204.33,204.3,200,100,1332,-2159
109,ACN,2020-02-24,0 days 15:59:44.794011,324808,204.31,204.29,200,27,-668,1332
110,ACN,2020-02-24,0 days 15:59:45.796318,325202,204.33,204.29,1,500,3672,-668
111,ACN,2020-02-24,0 days 15:59:46.798235,324774,204.34,204.31,1,504,-428,3672
112,ADM,2020-02-24,0 days 15:56:53.378755,320980,42.84,42.83,2830,3082,2176,-2719
113,ADM,2020-02-24,0 days 15:56:54.381369,317956,42.84,42.83,3630,2882,-3024,2176
114,ADM,2020-02-24,0 days 15:57:11.423242,323629,42.85,42.84,3103,5392,2361,-3103
115,ADM,2020-02-24,0 days 15:57:12.425547,321090,42.85,42.84,3105,4909,-2539,2361
116,ADM,2020-02-24,0 days 15:57:16.435620,323629,42.85,42.84,4005,4609,121,-2480
117,ADM,2020-02-24,0 days 15:57:18.440073,323750,42.85,42.84,4505,4012,-551,121
118,ADM,2020-02-24,0 days 15:57:34.478447,324301,42.84,42.83,2143,4153,2349,-551
119,ADM,2020-02-24,0 days 15:57:35.480895,322250,42.84,42.83,4319,1196,-2051,2349
120,ADM,2020-02-24,0 days 15:57:48.512366,324301,42.84,42.83,3381,4774,549,-2051
121,ADM,2020-02-24,0 days 15:57:49.514771,322250,42.84,42.83,2858,5126,-2051,549
122,ADM,2020-02-24,0 days 15:57:58.536718,324301,42.84,42.83,4960,2775,549,-2051
123,ADM,2020-02-24,0 days 15:57:59.539343,323650,42.84,42.83,4860,2829,-651,549
124,ADM,2020-02-24,0 days 15:58:05.556116,324553,42.84,42.83,5139,6478,297,-2051
125,ADM,2020-02-24,0 days 15:58:06.558171,322450,42.84,42.83,5056,6578,-2103,297
126,ADM,2020-02-24,0 days 15:58:09.565309,324553,42.84,42.83,5177,6532,497,-2103
127,ADM,2020-02-24,0 days 15:58:10.567812,322450,42.84,42.83,3251,6908,-2103,497
128,ADM,2020-02-24,0 days 15:59:06.704264,332905,42.84,42.83,3100,2595,20788,-2481
129,ADM,2020-02-24,0 days 15:59:07.707458,331593,42.85,42.84,500,3799,-1312,20788
130,ADM,2020-02-24,0 days 15:59:13.721655,334330,42.87,42.86,3800,2576,41585,-735
131,ADM,2020-02-24,0 days 15:59:40.785391,379887,42.83,42.82,1362,3598,9616,-184
132,AEE,2020-02-24,0 days 15:55:01.034666,141012,84.72,84.71,817,1459,31698,-36662
133,AEE,2020-02-24,0 days 15:55:02.033997,137110,84.72,84.71,783,1559,-3902,31698
134,AEE,2020-02-24,0 days 15:55:24.088471,148563,84.69,84.68,533,904,247,-4553
135,AEE,2020-02-24,0 days 15:55:56.164451,164401,84.74,84.73,1800,3,187,-5413
136,AEE,2020-02-24,0 days 15:56:23.228935,164624,84.76,84.75,616,1348,-338,121
137,AEE,2020-02-24,0 days 15:56:31.247942,164962,84.76,84.75,400,548,462,-338
138,AEE,2020-02-24,0 days 15:56:33.252692,154906,84.76,84.75,600,748,-10056,462
139,AEE,2020-02-24,0 days 15:57:31.393862,178319,84.72,84.71,207,1417,1316,-3884
140,AEE,2020-02-24,0 days 15:57:32.396442,172735,84.72,84.71,390,1517,-5584,1316
141,AEE,2020-02-24,0 days 15:57:42.420093,178319,84.74,84.73,109,909,409,-291
142,AEE,2020-02-24,0 days 15:57:43.423490,173828,84.74,84.73,109,858,-4491,409
143,AEE,2020-02-24,0 days 15:58:13.497407,179611,84.78,84.77,100,1000,1485,-5215
144,AEE,2020-02-24,0 days 15:58:14.499077,175896,84.78,84.77,634,600,-3715,1485
145,AEE,2020-02-24,0 days 15:58:33.544518,179611,84.79,84.78,276,358,1491,-3309
146,AEE,2020-02-24,0 days 15:58:34.547903,176602,84.8,84.79,400,748,-3009,1491
147,AEE,2020-02-24,0 days 15:58:43.571106,176712,84.8,84.79,167,1551,-3078,1312
148,AEE,2020-02-24,0 days 15:59:01.613296,176430,84.77,84.76,1291,319,-2790,2055
149,AEE,2020-02-24,0 days 15:59:13.643135,177299,84.81,84.8,400,536,20690,-996
150,AEE,2020-02-24,0 days 15:59:15.647796,176515,84.82,84.81,1040,98,-2363,20190
151,AEE,2020-02-24,0 days 15:59:26.674283,178681,84.82,84.8,1100,832,-2689,2137
152,AEM,2020-02-24,0 days 15:55:00.114721,50453,52.82,52.81,316,1411,-834,14680
153,AEM,2020-02-24,0 days 15:57:06.419257,51364,52.8,52.78,101,1428,293,-607
154,AEM,2020-02-24,0 days 15:57:07.421958,50757,52.8,52.79,191,102,-607,293
155,AEM,2020-02-24,0 days 15:57:45.513402,53136,52.77,52.76,100,700,1770,-730
156,AEM,2020-02-24,0 days 15:57:46.516366,52306,52.77,52.76,10,700,-830,1770
157,AEM,2020-02-24,0 days 15:59:07.713279,49577,52.74,52.71,1565,600,3721,-138
158,AEM,2020-02-24,0 days 15:59:08.715747,49498,52.74,52.71,1665,600,-4187,3721
159,AEM,2020-02-24,0 days 15:59:24.755376,60921,52.72,52.7,425,3728,1866,-229
160,AEM,2020-02-24,0 days 15:59:25.757884,60187,52.72,52.7,425,3528,-734,1866
161,AEO,2020-02-24,0 days 15:56:11.700470,170997,14.12,14.11,12884,11246,-6473,3399
162,AEO,2020-02-24,0 days 15:56:12.702383,165870,14.12,14.11,12884,11246,5127,-6473
163,AEO,2020-02-24,0 days 15:57:37.907361,178467,14.1,14.09,24023,4848,-8172,3968
164,AEO,2020-02-24,0 days 15:57:45.926875,170039,14.11,14.1,7111,23293,1768,-512
165,AEO,2020-02-24,0 days 15:57:50.939890,173827,14.1,14.09,4045,10776,-62112,1768
166,AEO,2020-02-24,0 days 15:58:19.008522,219539,14.1,14.09,23317,3401,33494,-51266
167,AEO,2020-02-24,0 days 15:58:20.009567,219273,14.1,14.09,10341,14211,-266,33494
168,AEO,2020-02-24,0 days 15:59:18.151045,226528,14.11,14.1,17219,5052,13289,-2744
169,AEO,2020-02-24,0 days 15:59:40.206844,235047,14.11,14.1,4127,24036,-8613,9039
170,AEP,2020-02-24,0 days 15:55:36.116981,257750,100.1,100.08,2100,1973,-2079,945
171,AEP,2020-02-24,0 days 15:55:37.119028,257429,100.1,100.09,1601,160,321,-2079
172,AEP,2020-02-24,0 days 15:56:00.174710,258203,100.08,100.06,920,1655,-526,574
173,AEP,2020-02-24,0 days 15:56:01.176474,257929,100.07,100.06,463,1569,274,-526
174,AEP,2020-02-24,0 days 15:56:18.216736,258481,100.11,100.1,1123,874,-553,347
175,AEP,2020-02-24,0 days 15:56:19.218957,258234,100.11,100.1,924,1161,247,-553
176,AEP,2020-02-24,0 days 15:56:22.226720,258481,100.11,100.1,600,2973,-679,42
177,AEP,2020-02-24,0 days 15:56:23.228960,258360,100.11,100.1,600,2973,121,-679
178,AEP,2020-02-24,0 days 15:56:37.263072,258949,100.1,100.09,1780,1891,-5691,189
179,AEP,2020-02-24,0 days 15:57:04.328736,269778,100.07,100.06,1318,637,-1062,238
180,AEP,2020-02-24,0 days 15:57:05.331109,270888,100.07,100.06,1020,1124,243,-1062
181,AEP,2020-02-24,0 days 15:57:06.332999,270068,100.07,100.06,1220,1638,-820,243
182,AEP,2020-02-24,0 days 15:57:15.355292,288689,100.06,100.04,800,706,1500,-966
183,AEP,2020-02-24,0 days 15:57:56.454487,305526,100.13,100.12,1205,100,2897,-2303
184,AEP,2020-02-24,0 days 15:58:14.499107,305891,100.14,100.13,102,901,1924,-4122
185,AEP,2020-02-24,0 days 15:58:54.596493,315355,100.15,100.14,802,503,-564,2936
186,AEP,2020-02-24,0 days 15:58:55.598083,311819,100.15,100.14,409,44,3536,-564
187,AEP,2020-02-24,0 days 15:59:04.620670,317372,100.13,100.11,211,1086,-5019,3886
188,AEP,2020-02-24,0 days 15:59:05.624264,315291,100.13,100.11,425,1316,827,-5019
189,AEP,2020-02-24,0 days 15:59:07.628476,322672,100.13,100.11,432,1951,-12130,810
190,AEP,2020-02-24,0 days 15:59:15.647988,325962,100.15,100.13,934,1415,-3575,3417
191,AER,2020-02-24,0 days 15:57:11.491101,36056,58.01,58.0,1000,550,214,-1247
192,AER,2020-02-24,0 days 15:57:12.494073,35270,58.01,58.0,1230,800,-809,214
193,AES,2020-02-24,0 days 15:58:45.651795,350375,20.26,20.25,26088,25767,2070,-7316
194,AES,2020-02-24,0 days 15:58:46.654979,345245,20.26,20.25,23188,27068,-5130,2070
195,AES,2020-02-24,0 days 15:59:00.689211,350412,20.25,20.24,46537,7166,6357,-2067
196,AES,2020-02-24,0 days 15:59:01.691000,340969,20.25,20.24,46646,8138,-9443,6357
197,AES,2020-02-24,0 days 15:59:06.704019,338694,20.25,20.24,25902,16964,17191,-4079
198,AES,2020-02-24,0 days 15:59:07.707133,317985,20.25,20.24,22505,17565,-20709,17191
199,AES,2020-02-24,0 days 15:59:11.715872,349799,20.25,20.24,14277,26697,15475,-13114
200,AES,2020-02-24,0 days 15:59:12.719160,340074,20.25,20.24,1328,36086,-17180,15475
201,AES,2020-02-24,0 days 15:59:13.721449,397654,20.26,20.25,13586,36785,2768,-17180
202,AES,2020-02-24,0 days 15:59:15.723348,401830,20.26,20.25,16146,30694,-9277,2776
203,AES,2020-02-24,0 days 15:59:16.727233,390207,20.26,20.25,21375,25744,10223,-9277
204,AES,2020-02-24,0 days 15:59:17.727357,401830,20.26,20.25,24941,22225,-2877,10223
205,AES,2020-02-24,0 days 15:59:18.729624,400907,20.26,20.25,41242,25270,1423,-2877
206,AES,2020-02-24,0 days 15:59:20.735104,405430,20.26,20.25,51201,12905,-6101,1423
207,AES,2020-02-24,0 days 15:59:21.738371,398831,20.26,20.25,52538,11259,3499,-6101
208,AES,2020-02-24,0 days 15:59:23.742183,413524,20.26,20.25,57474,10353,-9907,10093
209,AES,2020-02-24,0 days 15:59:45.796463,428632,20.25,20.24,54786,12808,-2726,1974
210,AES,2020-02-24,0 days 15:59:50.808599,426458,20.25,20.24,54593,8887,2174,-2726
211,AFL,2020-02-24,0 days 15:59:15.699133,554585,49.3,49.29,2697,4280,20892,-16617
212,AFL,2020-02-24,0 days 15:59:16.701474,549647,49.3,49.29,3472,5078,-5057,20892
213,AFL,2020-02-24,0 days 15:59:22.715568,554704,49.29,49.28,3002,8526,2914,-341
214,AFL,2020-02-24,0 days 15:59:23.717523,550118,49.29,49.28,4120,7326,-4586,2914
215,AFL,2020-02-24,0 days 15:59:38.754865,562887,49.27,49.26,5213,2901,696,-2481
216,AFL,2020-02-24,0 days 15:59:42.764387,560085,49.27,49.26,800,3844,-3602,3998
217,AG,2020-02-24,0 days 15:55:00.108306,47816,9.83,9.82,18039,8176,-1755,17480
218,AG,2020-02-24,0 days 15:57:15.433959,49571,9.82,9.81,15799,32118,842,-921
219,AGI,2020-02-24,0 days 15:59:15.733694,70547,6.92,6.91,24486,92796,-4163,84
220,AGI,2020-02-24,0 days 15:59:16.735548,70056,6.92,6.91,24476,93786,491,-4163
221,AGN,2020-02-24,0 days 15:56:59.337011,1028848,198.22,198.18,250,1308,3412,-8988
222,AGN,2020-02-24,0 days 15:57:04.349077,1028862,198.28,198.25,200,600,-136,614
223,AGN,2020-02-24,0 days 15:57:39.434343,1040332,198.2,198.15,257,600,7130,-1170
224,AGN,2020-02-24,0 days 15:57:40.436335,1039162,198.2,198.15,611,300,-1170,7130
225,AGN,2020-02-24,0 days 15:57:42.441080,1040332,198.2,198.15,1171,200,730,-6970
226,AGN,2020-02-24,0 days 15:57:43.443993,1037262,198.2,198.15,1121,200,-3070,730
227,AGN,2020-02-24,0 days 15:57:45.449263,1040332,198.2,198.16,972,10,1130,-1170
228,AGN,2020-02-24,0 days 15:57:46.450918,1039162,198.22,198.2,4,9,-1170,1130
229,AGN,2020-02-24,0 days 15:57:48.456572,1041332,198.19,198.17,50,5,3230,-1170
230,AGN,2020-02-24,0 days 15:57:49.458169,1040062,198.21,198.15,532,800,-270,3230
231,AGN,2020-02-24,0 days 15:58:02.490631,1046647,198.16,198.13,1000,200,9915,-8770
232,AGN,2020-02-24,0 days 15:58:03.493416,1035688,198.16,198.13,301,100,-17244,9915
233,AGN,2020-02-24,0 days 15:59:11.658516,1054823,198.26,198.21,100,516,-2323,2877
234,AGN,2020-02-24,0 days 15:59:16.671154,1057963,198.26,198.21,100,204,15335,-3140
235,AGN,2020-02-24,0 days 15:59:39.726952,1074144,198.24,198.2,200,1158,-221,829
236,AGN,2020-02-24,0 days 15:59:43.736152,1073890,198.22,198.17,1100,293,-25,263
237,AGN,2020-02-24,0 days 15:59:45.741881,1072915,198.2,198.17,987,105,1584,-1175
238,AIG,2020-02-24,0 days 15:58:05.556146,655245,45.69,45.68,1100,4099,-6411,7489
239,AIG,2020-02-24,0 days 15:58:06.558199,646247,45.69,45.68,3400,5999,6110,-6411
240,AIG,2020-02-24,0 days 15:59:25.748046,804720,45.62,45.61,3887,6068,-97654,5013
241,AIG,2020-02-24,0 days 15:59:26.749680,797463,45.6,45.59,1322,6400,7557,-97654
242,AIG,2020-02-24,0 days 15:59:28.755768,798620,45.64,45.63,5040,200,-2675,14857
243,AIG,2020-02-24,0 days 15:59:30.760384,790295,45.63,45.62,600,8808,8210,-4065
244,AIG,2020-02-24,0 days 15:59:35.772328,837318,45.64,45.63,1002,11262,-2377,20753
245,AIG,2020-02-24,0 days 15:59:36.774719,842195,45.64,45.63,4563,7816,10671,-2377
246,AIG,2020-02-24,0 days 15:59:39.781858,858566,45.64,45.63,2363,12450,-51893,16049
247,AIG,2020-02-24,0 days 15:59:42.789302,853710,45.64,45.63,1929,12239,6086,-1044
248,AIG,2020-02-24,0 days 15:59:43.791156,860966,45.64,45.63,2929,10863,-4133,6086
249,AIG,2020-02-24,0 days 15:59:47.800698,865768,45.64,45.63,1193,10108,-6332,785
250,AIG,2020-02-24,0 days 15:59:49.805862,862148,45.64,45.63,1668,8362,2450,-680
251,AIG,2020-02-24,0 days 15:59:54.820693,859418,45.68,45.67,142,10102,-10124,8188
252,AKS,2020-02-24,0 days 15:59:00.802623,1112506,2.7,2.69,95621,254393,-11480,63789
253,AKS,2020-02-24,0 days 15:59:01.802434,1108986,2.7,2.69,90721,255293,3520,-11480
254,AKS,2020-02-24,0 days 15:59:38.889938,1112506,2.7,2.69,60939,286485,-887,1613
255,ALB,2020-02-24,0 days 15:57:10.488646,142478,89.64,89.61,403,840,288,-493
256,ALB,2020-02-24,0 days 15:57:11.490681,139366,89.64,89.61,403,840,-3221,288
257,ALB,2020-02-24,0 days 15:58:07.628746,142715,89.64,89.59,300,840,1547,-2109
258,ALB,2020-02-24,0 days 15:58:08.630881,140367,89.64,89.59,300,740,-2348,1547
259,ALB,2020-02-24,0 days 15:59:23.811686,148663,89.61,89.57,1,344,584,-854
260,ALB,2020-02-24,0 days 15:59:24.814757,147447,89.61,89.58,16,100,-1216,584
261,ALB,2020-02-24,0 days 15:59:36.844009,150706,89.62,89.58,300,317,2578,-1828
262,ALB,2020-02-24,0 days 15:59:39.851493,149866,89.62,89.6,704,100,-640,4060
263,ALB,2020-02-24,0 days 15:59:42.860025,150506,89.61,89.57,703,200,60,-340
264,ALB,2020-02-24,0 days 15:59:43.861099,150566,89.61,89.57,703,200,-740,60
265,ALLY,2020-02-24,0 days 15:59:36.196167,493257,27.41,27.4,6682,7722,3399,-6755
266,ALLY,2020-02-24,0 days 15:59:37.198307,494417,27.42,27.41,850,8723,-4040,3399
267,ALLY,2020-02-24,0 days 15:59:39.203452,498572,27.42,27.41,5224,9552,2717,-789
268,ALLY,2020-02-24,0 days 15:59:40.206878,497889,27.42,27.41,500,12326,-683,2717
269,ALLY,2020-02-24,0 days 15:59:44.215264,498886,27.41,27.4,1144,14430,-586,25414
270,ALLY,2020-02-24,0 days 15:59:48.225097,526632,27.42,27.41,2004,12659,619,-14686
271,ALLY,2020-02-24,0 days 15:59:50.232342,507809,27.42,27.41,7492,9867,-18823,1281
272,AME,2020-02-24,0 days 15:59:13.663454,244321,95.43,95.42,204,20,33279,-2594
273,AME,2020-02-24,0 days 15:59:14.666379,242700,95.45,95.42,948,1111,-1588,33279
274,AME,2020-02-24,0 days 15:59:15.668396,244357,95.44,95.41,1531,189,3356,-1588
275,AME,2020-02-24,0 days 15:59:16.671010,243113,95.41,95.4,219,401,-511,3356
276,AME,2020-02-24,0 days 15:59:18.675619,243624,95.4,95.38,54,300,290,-410
277,AMH,2020-02-24,0 days 15:55:00.056187,86992,28.45,28.44,3108,1257,-5359,32072
278,AMH,2020-02-24,0 days 15:57:10.364150,94132,28.46,28.45,4314,4568,3500,-433
279,AMH,2020-02-24,0 days 15:57:11.366190,93832,28.46,28.45,4316,4668,-300,3500
280,AMH,2020-02-24,0 days 15:58:05.519914,94254,28.45,28.44,3492,6230,93,-122
281,AMH,2020-02-24,0 days 15:59:04.640960,101379,28.45,28.44,8767,3222,-104,396
282,AMH,2020-02-24,0 days 15:59:11.658429,101483,28.45,28.44,8414,3001,2310,-104
283,AMH,2020-02-24,0 days 15:59:21.682740,119172,28.44,28.43,3586,4700,638,-11649
284,AMH,2020-02-24,0 days 15:59:29.702900,120478,28.44,28.43,5001,1100,1099,-1038
285,AMH,2020-02-24,0 days 15:59:39.726888,117791,28.43,28.42,2600,13246,-2795,4713
286,AMT,2020-02-24,0 days 15:57:14.430802,318353,246.0,245.92,1,400,-3149,3251
287,AMT,2020-02-24,0 days 15:57:15.433978,316203,246.0,245.86,1,256,2150,-3149
288,AMT,2020-02-24,0 days 15:58:32.619754,329987,245.77,245.68,903,40,-1371,4229
289,AMT,2020-02-24,0 days 15:58:33.622640,327558,245.77,245.66,703,170,2429,-1371
290,AMT,2020-02-24,0 days 15:58:45.651893,330014,245.8,245.69,500,2,-968,2732
291,AMT,2020-02-24,0 days 15:58:46.655142,327582,245.8,245.69,510,1,2432,-968
292,AMT,2020-02-24,0 days 15:58:51.666270,330014,245.8,245.69,1067,8,-968,2732
293,AMT,2020-02-24,0 days 15:58:52.668637,327582,245.8,245.69,1067,8,2432,-968
294,AMT,2020-02-24,0 days 15:59:05.701137,336421,245.75,245.62,987,744,-15987,4632
295,AMT,2020-02-24,0 days 15:59:06.704284,334216,245.75,245.63,987,48,994,-15987
296,AMT,2020-02-24,0 days 15:59:08.709346,335243,245.75,245.62,1128,944,-473,994
297,AMT,2020-02-24,0 days 15:59:09.712064,334216,245.75,245.62,1154,1044,511,-473
298,AMT,2020-02-24,0 days 15:59:15.723748,336748,245.73,245.62,72,662,-3432,900
299,AMT,2020-02-24,0 days 15:59:16.727476,335980,245.59,245.5,481,324,5168,-3432
300,AMT,2020-02-24,0 days 15:59:18.729757,341148,245.54,245.39,166,2105,-330,1120
301,AMT,2020-02-24,0 days 15:59:19.732689,341478,245.54,245.43,425,100,2192,-330
302,AMT,2020-02-24,0 days 15:59:25.748019,343670,245.52,245.42,13,755,-1158,1942
303,AMT,2020-02-24,0 days 15:59:26.749652,342528,245.52,245.42,13,855,1142,-1158
304,AMT,2020-02-24,0 days 15:59:27.752225,341770,245.52,245.42,13,855,-758,1142
305,AMT,2020-02-24,0 days 15:59:28.755741,340728,245.52,245.42,59,959,4286,-758
306,AMT,2020-02-24,0 days 15:59:30.760384,347235,245.54,245.44,236,101,-3593,2307
307,ANF,2020-02-24,0 days 15:58:05.975808,155363,15.34,15.33,11373,6780,-6235,6305
308,ANF,2020-02-24,0 days 15:58:06.978352,149098,15.34,15.33,11388,6580,5605,-6235
309,ANF,2020-02-24,0 days 15:59:06.122821,151963,15.36,15.35,7592,10641,-545,5791
310,ANF,2020-02-24,0 days 15:59:17.149067,155931,15.37,15.36,2592,8395,3030,-545
311,ANF,2020-02-24,0 days 15:59:18.151014,158961,15.38,15.37,5036,3285,-11290,3030
312,ANF,2020-02-24,0 days 15:59:19.153897,155251,15.38,15.37,5336,1144,4110,-11290
313,ANF,2020-02-24,0 days 15:59:27.173636,159161,15.38,15.37,2946,7408,-381,1810
314,ANF,2020-02-24,0 days 15:59:40.206772,144542,15.39,15.38,2521,13538,19019,-681
315,ANF,2020-02-24,0 days 15:59:46.220443,164161,15.37,15.36,5972,8857,-5207,2082
316,ANF,2020-02-24,0 days 15:59:47.222708,162468,15.37,15.36,8792,12402,1693,-5207
317,ANTM,2020-02-24,0 days 15:56:09.195686,172966,277.71,277.63,100,700,1285,-295
318,ANTM,2020-02-24,0 days 15:56:10.197615,170951,277.71,277.63,102,110,-2015,1285
319,ANTM,2020-02-24,0 days 15:56:53.301370,173589,277.38,277.23,398,100,8860,-1672
320,ANTM,2020-02-24,0 days 15:56:54.304593,172549,277.38,277.23,915,200,-1040,8860
321,ANTM,2020-02-24,0 days 15:57:33.398306,179789,277.31,277.26,1118,34,266,-1334
322,ANTM,2020-02-24,0 days 15:57:34.401095,178455,277.28,277.25,101,164,-1334,266
323,ANTM,2020-02-24,0 days 15:57:36.406049,181789,277.28,277.25,71,158,66,-3334
324,ANTM,2020-02-24,0 days 15:57:41.417872,180955,277.26,277.22,300,401,-834,566
325,ANTM,2020-02-24,0 days 15:58:03.472422,182790,277.55,277.46,120,106,32,-1568
326,ANTM,2020-02-24,0 days 15:58:04.474994,182722,277.55,277.47,221,785,-68,32
327,ANTM,2020-02-24,0 days 15:58:51.588408,184082,277.67,277.64,4,100,482,-918
328,ANTM,2020-02-24,0 days 15:58:52.591012,181957,277.67,277.58,11,6,-2125,482
329,ANTM,2020-02-24,0 days 15:59:41.712059,187216,277.55,277.42,1070,200,4360,-1165
330,ANTM,2020-02-24,0 days 15:59:42.713591,187576,277.63,277.46,1529,850,-640,4360
331,ANTM,2020-02-24,0 days 15:59:43.716194,187216,277.59,277.46,900,300,1260,-640
332,ANTM,2020-02-24,0 days 15:59:48.726259,186683,277.51,277.46,10,123,-533,10837
333,AOS,2020-02-24,0 days 15:59:44.794232,181661,42.86,42.85,3952,1418,114,-378
334,AOS,2020-02-24,0 days 15:59:48.803754,179875,42.86,42.85,1841,471,-1786,114
335,APA,2020-02-24,0 days 15:57:03.824979,405778,26.81,26.8,4774,4610,208,-4992
336,APA,2020-02-24,0 days 15:57:04.827434,390686,26.81,26.8,5150,4618,-15092,208
337,APA,2020-02-24,0 days 15:57:54.947557,412035,26.78,26.77,3056,3037,5014,-5453
338,APA,2020-02-24,0 days 15:57:55.950270,405249,26.78,26.77,3366,3237,-6786,5014
339,APA,2020-02-24,0 days 15:58:37.051716,405079,26.78,26.77,3844,1595,-6956,6144
340,APA,2020-02-24,0 days 15:59:14.141177,409942,26.78,26.77,6375,2646,1786,-899
341,APA,2020-02-24,0 days 15:59:16.145320,420861,26.77,26.76,4070,2802,-4030,1786
342,APA,2020-02-24,0 days 15:59:39.202439,426828,26.76,26.75,1597,5823,245,-2333
343,APA,2020-02-24,0 days 15:59:41.207280,380921,26.77,26.76,1900,2147,-46037,115
344,APA,2020-02-24,0 days 15:59:45.217060,426958,26.76,26.75,2321,2078,3205,-3655
345,APLE,2020-02-24,0 days 15:57:08.374464,107997,14.48,14.47,5683,8914,-3566,1962
346,APLE,2020-02-24,0 days 15:57:09.377850,105463,14.48,14.47,5895,9111,2534,-3566
347,APLE,2020-02-24,0 days 15:57:10.379520,107997,14.48,14.47,5283,8811,-393,2534
348,APLE,2020-02-24,0 days 15:57:11.381584,105690,14.48,14.47,5283,9011,2307,-393
349,APLE,2020-02-24,0 days 15:59:08.667683,114694,14.46,14.45,6411,15062,-24902,3551
350,APTV,2020-02-24,0 days 15:55:41.334745,158877,84.12,84.1,307,300,-35,313
351,APTV,2020-02-24,0 days 15:55:42.319840,158412,84.12,84.1,762,401,165,-35
352,APTV,2020-02-24,0 days 15:56:59.505075,161462,84.05,84.03,2993,300,-3773,644
353,APTV,2020-02-24,0 days 15:57:00.507661,161235,84.05,84.03,3093,101,27,-3773
354,APTV,2020-02-24,0 days 15:57:15.544899,162342,83.99,83.96,301,200,-295,753
355,APTV,2020-02-24,0 days 15:57:16.546750,162137,83.99,83.96,408,200,205,-295
356,APTV,2020-02-24,0 days 15:57:34.590404,162342,83.99,83.98,869,278,-766,205
357,APTV,2020-02-24,0 days 15:58:04.665837,164846,84.1,84.08,1300,411,2396,-3304
358,APTV,2020-02-24,0 days 15:58:05.667813,164642,84.1,84.08,1001,611,-204,2396
359,APTV,2020-02-24,0 days 15:58:38.746348,163744,84.0,83.99,201,500,2896,-384
360,APTV,2020-02-24,0 days 15:58:52.781167,165186,84.07,84.04,535,104,156,-3853
361,APTV,2020-02-24,0 days 15:59:10.824830,162092,84.13,84.1,260,200,-56552,135
362,APTV,2020-02-24,0 days 15:59:15.837661,214070,84.06,84.03,300,201,174,-865
363,APTV,2020-02-24,0 days 15:59:17.841974,210615,84.03,84.0,9,300,-3455,1745
364,APTV,2020-02-24,0 days 15:59:24.856399,166585,84.0,83.98,202,70,45001,-5670
365,APTV,2020-02-24,0 days 15:59:41.897304,166806,84.01,83.98,200,322,48930,-3360
366,APTV,2020-02-24,0 days 15:59:43.902195,173739,84.01,83.98,100,300,-47945,1230
367,APTV,2020-02-24,0 days 15:59:44.904474,170236,84.01,83.98,200,300,47744,-47945
368,APTV,2020-02-24,0 days 15:59:48.914907,174504,84.01,83.98,172,475,-46366,2482
369,APTV,2020-02-24,0 days 15:59:50.919944,171170,84.03,83.99,200,1020,7605,-2366
370,AR,2020-02-24,0 days 15:57:10.420704,503229,1.67,1.66,121388,75584,8101,-1699
371,AR,2020-02-24,0 days 15:58:50.664017,520668,1.67,1.66,119937,136921,-10330,4539
372,ARI,2020-02-24,0 days 15:56:35.446802,229119,17.96,17.95,14323,16360,921,-879
373,ARI,2020-02-24,0 days 15:56:36.449334,221940,17.96,17.95,14123,16360,-7179,921
374,ARI,2020-02-24,0 days 15:59:05.813707,229515,17.97,17.96,26530,12909,21188,-3363
375,ARI,2020-02-24,0 days 15:59:09.823076,226093,17.97,17.96,26075,13880,-4722,19888
376,ARI,2020-02-24,0 days 15:59:20.850023,230815,17.97,17.96,26425,13802,16500,-4722
377,ARNC,2020-02-24,0 days 15:58:50.639220,231140,33.01,33.0,7744,100,11129,-15080
378,ARNC,2020-02-24,0 days 15:58:51.640971,223069,33.01,32.99,8223,1901,-8071,11129
379,ARNC,2020-02-24,0 days 15:58:58.658229,235540,33.05,33.04,4600,3416,105829,-8071
380,ARNC,2020-02-24,0 days 15:59:26.725054,339227,33.06,33.05,2600,457,5824,-4699
381,ARNC,2020-02-24,0 days 15:59:36.750294,345893,33.06,33.05,2307,2322,-4491,5644
382,ARNC,2020-02-24,0 days 15:59:38.754909,332482,33.05,33.04,1397,2416,16150,-8889
383,ATH,2020-02-24,0 days 15:56:00.229573,182949,48.12,48.11,605,3210,1398,-902
384,ATH,2020-02-24,0 days 15:56:01.228174,182447,48.12,48.11,1105,3210,-502,1398
385,ATH,2020-02-24,0 days 15:57:17.412486,187332,48.09,48.08,1116,1309,-729,471
386,ATH,2020-02-24,0 days 15:57:30.443673,188061,48.09,48.07,800,1231,1571,-729
387,ATH,2020-02-24,0 days 15:57:31.445456,187532,48.09,48.07,800,1162,-529,1571
388,ATH,2020-02-24,0 days 15:57:52.497202,188061,48.08,48.07,803,2177,371,-529
389,ATH,2020-02-24,0 days 15:57:58.511791,187532,48.08,48.07,861,1578,-529,971
390,ATH,2020-02-24,0 days 15:58:10.542486,188061,48.08,48.07,208,2213,639,-761
391,ATH,2020-02-24,0 days 15:58:11.544672,187300,48.08,48.07,308,2113,-761,639
392,ATH,2020-02-24,0 days 15:59:05.674467,192661,48.13,48.12,4547,3245,2166,-980
393,ATH,2020-02-24,0 days 15:59:06.677797,191827,48.13,48.12,3816,3657,-834,2166
394,ATH,2020-02-24,0 days 15:59:10.687370,193368,48.14,48.13,3795,977,1528,-1041
395,ATH,2020-02-24,0 days 15:59:11.688867,192796,48.14,48.13,4295,781,-72,1528
396,ATH,2020-02-24,0 days 15:59:21.713376,202232,48.12,48.11,2740,118,5446,-8236
397,ATH,2020-02-24,0 days 15:59:22.715538,200978,48.12,48.11,3457,274,-54,5446
398,ATH,2020-02-24,0 days 15:59:28.730109,199190,48.12,48.11,4042,784,-1846,1554
399,ATH,2020-02-24,0 days 15:59:30.735740,201036,48.12,48.11,4078,81,154,-746
400,ATUS,2020-02-24,0 days 15:56:03.680759,399876,28.25,28.24,4902,3700,2392,-24008
401,ATUS,2020-02-24,0 days 15:56:04.683427,379068,28.25,28.24,1500,5345,-20808,2392
402,ATUS,2020-02-24,0 days 15:57:35.901960,402083,28.21,28.2,1372,7700,1221,-2179
403,ATUS,2020-02-24,0 days 15:57:36.905078,383104,28.21,28.2,2564,7900,-18979,1221
404,ATUS,2020-02-24,0 days 15:57:49.936086,402083,28.21,28.2,8148,6367,921,-6079
405,ATUS,2020-02-24,0 days 15:57:50.939812,382704,28.21,28.2,7238,7608,-19379,921
406,ATUS,2020-02-24,0 days 15:59:18.150897,414530,28.24,28.23,11760,2545,16100,-2205
407,ATUS,2020-02-24,0 days 15:59:19.153764,406830,28.24,28.23,10560,2944,-7700,16100
408,ATUS,2020-02-24,0 days 15:59:31.184701,414824,28.23,28.22,400,8138,78591,-294
409,ATUS,2020-02-24,0 days 15:59:35.193146,416615,28.23,28.22,6287,11291,-1209,78591
410,ATUS,2020-02-24,0 days 15:59:36.195955,414824,28.23,28.22,1067,12143,9866,-1209
411,ATUS,2020-02-24,0 days 15:59:57.248171,415400,28.21,28.2,2600,8432,12604,-3330
412,AU,2020-02-24,0 days 15:56:35.335924,85868,22.43,22.42,2612,6180,-787,1313
413,AU,2020-02-24,0 days 15:56:36.338336,84155,22.43,22.42,2613,6680,1713,-787
414,AU,2020-02-24,0 days 15:57:16.435589,91258,22.43,22.42,13033,600,-6204,1333
415,AU,2020-02-24,0 days 15:57:23.452411,91462,22.41,22.4,2600,4297,1578,-704
416,AU,2020-02-24,0 days 15:57:53.524743,97340,22.42,22.41,4506,1596,-322,678
417,AU,2020-02-24,0 days 15:57:54.527201,96562,22.42,22.41,4106,1474,178,-322
418,AU,2020-02-24,0 days 15:58:21.593158,96740,22.45,22.44,3127,800,-622,178
419,AU,2020-02-24,0 days 15:58:25.603015,95262,22.45,22.44,3214,1456,478,-122
420,AU,2020-02-24,0 days 15:59:43.791108,109361,22.46,22.45,4203,600,1198,-9902
421,AUY,2020-02-24,0 days 15:59:48.874226,291214,4.64,4.63,287401,304890,-3867,133
422,AVTR,2020-02-24,0 days 15:55:00.055898,40421,16.91,16.9,649,1498,-2439,18845
423,AVTR,2020-02-24,0 days 15:55:01.052423,39360,16.91,16.9,649,1947,1061,-2439
424,AVTR,2020-02-24,0 days 15:57:15.375911,41021,16.94,16.93,1549,6958,-2196,1353
425,AVTR,2020-02-24,0 days 15:57:16.378001,40517,16.94,16.93,1449,6858,504,-2196
426,AVTR,2020-02-24,0 days 15:57:52.465789,41021,16.95,16.94,4660,4251,-500,500
427,AVTR,2020-02-24,0 days 15:57:53.466833,40521,16.95,16.94,4560,4580,500,-500
428,AVTR,2020-02-24,0 days 15:58:07.501951,41021,16.95,16.94,4109,5466,-1570,130
429,AVTR,2020-02-24,0 days 15:59:01.633159,42691,16.95,16.94,4271,5776,730,-1570
430,AVTR,2020-02-24,0 days 15:59:28.699658,67946,16.95,16.94,8211,1800,589,-1911
431,AVTR,2020-02-24,0 days 15:59:30.704317,62235,16.95,16.94,8759,1756,-5611,589
432,AVYA,2020-02-24,0 days 15:57:15.376167,63927,13.72,13.71,4305,1100,-700,502
433,AVYA,2020-02-24,0 days 15:57:44.446608,65418,13.73,13.72,3311,6846,4409,-900
434,AVYA,2020-02-24,0 days 15:59:04.640987,70149,13.73,13.72,4842,4522,1488,-1135
435,AVYA,2020-02-24,0 days 15:59:05.644431,69337,13.73,13.72,4842,4823,-221,1488
436,AVYA,2020-02-24,0 days 15:59:12.661223,70149,13.73,13.72,5997,5123,686,-221
437,AVYA,2020-02-24,0 days 15:59:37.721630,77946,13.73,13.72,3689,10728,-843,1357
438,AVYA,2020-02-24,0 days 15:59:48.749772,78163,13.73,13.72,4349,10341,-626,474
439,AXP,2020-02-24,0 days 15:55:01.066636,550877,128.04,128.03,100,200,-939,1061
440,AXP,2020-02-24,0 days 15:55:25.125427,552377,128.01,127.99,400,200,-939,461
441,AXP,2020-02-24,0 days 15:55:57.202050,556790,128.0,127.98,200,86,-1326,474
442,AXP,2020-02-24,0 days 15:55:59.206574,558116,127.98,127.97,200,343,1894,-1326
443,AXP,2020-02-24,0 days 15:57:10.379478,566418,128.02,128.01,302,100,136,-64
444,AXP,2020-02-24,0 days 15:57:39.448852,585922,127.98,127.97,1312,100,-3830,1870
445,AXP,2020-02-24,0 days 15:57:40.451341,583752,127.97,127.96,304,149,2070,-3830
446,AXP,2020-02-24,0 days 15:57:44.461877,585822,127.98,127.97,400,100,-630,2070
447,AXP,2020-02-24,0 days 15:58:06.515634,581679,128.02,128.01,87,100,-132,3068
448,AXP,2020-02-24,0 days 15:58:17.542525,582476,128.02,128.01,99,292,2364,-1036
449,AXP,2020-02-24,0 days 15:58:18.544327,581740,128.06,128.03,600,700,-736,2364
450,AXP,2020-02-24,0 days 15:58:50.622559,579654,128.05,128.04,100,427,1929,-1089
451,AXP,2020-02-24,0 days 15:59:00.646798,581422,128.02,128.0,645,200,-567,1533
452,AXP,2020-02-24,0 days 15:59:01.649008,581289,128.01,127.99,995,600,203,-567
453,AXP,2020-02-24,0 days 15:59:02.652417,580653,128.03,128.01,74,900,-1301,203
454,AXP,2020-02-24,0 days 15:59:14.681371,585441,128.0,127.97,316,600,-46664,510
455,AXP,2020-02-24,0 days 15:59:16.687772,635937,128.08,128.07,510,60,136865,-3464
456,AXTA,2020-02-24,0 days 15:55:00.218771,139367,28.22,28.21,600,2483,-4149,794
457,AXTA,2020-02-24,0 days 15:57:15.544971,143846,28.22,28.21,2383,3990,2842,-2239
458,AXTA,2020-02-24,0 days 15:57:16.546822,142388,28.22,28.21,1683,4587,-758,2842
459,AXTA,2020-02-24,0 days 15:57:42.609892,143146,28.21,28.2,1857,4490,172,-228
460,AXTA,2020-02-24,0 days 15:57:43.612814,142018,28.21,28.2,1857,4130,-1128,172
461,AXTA,2020-02-24,0 days 15:59:23.853753,169874,28.2,28.19,2660,7258,-473,9713
462,AYX,2020-02-24,0 days 15:56:10.249688,58074,133.99,133.85,100,713,-528,972
463,AYX,2020-02-24,0 days 15:56:11.252285,56328,133.99,133.85,340,713,1746,-528
464,AYX,2020-02-24,0 days 15:57:57.509943,61637,133.8,133.76,244,100,-753,1237
465,AYX,2020-02-24,0 days 15:57:58.512197,60090,133.75,133.68,15,400,2147,-753
466,AYX,2020-02-24,0 days 15:58:40.614696,62911,133.77,133.7,200,150,-899,2901
467,AYX,2020-02-24,0 days 15:58:41.616779,62255,133.8,133.7,303,359,256,-899
468,AYX,2020-02-24,0 days 15:58:43.622257,61611,133.8,133.7,206,385,-2089,256
469,AYX,2020-02-24,0 days 15:58:44.624360,60000,133.8,133.71,222,1,1611,-2089
470,AYX,2020-02-24,0 days 15:58:58.658346,61200,133.82,133.74,560,574,611,-844
471,AYX,2020-02-24,0 days 15:59:02.669439,61211,133.85,133.8,379,541,-79,11
472,AYX,2020-02-24,0 days 15:59:04.672963,60135,133.83,133.8,10,7,976,-1224
473,AYX,2020-02-24,0 days 15:59:07.679652,61511,133.81,133.77,193,250,-1099,976
474,AYX,2020-02-24,0 days 15:59:28.730350,73790,133.82,133.74,493,250,-798,9147
475,AYX,2020-02-24,0 days 15:59:29.733217,72888,133.82,133.75,395,230,802,-798
476,AYX,2020-02-24,0 days 15:59:31.738289,73790,133.81,133.74,400,50,-10756,800
477,AYX,2020-02-24,0 days 15:59:57.799535,85644,133.69,133.57,766,2717,291,-309
478,AYX,2020-02-24,0 days 15:59:59.808089,85535,133.67,133.63,1316,3634,-109,291
479,AZN,2020-02-24,0 days 15:56:02.367605,164573,47.73,47.72,6237,1147,2987,-27013
480,AZN,2020-02-24,0 days 15:56:03.370113,163302,47.73,47.72,6253,1147,-1271,2987
481,AZN,2020-02-24,0 days 15:56:11.389352,164573,47.71,47.7,3467,2137,774,-1271
482,AZN,2020-02-24,0 days 15:56:28.429991,154447,47.71,47.7,6581,1828,-10126,774
483,BA,2020-02-24,0 days 15:55:39.623470,203015,318.52,318.44,1,511,-3265,40
484,BA,2020-02-24,0 days 15:55:40.625571,200580,318.54,318.44,101,611,2435,-3265
485,BA,2020-02-24,0 days 15:57:04.828383,210660,318.3,318.26,200,177,-5667,489
486,BA,2020-02-24,0 days 15:57:05.830735,212427,318.31,318.26,38,4,679,-5667
487,BA,2020-02-24,0 days 15:57:32.894979,213582,318.26,318.2,740,1569,-2018,916
488,BA,2020-02-24,0 days 15:57:33.897042,213200,318.26,318.2,740,1569,216,-2018
489,BA,2020-02-24,0 days 15:57:38.910121,214682,318.26,318.21,540,17,-1618,282
490,BA,2020-02-24,0 days 15:57:40.915252,216239,318.22,318.19,100,5,543,-584
491,BA,2020-02-24,0 days 15:57:41.917057,215982,318.24,318.19,303,5,-257,543
492,BA,2020-02-24,0 days 15:57:44.924137,217139,318.27,318.22,101,115,1177,-23
493,BA,2020-02-24,0 days 15:57:45.926875,216716,318.27,318.22,101,119,-423,1177
494,BA,2020-02-24,0 days 15:57:50.939890,216284,318.23,318.19,12,400,532,-1323
495,BA,2020-02-24,0 days 15:57:51.941634,215916,318.22,318.19,162,300,-368,532
496,BA,2020-02-24,0 days 15:58:01.970996,216284,318.22,318.21,41,1,732,-302
497,BA,2020-02-24,0 days 15:58:02.968914,216082,318.23,318.21,26,2,-202,732
498,BA,2020-02-24,0 days 15:58:27.026410,219250,318.33,318.27,6,277,41,-259
499,BA,2020-02-24,0 days 15:58:28.028924,218491,318.33,318.29,2,200,-759,41
500,BA,2020-02-24,0 days 15:58:33.041199,217350,318.37,318.23,200,350,2941,-724
501,BA,2020-02-24,0 days 15:58:34.043290,217091,318.37,318.26,400,200,-259,2941
502,BA,2020-02-24,0 days 15:58:55.094867,223473,318.28,318.25,455,69,918,-982
503,BA,2020-02-24,0 days 15:58:56.096915,222691,318.27,318.25,3,10,-782,918
504,BA,2020-02-24,0 days 15:59:08.127349,224841,318.35,318.26,404,387,1079,-1286
505,BA,2020-02-24,0 days 15:59:09.129318,223620,318.3,318.26,3428,186,-1221,1079
506,BA,2020-02-24,0 days 15:59:10.132530,223725,318.3,318.28,3325,57,195,-1221
507,BA,2020-02-24,0 days 15:59:12.136850,222258,318.3,318.24,3425,207,-567,195
508,BA,2020-02-24,0 days 15:59:16.146406,243757,318.27,318.22,4,6276,1285,-24487
509,BA,2020-02-24,0 days 15:59:17.149149,241642,318.29,318.23,455,687,-5852,1285
510,BABA,2020-02-24,0 days 15:55:00.114186,352721,206.38,206.35,500,95,-54921,69250
511,BABA,2020-02-24,0 days 15:56:10.283120,394872,206.24,206.21,200,1002,1855,-9025
512,BABA,2020-02-24,0 days 15:56:12.288149,376185,206.18,206.16,261,338,-1987,13513
513,BABA,2020-02-24,0 days 15:56:54.390111,379172,206.2,206.17,770,300,13513,-3445
514,BABA,2020-02-24,0 days 15:56:55.392754,377185,206.2,206.18,405,4,-1987,13513
515,BABA,2020-02-24,0 days 15:57:41.503448,393778,206.11,206.1,391,1,996,-2404
516,BABA,2020-02-24,0 days 15:57:50.524595,394516,206.17,206.16,65,46,-362,1996
517,BABA,2020-02-24,0 days 15:57:51.526772,393678,206.16,206.15,30,400,838,-362
518,BABA,2020-02-24,0 days 15:57:53.531501,376691,206.19,206.16,500,909,-14987,838
519,BABA,2020-02-24,0 days 15:58:02.554249,385178,206.21,206.19,548,1039,812,-3888
520,BABA,2020-02-24,0 days 15:58:03.556849,384590,206.21,206.19,548,1139,-588,812
521,BABA,2020-02-24,0 days 15:58:16.588177,385202,206.21,206.2,300,300,14888,-2070
522,BABA,2020-02-24,0 days 15:58:17.591339,384090,206.19,206.18,101,625,-1112,14888
523,BABA,2020-02-24,0 days 15:58:48.666508,390890,206.2,206.18,822,397,-1804,6996
524,BABA,2020-02-24,0 days 15:59:15.732346,402325,206.2,206.18,563,552,-8219,4981
525,BABA,2020-02-24,0 days 15:59:24.754880,410544,206.19,206.18,999,307,283,-194
526,BABA,2020-02-24,0 days 15:59:26.758324,408989,206.19,206.18,823,400,-1555,3045
527,BABA,2020-02-24,0 days 15:59:35.781733,408144,206.04,206.0,1400,58,23602,-959
528,BABA,2020-02-24,0 days 15:59:40.794301,394086,206.19,206.17,582,2002,-18086,897
529,BABA,2020-02-24,0 days 15:59:41.795301,412172,206.17,206.16,300,100,16539,-18086
530,BABA,2020-02-24,0 days 15:59:44.802961,412374,206.15,206.11,405,1000,16337,-17686
531,BABA,2020-02-24,0 days 15:59:45.805130,412311,206.16,206.13,95,790,-63,16337
532,BAC,2020-02-24,0 days 15:56:09.383965,6650731,32.63,32.62,119705,91834,33815,-19899
533,BAC,2020-02-24,0 days 15:56:10.386767,6626947,32.63,32.62,106305,97272,-24288,33815
534,BAC,2020-02-24,0 days 15:57:23.563614,6737473,32.63,32.62,186971,25296,102594,-20687
535,BAC,2020-02-24,0 days 15:57:24.566748,6732686,32.63,32.62,192018,25877,-4787,102594
536,BAC,2020-02-24,0 days 15:57:32.585216,6737473,32.63,32.62,189832,38012,80494,-4787
537,BAC,2020-02-24,0 days 15:58:15.690747,6732227,32.66,32.65,63176,176178,-694,306
538,BAM,2020-02-24,0 days 15:55:00.173903,358697,65.64,65.63,100,324,-67,580
539,BAM,2020-02-24,0 days 15:55:09.196775,358764,65.65,65.63,657,1865,150,-67
540,BAM,2020-02-24,0 days 15:56:43.423436,358928,65.64,65.63,100,1133,-446,164
541,BAM,2020-02-24,0 days 15:56:49.437137,359374,65.65,65.63,1201,2181,349,-146
542,BAM,2020-02-24,0 days 15:58:33.691965,369161,65.67,65.66,400,967,2551,-449
543,BAM,2020-02-24,0 days 15:58:51.736007,371712,65.66,65.65,2027,301,-604,396
544,BAM,2020-02-24,0 days 15:58:52.737814,371616,65.66,65.64,2600,750,96,-604
545,BAM,2020-02-24,0 days 15:59:01.760801,373512,65.64,65.63,2644,100,-2604,1496
546,BAM,2020-02-24,0 days 15:59:02.763839,372916,65.64,65.63,2742,100,596,-2604
547,BAM,2020-02-24,0 days 15:59:32.835102,374562,65.64,65.63,200,600,-3693,959
548,BAM,2020-02-24,0 days 15:59:33.837148,373703,65.63,65.61,1220,2078,5359,-3693
549,BAX,2020-02-24,0 days 15:55:01.034466,261375,89.72,89.71,200,501,-100028,38921
550,BAX,2020-02-24,0 days 15:55:57.166715,301803,89.69,89.68,5,110,24425,-35775
551,BAX,2020-02-24,0 days 15:55:58.169068,298428,89.7,89.67,294,555,-3375,24425
552,BAX,2020-02-24,0 days 15:56:33.252651,300167,89.69,89.68,387,226,225,-156
553,BAX,2020-02-24,0 days 15:56:35.257898,300392,89.69,89.68,362,126,-2175,225
554,BAX,2020-02-24,0 days 15:59:06.640386,318262,89.74,89.71,700,640,32243,-4181
555,BAX,2020-02-24,0 days 15:59:07.628354,316905,89.74,89.71,500,300,-1957,32243
556,BAX,2020-02-24,0 days 15:59:09.634066,319362,89.74,89.72,966,148,8054,-1467
557,BAX,2020-02-24,0 days 15:59:10.636880,318616,89.74,89.72,866,47,-246,8054
558,BAX,2020-02-24,0 days 15:59:15.647652,338881,89.7,89.67,709,264,8666,-12234
559,BAX,2020-02-24,0 days 15:59:27.676481,340024,89.68,89.63,1118,583,823,-1877
560,BAX,2020-02-24,0 days 15:59:28.678358,338347,89.65,89.63,10,491,-33177,823
561,BAX,2020-02-24,0 days 15:59:34.694700,363924,89.59,89.56,418,647,26423,-25977
562,BAX,2020-02-24,0 days 15:59:35.696880,361447,89.59,89.56,100,554,-2477,26423
563,BAX,2020-02-24,0 days 15:59:38.704152,368056,89.62,89.6,104,168,-27368,1823
564,BAX,2020-02-24,0 days 15:59:40.709717,364274,89.59,89.58,104,283,28217,-8516
565,BAX,2020-02-24,0 days 15:59:45.721327,365104,89.58,89.56,442,41,1152,-2713
566,BB,2020-02-24,0 days 15:57:10.364100,56224,5.77,5.76,172931,35186,11935,-14366
567,BBD,2020-02-24,0 days 15:56:38.317203,644568,7.02,7.01,302162,116159,-76923,5677
568,BBD,2020-02-24,0 days 15:56:39.319720,611891,7.02,7.01,302462,117559,32677,-76923
569,BBD,2020-02-24,0 days 15:58:50.639405,651273,7.01,7.0,393777,257951,-33241,1844
570,BBD,2020-02-24,0 days 15:59:38.755103,723688,7.01,7.0,391375,281649,3438,-1562
571,BBD,2020-02-24,0 days 15:59:39.758390,722326,7.01,7.0,390925,286649,-1362,3438
572,BBL,2020-02-24,0 days 15:55:01.034295,40114,40.68,40.67,10429,3015,-23504,28793
573,BBL,2020-02-24,0 days 15:55:02.033822,39318,40.68,40.67,6629,5915,796,-23504
574,BBL,2020-02-24,0 days 15:58:07.482129,42907,40.67,40.66,9086,5190,-1217,1494
575,BBL,2020-02-24,0 days 15:58:08.484692,41724,40.67,40.66,11245,3490,1183,-1217
576,BBL,2020-02-24,0 days 15:58:49.583504,42907,40.66,40.65,6562,1400,-327,1173
577,BBL,2020-02-24,0 days 15:58:50.587175,41834,40.66,40.65,7521,1300,4172,-327
578,BBL,2020-02-24,0 days 15:59:13.642915,46006,40.65,40.64,4648,5808,-5718,936
579,BBL,2020-02-24,0 days 15:59:14.645127,45624,40.64,40.63,7636,880,382,-5718
580,BBL,2020-02-24,0 days 15:59:20.659325,46306,40.63,40.62,4883,700,-2238,682
581,BBL,2020-02-24,0 days 15:59:21.662172,46044,40.63,40.62,4877,200,262,-2238
582,BBL,2020-02-24,0 days 15:59:38.704044,46368,40.63,40.62,10939,529,-769,21
583,BBL,2020-02-24,0 days 15:59:45.721201,51022,40.62,40.61,7646,951,5519,-2854
584,BBVA,2020-02-24,0 days 15:59:36.719633,43986,5.28,5.27,448498,192677,-5002,5898
585,BBVA,2020-02-24,0 days 15:59:37.721630,43688,5.28,5.27,449786,192577,298,-5002
586,BBVA,2020-02-24,0 days 15:59:40.730813,44786,5.28,5.27,448986,213042,-302,1098
587,BBVA,2020-02-24,0 days 15:59:41.732238,44388,5.28,5.27,448969,198109,398,-302
588,BBY,2020-02-24,0 days 15:55:01.034431,188404,85.6,85.59,235,500,21617,-17089
589,BBY,2020-02-24,0 days 15:55:02.033897,187521,85.62,85.61,134,400,-883,21617
590,BBY,2020-02-24,0 days 15:56:02.179417,193800,85.58,85.56,587,620,2909,-335
591,BBY,2020-02-24,0 days 15:56:03.180902,193358,85.59,85.57,700,700,-442,2909
592,BBY,2020-02-24,0 days 15:57:00.317973,201822,85.56,85.54,2099,706,139,-1295
593,BBY,2020-02-24,0 days 15:57:01.320268,200361,85.57,85.55,1200,409,-1461,139
594,BBY,2020-02-24,0 days 15:57:15.355161,207895,85.53,85.5,213,713,984,-1581
595,BBY,2020-02-24,0 days 15:57:16.358213,206679,85.53,85.51,200,100,-1216,984
596,BBY,2020-02-24,0 days 15:57:33.398238,207895,85.5,85.47,205,300,2284,-716
597,BBY,2020-02-24,0 days 15:57:34.401022,206979,85.5,85.47,105,600,-916,2284
598,BBY,2020-02-24,0 days 15:57:36.405960,207895,85.51,85.49,457,34,986,-916
599,BBY,2020-02-24,0 days 15:57:37.408348,207181,85.51,85.48,501,100,-714,986
600,BBY,2020-02-24,0 days 15:57:38.410670,207895,85.51,85.48,601,168,1086,-714
601,BBY,2020-02-24,0 days 15:57:40.415740,207381,85.5,85.48,503,34,-514,86
602,BBY,2020-02-24,0 days 15:57:47.432545,207895,85.47,85.45,7,101,486,-214
603,BBY,2020-02-24,0 days 15:57:56.454357,207895,85.49,85.46,103,200,928,-572
604,BBY,2020-02-24,0 days 15:57:57.458778,207323,85.49,85.46,103,500,-572,928
605,BBY,2020-02-24,0 days 15:57:58.459329,207895,85.49,85.46,106,505,2628,-572
606,BBY,2020-02-24,0 days 15:58:00.471417,207415,85.49,85.47,541,20,-480,520
607,BBY,2020-02-24,0 days 15:58:15.501737,207938,85.55,85.53,400,317,2949,-1118
608,BBY,2020-02-24,0 days 15:58:16.503541,207787,85.54,85.53,300,117,-151,2949
609,BBY,2020-02-24,0 days 15:58:45.574074,207975,85.57,85.54,1034,16,165,-435
610,BBY,2020-02-24,0 days 15:59:24.669146,231079,85.57,85.55,10,319,-5019,5485
611,BBY,2020-02-24,0 days 15:59:25.671777,232041,85.53,85.49,777,300,1594,-5019
612,BBY,2020-02-24,0 days 15:59:27.676440,232735,85.54,85.5,687,731,-2906,1394
613,BBY,2020-02-24,0 days 15:59:38.704094,233141,85.52,85.49,2471,329,797,-406
614,BBY,2020-02-24,0 days 15:59:39.705875,233938,85.52,85.49,2365,218,-803,797
615,BBY,2020-02-24,0 days 15:59:40.709648,234625,85.52,85.48,2165,600,18571,-803
616,BBY,2020-02-24,0 days 15:59:41.711905,235297,85.52,85.49,2174,201,-32444,18571
617,BBY,2020-02-24,0 days 15:59:42.713408,236041,85.5,85.46,400,399,17272,-32444
618,BBY,2020-02-24,0 days 15:59:46.723848,256292,85.51,85.49,89,105,-4649,3867
619,BBY,2020-02-24,0 days 15:59:55.744392,251525,85.51,85.47,300,660,5467,-13091
620,BCE,2020-02-24,0 days 15:56:52.351542,14611,48.16,48.15,5871,500,379,-421
621,BCE,2020-02-24,0 days 15:56:53.353669,14290,48.16,48.15,5856,300,-321,379
622,BCE,2020-02-24,0 days 15:59:03.670509,16409,48.13,48.12,600,7037,139,-241
623,BCE,2020-02-24,0 days 15:59:04.672813,16048,48.13,48.12,400,8837,-361,139
624,BCE,2020-02-24,0 days 15:59:17.702515,22829,48.13,48.12,3943,3600,12,-6781
625,BCE,2020-02-24,0 days 15:59:20.710836,22348,48.13,48.12,5743,2858,-188,712
626,BCE,2020-02-24,0 days 15:59:28.730147,22536,48.12,48.11,626,12300,535,-395
627,BCE,2020-02-24,0 days 15:59:29.733087,22078,48.12,48.11,326,14600,-458,535
628,BCE,2020-02-24,0 days 15:59:35.748183,24025,48.13,48.11,7817,16300,1253,-1947
629,BCE,2020-02-24,0 days 15:59:36.750294,23578,48.12,48.11,100,16800,-447,1253
630,BCS,2020-02-24,0 days 15:56:58.349582,53384,8.68,8.67,142938,148848,-448,2352
631,BE,2020-02-24,0 days 15:55:24.173979,52528,11.79,11.77,212,2003,501,-399
632,BE,2020-02-24,0 days 15:55:25.176497,52829,11.8,11.79,700,603,-6878,501
633,BE,2020-02-24,0 days 15:58:04.560678,56321,11.74,11.73,928,20575,-1904,139
634,BE,2020-02-24,0 days 15:58:05.563702,55787,11.74,11.73,1028,21475,534,-1904
635,BE,2020-02-24,0 days 15:59:13.728786,67494,11.69,11.67,611,12900,-440,7958
636,BE,2020-02-24,0 days 15:59:27.762411,71295,11.72,11.7,1400,1007,422,-697
637,BEN,2020-02-24,0 days 15:59:39.203405,445157,24.21,24.2,8162,14308,3130,-1175
638,BEN,2020-02-24,0 days 15:59:41.208298,437638,24.23,24.22,4252,8911,-12119,6221
639,BEN,2020-02-24,0 days 15:59:43.212851,448205,24.22,24.21,10946,5763,645,-12192
640,BGS,2020-02-24,0 days 15:57:05.408723,116387,13.14,13.13,1689,8160,-597,281
641,BGS,2020-02-24,0 days 15:57:06.410787,116484,13.14,13.13,1689,8160,807,-597
642,BGS,2020-02-24,0 days 15:58:05.556015,117516,13.14,13.13,5866,6288,-158,53
643,BGS,2020-02-24,0 days 15:58:06.558072,116774,13.14,13.13,5966,6288,742,-158
644,BGS,2020-02-24,0 days 15:58:07.560434,120116,13.14,13.13,5967,6872,-326,742
645,BGS,2020-02-24,0 days 15:59:06.704108,123762,13.14,13.13,5997,10391,2454,-3646
646,BGS,2020-02-24,0 days 15:59:07.707249,123316,13.14,13.13,5790,10562,-446,2454
647,BHC,2020-02-24,0 days 15:55:00.114983,90924,25.99,25.98,1534,2963,1700,-42785
648,BHC,2020-02-24,0 days 15:58:46.662580,94322,26.01,26.0,11682,5792,-1853,1747
649,BHC,2020-02-24,0 days 15:58:47.664784,93175,26.01,26.0,11682,6129,1147,-1853
650,BHC,2020-02-24,0 days 15:59:14.731549,106284,26.01,26.0,15460,6327,-1464,1100
651,BHC,2020-02-24,0 days 15:59:15.733884,104848,26.01,26.0,16160,7233,1436,-1464
652,BHC,2020-02-24,0 days 15:59:34.779981,111121,26.01,26.0,18765,4267,-2027,389
653,BHP,2020-02-24,0 days 15:58:42.062934,107614,47.86,47.85,5192,592,-78,1141
654,BHP,2020-02-24,0 days 15:58:49.079951,102292,47.85,47.84,3788,4900,5322,-78
655,BHP,2020-02-24,0 days 15:59:50.232234,102788,47.85,47.84,4262,2651,4085,-1015
656,BIG,2020-02-24,0 days 15:57:15.442204,74793,25.09,25.08,1364,699,5462,-4489
657,BIG,2020-02-24,0 days 15:57:16.444320,72955,25.09,25.08,113,1055,-1838,5462
658,BIG,2020-02-24,0 days 15:58:48.666808,79839,25.09,25.08,467,1525,2761,-2293
659,BIG,2020-02-24,0 days 15:58:49.669442,78000,25.09,25.08,685,1525,-1839,2761
660,BIG,2020-02-24,0 days 15:59:05.708450,80354,25.1,25.09,205,1357,2566,-2054
661,BIG,2020-02-24,0 days 15:59:06.712096,75620,25.11,25.1,1107,886,-4734,2566
662,BIG,2020-02-24,0 days 15:59:11.723244,80354,25.1,25.09,1022,414,3343,-5854
663,BIG,2020-02-24,0 days 15:59:13.728850,75928,25.1,25.09,861,356,-4426,2474
664,BIG,2020-02-24,0 days 15:59:40.794658,80354,25.07,25.06,1000,2200,1571,-34
665,BK,2020-02-24,0 days 15:57:11.431498,395145,43.12,43.11,1550,8921,5571,-3046
666,BK,2020-02-24,0 days 15:57:12.434146,394616,43.13,43.12,5431,718,-529,5571
667,BK,2020-02-24,0 days 15:57:22.458236,404218,43.12,43.11,5317,4556,-1289,411
668,BK,2020-02-24,0 days 15:57:39.498956,417507,43.11,43.1,3468,5469,856,-4644
669,BK,2020-02-24,0 days 15:57:40.501270,415063,43.11,43.1,5368,3969,-2444,856
670,BK,2020-02-24,0 days 15:58:40.647654,417030,43.12,43.11,5996,6099,-3083,1817
671,BK,2020-02-24,0 days 15:59:00.696670,420405,43.1,43.09,4686,2885,608,-192
672,BK,2020-02-24,0 days 15:59:01.698356,422743,43.1,43.09,5500,750,-1025,608
673,BK,2020-02-24,0 days 15:59:07.713196,426166,43.12,43.11,2300,6120,12071,-3131
674,BK,2020-02-24,0 days 15:59:08.715696,411537,43.12,43.11,3401,6125,-14629,12071
675,BK,2020-02-24,0 days 15:59:09.719337,426166,43.12,43.11,5844,1255,7747,-14629
676,BK,2020-02-24,0 days 15:59:10.720632,417513,43.11,43.1,200,6278,-8851,7747
677,BK,2020-02-24,0 days 15:59:11.723173,426385,43.11,43.1,5812,708,1479,-8851
678,BK,2020-02-24,0 days 15:59:12.726645,426164,43.11,43.1,6155,706,-221,1479
679,BK,2020-02-24,0 days 15:59:13.728726,430216,43.13,43.12,2550,5076,80316,-221
680,BK,2020-02-24,0 days 15:59:39.791255,512902,43.13,43.12,1459,6366,-19932,5249
681,BK,2020-02-24,0 days 15:59:40.794571,512434,43.13,43.12,7158,171,468,-19932
682,BK,2020-02-24,0 days 15:59:47.809596,541598,43.12,43.11,736,6143,-714,2338
683,BK,2020-02-24,0 days 15:59:49.814769,539659,43.12,43.11,1218,5890,1939,-2292
684,BK,2020-02-24,0 days 15:59:55.828473,539859,43.12,43.11,4063,1600,1739,-27308
685,BKR,2020-02-24,0 days 15:59:29.719910,670736,19.49,19.48,11282,12598,2244,-434
686,BKR,2020-02-24,0 days 15:59:32.726256,662466,19.51,19.5,6500,15015,-10370,74503
687,BLL,2020-02-24,0 days 15:56:57.311055,211008,76.42,76.4,808,704,335,-302
688,BLL,2020-02-24,0 days 15:56:58.313761,211543,76.42,76.4,608,1004,-875,335
689,BLL,2020-02-24,0 days 15:57:25.379374,217676,76.39,76.38,1857,1102,-1476,724
690,BLL,2020-02-24,0 days 15:57:59.461887,218121,76.46,76.44,101,300,-1631,169
691,BLL,2020-02-24,0 days 15:58:05.506282,221423,76.47,76.45,511,400,5400,-1443
692,BLL,2020-02-24,0 days 15:58:06.480088,219921,76.47,76.45,320,601,-1202,5400
693,BLL,2020-02-24,0 days 15:59:07.628476,227139,76.55,76.54,421,895,6488,-803
694,BLL,2020-02-24,0 days 15:59:08.631533,225525,76.55,76.54,299,997,-1614,6488
695,BLL,2020-02-24,0 days 15:59:20.659610,296232,76.46,76.45,352,309,635,-1025
696,BLL,2020-02-24,0 days 15:59:31.687464,291755,76.44,76.42,745,400,-3565,2735
697,BMY,2020-02-24,0 days 15:57:56.953172,1154768,64.05,64.04,1622,3874,12388,-15112
698,BMY,2020-02-24,0 days 15:57:57.956090,1144856,64.05,64.04,1820,4052,-9912,12388
699,BMY,2020-02-24,0 days 15:58:04.973395,1160118,64.04,64.03,3254,15189,7033,-11617
700,BMY,2020-02-24,0 days 15:58:05.975775,1146709,64.05,64.04,1602,3600,-13442,7033
701,BMY,2020-02-24,0 days 15:59:01.109970,1159981,64.0,63.99,2336,237,-9488,11657
702,BMY,2020-02-24,0 days 15:59:05.120238,1183669,64.0,63.99,1700,3920,45900,-9295
703,BMY,2020-02-24,0 days 15:59:06.122794,1179803,64.0,63.99,918,5920,-366,45900
704,BMY,2020-02-24,0 days 15:59:15.143966,1183904,64.0,63.99,2629,7074,32234,-1517
705,BMY,2020-02-24,0 days 15:59:33.188664,1227663,63.99,63.98,3941,4825,-3262,3038
706,BMY,2020-02-24,0 days 15:59:36.196074,1234477,64.0,63.99,1147,3129,6261,-10826
707,BMY,2020-02-24,0 days 15:59:45.218027,1229663,64.0,63.99,1235,5459,-1314,5786
708,BOX,2020-02-24,0 days 15:59:40.895587,188429,15.92,15.91,20133,4859,3895,-676
709,BOX,2020-02-24,0 days 15:59:43.902161,199828,15.91,15.9,6052,396,-682,218
710,BOX,2020-02-24,0 days 15:59:49.916671,199881,15.9,15.89,7562,4440,673,-2156
711,BOX,2020-02-24,0 days 15:59:50.919898,191162,15.9,15.89,7597,6343,-8719,673
712,BP,2020-02-24,0 days 15:57:38.557567,364902,34.04,34.03,61237,2740,-2262,2938
713,BP,2020-02-24,0 days 15:57:39.559787,345064,34.04,34.03,63337,2640,19838,-2262
714,BP,2020-02-24,0 days 15:58:45.721181,365849,34.03,34.02,2650,70651,-2359,1641
715,BP,2020-02-24,0 days 15:58:46.724079,327008,34.03,34.02,11849,58438,38841,-2359
716,BP,2020-02-24,0 days 15:59:15.795204,380238,34.03,34.02,26805,22261,-3604,1527
717,BP,2020-02-24,0 days 15:59:20.805021,373242,34.03,34.02,31703,8031,7096,-7604
718,BP,2020-02-24,0 days 15:59:21.807829,380338,34.03,34.02,32765,7731,-6172,7096
719,BP,2020-02-24,0 days 15:59:22.809693,375710,34.03,34.02,34693,7739,4628,-6172
720,BP,2020-02-24,0 days 15:59:48.874272,379464,34.03,34.02,6771,39148,874,-1326
721,BRK.B,2020-02-24,0 days 15:58:34.566274,673540,221.78,221.76,904,757,31761,-87539
722,BRK.B,2020-02-24,0 days 15:58:35.568496,672593,221.79,221.77,323,130,-947,31761
723,BRK.B,2020-02-24,0 days 15:58:48.601750,679692,221.8,221.77,989,618,26109,-54322
724,BRK.B,2020-02-24,0 days 15:58:49.603527,678193,221.8,221.78,293,500,-1499,26109
725,BRK.B,2020-02-24,0 days 15:58:54.615963,685092,221.79,221.77,100,168,20709,-59722
726,BRK.B,2020-02-24,0 days 15:58:56.619322,680205,221.77,221.73,242,117,-1187,2901
727,BRK.B,2020-02-24,0 days 15:58:58.625215,672192,221.73,221.69,301,60,8341,-1087
728,BRK.B,2020-02-24,0 days 15:58:59.627346,670833,221.73,221.69,401,160,-1359,8341
729,BRK.B,2020-02-24,0 days 15:59:01.633199,671828,221.72,221.66,100,500,80511,-4646
730,BRK.B,2020-02-24,0 days 15:59:02.637111,667420,221.74,221.72,1,200,-10508,80511
731,BRK.B,2020-02-24,0 days 15:59:03.638821,672505,221.72,221.69,200,100,4743,-10508
732,BRK.B,2020-02-24,0 days 15:59:04.640813,671820,221.74,221.71,577,200,-6185,4743
733,BRK.B,2020-02-24,0 days 15:59:06.649039,685405,221.77,221.75,23,200,7392,-4685
734,BRK.B,2020-02-24,0 days 15:59:07.648849,684897,221.77,221.74,100,600,-508,7392
735,BRK.B,2020-02-24,0 days 15:59:18.675538,721692,221.71,221.69,200,80,499,-8929
736,BRK.B,2020-02-24,0 days 15:59:26.694667,684531,221.71,221.68,101,200,-42451,72940
737,BRK.B,2020-02-24,0 days 15:59:46.743021,780201,221.68,221.62,700,126,-606,24484
738,BRK.B,2020-02-24,0 days 15:59:52.757544,788893,221.65,221.61,1100,215,9006,-995
739,BRX,2020-02-24,0 days 15:55:00.528512,283279,20.31,20.3,6676,3717,-11279,161133
740,BRX,2020-02-24,0 days 15:59:21.158763,317562,20.28,20.27,4036,12721,20374,-4841
741,BRX,2020-02-24,0 days 15:59:22.161262,314436,20.28,20.27,3525,13924,-3329,20374
742,BRX,2020-02-24,0 days 15:59:34.191369,317765,20.28,20.27,18588,6948,6562,-638
743,BSX,2020-02-24,0 days 15:59:05.642366,715588,41.14,41.13,2200,5088,79289,-19082
744,BSX,2020-02-24,0 days 15:59:07.647264,711303,41.15,41.14,3373,7026,-163,311
745,BSX,2020-02-24,0 days 15:59:34.713006,739799,41.11,41.1,6159,4769,9049,-151
746,BSX,2020-02-24,0 days 15:59:35.715002,735248,41.11,41.1,6659,5989,-4551,9049
747,BSX,2020-02-24,0 days 15:59:36.717452,739799,41.11,41.1,8064,5189,10706,-4551
748,BSX,2020-02-24,0 days 15:59:37.719670,737405,41.11,41.1,9046,4190,-2394,10706
749,BSX,2020-02-24,0 days 15:59:40.728722,739799,41.11,41.1,9863,4641,506,-1394
750,BSX,2020-02-24,0 days 15:59:42.732076,727505,41.11,41.1,9689,2514,-12294,9506
751,BSX,2020-02-24,0 days 15:59:46.742052,733343,41.09,41.08,2240,7557,-871,17929
752,BSX,2020-02-24,0 days 15:59:47.743776,734214,41.09,41.08,800,6144,418,-871
753,BSX,2020-02-24,0 days 15:59:49.749748,733511,41.1,41.09,8163,759,-703,897
754,BTI,2020-02-24,0 days 15:56:35.403892,53465,41.69,41.68,1564,3366,-375,445
755,BTI,2020-02-24,0 days 15:56:36.406184,52740,41.69,41.68,3045,1533,725,-375
756,BTI,2020-02-24,0 days 15:59:20.805133,57813,41.71,41.7,2624,2797,-254,594
757,BTI,2020-02-24,0 days 15:59:21.807914,58067,41.71,41.7,1630,4755,925,-254
758,BTI,2020-02-24,0 days 15:59:50.880981,54975,41.74,41.73,4620,721,2072,-328
759,BTU,2020-02-24,0 days 15:55:00.172999,89064,6.69,6.68,1619,2968,1000,-10261
760,BTU,2020-02-24,0 days 15:55:13.205573,90264,6.69,6.68,2273,6536,-1200,1200
761,BTU,2020-02-24,0 days 15:55:14.207351,89064,6.69,6.68,2273,6536,1200,-1200
762,BTU,2020-02-24,0 days 15:58:54.741474,82472,6.69,6.68,5062,8282,13175,-15001
763,BTU,2020-02-24,0 days 15:59:06.773487,108009,6.69,6.68,2318,11840,-7763,15525
764,BTU,2020-02-24,0 days 15:59:40.853901,109820,6.69,6.68,7296,11970,-5652,1348
765,BUD,2020-02-24,0 days 15:57:39.448959,57657,69.31,69.29,1017,1131,-377,123
766,BUD,2020-02-24,0 days 15:57:40.451412,54434,69.31,69.3,921,500,3223,-377
767,BUD,2020-02-24,0 days 15:59:04.656562,57662,69.35,69.33,400,413,-1581,2820
768,BUD,2020-02-24,0 days 15:59:05.659966,55743,69.35,69.33,800,513,1719,-1581
769,BUD,2020-02-24,0 days 15:59:27.714108,60103,69.37,69.35,1585,1567,1472,-28
770,BUD,2020-02-24,0 days 15:59:38.741095,61575,69.37,69.36,2265,450,-132,4
771,BUD,2020-02-24,0 days 15:59:46.760559,60761,69.36,69.35,760,1000,814,-5286
772,BUD,2020-02-24,0 days 15:59:48.766865,61575,69.36,69.35,1881,233,-86,814
773,BVN,2020-02-24,0 days 15:55:00.037612,100203,12.38,12.37,4808,6183,2933,-8876
774,BVN,2020-02-24,0 days 15:56:53.301370,103191,12.31,12.3,5297,4661,-7929,371
775,BVN,2020-02-24,0 days 15:56:54.304593,101220,12.31,12.3,6004,3442,1971,-7929
776,BVN,2020-02-24,0 days 15:57:09.341414,104076,12.31,12.3,7089,5618,-1106,1989
777,BVN,2020-02-24,0 days 15:57:10.342868,102282,12.31,12.3,7589,4918,1794,-1106
778,BVN,2020-02-24,0 days 15:58:27.530673,105399,12.32,12.31,4601,12270,1874,-526
779,BVN,2020-02-24,0 days 15:58:50.587363,104076,12.32,12.31,8155,12080,-3129,1108
780,BVN,2020-02-24,0 days 15:58:51.588408,102905,12.32,12.31,8404,11942,1171,-3129
781,BVN,2020-02-24,0 days 15:59:05.624187,109398,12.32,12.31,10108,11779,-12656,1263
782,BWA,2020-02-24,0 days 15:55:01.117135,210417,32.23,32.22,1005,800,-5009,2176
783,BWA,2020-02-24,0 days 15:55:02.119401,208526,32.23,32.22,1409,1000,1891,-5009
784,BWA,2020-02-24,0 days 15:56:10.284015,210417,32.22,32.21,2921,508,-5221,1479
785,BWA,2020-02-24,0 days 15:56:11.286369,209638,32.22,32.21,2534,174,784,-5221
786,BWA,2020-02-24,0 days 15:56:31.335408,210956,32.22,32.21,2030,503,-1416,1035
787,BWA,2020-02-24,0 days 15:56:32.337868,210172,32.21,32.2,943,500,784,-1416
788,BWA,2020-02-24,0 days 15:56:35.344536,211107,32.21,32.2,1965,800,-78,972
789,BWA,2020-02-24,0 days 15:56:36.347177,210185,32.21,32.2,2243,1000,922,-78
790,BWA,2020-02-24,0 days 15:56:49.377970,211407,32.21,32.2,2024,1891,-1508,1122
791,BWA,2020-02-24,0 days 15:56:50.380694,210724,32.21,32.2,2410,1054,583,-1508
792,BWA,2020-02-24,0 days 15:56:56.396719,211607,32.19,32.18,1323,757,-3508,583
793,BWA,2020-02-24,0 days 15:57:00.404568,211615,32.19,32.18,2630,1034,3959,-8
794,BWA,2020-02-24,0 days 15:57:51.527722,217764,32.19,32.18,1367,2877,-309,891
795,BWA,2020-02-24,0 days 15:57:52.530092,216973,32.19,32.18,1267,2877,791,-309
796,BWA,2020-02-24,0 days 15:57:55.537833,217764,32.2,32.19,2654,2095,-909,791
797,BWA,2020-02-24,0 days 15:57:56.540275,216973,32.2,32.19,2584,2195,491,-909
798,BWA,2020-02-24,0 days 15:58:45.659624,226364,32.21,32.2,1615,787,-1931,3316
799,BWA,2020-02-24,0 days 15:58:46.662426,224704,32.21,32.2,1845,387,1560,-1931
800,BWA,2020-02-24,0 days 15:59:08.715568,229541,32.18,32.17,679,2242,-1723,2168
801,BWA,2020-02-24,0 days 15:59:09.719215,225664,32.18,32.17,1415,1812,3877,-1723
802,BWA,2020-02-24,0 days 15:59:10.720503,229541,32.18,32.17,1837,1072,-4040,3877
803,BWA,2020-02-24,0 days 15:59:11.723075,224181,32.18,32.17,1637,2087,5360,-4040
804,BWA,2020-02-24,0 days 15:59:12.726550,229541,32.18,32.17,703,2313,-1740,5360
805,BWA,2020-02-24,0 days 15:59:13.728673,229181,32.18,32.17,703,2513,2787,-1740
806,BWA,2020-02-24,0 days 15:59:14.731305,232601,32.19,32.18,1816,618,-7598,2787
807,BWA,2020-02-24,0 days 15:59:15.733617,232299,32.18,32.17,1715,1332,302,-7598
808,BWA,2020-02-24,0 days 15:59:17.737250,234462,32.19,32.18,1451,800,-1849,1251
809,BWA,2020-02-24,0 days 15:59:39.791191,244871,32.17,32.16,1362,600,72,-928
810,BWA,2020-02-24,0 days 15:59:50.817311,247671,32.16,32.15,752,883,539,-3261
811,BX,2020-02-24,0 days 15:57:02.344040,353399,58.45,58.44,1100,300,3652,-569
812,BX,2020-02-24,0 days 15:58:07.502754,367212,58.45,58.44,1389,302,-5603,1312
813,BX,2020-02-24,0 days 15:58:08.505306,357015,58.45,58.44,385,1020,5597,-5603
814,BX,2020-02-24,0 days 15:59:29.703092,409743,58.51,58.5,400,100,-298,437
815,BX,2020-02-24,0 days 15:59:48.749845,409600,58.46,58.45,739,507,543,-913
816,C,2020-02-24,0 days 15:55:00.218364,1100520,72.47,72.46,5421,3440,-24874,133178
817,C,2020-02-24,0 days 15:55:22.271671,1110320,72.46,72.45,10436,1585,-659,2241
818,C,2020-02-24,0 days 15:55:53.346108,1113190,72.51,72.5,908,10601,-589,711
819,C,2020-02-24,0 days 15:55:58.358483,1112490,72.5,72.49,12412,4236,-1289,511
820,C,2020-02-24,0 days 15:56:21.413634,1114230,72.5,72.49,4949,8218,-454,451
821,C,2020-02-24,0 days 15:56:54.493025,1118756,72.52,72.51,2106,6490,1701,-684
822,C,2020-02-24,0 days 15:56:55.496387,1118257,72.52,72.51,4010,5190,-499,1701
823,C,2020-02-24,0 days 15:56:56.497943,1118756,72.5,72.49,5219,2509,1401,-499
824,C,2020-02-24,0 days 15:58:06.669131,1266661,72.51,72.5,7510,1311,-6287,28140
825,C,2020-02-24,0 days 15:58:07.671509,1256348,72.51,72.5,8752,1210,9513,-6287
826,C,2020-02-24,0 days 15:58:16.692946,1253248,72.53,72.52,4813,4355,9928,-4772
827,C,2020-02-24,0 days 15:58:30.727217,1241789,72.57,72.56,2010,7369,6608,-14008
828,C,2020-02-24,0 days 15:58:43.760137,1252781,72.57,72.56,805,5008,-447,19573
829,C,2020-02-24,0 days 15:59:08.820220,1289000,72.51,72.5,717,8501,-1189,3711
830,C,2020-02-24,0 days 15:59:09.823076,1283207,72.5,72.49,3717,3461,5793,-1189
831,C,2020-02-24,0 days 15:59:24.856351,1316088,72.48,72.47,7413,644,-999,14919
832,C,2020-02-24,0 days 15:59:35.882301,1302053,72.5,72.49,824,7817,6211,-10165
833,C,2020-02-24,0 days 15:59:39.892275,1303916,72.52,72.51,7200,315,-15349,1851
834,C,2020-02-24,0 days 15:59:47.911242,1309320,72.52,72.51,7500,1276,-6108,8828
835,C,2020-02-24,0 days 15:59:48.914820,1298397,72.5,72.49,2900,8900,14986,-6108
836,C,2020-02-24,0 days 15:59:54.928143,1304591,72.54,72.53,6400,6388,-3754,353
837,CADE,2020-02-24,0 days 15:55:19.111715,176111,16.03,16.02,1765,8756,-2257,1843
838,CADE,2020-02-24,0 days 15:55:20.113405,174268,16.03,16.02,1665,8457,1843,-2257
839,CADE,2020-02-24,0 days 15:55:51.188016,184411,16.06,16.05,4401,2454,-8938,1722
840,CADE,2020-02-24,0 days 15:55:52.190422,182949,16.06,16.05,5531,2188,1462,-8938
841,CADE,2020-02-24,0 days 15:57:07.372693,184411,16.05,16.04,4261,4717,-1419,1222
842,CADE,2020-02-24,0 days 15:57:08.374464,183630,16.05,16.04,4661,4116,781,-1419
843,CADE,2020-02-24,0 days 15:58:09.522795,184710,16.05,16.04,7828,1799,-1978,2179
844,CADE,2020-02-24,0 days 15:58:10.526010,182888,16.05,16.04,7399,1899,1722,-1978
845,CADE,2020-02-24,0 days 15:58:48.617227,184795,16.07,16.06,6835,1873,-1202,898
846,CADE,2020-02-24,0 days 15:58:49.619507,184597,16.07,16.06,7050,2268,98,-1202
847,CADE,2020-02-24,0 days 15:58:53.630002,181981,16.06,16.05,6245,9218,-1316,98
848,CADE,2020-02-24,0 days 15:59:03.654791,182056,16.05,16.04,4096,7001,-1134,1159
849,CAG,2020-02-24,0 days 15:55:00.114351,353419,29.23,29.22,3344,306,-180,37021
850,CAG,2020-02-24,0 days 15:55:41.214731,347137,29.25,29.24,4742,5422,4996,-1866
851,CAG,2020-02-24,0 days 15:56:37.350181,347370,29.25,29.24,3587,6373,-4523,2239
852,CAG,2020-02-24,0 days 15:56:38.351781,342693,29.25,29.24,4791,6471,4677,-4523
853,CAG,2020-02-24,0 days 15:58:35.635858,354099,29.26,29.25,9315,8907,3115,-1385
854,CAG,2020-02-24,0 days 15:58:50.671877,352766,29.26,29.25,17312,5324,-335,3115
855,CAG,2020-02-24,0 days 15:58:51.673921,352663,29.25,29.24,12779,1462,8203,-335
856,CAG,2020-02-24,0 days 15:59:09.719264,363600,29.25,29.24,12521,497,-1938,4707
857,CAG,2020-02-24,0 days 15:59:10.720593,360438,29.25,29.24,12821,513,3162,-1938
858,CAG,2020-02-24,0 days 15:59:14.731305,364886,29.24,29.23,2508,9462,-13697,3162
859,CAG,2020-02-24,0 days 15:59:15.733568,347483,29.24,29.23,4711,8818,17403,-13697
860,CAG,2020-02-24,0 days 15:59:16.735438,363613,29.25,29.24,11495,4203,-3479,17403
861,CAG,2020-02-24,0 days 15:59:17.737309,359092,29.25,29.24,12253,2722,4521,-3479
862,CAG,2020-02-24,0 days 15:59:19.741874,371514,29.25,29.24,15195,1760,-2378,7336
863,CAG,2020-02-24,0 days 15:59:20.744782,369792,29.25,29.24,15368,1457,436,-2378
864,CAG,2020-02-24,0 days 15:59:25.757745,372654,29.25,29.24,16372,1738,-2772,1331
865,CAG,2020-02-24,0 days 15:59:26.759384,371226,29.24,29.23,10601,2537,1428,-2772
866,CAG,2020-02-24,0 days 15:59:27.762331,372654,29.24,29.23,8224,6334,-5972,1428
867,CAG,2020-02-24,0 days 15:59:28.764496,365326,29.24,29.23,8558,6339,7328,-5972
868,CAG,2020-02-24,0 days 15:59:45.805397,384144,29.22,29.21,2767,7272,-5707,3288
869,CAH,2020-02-24,0 days 15:59:16.701812,374201,58.15,58.14,100,1640,1195,-8695
870,CAH,2020-02-24,0 days 15:59:17.702758,371196,58.17,58.16,215,468,-3405,1195
871,CAH,2020-02-24,0 days 15:59:22.715873,374201,58.16,58.14,545,1631,5486,-994
872,CAH,2020-02-24,0 days 15:59:23.717718,370087,58.18,58.16,805,800,-4114,5486
873,CAH,2020-02-24,0 days 15:59:30.736103,375101,58.16,58.15,889,100,4484,-3229
874,CAH,2020-02-24,0 days 15:59:31.738626,371985,58.17,58.16,662,14,-3116,4484
875,CAH,2020-02-24,0 days 15:59:43.767128,380637,58.16,58.15,1680,200,-1152,18564
876,CAT,2020-02-24,0 days 15:55:00.056469,284541,132.37,132.34,285,300,-4000,18280
877,CAT,2020-02-24,0 days 15:56:08.213380,292694,132.41,132.39,326,537,548,-652
878,CAT,2020-02-24,0 days 15:56:10.218799,292286,132.41,132.4,114,237,-6408,2692
879,CAT,2020-02-24,0 days 15:56:38.285833,303502,132.4,132.37,720,200,29,-471
880,CAT,2020-02-24,0 days 15:56:39.288562,302564,132.39,132.37,203,307,-938,29
881,CAT,2020-02-24,0 days 15:56:54.324631,303580,132.36,132.34,203,300,484,-1016
882,CAT,2020-02-24,0 days 15:56:55.327517,302464,132.36,132.34,303,299,-1116,484
883,CAT,2020-02-24,0 days 15:57:38.431466,309232,132.37,132.34,636,1060,289,-211
884,CAT,2020-02-24,0 days 15:57:40.436355,306488,132.39,132.38,200,161,-896,704
885,CAT,2020-02-24,0 days 15:58:05.520094,311204,132.37,132.34,500,300,2337,-863
886,CAT,2020-02-24,0 days 15:58:06.500592,310241,132.37,132.35,500,703,-3045,2337
887,CAT,2020-02-24,0 days 15:58:51.609064,314731,132.42,132.4,305,300,2969,-13
888,CAT,2020-02-24,0 days 15:58:52.611352,314300,132.42,132.39,604,91,-431,2969
889,CAT,2020-02-24,0 days 15:58:55.618836,314731,132.4,132.37,260,724,2069,-431
890,CAT,2020-02-24,0 days 15:58:56.620631,313900,132.4,132.37,360,1315,-831,2069
891,CAT,2020-02-24,0 days 15:58:58.625968,314731,132.38,132.36,400,300,102,-831
892,CAT,2020-02-24,0 days 15:58:59.628179,313833,132.36,132.34,200,30,-898,102
893,CAT,2020-02-24,0 days 15:59:06.649177,313303,132.44,132.4,1017,500,720,-683
894,CAT,2020-02-24,0 days 15:59:07.649171,312023,132.44,132.4,917,300,-1280,720
895,CAT,2020-02-24,0 days 15:59:11.658541,313920,132.4,132.38,50,329,103,-1697
896,CAT,2020-02-24,0 days 15:59:13.663675,313856,132.42,132.38,732,96,-64,603
897,CAT,2020-02-24,0 days 15:59:16.671185,347237,132.36,132.32,411,196,707,-1215
898,CAT,2020-02-24,0 days 15:59:19.677859,344619,132.36,132.32,690,141,-2618,1282
899,CAT,2020-02-24,0 days 15:59:30.704646,350317,132.31,132.29,300,102,1062,-3038
900,CAT,2020-02-24,0 days 15:59:31.708031,348235,132.31,132.29,300,198,-22729,1062
901,CAT,2020-02-24,0 days 15:59:32.709596,370964,132.3,132.28,169,200,13525,-22729
902,CAT,2020-02-24,0 days 15:59:33.712212,362311,132.33,132.3,213,200,-8653,13525
903,CAT,2020-02-24,0 days 15:59:36.719819,370964,132.31,132.3,155,200,3532,-7953
904,CAT,2020-02-24,0 days 15:59:37.721663,368296,132.34,132.3,1280,905,-3768,3532
905,CAT,2020-02-24,0 days 15:59:43.736152,372764,132.31,132.28,357,652,1961,-3339
906,CAT,2020-02-24,0 days 15:59:46.744066,371481,132.31,132.28,6,500,-1283,2417
907,CBL,2020-02-24,0 days 15:59:22.854438,128537,0.53,0.52,100,10058,5,-1313
908,CC,2020-02-24,0 days 15:58:58.102151,159537,18.64,18.63,10868,2196,-23440,32260
909,CC,2020-02-24,0 days 15:58:59.104379,155177,18.63,18.62,7758,701,4360,-23440
910,CCC,2020-02-24,0 days 15:55:00.056267,20104,22.02,22.0,704,600,-1070,3547
911,CCC,2020-02-24,0 days 15:55:59.191958,21023,22.02,22.0,1304,2046,-151,1049
912,CCC,2020-02-24,0 days 15:58:36.572400,23431,22.01,22.0,2900,5057,298,-37
913,CCC,2020-02-24,0 days 15:59:49.751740,26408,22.02,22.0,2320,2108,95,-305
914,CCI,2020-02-24,0 days 15:57:10.531952,260159,166.54,166.52,14,10,7630,-8130
915,CCI,2020-02-24,0 days 15:57:11.534237,257289,166.54,166.51,7,610,-2870,7630
916,CCI,2020-02-24,0 days 15:59:18.844580,285237,166.64,166.59,23,400,178,-622
917,CCI,2020-02-24,0 days 15:59:24.856399,285298,166.63,166.59,755,839,-377,178
918,CCI,2020-02-24,0 days 15:59:43.902161,302271,166.49,166.45,425,400,66,-2128
919,CCI,2020-02-24,0 days 15:59:48.914907,301630,166.49,166.45,90,855,-2983,1623
920,CCL,2020-02-24,0 days 15:57:08.338156,407373,37.95,37.94,2610,2854,-4035,1607
921,CCL,2020-02-24,0 days 15:57:09.341414,400385,37.95,37.94,2912,2874,6988,-4035
922,CCL,2020-02-24,0 days 15:59:02.616398,415699,37.88,37.87,2102,4400,-114230,8574
923,CCL,2020-02-24,0 days 15:59:46.723925,684944,37.82,37.81,13541,10030,-376,11187
924,CF,2020-02-24,0 days 15:55:01.034431,152803,38.83,38.82,289,200,6729,-19403
925,CF,2020-02-24,0 days 15:55:37.118955,159632,38.86,38.84,1204,1421,-2940,829
926,CF,2020-02-24,0 days 15:55:38.121618,159272,38.86,38.84,1202,1421,360,-2940
927,CF,2020-02-24,0 days 15:56:23.228911,161991,38.85,38.84,1567,907,-312,94
928,CF,2020-02-24,0 days 15:56:24.231556,161503,38.85,38.84,2067,1086,488,-312
929,CF,2020-02-24,0 days 15:57:05.331019,162176,38.84,38.83,1371,2729,-2765,535
930,CF,2020-02-24,0 days 15:57:07.335742,162041,38.84,38.83,2082,2279,135,-5265
931,CF,2020-02-24,0 days 15:57:35.403408,164738,38.83,38.82,2987,1080,-865,535
932,CF,2020-02-24,0 days 15:57:36.405960,164503,38.83,38.82,3122,1180,235,-865
933,CF,2020-02-24,0 days 15:57:38.410670,164738,38.83,38.82,3135,1277,-265,235
934,CF,2020-02-24,0 days 15:57:39.412771,164603,38.83,38.82,3135,1277,135,-265
935,CF,2020-02-24,0 days 15:57:42.420029,164738,38.83,38.82,3531,1276,-65,135
936,CF,2020-02-24,0 days 15:57:43.423403,163903,38.83,38.82,3528,817,835,-65
937,CF,2020-02-24,0 days 15:57:55.451816,164938,38.81,38.8,2215,1857,-265,135
938,CF,2020-02-24,0 days 15:57:58.459329,164938,38.81,38.8,3010,1552,-965,135
939,CF,2020-02-24,0 days 15:58:01.468405,164938,38.81,38.8,2917,1698,-965,135
940,CF,2020-02-24,0 days 15:58:46.576234,165673,38.84,38.83,1798,2205,1762,-738
941,CF,2020-02-24,0 days 15:58:47.578891,165235,38.84,38.83,1998,2205,-338,1762
942,CF,2020-02-24,0 days 15:59:09.634023,168715,38.85,38.84,1004,1615,1074,-439
943,CF,2020-02-24,0 days 15:59:14.645224,174889,38.85,38.84,1839,1929,-384,5216
944,CF,2020-02-24,0 days 15:59:29.682095,178591,38.83,38.82,2741,1347,7122,-637
945,CF,2020-02-24,0 days 15:59:30.684692,178013,38.83,38.82,2419,1248,-578,7122
946,CF,2020-02-24,0 days 15:59:31.687134,178591,38.83,38.82,2735,610,4145,-578
947,CFG,2020-02-24,0 days 15:55:07.045859,314007,36.04,36.03,5658,3320,25514,-34686
948,CFG,2020-02-24,0 days 15:55:08.048405,310821,36.03,36.02,220,16959,-3186,25514
949,CFG,2020-02-24,0 days 15:55:35.114753,324668,36.07,36.06,4763,8191,16496,-3147
950,CFG,2020-02-24,0 days 15:55:36.116955,323664,36.08,36.07,11169,665,-1004,16496
951,CFG,2020-02-24,0 days 15:57:33.398306,329540,36.06,36.05,9730,2188,2074,-826
952,CFG,2020-02-24,0 days 15:57:34.401095,328914,36.06,36.05,9387,2782,-626,2074
953,CFG,2020-02-24,0 days 15:57:36.406049,329540,36.06,36.05,8180,5388,2274,-626
954,CFG,2020-02-24,0 days 15:57:37.408448,329214,36.06,36.05,9480,3582,-326,2274
955,CFG,2020-02-24,0 days 15:57:51.442302,329540,36.07,36.06,7483,3926,2974,-2926
956,CFG,2020-02-24,0 days 15:57:53.447417,329214,36.07,36.06,7883,4020,-326,574
957,CFG,2020-02-24,0 days 15:57:55.451876,329540,36.07,36.06,8683,3925,674,-326
958,CFG,2020-02-24,0 days 15:57:56.454487,329214,36.07,36.06,8831,4725,-326,674
959,CFG,2020-02-24,0 days 15:57:57.458914,329540,36.07,36.06,10060,3771,2274,-326
960,CFG,2020-02-24,0 days 15:58:06.480088,329540,36.06,36.05,10598,2359,811,-655
961,CFG,2020-02-24,0 days 15:58:09.487525,330751,36.06,36.05,9296,6012,-2789,811
962,CFG,2020-02-24,0 days 15:58:10.491289,329540,36.06,36.05,945,13677,811,-2789
963,CFG,2020-02-24,0 days 15:58:31.540206,329540,36.1,36.09,800,10605,811,-2189
964,CFG,2020-02-24,0 days 15:58:50.587363,330351,36.1,36.09,11298,3800,-1159,759
965,CFG,2020-02-24,0 days 15:59:01.613349,336651,36.07,36.06,2219,10364,-221,3541
966,CFG,2020-02-24,0 days 15:59:03.619340,337212,36.07,36.06,600,11865,801,-961
967,CFG,2020-02-24,0 days 15:59:07.628476,337570,36.08,36.07,1511,11372,-442,2324
968,CFG,2020-02-24,0 days 15:59:10.636982,338012,36.09,36.08,6263,5020,5708,-642
969,CFG,2020-02-24,0 days 15:59:11.638163,337820,36.09,36.08,5269,7581,-192,5708
970,CFG,2020-02-24,0 days 15:59:21.662333,351552,36.09,36.08,3575,10098,3919,-1146
971,CFG,2020-02-24,0 days 15:59:22.664327,352271,36.09,36.08,3312,12522,-770,3919
972,CFG,2020-02-24,0 days 15:59:37.702769,354781,36.09,36.08,5453,14625,3199,-501
973,CFG,2020-02-24,0 days 15:59:38.704262,354780,36.09,36.08,930,16712,-2731,3199
974,CFG,2020-02-24,0 days 15:59:46.723955,356519,36.08,36.07,1087,13962,-1092,308
975,CFX,2020-02-24,0 days 15:56:13.240360,144612,37.89,37.86,4356,699,1710,-2090
976,CFX,2020-02-24,0 days 15:56:14.242715,139422,37.89,37.86,4356,700,-5190,1710
977,CFX,2020-02-24,0 days 15:59:29.719864,172283,37.77,37.76,3041,479,363,-569
978,CFX,2020-02-24,0 days 15:59:35.733757,161646,37.77,37.76,3464,415,-10737,4363
979,CFX,2020-02-24,0 days 15:59:36.736332,172383,37.77,37.76,3644,500,1263,-10737
980,CFX,2020-02-24,0 days 15:59:39.743837,171507,37.77,37.76,4706,501,-976,5353
981,CFX,2020-02-24,0 days 15:59:40.747966,172483,37.77,37.76,8570,401,669,-976
982,CFX,2020-02-24,0 days 15:59:42.750576,170916,37.77,37.76,8096,204,-1567,7469
983,CFX,2020-02-24,0 days 15:59:44.755594,172183,37.74,37.72,1787,1038,764,-1063
984,CFX,2020-02-24,0 days 15:59:59.792641,170308,37.68,37.67,13299,156,2446,-383
985,CGC,2020-02-24,0 days 15:58:21.705298,37494,20.36,20.35,7436,5200,-3115,685
986,CGC,2020-02-24,0 days 15:58:22.707896,37109,20.36,20.35,7436,3200,85,-3115
987,CGC,2020-02-24,0 days 15:59:07.817687,40243,20.33,20.32,2200,958,-266,785
988,CGC,2020-02-24,0 days 15:59:15.837622,39908,20.33,20.31,1500,1100,335,-266
989,CGC,2020-02-24,0 days 15:59:26.862176,40243,20.32,20.3,2200,3835,-141,335
990,CGC,2020-02-24,0 days 15:59:31.873035,39984,20.32,20.31,3100,100,259,-141
991,CGC,2020-02-24,0 days 15:59:48.914874,40243,20.3,20.29,4078,1101,-41,259
992,CHS,2020-02-24,0 days 15:59:40.748199,191015,4.18,4.17,50572,32149,-15737,8222
993,CHS,2020-02-24,0 days 15:59:41.749564,186652,4.18,4.17,53249,31374,4363,-15737
994,CHS,2020-02-24,0 days 15:59:44.755729,191015,4.18,4.17,51849,24655,-1469,4363
995,CHS,2020-02-24,0 days 15:59:48.766838,186984,4.18,4.17,51449,29141,4031,-1469
996,CHWY,2020-02-24,0 days 15:57:07.525388,47022,30.89,30.87,200,508,106,-2344
997,CHWY,2020-02-24,0 days 15:57:09.529409,46268,30.89,30.87,341,508,-454,106
998,CHWY,2020-02-24,0 days 15:57:10.532034,48622,30.89,30.87,341,508,275,-454
999,CHWY,2020-02-24,0 days 15:58:01.657237,49858,30.86,30.82,1031,250,-1464,436
1000,CHWY,2020-02-24,0 days 15:58:02.660636,49822,30.86,30.82,1931,250,36,-1464
1001,CHWY,2020-02-24,0 days 15:59:58.936385,56224,30.84,30.78,7002,3100,2019,-1235
1002,CI,2020-02-24,0 days 15:55:00.056516,149359,200.91,200.85,2,112,-6000,34956
1003,CI,2020-02-24,0 days 15:55:01.052696,147559,200.91,200.85,2,300,1900,-6000
1004,CI,2020-02-24,0 days 15:55:41.148897,149069,201.04,200.91,1,100,-940,6
1005,CI,2020-02-24,0 days 15:55:42.151313,147509,201.04,200.91,1,202,1560,-940
1006,CI,2020-02-24,0 days 15:57:18.383402,154973,200.49,200.44,202,100,-95,356
1007,CI,2020-02-24,0 days 15:57:19.385987,153917,200.49,200.44,102,100,1056,-95
1008,CI,2020-02-24,0 days 15:57:54.470380,159606,200.54,200.5,1,321,-15,5085
1009,CI,2020-02-24,0 days 15:57:55.472947,158121,200.55,200.53,161,100,1185,-15
1010,CI,2020-02-24,0 days 15:58:06.500676,158911,200.61,200.55,380,200,-299,601
1011,CI,2020-02-24,0 days 15:58:07.502754,157510,200.61,200.55,482,577,1295,-299
1012,CI,2020-02-24,0 days 15:58:20.533573,157156,200.77,200.72,10,200,-43,1257
1013,CI,2020-02-24,0 days 15:58:24.543758,157199,200.76,200.72,200,290,257,-43
1014,CI,2020-02-24,0 days 15:58:29.556030,157156,200.8,200.73,365,10,-43,257
1015,CI,2020-02-24,0 days 15:58:32.562691,155799,200.81,200.8,84,134,657,-143
1016,CI,2020-02-24,0 days 15:59:10.656432,165801,200.74,200.66,450,1804,-752,1438
1017,CI,2020-02-24,0 days 15:59:11.658572,164402,200.74,200.66,461,727,369,-752
1018,CI,2020-02-24,0 days 15:59:12.661277,163871,200.77,200.73,200,300,-531,369
1019,CI,2020-02-24,0 days 15:59:13.663704,162602,200.73,200.68,100,3,2169,-531
1020,CI,2020-02-24,0 days 15:59:14.666572,165771,200.74,200.66,100,1527,-11430,2169
1021,CI,2020-02-24,0 days 15:59:15.668742,165418,200.67,200.64,200,151,453,-11430
1022,CI,2020-02-24,0 days 15:59:21.682913,167437,200.55,200.5,430,590,-1745,985
1023,CI,2020-02-24,0 days 15:59:22.685161,168982,200.55,200.5,640,346,355,-1745
1024,CI,2020-02-24,0 days 15:59:23.687729,169037,200.55,200.51,740,20,-393,355
1025,CI,2020-02-24,0 days 15:59:42.734088,183227,200.46,200.44,200,69,14,-1286
1026,CI,2020-02-24,0 days 15:59:46.744066,181473,200.45,200.37,195,964,-949,151
1027,CI,2020-02-24,0 days 15:59:54.763489,183926,200.39,200.31,1723,500,266,-1153
1028,CI,2020-02-24,0 days 15:59:59.783623,181873,200.44,200.33,1882,7418,-2053,266
1029,CIEN,2020-02-24,0 days 15:55:01.066763,86081,42.75,42.71,200,790,-1343,193
1030,CIEN,2020-02-24,0 days 15:56:11.235681,94317,42.73,42.71,1339,567,10,-495
1031,CIEN,2020-02-24,0 days 15:56:12.238419,93727,42.73,42.71,1239,568,-590,10
1032,CIEN,2020-02-24,0 days 15:57:03.361924,94335,42.71,42.7,304,586,-444,556
1033,CIEN,2020-02-24,0 days 15:57:10.379599,95325,42.72,42.71,1236,133,328,-800
1034,CIEN,2020-02-24,0 days 15:58:25.562362,104900,42.7,42.69,688,587,-940,260
1035,CIEN,2020-02-24,0 days 15:58:46.612380,107828,42.72,42.71,624,1481,2272,-1328
1036,CIEN,2020-02-24,0 days 15:58:47.614999,107000,42.72,42.71,907,101,-828,2272
1037,CIEN,2020-02-24,0 days 15:58:58.641927,107828,42.7,42.69,920,216,272,-828
1038,CIEN,2020-02-24,0 days 15:59:44.755825,113741,42.67,42.66,100,800,-212,588
1039,CIM,2020-02-24,0 days 15:55:00.056187,120070,22.21,22.2,2264,10632,-188,25959
1040,CIM,2020-02-24,0 days 15:55:01.052596,116535,22.21,22.2,1002,12532,3535,-188
1041,CIM,2020-02-24,0 days 15:59:06.649074,122880,22.23,22.22,15531,13126,-3267,1895
1042,CIM,2020-02-24,0 days 15:59:07.649033,122147,22.23,22.22,16836,12524,733,-3267
1043,CIM,2020-02-24,0 days 15:59:20.680584,122880,22.23,22.22,19071,14520,-6422,284
1044,CIM,2020-02-24,0 days 15:59:21.682740,120202,22.23,22.22,20257,13620,2678,-6422
1045,CIM,2020-02-24,0 days 15:59:36.719543,122920,22.23,22.22,24266,14041,-3139,2650
1046,CIM,2020-02-24,0 days 15:59:37.721524,121959,22.23,22.22,25766,13638,961,-3139
1047,CIM,2020-02-24,0 days 15:59:41.732168,122920,22.23,22.22,19745,14337,-339,161
1048,CLDR,2020-02-24,0 days 15:57:18.440045,156356,10.18,10.17,12383,16728,682,-994
1049,CLDR,2020-02-24,0 days 15:57:19.442542,153938,10.18,10.17,14983,16628,-2418,682
1050,CLDR,2020-02-24,0 days 15:59:04.697934,169629,10.18,10.17,16880,17833,20184,-4371
1051,CLDR,2020-02-24,0 days 15:59:05.701054,168213,10.18,10.17,17220,16313,-1416,20184
1052,CLDR,2020-02-24,0 days 15:59:12.719260,170611,10.18,10.17,11549,20776,37504,-26171
1053,CLDR,2020-02-24,0 days 15:59:13.721536,151615,10.19,10.18,8224,14637,-18996,37504
1054,CLDR,2020-02-24,0 days 15:59:14.723055,170611,10.19,10.18,9862,18230,17357,-18996
1055,CLDR,2020-02-24,0 days 15:59:15.723450,170068,10.19,10.18,15313,21400,-843,17357
1056,CLDR,2020-02-24,0 days 15:59:17.727447,170911,10.19,10.18,14485,22554,25457,-843
1057,CLF,2020-02-24,0 days 15:57:38.557613,267443,6.75,6.74,91705,87435,-1629,771
1058,CLI,2020-02-24,0 days 15:55:01.531088,51075,21.17,21.15,512,1714,370,-15130
1059,CLI,2020-02-24,0 days 15:55:16.567766,51445,21.17,21.16,200,1399,-830,370
1060,CLI,2020-02-24,0 days 15:55:17.570249,51075,21.17,21.16,200,1599,370,-830
1061,CLI,2020-02-24,0 days 15:56:46.784400,52140,21.17,21.16,950,2394,-770,430
1062,CLI,2020-02-24,0 days 15:56:47.786609,51710,21.17,21.16,937,2694,430,-770
1063,CLI,2020-02-24,0 days 15:57:53.946033,55024,21.18,21.17,1710,2103,-597,703
1064,CLI,2020-02-24,0 days 15:57:54.948253,54321,21.18,21.17,1710,2203,703,-597
1065,CLI,2020-02-24,0 days 15:59:05.120154,55183,21.19,21.18,2297,2911,-542,598
1066,CLI,2020-02-24,0 days 15:59:11.134655,53485,21.19,21.18,2088,3701,1698,-542
1067,CLI,2020-02-24,0 days 15:59:12.136712,55183,21.19,21.18,990,4241,-202,1698
1068,CLI,2020-02-24,0 days 15:59:24.166485,55270,21.19,21.18,3561,1516,76,-6124
1069,CLI,2020-02-24,0 days 15:59:29.180855,55346,21.19,21.18,2665,2571,-321,76
1070,CLI,2020-02-24,0 days 15:59:30.183493,57267,21.19,21.18,1766,2621,179,-321
1071,CLI,2020-02-24,0 days 15:59:41.208243,59046,21.19,21.18,3475,617,-1021,351
1072,CLI,2020-02-24,0 days 15:59:42.210691,58967,21.18,21.17,1215,496,79,-1021
1073,CLNY,2020-02-24,0 days 15:59:07.664601,300456,4.77,4.76,44780,7549,2547,-7653
1074,CLR,2020-02-24,0 days 15:57:11.381505,200152,23.49,23.48,1654,400,698,-6756
1075,CLR,2020-02-24,0 days 15:57:12.384338,195550,23.49,23.48,1454,1976,-4702,698
1076,CLR,2020-02-24,0 days 15:57:18.398849,200859,23.49,23.48,1501,3978,824,-887
1077,CLR,2020-02-24,0 days 15:57:19.401220,196783,23.49,23.48,1521,3978,-3479,824
1078,CLR,2020-02-24,0 days 15:59:06.663279,209734,23.48,23.47,3343,3403,7353,-516
1079,CLR,2020-02-24,0 days 15:59:15.684397,208660,23.48,23.47,1926,3227,1225,-162
1080,CLR,2020-02-24,0 days 15:59:16.687772,206485,23.48,23.47,1778,4102,-475,1225
1081,CLR,2020-02-24,0 days 15:59:18.691174,208660,23.48,23.47,2061,4330,7103,-475
1082,CLR,2020-02-24,0 days 15:59:38.740899,210017,23.48,23.47,1401,3530,-1894,4787
1083,CLR,2020-02-24,0 days 15:59:51.775442,212211,23.45,23.44,1957,800,1368,-9129
1084,CLX,2020-02-24,0 days 15:57:10.489100,116434,167.19,167.14,671,300,3,-471
1085,CLX,2020-02-24,0 days 15:57:11.491243,115937,167.19,167.14,676,301,-497,3
1086,CLX,2020-02-24,0 days 15:57:39.559877,117287,167.16,167.14,220,929,360,-840
1087,CLX,2020-02-24,0 days 15:57:40.562504,116747,167.16,167.14,321,1029,-540,360
1088,CLX,2020-02-24,0 days 15:57:48.581809,117287,167.18,167.15,396,409,360,-540
1089,CLX,2020-02-24,0 days 15:57:49.584368,116747,167.18,167.15,397,409,-540,360
1090,CLX,2020-02-24,0 days 15:57:51.589171,117287,167.18,167.15,297,609,60,-540
1091,CLX,2020-02-24,0 days 15:57:52.591404,116747,167.18,167.15,297,609,-540,60
1092,CLX,2020-02-24,0 days 15:57:57.604204,117287,167.16,167.15,152,200,960,-540
1093,CLX,2020-02-24,0 days 15:57:58.605791,116747,167.17,167.15,325,200,-540,960
1094,CLX,2020-02-24,0 days 15:58:05.624427,117287,167.2,167.17,105,200,977,-723
1095,CLX,2020-02-24,0 days 15:58:06.626620,116664,167.2,167.17,310,225,-623,977
1096,CLX,2020-02-24,0 days 15:58:48.729026,120336,167.29,167.27,223,100,431,-2269
1097,CLX,2020-02-24,0 days 15:58:49.731458,119767,167.29,167.27,323,100,-569,431
1098,CLX,2020-02-24,0 days 15:59:05.770542,121692,167.24,167.18,954,629,258,-1875
1099,CLX,2020-02-24,0 days 15:59:07.775248,121469,167.28,167.23,500,200,-223,258
1100,CLX,2020-02-24,0 days 15:59:09.780476,121751,167.28,167.23,733,304,7753,-176
1101,CMA,2020-02-24,0 days 15:59:01.698313,260100,59.82,59.81,741,200,1523,-667
1102,CMA,2020-02-24,0 days 15:59:02.701012,258423,59.82,59.81,534,900,-1677,1523
1103,CMA,2020-02-24,0 days 15:59:05.708259,260800,59.84,59.83,1216,10,15399,-1277
1104,CMA,2020-02-24,0 days 15:59:06.711890,246999,59.85,59.83,457,830,-9595,15399
1105,CMA,2020-02-24,0 days 15:59:07.713061,256894,59.85,59.83,444,830,8714,-9595
1106,CMA,2020-02-24,0 days 15:59:30.769639,265967,59.87,59.85,2540,860,-2138,2924
1107,CMA,2020-02-24,0 days 15:59:31.771733,268205,59.86,59.85,115,405,3022,-2138
1108,CMA,2020-02-24,0 days 15:59:32.774554,268027,59.86,59.85,2,405,-78,3022
1109,CMA,2020-02-24,0 days 15:59:38.788877,269539,59.85,59.84,1106,300,-57,333
1110,CMA,2020-02-24,0 days 15:59:39.791191,269696,59.85,59.84,577,700,6647,-57
1111,CMS,2020-02-24,0 days 15:55:09.128900,148151,68.29,68.28,283,2402,1965,-735
1112,CMS,2020-02-24,0 days 15:55:11.133700,150716,68.29,68.28,1890,2207,-126,1365
1113,CMS,2020-02-24,0 days 15:56:47.364576,178354,68.31,68.3,2208,1035,383,-3117
1114,CMS,2020-02-24,0 days 15:56:48.366648,176437,68.31,68.3,2311,110,-1917,383
1115,CMS,2020-02-24,0 days 15:57:12.425524,200702,68.27,68.26,784,850,16319,-4165
1116,CMS,2020-02-24,0 days 15:57:13.427935,197821,68.27,68.26,819,1210,-3101,16319
1117,CMS,2020-02-24,0 days 15:57:57.534726,201265,68.29,68.28,1244,1698,1169,-831
1118,CMS,2020-02-24,0 days 15:57:58.536718,199234,68.29,68.28,1244,1816,-2031,1169
1119,CMS,2020-02-24,0 days 15:58:41.641735,179720,68.33,68.32,3314,868,614,-3486
1120,CMS,2020-02-24,0 days 15:58:49.661457,187934,68.32,68.31,106,1320,-9986,3614
1121,CMS,2020-02-24,0 days 15:59:01.691146,199770,68.3,68.29,1711,1784,64,-86
1122,CMS,2020-02-24,0 days 15:59:03.695820,199515,68.32,68.31,308,1729,-1305,245
1123,CMS,2020-02-24,0 days 15:59:05.701087,200840,68.32,68.31,220,1928,4035,-1305
1124,CMS,2020-02-24,0 days 15:59:15.723570,213274,68.3,68.29,600,2238,6459,-9709
1125,CNC,2020-02-24,0 days 15:59:14.645268,826251,59.37,59.35,2062,921,174850,-38629
1126,CNC,2020-02-24,0 days 15:59:15.647702,1001001,59.37,59.35,658,1093,-76725,174850
1127,CNC,2020-02-24,0 days 15:59:17.652098,826251,59.37,59.36,1175,1946,174750,-76725
1128,CNC,2020-02-24,0 days 15:59:34.694700,991180,59.47,59.45,621,303,-108327,164851
1129,CNC,2020-02-24,0 days 15:59:36.699066,850883,59.46,59.45,600,600,140297,-108327
1130,CNHI,2020-02-24,0 days 15:59:13.642866,31694,8.77,8.76,71151,44247,-3513,11862
1131,CNHI,2020-02-24,0 days 15:59:36.698846,44962,8.77,8.76,85976,39412,9060,-11440
1132,CNHI,2020-02-24,0 days 15:59:37.702498,44922,8.77,8.76,85276,39412,-40,9060
1133,CNK,2020-02-24,0 days 15:58:16.589286,182965,28.79,28.78,1510,610,-61930,88070
1134,CNP,2020-02-24,0 days 15:56:07.242126,427242,25.23,25.22,43981,26854,1057,-300
1135,CNP,2020-02-24,0 days 15:56:23.280555,428324,25.23,25.22,30180,32491,-335,602
1136,CNP,2020-02-24,0 days 15:57:11.396899,429304,25.23,25.22,50247,24644,562,-1817
1137,CNP,2020-02-24,0 days 15:57:15.407545,429866,25.23,25.22,48728,23551,-59,547
1138,CNP,2020-02-24,0 days 15:57:54.501127,444980,25.23,25.22,44021,28132,13886,-11136
1139,CNP,2020-02-24,0 days 15:57:55.503834,435266,25.23,25.22,44043,28540,-9714,13886
1140,CNP,2020-02-24,0 days 15:58:07.534338,444980,25.23,25.22,38963,30980,20158,-5914
1141,CNP,2020-02-24,0 days 15:58:08.536950,436738,25.23,25.22,38954,32004,-8242,20158
1142,CNP,2020-02-24,0 days 15:59:10.686776,461207,25.23,25.22,7495,32107,21775,-10565
1143,CNP,2020-02-24,0 days 15:59:20.709970,460260,25.23,25.22,18488,22280,5324,-1132
1144,CNP,2020-02-24,0 days 15:59:21.712808,445684,25.23,25.22,25471,18417,-14576,5324
1145,CNP,2020-02-24,0 days 15:59:23.716902,470619,25.23,25.22,40447,2520,9266,-15335
1146,CNP,2020-02-24,0 days 15:59:45.771156,463180,25.22,25.21,23858,12392,5668,-5552
1147,CNP,2020-02-24,0 days 15:59:46.773055,461548,25.22,25.21,28355,18256,-332,5668
1148,CNQ,2020-02-24,0 days 15:57:38.910121,40940,28.63,28.62,10548,2976,1081,-819
1149,CNQ,2020-02-24,0 days 15:57:39.912560,40121,28.63,28.62,13553,931,-819,1081
1150,CNQ,2020-02-24,0 days 15:58:59.104439,41375,28.61,28.6,19632,700,3171,-4929
1151,CNX,2020-02-24,0 days 15:58:05.624321,346994,6.31,6.3,30820,45416,-6555,4874
1152,COF,2020-02-24,0 days 15:57:05.476750,261852,98.22,98.21,511,1000,471,-11373
1153,COF,2020-02-24,0 days 15:57:06.479913,258423,98.22,98.21,511,1100,-3429,471
1154,COF,2020-02-24,0 days 15:57:10.489024,261852,98.22,98.21,810,2,1371,-929
1155,COF,2020-02-24,0 days 15:57:11.491013,258823,98.22,98.21,710,6,-3029,1371
1156,COF,2020-02-24,0 days 15:57:44.572816,262675,98.24,98.23,554,201,6625,-2875
1157,COF,2020-02-24,0 days 15:57:45.574222,261000,98.24,98.23,554,401,-1475,6625
1158,COF,2020-02-24,0 days 15:58:04.621243,262475,98.23,98.22,702,4648,62,-538
1159,COF,2020-02-24,0 days 15:58:05.624233,262537,98.23,98.22,638,4905,-1585,62
1160,COF,2020-02-24,0 days 15:58:54.742564,270122,98.28,98.24,397,321,956,-1544
1161,COF,2020-02-24,0 days 15:58:55.745016,267478,98.28,98.25,302,200,-2644,956
1162,COF,2020-02-24,0 days 15:59:05.770355,272303,98.23,98.21,1185,546,3655,-3630
1163,COF,2020-02-24,0 days 15:59:06.773905,265658,98.23,98.22,521,625,-6645,3655
1164,COF,2020-02-24,0 days 15:59:10.782389,267719,98.24,98.23,200,538,2439,-1904
1165,COF,2020-02-24,0 days 15:59:11.784803,262258,98.24,98.23,200,523,-5588,2439
1166,COF,2020-02-24,0 days 15:59:13.790501,275991,98.3,98.28,593,441,20050,-1388
1167,COG,2020-02-24,0 days 15:55:36.151882,791370,15.1,15.09,13825,24218,-29550,17321
1168,COG,2020-02-24,0 days 15:55:37.154055,780220,15.1,15.09,13525,24418,11150,-29550
1169,COG,2020-02-24,0 days 15:56:05.221309,792692,15.1,15.09,24961,25076,-16938,4062
1170,COG,2020-02-24,0 days 15:56:06.223654,784130,15.1,15.09,23261,19866,8562,-16938
1171,COG,2020-02-24,0 days 15:57:05.367353,800166,15.1,15.09,33646,35693,-1894,13306
1172,COG,2020-02-24,0 days 15:57:06.369515,791160,15.1,15.09,34546,34673,9006,-1894
1173,COG,2020-02-24,0 days 15:57:35.440009,843334,15.1,15.09,42674,32968,-16765,11635
1174,COG,2020-02-24,0 days 15:57:36.441990,839799,15.1,15.09,39984,34171,3583,-16765
1175,COG,2020-02-24,0 days 15:57:40.451382,843382,15.1,15.09,39501,33571,-1617,983
1176,COG,2020-02-24,0 days 15:57:41.454112,835299,15.1,15.09,47458,18337,8083,-1617
1177,COG,2020-02-24,0 days 15:57:57.494073,843482,15.09,15.08,42483,23292,-732,11868
1178,COG,2020-02-24,0 days 15:57:58.495462,835014,15.09,15.08,43840,25900,8468,-732
1179,COG,2020-02-24,0 days 15:58:46.612351,862947,15.1,15.09,57994,33483,-8959,25716
1180,COG,2020-02-24,0 days 15:58:47.614978,843106,15.1,15.09,57094,34683,19841,-8959
1181,COG,2020-02-24,0 days 15:59:09.669393,879201,15.1,15.09,60285,30916,-16856,7276
1182,COG,2020-02-24,0 days 15:59:10.671992,872925,15.09,15.08,27234,40119,6276,-16856
1183,COG,2020-02-24,0 days 15:59:26.710746,913799,15.09,15.08,34665,18264,-4934,18190
1184,COG,2020-02-24,0 days 15:59:27.714059,907833,15.09,15.08,35187,19462,5866,-4934
1185,COG,2020-02-24,0 days 15:59:31.724245,921299,15.08,15.07,31373,22192,-134844,8566
1186,COLD,2020-02-24,0 days 15:55:00.218786,106028,33.8,33.79,200,467,-4497,26100
1187,COLD,2020-02-24,0 days 15:55:09.240672,110525,33.8,33.79,2374,642,11,-1497
1188,COLD,2020-02-24,0 days 15:55:11.245663,110078,33.8,33.79,2574,342,-447,2653
1189,COLD,2020-02-24,0 days 15:55:36.305624,112625,33.86,33.84,2826,1124,961,-1355
1190,COLD,2020-02-24,0 days 15:55:37.308075,111586,33.86,33.84,2935,1224,-1039,961
1191,COLD,2020-02-24,0 days 15:55:47.331993,112625,33.86,33.84,3944,1632,661,-839
1192,COLD,2020-02-24,0 days 15:55:48.334462,111686,33.86,33.84,4544,1632,-939,661
1193,COLD,2020-02-24,0 days 15:56:37.452267,112738,33.83,33.82,1365,1262,-1017,213
1194,COLD,2020-02-24,0 days 15:56:38.454520,111955,33.83,33.82,1365,1362,583,-1017
1195,COLD,2020-02-24,0 days 15:57:07.525337,112759,33.82,33.81,1843,1567,-996,804
1196,COLD,2020-02-24,0 days 15:57:08.527561,112455,33.82,33.81,1843,1602,304,-996
1197,COLD,2020-02-24,0 days 15:57:09.529380,112759,33.82,33.81,1743,1402,-178,304
1198,COLD,2020-02-24,0 days 15:57:10.532034,112957,33.82,33.81,1741,1502,58,-178
1199,COLD,2020-02-24,0 days 15:57:11.534269,113015,33.82,33.81,1550,1925,-240,58
1200,COLD,2020-02-24,0 days 15:57:58.648819,122953,33.8,33.79,1779,311,144,-456
1201,COLD,2020-02-24,0 days 15:57:59.651299,122597,33.8,33.79,1879,211,-356,144
1202,COLD,2020-02-24,0 days 15:58:06.669267,122519,33.8,33.79,1988,822,847,-53
1203,COLD,2020-02-24,0 days 15:58:07.671669,121566,33.8,33.79,2215,956,-953,847
1204,COP,2020-02-24,0 days 15:55:00.114871,1158983,56.48,56.47,2642,3113,-31792,13820
1205,COP,2020-02-24,0 days 15:59:02.701224,1228954,56.44,56.43,1964,1047,-15641,2411
1206,COT,2020-02-24,0 days 15:56:37.314940,45875,15.66,15.65,14408,13806,715,-1085
1207,COT,2020-02-24,0 days 15:56:38.317203,44590,15.66,15.65,14308,13330,-1285,715
1208,COT,2020-02-24,0 days 15:57:10.395743,46091,15.66,15.65,17727,11476,584,-501
1209,COT,2020-02-24,0 days 15:57:11.397582,44975,15.66,15.65,17827,11616,-1116,584
1210,COT,2020-02-24,0 days 15:58:33.597409,51391,15.65,15.64,18326,7887,682,-1518
1211,COT,2020-02-24,0 days 15:58:34.599596,49973,15.65,15.64,21478,9543,-1418,682
1212,COT,2020-02-24,0 days 15:58:50.639405,51391,15.65,15.64,25964,7099,5113,-1418
1213,COT,2020-02-24,0 days 15:58:51.641111,50404,15.65,15.64,22034,6901,-987,5113
1214,COT,2020-02-24,0 days 15:59:28.730373,53484,15.66,15.65,17195,10000,1534,-1104
1215,COT,2020-02-24,0 days 15:59:29.733286,50018,15.66,15.65,15952,9600,-2690,1534
1216,COTY,2020-02-24,0 days 15:55:00.056087,280898,10.72,10.71,13432,10812,97422,-19048
1217,COTY,2020-02-24,0 days 15:55:01.052522,278520,10.72,10.71,16742,9987,-2378,97422
1218,COTY,2020-02-24,0 days 15:55:39.144044,280898,10.72,10.71,8684,26424,3964,-878
1219,COTY,2020-02-24,0 days 15:55:40.146231,279262,10.72,10.71,8484,26224,-1636,3964
1220,COTY,2020-02-24,0 days 15:57:35.424161,291793,10.72,10.71,12318,31511,271,-2129
1221,COTY,2020-02-24,0 days 15:57:36.426312,289564,10.72,10.71,12618,30811,-2229,271
1222,COTY,2020-02-24,0 days 15:58:56.620501,296264,10.73,10.72,18540,21611,-740,5160
1223,COTY,2020-02-24,0 days 15:59:00.631094,297004,10.73,10.72,21697,21450,4660,-740
1224,COTY,2020-02-24,0 days 15:59:01.633305,294864,10.73,10.72,19571,24965,-2160,4660
1225,CPB,2020-02-24,0 days 15:56:04.182904,236007,48.13,48.12,1012,1200,-2770,6330
1226,CPB,2020-02-24,0 days 15:56:05.185874,231977,48.13,48.12,689,1200,4030,-2770
1227,CPB,2020-02-24,0 days 15:56:35.257792,236132,48.15,48.14,395,2171,-770,2870
1228,CPB,2020-02-24,0 days 15:56:37.262875,232602,48.15,48.14,2533,1693,3530,-770
1229,CPB,2020-02-24,0 days 15:56:44.279483,236132,48.14,48.13,2445,1789,-270,3530
1230,CPB,2020-02-24,0 days 15:56:45.283029,233402,48.14,48.13,1677,1889,2730,-270
1231,CPB,2020-02-24,0 days 15:57:34.400907,239049,48.12,48.11,599,1841,-3888,4912
1232,CPB,2020-02-24,0 days 15:57:35.402929,238237,48.12,48.11,399,1841,812,-3888
1233,CPB,2020-02-24,0 days 15:57:42.419934,239049,48.12,48.11,1023,2354,-188,112
