,Symbol,Timestamp,TIME,iPaired,Ask_P,Bid_P,Ask_S,Bid_S,iShares,PreviShares
0,AA,2020-08-06,0 days 15:57:38.678982,194956,14.88,14.87,13405,10014,-510,2290
1,AA,2020-08-06,0 days 15:57:40.684537,186066,14.87,14.86,18529,5635,8890,-2410
2,AA,2020-08-06,0 days 15:59:09.904265,228182,14.87,14.86,15166,5294,9227,-8
3,AA,2020-08-06,0 days 15:59:49.992201,202040,14.89,14.88,4000,19086,34558,-242
4,ABBV,2020-08-06,0 days 15:59:12.700963,317761,92.62,92.6,1615,2111,85,-615
5,ABBV,2020-08-06,0 days 15:59:15.708251,311746,92.64,92.63,809,100,-6015,85
6,ABBV,2020-08-06,0 days 15:59:17.713038,317761,92.61,92.6,1695,457,85,-6015
7,ABBV,2020-08-06,0 days 15:59:19.718366,311746,92.65,92.63,300,736,-6015,85
8,ABBV,2020-08-06,0 days 15:59:41.771149,335168,92.61,92.6,500,100,3379,-2721
9,ABBV,2020-08-06,0 days 15:59:42.774078,336951,92.62,92.61,300,478,-109,3379
10,ABBV,2020-08-06,0 days 15:59:57.809905,371228,92.55,92.53,640,685,31973,-18694
11,ABT,2020-08-06,0 days 15:59:15.709475,392233,101.7,101.69,1210,517,-3023,1124
12,ABT,2020-08-06,0 days 15:59:16.710408,385756,101.69,101.68,312,537,5291,-3023
13,ABT,2020-08-06,0 days 15:59:22.725571,391047,101.71,101.7,1999,300,-20713,1376
14,ABT,2020-08-06,0 days 15:59:23.728176,366453,101.69,101.68,309,100,25780,-20713
15,ABT,2020-08-06,0 days 15:59:38.764504,391047,101.75,101.74,1386,2672,-536,389
16,ABT,2020-08-06,0 days 15:59:45.783712,382194,101.72,101.71,200,374,8972,-9893
17,ABT,2020-08-06,0 days 15:59:49.792612,390829,101.76,101.74,1910,675,337,-11427
18,ACI,2020-08-06,0 days 15:57:06.396605,17528,15.3,15.29,3471,2228,-1398,140
19,ACI,2020-08-06,0 days 15:58:21.577258,19344,15.3,15.29,4251,2200,784,-316
20,ACI,2020-08-06,0 days 15:58:22.581833,19128,15.3,15.29,4478,2200,-216,784
21,ACI,2020-08-06,0 days 15:58:27.592055,19344,15.3,15.29,4256,2000,184,-216
22,ACI,2020-08-06,0 days 15:58:28.594950,19128,15.3,15.29,4356,2400,-216,184
23,ACI,2020-08-06,0 days 15:58:50.647904,19344,15.3,15.29,5378,1796,1451,-216
24,ADM,2020-08-06,0 days 15:59:10.710517,169619,43.57,43.56,834,3593,9413,-17626
25,ADM,2020-08-06,0 days 15:59:11.712509,164932,43.58,43.57,4163,3159,-4287,9413
26,ADM,2020-08-06,0 days 15:59:21.737442,169619,43.58,43.57,4848,4544,255,-806
27,ADM,2020-08-06,0 days 15:59:28.753663,165811,43.57,43.56,5794,5292,-3408,3392
28,ADM,2020-08-06,0 days 15:59:39.781066,169219,43.57,43.56,5470,5461,2613,-3108
29,ADM,2020-08-06,0 days 15:59:46.798229,168242,43.57,43.56,8680,4710,-4832,13517
30,ADM,2020-08-06,0 days 15:59:48.799790,173074,43.57,43.56,10181,3432,691,-437
31,ADM,2020-08-06,0 days 15:59:49.801291,171565,43.57,43.56,9333,2019,-1309,691
32,ADT,2020-08-06,0 days 15:56:18.280906,152089,12.1,12.09,4435,2281,481,-2945
33,ADT,2020-08-06,0 days 15:56:19.283909,148070,12.1,12.09,4535,2238,-4019,481
34,ADT,2020-08-06,0 days 15:57:11.409072,152089,12.05,12.04,600,5172,2381,-2619
35,ADT,2020-08-06,0 days 15:57:12.410991,149470,12.05,12.04,700,5326,-2619,2381
36,ADT,2020-08-06,0 days 15:58:25.587452,148993,12.03,12.02,2612,6100,-4037,7563
37,ADT,2020-08-06,0 days 15:58:36.613796,143559,12.03,12.02,6098,11525,4134,-327
38,ADT,2020-08-06,0 days 15:58:37.616318,141793,12.04,12.03,6891,1772,-1766,4134
39,AEE,2020-08-06,0 days 15:55:43.196578,110016,81.28,81.26,801,142,125,-1836
40,AEE,2020-08-06,0 days 15:55:44.199269,108841,81.27,81.26,300,446,-1175,125
41,AEE,2020-08-06,0 days 15:59:01.675902,119186,81.19,81.14,1374,1199,-754,4918
42,AEE,2020-08-06,0 days 15:59:09.695135,118515,81.13,81.1,910,913,799,-801
43,AEE,2020-08-06,0 days 15:59:10.697591,117414,81.13,81.1,1200,709,-1101,799
44,AEE,2020-08-06,0 days 15:59:22.725702,122507,81.15,81.13,822,1342,1012,-1393
45,AEE,2020-08-06,0 days 15:59:23.728305,119119,81.16,81.14,230,261,-3988,1012
46,AEE,2020-08-06,0 days 15:59:44.779330,123107,81.25,81.17,300,1451,1603,-997
47,AEE,2020-08-06,0 days 15:59:46.785796,122410,81.22,81.17,539,1559,-869,1003
48,AEE,2020-08-06,0 days 15:59:56.807958,120879,81.15,81.08,1800,500,131,-1669
49,AEM,2020-08-06,0 days 15:57:08.399471,56341,84.22,84.19,504,1000,-2439,3154
50,AEM,2020-08-06,0 days 15:57:09.403452,56180,84.21,84.19,305,1000,161,-2439
51,AEM,2020-08-06,0 days 15:57:10.405151,56341,84.21,84.19,305,800,-337,161
52,AEM,2020-08-06,0 days 15:58:59.668957,56772,84.13,84.11,400,500,1602,-144
53,AEM,2020-08-06,0 days 15:59:03.678985,58518,84.15,84.14,103,850,105,-1095
54,AEM,2020-08-06,0 days 15:59:06.686532,58623,84.17,84.16,866,200,-355,105
55,AEO,2020-08-06,0 days 15:55:35.318174,104083,10.59,10.58,17275,8435,8644,-1856
56,AEO,2020-08-06,0 days 15:55:36.320259,100027,10.59,10.58,17275,8838,-4056,8644
57,AEO,2020-08-06,0 days 15:56:46.489973,117149,10.57,10.56,20097,13505,147,-953
58,AEO,2020-08-06,0 days 15:56:47.492148,116196,10.57,10.56,20797,14315,-853,147
59,AEO,2020-08-06,0 days 15:59:08.836270,124287,10.61,10.6,7325,18066,7556,-1184
60,AEO,2020-08-06,0 days 15:59:09.838502,123743,10.62,10.61,5800,19495,-544,7556
61,AEO,2020-08-06,0 days 15:59:32.893906,124287,10.62,10.61,18402,4593,56,-344
62,AEO,2020-08-06,0 days 15:59:41.914600,125143,10.62,10.61,5883,19628,-428,56
63,AEO,2020-08-06,0 days 15:59:45.924716,125571,10.62,10.61,16662,3107,6696,-428
64,AEP,2020-08-06,0 days 15:55:11.118552,120364,85.28,85.26,704,203,21085,-1215
65,AEP,2020-08-06,0 days 15:58:02.532444,142333,85.38,85.37,1004,200,-313,4
66,AEP,2020-08-06,0 days 15:58:03.534132,136695,85.38,85.37,904,429,4338,-313
67,AEP,2020-08-06,0 days 15:58:05.538887,140253,85.38,85.37,304,200,-892,5058
68,AEP,2020-08-06,0 days 15:58:50.647993,151653,85.44,85.42,806,389,-1017,83
69,AEP,2020-08-06,0 days 15:58:51.650132,149770,85.41,85.4,100,200,1883,-1017
70,AEP,2020-08-06,0 days 15:59:11.699346,156988,85.38,85.36,506,400,-926,980
71,AEP,2020-08-06,0 days 15:59:12.701524,156614,85.38,85.37,706,600,374,-926
72,AEP,2020-08-06,0 days 15:59:35.759027,156988,85.39,85.38,591,800,-2588,212
73,AEP,2020-08-06,0 days 15:59:36.760582,153276,85.39,85.38,406,1208,3712,-2588
74,AEP,2020-08-06,0 days 15:59:45.784115,156988,85.4,85.39,707,102,-2595,443
75,AEP,2020-08-06,0 days 15:59:46.786026,157483,85.4,85.39,649,102,242,-2595
76,AES,2020-08-06,0 days 15:59:41.784831,556004,16.56,16.55,12569,6525,3968,-12827
77,AES,2020-08-06,0 days 15:59:43.790406,556169,16.57,16.56,3961,6030,-13330,3465
78,AES,2020-08-06,0 days 15:59:45.796019,569499,16.57,16.56,8953,3142,21029,-12630
79,AES,2020-08-06,0 days 15:59:48.799517,555350,16.56,16.55,5653,9389,-6451,3949
80,AFL,2020-08-06,0 days 15:56:03.275122,230870,35.32,35.31,3542,4210,3735,-1965
81,AFL,2020-08-06,0 days 15:56:04.278158,229505,35.32,35.31,3542,4110,-1365,3735
82,AFL,2020-08-06,0 days 15:57:15.448218,229551,35.32,35.31,3703,4097,-1319,581
83,AFL,2020-08-06,0 days 15:57:33.491458,230870,35.33,35.32,3567,3963,5181,-519
84,AFL,2020-08-06,0 days 15:57:34.494085,230151,35.33,35.32,1967,6703,-719,5181
85,AFL,2020-08-06,0 days 15:57:35.496627,230870,35.33,35.32,2567,5782,1481,-719
86,AFL,2020-08-06,0 days 15:57:36.498836,230351,35.33,35.32,2569,6268,-519,1481
87,AFL,2020-08-06,0 days 15:57:37.501630,230870,35.33,35.32,3469,6468,1781,-519
88,AFL,2020-08-06,0 days 15:57:38.503485,230551,35.33,35.32,2769,6377,-319,1781
89,AFL,2020-08-06,0 days 15:57:43.516176,230870,35.33,35.32,5729,2832,281,-519
90,AFL,2020-08-06,0 days 15:58:54.689653,231742,35.3,35.29,4867,3910,-993,2607
91,AFL,2020-08-06,0 days 15:59:05.716851,233043,35.3,35.29,2652,5890,90,-282
92,AFL,2020-08-06,0 days 15:59:14.739103,271506,35.37,35.36,2309,4209,-7829,30554
93,AFL,2020-08-06,0 days 15:59:15.741162,265535,35.37,35.36,3004,3656,5971,-7829
94,AFL,2020-08-06,0 days 15:59:16.743671,271506,35.37,35.36,1504,5872,-629,5971
95,AFL,2020-08-06,0 days 15:59:22.759336,272135,35.38,35.37,2500,4010,31384,-647
96,AFL,2020-08-06,0 days 15:59:23.761542,303519,35.39,35.38,2231,3994,-33102,31384
97,AFL,2020-08-06,0 days 15:59:24.763404,299638,35.37,35.36,2182,3172,11759,-33102
98,AFL,2020-08-06,0 days 15:59:26.768021,311597,35.37,35.36,1082,5072,-1324,1759
99,AFL,2020-08-06,0 days 15:59:27.770409,308314,35.37,35.36,1146,4814,3283,-1324
100,AFL,2020-08-06,0 days 15:59:33.785492,311597,35.39,35.38,2209,3389,-50,2950
101,AFL,2020-08-06,0 days 15:59:47.818935,314045,35.4,35.39,3093,9890,481,-74
102,AFL,2020-08-06,0 days 15:59:50.827557,317785,35.41,35.4,1100,13328,596,-904
103,AFL,2020-08-06,0 days 15:59:55.838229,318381,35.43,35.42,5209,18937,-1504,596
104,AG,2020-08-06,0 days 15:58:02.544945,84947,13.65,13.64,22800,11090,-1514,3313
105,AG,2020-08-06,0 days 15:58:03.546753,81261,13.65,13.64,26000,10440,1286,-1514
106,AG,2020-08-06,0 days 15:59:45.796186,93052,13.63,13.62,858,13528,-4238,2973
107,AG,2020-08-06,0 days 15:59:46.798129,91090,13.63,13.62,1658,13512,362,-4238
108,AGI,2020-08-06,0 days 15:59:20.720877,81589,10.49,10.48,23885,13183,-2109,903
109,AGI,2020-08-06,0 days 15:59:21.723133,80698,10.49,10.48,29985,9169,891,-2109
110,AGI,2020-08-06,0 days 15:59:38.763893,81589,10.5,10.49,12240,37613,-5734,866
111,AGI,2020-08-06,0 days 15:59:44.778595,81652,10.5,10.49,9028,43488,37,-2363
112,AGI,2020-08-06,0 days 15:59:45.781576,81689,10.5,10.49,12928,37454,-2807,37
113,AGI,2020-08-06,0 days 15:59:46.784442,81896,10.5,10.49,12199,43088,840,-2807
114,AIG,2020-08-06,0 days 15:55:55.237370,425392,29.37,29.36,4086,6259,-53411,5799
115,AIG,2020-08-06,0 days 15:55:56.238509,421003,29.35,29.34,1060,9602,4389,-53411
116,AIG,2020-08-06,0 days 15:56:38.340156,426223,29.35,29.34,11857,4879,-148978,1022
117,AIG,2020-08-06,0 days 15:58:53.667738,557765,29.32,29.31,1764,7362,-6763,3237
118,AIG,2020-08-06,0 days 15:59:05.698016,568633,29.33,29.32,7329,362,1398,-5887
119,AIG,2020-08-06,0 days 15:59:17.726440,672942,29.32,29.31,10726,5520,4889,-2911
120,AIG,2020-08-06,0 days 15:59:22.740162,677831,29.32,29.31,10849,7495,-24583,2430
121,ALB,2020-08-06,0 days 15:55:55.309369,121107,83.38,83.33,300,550,11197,-1548
122,ALB,2020-08-06,0 days 15:55:56.308845,118804,83.38,83.33,501,550,-2303,11197
123,ALB,2020-08-06,0 days 15:58:45.720754,132910,83.39,83.37,656,605,205,-989
124,ALB,2020-08-06,0 days 15:58:46.723200,132015,83.39,83.37,727,705,-895,205
125,ALB,2020-08-06,0 days 15:58:54.743816,134210,83.37,83.35,871,805,266,-834
126,ALB,2020-08-06,0 days 15:58:55.746142,131776,83.35,83.34,400,232,-2434,266
127,ALB,2020-08-06,0 days 15:59:00.759538,123373,83.37,83.36,500,200,8806,-2031
128,ALB,2020-08-06,0 days 15:59:01.761965,108738,83.38,83.36,200,506,-15073,8806
129,ALB,2020-08-06,0 days 15:59:02.763977,123811,83.39,83.36,300,806,1227,-15073
130,ALB,2020-08-06,0 days 15:59:03.766520,122438,83.39,83.36,514,904,-1373,1227
131,ALB,2020-08-06,0 days 15:59:08.778148,141512,83.35,83.33,600,509,12641,-17901
132,ALB,2020-08-06,0 days 15:59:09.782063,137653,83.45,83.38,597,757,-3859,12641
133,ALK,2020-08-06,0 days 15:58:00.525758,75650,36.47,36.46,356,200,406,-1303
134,ALK,2020-08-06,0 days 15:58:01.528394,74356,36.47,36.46,356,200,-1294,406
135,ALK,2020-08-06,0 days 15:58:03.533746,69922,36.47,36.46,356,300,4434,-1294
136,ALK,2020-08-06,0 days 15:58:04.535837,69135,36.47,36.45,701,1144,-787,4434
137,ALK,2020-08-06,0 days 15:59:04.681593,76467,36.44,36.43,3716,493,-536,1264
138,ALK,2020-08-06,0 days 15:59:37.762291,77047,36.46,36.44,500,1771,198,-1702
139,ALK,2020-08-06,0 days 15:59:42.774002,77357,36.46,36.45,2232,328,-190,310
140,ALK,2020-08-06,0 days 15:59:50.794244,76223,36.43,36.42,1038,5244,-1224,876
141,ALL,2020-08-06,0 days 15:55:55.237248,128283,94.41,94.38,704,956,-7775,13401
142,ALL,2020-08-06,0 days 15:55:56.238437,126458,94.39,94.36,700,300,1825,-7775
143,ALL,2020-08-06,0 days 15:56:32.325407,128283,94.4,94.38,700,574,-62,250
144,ALL,2020-08-06,0 days 15:56:33.327551,127045,94.39,94.38,300,542,1238,-62
145,ALL,2020-08-06,0 days 15:56:55.380552,128303,94.4,94.39,790,500,-642,858
146,ALL,2020-08-06,0 days 15:56:56.383133,127045,94.4,94.39,790,600,1258,-642
147,ALL,2020-08-06,0 days 15:57:00.393109,128757,94.4,94.39,1029,969,-148,1212
148,ALL,2020-08-06,0 days 15:57:01.395200,127605,94.4,94.39,1224,954,1152,-148
149,ALL,2020-08-06,0 days 15:57:45.501510,132757,94.42,94.4,300,401,-1438,2562
150,ALL,2020-08-06,0 days 15:57:46.503767,131395,94.42,94.4,300,301,1362,-1438
151,ALL,2020-08-06,0 days 15:58:38.631796,130975,94.4,94.38,1327,602,930,-1570
152,ALLY,2020-08-06,0 days 15:55:35.318174,128720,21.07,21.06,9712,6216,488,-712
153,ALLY,2020-08-06,0 days 15:55:36.320259,128108,21.07,21.06,9712,6916,-612,488
154,ALLY,2020-08-06,0 days 15:55:38.325404,128720,21.07,21.06,9612,4916,194,-612
155,ALLY,2020-08-06,0 days 15:55:39.327822,128214,21.07,21.06,10174,3827,-506,194
156,ALLY,2020-08-06,0 days 15:57:17.564274,130717,21.08,21.07,5728,8830,1044,-256
157,ALLY,2020-08-06,0 days 15:57:18.566473,130161,21.08,21.07,6128,8630,-556,1044
158,ALLY,2020-08-06,0 days 15:58:00.670991,138317,21.09,21.08,4850,8479,202,-998
159,ALLY,2020-08-06,0 days 15:58:01.671975,136288,21.09,21.08,4645,8979,-1596,202
160,ALLY,2020-08-06,0 days 15:58:07.686392,138284,21.09,21.08,5970,8839,104,-296
161,ALLY,2020-08-06,0 days 15:58:08.688631,137221,21.09,21.08,5759,9139,-663,104
162,ALLY,2020-08-06,0 days 15:59:18.860811,137984,21.07,21.06,8862,8310,-1632,68
163,ALLY,2020-08-06,0 days 15:59:37.905239,142194,21.09,21.08,9907,6491,964,-36
164,ALLY,2020-08-06,0 days 15:59:40.912241,152660,21.09,21.08,9099,8773,-364,2836
165,ALLY,2020-08-06,0 days 15:59:45.924794,153024,21.09,21.08,12095,1999,3893,-364
166,AM,2020-08-06,0 days 15:59:45.979937,250107,6.86,6.85,17493,15120,-17782,2452
167,AM,2020-08-06,0 days 15:59:46.980836,246589,6.86,6.85,17927,14720,8769,-17782
168,AMCR,2020-08-06,0 days 15:55:00.121235,1085881,10.79,10.78,38105,10886,-29653,8581
169,AMCR,2020-08-06,0 days 15:55:38.214611,1115734,10.78,10.77,56424,12933,1153,-13692
170,AMCR,2020-08-06,0 days 15:55:42.224180,1090625,10.78,10.77,40654,22193,-25109,1153
171,AMCR,2020-08-06,0 days 15:57:10.437205,1115834,10.8,10.79,15792,52860,3100,-308
172,AMCR,2020-08-06,0 days 15:57:11.440292,1093434,10.8,10.79,15892,52860,-22300,3100
173,AMCR,2020-08-06,0 days 15:58:46.670135,1138804,10.81,10.8,59542,5647,-27645,6455
174,AMCR,2020-08-06,0 days 15:59:27.770409,1399242,10.8,10.79,64561,14572,3043,-10402
175,AMCR,2020-08-06,0 days 15:59:33.785538,1389880,10.8,10.79,58855,20172,-9362,3043
176,AMCR,2020-08-06,0 days 15:59:45.814645,1399242,10.8,10.79,53543,28073,57578,-3527
177,AMCR,2020-08-06,0 days 15:59:46.817540,1390320,10.8,10.79,49559,53823,-27078,57578
178,AMCR,2020-08-06,0 days 15:59:48.821307,1417398,10.8,10.79,23145,73829,14861,-174
179,AMCR,2020-08-06,0 days 15:59:49.824558,1409259,10.8,10.79,21258,66998,-8139,14861
180,APTV,2020-08-06,0 days 15:59:45.979654,196615,84.5,84.47,515,200,588,-308
181,APTV,2020-08-06,0 days 15:59:49.992032,185091,84.5,84.47,200,566,-11289,619
182,AR,2020-08-06,0 days 15:59:38.778051,236503,3.75,3.74,71547,48225,15110,-6790
183,AR,2020-08-06,0 days 15:59:39.780870,229713,3.75,3.74,69898,43647,-6790,15110
184,AR,2020-08-06,0 days 15:59:45.795992,236503,3.75,3.74,66098,45231,6015,-2347
185,AR,2020-08-06,0 days 15:59:48.799464,231418,3.75,3.74,69040,45675,-6153,4947
186,ARLO,2020-08-06,0 days 15:59:20.928830,54814,6.4,6.39,12697,1450,1716,-577
187,ARLO,2020-08-06,0 days 15:59:21.931389,52630,6.39,6.38,2361,5798,-2184,1716
188,ARLO,2020-08-06,0 days 15:59:45.979654,54532,6.37,6.36,2658,2338,3740,-1067
189,ARMK,2020-08-06,0 days 15:59:22.811728,650508,22.14,22.12,4590,700,-56267,90204
190,ARMK,2020-08-06,0 days 15:59:26.820994,653273,22.08,22.07,2220,5815,35,-20109
191,ARMK,2020-08-06,0 days 15:59:28.826559,655053,22.09,22.08,1079,3304,-6257,2076
192,ARMK,2020-08-06,0 days 15:59:36.845658,657700,22.1,22.09,1314,2508,-743,3490
193,ATH,2020-08-06,0 days 15:55:55.257202,76896,33.96,33.95,1863,923,240,-493
194,ATH,2020-08-06,0 days 15:55:57.260728,76636,33.96,33.95,1080,1486,-260,240
195,ATH,2020-08-06,0 days 15:56:34.349344,77228,33.99,33.98,999,1100,9503,-297
196,ATH,2020-08-06,0 days 15:57:00.412357,77228,34.02,34.01,703,517,5503,-697
197,ATH,2020-08-06,0 days 15:57:01.414761,77131,34.03,34.01,1322,310,-97,5503
198,ATH,2020-08-06,0 days 15:57:55.545101,83128,34.06,34.05,1489,200,5882,-18
199,ATH,2020-08-06,0 days 15:58:36.645456,81000,34.06,34.05,2343,220,-3128,2031
200,ATH,2020-08-06,0 days 15:58:45.667359,84003,34.06,34.05,2442,899,11997,-503
201,ATI,2020-08-06,0 days 15:56:02.383373,56863,9.15,9.14,4100,10066,-2840,129
202,ATI,2020-08-06,0 days 15:59:41.914509,74204,9.15,9.14,24092,7537,326,-779
203,ATI,2020-08-06,0 days 15:59:45.924604,74335,9.15,9.14,23181,16486,-969,131
204,ATI,2020-08-06,0 days 15:59:46.926355,74104,9.15,9.14,24678,14016,231,-969
205,ATUS,2020-08-06,0 days 15:55:10.256957,254277,27.65,27.64,7810,11758,-4600,58400
206,ATUS,2020-08-06,0 days 15:58:35.754415,265181,27.65,27.64,25260,9830,-11250,1850
207,ATUS,2020-08-06,0 days 15:58:59.812923,301731,27.63,27.62,7269,5100,15332,-3368
208,ATUS,2020-08-06,0 days 15:59:00.817466,289963,27.63,27.62,7655,4900,-7442,15332
209,ATUS,2020-08-06,0 days 15:59:18.860564,298147,27.63,27.62,13421,7048,1026,-874
210,ATUS,2020-08-06,0 days 15:59:21.866396,294637,27.62,27.61,2079,7560,-3410,1590
211,ATUS,2020-08-06,0 days 15:59:27.879941,298047,27.62,27.61,5504,6701,265,-3410
212,ATUS,2020-08-06,0 days 15:59:38.907545,296523,27.62,27.61,1887,20655,-1524,265
213,AU,2020-08-06,0 days 15:55:00.103594,230389,31.68,31.67,2400,7868,5909,-70660
214,AU,2020-08-06,0 days 15:57:25.452467,235078,31.68,31.67,2621,3101,1331,-5069
215,AU,2020-08-06,0 days 15:58:28.607705,247709,31.67,31.66,1200,3022,-135,2565
216,AU,2020-08-06,0 days 15:58:54.669870,244847,31.67,31.66,3174,5576,2862,-7238
217,AU,2020-08-06,0 days 15:59:06.700316,247709,31.67,31.66,1721,2161,-7994,2201
218,AU,2020-08-06,0 days 15:59:07.702369,245603,31.67,31.66,921,1939,2106,-7994
219,AU,2020-08-06,0 days 15:59:46.798161,271760,31.66,31.65,54472,4971,-107,11952
220,AUY,2020-08-06,0 days 15:59:01.762068,259200,6.73,6.72,430122,230281,83897,-99074
221,AUY,2020-08-06,0 days 15:59:02.764069,252597,6.73,6.72,415175,238069,-6603,83897
222,AUY,2020-08-06,0 days 15:59:05.770856,259200,6.73,6.72,320175,296269,57250,-6603
223,AUY,2020-08-06,0 days 15:59:06.773214,232148,6.73,6.72,319975,293169,-27052,57250
224,AUY,2020-08-06,0 days 15:59:44.866255,259200,6.73,6.72,244935,420316,796,-1204
225,AVTR,2020-08-06,0 days 15:57:44.483458,102673,22.24,22.23,1444,2205,793,-707
226,AVTR,2020-08-06,0 days 15:57:45.486314,99766,22.24,22.23,1444,2201,-2907,793
227,AVTR,2020-08-06,0 days 15:59:40.767329,117255,22.23,22.22,2799,4640,945,-614
228,AVTR,2020-08-06,0 days 15:59:46.781782,116082,22.23,22.22,5710,683,-3828,7527
229,AXL,2020-08-06,0 days 15:56:39.415577,66817,6.97,6.96,7619,9620,876,-1958
230,AXL,2020-08-06,0 days 15:56:40.417551,65293,6.97,6.96,7619,10272,-1524,876
231,AXL,2020-08-06,0 days 15:57:10.490196,66842,6.97,6.96,11890,11501,233,-1549
232,AXL,2020-08-06,0 days 15:57:11.492687,65475,6.97,6.96,11090,12501,-1367,233
233,AXL,2020-08-06,0 days 15:59:39.853685,82743,6.92,6.91,31530,44265,6627,-873
234,AXL,2020-08-06,0 days 15:59:40.855837,82570,6.92,6.91,30587,44901,-173,6627
235,AXL,2020-08-06,0 days 15:59:45.868040,84353,6.92,6.91,32686,44188,1670,-1783
236,AXL,2020-08-06,0 days 15:59:46.870844,84323,6.92,6.91,31286,41288,-463,1670
237,AXP,2020-08-06,0 days 15:55:39.256657,275134,95.78,95.77,1873,503,-1161,12262
238,AXP,2020-08-06,0 days 15:55:40.259458,241695,95.77,95.75,982,401,33453,-1161
239,AXP,2020-08-06,0 days 15:55:55.297019,275148,95.73,95.72,1400,263,-11141,17659
240,AXP,2020-08-06,0 days 15:55:56.298457,270389,95.73,95.72,1264,261,4759,-11141
241,AXP,2020-08-06,0 days 15:57:34.534020,276198,95.89,95.88,500,400,-664,2136
242,AXP,2020-08-06,0 days 15:57:58.591943,276651,95.86,95.85,1232,525,-9337,1089
243,AXP,2020-08-06,0 days 15:59:39.838130,286912,95.89,95.88,106,300,11292,-850
244,AXP,2020-08-06,0 days 15:59:40.841440,286104,95.89,95.87,1100,600,-1434,11292
245,AXP,2020-08-06,0 days 15:59:48.860077,288543,95.9,95.88,300,400,506,-813
246,AXP,2020-08-06,0 days 15:59:49.863020,287849,95.89,95.87,2283,2148,-394,506
247,AZN,2020-08-06,0 days 15:57:17.628232,68296,56.18,56.17,3112,1858,-956,2761
248,AZN,2020-08-06,0 days 15:57:18.630928,63852,56.18,56.17,3828,1347,4444,-956
249,AZN,2020-08-06,0 days 15:59:49.992057,63240,56.2,56.19,300,4430,17387,-513
250,BA,2020-08-06,0 days 15:55:38.325377,244323,172.26,172.24,100,201,-175,4006
251,BA,2020-08-06,0 days 15:55:39.327809,242198,172.29,172.27,200,800,2125,-175
252,BA,2020-08-06,0 days 15:55:59.377210,250525,172.18,172.16,364,200,-256,2044
253,BA,2020-08-06,0 days 15:56:00.378770,247881,172.18,172.15,367,400,2644,-256
254,BA,2020-08-06,0 days 15:56:15.414667,250525,172.28,172.26,109,300,-856,1844
255,BA,2020-08-06,0 days 15:56:16.416989,248281,172.29,172.26,300,400,2244,-856
256,BA,2020-08-06,0 days 15:58:02.674524,245225,172.26,172.24,200,301,-3661,1893
257,BA,2020-08-06,0 days 15:58:03.676169,244621,172.26,172.22,200,400,604,-3661
258,BA,2020-08-06,0 days 15:59:01.817657,245614,172.23,172.22,400,265,-984,1378
259,BABA,2020-08-06,0 days 15:58:04.534965,291859,265.45,265.44,1150,1352,2968,-1032
260,BABA,2020-08-06,0 days 15:58:20.574375,294827,265.53,265.51,300,249,-5784,3236
261,BABA,2020-08-06,0 days 15:58:21.575911,291211,265.53,265.5,700,100,3616,-5784
262,BABA,2020-08-06,0 days 15:58:43.632850,294827,265.6,265.56,6750,200,-5619,3436
263,BABA,2020-08-06,0 days 15:58:44.632648,292616,265.57,265.56,200,548,2211,-5619
264,BABA,2020-08-06,0 days 15:59:08.690804,296060,265.53,265.51,200,700,-8521,2879
265,BABA,2020-08-06,0 days 15:59:09.693365,294481,265.53,265.51,698,100,1579,-8521
266,BABA,2020-08-06,0 days 15:59:23.727807,307168,265.56,265.54,312,411,-6797,12123
267,BABA,2020-08-06,0 days 15:59:24.729220,305670,265.57,265.55,300,100,1498,-6797
268,BABA,2020-08-06,0 days 15:59:48.789431,311043,265.7,265.69,3968,100,-7109,1469
269,BABA,2020-08-06,0 days 15:59:49.791160,302803,265.67,265.64,624,1200,8240,-7109
270,BABA,2020-08-06,0 days 15:59:53.799872,311043,265.7,265.68,2715,498,-5209,2940
271,BAC,2020-08-06,0 days 15:59:22.922429,5185358,25.4,25.39,13439,182901,647748,-638826
272,BAC,2020-08-06,0 days 15:59:31.945483,5751460,25.45,25.44,99521,81037,-42379,311760
273,BAC,2020-08-06,0 days 15:59:32.946826,5734439,25.45,25.44,108410,93741,18021,-42379
274,BAC,2020-08-06,0 days 15:59:37.961307,5756229,25.45,25.44,60386,158871,-49353,9830
275,BAC,2020-08-06,0 days 15:59:46.980745,5821328,25.46,25.45,67920,125190,40590,-2710
276,BAC,2020-08-06,0 days 15:59:57.990349,6047798,25.47,25.46,58253,69440,101721,-42489
277,BAX,2020-08-06,0 days 15:55:00.091224,303109,80.3,80.29,302,508,-130444,36062
278,BAX,2020-08-06,0 days 15:59:01.675818,458427,80.3,80.28,1000,322,8556,-37090
279,BAX,2020-08-06,0 days 15:59:02.677371,450683,80.3,80.28,800,748,-7744,8556
280,BAX,2020-08-06,0 days 15:59:05.685061,460314,80.29,80.28,442,800,15506,-6576
281,BAX,2020-08-06,0 days 15:59:06.688349,455097,80.28,80.27,400,935,-5217,15506
282,BAX,2020-08-06,0 days 15:59:08.692470,460414,80.3,80.29,700,600,22625,-2823
283,BAX,2020-08-06,0 days 15:59:09.695030,456339,80.3,80.29,417,776,-4075,22625
284,BAX,2020-08-06,0 days 15:59:22.725635,470634,80.35,80.34,1410,518,68330,-5415
285,BBD,2020-08-06,0 days 15:59:46.817802,340905,4.09,4.08,742210,541950,-8427,21531
286,BBD,2020-08-06,0 days 15:59:48.821572,331532,4.09,4.08,757215,539910,9373,-8427
287,BEN,2020-08-06,0 days 15:55:39.327769,119218,21.86,21.85,6385,4639,3646,-1804
288,BEN,2020-08-06,0 days 15:55:40.330084,117047,21.86,21.85,6176,5266,-2171,3646
289,BEN,2020-08-06,0 days 15:55:55.366817,121986,21.85,21.84,5020,3806,643,-4491
290,BEN,2020-08-06,0 days 15:55:56.369163,120029,21.85,21.84,5785,4538,-1957,643
291,BEN,2020-08-06,0 days 15:59:40.912103,143627,21.86,21.85,9312,5221,3514,-14
292,BHC,2020-08-06,0 days 15:55:18.134693,69725,20.2,20.19,1484,3476,-7629,10471
293,BHC,2020-08-06,0 days 15:55:19.136186,68754,20.2,20.19,1585,3476,971,-7629
294,BHC,2020-08-06,0 days 15:57:39.474373,81457,20.19,20.18,4293,2959,718,-1182
295,BHC,2020-08-06,0 days 15:58:37.615820,79988,20.15,20.14,1054,1310,-5369,422
296,BHC,2020-08-06,0 days 15:58:38.618502,78057,20.15,20.13,1643,3483,131,-5369
297,BHC,2020-08-06,0 days 15:59:00.674170,84059,20.18,20.16,2940,1034,-366,9
298,BHC,2020-08-06,0 days 15:59:02.676883,82621,20.18,20.17,2000,600,1438,-3362
299,BHC,2020-08-06,0 days 15:59:09.693862,84459,20.16,20.15,1571,600,-175,3425
300,BHC,2020-08-06,0 days 15:59:37.762395,76832,20.15,20.14,1070,2240,7564,-336
301,BHC,2020-08-06,0 days 15:59:45.781780,84396,20.15,20.14,3214,3900,-7322,1064
302,BHC,2020-08-06,0 days 15:59:46.784544,83818,20.15,20.14,4054,2044,1670,-7322
303,BHP,2020-08-06,0 days 15:55:53.361684,55152,56.81,56.8,3223,11963,14514,-19786
304,BHP,2020-08-06,0 days 15:55:54.363927,53366,56.82,56.81,2683,6589,-1786,14514
305,BHP,2020-08-06,0 days 15:59:00.817663,57666,56.83,56.82,3919,2767,341,-612
306,BHP,2020-08-06,0 days 15:59:13.847009,58007,56.85,56.84,8450,1450,-759,341
307,BHP,2020-08-06,0 days 15:59:44.921522,60860,56.85,56.84,9990,2515,732,-268
308,BHP,2020-08-06,0 days 15:59:46.926396,60669,56.85,56.84,6511,726,-793,5009
309,BK,2020-08-06,0 days 15:55:00.089533,514427,35.98,35.97,10214,1919,-1934,317266
310,BK,2020-08-06,0 days 15:56:05.247732,521717,35.95,35.94,6629,4730,1648,-453
311,BK,2020-08-06,0 days 15:59:02.676640,540816,35.99,35.98,2558,7644,-14724,4136
312,BKR,2020-08-06,0 days 15:55:39.256686,282976,16.77,16.76,5140,5804,-4522,1488
313,BKR,2020-08-06,0 days 15:55:40.259493,272798,16.77,16.76,5340,5604,10178,-4522
314,BKR,2020-08-06,0 days 15:57:41.551384,284780,16.77,16.76,2900,7791,-2535,1465
315,BKR,2020-08-06,0 days 15:57:42.553559,280415,16.77,16.76,4300,7291,4365,-2535
316,BKR,2020-08-06,0 days 15:57:44.558169,284780,16.77,16.76,5392,5982,-1535,2965
317,BKR,2020-08-06,0 days 15:57:45.560568,276815,16.77,16.76,5595,5541,7965,-1535
318,BKR,2020-08-06,0 days 15:58:29.668237,284198,16.76,16.75,5503,15291,179,-221
319,BKR,2020-08-06,0 days 15:58:34.679686,277398,16.77,16.76,4783,6074,6979,-1121
320,BKR,2020-08-06,0 days 15:58:58.738510,284377,16.76,16.75,6899,3619,-9432,7992
321,BKR,2020-08-06,0 days 15:58:59.741433,277109,16.76,16.75,7499,2262,7268,-9432
322,BKR,2020-08-06,0 days 15:59:08.764231,284034,16.75,16.74,8274,2100,-22564,5417
323,BKR,2020-08-06,0 days 15:59:09.768396,249095,16.74,16.73,7693,4932,34939,-22564
324,BKR,2020-08-06,0 days 15:59:27.808428,283299,16.77,16.76,8845,3872,4382,-6198
325,BKR,2020-08-06,0 days 15:59:40.841475,289211,16.77,16.76,3247,8487,-888,812
326,BKR,2020-08-06,0 days 15:59:42.845301,288499,16.78,16.77,7524,8388,1414,-888
327,BLL,2020-08-06,0 days 15:54:31.044122,203066,74.43,74.42,251,1406,-1771,48229
328,BLL,2020-08-06,0 days 15:59:00.674979,370463,74.39,74.36,200,841,4175,-2625
329,BLL,2020-08-06,0 days 15:59:01.676077,363016,74.39,74.36,638,741,-7547,4175
330,BMY,2020-08-06,0 days 15:55:06.247415,533343,61.3,61.29,4234,2833,-38615,8258
331,BMY,2020-08-06,0 days 15:55:17.274231,583251,61.29,61.28,6605,3399,1092,-4508
332,BMY,2020-08-06,0 days 15:55:39.327769,673243,61.23,61.22,1200,200,-13657,2302
333,BMY,2020-08-06,0 days 15:56:02.383328,712171,61.22,61.21,4013,4523,3289,-7222
334,BMY,2020-08-06,0 days 15:56:03.385951,701360,61.26,61.25,2436,426,-12252,3289
335,BMY,2020-08-06,0 days 15:58:03.676116,725995,61.32,61.31,1801,3463,3792,-4569
336,BMY,2020-08-06,0 days 15:58:04.678612,721587,61.32,61.31,2527,5116,-4408,3792
337,BMY,2020-08-06,0 days 15:58:12.699047,727131,61.27,61.26,1910,500,15414,-7218
338,BMY,2020-08-06,0 days 15:58:13.701035,724845,61.26,61.25,700,3093,-1676,15414
339,BMY,2020-08-06,0 days 15:58:35.754509,706471,61.26,61.25,1200,3489,16442,-4129
340,BMY,2020-08-06,0 days 15:58:36.757143,687887,61.27,61.26,5042,769,-18463,16442
341,BMY,2020-08-06,0 days 15:58:48.785863,718813,61.25,61.24,5225,3366,-2591,5809
342,BMY,2020-08-06,0 days 15:59:09.838375,733464,61.27,61.26,3904,1001,6539,-1747
343,BMY,2020-08-06,0 days 15:59:10.840361,731303,61.26,61.25,3020,967,-2040,6539
344,BMY,2020-08-06,0 days 15:59:16.854502,765883,61.33,61.32,2066,600,7254,-30221
345,BMY,2020-08-06,0 days 15:59:18.860672,773137,61.34,61.32,1673,343,-1473,5543
346,BMY,2020-08-06,0 days 15:59:19.861650,770810,61.33,61.31,726,942,2327,-1473
347,BMY,2020-08-06,0 days 15:59:33.894776,779377,61.34,61.33,789,3079,578,-3469
348,BMY,2020-08-06,0 days 15:59:34.898023,790220,61.33,61.32,1081,3324,-9582,578
349,BMY,2020-08-06,0 days 15:59:37.905146,793172,61.3,61.29,4651,626,16249,-5493
350,BMY,2020-08-06,0 days 15:59:38.907611,796220,61.33,61.32,1857,389,-1582,16249
351,BMY,2020-08-06,0 days 15:59:39.909630,800002,61.33,61.32,2201,404,383,-1582
352,BMY,2020-08-06,0 days 15:59:40.912103,794985,61.34,61.33,1015,1913,-29498,383
353,BMY,2020-08-06,0 days 15:59:41.914437,797702,61.32,61.31,3274,767,2687,-29498
354,BMY,2020-08-06,0 days 15:59:43.919320,795929,61.36,61.34,200,5948,-33107,5016
355,BMY,2020-08-06,0 days 15:59:45.924567,798102,61.32,61.31,4185,1991,28279,-25665
356,BMY,2020-08-06,0 days 15:59:46.926312,820981,61.35,61.34,991,4789,-32423,28279
357,BMY,2020-08-06,0 days 15:59:47.928946,800189,61.32,61.31,3442,1718,27529,-32423
358,BMY,2020-08-06,0 days 15:59:48.932009,825968,61.35,61.34,250,5549,-29499,27529
359,BMY,2020-08-06,0 days 15:59:53.943591,827968,61.36,61.33,1300,1997,-1799,32024
360,BMY,2020-08-06,0 days 15:59:56.950592,828568,61.34,61.3,400,2870,-1046,35625
361,BOOT,2020-08-06,0 days 15:58:37.615726,38191,22.36,22.34,1930,400,-143,42
362,BOOT,2020-08-06,0 days 15:58:38.618400,37734,22.36,22.34,1830,500,457,-143
363,BOOT,2020-08-06,0 days 15:58:53.654535,38691,22.34,22.33,1231,209,-1239,457
364,BOOT,2020-08-06,0 days 15:59:06.686445,40144,22.36,22.34,712,715,-2692,593
365,BOOT,2020-08-06,0 days 15:59:40.770293,45736,22.39,22.36,1700,1174,133,-20
366,BOOT,2020-08-06,0 days 15:59:45.781383,45869,22.39,22.37,1784,1100,-1381,133
367,BOOT,2020-08-06,0 days 15:59:46.784245,45850,22.39,22.37,1662,1100,510,-1381
368,BP,2020-08-06,0 days 15:55:00.175194,698623,23.27,23.26,28250,43387,348410,-540838
369,BP,2020-08-06,0 days 15:57:06.480323,785961,23.3,23.29,11852,50401,-1865,13270
370,BP,2020-08-06,0 days 15:57:11.492687,784802,23.28,23.27,28023,32900,1159,-1868
371,BRK.B,2020-08-06,0 days 15:59:12.698037,244753,204.98,204.94,202,511,-3980,46020
372,BRX,2020-08-06,0 days 15:56:12.407633,431230,11.9,11.89,7169,11712,1736,-2464
373,BRX,2020-08-06,0 days 15:56:13.409773,421066,11.9,11.89,7769,12317,-10164,1736
374,BRX,2020-08-06,0 days 15:57:33.602626,431318,11.92,11.91,5068,18422,9630,-8770
375,BRX,2020-08-06,0 days 15:57:34.605702,422948,11.92,11.91,6038,17522,-18970,9630
376,BRX,2020-08-06,0 days 15:58:38.761804,440935,11.91,11.9,18634,14886,4797,-5734
377,BRX,2020-08-06,0 days 15:58:39.763728,431432,11.91,11.9,16212,16141,-9503,4797
378,BRX,2020-08-06,0 days 15:59:22.868388,462995,11.91,11.9,11025,23962,13476,-748
379,BSX,2020-08-06,0 days 15:55:40.184705,246746,37.93,37.92,457,12077,71,-2150
380,BSX,2020-08-06,0 days 15:55:41.186718,245017,37.93,37.92,332,12177,-1729,71
381,BSX,2020-08-06,0 days 15:55:43.192063,246746,37.94,37.93,7291,4176,847,-479
382,BSX,2020-08-06,0 days 15:55:44.194739,246393,37.93,37.92,3331,11680,-374,847
383,BSX,2020-08-06,0 days 15:57:05.389333,246807,37.91,37.9,5746,19725,444,-1620
384,BSX,2020-08-06,0 days 15:57:10.403551,247251,37.88,37.87,7352,1500,-56,444
385,BSX,2020-08-06,0 days 15:57:11.404310,247007,37.88,37.87,5614,2529,244,-56
386,BSX,2020-08-06,0 days 15:57:42.477714,251607,37.9,37.89,5026,15515,4987,-4313
387,BSX,2020-08-06,0 days 15:57:43.480281,247294,37.9,37.89,4632,17270,-4313,4987
388,BSX,2020-08-06,0 days 15:58:05.533767,247542,37.88,37.87,7242,300,1866,-1320
389,BSX,2020-08-06,0 days 15:58:06.536541,246408,37.88,37.87,3061,5782,-1134,1866
390,BSX,2020-08-06,0 days 15:58:15.559376,247542,37.87,37.86,7349,4533,827,-1073
391,BSX,2020-08-06,0 days 15:58:16.561139,246469,37.87,37.86,7023,4733,-1073,827
392,BSX,2020-08-06,0 days 15:58:45.631212,248042,37.86,37.85,3089,19113,4091,-1073
393,BSX,2020-08-06,0 days 15:58:46.633099,247433,37.86,37.85,3289,20703,-9,4091
394,BSX,2020-08-06,0 days 15:58:59.665536,248135,37.86,37.85,447,21605,1285,-702
395,BSX,2020-08-06,0 days 15:59:00.669886,244120,37.86,37.85,230,20705,-3415,1285
396,BSX,2020-08-06,0 days 15:59:01.669918,248135,37.86,37.85,430,19305,648,-3415
397,BSX,2020-08-06,0 days 15:59:15.704439,290425,37.87,37.86,4138,7126,-4287,2513
398,BSX,2020-08-06,0 days 15:59:17.709228,294712,37.87,37.86,5833,3826,1313,-987
399,BSX,2020-08-06,0 days 15:59:18.711985,291825,37.87,37.86,7933,3775,-2887,1313
400,BSX,2020-08-06,0 days 15:59:20.716664,294712,37.87,37.86,6933,4124,3871,-887
401,BSX,2020-08-06,0 days 15:59:24.726158,299512,37.88,37.87,3914,2887,306,-13294
402,BSX,2020-08-06,0 days 15:59:27.732891,299918,37.88,37.87,1714,7964,-1454,406
403,BSX,2020-08-06,0 days 15:59:45.777785,310686,37.89,37.88,9970,2634,6067,-937
404,BTI,2020-08-06,0 days 15:59:45.868177,36583,33.33,33.32,10122,14721,1756,-1046
405,BTI,2020-08-06,0 days 15:59:46.870932,35639,33.33,33.32,10938,11521,-944,1756
406,BVN,2020-08-06,0 days 15:57:07.398915,76938,13.34,13.33,3852,6037,-9320,1845
407,BVN,2020-08-06,0 days 15:57:08.401209,76258,13.34,13.33,5197,3717,680,-9320
408,BVN,2020-08-06,0 days 15:57:11.409072,77038,13.34,13.33,8490,3810,-114,680
409,BVN,2020-08-06,0 days 15:57:12.410991,76352,13.34,13.33,9490,1757,586,-114
410,BVN,2020-08-06,0 days 15:57:13.413193,77038,13.34,13.33,9090,2432,-5154,586
411,BVN,2020-08-06,0 days 15:58:50.647979,79868,13.33,13.32,1308,5384,127,-463
412,BWA,2020-08-06,0 days 15:55:29.160596,107870,38.76,38.75,1870,2100,189,-327
413,BWA,2020-08-06,0 days 15:55:46.200755,112805,38.75,38.74,2512,3733,-1232,768
414,BWA,2020-08-06,0 days 15:55:47.203038,112337,38.75,38.74,1956,4243,368,-1232
415,BWA,2020-08-06,0 days 15:56:23.290298,115561,38.74,38.73,1235,6091,-321,579
416,BWA,2020-08-06,0 days 15:56:24.294708,114882,38.74,38.73,1235,6396,579,-321
417,BWA,2020-08-06,0 days 15:56:30.307713,108011,38.75,38.74,1414,4176,-971,595
418,BWA,2020-08-06,0 days 15:56:34.317557,115016,38.75,38.74,995,3430,496,-970
419,BWA,2020-08-06,0 days 15:56:54.365370,115912,38.72,38.71,2129,1814,-36,664
420,BWA,2020-08-06,0 days 15:56:55.367842,115348,38.72,38.71,2646,400,264,-36
421,BWA,2020-08-06,0 days 15:57:31.455210,116448,38.71,38.7,1169,1857,125,-841
422,BWA,2020-08-06,0 days 15:57:50.500895,117073,38.71,38.7,1600,9200,-75,725
423,BWA,2020-08-06,0 days 15:58:03.533627,117180,38.71,38.7,5000,5518,2517,-453
424,BWA,2020-08-06,0 days 15:58:19.571850,117180,38.71,38.7,9673,5610,5019,-1081
425,BWA,2020-08-06,0 days 15:58:29.596330,117180,38.71,38.7,9673,1515,1519,-281
426,BWA,2020-08-06,0 days 15:58:30.598757,116099,38.71,38.7,9273,1615,-647,1519
427,BWA,2020-08-06,0 days 15:58:45.635058,120680,38.7,38.69,3269,6266,2315,-747
428,BWA,2020-08-06,0 days 15:58:46.637165,120095,38.7,38.69,3054,6566,-151,2315
429,BWA,2020-08-06,0 days 15:59:14.705711,152539,38.7,38.69,4525,4251,13686,-19714
430,BWA,2020-08-06,0 days 15:59:15.708065,149425,38.73,38.72,2100,1880,-4648,13686
431,BX,2020-08-06,0 days 15:59:17.710960,105069,53.01,53.0,2666,18731,2140,-2760
432,BX,2020-08-06,0 days 15:59:18.713716,100809,53.01,53.0,2212,20530,-4260,2140
433,BX,2020-08-06,0 days 15:59:45.779726,107232,53.01,53.0,3737,16093,3477,-3123
434,BX,2020-08-06,0 days 15:59:46.782174,107209,53.01,53.0,3437,16668,-438,3477
435,BYD,2020-08-06,0 days 15:56:30.309269,44609,25.74,25.73,1405,408,-1334,1066
436,BYD,2020-08-06,0 days 15:56:31.311613,43543,25.73,25.72,1372,709,1066,-1334
437,BYD,2020-08-06,0 days 15:57:10.407790,48357,25.76,25.75,1004,700,1452,-48
438,BYD,2020-08-06,0 days 15:58:15.563708,47629,25.75,25.74,900,3910,-1163,979
439,BYD,2020-08-06,0 days 15:58:16.565382,47367,25.75,25.74,1300,1466,262,-1163
440,BYD,2020-08-06,0 days 15:58:17.568081,47629,25.75,25.74,1510,978,-2023,262
441,BYD,2020-08-06,0 days 15:58:18.570766,46910,25.75,25.74,1538,1378,3119,-2023
442,BYD,2020-08-06,0 days 15:58:49.645572,50329,25.74,25.72,1734,1481,-1637,1377
443,BYD,2020-08-06,0 days 15:58:50.647979,50324,25.74,25.72,1634,1691,5,-1637
444,BYD,2020-08-06,0 days 15:59:16.710604,52047,25.76,25.75,849,366,-1008,4350
445,BYD,2020-08-06,0 days 15:59:39.768417,49928,25.77,25.76,4219,752,294,-806
446,BYD,2020-08-06,0 days 15:59:40.770852,50222,25.77,25.76,2414,1122,-806,294
447,BYD,2020-08-06,0 days 15:59:42.775979,51412,25.75,25.74,880,200,2343,-698
448,BYD,2020-08-06,0 days 15:59:43.777495,53755,25.75,25.74,3479,148,-557,2343
449,BYD,2020-08-06,0 days 15:59:46.785991,56460,25.74,25.73,316,1200,66,-2349
450,BYD,2020-08-06,0 days 15:59:47.786215,56526,25.74,25.73,2772,1137,-176,66
451,C,2020-08-06,0 days 15:55:56.434621,521126,50.82,50.81,6217,6112,-6542,4358
452,C,2020-08-06,0 days 15:55:57.436278,508268,50.82,50.81,7216,4313,12858,-6542
453,C,2020-08-06,0 days 15:58:01.737920,515440,50.91,50.9,7078,1459,-2703,5979
454,C,2020-08-06,0 days 15:58:02.741615,497043,50.9,50.89,800,16684,21421,-2703
455,C,2020-08-06,0 days 15:59:03.889360,530856,50.87,50.86,7248,3400,-529,4609
456,CAG,2020-08-06,0 days 15:55:00.089449,128537,37.47,37.46,1720,4175,-297,5296
457,CAG,2020-08-06,0 days 15:55:01.092432,127034,37.47,37.46,1012,4409,1503,-297
458,CAG,2020-08-06,0 days 15:58:03.533662,131855,37.45,37.44,3095,5934,-2574,1108
459,CAG,2020-08-06,0 days 15:58:04.535761,130629,37.45,37.44,3541,4614,1226,-2574
460,CAG,2020-08-06,0 days 15:59:05.683802,132327,37.45,37.44,3300,2849,-1925,295
461,CAG,2020-08-06,0 days 15:59:06.686445,131652,37.45,37.44,4033,1915,675,-1925
462,CAG,2020-08-06,0 days 15:59:08.691155,132327,37.46,37.45,5275,104,-5992,675
463,CAG,2020-08-06,0 days 15:59:09.693681,132119,37.45,37.44,3132,4354,208,-5992
464,CAG,2020-08-06,0 days 15:59:17.712935,132327,37.45,37.44,1418,5987,-1920,6393
465,CAG,2020-08-06,0 days 15:59:18.715755,130847,37.45,37.44,2750,4596,1480,-1920
466,CAG,2020-08-06,0 days 15:59:22.725375,132327,37.46,37.45,3692,3310,-596,804
467,CAG,2020-08-06,0 days 15:59:23.728173,132223,37.46,37.45,4108,2869,104,-596
468,CAH,2020-08-06,0 days 15:55:41.221919,235215,52.89,52.88,350,300,-282,1514
469,CAH,2020-08-06,0 days 15:55:42.224341,236397,52.89,52.88,350,100,6137,-282
470,CAH,2020-08-06,0 days 15:57:34.494377,282029,53.09,53.07,757,2495,-988,2912
471,CAH,2020-08-06,0 days 15:57:35.496832,274217,53.09,53.07,855,2295,7812,-988
472,CAH,2020-08-06,0 days 15:57:44.519027,282029,53.11,53.1,895,1147,-838,1162
473,CAH,2020-08-06,0 days 15:57:45.520779,278567,53.11,53.1,895,594,3462,-838
474,CAH,2020-08-06,0 days 15:58:45.667899,281978,53.13,53.11,150,550,-1519,4260
475,CAH,2020-08-06,0 days 15:58:46.670242,276497,53.13,53.11,250,550,5481,-1519
476,CAH,2020-08-06,0 days 15:59:14.739266,295059,53.08,53.07,1487,200,-1028,5223
477,CAH,2020-08-06,0 days 15:59:16.743834,279023,53.05,53.04,628,200,3866,-564
478,CAH,2020-08-06,0 days 15:59:34.787703,287004,53.13,53.11,750,250,-2537,5263
479,CAH,2020-08-06,0 days 15:59:35.790892,283841,53.13,53.11,626,250,1663,-2537
480,CAH,2020-08-06,0 days 15:59:41.804573,282202,53.11,53.09,1812,450,40072,-34140
481,CAH,2020-08-06,0 days 15:59:44.812037,322274,53.1,53.09,3316,1256,-234,66
482,CAH,2020-08-06,0 days 15:59:46.817924,319227,53.09,53.08,417,431,3743,-6903
483,CARR,2020-08-06,0 days 15:59:09.691720,159136,28.26,28.25,111,6446,19927,-5268
484,CARR,2020-08-06,0 days 15:59:10.693765,158863,28.26,28.25,687,5801,-273,19927
485,CARR,2020-08-06,0 days 15:59:14.703192,159397,28.27,28.26,1257,1100,4455,-273
486,CARR,2020-08-06,0 days 15:59:36.759814,161544,28.29,28.28,4775,1156,266,-434
487,CARR,2020-08-06,0 days 15:59:50.792348,158688,28.28,28.27,1217,1921,-2473,1173
488,CAT,2020-08-06,0 days 15:59:04.679059,288482,134.53,134.52,200,400,-27714,35559
489,CAT,2020-08-06,0 days 15:59:05.681739,284096,134.53,134.49,509,200,4890,-27714
490,CAT,2020-08-06,0 days 15:59:08.689322,288482,134.56,134.52,404,200,-2350,1654
491,CAT,2020-08-06,0 days 15:59:09.691639,287132,134.56,134.53,404,100,1350,-2350
492,CAT,2020-08-06,0 days 15:59:18.713655,288982,134.63,134.6,257,240,-1450,1150
493,CAT,2020-08-06,0 days 15:59:20.718447,292231,134.61,134.58,304,300,151,-10649
494,CAT,2020-08-06,0 days 15:59:22.723194,293082,134.57,134.54,100,200,-47035,351
495,CAT,2020-08-06,0 days 15:59:30.742261,347227,134.52,134.48,210,701,2212,-1851
496,CAT,2020-08-06,0 days 15:59:31.744743,344943,134.54,134.5,943,234,-1084,2212
497,CAT,2020-08-06,0 days 15:59:38.761510,346375,134.53,134.49,561,595,923,-1432
498,CAT,2020-08-06,0 days 15:59:45.779631,347697,134.51,134.48,605,700,-1079,923
499,CBRE,2020-08-06,0 days 15:55:00.090248,452451,42.27,42.26,1108,100,19659,-163931
500,CBRE,2020-08-06,0 days 15:55:45.199600,474135,42.28,42.27,168,1648,-255,2845
501,CBRE,2020-08-06,0 days 15:55:46.201574,472390,42.28,42.27,169,1575,1745,-255
502,CBRE,2020-08-06,0 days 15:56:13.266624,474709,42.25,42.23,810,617,-196,302
503,CBRE,2020-08-06,0 days 15:56:14.269309,473205,42.25,42.23,892,617,1504,-196
504,CBRE,2020-08-06,0 days 15:57:38.471526,475717,42.29,42.28,505,1082,-1153,1059
505,CBRE,2020-08-06,0 days 15:57:40.476583,475070,42.29,42.28,605,1356,647,-3553
506,CBRE,2020-08-06,0 days 15:57:51.503316,475717,42.28,42.27,2298,477,-2363,647
507,CBRE,2020-08-06,0 days 15:57:52.506121,475080,42.27,42.26,423,800,637,-2363
508,CBRE,2020-08-06,0 days 15:58:04.535891,474580,42.26,42.25,294,1960,915,-1585
509,CBRE,2020-08-06,0 days 15:58:05.538328,475495,42.26,42.25,400,1675,-285,915
510,CBRE,2020-08-06,0 days 15:58:06.540501,474680,42.26,42.25,300,902,815,-285
511,CBRE,2020-08-06,0 days 15:58:12.555449,475495,42.27,42.26,409,1078,-1585,1815
512,CBRE,2020-08-06,0 days 15:58:13.557640,474680,42.27,42.26,909,776,815,-1585
513,CBRE,2020-08-06,0 days 15:58:19.572008,475983,42.25,42.24,986,535,-3397,1303
514,CBRE,2020-08-06,0 days 15:58:20.574814,475080,42.25,42.24,986,535,903,-3397
515,CBRE,2020-08-06,0 days 15:58:28.594108,475983,42.26,42.24,821,3373,-1797,903
516,CBRE,2020-08-06,0 days 15:58:29.596460,475080,42.26,42.24,713,1083,903,-1797
517,CBRE,2020-08-06,0 days 15:58:36.613400,475802,42.26,42.25,713,528,-478,1103
518,CBRE,2020-08-06,0 days 15:58:37.615789,474880,42.26,42.25,524,728,922,-478
519,CBRE,2020-08-06,0 days 15:59:09.693821,478823,42.28,42.26,7108,1576,790,-4610
520,CBRE,2020-08-06,0 days 15:59:37.762375,481948,42.33,42.32,300,2413,-9795,746
521,CC,2020-08-06,0 days 15:55:00.232540,58677,20.34,20.33,2149,804,-826,3176
522,CC,2020-08-06,0 days 15:58:53.798050,78882,20.3,20.29,2504,2836,57,-61
523,CC,2020-08-06,0 days 15:59:27.879961,68105,20.29,20.28,4978,1489,603,-866
524,CC,2020-08-06,0 days 15:59:28.882361,67308,20.29,20.28,4378,1689,-797,603
525,CC,2020-08-06,0 days 15:59:37.905063,78761,20.3,20.29,3089,1922,7517,-1083
526,CC,2020-08-06,0 days 15:59:38.907545,77678,20.3,20.29,1975,4126,-183,7517
527,CC,2020-08-06,0 days 15:59:46.926205,77922,20.3,20.29,2700,3526,-579,2661
528,CCJ,2020-08-06,0 days 15:56:27.332119,52497,10.32,10.31,23194,12327,985,-1015
529,CCL,2020-08-06,0 days 15:59:44.779363,577654,13.77,13.76,22421,44869,-9767,601
530,CDE,2020-08-06,0 days 15:57:06.407856,92850,8.78,8.77,30601,12654,7753,-4880
531,CDE,2020-08-06,0 days 15:57:07.410267,94103,8.78,8.77,29204,12754,-1607,7753
532,CDE,2020-08-06,0 days 15:57:52.519195,92134,8.77,8.76,20791,26206,1969,-1607
533,CDE,2020-08-06,0 days 15:57:53.521117,90803,8.77,8.76,18966,27278,-1331,1969
534,CDE,2020-08-06,0 days 15:59:01.687769,97876,8.78,8.77,51437,11082,7666,-10134
535,CDE,2020-08-06,0 days 15:59:02.690116,97042,8.78,8.77,44237,17731,-734,7666
536,CDE,2020-08-06,0 days 15:59:05.697969,97876,8.78,8.77,41317,15354,6885,-734
537,CDE,2020-08-06,0 days 15:59:10.710517,104761,8.78,8.77,37912,22076,-2115,6885
538,CDE,2020-08-06,0 days 15:59:16.724601,97856,8.79,8.78,41119,26060,7205,-1815
539,CF,2020-08-06,0 days 15:55:00.091197,210473,33.46,33.45,2822,1880,-1116,33962
540,CF,2020-08-06,0 days 15:57:51.504149,252731,33.42,33.4,1970,1403,1423,-2177
541,CF,2020-08-06,0 days 15:57:52.506592,249354,33.42,33.4,2070,1503,-3777,1423
542,CF,2020-08-06,0 days 15:58:03.534009,253131,33.41,33.4,3695,1100,1634,-3777
543,CF,2020-08-06,0 days 15:58:04.536534,249765,33.41,33.4,3513,1312,-3366,1634
544,CF,2020-08-06,0 days 15:58:35.611813,245386,33.39,33.38,1729,593,2786,-4559
545,CF,2020-08-06,0 days 15:58:36.613690,242672,33.39,33.38,1229,631,-2714,2786
546,CF,2020-08-06,0 days 15:59:08.692470,287039,33.36,33.35,1417,2080,3308,-5430
547,CF,2020-08-06,0 days 15:59:09.695030,284454,33.37,33.36,1528,1122,-3991,3308
548,CF,2020-08-06,0 days 15:59:27.737809,289545,33.37,33.36,1119,1751,1011,-3499
549,CF,2020-08-06,0 days 15:59:38.764534,298408,33.41,33.4,761,1731,4241,-89
550,CF,2020-08-06,0 days 15:59:39.768247,281149,33.41,33.4,661,1886,-9296,4241
551,CF,2020-08-06,0 days 15:59:48.789405,299954,33.41,33.4,1846,1715,332,-1172
552,CFG,2020-08-06,0 days 15:57:40.478242,236897,24.7,24.69,1740,11444,4742,-1758
553,CFG,2020-08-06,0 days 15:59:06.688497,242679,24.7,24.69,6034,7343,-19198,476
554,CFG,2020-08-06,0 days 15:59:07.689321,237477,24.69,24.68,3200,6638,5202,-19198
555,CFG,2020-08-06,0 days 15:59:23.728377,242863,24.71,24.7,897,8684,1677,-56
556,CFG,2020-08-06,0 days 15:59:34.754773,244527,24.72,24.71,1500,10419,-136,164
557,CFG,2020-08-06,0 days 15:59:46.785953,243720,24.74,24.73,5219,10107,1898,-4093
558,CGC,2020-08-06,0 days 15:56:44.549457,57836,17.48,17.47,2231,2760,-3356,1788
559,CGC,2020-08-06,0 days 15:56:45.552068,56592,17.48,17.47,2431,2760,1244,-3356
560,CGC,2020-08-06,0 days 15:59:57.990167,57300,17.54,17.52,5091,550,-3743,3584
561,CHGG,2020-08-06,0 days 15:59:05.717139,127228,84.95,84.93,201,975,56465,-3428
562,CHGG,2020-08-06,0 days 15:59:06.719912,112393,85.0,84.98,419,100,-15035,56465
563,CHGG,2020-08-06,0 days 15:59:17.746527,122241,84.93,84.88,504,545,306,-594
564,CHGG,2020-08-06,0 days 15:59:25.765249,120758,84.94,84.91,200,597,-1483,3564
565,CHWY,2020-08-06,0 days 15:57:49.706184,24485,56.77,56.75,400,651,-712,88
566,CHWY,2020-08-06,0 days 15:59:15.916546,22887,56.74,56.73,505,5241,20,-464
567,CHWY,2020-08-06,0 days 15:59:49.992328,28836,56.75,56.74,575,342,-601,799
568,CHX,2020-08-06,0 days 15:55:00.089017,109500,10.33,10.32,1106,1434,9795,-33229
569,CHX,2020-08-06,0 days 15:55:45.198141,118886,10.36,10.35,2835,4183,-454,686
570,CHX,2020-08-06,0 days 15:55:46.200381,118240,10.36,10.35,2935,4245,146,-454
571,CHX,2020-08-06,0 days 15:55:53.217664,118886,10.36,10.35,4185,2002,-731,146
572,CHX,2020-08-06,0 days 15:56:02.239023,118886,10.36,10.35,4437,3170,-1515,469
573,CHX,2020-08-06,0 days 15:56:41.333714,111738,10.35,10.34,5358,4258,-6054,646
574,CHX,2020-08-06,0 days 15:57:02.383827,123637,10.36,10.35,3317,1953,101,-99
575,CHX,2020-08-06,0 days 15:57:07.395968,124238,10.36,10.35,2991,5813,-1599,101
576,CHX,2020-08-06,0 days 15:57:08.398456,123637,10.36,10.35,3291,4980,101,-1599
577,CHX,2020-08-06,0 days 15:57:37.466515,121435,10.35,10.34,2000,484,-1202,785
578,CHX,2020-08-06,0 days 15:58:07.542607,124367,10.34,10.33,1651,10780,-670,430
579,CHX,2020-08-06,0 days 15:58:17.564913,123537,10.35,10.34,1885,6122,30,-2670
580,CHX,2020-08-06,0 days 15:58:26.586643,124067,10.35,10.34,1716,600,-1770,30
581,CHX,2020-08-06,0 days 15:58:27.589300,123537,10.35,10.34,1752,100,30,-1770
582,CI,2020-08-06,0 days 15:59:04.679098,116918,172.86,172.81,329,325,-70,563
583,CI,2020-08-06,0 days 15:59:05.681771,116988,172.86,172.81,432,638,13,-70
584,CI,2020-08-06,0 days 15:59:17.710997,121439,172.99,172.96,100,254,-501,199
585,CI,2020-08-06,0 days 15:59:21.720758,120114,173.02,172.97,100,250,1325,-1875
586,CI,2020-08-06,0 days 15:59:36.759848,122633,173.1,173.0,621,620,-3081,919
587,CI,2020-08-06,0 days 15:59:39.764972,122035,173.16,173.09,750,554,1265,-3302
588,CI,2020-08-06,0 days 15:59:57.800154,117860,173.11,173.0,400,4010,5440,-782
589,CIG,2020-08-06,0 days 15:55:31.197746,171628,2.3,2.29,233892,461673,-3420,3580
590,CIG,2020-08-06,0 days 15:55:32.199982,29048,2.3,2.29,233892,461673,142580,-3420
591,CIM,2020-08-06,0 days 15:57:29.446959,65415,8.35,8.34,25216,13297,-1042,158
592,CIM,2020-08-06,0 days 15:57:30.449473,64457,8.35,8.34,27116,10775,958,-1042
593,CIM,2020-08-06,0 days 15:57:48.493072,65415,8.35,8.34,27390,14127,-250,50
594,CIM,2020-08-06,0 days 15:57:49.496103,57065,8.35,8.34,28890,13620,8350,-250
595,CIM,2020-08-06,0 days 15:58:21.574004,67926,8.34,8.33,15461,36970,-529,1071
596,CIM,2020-08-06,0 days 15:58:22.577869,66855,8.34,8.33,23113,33668,1071,-529
597,CIM,2020-08-06,0 days 15:58:47.637171,67926,8.34,8.33,15848,19361,-1903,1071
598,CIM,2020-08-06,0 days 15:59:05.681618,79553,8.34,8.33,19450,17637,1456,-2827
599,CIM,2020-08-06,0 days 15:59:23.725852,85796,8.34,8.33,9091,18470,-719,1018
600,CIM,2020-08-06,0 days 15:59:24.727685,83415,8.34,8.33,8955,17994,2381,-719
601,CIM,2020-08-06,0 days 15:59:41.768946,85254,8.35,8.34,23833,10681,542,-19
602,CIM,2020-08-06,0 days 15:59:47.783187,85454,8.34,8.33,18010,6253,342,-2658
603,CIT,2020-08-06,0 days 15:55:00.103270,46734,18.71,18.7,1631,300,661,-1390
604,CIT,2020-08-06,0 days 15:56:04.257844,59435,18.68,18.67,1322,2302,-460,1060
605,CIT,2020-08-06,0 days 15:56:05.260154,58195,18.68,18.67,1722,1130,1240,-460
606,CIT,2020-08-06,0 days 15:56:45.357043,59435,18.71,18.7,800,2120,-265,35
607,CIT,2020-08-06,0 days 15:56:46.359292,58300,18.71,18.7,800,1698,1135,-265
608,CIT,2020-08-06,0 days 15:58:01.541220,59341,18.71,18.7,2831,3205,-888,1306
609,CIT,2020-08-06,0 days 15:58:02.544921,58229,18.71,18.7,3731,2464,1112,-888
610,CIT,2020-08-06,0 days 15:58:16.578312,60541,18.7,18.69,2614,1210,-488,712
611,CIT,2020-08-06,0 days 15:58:17.580680,59329,18.7,18.69,3455,945,12,-488
612,CIT,2020-08-06,0 days 15:59:10.710382,61815,18.71,18.7,2500,408,-1849,699
613,CIT,2020-08-06,0 days 15:59:15.721744,59864,18.72,18.71,1647,811,751,-349
614,CIT,2020-08-06,0 days 15:59:17.726303,60615,18.72,18.71,1106,2343,-1718,3299
615,CIT,2020-08-06,0 days 15:59:18.729417,59733,18.72,18.71,1006,1575,2982,-1718
616,CIT,2020-08-06,0 days 15:59:19.731569,62715,18.73,18.72,400,3070,-1424,2982
617,CIT,2020-08-06,0 days 15:59:20.734659,61739,18.73,18.72,198,1970,276,-1424
618,CIT,2020-08-06,0 days 15:59:32.763781,62015,18.74,18.73,3206,1149,-97,403
619,CIT,2020-08-06,0 days 15:59:35.772197,62312,18.74,18.73,3759,1147,311,-97
620,CIT,2020-08-06,0 days 15:59:46.798033,65603,18.75,18.74,601,2422,-2052,91
621,CIT,2020-08-06,0 days 15:59:47.798953,64855,18.75,18.74,3642,522,748,-2052
622,CL,2020-08-06,0 days 15:55:00.103193,191459,75.95,75.94,5130,200,24243,-4254
623,CL,2020-08-06,0 days 15:57:58.534129,246713,75.89,75.88,3975,415,-23505,5709
624,CL,2020-08-06,0 days 15:57:59.535618,244418,75.88,75.87,3772,675,2295,-23505
625,CL,2020-08-06,0 days 15:58:59.682163,253769,75.86,75.85,1129,2366,-265,122
626,CL,2020-08-06,0 days 15:59:06.700205,254324,75.87,75.86,10632,131,17,-2683
627,CL,2020-08-06,0 days 15:59:09.707800,254341,75.86,75.85,2129,1768,-15782,17
628,CL,2020-08-06,0 days 15:59:15.721719,253735,75.84,75.83,374,3628,1674,-12562
629,CL,2020-08-06,0 days 15:59:17.726303,255809,75.84,75.83,6432,3790,-2016,1674
630,CL,2020-08-06,0 days 15:59:18.729391,254425,75.84,75.83,7439,3314,2532,-2016
631,CL,2020-08-06,0 days 15:59:22.739791,260257,75.84,75.83,5530,3585,-8038,2132
632,CL,2020-08-06,0 days 15:59:27.751189,257192,75.84,75.83,6738,2642,1584,-2235
633,CL,2020-08-06,0 days 15:59:32.763760,258690,75.84,75.83,8953,2560,486,-1614
634,CL,2020-08-06,0 days 15:59:34.768244,262476,75.84,75.83,8152,473,-31114,86
635,CLDR,2020-08-06,0 days 15:59:05.697876,78773,11.57,11.56,9602,11548,2032,-4448
636,CLDR,2020-08-06,0 days 15:59:06.700260,77205,11.57,11.56,9129,11848,-1568,2032
637,CLDR,2020-08-06,0 days 15:59:20.734691,78773,11.57,11.56,10931,13377,2137,-924
638,CLDR,2020-08-06,0 days 15:59:21.737263,77810,11.57,11.56,11131,13377,-1098,2137
639,CLDR,2020-08-06,0 days 15:59:46.798063,89583,11.58,11.57,17935,7730,-1539,2406
640,CLF,2020-08-06,0 days 15:55:39.270216,147561,5.56,5.55,48185,36557,-3462,175
641,CLF,2020-08-06,0 days 15:55:40.272354,141323,5.56,5.55,48406,33457,6238,-3462
642,CLF,2020-08-06,0 days 15:55:59.319401,147561,5.56,5.55,73702,12995,-47097,6238
643,CLF,2020-08-06,0 days 15:56:00.321759,146358,5.56,5.55,71773,15538,1203,-47097
644,CLF,2020-08-06,0 days 15:56:39.415657,147561,5.55,5.54,52112,55642,-597,1103
645,CLF,2020-08-06,0 days 15:56:47.434484,144645,5.56,5.55,52569,91025,2916,-684
646,CLF,2020-08-06,0 days 15:59:40.855970,205735,5.56,5.55,85297,145904,-276,1774
647,CLF,2020-08-06,0 days 15:59:41.858081,206011,5.56,5.55,81628,145004,266,-276
648,CLF,2020-08-06,0 days 15:59:44.866387,206277,5.56,5.55,55231,150556,-463,266
649,CLF,2020-08-06,0 days 15:59:47.872410,205340,5.56,5.55,77399,132676,937,-14963
650,CLR,2020-08-06,0 days 15:59:01.746952,140970,16.9,16.89,2526,2967,14401,-16501
651,CLR,2020-08-06,0 days 15:59:02.749358,136633,16.9,16.89,904,3567,-4337,14401
652,CLR,2020-08-06,0 days 15:59:09.768337,159744,16.9,16.89,2075,2958,2604,-15319
653,CLR,2020-08-06,0 days 15:59:10.768870,154548,16.9,16.89,975,4058,-2296,2604
654,CLR,2020-08-06,0 days 15:59:27.808393,141065,16.9,16.89,1984,747,1004,-258
655,CLR,2020-08-06,0 days 15:59:35.828873,150969,16.9,16.89,5182,1504,-2919,1004
656,CLR,2020-08-06,0 days 15:59:38.835431,153888,16.9,16.89,5102,2018,4881,-1619
657,CLR,2020-08-06,0 days 15:59:39.838099,151069,16.9,16.89,8820,1258,-5676,4881
658,CNC,2020-08-06,0 days 15:57:31.456369,107016,63.72,63.71,575,573,-163,237
659,CNC,2020-08-06,0 days 15:57:32.458142,106779,63.72,63.71,575,573,237,-163
660,CNC,2020-08-06,0 days 15:57:44.486833,107016,63.74,63.73,203,727,-63,837
661,CNC,2020-08-06,0 days 15:57:45.489561,106879,63.74,63.73,414,200,137,-63
662,CNC,2020-08-06,0 days 15:57:46.491969,107016,63.74,63.73,214,300,-263,137
663,CNC,2020-08-06,0 days 15:57:47.493781,106879,63.74,63.73,726,200,137,-263
664,CNC,2020-08-06,0 days 15:57:55.513227,107624,63.73,63.71,1248,934,2392,-8
665,CNC,2020-08-06,0 days 15:58:07.545744,110858,63.73,63.72,209,3581,-43,557
666,CNC,2020-08-06,0 days 15:58:08.546536,110501,63.73,63.72,693,3157,357,-43
667,CNC,2020-08-06,0 days 15:58:31.602181,111458,63.68,63.66,203,700,-343,857
668,CNC,2020-08-06,0 days 15:58:32.604308,110701,63.68,63.67,409,784,157,-343
669,CNC,2020-08-06,0 days 15:58:34.608574,110858,63.68,63.67,865,784,-243,157
670,CNC,2020-08-06,0 days 15:58:35.611848,110201,63.68,63.67,1168,784,165,-243
671,CNC,2020-08-06,0 days 15:58:51.649953,110966,63.67,63.66,432,220,-1763,1165
672,CNC,2020-08-06,0 days 15:58:52.653952,110329,63.67,63.66,632,100,37,-1763
673,CNC,2020-08-06,0 days 15:59:07.689193,110773,63.72,63.69,1410,1332,258,-1242
674,CNC,2020-08-06,0 days 15:59:09.695057,111251,63.72,63.71,1209,400,-2720,258
675,CNK,2020-08-06,0 days 15:55:00.090653,188612,10.53,10.52,4516,878,-377795,810
676,CNK,2020-08-06,0 days 15:56:31.310637,200929,10.5,10.49,16842,5149,-2031,1869
677,CNK,2020-08-06,0 days 15:56:32.312902,198960,10.5,10.49,16842,5149,1475,-2031
678,CNK,2020-08-06,0 days 15:59:00.674155,204213,10.5,10.49,6141,4238,281652,-112374
679,CNK,2020-08-06,0 days 15:59:16.710593,202927,10.5,10.49,11008,11244,-5168,3704
680,CNK,2020-08-06,0 days 15:59:17.713085,208095,10.5,10.49,10523,11405,1212,-5168
681,CNK,2020-08-06,0 days 15:59:35.757975,218849,10.5,10.49,11519,13529,-4327,4254
682,CNP,2020-08-06,0 days 15:55:45.231928,384478,20.25,20.24,2136,16381,8044,-14756
683,CNP,2020-08-06,0 days 15:55:46.233718,373922,20.25,20.24,8048,15202,-10556,8044
684,CNP,2020-08-06,0 days 15:57:20.459804,385960,20.22,20.21,19511,6695,2669,-3231
685,CNP,2020-08-06,0 days 15:57:21.462579,380929,20.19,20.18,5599,5800,-5931,2669
686,CNP,2020-08-06,0 days 15:57:35.496206,386860,20.19,20.18,14755,7301,3769,-31
687,CNP,2020-08-06,0 days 15:57:36.498668,379129,20.19,20.18,13935,8201,-7731,3769
688,CNP,2020-08-06,0 days 15:57:49.530227,385960,20.19,20.18,9267,8347,669,-1231
689,CNP,2020-08-06,0 days 15:57:50.532980,381229,20.2,20.19,13090,3537,-4731,669
690,CNP,2020-08-06,0 days 15:58:05.570398,386210,20.21,20.2,13257,1518,59582,-4089
691,CNP,2020-08-06,0 days 15:58:30.631065,417116,20.24,20.23,5144,7550,1876,-1024
692,CNP,2020-08-06,0 days 15:58:31.633508,418992,20.24,20.23,4920,7642,-1924,1876
693,CNP,2020-08-06,0 days 15:58:32.636188,417516,20.24,20.23,4220,12042,1476,-1924
694,CNP,2020-08-06,0 days 15:58:45.667134,418992,20.24,20.23,10601,16072,-8994,1174
695,CNP,2020-08-06,0 days 15:58:46.669511,416586,20.24,20.23,13626,13932,2406,-8994
696,CNP,2020-08-06,0 days 15:59:01.707668,337916,20.23,20.22,3639,6207,-88151,2062
697,CNP,2020-08-06,0 days 15:59:18.747967,404650,20.23,20.22,7668,6987,1485,-4115
698,CNP,2020-08-06,0 days 15:59:22.758874,409435,20.23,20.22,6236,9391,-9037,4785
699,CNP,2020-08-06,0 days 15:59:23.761058,399272,20.23,20.22,7036,9048,863,-9037
700,CNP,2020-08-06,0 days 15:59:40.802835,415222,20.25,20.24,10118,2433,19213,-287
701,CNP,2020-08-06,0 days 15:59:41.803861,413989,20.25,20.24,7372,3898,-1233,19213
702,CNP,2020-08-06,0 days 15:59:42.806375,415018,20.25,20.24,14276,2398,1040,-1233
703,CNP,2020-08-06,0 days 15:59:43.809024,414158,20.25,20.24,14980,2536,-860,1040
704,CNP,2020-08-06,0 days 15:59:44.811270,415018,20.25,20.24,12893,2809,2540,-860
705,CNP,2020-08-06,0 days 15:59:52.830548,411883,20.27,20.26,4200,14218,-3135,14945
706,CNQ,2020-08-06,0 days 15:55:07.249765,92454,19.39,19.38,7803,955,70,-4555
707,CNQ,2020-08-06,0 days 15:55:33.313190,87924,19.37,19.36,5969,9464,-4530,70
708,CNQ,2020-08-06,0 days 15:59:29.885148,103205,19.35,19.34,4308,19966,1353,-3047
709,CNQ,2020-08-06,0 days 15:59:47.929043,101588,19.35,19.34,10546,15196,-2030,10470
710,CNX,2020-08-06,0 days 15:56:09.343053,184195,10.45,10.44,6290,10067,1619,-6223
711,CNX,2020-08-06,0 days 15:56:10.345466,177914,10.45,10.44,6290,9667,-6281,1619
712,CNX,2020-08-06,0 days 15:59:05.770887,186497,10.43,10.42,10072,8086,3687,-8599
713,CNX,2020-08-06,0 days 15:59:06.773249,177051,10.43,10.42,8072,9054,-9446,3687
714,CNX,2020-08-06,0 days 15:59:09.782183,186497,10.43,10.42,9072,8577,2635,-3146
715,CNX,2020-08-06,0 days 15:59:10.783631,178732,10.43,10.42,5940,12236,-7765,2635
716,CNX,2020-08-06,0 days 15:59:21.809789,186497,10.43,10.42,5896,9736,4969,-1465
717,CNX,2020-08-06,0 days 15:59:22.811814,184666,10.43,10.42,7427,10204,-1831,4969
718,CNX,2020-08-06,0 days 15:59:46.870808,187297,10.44,10.43,5548,9660,3860,-1062
719,CNX,2020-08-06,0 days 15:59:47.872318,186757,10.44,10.43,4850,9560,-540,3860
720,COF,2020-08-06,0 days 15:55:01.177111,112259,63.48,63.46,560,940,20,-380
721,COF,2020-08-06,0 days 15:59:00.759628,152802,63.49,63.47,1000,849,-5978,2092
722,COF,2020-08-06,0 days 15:59:01.762035,144489,63.49,63.47,1100,756,8845,-5978
723,COF,2020-08-06,0 days 15:59:07.775341,152846,63.49,63.48,803,1415,-566,901
724,COF,2020-08-06,0 days 15:59:13.790037,150712,63.51,63.5,701,1360,770,-830
725,COF,2020-08-06,0 days 15:59:22.811745,143409,63.5,63.49,200,348,9573,-12227
726,COF,2020-08-06,0 days 15:59:30.831858,151541,63.52,63.5,492,365,-568,1232
727,COF,2020-08-06,0 days 15:59:31.833991,150809,63.52,63.51,129,625,732,-568
728,COF,2020-08-06,0 days 15:59:39.853599,150941,63.56,63.54,1100,608,-211,86
729,COF,2020-08-06,0 days 15:59:42.860306,151152,63.56,63.54,171,687,121,-211
730,COF,2020-08-06,0 days 15:59:45.867920,150882,63.56,63.54,612,786,-1170,121
731,COF,2020-08-06,0 days 15:59:47.872245,150952,63.54,63.52,1070,308,230,-1070
732,COG,2020-08-06,0 days 15:58:32.675992,257756,19.8,19.79,11623,7963,-2652,4548
733,COG,2020-08-06,0 days 15:59:20.793643,279929,19.82,19.81,5905,7081,225,-9331
734,COP,2020-08-06,0 days 15:58:36.613400,448674,38.08,38.07,10731,2763,-8878,3622
735,COP,2020-08-06,0 days 15:59:15.708300,492018,38.06,38.05,1943,2138,14748,-7629
736,COP,2020-08-06,0 days 15:59:16.710564,487566,38.06,38.05,2091,3096,-4452,14748
737,COP,2020-08-06,0 days 15:59:27.737336,505936,38.08,38.07,7385,2079,1117,-3243
738,COP,2020-08-06,0 days 15:59:43.777007,503956,38.08,38.07,5389,3765,-2880,8620
739,COP,2020-08-06,0 days 15:59:45.781674,506836,38.08,38.07,5492,4133,203,-1380
740,COP,2020-08-06,0 days 15:59:47.785976,506511,38.08,38.07,6072,3569,-25,13840
741,COP,2020-08-06,0 days 15:59:48.789892,506836,38.08,38.07,5246,4673,4771,-25
742,COP,2020-08-06,0 days 15:59:49.791487,506307,38.08,38.07,5148,4673,-229,4771
743,COTY,2020-08-06,0 days 15:59:01.671536,229565,3.95,3.94,86384,50453,-656,5791
744,COTY,2020-08-06,0 days 15:59:06.684782,225979,3.95,3.94,89509,45553,40528,-8814
745,COTY,2020-08-06,0 days 15:59:36.759604,264903,3.95,3.94,83396,136077,-19177,3716
746,COTY,2020-08-06,0 days 15:59:37.759827,240580,3.95,3.94,81201,136885,24323,-19177
747,COTY,2020-08-06,0 days 15:59:40.767426,264903,3.95,3.94,82493,141540,-11898,3123
748,COTY,2020-08-06,0 days 15:59:41.768946,262501,3.95,3.94,88525,137334,2402,-11898
749,COTY,2020-08-06,0 days 15:59:44.776200,264903,3.95,3.94,86986,139591,-2663,2402
750,COTY,2020-08-06,0 days 15:59:46.781892,261984,3.95,3.94,78687,159989,3172,-1663
751,COTY,2020-08-06,0 days 15:59:47.783157,265156,3.95,3.94,80787,162567,-415,3172
752,COTY,2020-08-06,0 days 15:59:48.786040,262371,3.95,3.94,75087,168567,2785,-415
753,CPRI,2020-08-06,0 days 15:55:50.294430,209969,15.06,15.05,1000,3117,-28074,9126
754,CPRI,2020-08-06,0 days 15:55:51.296192,204443,15.06,15.05,2033,2200,5526,-28074
755,CPRI,2020-08-06,0 days 15:57:51.586369,215785,15.06,15.05,2541,3679,-35991,8197
756,CPRI,2020-08-06,0 days 15:57:52.589179,212876,15.06,15.05,3041,3030,2909,-35991
757,CPRI,2020-08-06,0 days 15:58:33.688894,222164,15.06,15.05,4729,3751,-1699,3501
758,CPRI,2020-08-06,0 days 15:58:34.691217,220063,15.06,15.05,4629,4402,2101,-1699
759,CPRI,2020-08-06,0 days 15:58:36.696034,215166,15.06,15.05,3729,4802,-4897,2101
760,CPRI,2020-08-06,0 days 15:58:37.698783,212963,15.06,15.05,3767,4759,2203,-4897
761,CPRI,2020-08-06,0 days 15:59:13.786763,220753,15.06,15.05,3349,632,2049,-23551
762,CPRI,2020-08-06,0 days 15:59:43.860659,215784,15.06,15.05,2619,6449,895,-1205
763,CRM,2020-08-06,0 days 15:55:00.121266,229968,208.04,208.02,200,427,7602,-20260
764,CRM,2020-08-06,0 days 15:55:01.124387,229070,208.07,208.03,200,696,-898,7602
765,CRM,2020-08-06,0 days 15:55:02.126704,229968,208.07,208.02,500,313,3065,-898
766,CRM,2020-08-06,0 days 15:55:03.128953,229533,208.07,208.03,473,313,-435,3065
767,CRM,2020-08-06,0 days 15:57:14.445637,254692,207.87,207.85,100,200,614,-115
768,CRM,2020-08-06,0 days 15:57:15.448300,252306,207.89,207.86,353,619,-2386,614
769,CRM,2020-08-06,0 days 15:58:36.645848,258131,207.83,207.81,200,348,2260,-1759
770,CRM,2020-08-06,0 days 15:58:37.648398,255491,207.85,207.8,978,400,-2640,2260
771,CRM,2020-08-06,0 days 15:59:06.719726,275212,207.9,207.87,465,300,2834,-9087
772,CRM,2020-08-06,0 days 15:59:09.727774,269043,207.91,207.88,306,500,-6698,5392
773,CRM,2020-08-06,0 days 15:59:17.746395,277652,207.89,207.86,425,200,832,-468
774,CRM,2020-08-06,0 days 15:59:22.759355,282584,207.9,207.86,900,573,-827,73
775,CRM,2020-08-06,0 days 15:59:45.814658,285197,207.94,207.87,1342,400,22,-2178
776,CRM,2020-08-06,0 days 15:59:47.818986,285219,207.92,207.87,1040,265,-1200,551
777,CRM,2020-08-06,0 days 15:59:48.821332,285890,207.9,207.87,500,173,629,-1200
778,CRM,2020-08-06,0 days 15:59:50.827614,281478,207.89,207.86,829,310,-4412,729
779,CTL,2020-08-06,0 days 15:55:38.184103,702150,10.57,10.56,3740,32879,3724,-6721
780,CTL,2020-08-06,0 days 15:55:43.196609,704384,10.58,10.57,12024,30147,-20829,785
781,CTL,2020-08-06,0 days 15:55:44.199351,687213,10.56,10.55,20742,4631,18671,-20829
782,CTL,2020-08-06,0 days 15:55:45.201367,705884,10.55,10.54,17916,1380,-529,18671
783,CTL,2020-08-06,0 days 15:55:46.203443,699113,10.55,10.54,18616,3280,6771,-529
784,CTL,2020-08-06,0 days 15:57:17.422799,709207,10.52,10.51,46865,9416,-1686,12014
785,CTL,2020-08-06,0 days 15:57:18.424948,707793,10.52,10.51,47962,10201,1414,-1686
786,CTL,2020-08-06,0 days 15:57:23.436308,709207,10.52,10.51,45681,18591,-86,214
787,CTL,2020-08-06,0 days 15:57:34.463569,709293,10.52,10.51,47891,22891,3414,-86
788,CTL,2020-08-06,0 days 15:57:42.482319,719707,10.55,10.54,10800,22057,-2186,8214
789,CTL,2020-08-06,0 days 15:57:52.506652,719793,10.55,10.54,15693,35389,213,-86
790,CTL,2020-08-06,0 days 15:58:02.532431,701293,10.55,10.54,32059,13199,18713,-11187
791,CTL,2020-08-06,0 days 15:59:01.676054,737432,10.55,10.54,31047,4482,-67446,26873
792,CTL,2020-08-06,0 days 15:59:02.677550,731178,10.54,10.53,3321,25026,6254,-67446
793,CTL,2020-08-06,0 days 15:59:05.685233,739308,10.55,10.54,29281,18062,3915,-1032
794,CTL,2020-08-06,0 days 15:59:45.784042,909768,10.56,10.55,15508,33973,-36721,20637
795,CTL,2020-08-06,0 days 15:59:46.785918,898746,10.56,10.55,24911,28944,19260,-36721
796,CTVA,2020-08-06,0 days 15:59:57.896534,739940,25.43,25.41,33537,1900,-115250,11677
797,CVE,2020-08-06,0 days 15:59:15.706185,40335,4.95,4.94,237989,300214,965,-1535
798,CVI,2020-08-06,0 days 15:56:33.315216,41176,16.61,16.6,1305,888,725,-669
799,CVI,2020-08-06,0 days 15:56:34.317725,39901,16.61,16.6,1577,1211,-1275,725
800,CVI,2020-08-06,0 days 15:58:50.647166,41476,16.63,16.62,739,827,47,-970
801,CVI,2020-08-06,0 days 15:58:51.649530,40523,16.64,16.62,445,1189,-1753,47
802,CVI,2020-08-06,0 days 15:59:10.696132,42804,16.62,16.6,872,600,1149,-366
803,CVI,2020-08-06,0 days 15:59:11.698637,42153,16.62,16.61,1273,858,-651,1149
804,CVI,2020-08-06,0 days 15:59:22.725526,42804,16.65,16.64,3033,714,4494,-366
805,CVI,2020-08-06,0 days 15:59:37.762345,42613,16.62,16.61,630,1382,-191,1209
806,CVI,2020-08-06,0 days 15:59:45.781606,42904,16.63,16.61,963,1302,3103,-151
807,CVNA,2020-08-06,0 days 15:55:37.252191,26241,221.95,221.56,250,200,452,-505
808,CVNA,2020-08-06,0 days 15:55:38.255041,26104,221.95,221.56,250,200,-137,452
809,CVNA,2020-08-06,0 days 15:55:42.263971,26241,222.07,221.79,300,106,111,-489
810,CVNA,2020-08-06,0 days 15:55:44.269487,25912,221.88,221.58,100,507,-329,71
811,CVNA,2020-08-06,0 days 15:56:02.313128,26343,222.76,222.59,100,100,185,-326
812,CVNA,2020-08-06,0 days 15:56:03.315312,26028,222.76,222.62,100,210,-215,185
813,CVNA,2020-08-06,0 days 15:58:43.702732,30143,223.39,223.0,200,334,328,-772
814,CVNA,2020-08-06,0 days 15:58:44.706051,29471,223.23,223.0,200,334,-472,328
815,CVNA,2020-08-06,0 days 15:59:16.783533,29643,222.98,222.74,600,220,-269,583
816,CVNA,2020-08-06,0 days 15:59:49.863258,33143,223.2,222.97,200,200,-200,100
817,CVS,2020-08-06,0 days 15:55:01.094040,237710,64.14,64.13,1128,1764,-1500,5600
818,CVS,2020-08-06,0 days 15:55:02.095477,239210,64.14,64.13,1817,889,244,-1500
819,CVS,2020-08-06,0 days 15:55:03.097906,237854,64.14,64.13,2214,1074,-1356,244
820,CVS,2020-08-06,0 days 15:55:55.225953,246694,64.09,64.08,3695,613,715,-638
821,CVS,2020-08-06,0 days 15:55:56.227987,246171,64.09,64.08,3805,613,-1493,715
822,CVS,2020-08-06,0 days 15:55:59.234980,247753,64.09,64.08,2722,1788,1432,-793
823,CVS,2020-08-06,0 days 15:56:00.237712,247347,64.09,64.08,2222,2088,-406,1432
824,CVS,2020-08-06,0 days 15:56:09.259095,247753,64.11,64.1,1130,910,417,-568
825,CVS,2020-08-06,0 days 15:56:10.261717,247270,64.11,64.1,655,1010,-483,417
826,CVS,2020-08-06,0 days 15:58:05.538745,271538,64.12,64.11,3099,612,3196,-3079
827,CVS,2020-08-06,0 days 15:58:06.541588,268234,64.12,64.11,2953,200,-3304,3196
828,CVS,2020-08-06,0 days 15:58:46.637300,271635,64.12,64.11,1417,1536,-2709,891
829,CVS,2020-08-06,0 days 15:59:02.677339,278882,64.12,64.11,3302,2619,703,-256
830,CVS,2020-08-06,0 days 15:59:35.758866,306426,64.13,64.12,2091,1594,-7467,833
831,CVS,2020-08-06,0 days 15:59:45.783739,315543,64.13,64.11,2972,2155,2858,-4906
832,CVS,2020-08-06,0 days 15:59:50.795076,319116,64.12,64.11,2400,417,29958,-31731
833,CVX,2020-08-06,0 days 15:59:28.738136,985752,87.44,87.42,224,304,10640,-443
834,CVX,2020-08-06,0 days 15:59:31.744743,996392,87.44,87.43,100,553,-4360,7359
835,CVX,2020-08-06,0 days 15:59:38.761510,996600,87.47,87.46,407,499,-20086,4748
836,CVX,2020-08-06,0 days 15:59:49.789204,995400,87.46,87.44,1306,505,1200,-13715
837,CVX,2020-08-06,0 days 15:59:50.792375,996600,87.5,87.47,1912,1300,-9415,1200
838,CVX,2020-08-06,0 days 15:59:51.794064,982449,87.47,87.43,1011,1450,14151,-9415
839,CVX,2020-08-06,0 days 15:59:56.796818,996600,87.49,87.46,5072,1700,-7515,4685
840,CWH,2020-08-06,0 days 15:50:22.421314,56036,33.16,33.14,195,670,-2116,14729
841,CWH,2020-08-06,0 days 15:51:20.560535,55936,33.25,33.21,200,425,-2216,14729
842,CWH,2020-08-06,0 days 15:51:21.563137,41307,33.26,33.23,300,425,14629,-2216
843,CWH,2020-08-06,0 days 15:51:38.604123,41307,33.25,33.21,700,125,14729,-2116
844,CWH,2020-08-06,0 days 15:53:35.885096,55936,33.33,33.26,225,2087,-2216,14629
845,CWH,2020-08-06,0 days 15:53:37.889334,41307,33.3,33.29,300,125,14629,-2216
846,CWH,2020-08-06,0 days 15:53:40.897115,55936,33.33,33.31,1000,1243,-2216,14629
847,CWH,2020-08-06,0 days 15:55:01.090717,56777,33.18,33.15,461,1250,-2820,14029
848,CWH,2020-08-06,0 days 15:56:55.366217,61541,33.09,33.08,125,325,-1499,16378
849,CWH,2020-08-06,0 days 15:57:07.395904,45563,33.1,33.09,15987,1300,15978,-1899
850,CWH,2020-08-06,0 days 15:58:13.555154,61541,33.13,33.11,225,125,-1899,15978
851,CWH,2020-08-06,0 days 15:58:18.567619,45563,33.1,33.09,732,225,21582,-1899
852,CWH,2020-08-06,0 days 15:59:45.779389,65393,32.94,32.91,220,838,-4918,12959
853,CWH,2020-08-06,0 days 15:59:49.788938,65255,32.98,32.93,246,606,-11523,14112
854,CWH,2020-08-06,0 days 15:59:51.793866,52434,32.98,32.96,721,300,12512,-11832
855,CWH,2020-08-06,0 days 15:59:59.805436,64946,33.02,32.99,5772,2153,-11932,12512
856,CX,2020-08-06,0 days 15:55:00.232478,6412,3.29,3.28,104213,245265,1008,-243
857,CX,2020-08-06,0 days 15:59:00.817439,9819,3.29,3.28,144161,224077,5070,-426
858,D,2020-08-06,0 days 15:55:00.175140,155835,79.7,79.69,302,1010,-1904,22707
859,D,2020-08-06,0 days 15:55:56.311592,161308,79.71,79.7,1507,502,1137,-1703
860,D,2020-08-06,0 days 15:55:57.314015,160245,79.71,79.7,1253,693,-964,1137
861,D,2020-08-06,0 days 15:56:02.326174,161245,79.71,79.7,1554,607,3101,-1000
862,D,2020-08-06,0 days 15:56:03.328271,160546,79.71,79.7,1054,825,-699,3101
863,D,2020-08-06,0 days 15:57:13.496528,162540,79.62,79.61,1201,406,638,-179
864,D,2020-08-06,0 days 15:57:55.598880,162582,79.67,79.66,702,418,476,-997
865,D,2020-08-06,0 days 15:57:56.601208,162485,79.67,79.66,502,1220,-97,476
866,D,2020-08-06,0 days 15:58:35.697058,162090,79.75,79.73,676,640,462,-783
867,D,2020-08-06,0 days 15:58:37.702040,160852,79.74,79.73,300,917,-338,462
868,D,2020-08-06,0 days 15:58:50.733435,162090,79.75,79.74,500,1373,554,-438
869,D,2020-08-06,0 days 15:58:51.735752,160944,79.74,79.73,500,200,-246,554
870,D,2020-08-06,0 days 15:59:02.764069,162453,79.74,79.72,400,1107,283,-223
871,D,2020-08-06,0 days 15:59:03.766604,160236,79.74,79.72,441,1407,-2217,283
872,D,2020-08-06,0 days 15:59:08.778257,164671,79.73,79.72,200,537,2750,-3078
873,D,2020-08-06,0 days 15:59:45.867942,173902,79.67,79.66,300,406,-1596,776
874,D,2020-08-06,0 days 15:59:46.870746,173228,79.65,79.63,1830,800,1290,-1596
875,DAL,2020-08-06,0 days 15:59:38.764674,369067,27.06,27.05,9081,10000,-32695,673
876,DAL,2020-08-06,0 days 15:59:50.795377,318201,27.06,27.05,11612,2422,51514,-23837
877,DB,2020-08-06,0 days 15:59:41.772207,57842,9.23,9.22,24491,142344,292,-608
878,DB,2020-08-06,0 days 15:59:48.789791,57260,9.23,9.22,41766,128581,-582,418
879,DBD,2020-08-06,0 days 15:56:36.320867,59870,7.9,7.89,4007,4320,639,-541
880,DBD,2020-08-06,0 days 15:56:37.323299,58109,7.9,7.89,4164,4351,-1761,639
881,DBD,2020-08-06,0 days 15:58:25.584020,60502,7.91,7.9,23112,2140,1148,-1752
882,DBD,2020-08-06,0 days 15:58:26.586584,59150,7.91,7.9,23212,2740,-1352,1148
883,DBD,2020-08-06,0 days 15:59:06.684846,85438,7.9,7.89,4609,1497,2067,-433
884,DBD,2020-08-06,0 days 15:59:07.686025,83105,7.9,7.89,4566,1897,-2333,2067
885,DD,2020-08-06,0 days 15:55:00.104353,428135,54.73,54.72,1425,2053,-6022,46319
886,DD,2020-08-06,0 days 15:55:12.132538,415445,54.72,54.71,2056,1582,-9112,3488
887,DD,2020-08-06,0 days 15:59:27.751298,545662,54.7,54.69,475,1003,4649,-380
888,DD,2020-08-06,0 days 15:59:29.755599,531211,54.7,54.69,400,1300,-14251,4649
889,DFS,2020-08-06,0 days 15:55:00.088746,153975,50.21,50.2,1448,1758,18919,-4538
890,DFS,2020-08-06,0 days 15:55:01.090807,152494,50.22,50.21,264,1056,-1481,18919
891,DFS,2020-08-06,0 days 15:59:45.779538,183402,50.15,50.14,811,302,1934,-3655
892,DFS,2020-08-06,0 days 15:59:46.781998,181336,50.15,50.13,1311,180,-409,1934
893,DG,2020-08-06,0 days 15:56:30.339801,58579,192.65,192.61,3750,108,541,-2366
894,DG,2020-08-06,0 days 15:56:31.341896,57520,192.65,192.61,3750,108,-1059,541
895,DG,2020-08-06,0 days 15:58:00.559113,58922,192.56,192.53,200,205,1932,-868
896,DG,2020-08-06,0 days 15:58:01.560857,55908,192.58,192.55,406,1252,-3014,1932
897,DG,2020-08-06,0 days 15:58:15.595348,59342,192.64,192.59,751,652,1441,-1468
898,DG,2020-08-06,0 days 15:58:16.597889,58397,192.64,192.59,751,652,-945,1441
899,DG,2020-08-06,0 days 15:59:04.714498,61791,192.56,192.54,367,499,731,-68
900,DG,2020-08-06,0 days 15:59:05.717029,59622,192.56,192.54,371,599,-2169,731
901,DG,2020-08-06,0 days 15:59:08.724818,62220,192.61,192.56,2751,1445,1334,-1198
902,DG,2020-08-06,0 days 15:59:14.739172,62359,192.66,192.62,450,358,-261,939
903,DG,2020-08-06,0 days 15:59:18.748432,63820,192.64,192.6,360,353,341,-1993
904,DG,2020-08-06,0 days 15:59:22.759460,63030,192.62,192.59,271,631,-390,341
905,DG,2020-08-06,0 days 15:59:42.806919,63585,192.64,192.58,2654,556,-2,398
906,DG,2020-08-06,0 days 15:59:48.821421,63587,192.6,192.53,2354,515,98,-2
907,DHI,2020-08-06,0 days 15:55:57.300894,121319,67.58,67.57,500,326,1925,-2275
908,DHI,2020-08-06,0 days 15:55:58.302382,119944,67.58,67.57,500,326,-1375,1925
909,DHI,2020-08-06,0 days 15:57:10.477653,122219,67.58,67.57,928,100,641,-734
910,DHI,2020-08-06,0 days 15:57:11.479837,120860,67.57,67.55,961,1004,-1359,641
911,DHI,2020-08-06,0 days 15:59:00.744999,122401,67.49,67.48,1152,607,-118,1382
912,DHI,2020-08-06,0 days 15:59:09.768209,136118,67.51,67.5,701,608,902,-123
913,DHI,2020-08-06,0 days 15:59:10.768777,130020,67.5,67.49,492,962,-1998,902
914,DHI,2020-08-06,0 days 15:59:17.785224,136118,67.51,67.5,1348,100,2334,-766
915,DHI,2020-08-06,0 days 15:59:18.787422,132652,67.51,67.5,346,492,-3466,2334
916,DHI,2020-08-06,0 days 15:59:22.798089,136139,67.52,67.5,1036,1149,2592,-687
917,DHI,2020-08-06,0 days 15:59:23.799424,134931,67.52,67.51,835,930,-1208,2592
918,DHI,2020-08-06,0 days 15:59:38.835150,138239,67.58,67.57,200,1548,1382,-912
919,DHI,2020-08-06,0 days 15:59:44.849674,142339,67.63,67.61,298,850,125,-2718
920,DHI,2020-08-06,0 days 15:59:46.855211,142174,67.63,67.61,331,100,-446,1335
921,DHR,2020-08-06,0 days 15:55:00.175070,83605,205.5,205.47,1073,286,2226,-15104
922,DHR,2020-08-06,0 days 15:57:05.478467,106306,205.64,205.62,200,687,-1750,8450
923,DHR,2020-08-06,0 days 15:57:06.480248,104156,205.64,205.62,800,390,2150,-1750
924,DHR,2020-08-06,0 days 15:59:09.782102,108499,205.66,205.63,100,604,-7282,574
925,DHR,2020-08-06,0 days 15:59:10.783579,99921,205.64,205.61,504,239,8578,-7282
926,DHR,2020-08-06,0 days 15:59:21.809702,111294,205.73,205.7,200,308,-150,2815
927,DHR,2020-08-06,0 days 15:59:23.814462,110599,205.75,205.71,375,406,695,-205
928,DHR,2020-08-06,0 days 15:59:27.823632,111294,205.75,205.71,200,517,-656,695
929,DHR,2020-08-06,0 days 15:59:28.826559,110750,205.76,205.72,606,100,544,-656
930,DHR,2020-08-06,0 days 15:59:45.867920,111294,205.77,205.7,1500,2500,-1101,318
931,DLPH,2020-08-06,0 days 15:55:14.197371,18853,16.53,16.52,5087,3212,-1596,2404
932,DLPH,2020-08-06,0 days 15:55:15.199683,18549,16.53,16.52,5487,1812,304,-1596
933,DLPH,2020-08-06,0 days 15:56:03.314964,19653,16.51,16.5,5138,1378,-446,254
934,DLPH,2020-08-06,0 days 15:56:04.317312,19399,16.51,16.5,5138,1378,254,-446
935,DLPH,2020-08-06,0 days 15:58:47.711720,20318,16.51,16.5,1600,1338,-51,1914
936,DLPH,2020-08-06,0 days 15:58:58.738256,22813,16.51,16.5,1443,1448,196,-595
937,DLPH,2020-08-06,0 days 15:59:02.749290,23109,16.51,16.5,1413,1710,-161,196
938,DLPH,2020-08-06,0 days 15:59:03.751741,22570,16.51,16.5,1413,1715,439,-161
939,DLPH,2020-08-06,0 days 15:59:45.852929,23109,16.51,16.5,3966,3743,-1224,176
940,DOW,2020-08-06,0 days 15:55:01.177060,467269,42.0,41.99,1658,1647,-7967,1133
941,DOW,2020-08-06,0 days 15:55:43.279977,475236,41.99,41.98,2373,2256,2307,-3642
942,DOW,2020-08-06,0 days 15:55:44.282708,468143,41.99,41.98,1873,2456,-8593,2307
943,DOW,2020-08-06,0 days 15:58:00.611417,517229,42.05,42.04,1900,400,-7807,4093
944,DT,2020-08-06,0 days 15:56:02.240225,200647,41.15,41.14,1192,400,-2619,38867
945,DT,2020-08-06,0 days 15:56:03.242997,188866,41.15,41.14,992,100,11781,-2619
946,DT,2020-08-06,0 days 15:58:15.563238,205062,41.22,41.2,1062,857,-807,7351
947,DT,2020-08-06,0 days 15:58:17.567264,193335,41.22,41.21,518,267,10827,-2407
948,DT,2020-08-06,0 days 15:59:01.674188,204232,41.22,41.21,413,3172,-45,9946
949,DT,2020-08-06,0 days 15:59:05.683928,206799,41.22,41.21,727,3300,225,-2567
950,DT,2020-08-06,0 days 15:59:09.693797,207445,41.22,41.21,1128,3430,-20726,225
951,DT,2020-08-06,0 days 15:59:10.696132,201571,41.22,41.21,1120,3303,6873,-20726
952,DT,2020-08-06,0 days 15:59:21.723157,198230,41.22,41.19,1097,600,10214,-4282
953,DT,2020-08-06,0 days 15:59:22.725526,208444,41.23,41.19,900,700,-4193,10214
954,DT,2020-08-06,0 days 15:59:23.728297,205037,41.22,41.19,1025,704,3407,-4193
955,DT,2020-08-06,0 days 15:59:25.732437,208444,41.24,41.22,1900,376,-1893,2107
956,DT,2020-08-06,0 days 15:59:28.740147,205802,41.22,41.2,400,302,2642,-4958
957,DT,2020-08-06,0 days 15:59:42.774078,206220,41.27,41.25,521,322,424,-836
958,DT,2020-08-06,0 days 15:59:45.781606,207938,41.25,41.24,2693,317,-2284,424
959,DT,2020-08-06,0 days 15:59:48.789753,209422,41.25,41.24,2204,690,1621,-1381
960,DT,2020-08-06,0 days 15:59:49.791444,211043,41.25,41.24,2204,594,-479,1621
961,DT,2020-08-06,0 days 15:59:50.794420,203522,41.25,41.24,1604,783,7521,-479
962,DUK,2020-08-06,0 days 15:55:01.092567,138243,84.24,84.22,1463,1470,2311,-4189
963,DUK,2020-08-06,0 days 15:55:12.119328,139463,84.27,84.26,307,1334,-11189,511
964,DUK,2020-08-06,0 days 15:55:13.121945,138352,84.27,84.26,407,1041,1111,-11189
965,DUK,2020-08-06,0 days 15:55:43.194355,139563,84.33,84.31,1962,1000,-6467,1056
966,DUK,2020-08-06,0 days 15:55:44.197031,139330,84.32,84.31,506,900,233,-6467
967,DUK,2020-08-06,0 days 15:55:53.218741,139563,84.29,84.28,1125,482,-1350,233
968,DUK,2020-08-06,0 days 15:55:54.221262,153013,84.29,84.28,1525,482,1550,-1350
969,DUK,2020-08-06,0 days 15:56:12.264464,158950,84.27,84.26,916,559,-1492,708
970,DUK,2020-08-06,0 days 15:56:13.266624,157442,84.27,84.25,1519,759,1508,-1492
971,DUK,2020-08-06,0 days 15:56:17.276442,158950,84.27,84.26,1019,858,-2274,1508
972,DUK,2020-08-06,0 days 15:56:18.278845,157524,84.27,84.26,1219,456,1426,-2274
973,DUK,2020-08-06,0 days 15:56:35.320451,160544,84.24,84.22,906,1000,-10959,1929
974,DUK,2020-08-06,0 days 15:56:36.322427,160203,84.23,84.21,713,701,341,-10959
975,DUK,2020-08-06,0 days 15:56:51.358851,156944,84.24,84.23,1626,602,-659,41
976,DUK,2020-08-06,0 days 15:57:27.445077,158243,84.27,84.26,483,847,572,-1928
977,DUK,2020-08-06,0 days 15:57:28.447363,157615,84.28,84.27,1534,896,-628,572
978,DUK,2020-08-06,0 days 15:58:29.596460,163973,84.35,84.34,100,1648,594,-706
979,DUK,2020-08-06,0 days 15:58:30.598899,163167,84.36,84.35,812,736,-806,594
980,DUK,2020-08-06,0 days 15:58:34.608649,155473,84.36,84.35,734,2190,394,-806
981,DUK,2020-08-06,0 days 15:58:47.639829,155867,84.38,84.37,511,3501,-5116,1717
982,DUK,2020-08-06,0 days 15:58:48.643028,155583,84.38,84.37,913,2400,185,-5116
983,DUK,2020-08-06,0 days 15:58:57.664295,156368,84.35,84.34,514,600,-7268,632
984,DUK,2020-08-06,0 days 15:59:03.679104,163667,84.33,84.32,936,468,83,-136
985,DUK,2020-08-06,0 days 15:59:04.681728,163750,84.34,84.33,1200,468,-1096,83
986,DUK,2020-08-06,0 days 15:59:12.701035,171751,84.32,84.31,101,1379,-3161,1239
987,DUK,2020-08-06,0 days 15:59:17.713085,174912,84.32,84.31,762,3812,484,-916
988,DUK,2020-08-06,0 days 15:59:20.720949,175396,84.33,84.32,408,1640,-2547,484
989,DUK,2020-08-06,0 days 15:59:24.730220,192270,84.29,84.28,910,1176,-2045,1555
990,DUK,2020-08-06,0 days 15:59:46.784544,198602,84.26,84.25,805,300,-3697,11593
991,DVN,2020-08-06,0 days 15:57:05.478638,454023,11.77,11.76,5119,28952,-5675,8263
992,DVN,2020-08-06,0 days 15:57:06.480376,440798,11.77,11.76,5519,27652,13225,-5675
993,DVN,2020-08-06,0 days 15:57:44.572200,446330,11.76,11.75,17182,22335,8693,-507
994,DVN,2020-08-06,0 days 15:57:53.594295,444298,11.77,11.76,19580,20444,10725,-375
995,DVN,2020-08-06,0 days 15:59:22.811946,470238,11.78,11.77,2576,25247,3980,-6120
996,DVN,2020-08-06,0 days 15:59:44.866360,500518,11.79,11.78,11230,26385,-1777,223
997,DVN,2020-08-06,0 days 15:59:46.870964,498573,11.79,11.78,10418,24280,13569,-40555
998,DXC,2020-08-06,0 days 15:59:15.721865,304435,18.65,18.64,10767,5307,-6260,1686
999,DXC,2020-08-06,0 days 15:59:16.724667,299095,18.65,18.64,11271,2372,5340,-6260
1000,ED,2020-08-06,0 days 15:55:53.291541,123537,73.95,73.94,300,1387,-3953,3678
1001,ED,2020-08-06,0 days 15:55:54.294567,121890,73.95,73.94,300,1387,5347,-3953
1002,ED,2020-08-06,0 days 15:57:00.453530,128221,73.93,73.92,885,1125,-1998,851
1003,ED,2020-08-06,0 days 15:57:01.455434,126406,73.92,73.91,416,702,1815,-1998
1004,ED,2020-08-06,0 days 15:57:07.470223,128704,73.93,73.92,697,400,-1215,2285
1005,ED,2020-08-06,0 days 15:57:08.472269,127006,73.93,73.91,1092,500,1698,-1215
1006,ED,2020-08-06,0 days 15:58:35.682675,127826,74.05,74.03,321,1521,-464,1018
1007,ED,2020-08-06,0 days 15:58:36.685382,126390,74.05,74.03,321,1687,1360,-464
1008,ED,2020-08-06,0 days 15:59:03.751994,129097,74.09,74.07,1008,1847,-443,409
1009,ED,2020-08-06,0 days 15:59:04.753830,128040,74.09,74.07,1131,1921,1057,-443
1010,ED,2020-08-06,0 days 15:59:08.764438,129537,74.07,74.02,1257,511,-1170,879
1011,ED,2020-08-06,0 days 15:59:10.769022,129232,73.99,73.96,764,200,709,-872
1012,ED,2020-08-06,0 days 15:59:12.773454,129865,74.03,74.0,488,311,-872,709
1013,ED,2020-08-06,0 days 15:59:20.793731,129737,74.0,73.97,706,521,128,-872
1014,ED,2020-08-06,0 days 15:59:28.811682,129613,74.03,73.99,641,992,-124,128
1015,ED,2020-08-06,0 days 15:59:29.813672,129737,74.02,73.98,359,855,128,-124
1016,ED,2020-08-06,0 days 15:59:38.835604,129941,74.01,73.98,2423,581,-4080,128
1017,EGO,2020-08-06,0 days 15:57:19.633358,28910,12.5,12.49,1600,40416,-7016,1350
1018,ELAN,2020-08-06,0 days 15:55:18.276796,121599,24.34,24.33,4639,2432,1808,-265
1019,ELAN,2020-08-06,0 days 15:55:19.279129,121580,24.34,24.33,4218,2432,-19,1808
1020,ELAN,2020-08-06,0 days 15:55:38.325207,125399,24.36,24.35,5030,2225,462,-65
1021,ELAN,2020-08-06,0 days 15:57:35.609043,173377,24.43,24.42,3739,7041,-1239,1261
1022,ELAN,2020-08-06,0 days 15:57:36.610125,169716,24.43,24.42,3239,7241,3661,-1239
1023,ELAN,2020-08-06,0 days 15:57:39.617773,173377,24.43,24.42,3367,7132,-139,1461
1024,ELAN,2020-08-06,0 days 15:57:40.619823,170116,24.43,24.42,3467,7232,3261,-139
1025,ELAN,2020-08-06,0 days 15:57:44.629544,173377,24.46,24.45,2700,1400,-39,661
1026,ELAN,2020-08-06,0 days 15:57:45.632489,171216,24.46,24.45,2600,4900,2161,-39
1027,ELAN,2020-08-06,0 days 15:58:01.671827,173377,24.47,24.46,300,1300,-445,1355
1028,ELAN,2020-08-06,0 days 15:58:02.674392,171722,24.49,24.48,12930,1283,1612,-445
1029,ELAN,2020-08-06,0 days 15:58:15.705886,173377,24.49,24.48,12143,1084,-5386,955
1030,ELAN,2020-08-06,0 days 15:58:16.708661,171363,24.49,24.48,12733,1802,1971,-5386
1031,ELAN,2020-08-06,0 days 15:58:18.713378,176977,24.48,24.47,2800,2100,-339,1971
1032,ELAN,2020-08-06,0 days 15:58:28.737392,173377,24.45,24.44,3695,5036,-2539,2261
1033,ELAN,2020-08-06,0 days 15:58:29.739693,171116,24.45,24.44,4025,4836,2261,-2539
1034,ELAN,2020-08-06,0 days 15:58:32.746963,173377,24.45,24.44,4029,993,-1539,2261
1035,ELAN,2020-08-06,0 days 15:58:33.749496,173116,24.44,24.43,4614,900,261,-1539
1036,ELAN,2020-08-06,0 days 15:58:38.761714,169865,24.42,24.4,3799,884,-651,9071
1037,ELAN,2020-08-06,0 days 15:59:12.845522,175641,24.39,24.38,1248,2193,608,-3746
1038,ELAN,2020-08-06,0 days 15:59:27.879992,180791,24.36,24.35,3017,896,-484,3177
1039,ELAN,2020-08-06,0 days 15:59:32.893800,178075,24.38,24.37,373,1258,2197,-3330
1040,ELAN,2020-08-06,0 days 15:59:43.919292,185494,24.4,24.39,1948,2985,-3258,2171
1041,ELY,2020-08-06,0 days 15:55:00.121136,35708,19.67,19.66,663,2438,543,-7069
1042,ELY,2020-08-06,0 days 15:55:45.232086,59070,19.68,19.67,2210,406,-552,22848
1043,ELY,2020-08-06,0 days 15:55:46.233930,56922,19.68,19.67,2310,474,2148,-552
1044,ELY,2020-08-06,0 days 15:56:13.298593,59070,19.68,19.67,1009,2223,-1090,182
1045,ELY,2020-08-06,0 days 15:56:14.301595,57260,19.68,19.67,1009,2223,1810,-1090
1046,ELY,2020-08-06,0 days 15:57:10.436889,59294,19.69,19.68,1511,2529,-775,1107
1047,ELY,2020-08-06,0 days 15:57:11.440111,57669,19.69,19.68,1511,2229,1625,-775
1048,ELY,2020-08-06,0 days 15:59:08.724698,60538,19.68,19.67,5748,3982,-4746,702
1049,ELY,2020-08-06,0 days 15:59:09.727489,54884,19.68,19.67,6016,4111,5654,-4746
1050,ELY,2020-08-06,0 days 15:59:19.751024,61638,19.68,19.67,5258,4478,-151,1749
1051,ELY,2020-08-06,0 days 15:59:22.759268,61146,19.68,19.67,5777,4063,492,-3508
1052,ELY,2020-08-06,0 days 15:59:27.770226,61638,19.68,19.67,5659,4016,-456,492
1053,ELY,2020-08-06,0 days 15:59:28.772692,61194,19.68,19.67,5959,3703,444,-456
1054,EMR,2020-08-06,0 days 15:55:44.210166,136415,65.12,65.11,1310,400,-679,4729
1055,EMR,2020-08-06,0 days 15:55:45.212256,135194,65.12,65.11,1710,300,1221,-679
1056,EMR,2020-08-06,0 days 15:55:56.238366,136415,65.04,65.03,806,1000,-2079,1221
1057,EMR,2020-08-06,0 days 15:56:01.250575,136068,65.03,65.01,2107,1100,379,-1021
1058,EMR,2020-08-06,0 days 15:57:29.461938,137403,65.12,65.11,1205,300,-2265,335
1059,EMR,2020-08-06,0 days 15:57:30.464145,136768,65.11,65.1,505,500,635,-2265
1060,EMR,2020-08-06,0 days 15:57:38.484302,137503,65.12,65.11,807,1183,-365,135
1061,EMR,2020-08-06,0 days 15:58:00.539660,137583,65.08,65.07,992,300,20,-3365
1062,EMR,2020-08-06,0 days 15:58:05.552205,139272,65.09,65.08,928,800,-1181,3097
1063,EMR,2020-08-06,0 days 15:58:06.553977,139153,65.08,65.07,792,400,119,-1181
1064,EMR,2020-08-06,0 days 15:58:21.590413,139427,65.07,65.05,1205,4600,-726,674
1065,EMR,2020-08-06,0 days 15:58:22.592705,138953,65.07,65.05,1205,4900,474,-726
1066,EMR,2020-08-06,0 days 15:58:47.653343,139927,65.07,65.06,658,1257,-79,144
1067,EMR,2020-08-06,0 days 15:59:00.689152,140709,65.04,65.03,412,1110,-215,131
1068,EMR,2020-08-06,0 days 15:59:02.689864,140524,65.05,65.04,100,1510,7785,-1615
1069,EMR,2020-08-06,0 days 15:59:03.692270,148309,65.07,65.05,712,1663,-517,7785
1070,EMR,2020-08-06,0 days 15:59:09.707736,164916,65.11,65.1,311,300,-5749,17197
1071,EMR,2020-08-06,0 days 15:59:10.710264,163165,65.11,65.09,611,854,1751,-5749
1072,EMR,2020-08-06,0 days 15:59:11.712346,164916,65.12,65.11,181,1547,-360,1751
1073,EMR,2020-08-06,0 days 15:59:58.822390,153729,65.14,65.11,200,2737,4550,-3950
1074,ENB,2020-08-06,0 days 15:59:45.781636,114477,33.08,33.07,4704,4307,8927,-675
1075,ENB,2020-08-06,0 days 15:59:46.784471,111504,33.08,33.07,5200,3161,-5059,8927
1076,ENR,2020-08-06,0 days 15:59:02.884511,43322,47.31,47.29,216,1495,-4277,22544
1077,ENR,2020-08-06,0 days 15:59:09.904287,42900,47.35,47.32,2620,1403,-5005,22122
1078,ENR,2020-08-06,0 days 15:59:25.929657,21503,47.34,47.33,218,1025,21395,-5692
1079,ENR,2020-08-06,0 days 15:59:26.932029,42898,47.4,47.37,1918,308,-5719,21395
1080,ENR,2020-08-06,0 days 15:59:41.969697,42291,47.43,47.4,700,391,-20320,16722
1081,ENR,2020-08-06,0 days 15:59:53.998290,49786,47.43,47.4,145,1827,-15903,22073
1082,EOG,2020-08-06,0 days 15:55:00.089904,318011,50.85,50.84,397,1605,42984,-96067
1083,EOG,2020-08-06,0 days 15:56:36.322373,365567,50.88,50.87,1313,1900,-2618,2182
1084,EOG,2020-08-06,0 days 15:56:37.324870,357685,50.88,50.87,1413,2000,7882,-2618
1085,EOG,2020-08-06,0 days 15:57:34.462379,366486,50.88,50.87,802,2205,-4049,2251
1086,EOG,2020-08-06,0 days 15:57:35.464801,358835,50.87,50.86,680,1111,7651,-4049
1087,EOG,2020-08-06,0 days 15:57:36.466774,366486,50.87,50.86,207,1707,-5649,7651
1088,EOG,2020-08-06,0 days 15:57:37.469270,360735,50.87,50.86,707,1506,5751,-5649
1089,EOG,2020-08-06,0 days 15:58:36.613366,364833,50.83,50.82,250,1660,3300,-500
1090,EOG,2020-08-06,0 days 15:58:45.635184,368133,50.84,50.83,307,1000,-1274,3019
1091,EOG,2020-08-06,0 days 15:58:46.637223,365857,50.84,50.83,407,1000,2276,-1274
1092,EOG,2020-08-06,0 days 15:59:01.674149,352699,50.86,50.85,550,1401,16327,-11735
1093,EOG,2020-08-06,0 days 15:59:46.784410,379873,50.9,50.89,625,588,-497,6625
1094,EOG,2020-08-06,0 days 15:59:47.785939,376970,50.9,50.88,746,301,4178,-497
1095,EPD,2020-08-06,0 days 15:55:07.313024,217926,18.06,18.05,14334,21270,-2674,6851
1096,EPD,2020-08-06,0 days 15:55:08.315680,202300,18.06,18.05,15434,20270,15626,-2674
1097,EQH,2020-08-06,0 days 15:56:36.323777,203215,20.63,20.62,2575,5065,8330,-6070
1098,EQH,2020-08-06,0 days 15:56:37.326150,198645,20.63,20.62,1875,4911,-4570,8330
1099,EQH,2020-08-06,0 days 15:57:54.510916,205015,20.63,20.62,1839,2126,11,-270
1100,EQH,2020-08-06,0 days 15:57:56.516992,199526,20.62,20.61,100,3472,-5489,11
1101,EQH,2020-08-06,0 days 15:58:47.639965,217465,20.6,20.59,693,5873,386,-7797
1102,EQH,2020-08-06,0 days 15:58:48.642327,212051,20.6,20.59,541,5173,-5414,386
1103,EQH,2020-08-06,0 days 15:59:20.720791,223044,20.6,20.59,1700,5419,13145,-1276
1104,EQH,2020-08-06,0 days 15:59:21.722689,204189,20.6,20.59,811,5519,-18855,13145
1105,EQH,2020-08-06,0 days 15:59:45.783739,223894,20.61,20.6,3593,2815,7267,-1047
1106,EQH,2020-08-06,0 days 15:59:46.785657,222861,20.61,20.6,3671,1224,-2776,7267
1107,EQH,2020-08-06,0 days 16:00:00.817317,226537,20.61,20.6,8239,10931,4245,-691
1108,EQNR,2020-08-06,0 days 15:59:14.739230,28869,15.99,15.98,57589,43696,1811,-2199
1109,EQR,2020-08-06,0 days 15:59:38.778171,216726,53.7,53.69,310,996,187,-6178
1110,EQR,2020-08-06,0 days 15:59:46.798129,210587,53.69,53.68,100,2141,-6288,2487
1111,EQT,2020-08-06,0 days 15:55:00.091863,117938,16.37,16.36,2000,3900,714,-24067
1112,EQT,2020-08-06,0 days 15:55:37.181779,118652,16.35,16.34,3518,1660,-499,514
1113,EQT,2020-08-06,0 days 15:57:36.468444,126187,16.35,16.34,3787,1420,194,-406
1114,EQT,2020-08-06,0 days 15:57:37.469927,125881,16.35,16.34,3587,1444,-306,194
1115,EQT,2020-08-06,0 days 15:57:40.478215,126187,16.35,16.34,3589,3272,294,-306
1116,EQT,2020-08-06,0 days 15:57:41.479274,125881,16.35,16.34,3089,3472,-306,294
1117,EQT,2020-08-06,0 days 15:57:44.486923,126187,16.35,16.34,4379,2654,1094,-1306
1118,EQT,2020-08-06,0 days 15:58:01.529260,127787,16.35,16.34,1335,4255,94,-4506
1119,EQT,2020-08-06,0 days 15:58:07.545803,127321,16.36,16.35,10290,1188,-3166,434
1120,EQT,2020-08-06,0 days 15:58:08.546601,126887,16.36,16.35,12680,383,434,-3166
1121,EQT,2020-08-06,0 days 15:58:27.592101,127445,16.35,16.34,18936,2526,-1942,558
1122,EQT,2020-08-06,0 days 15:58:28.595011,126887,16.35,16.34,19679,2326,558,-1942
1123,EQT,2020-08-06,0 days 15:58:29.597520,127445,16.35,16.34,18979,2726,-1042,558
1124,EQT,2020-08-06,0 days 15:58:36.613774,122974,16.35,16.34,13827,4348,4471,-1042
1125,EQT,2020-08-06,0 days 15:58:47.640087,132145,16.34,16.33,11429,3955,-1174,771
1126,EQT,2020-08-06,0 days 15:59:22.725764,149035,16.34,16.33,50178,10342,-4329,8971
1127,EQT,2020-08-06,0 days 15:59:23.728338,147464,16.34,16.33,51842,9342,1571,-4329
1128,ERJ,2020-08-06,0 days 15:56:02.326231,37101,5.66,5.65,6788,12585,-161,1539
1129,ERJ,2020-08-06,0 days 15:57:55.598945,37262,5.66,5.65,8132,10327,339,-61
1130,ESI,2020-08-06,0 days 15:55:00.233365,44324,11.16,11.15,4965,10624,15484,-1612
1131,ESI,2020-08-06,0 days 15:57:51.647127,61951,11.15,11.14,5099,12457,-321,79
1132,ESI,2020-08-06,0 days 15:57:52.649107,61172,11.15,11.14,5199,12738,779,-321
1133,ESI,2020-08-06,0 days 15:57:58.663671,61951,11.15,11.14,3491,13748,-621,779
1134,ESI,2020-08-06,0 days 15:57:59.666268,61172,11.15,11.14,2691,12930,779,-621
1135,ESI,2020-08-06,0 days 15:58:12.699113,62951,11.15,11.14,4035,24255,-5264,879
1136,ESI,2020-08-06,0 days 15:58:13.701064,60215,11.15,11.14,796,25936,2736,-5264
1137,ESI,2020-08-06,0 days 15:58:38.761804,59698,11.15,11.14,6705,8365,-817,2436
1138,ESI,2020-08-06,0 days 15:58:51.792900,60515,11.15,11.14,7042,8205,1965,-817
1139,ET,2020-08-06,0 days 15:59:40.966003,186214,6.61,6.6,28005,66159,-729,2771
1140,ET,2020-08-06,0 days 15:59:46.980270,180943,6.61,6.6,49261,25233,5271,-21129
1141,ETRN,2020-08-06,0 days 15:59:28.810422,196974,10.36,10.35,9406,3492,-4767,2333
1142,ETRN,2020-08-06,0 days 15:59:48.859770,204341,10.36,10.35,11772,1802,1407,-6153
1143,ETRN,2020-08-06,0 days 15:59:49.862610,201948,10.36,10.35,11710,1995,-2393,1407
1144,EVH,2020-08-06,0 days 15:57:55.513263,40532,13.34,13.33,1803,950,-810,1190
1145,EVH,2020-08-06,0 days 15:57:56.517050,40442,13.34,13.33,1401,3051,90,-810
1146,EVH,2020-08-06,0 days 15:58:51.650016,41323,13.34,13.33,786,2811,-3628,281
1147,EVH,2020-08-06,0 days 15:59:40.770744,48164,13.36,13.35,5411,7109,132,-705
1148,EVRG,2020-08-06,0 days 15:55:44.210341,97962,54.98,54.97,839,1506,2902,-898
1149,EVRG,2020-08-06,0 days 15:55:45.212422,96664,54.98,54.97,939,1706,-798,2902
1150,EVRG,2020-08-06,0 days 15:58:45.648672,135628,54.92,54.91,578,800,2357,-1692
1151,EVRG,2020-08-06,0 days 15:58:46.652416,132585,54.92,54.9,1378,601,-2143,2357
1152,EVRG,2020-08-06,0 days 15:58:55.672921,130701,54.85,54.84,701,400,-1691,870
1153,EVRG,2020-08-06,0 days 15:59:06.700398,133991,54.86,54.85,600,418,235,-331
1154,EVRG,2020-08-06,0 days 15:59:09.707988,134226,54.86,54.85,640,713,-9401,235
1155,EVRG,2020-08-06,0 days 15:59:10.710517,144227,54.85,54.84,1100,413,3712,-9401
1156,EVRG,2020-08-06,0 days 15:59:11.712533,142522,54.84,54.83,1405,200,-327,3712
1157,EVRG,2020-08-06,0 days 15:59:17.726484,130022,54.83,54.82,1170,413,-2152,9748
1158,EVRG,2020-08-06,0 days 15:59:37.776683,142045,54.81,54.78,1514,300,595,-1305
1159,EVRG,2020-08-06,0 days 15:59:38.778264,140858,54.81,54.79,1400,514,-487,595
1160,EVRG,2020-08-06,0 days 15:59:46.798284,141435,54.79,54.77,900,1056,-2337,9890
1161,EVRI,2020-08-06,0 days 15:59:05.685258,67884,6.93,6.92,4092,7978,-89,1632
1162,EVRI,2020-08-06,0 days 15:59:41.772224,66345,6.93,6.92,3999,7700,839,-589
1163,EVRI,2020-08-06,0 days 15:59:45.784115,67184,6.94,6.93,9457,2820,-3320,839
1164,EVRI,2020-08-06,0 days 15:59:46.786026,66404,6.94,6.93,10457,400,2077,-3320
1165,EXK,2020-08-06,0 days 15:55:00.233815,25079,4.23,4.22,49039,18025,4447,-11166
1166,EXK,2020-08-06,0 days 15:59:16.854617,23043,4.22,4.21,95610,26105,-3972,9081
1167,EXK,2020-08-06,0 days 15:59:36.902965,35115,4.22,4.21,110079,65768,467,-6328
1168,EXK,2020-08-06,0 days 15:59:37.905257,35582,4.22,4.21,109177,66068,-533,467
1169,EXK,2020-08-06,0 days 15:59:38.907740,35115,4.22,4.21,109977,65768,467,-533
1170,F,2020-08-06,0 days 15:55:00.162688,731603,6.95,6.94,602456,253298,-2697,47574
1171,F,2020-08-06,0 days 15:55:02.168215,734300,6.95,6.94,617856,407198,5440,-2697
1172,F,2020-08-06,0 days 15:59:05.756871,1005420,6.93,6.92,303825,888682,-25312,50339
1173,F,2020-08-06,0 days 15:59:06.759616,990032,6.93,6.92,293925,882782,8372,-25312
1174,F,2020-08-06,0 days 15:59:22.798473,931921,6.93,6.92,164376,1014141,52483,-99185
1175,F,2020-08-06,0 days 15:59:34.826211,984404,6.94,6.93,756227,614057,-8917,52483
1176,FCAU,2020-08-06,0 days 15:56:02.240253,45920,11.1,11.09,46481,21602,-335,18
1177,FCAU,2020-08-06,0 days 15:56:03.243030,43155,11.1,11.09,46681,21602,2765,-335
1178,FCAU,2020-08-06,0 days 15:58:33.606504,47471,11.09,11.08,43082,32268,-983,2117
1179,FCAU,2020-08-06,0 days 15:58:34.608649,45054,11.09,11.08,44875,30931,2417,-983
1180,FCAU,2020-08-06,0 days 15:58:47.639829,47471,11.09,11.08,43273,32171,-6593,2417
1181,FCAU,2020-08-06,0 days 15:58:48.643016,31264,11.09,11.08,44124,31671,16207,-6593
1182,FCAU,2020-08-06,0 days 15:59:01.674284,47471,11.09,11.08,36809,40179,-8059,10641
1183,FCAU,2020-08-06,0 days 15:59:02.676857,46530,11.09,11.08,34312,39879,915,-8059
1184,FCAU,2020-08-06,0 days 15:59:46.784511,46855,11.1,11.09,39317,52022,1364,-6017
1185,FCX,2020-08-06,0 days 15:55:00.103221,1250686,14.58,14.57,34864,45272,-21192,201548
1186,FCX,2020-08-06,0 days 15:55:56.238411,1299572,14.57,14.56,65735,26841,1163,-3642
1187,FCX,2020-08-06,0 days 15:55:57.241406,1284735,14.57,14.56,64635,29841,-14837,1163
1188,FCX,2020-08-06,0 days 15:59:00.689231,1348096,14.57,14.56,43698,60545,84548,-15386
1189,FCX,2020-08-06,0 days 15:59:01.687586,1334344,14.58,14.57,12765,74160,-13752,84548
1190,FCX,2020-08-06,0 days 15:59:42.788427,1610271,14.56,14.55,64488,22961,11590,-12917
1191,FCX,2020-08-06,0 days 15:59:43.790467,1600461,14.56,14.55,64738,21174,-9810,11590
1192,FCX,2020-08-06,0 days 15:59:47.798953,1619686,14.56,14.55,63998,21298,18030,-1654
1193,FCX,2020-08-06,0 days 15:59:48.799561,1617581,14.58,14.57,29631,56925,-83387,18030
1194,FE,2020-08-06,0 days 15:59:09.782183,244079,29.12,29.11,3305,7420,5419,-6632
1195,FE,2020-08-06,0 days 15:59:22.811814,250938,29.14,29.13,165,5098,5951,-22047
1196,FE,2020-08-06,0 days 15:59:23.814537,234419,29.15,29.14,2720,1046,-16519,5951
1197,FE,2020-08-06,0 days 15:59:35.844639,250938,29.14,29.13,565,8489,16055,-6211
1198,FHN,2020-08-06,0 days 15:56:49.366535,236998,9.34,9.33,4913,62799,1064,-4236
1199,FHN,2020-08-06,0 days 15:56:50.369541,227362,9.34,9.33,6313,62839,-9636,1064
1200,FHN,2020-08-06,0 days 15:57:45.501510,237761,9.34,9.33,12681,58822,937,-1363
1201,FHN,2020-08-06,0 days 15:57:46.503767,229998,9.34,9.33,10384,59344,-7763,937
1202,FHN,2020-08-06,0 days 15:58:45.648578,239510,9.34,9.33,40220,13829,4415,-8038
1203,FHN,2020-08-06,0 days 15:58:46.652298,234425,9.34,9.33,39679,14629,-4985,4415
1204,FHN,2020-08-06,0 days 15:59:16.724475,246317,9.34,9.33,7460,58693,12916,-8082
1205,FHN,2020-08-06,0 days 15:59:17.726303,217833,9.34,9.33,7262,58293,-21784,12916
1206,FHN,2020-08-06,0 days 15:59:46.798033,268354,9.36,9.35,59701,14659,-7113,22024
1207,FIS,2020-08-06,0 days 15:55:00.089504,191453,146.62,146.6,300,200,3284,-18352
1208,FIS,2020-08-06,0 days 15:55:01.092464,188937,146.6,146.58,500,400,-2516,3284
1209,FIS,2020-08-06,0 days 15:57:37.469196,239715,146.42,146.41,350,301,248,-1352
1210,FIS,2020-08-06,0 days 15:57:38.471449,233663,146.42,146.41,250,330,-6052,248
1211,FIS,2020-08-06,0 days 15:58:18.569765,239861,146.51,146.5,300,443,1224,-3886
1212,FIS,2020-08-06,0 days 15:58:19.571926,234585,146.52,146.5,5229,513,-5276,1224
1213,FIS,2020-08-06,0 days 15:58:37.615741,231214,146.54,146.53,600,907,-4340,360
1214,FIS,2020-08-06,0 days 15:59:05.683826,254138,146.64,146.62,492,406,37363,-4448
1215,FIS,2020-08-06,0 days 15:59:06.686479,251601,146.71,146.68,900,604,-4190,37363
1216,FIS,2020-08-06,0 days 15:59:10.696052,254749,146.71,146.69,200,705,8579,-2442
1217,FIS,2020-08-06,0 days 15:59:11.698529,254028,146.71,146.68,219,1262,-663,8579
1218,FIS,2020-08-06,0 days 15:59:19.718282,256349,146.72,146.7,290,200,303,-863
1219,FIS,2020-08-06,0 days 15:59:20.720770,255552,146.73,146.7,300,803,-797,303
1220,FIS,2020-08-06,0 days 15:59:21.723018,256349,146.74,146.72,200,498,3955,-797
1221,FIS,2020-08-06,0 days 15:59:24.730131,260064,146.78,146.76,1200,1294,-1305,5195
1222,FIS,2020-08-06,0 days 15:59:45.781405,264373,146.78,146.77,600,411,3630,-896
1223,FIS,2020-08-06,0 days 15:59:56.806830,264249,147.01,147.0,721,255,-8031,1776
1224,FIT,2020-08-06,0 days 15:57:06.467935,143757,6.52,6.51,13299,24991,-13355,18799
1225,FL,2020-08-06,0 days 15:55:31.165405,78126,27.0,26.99,1929,2627,-3306,1494
1226,FL,2020-08-06,0 days 15:57:08.399486,92624,26.97,26.96,3140,1969,676,-629
1227,FL,2020-08-06,0 days 15:57:09.403490,92100,26.97,26.96,2776,2328,-524,676
1228,FL,2020-08-06,0 days 15:57:36.466774,91800,26.95,26.94,6910,1333,-824,276
1229,FL,2020-08-06,0 days 15:57:59.522747,92950,26.95,26.94,5911,8349,50,-650
1230,FL,2020-08-06,0 days 15:58:00.525811,91657,26.95,26.94,5711,8949,-1293,50
1231,FL,2020-08-06,0 days 15:58:28.594108,93650,26.95,26.94,14039,6637,836,-3957
1232,FL,2020-08-06,0 days 15:58:29.596445,92986,26.95,26.94,13100,7528,-664,836
1233,FL,2020-08-06,0 days 15:58:38.618502,94088,26.96,26.95,2435,633,-762,738
