,Symbol,Timestamp,TIME,iPaired,Ask_P,Bid_P,Ask_S,Bid_S,iShares,PreviShares
0,ABBV,2020-10-15,0 days 15:55:00.917032,400134,85.28,85.27,100,249,61559,-53078
1,ABBV,2020-10-15,0 days 15:55:19.916215,410969,85.34,85.33,300,100,-473,876
2,ABBV,2020-10-15,0 days 15:55:20.916265,410142,85.32,85.31,790,100,1927,-473
3,ABBV,2020-10-15,0 days 15:55:34.916972,414418,85.33,85.31,300,1100,-19600,1793
4,ABBV,2020-10-15,0 days 15:56:28.918487,446258,85.36,85.34,1601,800,2266,-2540
5,ABBV,2020-10-15,0 days 15:56:29.918792,443808,85.36,85.34,1501,800,-2450,2266
6,ABBV,2020-10-15,0 days 15:56:55.919188,446258,85.29,85.27,767,500,162,-938
7,ABBV,2020-10-15,0 days 15:56:59.919127,448722,85.29,85.28,1600,200,-4369,1081
8,ABBV,2020-10-15,0 days 15:57:33.920478,454789,85.27,85.26,769,800,1062,-2554
9,ABBV,2020-10-15,0 days 15:57:34.920450,453972,85.28,85.26,1348,1500,-817,1062
10,ABBV,2020-10-15,0 days 15:57:56.921825,460338,85.26,85.25,422,337,-1551,3583
11,ABBV,2020-10-15,0 days 15:59:05.925700,494554,85.27,85.25,700,600,20210,-2451
12,ABBV,2020-10-15,0 days 15:59:22.922555,611874,85.24,85.22,100,300,-3355,912
13,ABBV,2020-10-15,0 days 15:59:26.922994,615229,85.24,85.22,200,203,246,-2754
14,ABBV,2020-10-15,0 days 15:59:40.922368,625389,85.21,85.2,300,400,37194,-4146
15,ABBV,2020-10-15,0 days 15:59:43.922575,603273,85.24,85.22,300,800,-23443,37347
16,ABBV,2020-10-15,0 days 15:59:46.923053,627646,85.24,85.22,100,100,10713,-2366
17,ABBV,2020-10-15,0 days 15:59:47.922668,626059,85.25,85.23,100,100,-15331,10713
18,ABEV,2020-10-15,0 days 15:55:00.237660,47961,2.44,2.43,164193,605210,5530,-3974
19,ABEV,2020-10-15,0 days 15:55:28.239296,53491,2.44,2.43,289030,670022,-170,1930
20,ABEV,2020-10-15,0 days 15:59:36.248515,78714,2.43,2.42,1034636,440599,2278,-11722
21,ABT,2020-10-15,0 days 15:55:43.239750,364076,107.06,107.03,831,200,8542,-6458
22,ABT,2020-10-15,0 days 15:55:44.239273,359118,107.06,107.03,731,453,-5038,8542
23,ABT,2020-10-15,0 days 15:57:58.244641,369349,106.97,106.95,314,639,-3029,1671
24,ABT,2020-10-15,0 days 15:58:26.246015,376909,106.96,106.94,500,400,-835,965
25,ABT,2020-10-15,0 days 15:59:00.250507,384036,107.05,107.03,300,213,5064,-7936
26,ABT,2020-10-15,0 days 15:59:01.248356,380100,107.05,107.03,200,800,-3936,5064
27,ABT,2020-10-15,0 days 15:59:06.249018,474556,107.19,107.14,200,890,57761,-457
28,ACB,2020-10-15,0 days 15:59:02.260373,15480,4.3,4.29,31784,2854,-2844,3861
29,ACB,2020-10-15,0 days 15:59:36.249424,20018,4.3,4.29,13495,31705,3682,-4518
30,ACB,2020-10-15,0 days 15:59:37.249604,19700,4.3,4.29,12695,31705,-318,3682
31,ACI,2020-10-15,0 days 15:59:10.248941,28817,14.32,14.31,700,617,-460,858
32,ADM,2020-10-15,0 days 15:56:34.233043,199271,49.92,49.91,840,1559,6603,-3197
33,ADM,2020-10-15,0 days 15:56:35.233777,197074,49.93,49.92,2302,925,-2197,6603
34,ADM,2020-10-15,0 days 15:57:10.232664,199271,49.9,49.89,1919,357,2273,-10
35,ADM,2020-10-15,0 days 15:57:11.232880,197644,49.9,49.89,1919,257,-1627,2273
36,ADM,2020-10-15,0 days 15:58:46.237651,209596,49.9,49.89,2893,1396,5502,-3110
37,ADM,2020-10-15,0 days 15:58:47.238754,206998,49.9,49.89,3193,1246,-1410,5502
38,ADM,2020-10-15,0 days 15:59:00.241222,210925,49.89,49.88,841,2971,6113,-868
39,ADM,2020-10-15,0 days 15:59:01.239271,208238,49.9,49.89,2101,1053,-1499,6113
40,ADM,2020-10-15,0 days 15:59:05.239995,212326,49.92,49.91,3440,100,4499,-2368
41,ADM,2020-10-15,0 days 15:59:44.241089,229215,49.96,49.95,2566,800,1243,-2038
42,ADM,2020-10-15,0 days 15:59:45.241730,230958,49.96,49.94,2633,3322,-206,1243
43,ADM,2020-10-15,0 days 15:59:46.241317,234931,49.96,49.95,978,290,3464,-206
44,AEO,2020-10-15,0 days 15:55:00.211961,86401,15.33,15.32,10060,3237,-895,2279
45,AEO,2020-10-15,0 days 15:56:05.213446,88369,15.33,15.32,7412,3684,1047,-1553
46,AEO,2020-10-15,0 days 15:56:06.213554,87416,15.33,15.32,7361,3978,-953,1047
47,AEO,2020-10-15,0 days 15:56:08.214024,91869,15.33,15.32,6751,4777,647,-953
48,AEO,2020-10-15,0 days 15:56:09.214079,90816,15.33,15.32,6638,4877,-1053,647
49,AEO,2020-10-15,0 days 15:56:10.214156,99869,15.33,15.32,6438,5155,847,-1053
50,AEO,2020-10-15,0 days 15:57:10.215534,103444,15.36,15.35,7569,1327,-702,538
51,AEO,2020-10-15,0 days 15:57:11.215351,102346,15.36,15.35,5506,3000,1098,-702
52,AEO,2020-10-15,0 days 15:57:22.215929,86044,15.36,15.35,2640,8306,-18702,1298
53,AEO,2020-10-15,0 days 15:57:27.216207,92446,15.36,15.35,5190,5700,1398,-602
54,AEO,2020-10-15,0 days 15:57:28.216327,91844,15.36,15.35,4540,6300,-602,1398
55,AEO,2020-10-15,0 days 15:59:36.223022,116601,15.37,15.36,12646,3118,-2326,2874
56,AEO,2020-10-15,0 days 15:59:37.223999,116427,15.37,15.36,12411,2818,174,-2326
57,AES,2020-10-15,0 days 15:59:15.240322,458397,19.9,19.89,3240,16709,30710,-7643
58,AES,2020-10-15,0 days 15:59:16.239722,442807,19.9,19.89,3040,19009,-9850,30710
59,AFL,2020-10-15,0 days 15:56:36.253185,234484,37.26,37.25,2200,2266,261,-1139
60,AFL,2020-10-15,0 days 15:57:01.254838,229728,37.24,37.23,3682,1444,-4756,261
61,AFL,2020-10-15,0 days 15:57:35.255301,234484,37.22,37.21,2037,1230,244,-2656
62,AFL,2020-10-15,0 days 15:57:38.255116,229228,37.22,37.21,1265,3092,-5256,244
63,AFL,2020-10-15,0 days 15:57:41.255450,234484,37.2,37.19,1764,1905,1244,-3056
64,AFL,2020-10-15,0 days 15:57:42.256218,230728,37.2,37.19,1538,3560,-3756,1244
65,AFL,2020-10-15,0 days 15:57:49.255837,234484,37.2,37.19,3265,541,244,-756
66,AFL,2020-10-15,0 days 15:57:51.255881,231128,37.2,37.19,4665,218,-3356,1044
67,AFL,2020-10-15,0 days 15:59:01.260493,236301,37.22,37.21,3018,903,4829,-271
68,AFL,2020-10-15,0 days 15:59:15.259146,237481,37.24,37.23,3100,500,9619,-1650
69,AFL,2020-10-15,0 days 15:59:16.248446,236304,37.24,37.23,3000,600,-1177,9619
70,AFL,2020-10-15,0 days 15:59:22.249139,237200,37.23,37.22,3855,741,-553,1347
71,AFL,2020-10-15,0 days 15:59:45.250322,237753,37.23,37.22,2426,1002,332,-1373
72,AG,2020-10-15,0 days 15:55:00.232585,28122,10.71,10.7,25856,2446,-2950,7781
73,AG,2020-10-15,0 days 15:56:00.232474,31302,10.71,10.7,17445,15917,819,-1751
74,AG,2020-10-15,0 days 15:59:01.239183,44910,10.71,10.7,26400,9874,-6667,11132
75,AG,2020-10-15,0 days 15:59:38.239630,45022,10.71,10.7,27683,14698,-8992,608
76,AG,2020-10-15,0 days 15:59:39.240904,44414,10.71,10.7,30183,14398,608,-8992
77,AGI,2020-10-15,0 days 15:55:59.917700,20599,8.86,8.85,2902,36110,299,-3671
78,AGI,2020-10-15,0 days 15:59:37.923228,31786,8.85,8.84,40642,6077,-6028,272
79,AGI,2020-10-15,0 days 15:59:38.923406,31514,8.85,8.84,40042,5677,272,-6028
80,AIG,2020-10-15,0 days 15:59:15.240435,315555,29.98,29.97,4698,100,22029,-186
81,ALK,2020-10-15,0 days 15:59:43.922515,103871,38.08,38.07,200,100,926,-474
82,ALK,2020-10-15,0 days 15:59:46.923016,102169,38.09,38.07,600,700,-2700,5198
83,ALL,2020-10-15,0 days 15:55:31.232050,122609,91.7,91.68,100,100,545,-1155
84,ALL,2020-10-15,0 days 15:55:32.233128,121354,91.71,91.68,554,317,-1255,545
85,ALL,2020-10-15,0 days 15:55:45.231747,122621,91.69,91.67,544,405,525,-560
86,ALL,2020-10-15,0 days 15:55:46.232216,121546,91.7,91.68,100,100,-1075,525
87,ALL,2020-10-15,0 days 15:57:00.234207,126136,91.69,91.67,358,162,619,-1481
88,ALL,2020-10-15,0 days 15:57:01.233921,124893,91.7,91.68,100,100,-1243,619
89,ALL,2020-10-15,0 days 15:57:34.234111,126136,91.77,91.74,204,345,257,-843
90,ALL,2020-10-15,0 days 15:57:35.234025,125493,91.76,91.74,206,345,-643,257
91,ALL,2020-10-15,0 days 15:59:00.241002,135810,91.73,91.69,200,443,985,-2038
92,ALL,2020-10-15,0 days 15:59:01.239046,134770,91.75,91.71,304,304,-1053,985
93,ALL,2020-10-15,0 days 15:59:30.241896,188931,91.65,91.63,100,300,42,-1558
94,ALL,2020-10-15,0 days 15:59:34.239623,185759,91.71,91.65,700,984,-4469,12128
95,ALLY,2020-10-15,0 days 15:55:00.212481,242844,27.79,27.78,1844,4440,-10303,34421
96,ALLY,2020-10-15,0 days 15:56:49.215104,275390,27.79,27.78,3481,3330,308,-5492
97,ALLY,2020-10-15,0 days 15:57:02.215562,268781,27.78,27.77,4933,4164,-6609,591
98,ALLY,2020-10-15,0 days 15:59:32.223939,427818,27.82,27.81,300,11746,8280,-3620
99,ALLY,2020-10-15,0 days 15:59:46.224994,429777,27.85,27.84,2600,7577,5121,-5979
100,ALLY,2020-10-15,0 days 15:59:48.224267,434898,27.85,27.84,1800,7753,-7940,5121
101,ALLY,2020-10-15,0 days 15:59:49.224941,430438,27.85,27.84,2500,8478,4460,-7940
102,AM,2020-10-15,0 days 15:55:00.237015,97093,6.43,6.41,3264,14458,10616,-18568
103,AM,2020-10-15,0 days 15:55:08.237161,110509,6.42,6.41,11321,10826,-7084,10616
104,AM,2020-10-15,0 days 15:55:09.236385,109193,6.42,6.41,10721,11036,1316,-7084
105,AM,2020-10-15,0 days 15:57:49.241951,113618,6.43,6.42,5509,14926,-515,85
106,AM,2020-10-15,0 days 15:57:50.241986,112333,6.43,6.42,5509,13376,1285,-515
107,AM,2020-10-15,0 days 15:58:10.243367,113618,6.43,6.42,5401,14476,-1815,785
108,AM,2020-10-15,0 days 15:58:11.243399,112333,6.43,6.42,4564,14576,1285,-1815
109,AMCR,2020-10-15,0 days 15:59:34.249118,677674,11.46,11.45,8290,29414,-1063,12512
110,AMCR,2020-10-15,0 days 15:59:47.250221,665088,11.47,11.46,14062,15480,5014,-25786
111,AMT,2020-10-15,0 days 15:59:01.239284,120519,239.62,239.48,400,100,4821,-1137
112,AMT,2020-10-15,0 days 15:59:02.239011,119090,239.59,239.51,100,407,-1429,4821
113,AMT,2020-10-15,0 days 15:59:31.240711,125600,239.57,239.42,650,100,96,-2804
114,AMT,2020-10-15,0 days 15:59:32.240461,124122,239.56,239.44,400,400,-1478,96
115,AMT,2020-10-15,0 days 15:59:46.241358,125600,239.67,239.55,700,100,4737,-1061
116,AMT,2020-10-15,0 days 15:59:47.241368,125337,239.64,239.55,400,100,-877,4737
117,AMWL,2020-10-15,0 days 15:55:15.240107,9354,34.19,34.05,200,1032,-39,361
118,AMWL,2020-10-15,0 days 15:55:16.240252,9093,34.19,34.06,427,193,261,-39
119,AMWL,2020-10-15,0 days 15:59:06.249819,10174,34.05,33.99,624,770,-205,95
120,ASAN,2020-10-15,0 days 15:59:06.249057,6726,24.0,23.89,2050,344,-287,154
121,ASAN,2020-10-15,0 days 15:59:07.249843,6613,24.0,23.89,3250,444,113,-287
122,ASAN,2020-10-15,0 days 15:59:11.248424,6726,24.0,23.81,2050,1100,-328,154
123,ASAN,2020-10-15,0 days 15:59:30.250185,6726,24.0,23.96,1650,400,-828,113
124,ATUS,2020-10-15,0 days 15:55:00.211295,96696,28.5,28.49,5505,2919,21914,-6505
125,ATUS,2020-10-15,0 days 15:56:03.213658,123575,28.5,28.49,21187,6407,-14191,10809
126,ATUS,2020-10-15,0 days 15:56:21.214706,139228,28.5,28.49,4777,6390,147,-2653
127,ATUS,2020-10-15,0 days 15:56:22.214119,138075,28.5,28.49,3877,6832,-1153,147
128,ATUS,2020-10-15,0 days 15:56:30.214061,134830,28.49,28.48,6252,2401,3245,-1255
129,ATUS,2020-10-15,0 days 15:56:31.214665,134075,28.49,28.48,5452,2501,-755,3245
130,ATUS,2020-10-15,0 days 15:56:42.214734,138675,28.45,28.44,8406,589,-655,5345
131,ATUS,2020-10-15,0 days 15:57:00.216821,138475,28.42,28.41,1399,5239,-256,844
132,ATUS,2020-10-15,0 days 15:57:38.216821,135375,28.42,28.41,9307,568,-3356,44
133,ATUS,2020-10-15,0 days 15:58:08.218739,138970,28.41,28.4,3552,4846,-516,3239
134,ATUS,2020-10-15,0 days 15:58:30.220034,148091,28.4,28.39,13294,3508,2479,-1221
135,ATUS,2020-10-15,0 days 15:58:31.220056,147970,28.4,28.39,16052,2886,-121,2479
136,ATUS,2020-10-15,0 days 15:59:01.221664,145323,28.4,28.39,15998,5370,7723,-2083
137,ATUS,2020-10-15,0 days 15:59:42.223416,156363,28.44,28.43,5600,2849,-139,1598
138,AUY,2020-10-15,0 days 15:59:36.251520,134059,6.03,6.02,128814,244972,-6457,10343
139,AVTR,2020-10-15,0 days 15:55:09.239390,357596,24.09,24.08,745,749,4968,-1549
140,AVTR,2020-10-15,0 days 15:55:10.238346,355964,24.09,24.08,698,549,-1632,4968
141,AVTR,2020-10-15,0 days 15:56:28.242058,358416,24.08,24.07,1132,2620,5209,-1191
142,AVTR,2020-10-15,0 days 15:56:29.241067,357825,24.09,24.08,228,1862,-591,5209
143,AVTR,2020-10-15,0 days 15:57:06.241817,359725,24.06,24.05,1256,519,-760,140
144,AVTR,2020-10-15,0 days 15:57:37.244127,359571,24.04,24.03,1968,422,154,-346
145,AVTR,2020-10-15,0 days 15:58:11.246565,366992,24.08,24.07,1386,403,318,-1482
146,AVTR,2020-10-15,0 days 15:58:12.246050,370510,24.08,24.07,1586,204,-2000,318
147,AVTR,2020-10-15,0 days 15:58:21.246389,373537,24.08,24.07,330,1498,1102,-1971
148,AVTR,2020-10-15,0 days 15:58:22.247706,371439,24.08,24.07,330,1498,-2098,1102
149,AVTR,2020-10-15,0 days 15:58:23.247152,373537,24.08,24.07,330,1498,102,-2098
150,AVTR,2020-10-15,0 days 15:58:26.247372,371439,24.08,24.07,549,1734,-2098,4302
151,AVTR,2020-10-15,0 days 15:58:46.247779,372921,24.06,24.05,440,850,-2216,384
152,AVTR,2020-10-15,0 days 15:58:56.247846,375137,24.05,24.04,281,1100,4269,-2131
153,AVTR,2020-10-15,0 days 15:58:57.247264,373506,24.05,24.04,100,1635,-1631,4269
154,AVTR,2020-10-15,0 days 15:59:22.248945,394700,24.04,24.02,408,608,2805,-1085
155,AVTR,2020-10-15,0 days 15:59:23.250046,393005,24.04,24.02,100,408,-1695,2805
156,AVTR,2020-10-15,0 days 15:59:38.250298,395280,24.04,24.03,908,348,289,-1911
157,AVTR,2020-10-15,0 days 15:59:44.251107,394413,24.03,24.02,1908,908,-867,2233
158,AVTR,2020-10-15,0 days 15:59:46.251925,396003,24.03,24.02,1720,808,825,-1590
159,AVTR,2020-10-15,0 days 15:59:48.251497,395437,24.04,24.02,2207,808,-566,825
160,AXP,2020-10-15,0 days 15:55:57.409983,146820,104.23,104.22,201,300,109,-428
161,AXP,2020-10-15,0 days 15:56:15.410421,146900,104.28,104.26,600,100,3853,-32
162,AXP,2020-10-15,0 days 15:57:00.411609,150653,104.29,104.27,404,600,501,-499
163,AXP,2020-10-15,0 days 15:58:04.414697,147917,104.38,104.36,300,639,-2867,2491
164,AXP,2020-10-15,0 days 15:58:12.415140,152080,104.32,104.3,200,100,1102,-256
165,AXP,2020-10-15,0 days 15:59:21.417329,161367,104.38,104.36,100,300,1039,-3269
166,AXP,2020-10-15,0 days 15:59:30.418349,163021,104.37,104.36,722,100,16,-315
167,AXP,2020-10-15,0 days 15:59:32.418860,162448,104.41,104.39,100,870,-687,16
168,AXP,2020-10-15,0 days 15:59:44.418464,163874,104.4,104.38,100,500,6561,-639
169,AXTA,2020-10-15,0 days 15:55:44.238037,226388,25.62,25.61,1600,1251,-3438,762
170,AXTA,2020-10-15,0 days 15:55:45.237865,233416,25.62,25.61,1700,1151,1572,-3438
171,AXTA,2020-10-15,0 days 15:56:56.239815,233541,25.6,25.59,501,1900,2448,-852
172,AXTA,2020-10-15,0 days 15:56:57.240302,232989,25.6,25.59,2089,700,-552,2448
173,AXTA,2020-10-15,0 days 15:57:19.240922,233541,25.6,25.59,100,3338,1093,-507
174,AXTA,2020-10-15,0 days 15:57:20.240847,233134,25.61,25.6,2073,1760,-407,1093
175,AXTA,2020-10-15,0 days 15:57:47.242223,233541,25.61,25.6,2338,2688,1193,-307
176,AXTA,2020-10-15,0 days 15:57:48.241860,233534,25.61,25.6,2481,2088,-307,1193
177,AXTA,2020-10-15,0 days 15:58:07.242735,237753,25.62,25.61,300,2761,1080,-1556
178,AXTA,2020-10-15,0 days 15:58:23.243768,238353,25.64,25.63,2441,822,827,-373
179,AXTA,2020-10-15,0 days 15:58:24.243735,237380,25.64,25.63,2441,822,-973,827
180,AXTA,2020-10-15,0 days 15:59:46.248460,288295,25.61,25.6,2571,1458,-918,14600
181,AXTA,2020-10-15,0 days 15:59:48.248430,286613,25.61,25.6,3171,1054,4529,-918
182,BA,2020-10-15,0 days 15:59:11.222802,152085,164.2,164.18,100,100,-1874,3126
183,BA,2020-10-15,0 days 15:59:12.222364,149259,164.17,164.13,300,200,7826,-1874
184,BA,2020-10-15,0 days 15:59:29.222474,149700,164.17,164.13,300,172,7690,-3110
185,BA,2020-10-15,0 days 15:59:37.224010,152190,164.2,164.18,100,100,-2532,1768
186,BA,2020-10-15,0 days 15:59:38.223426,150322,164.16,164.13,456,853,6868,-2532
187,BA,2020-10-15,0 days 15:59:39.223800,152190,164.2,164.18,100,400,-15427,6868
188,BA,2020-10-15,0 days 15:59:40.224380,138322,164.2,164.17,100,757,18168,-15427
189,BA,2020-10-15,0 days 15:59:43.223624,150920,164.21,164.17,141,945,139,-14730
190,BA,2020-10-15,0 days 15:59:46.224902,151988,164.21,164.19,1135,100,-5019,139
191,BA,2020-10-15,0 days 15:59:47.224778,151007,164.22,164.19,1190,500,981,-5019
192,BABA,2020-10-15,0 days 15:55:24.915610,262176,298.79,298.75,532,100,311,-5489
193,BABA,2020-10-15,0 days 15:59:07.926825,304734,299.47,299.37,200,100,-10044,5494
194,BABA,2020-10-15,0 days 15:59:18.922128,304884,299.49,299.45,100,300,250,-150
195,BABA,2020-10-15,0 days 15:59:19.921712,305134,299.49,299.45,100,300,-150,250
196,BABA,2020-10-15,0 days 15:59:20.922039,305084,299.5,299.45,500,200,50,-150
197,BABA,2020-10-15,0 days 15:59:23.921586,304934,299.68,299.51,201,300,-82,118
198,BABA,2020-10-15,0 days 15:59:38.922991,305651,299.58,299.52,275,600,459,-7841
199,BABA,2020-10-15,0 days 15:59:39.923414,306111,299.58,299.53,214,500,-8240,459
200,BABA,2020-10-15,0 days 15:59:40.922158,305751,299.58,299.5,163,600,460,-8240
201,BABA,2020-10-15,0 days 15:59:41.922458,307611,299.58,299.54,100,100,-6873,460
202,BABA,2020-10-15,0 days 15:59:45.923850,305851,299.6,299.5,230,200,3526,-6490
203,BABA,2020-10-15,0 days 15:59:46.922720,311514,299.61,299.55,200,100,-5970,3526
204,BABA,2020-10-15,0 days 15:59:50.923473,305851,299.59,299.52,400,600,7438,-1395
205,BAC,2020-10-15,0 days 15:55:00.236605,2517058,24.1,24.09,19398,78951,41934,-25092
206,BAC,2020-10-15,0 days 15:55:01.236337,2497392,24.1,24.09,35598,78751,-5728,41934
207,BAC,2020-10-15,0 days 15:55:23.237687,2534680,24.12,24.11,35331,73703,51149,-35951
208,BAC,2020-10-15,0 days 15:55:24.237876,2498729,24.11,24.1,40006,69625,-23846,51149
209,BAC,2020-10-15,0 days 15:56:56.239830,2631233,24.13,24.12,38849,81069,22344,-6498
210,BAC,2020-10-15,0 days 15:57:25.241351,2604597,24.11,24.1,56266,46987,6780,-5325
211,BAC,2020-10-15,0 days 15:57:26.241174,2565077,24.11,24.1,72102,46987,-39520,6780
212,BB,2020-10-15,0 days 15:59:36.250186,76749,5.16,5.15,22321,125607,12422,-17076
213,BBD,2020-10-15,0 days 15:57:37.255301,269955,3.67,3.66,620444,173236,1271,-529
214,BBD,2020-10-15,0 days 15:59:08.261079,294508,3.67,3.66,858108,56791,-49440,15070
215,BBD,2020-10-15,0 days 15:59:36.249424,445420,3.67,3.66,1005043,17082,81109,-121591
216,BBD,2020-10-15,0 days 15:59:42.249749,434529,3.66,3.65,622922,635509,-6091,15209
217,BBD,2020-10-15,0 days 15:59:46.250767,440620,3.66,3.65,500870,652097,25809,-6091
218,BBD,2020-10-15,0 days 15:59:47.250460,436129,3.66,3.65,500722,652097,-4491,25809
219,BEN,2020-10-15,0 days 15:55:25.212834,114760,23.62,23.61,3914,8974,568,-832
220,BEN,2020-10-15,0 days 15:55:27.212988,114128,23.62,23.61,2911,10513,-632,468
221,BEN,2020-10-15,0 days 15:56:57.215464,117308,23.64,23.63,4149,6563,1474,-726
222,BEN,2020-10-15,0 days 15:56:58.215325,116582,23.64,23.63,4654,6163,-726,1474
223,BEN,2020-10-15,0 days 15:57:07.215299,117308,23.64,23.63,5160,4042,774,-726
224,BEN,2020-10-15,0 days 15:57:08.215463,116682,23.64,23.63,5160,4117,-626,774
225,BEN,2020-10-15,0 days 15:57:28.216280,117308,23.64,23.63,7089,1496,1374,-626
226,BEN,2020-10-15,0 days 15:57:29.216434,114082,23.64,23.63,6509,2089,-3226,1374
227,BEN,2020-10-15,0 days 15:58:42.220957,122902,23.63,23.62,3559,4326,968,-732
228,BEN,2020-10-15,0 days 15:58:43.220372,122270,23.63,23.62,3559,4426,-632,968
229,BEN,2020-10-15,0 days 15:59:19.222044,135804,23.63,23.62,3028,2575,904,-2496
230,BEN,2020-10-15,0 days 15:59:20.222512,134508,23.63,23.62,500,6375,-314,904
231,BEN,2020-10-15,0 days 15:59:47.224707,133634,23.63,23.62,8400,1671,-888,3812
232,BEST,2020-10-15,0 days 15:58:53.248076,30002,2.67,2.66,3351,13255,1233,-1592
233,BEST,2020-10-15,0 days 15:58:54.248336,28635,2.67,2.66,3101,13255,-1367,1233
234,BEST,2020-10-15,0 days 15:59:00.250798,30002,2.67,2.66,3001,13255,833,-1367
235,BEST,2020-10-15,0 days 15:59:01.249267,29135,2.67,2.66,2501,13255,-867,833
236,BEST,2020-10-15,0 days 15:59:11.249921,30002,2.67,2.66,3444,11955,2342,-1067
237,BEST,2020-10-15,0 days 15:59:12.249934,29344,2.67,2.66,3344,11955,-658,2342
238,BEST,2020-10-15,0 days 15:59:22.249874,30002,2.67,2.66,3801,13811,2226,-658
239,BEST,2020-10-15,0 days 15:59:23.250241,29528,2.67,2.66,3551,13411,-474,2226
240,BHC,2020-10-15,0 days 15:55:00.917677,58223,17.43,17.42,3620,825,-7658,6443
241,BHC,2020-10-15,0 days 15:55:01.915259,57581,17.43,17.42,4525,1224,642,-7658
242,BHC,2020-10-15,0 days 15:55:36.916903,58223,17.43,17.42,4526,2987,-136,295
243,BHC,2020-10-15,0 days 15:55:37.917049,57659,17.43,17.42,4783,3088,565,-136
244,BHC,2020-10-15,0 days 15:56:07.918110,58972,17.42,17.41,758,4527,-1364,36
245,BHC,2020-10-15,0 days 15:56:08.917917,57736,17.42,17.41,858,4627,736,-1364
246,BHC,2020-10-15,0 days 15:56:10.918035,58972,17.42,17.41,768,4027,-1464,736
247,BHC,2020-10-15,0 days 15:59:37.923237,62513,17.36,17.35,2644,5391,-8872,528
248,BK,2020-10-15,0 days 15:55:00.916602,294781,37.14,37.13,1587,3671,-12195,14207
249,BK,2020-10-15,0 days 15:55:01.914776,294176,37.14,37.13,2855,2889,605,-12195
250,BK,2020-10-15,0 days 15:55:07.915210,300787,37.14,37.13,2210,5199,-5889,711
251,BK,2020-10-15,0 days 15:55:34.916911,311929,37.13,37.12,7239,2670,4531,-1406
252,BK,2020-10-15,0 days 15:56:08.917839,324654,37.14,37.13,1201,5128,-60,1135
253,BK,2020-10-15,0 days 15:56:09.917671,323714,37.14,37.13,1601,4818,940,-60
254,BK,2020-10-15,0 days 15:57:41.921034,354963,37.15,37.14,4761,4078,3548,-752
255,BK,2020-10-15,0 days 15:58:18.923770,352449,37.13,37.12,3530,7468,-688,5012
256,BK,2020-10-15,0 days 15:58:20.923548,348337,37.13,37.12,5153,692,4112,-388
257,BK,2020-10-15,0 days 15:58:35.923679,350437,37.12,37.11,3220,1300,2012,-3188
258,BK,2020-10-15,0 days 15:59:03.925986,352144,37.12,37.11,609,3381,-4222,553
259,BK,2020-10-15,0 days 15:59:04.925637,350866,37.12,37.11,1988,2668,1478,-4222
260,BK,2020-10-15,0 days 15:59:05.925479,334142,37.13,37.12,4212,1700,-1524,1478
261,BK,2020-10-15,0 days 15:59:11.925234,438778,37.16,37.15,900,3686,7514,-2074
262,BK,2020-10-15,0 days 15:59:23.922696,462695,37.19,37.18,1200,3433,-370,7575
263,BK,2020-10-15,0 days 15:59:28.922966,455754,37.2,37.19,3300,736,6941,-14959
264,BK,2020-10-15,0 days 15:59:45.924095,474365,37.22,37.21,1000,3510,-4786,3302
265,BK,2020-10-15,0 days 15:59:48.923553,470401,37.22,37.21,2100,2110,2864,-11036
266,BKR,2020-10-15,0 days 15:55:34.409686,427043,13.44,13.43,10668,10300,-5996,3455
267,BKR,2020-10-15,0 days 15:55:35.409531,424868,13.44,13.43,9661,11800,2175,-5996
268,BKR,2020-10-15,0 days 15:56:05.410233,428879,13.45,13.44,10195,10858,-3397,3036
269,BKR,2020-10-15,0 days 15:56:06.410304,427176,13.45,13.44,8095,11158,1703,-3397
270,BKR,2020-10-15,0 days 15:56:08.410667,428879,13.45,13.44,6267,10658,-197,1703
271,BKR,2020-10-15,0 days 15:56:09.411011,427376,13.45,13.44,7467,11499,1503,-197
272,BKR,2020-10-15,0 days 15:58:03.414762,436568,13.45,13.44,8809,15388,1175,-2525
273,BKR,2020-10-15,0 days 15:58:07.415307,438543,13.45,13.44,8078,17188,-4125,1175
274,BKR,2020-10-15,0 days 15:58:08.415317,436568,13.45,13.44,7760,16731,1175,-4125
275,BKR,2020-10-15,0 days 15:58:25.415978,443396,13.45,13.44,8914,14031,-798,802
276,BKR,2020-10-15,0 days 15:58:27.416403,440994,13.45,13.44,12061,12503,1602,-1498
277,BKR,2020-10-15,0 days 15:59:04.418270,445184,13.47,13.46,4480,18884,-13045,916
278,BKR,2020-10-15,0 days 15:59:08.418334,521877,13.46,13.45,17630,3302,34029,-4493
279,BKR,2020-10-15,0 days 15:59:09.418828,520206,13.46,13.45,18858,1845,-1671,34029
280,BKR,2020-10-15,0 days 15:59:42.418528,524327,13.45,13.44,16145,6700,5198,-294
281,BKR,2020-10-15,0 days 15:59:43.419036,523425,13.45,13.44,3545,8778,-1002,5198
282,BMY,2020-10-15,0 days 15:59:15.222025,821919,60.43,60.42,1000,612,14732,-134827
283,BMY,2020-10-15,0 days 15:59:16.222232,811651,60.44,60.43,1000,1200,-10268,14732
284,BMY,2020-10-15,0 days 15:59:31.223599,844462,60.38,60.37,300,2300,-2990,84115
285,BMY,2020-10-15,0 days 15:59:33.223105,849284,60.41,60.4,400,2000,18055,-94855
286,BMY,2020-10-15,0 days 15:59:38.223371,755430,60.41,60.39,4333,1256,-93854,82246
287,BMY,2020-10-15,0 days 15:59:41.223352,847958,60.39,60.38,1106,1000,-1326,85546
288,BMY,2020-10-15,0 days 15:59:45.225315,849302,60.38,60.37,1863,2700,87017,-87638
289,BP,2020-10-15,0 days 15:55:46.249230,128675,16.43,16.42,62813,16834,1128,-132
290,BP,2020-10-15,0 days 15:59:36.251612,152808,16.44,16.43,61290,51725,-8787,10713
291,BP,2020-10-15,0 days 15:59:37.251533,152095,16.44,16.43,58661,50225,713,-8787
292,BRFS,2020-10-15,0 days 15:59:36.251520,30347,3.33,3.32,196025,6010,13606,-18394
293,BRK.B,2020-10-15,0 days 15:59:08.249345,348059,211.39,211.37,300,300,53827,-44487
294,BRK.B,2020-10-15,0 days 15:59:45.251695,388776,211.67,211.61,100,326,-5356,2970
295,BRK.B,2020-10-15,0 days 15:59:46.251938,395232,211.67,211.61,100,324,3265,-5356
296,BRX,2020-10-15,0 days 15:56:08.214043,258320,11.59,11.58,4664,7059,1332,-568
297,BRX,2020-10-15,0 days 15:56:09.214095,253352,11.59,11.58,4672,6859,-4968,1332
298,BRX,2020-10-15,0 days 15:56:34.214675,258320,11.59,11.58,6798,6811,2864,-5236
299,BRX,2020-10-15,0 days 15:56:35.214667,254084,11.59,11.58,6798,6811,-4236,2864
300,BSX,2020-10-15,0 days 15:56:19.240772,506553,39.03,39.02,8959,2610,358,-12127
301,BSX,2020-10-15,0 days 15:56:28.241304,501411,39.06,39.05,2406,4254,-5142,28358
302,BSX,2020-10-15,0 days 15:57:32.243310,506388,38.99,38.98,5277,1337,39,-261
303,BSX,2020-10-15,0 days 15:57:36.243313,503027,38.99,38.98,3777,2737,-3361,5139
304,BSX,2020-10-15,0 days 15:57:37.243426,506388,38.99,38.98,4777,2837,1639,-3361
305,BSX,2020-10-15,0 days 15:57:38.243203,503527,38.99,38.98,5877,1237,-2861,1639
306,BSX,2020-10-15,0 days 15:57:39.243315,506388,38.99,38.98,5878,1237,4139,-2861
307,BSX,2020-10-15,0 days 15:57:40.243549,504127,38.99,38.98,5978,1937,-2261,4139
308,BSX,2020-10-15,0 days 15:57:46.244031,506388,38.99,38.98,4378,2728,1540,-1960
309,BSX,2020-10-15,0 days 15:58:22.246408,506898,38.99,38.98,3676,3480,2521,-1079
310,BSX,2020-10-15,0 days 15:58:23.246559,506019,38.99,38.98,4977,1980,-879,2521
311,BSX,2020-10-15,0 days 15:58:25.246116,506898,38.99,38.98,5984,1532,8221,-879
312,BSX,2020-10-15,0 days 15:58:26.246087,505719,38.99,38.98,6184,1532,-1179,8221
313,BSX,2020-10-15,0 days 15:58:46.246471,506898,39.0,38.99,499,4127,2021,-379
314,BSX,2020-10-15,0 days 15:58:47.246917,505719,39.0,38.99,511,4559,-1179,2021
315,BSX,2020-10-15,0 days 15:58:49.246548,507176,39.0,38.99,2911,2085,3343,-1179
316,BSX,2020-10-15,0 days 15:58:50.246889,506019,39.0,38.99,3817,1917,-879,3343
317,BSX,2020-10-15,0 days 15:59:00.249024,507028,39.0,38.99,4970,600,1903,-672
318,BSX,2020-10-15,0 days 15:59:04.247610,511427,39.0,38.99,2900,1377,-482,971
319,BSX,2020-10-15,0 days 15:59:05.248467,509809,39.0,38.99,2400,3077,3109,-482
320,BSX,2020-10-15,0 days 15:59:07.248778,564018,38.99,38.98,2067,1400,-4116,3433
321,BSX,2020-10-15,0 days 15:59:15.248185,568169,39.0,38.99,2631,2105,46120,-4151
322,BTI,2020-10-15,0 days 15:59:46.253238,41319,33.85,33.84,5116,1572,3465,-135
323,BTI,2020-10-15,0 days 15:59:47.252666,40384,33.85,33.84,5116,872,-935,3465
324,BTU,2020-10-15,0 days 15:58:07.250646,32960,1.67,1.66,12250,6061,-7530,6362
325,BTU,2020-10-15,0 days 15:59:01.249956,41442,1.67,1.66,9631,10028,6036,-7864
326,BTU,2020-10-15,0 days 15:59:02.253633,40778,1.67,1.66,9518,10028,-457,6036
327,BTU,2020-10-15,0 days 15:59:24.246982,41235,1.67,1.66,7646,10981,1249,-147
328,BTU,2020-10-15,0 days 15:59:25.247239,40784,1.67,1.66,7546,10981,-451,1249
329,BTU,2020-10-15,0 days 15:59:37.247592,41235,1.67,1.66,15546,15381,5749,-451
330,BTU,2020-10-15,0 days 15:59:38.251029,37684,1.67,1.66,11946,15381,-3551,5749
331,BWA,2020-10-15,0 days 15:55:00.916386,175961,39.14,39.13,637,2121,6192,-17756
332,BWA,2020-10-15,0 days 15:55:01.914633,170753,39.14,39.13,838,2824,-5208,6192
333,BWA,2020-10-15,0 days 15:58:16.922769,180112,39.17,39.16,498,619,74590,-2610
334,BWA,2020-10-15,0 days 15:58:17.922282,172802,39.18,39.16,525,1118,-7310,74590
335,BWA,2020-10-15,0 days 15:58:22.923605,180112,39.18,39.17,731,614,4786,-2910
336,BWA,2020-10-15,0 days 15:58:23.923037,176798,39.18,39.17,931,304,-3314,4786
337,BWA,2020-10-15,0 days 15:59:05.925411,281565,39.2,39.19,500,1168,13169,-8176
338,BWA,2020-10-15,0 days 15:59:06.925358,275234,39.21,39.2,1000,710,-6331,13169
339,BWA,2020-10-15,0 days 15:59:19.922658,281565,39.19,39.18,644,900,962,-761
340,BWA,2020-10-15,0 days 15:59:20.922145,276838,39.2,39.19,1801,300,-4727,962
341,BWA,2020-10-15,0 days 15:59:33.923585,281565,39.24,39.21,300,1175,10811,-1095
342,BWA,2020-10-15,0 days 15:59:34.923068,279576,39.24,39.21,300,971,-1989,10811
343,BX,2020-10-15,0 days 15:55:00.241379,72528,55.39,55.38,3862,586,-1200,7151
344,BX,2020-10-15,0 days 15:57:15.243705,75961,55.35,55.34,1767,1631,339,-561
345,BX,2020-10-15,0 days 15:57:16.243582,75500,55.35,55.34,1867,1631,-461,339
346,BX,2020-10-15,0 days 15:57:35.244572,75961,55.35,55.34,1284,2397,339,-161
347,BX,2020-10-15,0 days 15:57:36.244780,75600,55.35,55.34,684,3397,-361,339
348,BX,2020-10-15,0 days 15:58:00.247280,75961,55.36,55.35,1036,2300,139,-1561
349,BX,2020-10-15,0 days 15:58:07.246316,75961,55.36,55.35,694,4200,1439,-1561
350,BX,2020-10-15,0 days 15:58:08.246523,74400,55.36,55.35,1194,2900,-1561,1439
351,BX,2020-10-15,0 days 15:58:17.247006,76285,55.36,55.35,1905,3400,315,-285
352,BX,2020-10-15,0 days 15:58:18.247105,76100,55.36,55.35,1905,3400,-185,315
353,BX,2020-10-15,0 days 15:58:21.247376,76285,55.36,55.35,1697,4300,15,-185
354,BX,2020-10-15,0 days 15:58:23.248083,76100,55.36,55.35,1739,3500,-185,315
355,BX,2020-10-15,0 days 15:58:25.247581,76285,55.36,55.35,1639,1100,315,-185
356,BX,2020-10-15,0 days 15:58:26.247600,76100,55.36,55.35,1539,1100,-185,315
357,BX,2020-10-15,0 days 15:58:29.249009,76285,55.36,55.35,2039,2300,315,-185
358,BX,2020-10-15,0 days 15:58:30.248140,76100,55.36,55.35,1639,4400,-185,315
359,BX,2020-10-15,0 days 15:58:33.247884,76285,55.36,55.35,2137,4199,115,-185
360,BX,2020-10-15,0 days 15:58:34.247881,76100,55.36,55.35,2137,4414,-185,115
361,BX,2020-10-15,0 days 15:58:52.248412,76285,55.35,55.34,1097,1658,833,-285
362,BX,2020-10-15,0 days 15:58:53.248145,75618,55.35,55.34,998,1658,-667,833
363,BX,2020-10-15,0 days 15:59:06.249819,80285,55.37,55.36,1011,600,15207,-375
364,BX,2020-10-15,0 days 15:59:46.252404,86279,55.43,55.39,1100,1100,-1804,269
365,C,2020-10-15,0 days 15:57:11.240681,682956,43.49,43.48,9235,6562,14513,-2087
366,C,2020-10-15,0 days 15:57:25.241248,699366,43.5,43.49,9602,5531,-12890,753
367,C,2020-10-15,0 days 15:57:26.241068,697956,43.5,43.49,16179,200,7724,-12890
368,C,2020-10-15,0 days 15:57:28.241187,711994,43.5,43.49,9452,5566,-2362,7724
369,C,2020-10-15,0 days 15:57:31.241712,706056,43.5,43.49,9652,7116,2781,-719
370,C,2020-10-15,0 days 15:58:04.242617,751439,43.52,43.51,7700,5668,-17221,2040
371,C,2020-10-15,0 days 15:58:30.244015,778940,43.51,43.5,901,10439,7762,-5838
372,C,2020-10-15,0 days 15:59:06.245050,829703,43.54,43.53,7600,3000,36987,-5371
373,C,2020-10-15,0 days 15:59:08.245108,859890,43.56,43.55,1800,10200,-1320,5787
374,C,2020-10-15,0 days 15:59:14.244899,845654,43.58,43.57,4301,3500,4224,-12272
375,C,2020-10-15,0 days 15:59:20.244853,849878,43.57,43.56,4100,6028,-4539,22747
376,C,2020-10-15,0 days 15:59:21.244686,845049,43.56,43.55,3001,5918,23529,-4539
377,C,2020-10-15,0 days 15:59:27.244898,847228,43.57,43.56,4900,4911,2650,-14638
378,CARR,2020-10-15,0 days 15:59:06.249819,312763,32.64,32.62,1800,600,31591,-5778
379,CARR,2020-10-15,0 days 15:59:07.250421,310885,32.64,32.63,1203,300,-1778,31591
380,CARR,2020-10-15,0 days 15:59:27.249941,308531,32.62,32.61,800,200,-2432,1068
381,CARR,2020-10-15,0 days 15:59:41.250778,312663,32.63,32.61,1400,402,949,-182
382,CAT,2020-10-15,0 days 15:55:01.240149,172032,165.21,165.18,200,400,-543,5398
383,CAT,2020-10-15,0 days 15:55:11.240156,172697,165.26,165.22,100,100,3607,-637
384,CAT,2020-10-15,0 days 15:55:12.240059,172504,165.29,165.24,600,100,-193,3607
385,CAT,2020-10-15,0 days 15:58:59.251469,200893,165.09,165.06,300,300,1669,-149
386,CAT,2020-10-15,0 days 15:59:00.250926,199852,165.11,165.08,353,100,-4099,1669
387,CCL,2020-10-15,0 days 15:55:43.239877,372913,14.0,13.99,15404,21581,350,-332
388,CCL,2020-10-15,0 days 15:56:09.240154,369663,14.0,13.99,18079,23909,-3250,2250
389,CCL,2020-10-15,0 days 15:57:02.242195,381151,14.01,14.0,21347,30397,4147,-2498
390,CCL,2020-10-15,0 days 15:57:03.241836,377898,14.01,14.0,21347,30397,-3253,4147
391,CCL,2020-10-15,0 days 15:57:25.242768,381151,14.01,14.0,28000,21928,3147,-3253
392,CCL,2020-10-15,0 days 15:57:26.242380,377898,14.01,14.0,28380,21328,-3253,3147
393,CCL,2020-10-15,0 days 15:59:00.250715,399646,14.01,14.0,31040,18849,5699,-2278
394,CCL,2020-10-15,0 days 15:59:01.248546,397645,14.01,14.0,31144,23138,-2001,5699
395,CCL,2020-10-15,0 days 15:59:15.248364,403111,14.01,14.0,20089,28385,40943,-5333
396,CCL,2020-10-15,0 days 15:59:16.248205,399054,14.01,14.0,17093,28385,-4057,40943
397,CCL,2020-10-15,0 days 15:59:41.248468,412484,14.01,14.0,39788,16156,-305,1895
398,CCL,2020-10-15,0 days 15:59:43.248813,416589,14.01,14.0,34088,24425,1095,-305
399,CDE,2020-10-15,0 days 15:55:10.231195,79512,8.2,8.19,9408,1000,167,-633
400,CDE,2020-10-15,0 days 15:55:11.231266,78979,8.2,8.19,9486,1000,-533,167
401,CDE,2020-10-15,0 days 15:55:28.232335,79615,8.2,8.19,11712,4100,664,-636
402,CDE,2020-10-15,0 days 15:55:29.232646,75179,8.2,8.19,11712,3700,-4436,664
403,CDE,2020-10-15,0 days 15:55:34.231886,85515,8.2,8.19,11806,3700,625,-4436
404,CDE,2020-10-15,0 days 15:58:09.236167,90630,8.2,8.19,7628,7368,-22,1190
405,CDE,2020-10-15,0 days 15:58:10.236948,82052,8.2,8.19,7628,6301,8278,-22
406,CDE,2020-10-15,0 days 15:58:27.236952,90650,8.2,8.19,9457,4499,-302,798
407,CDE,2020-10-15,0 days 15:58:28.237497,89852,8.2,8.19,9465,4099,498,-302
408,CDE,2020-10-15,0 days 15:58:47.238754,90650,8.2,8.19,15013,600,-402,498
409,CDE,2020-10-15,0 days 15:58:48.237447,89952,8.2,8.19,14836,600,398,-402
410,CF,2020-10-15,0 days 15:55:35.239526,87417,29.73,29.72,1302,1221,-98,229
411,CF,2020-10-15,0 days 15:55:36.239418,85515,29.73,29.72,1266,1338,1902,-98
412,CF,2020-10-15,0 days 15:55:43.239808,87417,29.73,29.72,1166,736,-242,1402
413,CF,2020-10-15,0 days 15:56:08.240399,89145,29.72,29.71,1090,698,151,-128
414,CF,2020-10-15,0 days 15:56:09.240098,88096,29.72,29.71,1090,699,-1049,151
415,CF,2020-10-15,0 days 15:57:51.244331,104832,29.67,29.66,111,1050,-1318,1182
416,CF,2020-10-15,0 days 15:57:54.244082,106252,29.68,29.66,1388,1051,380,-1318
417,CF,2020-10-15,0 days 15:57:55.244696,104932,29.68,29.66,1388,1051,-1326,380
418,CF,2020-10-15,0 days 15:57:59.244542,102658,29.68,29.67,150,1064,2474,-1326
419,CF,2020-10-15,0 days 15:58:00.246107,101632,29.69,29.68,485,410,-1026,2474
420,CF,2020-10-15,0 days 15:59:26.247691,107126,29.68,29.67,1237,219,-1302,798
421,CFG,2020-10-15,0 days 15:55:21.238650,234419,27.97,27.96,2663,3815,3370,-2131
422,CFG,2020-10-15,0 days 15:55:23.239163,233789,27.97,27.96,3763,1793,-726,7870
423,CFG,2020-10-15,0 days 15:55:35.239614,234515,27.97,27.96,2663,3325,143,-715
424,CFG,2020-10-15,0 days 15:55:44.239358,235048,27.97,27.96,3163,3379,-1842,533
425,CFG,2020-10-15,0 days 15:56:08.240569,243769,27.95,27.94,151,4433,2579,-1483
426,CFG,2020-10-15,0 days 15:57:08.243062,251169,27.97,27.96,622,5845,-159,806
427,CFG,2020-10-15,0 days 15:57:13.242837,251169,27.97,27.96,910,5138,-259,1006
428,CFG,2020-10-15,0 days 15:59:13.248617,246970,27.9,27.89,1473,2000,68050,-344350
429,CFG,2020-10-15,0 days 15:59:14.248646,313994,27.91,27.9,458,4500,-352876,68050
430,CFG,2020-10-15,0 days 15:59:39.249039,258270,27.9,27.89,5025,2317,118335,-299065
431,CGC,2020-10-15,0 days 15:54:10.233446,16093,18.08,18.07,483,200,429,-871
432,CGC,2020-10-15,0 days 15:56:08.238580,30334,18.06,18.05,101,778,-341,1559
433,CGC,2020-10-15,0 days 15:56:09.238414,29675,18.06,18.05,201,878,659,-341
434,CHWY,2020-10-15,0 days 15:56:35.239528,49212,64.87,64.85,400,130,2442,-166
435,CHWY,2020-10-15,0 days 15:59:19.244745,52097,64.87,64.76,300,600,1646,-104
436,CHWY,2020-10-15,0 days 15:59:24.244958,53043,64.87,64.83,300,100,-244,620
437,CHWY,2020-10-15,0 days 15:59:26.244695,53123,64.88,64.76,100,600,620,-244
438,CHWY,2020-10-15,0 days 15:59:47.247761,53402,64.87,64.81,500,367,433,-1481
439,CL,2020-10-15,0 days 15:55:00.232399,158569,79.71,79.7,626,240,20334,-11753
440,CL,2020-10-15,0 days 15:55:34.231739,180548,79.71,79.7,1733,400,-26813,21356
441,CL,2020-10-15,0 days 15:55:35.231700,179561,79.7,79.68,100,1847,987,-26813
442,CL,2020-10-15,0 days 15:56:53.233801,191068,79.66,79.64,1446,400,-324,1101
443,CL,2020-10-15,0 days 15:56:54.233685,189592,79.65,79.63,1387,1500,576,-324
444,CL,2020-10-15,0 days 15:58:10.236814,202599,79.63,79.62,186,1200,-27826,634
445,CL,2020-10-15,0 days 15:58:11.235996,201232,79.64,79.62,1929,1000,67,-27826
446,CL,2020-10-15,0 days 15:58:15.236393,203501,79.64,79.63,1738,200,-804,496
447,CL,2020-10-15,0 days 15:58:40.237215,202981,79.69,79.67,1972,800,419,-3181
448,CL,2020-10-15,0 days 15:58:41.237437,202600,79.68,79.67,100,700,-381,419
449,CL,2020-10-15,0 days 15:59:45.241546,229964,79.68,79.67,300,412,47,-4154
450,CL,2020-10-15,0 days 15:59:50.245201,233552,79.71,79.68,200,500,-1519,414
451,CL,2020-10-15,0 days 15:59:52.241725,233738,79.7,79.68,200,300,314,-1519
452,CL,2020-10-15,0 days 15:59:57.243914,233552,79.72,79.7,600,200,-1519,314
453,CLDR,2020-10-15,0 days 15:56:28.232859,129925,10.66,10.65,3510,7976,-2673,1927
454,CLDR,2020-10-15,0 days 15:56:29.233072,125698,10.66,10.65,3510,7776,4227,-2673
455,CLDR,2020-10-15,0 days 15:58:00.236221,127746,10.65,10.64,1870,5927,-3747,1532
456,CLDR,2020-10-15,0 days 15:58:01.235726,124793,10.65,10.64,4770,2827,2953,-3747
457,CLDR,2020-10-15,0 days 15:58:59.240270,128814,10.66,10.65,4246,6407,-1885,1302
458,CLDR,2020-10-15,0 days 15:59:00.241002,128299,10.66,10.65,3046,6907,515,-1885
459,CLDR,2020-10-15,0 days 15:59:04.239206,128631,10.66,10.65,5814,2101,-368,332
460,CLDR,2020-10-15,0 days 15:59:10.239619,128499,10.66,10.65,3422,4095,1732,-768
461,CLDR,2020-10-15,0 days 15:59:11.239694,130231,10.65,10.64,7433,1956,-15217,1732
462,CLF,2020-10-15,0 days 15:56:03.249145,125867,7.48,7.47,14705,13152,-1578,4715
463,CLF,2020-10-15,0 days 15:56:04.249261,121345,7.48,7.47,17605,10978,6922,-1578
464,CLF,2020-10-15,0 days 15:59:36.251667,135334,7.49,7.48,16715,29799,2258,-3242
465,CLR,2020-10-15,0 days 15:55:17.409084,90698,13.5,13.49,4391,1614,3202,-1598
466,CLR,2020-10-15,0 days 15:59:25.417374,118170,13.54,13.53,150,4976,-1194,1856
467,CLR,2020-10-15,0 days 15:59:26.417553,117364,13.55,13.54,4110,2622,506,-1194
468,CLR,2020-10-15,0 days 15:59:39.417944,117900,13.55,13.54,2094,5398,-10455,1645
469,CLR,2020-10-15,0 days 15:59:40.418338,117255,13.55,13.54,1194,3998,645,-10455
470,CNC,2020-10-15,0 days 15:55:09.237535,268991,65.71,65.7,700,200,11237,-77565
471,CNC,2020-10-15,0 days 15:55:10.237132,261528,65.74,65.7,405,400,-7463,11237
472,CNC,2020-10-15,0 days 15:56:27.240709,278686,65.81,65.78,915,699,10619,-8081
473,CNC,2020-10-15,0 days 15:56:28.241270,241672,65.81,65.78,610,699,-37014,10619
474,CNC,2020-10-15,0 days 15:59:14.248588,320512,65.9,65.85,100,500,4603,-8899
475,CNC,2020-10-15,0 days 15:59:34.248299,322992,65.9,65.85,200,715,-1659,1227
476,CNC,2020-10-15,0 days 15:59:47.249082,335355,65.88,65.84,100,200,8290,-3308
477,CNC,2020-10-15,0 days 15:59:48.250230,335045,65.89,65.87,400,626,-2010,8290
478,CNC,2020-10-15,0 days 15:59:51.247875,330455,65.88,65.84,200,400,2990,-1910
479,CNC,2020-10-15,0 days 15:59:52.245577,333445,65.88,65.85,100,100,-1910,2990
480,CNC,2020-10-15,0 days 15:59:53.243326,330455,65.88,65.85,100,100,2990,-1910
481,CNC,2020-10-15,0 days 15:59:54.244183,333445,65.89,65.85,200,100,-1910,2990
482,CNC,2020-10-15,0 days 15:59:55.243485,330455,65.89,65.86,200,100,2990,-1910
483,CNC,2020-10-15,0 days 15:59:57.242994,333445,65.92,65.85,100,100,-1910,2990
484,CNC,2020-10-15,0 days 15:59:58.242325,330455,65.89,65.84,100,500,2990,-1910
485,CNK,2020-10-15,0 days 15:55:00.917653,94142,7.91,7.9,6800,9910,-7880,9996
486,CNK,2020-10-15,0 days 15:55:01.915259,92922,7.91,7.9,8204,10010,1220,-7880
487,CNK,2020-10-15,0 days 15:57:15.919630,104382,7.9,7.89,5803,6061,-3182,8318
488,CNK,2020-10-15,0 days 15:57:16.919249,96064,7.9,7.89,6907,4161,8318,-3182
489,CNK,2020-10-15,0 days 15:59:09.925645,104946,7.9,7.89,10449,4560,-43186,516
490,CNP,2020-10-15,0 days 15:59:06.260329,153354,20.92,20.91,8022,2361,11203,-3011
491,CNP,2020-10-15,0 days 15:59:08.260415,152520,20.93,20.92,4078,9100,-834,8416
492,CNQ,2020-10-15,0 days 15:55:00.212129,35324,17.93,17.92,3136,12290,-782,5644
493,CNX,2020-10-15,0 days 15:55:00.246611,160469,10.39,10.38,3859,4925,-10687,2046
494,CNX,2020-10-15,0 days 15:55:34.248518,170556,10.4,10.39,2245,5182,4456,-887
495,CNX,2020-10-15,0 days 15:55:35.248732,170212,10.4,10.39,1819,5582,-344,4456
496,CNX,2020-10-15,0 days 15:55:40.248612,166456,10.4,10.39,971,7253,456,-344
497,CNX,2020-10-15,0 days 15:55:43.248972,166912,10.4,10.39,2672,6263,-164,456
498,CNX,2020-10-15,0 days 15:55:44.249004,166476,10.4,10.39,2672,6563,436,-164
499,CNX,2020-10-15,0 days 15:55:45.249015,166912,10.4,10.39,1172,7363,-146,436
500,CNX,2020-10-15,0 days 15:55:46.249230,166558,10.4,10.39,2859,6568,354,-146
501,CNX,2020-10-15,0 days 15:55:51.248882,170512,10.4,10.39,3849,6668,-1246,354
502,CNX,2020-10-15,0 days 15:56:08.249665,172058,10.4,10.39,2062,7837,1174,-726
503,CNX,2020-10-15,0 days 15:56:09.249308,168832,10.4,10.39,2050,7937,-3226,1174
504,CNX,2020-10-15,0 days 15:57:17.249798,176850,10.4,10.38,3600,6923,-508,992
505,CNX,2020-10-15,0 days 15:57:23.249984,177358,10.39,10.38,2700,3812,792,-508
506,CNX,2020-10-15,0 days 15:57:24.249661,176850,10.39,10.38,2500,3912,-508,792
507,CNX,2020-10-15,0 days 15:58:09.251383,180478,10.4,10.39,3402,4010,1227,-2873
508,CNX,2020-10-15,0 days 15:58:10.251902,177670,10.4,10.39,2409,4810,-2808,1227
509,CNX,2020-10-15,0 days 15:58:22.252237,180478,10.4,10.39,4361,2342,2472,-3728
510,CNX,2020-10-15,0 days 15:58:25.251532,182950,10.4,10.39,4261,2242,-3228,2472
511,CNX,2020-10-15,0 days 15:58:26.251835,180478,10.4,10.39,4361,2042,2472,-3228
512,CNX,2020-10-15,0 days 15:58:58.253347,185469,10.4,10.39,800,6018,-726,2455
513,CNX,2020-10-15,0 days 15:58:59.256521,186495,10.4,10.39,1400,5918,611,-726
514,CNX,2020-10-15,0 days 15:59:04.253797,186906,10.41,10.4,826,5476,-451,449
515,CNX,2020-10-15,0 days 15:59:14.254180,187457,10.42,10.41,3548,2376,184,-2016
516,COG,2020-10-15,0 days 15:55:34.409686,386906,19.44,19.43,2469,8058,3471,-1369
517,COG,2020-10-15,0 days 15:55:35.409568,382677,19.44,19.43,300,8804,-4229,3471
518,COG,2020-10-15,0 days 15:59:15.417379,445332,19.46,19.45,628,7896,7782,-11450
519,COG,2020-10-15,0 days 15:59:16.417534,440514,19.47,19.46,2401,5286,-4318,7782
520,COG,2020-10-15,0 days 15:59:34.417934,461615,19.47,19.46,1358,8426,2647,-7255
521,COLD,2020-10-15,0 days 15:58:37.243557,1004273,37.51,37.5,1801,1710,1836,-8899
522,COLD,2020-10-15,0 days 15:58:38.243695,999109,37.51,37.5,2398,1997,-5164,1836
523,COLD,2020-10-15,0 days 15:58:40.243675,1004273,37.51,37.5,2498,1897,3336,-5164
524,COLD,2020-10-15,0 days 15:58:41.243815,999109,37.51,37.5,1498,1897,-5164,3336
525,COLD,2020-10-15,0 days 15:59:34.245482,1047847,37.51,37.5,484,200,8719,-2926
526,COLD,2020-10-15,0 days 15:59:35.245324,1020366,37.55,37.52,220,855,-27481,8719
527,COLD,2020-10-15,0 days 15:59:57.250199,1041600,37.53,37.5,420,286,-8934,16919
528,COLD,2020-10-15,0 days 15:59:58.250810,1050534,37.53,37.5,620,100,16919,-8934
529,COLD,2020-10-15,0 days 15:59:59.248047,1041600,37.53,37.5,220,100,-8934,16919
530,COP,2020-10-15,0 days 15:55:00.917503,519212,35.35,35.34,3197,200,10023,-74708
531,COP,2020-10-15,0 days 15:55:01.915168,511635,35.36,35.35,3721,500,-7577,10023
532,COP,2020-10-15,0 days 15:58:20.923656,558817,35.32,35.31,2521,3639,1294,-6
533,COP,2020-10-15,0 days 15:58:21.923259,557811,35.32,35.31,2325,2839,-1006,1294
534,COP,2020-10-15,0 days 15:58:27.923708,558817,35.32,35.31,2724,1931,794,-3806
535,COP,2020-10-15,0 days 15:58:28.923789,554811,35.33,35.32,3343,500,-4006,794
536,COP,2020-10-15,0 days 15:59:14.923574,572058,35.37,35.36,460,3664,3776,-7710
537,COP,2020-10-15,0 days 15:59:18.923297,569084,35.37,35.36,4987,920,-2974,4776
538,COP,2020-10-15,0 days 15:59:28.923070,569697,35.36,35.35,1100,3510,-2361,2339
539,COP,2020-10-15,0 days 15:59:32.923412,572058,35.37,35.36,1071,4993,8280,-2361
540,COP,2020-10-15,0 days 15:59:43.922589,570099,35.4,35.38,3200,2832,-1959,1341
541,COP,2020-10-15,0 days 15:59:45.924254,572158,35.4,35.39,3900,621,1212,-1008
542,COP,2020-10-15,0 days 15:59:47.922682,571404,35.41,35.4,3000,1200,-654,19546
543,COTY,2020-10-15,0 days 15:55:00.240283,261419,3.31,3.3,48091,40607,-11016,6785
544,COTY,2020-10-15,0 days 15:57:18.243669,272438,3.31,3.3,47360,41405,2332,-68
545,COTY,2020-10-15,0 days 15:59:44.251247,307200,3.3,3.29,32324,69038,-2138,862
546,COTY,2020-10-15,0 days 15:59:45.251813,306438,3.3,3.29,32592,68476,762,-2138
547,COTY,2020-10-15,0 days 15:59:46.252083,307200,3.3,3.29,27428,68476,-17038,762
548,CPE,2020-10-15,0 days 15:59:05.239799,35094,4.86,4.85,6049,5196,3286,-5452
549,CPE,2020-10-15,0 days 15:59:20.239573,41385,4.86,4.85,2560,13420,-3509,4786
550,CPE,2020-10-15,0 days 15:59:36.239794,39985,4.87,4.86,7123,9486,-3750,4450
551,CPE,2020-10-15,0 days 15:59:37.240332,39735,4.87,4.86,7123,10186,250,-3750
552,CPRI,2020-10-15,0 days 15:55:28.243827,75242,21.63,21.62,1710,2348,926,-574
553,CPRI,2020-10-15,0 days 15:55:29.243862,74868,21.63,21.62,2310,2248,-374,926
554,CPRI,2020-10-15,0 days 15:55:38.243774,75242,21.63,21.62,2410,3348,90,-103
555,CPRI,2020-10-15,0 days 15:55:39.242978,75025,21.63,21.62,2410,3348,-217,90
556,CPRI,2020-10-15,0 days 15:55:42.243862,75242,21.63,21.62,2561,3348,3032,-217
557,CPRI,2020-10-15,0 days 15:55:43.243754,75174,21.63,21.62,1344,4021,-68,3032
558,CPRI,2020-10-15,0 days 15:56:11.244130,95245,21.65,21.64,1000,1100,3429,-371
559,CPRI,2020-10-15,0 days 15:57:24.244900,97945,21.67,21.66,112,1894,1198,-2
560,CPRI,2020-10-15,0 days 15:57:32.245739,100702,21.67,21.66,1206,1935,-1043,1198
561,CPRI,2020-10-15,0 days 15:57:33.246137,99445,21.67,21.66,1606,1496,1926,-1043
562,CPRI,2020-10-15,0 days 15:57:38.245750,101371,21.67,21.66,1006,2108,-174,1326
563,CPRI,2020-10-15,0 days 15:57:39.245841,100145,21.67,21.66,706,2408,1226,-174
564,CRM,2020-10-15,0 days 15:59:33.249223,504442,257.56,257.41,100,1050,-2021,3488
565,CRM,2020-10-15,0 days 15:59:34.249140,502363,257.42,257.38,200,250,2510,-2021
566,CRM,2020-10-15,0 days 15:59:36.249249,504873,257.46,257.39,100,200,-590,4710
567,CRM,2020-10-15,0 days 15:59:38.249372,500263,257.68,257.56,100,1610,1279,-3921
568,CRM,2020-10-15,0 days 15:59:45.250434,505554,257.73,257.58,100,915,-81,1868
569,CRM,2020-10-15,0 days 15:59:46.250577,502335,257.7,257.58,100,696,19,-81
570,CRM,2020-10-15,0 days 15:59:48.250444,502354,257.73,257.58,100,1000,-2631,19
571,CRM,2020-10-15,0 days 15:59:49.250612,501385,257.73,257.58,100,950,969,-2631
572,CRM,2020-10-15,0 days 15:59:56.251933,496663,257.8,257.64,100,100,-4799,7878
573,CTVA,2020-10-15,0 days 15:59:27.250831,315999,34.01,34.0,800,837,613,-14831
574,CTVA,2020-10-15,0 days 15:59:32.251420,317251,34.02,34.01,724,325,-13448,852
575,CUK,2020-10-15,0 days 15:55:28.240780,17380,11.98,11.97,5600,204,105,-495
576,CUK,2020-10-15,0 days 15:55:29.241141,17085,11.98,11.97,5700,100,-295,105
577,CUK,2020-10-15,0 days 15:56:08.241939,17380,11.98,11.97,4500,200,1605,-295
578,CUK,2020-10-15,0 days 15:56:09.241904,16685,11.98,11.97,4400,200,-695,1605
579,CUK,2020-10-15,0 days 15:59:06.249846,17950,11.97,11.96,1411,3742,525,-170
580,CVS,2020-10-15,0 days 15:55:21.238515,743668,59.2,59.19,4798,891,-1996,1447
581,CVS,2020-10-15,0 days 15:55:22.238627,742521,59.2,59.19,4404,804,1200,-1996
582,CVS,2020-10-15,0 days 15:55:41.239541,740245,59.21,59.2,2402,128,876,-424
583,CVS,2020-10-15,0 days 15:55:50.239807,740501,59.21,59.2,100,3081,900,-1400
584,CVS,2020-10-15,0 days 15:57:36.243976,748159,59.26,59.25,1998,1100,-2756,4844
585,CVS,2020-10-15,0 days 15:57:48.243886,759558,59.24,59.23,2494,300,8301,-99
586,CVS,2020-10-15,0 days 15:57:50.244035,767859,59.22,59.21,2087,400,-3099,2101
587,CVS,2020-10-15,0 days 15:57:51.244296,766258,59.22,59.21,2281,400,1601,-3099
588,CVS,2020-10-15,0 days 15:58:03.244798,767659,59.22,59.21,2214,315,-1157,1201
589,CVS,2020-10-15,0 days 15:58:04.245000,765516,59.23,59.22,1300,2454,2143,-1157
590,CVS,2020-10-15,0 days 15:58:17.245681,767659,59.24,59.23,1017,1899,-4693,1607
591,CVS,2020-10-15,0 days 15:58:18.245504,766269,59.24,59.23,1303,958,1390,-4693
592,CVS,2020-10-15,0 days 15:58:25.246179,763146,59.25,59.24,1203,1102,1598,-1946
593,CVS,2020-10-15,0 days 15:58:27.246066,764744,59.25,59.24,700,1902,-3302,1598
594,CVS,2020-10-15,0 days 15:58:28.246605,763346,59.25,59.24,700,1702,1398,-3302
595,CVS,2020-10-15,0 days 15:58:35.247994,764246,59.27,59.26,1096,1660,398,-9802
596,CVS,2020-10-15,0 days 15:58:51.247214,753749,59.26,59.25,1300,300,10995,-1805
597,CVS,2020-10-15,0 days 15:58:57.247673,768857,59.28,59.27,4553,989,-11288,1471
598,CVS,2020-10-15,0 days 15:59:06.249057,802429,59.29,59.28,589,1308,2800,-936
599,CVS,2020-10-15,0 days 15:59:07.249843,801729,59.29,59.28,1289,100,-700,2800
600,CVS,2020-10-15,0 days 15:59:12.248616,819584,59.33,59.32,300,700,43330,-773
601,CVS,2020-10-15,0 days 15:59:52.245539,871507,59.3,59.29,596,700,-164,416
602,CVX,2020-10-15,0 days 15:59:22.249975,1178997,73.64,73.62,400,100,-35670,22119
603,CVX,2020-10-15,0 days 15:59:30.251503,1254652,73.57,73.51,1200,1100,22090,-69096
604,CVX,2020-10-15,0 days 15:59:31.251085,1234942,73.57,73.55,1311,200,-19710,22090
605,CVX,2020-10-15,0 days 15:59:49.251856,1341256,73.62,73.61,300,796,10344,-19571
606,CX,2020-10-15,0 days 15:59:47.224483,239565,4.14,4.13,70884,141322,-4952,18848
607,CX,2020-10-15,0 days 15:59:48.223910,245900,4.14,4.13,90584,119022,15598,-4952
608,CX,2020-10-15,0 days 15:59:49.224633,241998,4.14,4.13,60300,136822,-2519,15598
609,CXO,2020-10-15,0 days 15:55:00.408203,137619,49.57,49.55,116,816,556,-7073
610,CXO,2020-10-15,0 days 15:55:01.408266,136675,49.56,49.55,443,168,-944,556
611,CXO,2020-10-15,0 days 15:56:36.411078,140421,49.58,49.56,100,652,7802,-1698
612,CXO,2020-10-15,0 days 15:56:37.411085,139423,49.59,49.56,303,500,-998,7802
613,CXO,2020-10-15,0 days 15:57:36.413741,151296,49.57,49.55,534,300,3530,-2370
614,CXO,2020-10-15,0 days 15:57:37.414273,149226,49.57,49.55,629,300,-270,3530
615,CXO,2020-10-15,0 days 15:58:10.415755,175061,49.61,49.58,802,339,3243,-6457
616,CXO,2020-10-15,0 days 15:58:11.415604,170804,49.6,49.59,129,246,-3957,3243
617,CXO,2020-10-15,0 days 15:58:25.415998,160214,49.56,49.54,371,300,-5596,5204
618,CXO,2020-10-15,0 days 15:59:12.418316,186975,49.58,49.55,600,200,8078,-3134
619,CXO,2020-10-15,0 days 15:59:13.418164,183853,49.58,49.55,500,200,-3122,8078
620,CXO,2020-10-15,0 days 15:59:30.418459,179228,49.57,49.55,300,100,-2900,11400
621,CXO,2020-10-15,0 days 15:59:34.417934,180428,49.56,49.53,100,1235,11600,-12500
622,CXO,2020-10-15,0 days 15:59:35.418670,179528,49.56,49.54,400,152,-900,11600
623,CXO,2020-10-15,0 days 15:59:42.418562,180428,49.53,49.51,100,467,3094,-800
624,CXO,2020-10-15,0 days 15:59:43.419075,180022,49.54,49.5,300,100,-406,3094
625,CXO,2020-10-15,0 days 15:59:44.418535,180428,49.54,49.52,300,100,399,-406
626,CXO,2020-10-15,0 days 15:59:48.419144,181193,49.57,49.53,100,300,-975,38
627,DAL,2020-10-15,0 days 15:57:20.242377,223268,31.38,31.37,3513,10693,-1039,3461
628,DAL,2020-10-15,0 days 15:57:21.242487,219807,31.38,31.37,2265,11102,3561,-1039
629,DAL,2020-10-15,0 days 15:58:52.247625,239990,31.36,31.35,6704,3436,-1207,2360
630,DAL,2020-10-15,0 days 15:58:53.247149,235397,31.35,31.34,4000,6726,4593,-1207
631,DAL,2020-10-15,0 days 15:59:45.250187,248602,31.34,31.33,6290,900,-6291,2423
632,DAL,2020-10-15,0 days 15:59:46.249834,247593,31.33,31.32,2500,4047,1009,-6291
633,DB,2020-10-15,0 days 15:59:20.247638,26458,9.02,9.01,64104,40625,165,-643
634,DD,2020-10-15,0 days 15:55:06.230384,178220,59.17,59.15,1162,1000,4450,-1748
635,DD,2020-10-15,0 days 15:55:07.230614,177270,59.17,59.15,1210,1000,-950,4450
636,DD,2020-10-15,0 days 15:55:41.231746,178750,59.18,59.17,1337,1205,419,-765
637,DD,2020-10-15,0 days 15:55:42.232234,177669,59.18,59.17,1121,1211,-1081,419
638,DD,2020-10-15,0 days 15:57:21.233267,185665,59.22,59.21,600,100,727,-616
639,DD,2020-10-15,0 days 15:57:22.232862,184292,59.21,59.19,800,501,-816,727
640,DD,2020-10-15,0 days 15:57:31.233741,185665,59.22,59.21,100,800,39,-816
641,DD,2020-10-15,0 days 15:57:32.233957,178157,59.22,59.21,400,206,-6951,39
642,DD,2020-10-15,0 days 15:57:46.234788,187847,59.18,59.16,600,600,-1161,1839
643,DD,2020-10-15,0 days 15:57:53.235151,189408,59.18,59.16,1079,1251,446,-1154
644,DD,2020-10-15,0 days 15:57:54.234861,188254,59.18,59.17,779,1051,-1154,446
645,DD,2020-10-15,0 days 15:58:36.237310,189968,59.19,59.18,100,446,2974,-4015
646,DD,2020-10-15,0 days 15:59:12.239422,215777,59.23,59.22,199,1100,17403,-360
647,DD,2020-10-15,0 days 15:59:42.240443,233666,59.26,59.25,300,400,-1861,3458
648,DD,2020-10-15,0 days 15:59:43.240146,234055,59.27,59.26,400,100,1421,-1861
649,DHF,2020-10-15,0 days 15:59:36.250348,9288,2.73,2.72,26793,51877,7812,-9288
650,DHF,2020-10-15,0 days 15:59:37.250625,8800,2.73,2.72,26043,51877,-488,7812
651,DIS,2020-10-15,0 days 15:59:15.248387,651489,127.32,127.3,300,116,46542,-16854
652,DIS,2020-10-15,0 days 15:59:16.248226,629382,127.36,127.32,400,438,-35058,46542
653,DIS,2020-10-15,0 days 15:59:24.247744,651489,127.32,127.29,222,400,14727,-781
654,DIS,2020-10-15,0 days 15:59:37.248281,674299,127.37,127.34,200,800,-1602,20750
655,DIS,2020-10-15,0 days 15:59:40.249055,682540,127.38,127.35,100,600,232,-13641
656,DIS,2020-10-15,0 days 15:59:44.249506,682052,127.4,127.38,270,550,-488,732
657,DIS,2020-10-15,0 days 15:59:45.250198,682540,127.37,127.34,200,950,9342,-488
658,DIS,2020-10-15,0 days 15:59:46.249862,682382,127.4,127.38,166,200,-158,9342
659,DIS,2020-10-15,0 days 15:59:54.244286,681482,127.39,127.33,100,300,-1058,10581
660,DIS,2020-10-15,0 days 15:59:59.240336,675818,127.37,127.31,400,100,70053,-1058
661,DIS,2020-10-15,0 days 16:00:00.241603,681482,127.39,127.28,300,200,-1058,70053
662,DKS,2020-10-15,0 days 15:55:09.231083,188355,62.91,62.9,1431,100,641,-633
663,DKS,2020-10-15,0 days 15:55:10.231195,187896,62.91,62.9,1313,100,-459,641
664,DKS,2020-10-15,0 days 15:56:05.232249,190199,62.92,62.91,700,900,3227,-914
665,DKS,2020-10-15,0 days 15:57:37.234297,194890,63.02,63.01,925,323,-938,962
666,DKS,2020-10-15,0 days 15:57:39.234350,197728,63.01,63.0,300,2781,262,-938
667,DKS,2020-10-15,0 days 15:57:40.234282,197390,63.02,63.0,1225,2681,-338,262
668,DKS,2020-10-15,0 days 15:57:43.234978,198328,63.02,63.0,1524,2181,862,-338
669,DKS,2020-10-15,0 days 15:57:45.234999,197990,63.02,63.0,1424,2283,-338,1362
670,DKS,2020-10-15,0 days 15:57:46.234788,198728,63.02,63.0,1423,2283,362,-338
671,DKS,2020-10-15,0 days 15:57:47.235269,198290,63.01,63.0,200,2283,-438,362
672,DKS,2020-10-15,0 days 15:58:03.235467,200628,63.01,63.0,500,2900,162,-538
673,DKS,2020-10-15,0 days 15:58:04.235700,199522,63.01,63.0,300,3000,-1106,162
674,DKS,2020-10-15,0 days 15:58:06.235816,200628,63.01,63.0,300,2901,594,-1106
675,DKS,2020-10-15,0 days 15:58:07.235823,200022,63.01,63.0,254,3001,-606,594
676,DKS,2020-10-15,0 days 15:58:21.237868,200821,63.02,63.01,1000,500,501,-699
677,DKS,2020-10-15,0 days 15:58:22.237609,198422,63.02,63.01,1000,500,-2597,501
678,DKS,2020-10-15,0 days 15:58:34.237120,201019,63.04,63.03,100,225,174849,-697
679,DKS,2020-10-15,0 days 15:59:43.240134,373757,63.03,62.98,400,200,-9164,1945
680,DKS,2020-10-15,0 days 15:59:44.241106,367099,63.02,62.97,100,1400,6658,-9164
681,DKS,2020-10-15,0 days 15:59:45.241730,373757,63.03,63.01,100,100,-6975,6658
682,DKS,2020-10-15,0 days 15:59:48.241487,371744,63.02,62.97,100,1400,2235,-5717
683,DOW,2020-10-15,0 days 15:55:00.246470,270694,48.98,48.97,260,373,4552,-14794
684,DOW,2020-10-15,0 days 15:55:35.248650,275290,48.98,48.97,100,1779,-342,3907
685,DOW,2020-10-15,0 days 15:55:36.248869,275632,48.98,48.97,100,1479,273,-342
686,DOW,2020-10-15,0 days 15:55:39.248439,275905,48.98,48.97,800,640,-217,273
687,DOW,2020-10-15,0 days 15:55:46.249065,263979,48.98,48.97,822,1241,11926,-644
688,DOW,2020-10-15,0 days 15:56:17.249423,274952,49.02,49.01,1600,296,-4776,404
689,DOW,2020-10-15,0 days 15:56:18.244413,269417,49.01,49.0,100,870,5535,-4776
690,DOW,2020-10-15,0 days 15:56:26.244817,275009,49.05,49.04,4533,900,-3007,4993
691,DOW,2020-10-15,0 days 15:56:27.250430,269217,49.04,49.03,1432,700,5792,-3007
692,DOW,2020-10-15,0 days 15:57:47.250738,283868,49.05,49.04,700,1079,-219,5654
693,DOW,2020-10-15,0 days 15:57:49.250985,278587,49.04,49.03,800,237,5281,-219
694,DOW,2020-10-15,0 days 15:58:17.251585,284406,49.04,49.02,500,600,-1037,3663
695,DOW,2020-10-15,0 days 15:58:18.251098,281743,49.04,49.02,420,200,2663,-1037
696,DOW,2020-10-15,0 days 15:59:03.253734,284829,49.07,49.06,100,700,-21770,896
697,DOW,2020-10-15,0 days 15:59:04.253697,280896,49.07,49.06,100,100,3933,-21770
698,DOW,2020-10-15,0 days 15:59:06.254668,278988,49.07,49.05,200,832,-2265,3641
699,DOW,2020-10-15,0 days 15:59:07.255429,276553,49.06,49.05,100,400,2435,-2265
700,DOW,2020-10-15,0 days 15:59:21.250609,299992,49.04,49.02,100,200,-4307,7839
701,DOW,2020-10-15,0 days 15:59:57.254693,318629,49.03,49.0,200,1464,17362,-10976
702,DUK,2020-10-15,0 days 15:55:00.917697,156409,91.86,91.83,1199,295,1528,-30918
703,DUK,2020-10-15,0 days 15:55:06.915183,155946,91.93,91.89,200,1258,-779,621
704,DUK,2020-10-15,0 days 15:56:02.917783,157962,91.98,91.94,1182,250,1029,-385
705,DUK,2020-10-15,0 days 15:56:06.917496,157091,91.98,91.95,1168,450,-974,226
706,DUK,2020-10-15,0 days 15:57:34.920461,163124,91.91,91.87,200,1076,180,-1420
707,DUK,2020-10-15,0 days 15:59:14.923574,165594,92.05,92.0,300,300,23178,-2915
708,DVN,2020-10-15,0 days 15:55:01.247187,396548,9.43,9.42,7602,27537,1299,-1001
709,DVN,2020-10-15,0 days 15:55:28.249346,399749,9.43,9.42,9104,24795,-8607,1293
710,DVN,2020-10-15,0 days 15:55:29.249538,398656,9.43,9.42,12548,21795,1093,-8607
711,DVN,2020-10-15,0 days 15:57:24.249746,430793,9.43,9.42,14225,23216,-1559,3941
712,DVN,2020-10-15,0 days 15:57:25.250251,427952,9.43,9.42,15512,24516,2841,-1559
713,DVN,2020-10-15,0 days 15:57:26.250043,433208,9.43,9.42,13498,24376,-5044,2841
714,DVN,2020-10-15,0 days 15:57:27.250482,430152,9.43,9.42,12224,24383,3056,-5044
715,DVN,2020-10-15,0 days 15:58:01.251216,417502,9.43,9.42,15650,22878,-6250,9756
716,DVN,2020-10-15,0 days 15:59:12.254967,424209,9.42,9.41,7371,26069,-2757,2292
717,DXC,2020-10-15,0 days 15:55:35.231831,269739,20.16,20.15,1502,1800,-708,614
718,DXC,2020-10-15,0 days 15:55:36.231831,269247,20.16,20.15,846,1800,492,-708
719,DXC,2020-10-15,0 days 15:57:34.234187,273752,20.18,20.17,3349,1571,-522,978
720,DXC,2020-10-15,0 days 15:57:35.234107,272874,20.18,20.17,3250,1571,878,-522
721,DXC,2020-10-15,0 days 15:57:51.234852,274652,20.17,20.16,1369,1938,-37,263
722,DXC,2020-10-15,0 days 15:57:52.234828,272489,20.17,20.16,1373,2038,2163,-37
723,DXC,2020-10-15,0 days 15:58:02.235773,272272,20.17,20.16,970,2545,-1280,700
724,DXC,2020-10-15,0 days 15:58:03.235484,266753,20.17,20.16,964,2445,5519,-1280
725,DXC,2020-10-15,0 days 15:58:20.237529,274962,20.18,20.17,1443,400,-1859,741
726,DXC,2020-10-15,0 days 15:58:22.237620,273021,20.18,20.17,2793,500,1941,-959
727,DXC,2020-10-15,0 days 15:59:09.240103,283524,20.19,20.18,1543,2247,-146,948
728,DXC,2020-10-15,0 days 15:59:10.239756,283270,20.19,20.18,2143,1947,254,-146
729,DXC,2020-10-15,0 days 15:59:34.239698,319171,20.19,20.18,1400,2031,-8188,1854
730,DXC,2020-10-15,0 days 15:59:45.241754,320407,20.19,20.18,2592,1525,-192,912
731,DXC,2020-10-15,0 days 15:59:55.242750,323742,20.2,20.19,2100,608,-657,4219
732,EGO,2020-10-15,0 days 15:55:28.237428,54539,14.15,14.14,3695,25746,922,-1178
733,EGO,2020-10-15,0 days 15:55:29.237651,46561,14.15,14.14,3660,25746,-7978,922
734,EGO,2020-10-15,0 days 15:58:52.244481,55802,14.15,14.14,9184,5662,1481,-4000
735,ELAN,2020-10-15,0 days 15:57:39.217143,939344,31.78,31.77,850,724,3822,-5078
736,ELAN,2020-10-15,0 days 15:57:40.217168,936666,31.78,31.77,850,724,-2678,3822
737,ELAN,2020-10-15,0 days 15:57:46.217560,939344,31.77,31.76,100,700,7322,-1578
738,ELAN,2020-10-15,0 days 15:57:47.217853,938966,31.79,31.77,927,500,-378,7322
739,ELAN,2020-10-15,0 days 15:57:48.217953,939344,31.79,31.77,927,900,22,-378
740,ELAN,2020-10-15,0 days 15:58:33.220465,941237,31.85,31.83,698,617,2321,-3179
741,ELAN,2020-10-15,0 days 15:58:34.220111,938058,31.85,31.83,698,617,-3179,2321
742,ELAN,2020-10-15,0 days 15:58:35.221359,941237,31.86,31.83,1200,617,6021,-3179
743,ELAN,2020-10-15,0 days 15:58:36.220218,938958,31.85,31.83,281,549,-2279,6021
744,ENB,2020-10-15,0 days 15:55:00.917292,42490,29.28,29.27,4400,3842,-3110,7332
745,ENB,2020-10-15,0 days 15:55:01.915083,40600,29.28,29.27,5900,3346,1890,-3110
746,ENB,2020-10-15,0 days 15:59:07.928075,41845,29.26,29.25,3170,4514,-1996,1300
747,ENB,2020-10-15,0 days 15:59:08.925493,40741,29.27,29.26,11020,6420,704,-1996
748,ENB,2020-10-15,0 days 15:59:45.924239,41845,29.26,29.25,4899,9937,-73,927
749,ENB,2020-10-15,0 days 15:59:48.923717,40618,29.26,29.25,12919,8537,827,-73
750,EOG,2020-10-15,0 days 15:55:00.916933,396001,38.03,38.02,400,2200,42102,-51330
751,EOG,2020-10-15,0 days 15:55:01.915000,392903,38.03,38.02,3415,1466,-2584,42102
752,EOG,2020-10-15,0 days 15:57:35.921663,402643,38.0,37.99,835,2310,1546,-2454
753,EOG,2020-10-15,0 days 15:57:36.920742,400589,38.0,37.99,1035,2033,-2054,1546
754,EOG,2020-10-15,0 days 15:58:06.922684,405215,38.01,38.0,2183,4800,2538,-1925
755,EOG,2020-10-15,0 days 15:58:07.922625,404253,38.01,38.0,2183,3113,-962,2538
756,EOG,2020-10-15,0 days 15:58:19.924111,407108,38.0,37.99,1300,201,1416,-474
757,EOG,2020-10-15,0 days 15:58:20.923621,406024,38.0,37.99,1300,201,-1074,1416
758,EOG,2020-10-15,0 days 15:58:22.923716,407108,38.0,37.99,1000,301,116,-1074
759,EOG,2020-10-15,0 days 15:58:23.923167,406024,38.0,37.99,1800,100,-1074,116
760,EOG,2020-10-15,0 days 15:58:26.923461,407108,38.0,37.99,1831,200,1416,-1074
761,EOG,2020-10-15,0 days 15:58:27.923693,406024,38.0,37.98,2004,1333,-1074,1416
762,EOG,2020-10-15,0 days 15:58:47.923787,407108,38.02,38.01,432,1961,2316,-1584
763,EOG,2020-10-15,0 days 15:58:48.923656,405524,38.02,38.01,732,1761,-1584,2316
764,EOG,2020-10-15,0 days 15:59:15.922594,419928,38.02,38.01,1437,1316,9852,-1589
765,EOG,2020-10-15,0 days 15:59:36.923587,437228,38.03,38.02,100,1043,998,-5402
766,EOG,2020-10-15,0 days 15:59:38.923376,438026,38.04,38.03,799,1650,-20402,998
767,EOG,2020-10-15,0 days 15:59:39.923802,437187,38.04,38.03,800,400,839,-20402
768,EOG,2020-10-15,0 days 15:59:42.922883,438635,38.04,38.03,1896,453,-71,839
769,EOG,2020-10-15,0 days 15:59:44.923135,437187,38.04,38.03,200,900,1169,-71
770,EPD,2020-10-15,0 days 15:58:52.244439,83473,17.49,17.48,11221,10988,-1146,337
771,EPD,2020-10-15,0 days 15:58:53.243908,82419,17.49,17.48,13436,9200,1054,-1146
772,EPD,2020-10-15,0 days 15:59:46.248263,85372,17.49,17.48,17896,6141,-410,643
773,EPD,2020-10-15,0 days 15:59:48.248239,84829,17.49,17.48,8396,6341,243,-410
774,EQH,2020-10-15,0 days 15:55:00.237634,84663,20.52,20.51,3256,3404,-296,19997
775,EQH,2020-10-15,0 days 15:55:18.237936,84959,20.52,20.51,4535,4583,325,-275
776,EQH,2020-10-15,0 days 15:56:08.240457,88545,20.54,20.53,1206,3627,-114,1075
777,EQH,2020-10-15,0 days 15:56:09.240098,88259,20.54,20.53,1111,3727,286,-114
778,EQH,2020-10-15,0 days 15:58:42.246941,97173,20.57,20.56,1466,3174,290,-210
779,EQH,2020-10-15,0 days 15:58:46.247270,97463,20.57,20.56,1993,2529,-110,590
780,EQH,2020-10-15,0 days 15:58:47.247627,96373,20.57,20.56,1993,2556,1090,-110
781,EQNR,2020-10-15,0 days 15:59:36.249406,29747,14.31,14.3,41783,16900,2621,-3179
782,EQNR,2020-10-15,0 days 15:59:37.249581,29568,14.31,14.3,40783,16700,-179,2621
783,EQNR,2020-10-15,0 days 15:59:46.250736,29747,14.31,14.3,40555,23419,1721,-179
784,EQNR,2020-10-15,0 days 15:59:47.250445,29668,14.31,14.3,42655,13397,-79,1721
785,EQT,2020-10-15,0 days 15:58:07.245131,158696,15.07,15.06,3320,3249,-2701,2617
786,EQT,2020-10-15,0 days 15:58:08.245440,152797,15.07,15.06,3520,3361,5899,-2701
787,EQT,2020-10-15,0 days 15:59:04.248560,160347,15.09,15.08,842,5483,-614,1993
788,EQT,2020-10-15,0 days 15:59:31.249857,160471,15.11,15.1,7200,2368,-4460,791
789,EQT,2020-10-15,0 days 15:59:32.249263,159031,15.11,15.1,2800,4668,1440,-4460
790,EQT,2020-10-15,0 days 15:59:33.248845,160471,15.11,15.1,2600,4468,-2360,1440
791,EQT,2020-10-15,0 days 15:59:34.248317,160131,15.11,15.1,2518,4268,340,-2360
792,EQT,2020-10-15,0 days 15:59:46.249848,162677,15.11,15.1,4444,4837,-8148,1400
793,ESI,2020-10-15,0 days 15:55:46.213672,41052,12.4,12.39,2601,7863,2593,-3937
794,ESI,2020-10-15,0 days 15:55:47.213576,40545,12.4,12.39,2051,8663,-507,2593
795,ESI,2020-10-15,0 days 15:55:58.213702,41052,12.4,12.39,2252,8567,3693,-5107
796,ESI,2020-10-15,0 days 15:55:59.213759,40545,12.4,12.39,2252,8567,-507,3693
797,ESI,2020-10-15,0 days 15:58:59.221257,44980,12.42,12.41,5310,922,2307,-893
798,ESI,2020-10-15,0 days 15:59:46.224922,45687,12.43,12.42,5240,6092,210,-490
799,ESI,2020-10-15,0 days 15:59:48.224235,45297,12.43,12.42,4840,6292,-390,210
800,ET,2020-10-15,0 days 15:55:00.235490,124200,6.3,6.29,42365,41218,2936,-36104
801,ET,2020-10-15,0 days 15:57:42.241927,129595,6.29,6.28,48414,29191,-25309,30791
802,ET,2020-10-15,0 days 15:57:43.241548,96704,6.29,6.28,49614,33198,32891,-25309
803,ET,2020-10-15,0 days 15:58:58.244218,138154,6.29,6.28,56951,33729,-20874,30567
804,ET,2020-10-15,0 days 15:58:59.245511,132928,6.29,6.28,56133,34629,5226,-20874
805,ET,2020-10-15,0 days 15:59:49.246838,150200,6.29,6.28,47647,45792,-325,2775
806,ET,2020-10-15,0 days 15:59:50.249917,142525,6.29,6.28,46547,44842,7675,-325
807,ETRN,2020-10-15,0 days 15:55:08.408471,87030,8.35,8.34,4634,3166,-1089,2311
808,ETRN,2020-10-15,0 days 15:55:09.406934,86519,8.35,8.34,4635,3166,511,-1089
809,ETRN,2020-10-15,0 days 15:55:22.407999,90130,8.35,8.34,4934,2866,-389,511
810,ETRN,2020-10-15,0 days 15:55:39.407262,95429,8.35,8.34,5504,3166,608,-899
811,ETRN,2020-10-15,0 days 15:55:40.408539,94737,8.35,8.34,5304,3066,-692,608
812,ETRN,2020-10-15,0 days 15:56:03.410094,95429,8.35,8.34,5265,3266,1710,-425
813,ETRN,2020-10-15,0 days 15:56:04.409408,93839,8.35,8.34,5465,3266,-1590,1710
814,ETRN,2020-10-15,0 days 15:56:53.410420,95729,8.37,8.36,3123,4186,471,-1169
815,ETRN,2020-10-15,0 days 15:56:54.409404,94600,8.37,8.36,3123,4360,-829,471
816,ETRN,2020-10-15,0 days 15:58:10.414383,104382,8.36,8.35,7604,2700,2486,-2467
817,ETRN,2020-10-15,0 days 15:59:45.418825,126959,8.4,8.39,5816,837,2040,-1404
818,ETRN,2020-10-15,0 days 15:59:46.418370,125699,8.4,8.39,5888,837,-1274,2040
819,EV,2020-10-15,0 days 15:55:00.247826,99747,61.65,61.64,1751,2148,-2581,35653
820,EV,2020-10-15,0 days 15:58:57.253014,103327,61.64,61.63,200,900,218,-74
821,EV,2020-10-15,0 days 15:58:58.253461,101545,61.64,61.63,100,900,-1782,218
822,EV,2020-10-15,0 days 15:59:07.255682,103403,61.66,61.65,275,800,1090,-1140
823,EV,2020-10-15,0 days 15:59:08.254825,102293,61.68,61.66,100,400,-1110,1090
824,EV,2020-10-15,0 days 15:59:37.251634,103523,61.66,61.65,177,600,-40,2260
825,EXK,2020-10-15,0 days 15:59:36.223057,13309,3.58,3.57,27075,88310,-2502,3598
826,EXPR,2020-10-15,0 days 15:57:16.919238,14251,0.75,0.74,3422,43400,-180,920
827,FCX,2020-10-15,0 days 15:57:41.234592,464831,17.18,17.17,22534,24000,3196,-1404
828,FCX,2020-10-15,0 days 15:58:07.235697,458848,17.19,17.18,30545,37149,-6983,8117
829,FCX,2020-10-15,0 days 15:59:01.239046,466310,17.19,17.18,1198,42294,505,-87
830,FCX,2020-10-15,0 days 15:59:02.238812,466815,17.2,17.18,32788,51769,-2326,505
831,FCX,2020-10-15,0 days 15:59:03.239204,469141,17.2,17.18,32888,51591,15210,-2326
832,FDX,2020-10-15,0 days 15:55:00.211359,73067,281.69,281.6,100,100,786,-15223
833,FDX,2020-10-15,0 days 15:55:46.213541,74491,281.67,281.61,244,600,-1124,1084
834,FDX,2020-10-15,0 days 15:55:47.213498,73915,281.67,281.56,444,790,576,-1124
835,FDX,2020-10-15,0 days 15:57:34.216773,79458,281.93,281.85,117,500,-262,438
836,FDX,2020-10-15,0 days 15:57:35.216691,78620,281.93,281.85,117,500,838,-262
837,FDX,2020-10-15,0 days 15:57:43.217128,79458,281.92,281.83,110,100,-62,138
838,FDX,2020-10-15,0 days 15:57:44.217443,78920,281.92,281.85,100,100,538,-62
839,FDX,2020-10-15,0 days 15:57:49.217846,79458,281.92,281.85,100,200,-162,838
840,FDX,2020-10-15,0 days 15:57:50.217875,79320,281.97,281.9,100,100,138,-162
841,FDX,2020-10-15,0 days 15:57:55.217530,78968,281.98,281.88,203,304,-52,148
842,FDX,2020-10-15,0 days 15:57:57.218351,79020,281.98,281.88,200,100,448,-52
843,FDX,2020-10-15,0 days 15:57:58.217834,78968,281.98,281.88,362,100,-52,448
844,FDX,2020-10-15,0 days 15:58:00.218683,76773,281.98,281.89,300,200,2095,-52
845,FDX,2020-10-15,0 days 15:58:01.219015,78868,281.98,281.9,200,200,-1505,2095
846,FDX,2020-10-15,0 days 15:58:02.219180,78673,281.98,281.92,200,100,195,-1505
847,FDX,2020-10-15,0 days 15:58:11.219278,79590,281.92,281.89,115,700,-266,434
848,FDX,2020-10-15,0 days 15:58:12.219925,79443,281.92,281.88,100,300,147,-266
849,FDX,2020-10-15,0 days 15:58:14.219222,79590,281.92,281.88,100,664,-675,147
850,FDX,2020-10-15,0 days 15:58:15.219652,79365,281.92,281.88,100,500,225,-675
851,FDX,2020-10-15,0 days 15:58:17.219385,79590,281.92,281.87,100,800,-75,225
852,FDX,2020-10-15,0 days 15:58:18.219152,79365,281.92,281.87,100,830,225,-75
853,FDX,2020-10-15,0 days 15:58:21.219930,79590,281.92,281.87,100,600,-275,225
854,FDX,2020-10-15,0 days 15:58:22.219589,79365,281.91,281.87,100,826,302,-275
855,FDX,2020-10-15,0 days 15:58:23.221468,79667,281.91,281.87,100,452,-398,302
856,FDX,2020-10-15,0 days 15:58:24.219899,79465,281.87,281.8,100,200,202,-398
857,FDX,2020-10-15,0 days 15:58:25.219616,79667,281.87,281.8,100,300,-398,202
858,FDX,2020-10-15,0 days 15:58:26.219597,79465,281.88,281.8,100,300,202,-398
859,FDX,2020-10-15,0 days 15:58:43.220301,79667,281.98,281.9,100,100,-298,202
860,FDX,2020-10-15,0 days 15:58:44.220207,79465,281.94,281.87,141,200,202,-298
861,FDX,2020-10-15,0 days 15:58:46.220507,79067,281.98,281.9,100,100,-898,202
862,FDX,2020-10-15,0 days 15:58:47.221053,78965,282.04,281.9,100,287,102,-898
863,FDX,2020-10-15,0 days 15:58:48.220431,79067,282.03,281.92,115,800,-498,102
864,FDX,2020-10-15,0 days 15:58:49.220511,78965,282.03,281.92,115,800,102,-498
865,FDX,2020-10-15,0 days 15:58:54.221409,79067,282.04,281.94,100,100,-398,202
866,FDX,2020-10-15,0 days 15:58:55.220869,78965,282.04,281.94,100,100,702,-398
867,FDX,2020-10-15,0 days 15:58:57.220822,79067,281.99,281.94,121,200,-519,202
868,FDX,2020-10-15,0 days 15:58:58.221229,78904,281.98,281.94,100,1200,163,-519
869,FE,2020-10-15,0 days 15:59:06.254734,204780,31.55,31.54,1339,1112,7251,-5463
870,FE,2020-10-15,0 days 15:59:07.255483,202131,31.55,31.54,1164,1312,-2031,7251
871,FE,2020-10-15,0 days 15:59:46.253002,205042,31.53,31.52,402,2074,4570,-1509
872,FE,2020-10-15,0 days 15:59:47.252498,203412,31.54,31.52,1337,2174,-707,4570
873,FHN,2020-10-15,0 days 15:55:00.232481,342500,10.57,10.56,6513,18367,-73329,33446
874,FHN,2020-10-15,0 days 15:55:01.233604,338229,10.57,10.56,7763,21795,4271,-73329
875,FHN,2020-10-15,0 days 15:59:07.240552,401601,10.57,10.56,17107,17315,-8878,1622
876,FHN,2020-10-15,0 days 15:59:08.239144,399879,10.57,10.56,14318,20715,1722,-8878
877,FHN,2020-10-15,0 days 15:59:10.239619,401601,10.57,10.56,15189,21466,-16490,1722
878,FHN,2020-10-15,0 days 15:59:11.239643,397491,10.57,10.56,14389,20061,4110,-16490
879,FHN,2020-10-15,0 days 15:59:23.239559,401751,10.57,10.56,13826,19637,-12415,4260
880,FHN,2020-10-15,0 days 15:59:43.240031,419155,10.57,10.56,27711,6619,4153,-6011
881,FIS,2020-10-15,0 days 15:59:09.925509,232321,143.74,143.7,200,600,3700,-11751
882,FIS,2020-10-15,0 days 15:59:12.925481,234148,143.76,143.73,300,508,-373,1490
883,FIS,2020-10-15,0 days 15:59:13.925320,234521,143.79,143.67,300,100,609,-373
884,FIT,2020-10-15,0 days 15:57:10.412324,71424,6.97,6.96,72995,3300,-2747,4556
885,FIT,2020-10-15,0 days 15:57:11.412903,68371,6.97,6.96,72695,3300,3053,-2747
886,FIT,2020-10-15,0 days 15:57:21.413006,71424,6.97,6.96,66875,4000,-3157,3053
887,FIT,2020-10-15,0 days 15:57:22.412589,42781,6.97,6.96,61075,9900,28643,-3157
888,FIT,2020-10-15,0 days 15:57:48.414183,71424,6.97,6.96,57006,11481,-20857,28643
889,FIT,2020-10-15,0 days 15:57:49.414299,68681,6.97,6.96,57806,11481,2743,-20857
890,FIT,2020-10-15,0 days 15:58:07.415356,71424,6.97,6.96,50906,15181,-1892,2743
891,FIT,2020-10-15,0 days 15:58:08.415387,47416,6.97,6.96,54106,15400,24008,-1892
892,FIT,2020-10-15,0 days 15:59:01.417703,72827,6.97,6.96,59394,15089,-19682,25395
893,FIT,2020-10-15,0 days 15:59:03.417852,74427,6.97,6.96,59194,14789,2100,-1400
894,FIT,2020-10-15,0 days 15:59:45.419337,81895,6.97,6.96,45916,57527,-4560,2140
895,FIT,2020-10-15,0 days 15:59:46.418835,80455,6.97,6.96,46138,56327,1440,-4560
896,FSLY,2020-10-15,0 days 15:59:51.226289,228360,89.76,89.67,100,302,-174,614
897,FSLY,2020-10-15,0 days 15:59:55.224999,228360,89.77,89.67,700,400,-1874,54356
898,FSLY,2020-10-15,0 days 15:59:56.225572,174004,89.77,89.65,700,160,54356,-1874
899,FSLY,2020-10-15,0 days 15:59:57.225276,228360,89.77,89.69,700,100,-2662,54356
900,FSLY,2020-10-15,0 days 15:59:58.226992,174004,89.77,89.69,700,500,54356,-2662
901,FSM,2020-10-15,0 days 15:59:36.239947,33517,7.12,7.11,58659,15808,-7317,8683
902,FSM,2020-10-15,0 days 15:59:37.240472,33034,7.12,7.11,58659,15708,483,-7317
903,FSM,2020-10-15,0 days 15:59:38.239666,33517,7.12,7.11,58159,15708,-4217,483
904,FSM,2020-10-15,0 days 15:59:39.240941,33034,7.12,7.11,40859,16108,483,-4217
905,FSM,2020-10-15,0 days 15:59:46.241567,33517,7.12,7.11,53293,16777,-1028,483
906,FTCH,2020-10-15,0 days 15:56:08.238657,64363,27.21,27.2,2600,459,-668,822
907,FTCH,2020-10-15,0 days 15:56:09.238444,62531,27.21,27.2,2600,359,1832,-668
908,FTCH,2020-10-15,0 days 15:56:27.240647,64463,27.21,27.2,2138,100,-1131,1869
909,FTCH,2020-10-15,0 days 15:56:28.240597,63094,27.21,27.19,2038,700,1369,-1131
910,FTCH,2020-10-15,0 days 15:58:01.242595,62230,27.2,27.19,795,1400,-5064,1369
911,FTCH,2020-10-15,0 days 15:58:02.242934,60794,27.2,27.19,821,1300,1336,-5064
912,FTCH,2020-10-15,0 days 15:59:40.247168,65198,27.24,27.22,942,300,-8960,340
913,FTCH,2020-10-15,0 days 15:59:46.248422,64638,27.22,27.21,200,400,1867,-3518
914,FTI,2020-10-15,0 days 15:55:28.239257,244492,7.07,7.06,14936,42877,2598,-6902
915,FTI,2020-10-15,0 days 15:57:04.241868,266764,7.07,7.06,6318,40762,-817,18783
916,FTI,2020-10-15,0 days 15:57:05.241980,264781,7.07,7.06,6318,40862,883,-817
917,FTI,2020-10-15,0 days 15:58:46.247231,273559,7.07,7.06,28197,15290,2672,-3028
918,FTI,2020-10-15,0 days 15:59:01.248356,269588,7.07,7.06,28334,18620,-10527,3050
919,FTI,2020-10-15,0 days 15:59:02.248139,268115,7.07,7.06,28334,20020,1473,-10527
920,FTI,2020-10-15,0 days 15:59:14.248517,271240,7.07,7.06,32190,15919,-340,3125
921,FTI,2020-10-15,0 days 15:59:36.248438,277370,7.07,7.06,29168,12297,-810,750
922,FTI,2020-10-15,0 days 15:59:40.248958,276280,7.07,7.06,38449,15197,1090,-6910
923,FTI,2020-10-15,0 days 15:59:49.249846,276780,7.08,7.07,39005,7221,789,-4311
924,FTV,2020-10-15,0 days 15:55:00.237778,99600,67.41,67.35,400,200,2328,-36440
925,FTV,2020-10-15,0 days 15:55:01.237719,98828,67.4,67.37,100,200,-772,2328
926,FTV,2020-10-15,0 days 15:55:44.239343,101194,67.37,67.35,233,474,22,-605
927,FTV,2020-10-15,0 days 15:55:45.239339,100416,67.37,67.35,205,674,-778,22
928,FTV,2020-10-15,0 days 15:57:01.241948,101602,67.36,67.35,800,100,35,-272
929,FTV,2020-10-15,0 days 15:57:12.242295,96837,67.37,67.35,200,454,-4765,35
930,FTV,2020-10-15,0 days 15:57:22.242405,101602,67.37,67.35,400,395,1808,-192
931,FTV,2020-10-15,0 days 15:57:23.242592,101310,67.37,67.35,400,395,-292,1808
932,FTV,2020-10-15,0 days 15:57:47.244200,101602,67.36,67.35,404,200,2208,-392
933,FTV,2020-10-15,0 days 15:57:48.243923,101410,67.36,67.35,370,100,-192,2208
934,FTV,2020-10-15,0 days 15:57:54.244121,101602,67.36,67.35,320,137,1108,-692
935,FTV,2020-10-15,0 days 15:57:55.244757,101410,67.36,67.35,424,137,-192,1108
936,FTV,2020-10-15,0 days 15:58:13.245800,106521,67.36,67.35,340,482,2977,-6923
937,FTV,2020-10-15,0 days 15:58:48.247040,106521,67.36,67.35,100,400,1035,-865
938,FTV,2020-10-15,0 days 15:58:49.247213,105756,67.35,67.32,200,200,-765,1035
939,FTV,2020-10-15,0 days 15:59:31.249827,108772,67.4,67.37,100,198,-837,1763
940,FTV,2020-10-15,0 days 15:59:46.249789,111448,67.41,67.4,500,171,1984,-89
941,GE,2020-10-15,0 days 15:59:37.250593,3647954,6.88,6.87,225137,284400,-7703,131097
942,GEO,2020-10-15,0 days 15:56:08.249573,54773,10.89,10.88,1798,2732,1762,-138
943,GEO,2020-10-15,0 days 15:56:09.249219,53635,10.89,10.88,1798,2632,-1138,1762
944,GEO,2020-10-15,0 days 15:57:45.250466,55473,10.89,10.88,3754,507,2343,-1302
945,GEO,2020-10-15,0 days 15:57:46.250174,54716,10.89,10.88,3954,507,-757,2343
946,GEO,2020-10-15,0 days 15:58:59.256439,56177,10.89,10.88,2735,3148,103,-761
947,GEO,2020-10-15,0 days 15:59:00.256402,54880,10.89,10.88,2002,4048,-1197,103
948,GEO,2020-10-15,0 days 15:59:37.251458,57270,10.89,10.88,4380,1602,273,-779
949,GEO,2020-10-15,0 days 15:59:47.252411,56943,10.89,10.88,4361,1589,-327,3373
950,GGB,2020-10-15,0 days 15:59:36.223045,36307,4.04,4.03,139236,26998,21158,-25842
951,GGB,2020-10-15,0 days 15:59:37.224023,35765,4.04,4.03,137486,28698,-542,21158
952,GLW,2020-10-15,0 days 15:56:12.249559,289126,34.88,34.87,2182,3219,8486,-1014
953,GLW,2020-10-15,0 days 15:59:03.253856,315285,34.95,34.94,900,5700,6199,-9101
954,GLW,2020-10-15,0 days 15:59:34.251510,371161,34.97,34.96,1188,6314,-7712,7805
955,GLW,2020-10-15,0 days 15:59:35.251670,364473,34.97,34.96,2288,3114,6688,-7712
956,GLW,2020-10-15,0 days 15:59:46.253087,371161,34.97,34.96,501,7875,-6350,61
957,GLW,2020-10-15,0 days 15:59:47.252536,367811,34.97,34.96,1834,6375,3350,-6350
958,GM,2020-10-15,0 days 15:55:00.232343,918769,32.64,32.63,3532,9048,-3422,228050
959,GM,2020-10-15,0 days 15:55:01.233513,914791,32.64,32.63,23432,7289,3978,-3422
960,GM,2020-10-15,0 days 15:55:42.232107,922151,32.63,32.62,26619,10797,-590,1555
961,GM,2020-10-15,0 days 15:55:43.231730,918641,32.63,32.62,26517,10697,3510,-590
962,GM,2020-10-15,0 days 15:56:09.232268,980121,32.66,32.65,11259,6900,-18510,4090
963,GM,2020-10-15,0 days 15:56:10.232489,973731,32.64,32.63,6210,6519,6390,-18510
964,GM,2020-10-15,0 days 15:56:29.232987,984421,32.68,32.67,5878,5400,-484,769
965,GM,2020-10-15,0 days 15:56:32.233380,978694,32.68,32.67,200,9736,5727,-1273
966,GM,2020-10-15,0 days 15:57:10.232549,984502,32.69,32.68,3012,8560,-225,3962
967,GM,2020-10-15,0 days 15:57:12.232621,979127,32.69,32.68,802,10200,4075,-1525
968,GM,2020-10-15,0 days 15:57:18.233066,986602,32.69,32.68,5204,7860,-4625,6375
969,GM,2020-10-15,0 days 15:57:19.233033,981227,32.69,32.68,6004,8360,5375,-4625
970,GM,2020-10-15,0 days 15:57:34.234044,988102,32.66,32.65,21793,7800,-5672,4128
971,GM,2020-10-15,0 days 15:57:36.234045,987474,32.66,32.65,21593,7200,628,-7172
972,GM,2020-10-15,0 days 15:57:38.233979,988102,32.66,32.65,24593,4301,-9172,628
973,GM,2020-10-15,0 days 15:59:14.239361,1204504,32.68,32.67,16026,12248,9639,-173
974,GM,2020-10-15,0 days 15:59:21.239134,1224743,32.66,32.65,7852,1997,-34922,16344
975,GME,2020-10-15,0 days 15:55:00.237530,220784,13.84,13.83,379,2500,-11498,17050
976,GME,2020-10-15,0 days 15:55:34.238982,232282,13.81,13.8,3300,1100,2063,-3194
977,GME,2020-10-15,0 days 15:55:35.239465,223145,13.8,13.79,2216,161,-9137,2063
978,GME,2020-10-15,0 days 15:59:26.247644,235296,13.86,13.85,150,1200,-5374,14026
979,GNW,2020-10-15,0 days 15:55:00.238179,81741,3.58,3.57,20107,2952,-13618,629
980,GOLD,2020-10-15,0 days 15:55:25.239294,285389,27.79,27.78,21610,9100,3622,-478
981,GOLD,2020-10-15,0 days 15:59:37.248281,303449,27.76,27.75,6741,36791,-1051,549
982,GOLD,2020-10-15,0 days 15:59:44.249506,303449,27.76,27.75,39389,9645,-328,749
983,GPS,2020-10-15,0 days 15:55:34.409742,501792,19.79,19.78,10622,1788,8973,-26020
984,GPS,2020-10-15,0 days 15:55:35.409591,482714,19.79,19.78,9922,1917,-19078,8973
985,GPS,2020-10-15,0 days 15:59:20.418779,605416,19.83,19.82,2200,13300,118170,-13466
986,GPS,2020-10-15,0 days 15:59:21.417362,600028,19.84,19.83,2319,6605,-15388,118170
987,GPS,2020-10-15,0 days 15:59:25.417491,622216,19.84,19.83,1976,7305,7339,-18404
988,GPS,2020-10-15,0 days 15:59:39.418039,626411,19.86,19.85,3400,8074,-10424,1503
989,GPS,2020-10-15,0 days 15:59:46.418835,665839,19.86,19.85,1717,10509,23094,-3725
990,GPS,2020-10-15,0 days 15:59:47.420718,664933,19.86,19.85,1414,11309,-906,23094
991,GPS,2020-10-15,0 days 15:59:48.419176,673636,19.86,19.85,2194,9704,3112,-906
992,GRUB,2020-10-15,0 days 15:59:06.222228,86080,83.65,83.58,375,618,5890,-1094
993,GRUB,2020-10-15,0 days 15:59:50.227530,88972,83.65,83.55,340,300,70,-1230
994,GRUB,2020-10-15,0 days 15:59:57.225406,89042,83.66,83.55,200,300,-430,704
995,GRUB,2020-10-15,0 days 15:59:58.227150,88972,83.66,83.55,200,300,704,-430
996,GS,2020-10-15,0 days 15:55:01.233462,146831,208.28,208.21,500,200,1347,-4153
997,GS,2020-10-15,0 days 15:59:06.239236,167167,208.36,208.29,100,200,-11439,1912
998,GS,2020-10-15,0 days 15:59:07.240433,166188,208.35,208.29,100,879,979,-11439
999,GS,2020-10-15,0 days 15:59:12.239246,164588,208.41,208.36,1402,678,724,-821
1000,GS,2020-10-15,0 days 15:59:17.239338,162888,208.38,208.29,200,176,582,-1118
1001,GS,2020-10-15,0 days 15:59:25.239230,165312,208.41,208.28,200,100,-1799,2256
1002,GS,2020-10-15,0 days 15:59:26.238547,164911,208.39,208.36,100,100,401,-1799
1003,GS,2020-10-15,0 days 15:59:28.239058,165312,208.39,208.36,100,300,-348,401
1004,GSK,2020-10-15,0 days 15:57:44.243843,46738,35.98,35.97,11520,6667,-327,73
1005,GSK,2020-10-15,0 days 15:57:45.244106,45465,35.98,35.97,11369,6667,1273,-327
1006,GSK,2020-10-15,0 days 15:59:15.248387,47047,35.99,35.98,16726,13600,-508,492
1007,GSK,2020-10-15,0 days 15:59:16.248226,46755,35.99,35.98,16026,8700,292,-508
1008,GSK,2020-10-15,0 days 15:59:46.250095,47047,35.99,35.98,19532,1760,-2788,12
1009,GSX,2020-10-15,0 days 15:55:00.916352,77152,107.96,107.79,600,300,23877,-41068
1010,GSX,2020-10-15,0 days 15:55:36.916471,87329,108.05,107.94,105,301,-172,8848
1011,GSX,2020-10-15,0 days 15:57:29.919005,88498,108.02,107.95,100,200,1171,-229
1012,GSX,2020-10-15,0 days 15:59:33.923540,98655,108.0,107.87,200,100,-423,377
1013,GSX,2020-10-15,0 days 15:59:46.922758,99885,108.11,107.89,700,300,1122,-953
1014,GSX,2020-10-15,0 days 15:59:47.922448,99707,108.11,107.93,700,100,-178,1122
1015,HAL,2020-10-15,0 days 15:55:13.249813,480863,13.07,13.06,17836,8644,86,-4491
1016,HAL,2020-10-15,0 days 15:56:27.254283,522770,13.07,13.06,8206,15989,-3544,7956
1017,HAL,2020-10-15,0 days 15:58:52.258648,556213,13.08,13.07,8110,33100,1777,-9572
1018,HAL,2020-10-15,0 days 15:58:53.258911,549190,13.08,13.07,8210,23811,-5323,1777
1019,HAL,2020-10-15,0 days 15:59:06.260824,561952,13.09,13.08,24423,1441,26642,-1372
1020,HAL,2020-10-15,0 days 15:59:07.261459,558694,13.09,13.08,19012,1385,-3258,26642
1021,HAL,2020-10-15,0 days 15:59:26.248778,549410,13.07,13.06,11002,16805,-2042,12358
1022,HAL,2020-10-15,0 days 15:59:31.250385,545852,13.06,13.05,15902,24800,4858,-2042
1023,HAL,2020-10-15,0 days 15:59:32.249135,544310,13.06,13.05,1302,32610,-1542,4858
1024,HAL,2020-10-15,0 days 15:59:38.249361,562343,13.07,13.06,22558,104,38199,-401
1025,HAL,2020-10-15,0 days 15:59:52.251724,565163,13.07,13.06,17600,4129,40592,-10330
1026,HBI,2020-10-15,0 days 15:59:45.241743,236053,17.37,17.36,10701,1061,9499,-708
1027,HBI,2020-10-15,0 days 15:59:46.241447,232252,17.37,17.36,10301,2461,-5701,9499
1028,HD,2020-10-15,0 days 15:55:56.239619,214868,287.91,287.87,100,100,-27206,12329
1029,HD,2020-10-15,0 days 15:55:57.239603,214309,287.92,287.85,100,100,1492,-27206
1030,HD,2020-10-15,0 days 15:56:12.239927,215901,287.83,287.76,100,100,-321,379
1031,HD,2020-10-15,0 days 15:56:13.240456,215659,287.87,287.78,500,200,242,-321
1032,HD,2020-10-15,0 days 15:56:49.241807,215915,287.89,287.86,235,100,-204,157
1033,HD,2020-10-15,0 days 15:56:50.241360,215754,287.89,287.85,100,100,161,-204
1034,HD,2020-10-15,0 days 15:57:05.241944,216311,287.83,287.78,116,200,-152,244
1035,HD,2020-10-15,0 days 15:57:06.242111,216063,287.82,287.78,104,600,248,-152
1036,HD,2020-10-15,0 days 15:57:21.242462,216311,287.9,287.78,351,100,-116,245
1037,HD,2020-10-15,0 days 15:57:22.242371,216127,287.87,287.76,100,200,184,-116
1038,HD,2020-10-15,0 days 15:57:44.243808,225111,287.8,287.78,300,308,-283,2217
1039,HD,2020-10-15,0 days 15:57:45.244064,224294,287.8,287.76,470,508,817,-283
1040,HD,2020-10-15,0 days 15:57:51.244331,225111,287.8,287.74,463,509,-548,2752
1041,HD,2020-10-15,0 days 15:57:52.244200,224259,287.8,287.74,863,927,1152,-548
1042,HD,2020-10-15,0 days 15:57:56.244282,226422,287.78,287.74,216,727,-237,1763
1043,HD,2020-10-15,0 days 15:57:57.244442,225459,287.78,287.74,216,847,963,-237
1044,HD,2020-10-15,0 days 15:57:59.244542,226422,287.8,287.77,253,200,-972,963
1045,HD,2020-10-15,0 days 15:58:00.246107,225459,287.8,287.75,302,500,963,-972
1046,HD,2020-10-15,0 days 15:58:08.245369,224401,288.04,287.83,700,200,-1367,923
1047,HD,2020-10-15,0 days 15:58:09.245397,224168,287.95,287.83,262,300,233,-1367
1048,HD,2020-10-15,0 days 15:58:12.245970,228901,287.8,287.75,460,100,-396,290
1049,HD,2020-10-15,0 days 15:58:14.245706,229297,287.78,287.69,200,200,204,-361
1050,HD,2020-10-15,0 days 15:58:15.245755,226101,287.78,287.72,100,108,-3161,204
1051,HD,2020-10-15,0 days 15:58:17.245711,229262,287.78,287.72,510,208,139,-361
1052,HD,2020-10-15,0 days 15:58:18.245547,228901,287.78,287.72,410,208,-361,139
1053,HD,2020-10-15,0 days 15:58:22.246257,229863,287.8,287.78,304,100,938,-1696
1054,HD,2020-10-15,0 days 15:58:24.246109,229101,287.78,287.68,100,400,-366,34
1055,HD,2020-10-15,0 days 15:58:27.246107,229467,287.77,287.73,600,288,1834,-366
1056,HD,2020-10-15,0 days 15:58:28.246641,229101,287.77,287.73,467,288,-366,1834
1057,HD,2020-10-15,0 days 15:58:35.248042,228667,287.76,287.72,2021,100,434,-401
1058,HD,2020-10-15,0 days 15:58:36.246593,228401,287.74,287.71,2001,100,-266,434
1059,HD,2020-10-15,0 days 15:58:49.247167,225902,287.87,287.77,100,200,7482,-1205
1060,HD,2020-10-15,0 days 15:58:59.250910,227077,287.84,287.78,216,100,-332,348
1061,HD,2020-10-15,0 days 15:59:04.248422,226891,287.82,287.72,200,200,694,-86
1062,HD,2020-10-15,0 days 15:59:05.248714,227085,287.78,287.68,100,300,-106,694
1063,HD,2020-10-15,0 days 15:59:24.247679,264736,287.6,287.52,100,100,230,-7142
1064,HD,2020-10-15,0 days 15:59:25.247996,261185,287.64,287.53,100,100,-6646,230
1065,HD,2020-10-15,0 days 15:59:32.249223,261794,287.62,287.49,898,100,-2942,569
1066,HD,2020-10-15,0 days 15:59:39.248993,264340,287.51,287.4,100,861,2295,-266
1067,HD,2020-10-15,0 days 15:59:40.248993,263035,287.5,287.4,664,401,-1305,2295
1068,HD,2020-10-15,0 days 15:59:43.248791,265236,287.58,287.5,100,1272,414,-982
1069,HD,2020-10-15,0 days 15:59:44.249448,262050,287.72,287.57,500,550,-5781,414
1070,HD,2020-10-15,0 days 15:59:48.250230,273632,287.51,287.39,1145,100,1552,-1010
1071,HD,2020-10-15,0 days 15:59:49.249889,273641,287.48,287.4,845,200,-25,1552
1072,HL,2020-10-15,0 days 15:59:25.250199,165500,5.44,5.43,75909,18408,-4229,3559
1073,HL,2020-10-15,0 days 15:59:26.249828,161429,5.44,5.43,75909,18008,4071,-4229
1074,HL,2020-10-15,0 days 15:59:46.252120,165500,5.44,5.43,69309,51282,-3529,2871
1075,HL,2020-10-15,0 days 15:59:47.251318,162929,5.44,5.43,77509,19983,2571,-3529
1076,HLT,2020-10-15,0 days 15:55:00.408539,63911,88.55,88.52,283,470,1409,-7365
1077,HLT,2020-10-15,0 days 15:56:23.411191,67890,88.67,88.64,200,541,-2486,3014
1078,HLT,2020-10-15,0 days 15:56:24.410906,66971,88.66,88.63,413,300,819,-2486
1079,HLT,2020-10-15,0 days 15:58:01.415178,69851,88.6,88.57,200,200,-1609,995
1080,HLT,2020-10-15,0 days 15:58:02.415001,68260,88.6,88.57,500,200,1591,-1609
1081,HLT,2020-10-15,0 days 15:59:10.418223,79644,88.63,88.6,493,508,-30,1276
1082,HLT,2020-10-15,0 days 15:59:33.418089,79674,88.63,88.61,211,414,170,-30
1083,HLT,2020-10-15,0 days 15:59:48.419176,79207,88.67,88.62,750,100,532,-568
1084,HLT,2020-10-15,0 days 15:59:56.419930,77139,88.7,88.62,780,100,-1768,1332
1085,HLX,2020-10-15,0 days 15:59:14.248470,118123,2.82,2.81,11403,20068,1239,-1561
1086,HLX,2020-10-15,0 days 15:59:45.249981,121057,2.82,2.81,9647,29442,-2266,934
1087,HLX,2020-10-15,0 days 15:59:46.249557,120523,2.82,2.81,9747,30549,534,-2266
1088,HMY,2020-10-15,0 days 15:59:25.222595,63603,5.76,5.75,41053,70628,-4244,2741
1089,HOME,2020-10-15,0 days 15:55:34.917005,37059,21.81,21.8,1143,290,1987,-916
1090,HOME,2020-10-15,0 days 15:55:35.917052,36346,21.81,21.8,1143,288,-713,1987
1091,HOME,2020-10-15,0 days 15:55:49.917412,37362,21.81,21.8,1458,488,24,-852
1092,HOME,2020-10-15,0 days 15:55:51.917794,36184,21.82,21.81,400,300,-1178,24
1093,HOME,2020-10-15,0 days 15:56:07.918110,37362,21.81,21.8,1304,200,1322,-578
1094,HOME,2020-10-15,0 days 15:56:08.917917,36941,21.81,21.8,1204,200,-421,1322
1095,HOME,2020-10-15,0 days 15:56:59.919136,34474,21.8,21.78,714,219,3098,-90
1096,HOME,2020-10-15,0 days 15:57:46.921333,35672,21.77,21.75,844,500,-202,698
1097,HOME,2020-10-15,0 days 15:57:52.921682,35972,21.81,21.78,1100,100,-3390,298
1098,HOME,2020-10-15,0 days 15:58:10.923110,40644,21.81,21.8,937,300,259,-631
1099,HOME,2020-10-15,0 days 15:58:11.923035,40503,21.81,21.8,1037,200,-141,259
1100,HOME,2020-10-15,0 days 15:58:47.923809,40844,21.86,21.85,313,317,359,-241
1101,HOME,2020-10-15,0 days 15:58:48.923693,40603,21.86,21.85,313,317,-241,359
1102,HOME,2020-10-15,0 days 15:59:46.923095,46844,21.92,21.91,804,300,1104,-769
1103,HON,2020-10-15,0 days 15:55:00.916520,248842,173.03,172.96,406,200,-93509,46541
1104,HPE,2020-10-15,0 days 15:56:35.411095,454719,9.87,9.86,2600,41823,1084,-1717
1105,HPE,2020-10-15,0 days 15:57:07.411995,443403,9.87,9.86,9999,37418,-10616,1784
1106,HPE,2020-10-15,0 days 15:59:15.417268,499949,9.87,9.86,12810,24770,117689,-6043
1107,HPE,2020-10-15,0 days 15:59:16.417443,498938,9.88,9.87,27136,9626,-1011,117689
1108,HPE,2020-10-15,0 days 15:59:44.418424,518800,9.87,9.86,4499,34636,1567,-1433
1109,HPE,2020-10-15,0 days 15:59:46.418617,518345,9.87,9.86,10736,28204,-2583,16345
1110,HPE,2020-10-15,0 days 15:59:47.420592,521628,9.87,9.86,14236,18264,2001,-2583
1111,HPQ,2020-10-15,0 days 15:59:06.249181,631185,19.56,19.55,6086,9675,6673,-19755
1112,HPQ,2020-10-15,0 days 15:59:07.249927,618858,19.56,19.55,1130,15897,-3727,6673
1113,HPQ,2020-10-15,0 days 15:59:15.248364,631185,19.56,19.55,14800,12950,169926,-9873
1114,HRB,2020-10-15,0 days 15:59:40.250571,352711,17.51,17.5,8605,2214,131,-679
1115,HRB,2020-10-15,0 days 15:59:46.252221,328906,17.51,17.5,6620,800,-26718,11885
1116,HSBC,2020-10-15,0 days 15:59:24.250862,34599,19.4,19.39,20333,7449,5724,-2046
1117,HSBC,2020-10-15,0 days 15:59:36.251561,39423,19.4,19.39,16743,19811,-3976,4824
1118,HSBC,2020-10-15,0 days 15:59:37.251584,39099,19.4,19.39,17793,18511,324,-3976
1119,HST,2020-10-15,0 days 15:55:00.233391,551314,11.0,10.99,19555,18355,23164,-14935
1120,HST,2020-10-15,0 days 15:57:45.235015,599169,11.0,10.99,21009,16551,-2199,2501
1121,HST,2020-10-15,0 days 15:57:46.234778,576268,11.0,10.99,20909,16061,22901,-2199
1122,HST,2020-10-15,0 days 15:58:01.235842,601385,11.0,10.99,7609,23277,-283,1201
1123,HST,2020-10-15,0 days 15:58:02.235768,596768,11.0,10.99,7609,23577,4617,-283
1124,HST,2020-10-15,0 days 15:58:27.236952,595499,11.01,11.0,14257,18996,-1576,2024
1125,HST,2020-10-15,0 days 15:58:28.237497,594975,11.01,11.0,14659,17796,524,-1576
1126,HYLN,2020-10-15,0 days 15:55:00.240020,9063,28.36,28.3,1440,200,52,-4649
1127,HYLN,2020-10-15,0 days 15:55:33.239523,9017,28.36,28.27,1506,500,-46,54
1128,HYLN,2020-10-15,0 days 15:56:11.241361,9123,28.35,28.32,100,700,194,-106
1129,HYLN,2020-10-15,0 days 15:57:15.242350,9317,28.38,28.36,490,400,-6,94
1130,HYLN,2020-10-15,0 days 15:57:41.244299,9323,28.39,28.36,1000,500,4,-6
1131,HYLN,2020-10-15,0 days 15:58:33.246441,9327,28.5,28.4,360,561,-196,4
1132,HYLN,2020-10-15,0 days 15:59:55.251722,10179,28.32,28.22,400,2100,1363,-437
1133,IAG,2020-10-15,0 days 15:59:01.244198,86273,4.03,4.02,129016,122932,39037,-50058
1134,IAG,2020-10-15,0 days 15:59:02.244359,82410,4.03,4.02,127471,120432,-3863,39037
1135,IAG,2020-10-15,0 days 15:59:36.245883,86273,4.03,4.02,118065,168228,41478,-48822
1136,IAG,2020-10-15,0 days 15:59:37.246106,83751,4.03,4.02,108362,168228,-2522,41478
1137,IAG,2020-10-15,0 days 15:59:46.247490,86273,4.03,4.02,121662,131108,1871,-2522
1138,IAG,2020-10-15,0 days 15:59:48.247478,83944,4.03,4.02,115230,157508,-2329,1871
1139,IBM,2020-10-15,0 days 15:59:20.416065,364692,124.84,124.81,908,100,20427,-5281
1140,IBM,2020-10-15,0 days 15:59:21.415998,364482,124.84,124.81,608,100,-210,20427
1141,IBM,2020-10-15,0 days 15:59:22.416873,364692,124.84,124.81,908,200,1482,-210
1142,IBM,2020-10-15,0 days 15:59:33.417682,364694,124.86,124.83,100,100,8978,-1259
1143,IBM,2020-10-15,0 days 15:59:35.418283,363561,124.86,124.83,100,200,-1131,1178
1144,IBM,2020-10-15,0 days 15:59:38.418712,364694,124.84,124.83,100,200,1578,-3822
1145,IBM,2020-10-15,0 days 15:59:39.416659,361272,124.86,124.83,100,800,-3422,1578
1146,IBM,2020-10-15,0 days 15:59:45.418996,367057,124.88,124.85,200,100,7707,-1007
1147,IBM,2020-10-15,0 days 15:59:46.418512,363224,124.91,124.87,200,200,-4185,7707
1148,IBM,2020-10-15,0 days 15:59:47.420303,367409,124.91,124.87,200,100,122,-4185
1149,IBM,2020-10-15,0 days 15:59:54.418967,360062,124.87,124.84,300,100,-7347,3875
1150,IBN,2020-10-15,0 days 15:55:00.240336,158036,10.85,10.84,40493,33721,2024,-8474
1151,IBN,2020-10-15,0 days 15:57:38.244539,194060,10.86,10.85,44528,24814,-762,4638
1152,IBN,2020-10-15,0 days 15:57:50.245402,186022,10.86,10.85,49867,19614,8038,-762
1153,IBN,2020-10-15,0 days 15:58:52.248312,194060,10.86,10.85,45697,24869,-4888,2206
1154,IBN,2020-10-15,0 days 15:58:53.248010,187748,10.86,10.85,45559,25169,6312,-4888
1155,IBN,2020-10-15,0 days 15:59:08.249416,202711,10.86,10.85,34545,36570,-2727,2283
1156,IBN,2020-10-15,0 days 15:59:36.250230,194380,10.87,10.86,38295,56778,2031,-9569
1157,ICE,2020-10-15,0 days 15:59:15.259416,543425,102.06,101.99,600,216,36048,-39401
1158,ICE,2020-10-15,0 days 15:59:16.248832,529608,102.05,102.02,100,216,-13817,36048
1159,ICE,2020-10-15,0 days 15:59:24.248981,546538,102.04,101.99,500,235,840,-1272
1160,ICE,2020-10-15,0 days 15:59:28.248871,545578,102.03,101.99,200,235,-960,1440
1161,ICE,2020-10-15,0 days 15:59:37.249631,546010,102.02,101.99,100,177,-528,1772
1162,ICE,2020-10-15,0 days 15:59:45.250609,547757,102.07,102.04,600,100,2199,-384
1163,ICE,2020-10-15,0 days 15:59:46.250936,547756,102.09,102.03,900,100,-1,2199
1164,ICE,2020-10-15,0 days 15:59:48.250676,547757,102.11,102.04,200,777,1852,-1
1165,ICE,2020-10-15,0 days 15:59:49.250832,547709,102.09,102.03,100,100,-48,1852
1166,ICE,2020-10-15,0 days 15:59:55.252852,547757,102.1,101.98,300,100,952,-48
1167,IGT,2020-10-15,0 days 15:55:00.916474,61239,10.64,10.63,1980,6272,8830,-7162
1168,IGT,2020-10-15,0 days 15:55:38.917059,64642,10.65,10.64,3873,6141,-570,2376
1169,IGT,2020-10-15,0 days 15:59:25.922935,70897,10.64,10.63,5503,933,10541,-716
1170,INFY,2020-10-15,0 days 15:55:13.237876,200767,15.27,15.26,38735,46534,-348,4054
1171,INFY,2020-10-15,0 days 15:55:15.238499,212815,15.27,15.26,56483,21593,10235,-348
1172,INFY,2020-10-15,0 days 15:55:37.239324,238150,15.27,15.26,69149,20847,-609,7086
1173,INFY,2020-10-15,0 days 15:55:44.239273,230059,15.26,15.25,67774,25949,8631,-21169
1174,INFY,2020-10-15,0 days 15:56:27.240709,239965,15.26,15.25,60286,56295,-2390,1310
1175,INFY,2020-10-15,0 days 15:56:28.241235,232355,15.26,15.25,54299,56191,7610,-2390
1176,INFY,2020-10-15,0 days 15:58:44.246690,241806,15.26,15.25,56350,55132,-818,2682
1177,INFY,2020-10-15,0 days 15:58:45.246784,235924,15.26,15.25,57550,56432,5882,-818
1178,INFY,2020-10-15,0 days 15:59:15.248225,243852,15.26,15.25,47965,54835,-1828,72
1179,ING,2020-10-15,0 days 15:59:36.222968,38426,7.23,7.22,98407,72199,-6366,7534
1180,ING,2020-10-15,0 days 15:59:37.223937,37992,7.23,7.22,90007,65502,434,-6366
1181,ING,2020-10-15,0 days 15:59:46.224811,38426,7.23,7.22,115252,28147,-466,434
1182,ING,2020-10-15,0 days 15:59:47.224663,38092,7.23,7.22,121352,32847,334,-466
1183,INVH,2020-10-15,0 days 15:59:45.241631,248846,28.5,28.49,3214,1117,111,-40
1184,INVH,2020-10-15,0 days 15:59:48.241346,244367,28.49,28.48,3173,600,-3579,11921
1185,IP,2020-10-15,0 days 15:55:23.238823,170258,45.49,45.48,1345,437,36283,-11117
1186,IP,2020-10-15,0 days 15:56:37.240691,212658,45.59,45.58,200,1000,3019,-881
1187,IP,2020-10-15,0 days 15:57:38.243577,220476,45.52,45.51,1150,1200,-994,1106
1188,IP,2020-10-15,0 days 15:57:39.243501,217770,45.52,45.51,1868,800,2706,-994
1189,IP,2020-10-15,0 days 15:57:50.243911,220476,45.52,45.51,1600,200,-793,1207
1190,IP,2020-10-15,0 days 15:57:51.244218,219669,45.52,45.51,1800,300,807,-793
1191,IP,2020-10-15,0 days 15:57:52.244118,220476,45.52,45.51,1601,700,-1693,807
1192,IP,2020-10-15,0 days 15:57:53.244001,220269,45.52,45.51,1801,800,207,-1693
1193,IP,2020-10-15,0 days 15:58:01.245071,212290,45.52,45.51,1402,990,-2779,607
1194,IP,2020-10-15,0 days 15:59:09.249099,227185,45.53,45.52,100,1696,1210,-2128
1195,IPG,2020-10-15,0 days 15:55:39.213226,170066,17.98,17.97,5434,3552,1794,-1516
1196,IPG,2020-10-15,0 days 15:55:40.213346,165800,17.98,17.97,5434,3343,-7124,1794
1197,IPG,2020-10-15,0 days 15:57:37.217123,183374,17.98,17.97,8305,2452,2372,-3128
1198,IPG,2020-10-15,0 days 15:57:38.216910,178846,17.98,17.97,7973,2452,-4528,2372
1199,IPG,2020-10-15,0 days 15:57:52.217467,183374,17.97,17.96,12149,659,72,-428
1200,IPG,2020-10-15,0 days 15:57:53.217949,179346,17.97,17.96,12249,659,-4028,72
1201,IPG,2020-10-15,0 days 15:58:21.220079,183896,17.96,17.95,4382,5662,4096,-2623
1202,IPG,2020-10-15,0 days 15:58:22.219749,181392,17.96,17.95,2870,7357,-2504,4096
1203,IPOB,2020-10-15,0 days 15:50:03.235884,2223,24.0,23.93,800,800,-676,1023
1204,IPOB,2020-10-15,0 days 15:50:59.235412,1200,24.05,24.0,550,805,1023,-676
1205,IPOB,2020-10-15,0 days 15:51:09.235715,2223,24.04,23.97,200,400,-676,1023
1206,IPOB,2020-10-15,0 days 15:52:08.236339,1200,23.99,23.8,3600,392,1023,-676
1207,IPOB,2020-10-15,0 days 15:52:18.236390,1200,23.77,23.65,100,100,1023,-676
1208,IPOB,2020-10-15,0 days 15:52:23.236283,1200,23.63,23.56,200,500,1023,-676
1209,IPOB,2020-10-15,0 days 15:52:27.236256,1200,23.62,23.51,4500,200,1023,-676
1210,IPOB,2020-10-15,0 days 15:52:35.236368,2223,23.97,23.57,300,300,-676,1023
1211,IPOB,2020-10-15,0 days 15:52:40.236765,1200,23.97,23.57,600,400,1023,-676
1212,IPOB,2020-10-15,0 days 15:52:47.236485,2223,23.95,23.6,150,100,-676,1023
1213,IPOB,2020-10-15,0 days 15:52:53.236723,1200,23.94,23.65,300,600,1023,-676
1214,IPOB,2020-10-15,0 days 15:53:20.236868,2223,23.89,23.71,2121,900,-676,1023
1215,IPOB,2020-10-15,0 days 15:53:27.236893,1200,23.89,23.75,100,600,1023,-676
1216,IPOB,2020-10-15,0 days 15:53:54.237460,2223,23.74,23.61,110,100,-676,1023
1217,IPOB,2020-10-15,0 days 15:53:58.237183,1200,23.87,23.7,4200,246,1023,-676
1218,IPOB,2020-10-15,0 days 15:54:06.237141,2223,23.75,23.7,4400,446,-676,1023
1219,IPOB,2020-10-15,0 days 15:54:51.237551,1200,23.7,23.65,200,450,1023,-676
1220,IPOB,2020-10-15,0 days 15:54:54.237757,2223,23.65,23.62,1000,200,-676,1023
1221,IPOB,2020-10-15,0 days 15:55:10.239582,2239,23.6,23.55,256,991,-660,1039
1222,IPOB,2020-10-15,0 days 15:55:16.240234,1200,23.62,23.53,115,127,1039,-660
1223,IPOB,2020-10-15,0 days 15:55:21.240394,2239,23.59,23.53,172,100,-660,1039
1224,IPOB,2020-10-15,0 days 15:55:28.240714,1200,23.59,23.55,316,399,1039,-660
1225,IPOB,2020-10-15,0 days 15:55:50.241627,2522,23.7,23.59,100,200,-377,1322
1226,IPOB,2020-10-15,0 days 15:55:58.241464,1200,23.9,23.66,105,100,1322,-377
1227,IPOB,2020-10-15,0 days 15:56:20.243639,2522,23.9,23.8,507,560,-377,1322
1228,IPOB,2020-10-15,0 days 15:56:22.242324,1200,23.89,23.8,200,200,1322,-377
1229,IPOB,2020-10-15,0 days 15:56:24.242818,2522,23.89,23.78,242,100,-377,1322
1230,IPOB,2020-10-15,0 days 15:57:38.244633,1200,23.95,23.88,104,400,1322,-377
1231,IPOB,2020-10-15,0 days 15:58:02.246370,1200,23.94,23.85,128,200,1322,-377
1232,IPOB,2020-10-15,0 days 15:58:03.246034,2522,23.94,23.85,242,200,-377,1322
1233,IPOB,2020-10-15,0 days 15:58:04.245924,1200,23.94,23.85,242,200,1322,-377
1234,IPOB,2020-10-15,0 days 15:58:09.246804,2522,23.94,23.9,236,100,-377,1322
1235,IPOB,2020-10-15,0 days 15:58:32.247693,1400,23.91,23.9,415,201,1122,-577
1236,IPOB,2020-10-15,0 days 15:58:48.247992,2522,23.97,23.91,100,200,-577,1122
1237,IPOB,2020-10-15,0 days 15:59:17.249594,1718,23.93,23.92,598,300,804,-895
1238,IPOB,2020-10-15,0 days 15:59:34.250492,2527,24.0,23.93,3047,100,-990,709
