,Symbol,Timestamp,TIME,iPaired,Ask_P,Bid_P,Ask_S,Bid_S,iShares,PreviShares
0,AA,2020-09-22,0 days 15:55:00.236659,161659,12.21,12.2,25535,11295,3786,-19980
1,ABB,2020-09-22,0 days 15:57:32.888948,10616,25.2,25.19,8745,10897,-362,718
2,ABB,2020-09-22,0 days 15:59:36.897395,19144,25.2,25.19,21113,4234,423,-1077
3,ABBV,2020-09-22,0 days 15:59:32.248213,685044,88.58,88.57,1000,400,18160,-15648
4,ABEV,2020-09-22,0 days 15:59:38.225357,56315,2.36,2.35,1424834,579872,52,-448
5,ABEV,2020-09-22,0 days 15:59:47.225394,56367,2.36,2.35,1398969,576455,-125,52
6,ABEV,2020-09-22,0 days 15:59:48.225919,56292,2.36,2.35,1398969,576455,75,-125
7,ABR,2020-09-22,0 days 15:55:46.229254,32653,11.44,11.43,1100,1263,222,-378
8,ABR,2020-09-22,0 days 15:55:47.229217,32275,11.44,11.43,600,1463,-378,222
9,ABR,2020-09-22,0 days 15:58:01.234157,31736,11.43,11.42,1414,2205,2339,-482
10,ABR,2020-09-22,0 days 15:58:02.234196,29775,11.43,11.42,1414,2100,-1961,2339
11,ABR,2020-09-22,0 days 15:58:10.234766,31736,11.44,11.42,2262,3405,3893,-1961
12,ABR,2020-09-22,0 days 15:59:36.238941,43733,11.46,11.45,1700,2010,-774,450
13,ABR,2020-09-22,0 days 15:59:37.239140,43407,11.46,11.45,2700,510,326,-774
14,ABT,2020-09-22,0 days 15:55:00.216763,585023,104.79,104.78,208,878,4747,-89731
15,ABT,2020-09-22,0 days 15:55:52.217971,591890,104.89,104.87,200,200,1433,-537
16,ABT,2020-09-22,0 days 15:58:29.224038,636706,104.84,104.83,200,600,-5,3495
17,ABT,2020-09-22,0 days 15:58:30.223889,634211,104.83,104.81,636,639,2495,-5
18,ABT,2020-09-22,0 days 15:59:39.225369,669926,104.83,104.81,357,500,-1147,8087
19,ABT,2020-09-22,0 days 15:59:40.225306,668273,104.83,104.81,757,700,1953,-1147
20,ACM,2020-09-22,0 days 15:57:48.242235,173626,38.62,38.61,532,100,-664,526
21,ACM,2020-09-22,0 days 15:57:49.242029,171590,38.62,38.6,532,900,2036,-664
22,ACM,2020-09-22,0 days 15:59:20.248248,182331,38.6,38.59,114,280,-2910,1380
23,ACM,2020-09-22,0 days 15:59:46.249409,185915,38.58,38.57,538,100,428,-3256
24,ACN,2020-09-22,0 days 15:59:45.898381,294978,236.99,236.92,125,575,-2992,2431
25,ACN,2020-09-22,0 days 15:59:48.897064,294606,236.96,236.91,123,100,372,-1792
26,ADM,2020-09-22,0 days 15:55:00.886142,1401502,46.8,46.79,3094,473,526390,-939282
27,ADM,2020-09-22,0 days 15:58:58.892919,1957652,46.97,46.96,1053,100,-13743,34420
28,ADM,2020-09-22,0 days 15:58:59.894203,1945095,46.95,46.94,800,500,13528,-13743
29,ADM,2020-09-22,0 days 15:59:04.894955,1960294,46.96,46.95,205,800,-35501,12262
30,ADM,2020-09-22,0 days 15:59:05.895810,1923958,46.94,46.93,3099,2159,35721,-35501
31,ADM,2020-09-22,0 days 15:59:06.895354,1959323,46.96,46.95,805,1448,-11351,35721
32,ADM,2020-09-22,0 days 15:59:11.895303,1953931,46.99,46.98,500,451,5836,-23881
33,ADM,2020-09-22,0 days 15:59:13.894952,1959767,47.0,46.99,550,499,-10564,5836
34,ADM,2020-09-22,0 days 15:59:14.895227,1953531,46.99,46.98,200,1000,6236,-10564
35,ADM,2020-09-22,0 days 15:59:17.895441,1959767,47.0,46.99,302,900,-17683,7388
36,ADM,2020-09-22,0 days 15:59:18.895760,1954150,46.99,46.98,213,1300,5617,-17683
37,ADT,2020-09-22,0 days 15:59:47.225534,335719,8.64,8.63,4855,9284,2308,-17492
38,AEM,2020-09-22,0 days 15:57:33.241845,95941,78.98,78.94,420,1100,82,-518
39,AEM,2020-09-22,0 days 15:57:34.241673,95523,78.98,78.94,420,1100,-418,82
40,AEM,2020-09-22,0 days 15:57:46.241749,95941,78.97,78.95,100,100,682,-218
41,AEM,2020-09-22,0 days 15:57:47.242849,95823,78.98,78.96,300,400,-118,682
42,AEM,2020-09-22,0 days 15:57:51.242160,95941,78.98,78.96,100,400,382,-218
43,AEM,2020-09-22,0 days 15:58:01.243526,98023,79.01,78.98,100,400,-318,282
44,AEM,2020-09-22,0 days 15:58:36.245308,96141,78.99,78.96,227,100,466,-534
45,AEM,2020-09-22,0 days 15:58:38.245549,95707,78.99,78.96,327,100,-434,466
46,AEM,2020-09-22,0 days 15:59:14.248246,97255,79.02,78.98,100,472,1698,-166
47,AEO,2020-09-22,0 days 15:57:34.286645,183552,14.0,13.99,4105,6764,-14949,11686
48,AEO,2020-09-22,0 days 15:57:48.287246,198501,14.0,13.99,7881,4926,151,-1149
49,AEO,2020-09-22,0 days 15:57:50.288102,197652,14.0,13.99,7981,4426,-849,851
50,AEO,2020-09-22,0 days 15:58:43.290087,374270,13.99,13.98,9826,10881,-15185,4409
51,AEO,2020-09-22,0 days 15:59:35.291484,397759,14.01,14.0,8503,16969,864,-1364
52,AEO,2020-09-22,0 days 15:59:47.291542,389516,14.0,13.99,14016,11941,-7978,10122
53,AEP,2020-09-22,0 days 15:59:36.225275,186936,79.84,79.83,528,200,617,-1941
54,AEP,2020-09-22,0 days 15:59:57.228564,186608,79.87,79.84,100,100,-786,1772
55,AES,2020-09-22,0 days 15:55:00.885158,695938,18.22,18.21,1230,15239,134377,-162446
56,AES,2020-09-22,0 days 15:55:01.883966,689715,18.24,18.23,8231,4060,-6223,134377
57,AFL,2020-09-22,0 days 15:55:00.237678,423402,36.32,36.31,1365,2193,828,-33006
58,AFL,2020-09-22,0 days 15:55:31.239590,424248,36.35,36.34,866,3931,-3219,581
59,AFL,2020-09-22,0 days 15:55:32.239816,423767,36.35,36.34,1266,3866,481,-3219
60,AFL,2020-09-22,0 days 15:57:43.243398,501050,36.34,36.33,1749,3142,-578,4322
61,AFL,2020-09-22,0 days 15:57:44.243407,495928,36.34,36.33,2049,2742,5122,-578
62,AFL,2020-09-22,0 days 15:58:12.245694,487197,36.34,36.33,2000,2453,-2160,4640
63,AFL,2020-09-22,0 days 15:58:13.245524,484957,36.34,36.33,1714,2610,2240,-2160
64,AFL,2020-09-22,0 days 15:58:20.245668,487289,36.34,36.33,2119,2910,-768,2232
65,AFL,2020-09-22,0 days 15:58:21.245490,485057,36.34,36.33,2619,2610,2232,-768
66,AFL,2020-09-22,0 days 15:58:28.245679,487289,36.34,36.33,6228,1328,-468,2232
67,AFL,2020-09-22,0 days 15:58:29.247629,485057,36.34,36.33,6392,928,2232,-468
68,AFL,2020-09-22,0 days 15:58:48.246600,484957,36.34,36.33,147,5019,3883,-1660
69,AFL,2020-09-22,0 days 15:59:04.248312,490020,36.35,36.34,1398,3678,-1339,1609
70,AFL,2020-09-22,0 days 15:59:05.249007,488659,36.35,36.34,1298,3151,1182,-1339
71,AFL,2020-09-22,0 days 15:59:15.249650,498177,36.35,36.34,1940,3294,1772,-553
72,AFL,2020-09-22,0 days 15:59:50.251863,509711,36.35,36.34,3859,4337,4028,-1072
73,AGI,2020-09-22,0 days 15:55:00.237174,23495,9.3,9.29,13051,18812,-7501,13760
74,AGI,2020-09-22,0 days 15:59:06.247730,34377,9.31,9.3,29605,8664,1379,-1467
75,AGI,2020-09-22,0 days 15:59:36.248491,36817,9.3,9.29,8599,30365,-1960,2440
76,AIG,2020-09-22,0 days 15:56:51.887343,2479064,27.35,27.34,3200,2602,-43881,501879
77,AIG,2020-09-22,0 days 15:56:52.887073,2466445,27.33,27.32,609,2908,12619,-43881
78,AIG,2020-09-22,0 days 15:57:22.888278,2480857,27.34,27.33,2022,2102,2707,-136793
79,AIG,2020-09-22,0 days 15:57:26.888715,2483564,27.34,27.33,3522,1551,-1293,2707
80,AIG,2020-09-22,0 days 15:57:27.889036,2481257,27.34,27.33,3488,1700,2307,-1293
81,AIG,2020-09-22,0 days 15:57:58.890520,2485864,27.35,27.34,5963,613,-253884,300676
82,AIG,2020-09-22,0 days 15:58:28.892211,2479981,27.34,27.33,3300,1597,-272315,273445
83,AIG,2020-09-22,0 days 15:59:46.898452,2678545,27.35,27.34,5200,100,6196,-133551
84,AIV,2020-09-22,0 days 15:55:00.228360,534540,34.68,34.67,1203,800,3434,-316557
85,AIV,2020-09-22,0 days 15:57:49.233240,562081,34.72,34.71,1214,1750,-2391,20409
86,AIV,2020-09-22,0 days 15:57:50.233463,560972,34.72,34.71,1114,1750,1109,-2391
87,AIV,2020-09-22,0 days 15:58:07.234284,583245,34.73,34.71,1100,1508,-2125,4075
88,AIV,2020-09-22,0 days 15:58:08.234745,578870,34.73,34.71,1100,1408,4375,-2125
89,AIV,2020-09-22,0 days 15:58:28.235028,583495,34.72,34.71,811,610,-3273,3627
90,AIV,2020-09-22,0 days 15:58:29.235756,579068,34.72,34.71,911,610,4427,-3273
91,AIV,2020-09-22,0 days 15:58:37.235513,583895,34.71,34.7,1771,698,-875,4827
92,AIV,2020-09-22,0 days 15:58:38.235342,579470,34.71,34.7,2069,1098,4425,-875
93,AIV,2020-09-22,0 days 15:59:07.238925,585403,34.71,34.7,400,2582,-1249,661
94,AIV,2020-09-22,0 days 15:59:09.237869,579156,34.71,34.7,300,2587,6247,-1249
95,AIV,2020-09-22,0 days 15:59:18.236990,585658,34.74,34.73,700,438,-337,421
96,AIV,2020-09-22,0 days 15:59:19.237174,585995,34.74,34.73,400,3026,9125,-337
97,AIV,2020-09-22,0 days 15:59:33.238832,587854,34.75,34.74,1328,1200,777,-4623
98,AIV,2020-09-22,0 days 15:59:45.240286,599436,34.72,34.71,528,1129,-1806,3356
99,AIV,2020-09-22,0 days 15:59:46.240234,601315,34.72,34.71,200,1629,31,-1806
100,AIV,2020-09-22,0 days 15:59:48.239940,602465,34.73,34.71,1200,1629,-601,31
101,AIV,2020-09-22,0 days 15:59:50.243001,603075,34.71,34.7,258,300,4269,-1910
102,AJRD,2020-09-22,0 days 15:55:00.885192,75671,43.17,43.16,334,300,11355,-41057
103,AJRD,2020-09-22,0 days 15:55:01.884020,73926,43.17,43.16,434,400,-1745,11355
104,AJRD,2020-09-22,0 days 15:55:35.885208,75671,43.2,43.17,590,392,11124,-1676
105,AJRD,2020-09-22,0 days 15:55:36.885292,74395,43.2,43.17,672,200,-1276,11124
106,AJRD,2020-09-22,0 days 15:56:32.886439,79495,43.14,43.12,345,300,-1552,448
107,AJRD,2020-09-22,0 days 15:59:03.894596,82225,43.16,43.14,1441,100,96,-1539
108,AJRD,2020-09-22,0 days 15:59:04.894712,80921,43.16,43.14,1241,100,-914,96
109,AJRD,2020-09-22,0 days 15:59:39.897393,88472,43.14,43.13,300,300,1416,-784
110,AJRD,2020-09-22,0 days 15:59:40.898173,88438,43.14,43.13,300,134,-34,1416
111,AJRD,2020-09-22,0 days 15:59:42.897326,88472,43.15,43.11,100,200,466,-34
112,AJRD,2020-09-22,0 days 15:59:45.898574,87738,43.14,43.11,100,200,-734,666
113,AJRD,2020-09-22,0 days 15:59:46.898099,88472,43.13,43.11,719,200,1793,-734
114,AJRD,2020-09-22,0 days 15:59:47.897751,88165,43.12,43.1,419,300,-307,1793
115,ALK,2020-09-22,0 days 15:57:35.241693,156849,37.88,37.87,1003,428,1439,-861
116,ALK,2020-09-22,0 days 15:57:36.241711,153888,37.88,37.87,1003,428,-2661,1439
117,ALK,2020-09-22,0 days 15:59:08.248775,165704,37.86,37.85,700,300,270,-11830
118,ALK,2020-09-22,0 days 15:59:11.247744,164896,37.87,37.85,700,1469,-813,4765
119,ALK,2020-09-22,0 days 15:59:19.248031,165709,37.86,37.85,310,700,981,-570
120,ALK,2020-09-22,0 days 15:59:20.248198,164690,37.86,37.85,300,800,-1019,981
121,ALK,2020-09-22,0 days 15:59:40.248802,166049,37.86,37.85,500,1307,6959,-1559
122,ALK,2020-09-22,0 days 15:59:55.250209,159483,37.88,37.87,300,300,-6566,3417
123,ALL,2020-09-22,0 days 15:55:00.885278,251799,92.21,92.18,222,304,12286,-26364
124,ALL,2020-09-22,0 days 15:55:31.885199,264130,92.26,92.23,200,284,-15963,737
125,ALL,2020-09-22,0 days 15:57:36.888774,290784,92.17,92.15,337,488,452,-1348
126,ALL,2020-09-22,0 days 15:57:37.889050,288963,92.17,92.16,100,200,-1821,452
127,ALL,2020-09-22,0 days 15:57:46.889351,294084,92.18,92.15,300,127,952,-2948
128,ALL,2020-09-22,0 days 15:57:47.889923,292436,92.19,92.16,502,300,-1648,952
129,ALL,2020-09-22,0 days 15:57:48.889547,294084,92.18,92.16,200,105,52,-1648
130,ALL,2020-09-22,0 days 15:57:49.890176,291536,92.18,92.16,200,105,-2548,52
131,ALL,2020-09-22,0 days 15:57:56.889706,293584,92.15,92.12,224,300,3759,-941
132,ALL,2020-09-22,0 days 15:57:57.889936,292043,92.15,92.14,202,200,-1541,3759
133,ALL,2020-09-22,0 days 15:57:58.890417,293584,92.17,92.14,229,200,259,-1541
134,ALL,2020-09-22,0 days 15:57:59.889975,292043,92.17,92.14,229,305,-1541,259
135,ALL,2020-09-22,0 days 15:59:05.895564,316998,92.25,92.22,600,830,5712,-1433
136,ALL,2020-09-22,0 days 15:59:12.894701,337098,92.33,92.3,290,400,1177,-1823
137,ALL,2020-09-22,0 days 15:59:22.895264,338981,92.36,92.34,100,300,-4397,403
138,ALL,2020-09-22,0 days 15:59:23.895370,338078,92.36,92.34,100,300,903,-4397
139,ALL,2020-09-22,0 days 15:59:27.896221,339081,92.32,92.29,100,200,-734,1303
140,ALL,2020-09-22,0 days 15:59:28.895739,338015,92.31,92.29,100,300,966,-734
141,ALL,2020-09-22,0 days 15:59:47.897833,342673,92.33,92.29,200,500,-785,611
142,ALL,2020-09-22,0 days 15:59:48.897256,342273,92.33,92.29,389,500,400,-785
143,ALL,2020-09-22,0 days 15:59:57.897883,342573,92.36,92.32,100,100,-3400,1500
144,ALL,2020-09-22,0 days 15:59:58.896976,341173,92.35,92.32,100,100,1400,-3400
145,ALL,2020-09-22,0 days 16:00:00.896501,342573,92.39,92.26,100,100,-3400,1400
146,ALLY,2020-09-22,0 days 15:59:01.291968,706576,24.16,24.15,11573,694,1610,-2402
147,ALLY,2020-09-22,0 days 15:59:10.293551,701332,24.16,24.15,3849,4095,-5744,2158
148,ALLY,2020-09-22,0 days 15:59:15.292096,707076,24.16,24.15,6048,2950,97133,-5744
149,ALLY,2020-09-22,0 days 15:59:16.290527,691785,24.18,24.17,3133,3240,-15291,97133
150,AM,2020-09-22,0 days 15:55:35.238320,474097,5.31,5.3,4922,23851,654,-16246
151,AM,2020-09-22,0 days 15:55:43.238698,462174,5.31,5.3,7731,23286,-12223,354
152,AM,2020-09-22,0 days 15:57:29.239628,462633,5.3,5.29,14777,4500,-10435,23665
153,AM,2020-09-22,0 days 15:57:50.240750,473168,5.3,5.29,21877,500,65,-10435
154,AM,2020-09-22,0 days 15:58:00.242883,460133,5.29,5.28,13562,17652,-12935,65
155,AM,2020-09-22,0 days 15:58:11.241946,473068,5.29,5.28,20172,5900,5412,-12388
156,AM,2020-09-22,0 days 15:58:12.242498,464380,5.29,5.28,19972,6500,-8688,5412
157,AM,2020-09-22,0 days 15:59:46.246815,480282,5.29,5.28,25375,14164,5019,-3452
158,AMCR,2020-09-22,0 days 15:55:00.237762,553502,11.05,11.04,17604,26153,-15924,24880
159,AMCR,2020-09-22,0 days 15:55:01.238047,553326,11.05,11.04,17604,27753,176,-15924
160,AMCR,2020-09-22,0 days 15:56:06.240231,568474,11.05,11.04,12852,24498,-69779,1553
161,AMCR,2020-09-22,0 days 15:58:01.244789,574840,11.04,11.03,23459,14053,-9589,9211
162,AMCR,2020-09-22,0 days 15:58:02.244523,565629,11.04,11.03,25359,18888,9211,-9589
163,AMCR,2020-09-22,0 days 15:58:03.245069,574840,11.04,11.03,25359,17488,-3389,9211
164,AMCR,2020-09-22,0 days 15:59:05.249048,581645,11.04,11.03,29116,10900,1366,-5011
165,AMCR,2020-09-22,0 days 15:59:06.248820,572791,11.04,11.03,29116,10900,-9727,1366
166,AMCR,2020-09-22,0 days 15:59:18.248444,584120,11.04,11.03,27293,19862,28887,-6596
167,AMH,2020-09-22,0 days 15:55:52.239894,200213,28.17,28.16,1909,3409,3293,-1744
168,AMH,2020-09-22,0 days 15:55:53.239604,197033,28.17,28.16,1460,3309,-3180,3293
169,AMH,2020-09-22,0 days 15:57:57.236457,203321,28.15,28.14,2543,7660,2315,-3485
170,AMH,2020-09-22,0 days 15:57:58.236604,200136,28.15,28.14,2744,7562,-2685,2315
171,AMH,2020-09-22,0 days 15:59:11.240756,206825,28.14,28.13,1098,4373,-591,1612
172,AMT,2020-09-22,0 days 15:55:00.886412,109675,241.85,241.79,103,125,72113,-5356
173,AMT,2020-09-22,0 days 15:55:20.885641,153757,242.05,242.01,100,125,-24569,43832
174,AMT,2020-09-22,0 days 15:56:34.886964,111602,242.11,242.07,100,125,55367,-305
175,AMT,2020-09-22,0 days 15:56:37.886780,177272,242.23,242.12,125,125,-1242,458
176,AMT,2020-09-22,0 days 15:58:00.891014,117519,241.94,241.84,201,100,67751,-3750
177,AMT,2020-09-22,0 days 15:58:21.891615,169880,242.02,241.98,100,100,-21499,47002
178,AMT,2020-09-22,0 days 15:58:22.891735,122879,242.01,241.97,100,100,66402,-21499
179,AMT,2020-09-22,0 days 15:59:00.895090,171240,242.02,241.95,125,225,-59673,9728
180,AMT,2020-09-22,0 days 15:59:01.893690,124246,241.92,241.82,325,100,66695,-59673
181,AMT,2020-09-22,0 days 15:59:05.895845,170843,242.14,242.06,125,100,-104645,383
182,AMT,2020-09-22,0 days 15:59:18.895808,172353,242.0,241.91,825,300,38658,-29843
183,AMT,2020-09-22,0 days 15:59:19.896014,172891,242.05,242.02,125,500,-68091,38658
184,AMT,2020-09-22,0 days 15:59:35.897042,174394,241.93,241.9,816,125,48545,-20856
185,AMT,2020-09-22,0 days 15:59:41.897204,184237,242.04,241.98,125,800,-58757,10645
186,AMT,2020-09-22,0 days 15:59:44.897471,184137,242.03,241.93,425,700,-59793,47541
187,AMT,2020-09-22,0 days 15:59:45.898776,185903,241.99,241.91,825,400,36341,-59793
188,AMT,2020-09-22,0 days 15:59:46.898390,185744,241.99,241.95,214,244,-159,36341
189,AMT,2020-09-22,0 days 15:59:48.897545,185529,241.9,241.83,300,100,1020,-84
190,AMWL,2020-09-22,0 days 15:55:00.237377,32998,24.57,24.55,7800,638,-334,14366
191,AMWL,2020-09-22,0 days 15:55:01.237062,30132,24.57,24.55,7800,638,2866,-334
192,AMWL,2020-09-22,0 days 15:59:35.238378,32998,24.74,24.53,2750,600,-356,369
193,AMWL,2020-09-22,0 days 15:59:48.238541,31654,24.61,24.51,700,100,1344,-1256
194,AMX,2020-09-22,0 days 15:57:49.239877,38430,12.13,12.12,12073,14592,-292,1708
195,AMX,2020-09-22,0 days 15:57:50.240750,26922,12.13,12.12,12073,14092,11508,-292
196,AMX,2020-09-22,0 days 15:59:07.245467,38618,12.11,12.1,15651,12978,-80,3445
197,APTV,2020-09-22,0 days 15:56:29.239559,197744,84.44,84.41,200,100,3727,-4514
198,APTV,2020-09-22,0 days 15:56:30.238922,197071,84.44,84.41,200,224,-673,3727
199,APTV,2020-09-22,0 days 15:56:52.239985,197754,84.45,84.41,302,409,1917,-283
200,APTV,2020-09-22,0 days 15:56:53.239992,197401,84.45,84.41,302,409,-353,1917
201,APTV,2020-09-22,0 days 15:57:21.239489,199754,84.44,84.39,300,322,60,-340
202,APTV,2020-09-22,0 days 15:57:22.238956,199214,84.43,84.39,200,562,-540,60
203,APTV,2020-09-22,0 days 15:57:49.239761,199954,84.45,84.41,100,596,1760,-740
204,APTV,2020-09-22,0 days 15:57:50.240662,199514,84.46,84.42,300,100,-440,1760
205,APTV,2020-09-22,0 days 15:57:56.240711,197754,84.45,84.42,303,100,488,-3012
206,APTV,2020-09-22,0 days 15:57:58.240376,197520,84.45,84.42,403,100,-234,66
207,APTV,2020-09-22,0 days 15:58:01.241450,197754,84.45,84.42,303,100,1361,-234
208,APTV,2020-09-22,0 days 15:58:02.241198,193925,84.44,84.42,100,100,-3829,1361
209,APTV,2020-09-22,0 days 15:58:05.241411,200454,84.43,84.38,400,100,1010,-829
210,APTV,2020-09-22,0 days 15:58:06.241475,199664,84.43,84.38,400,100,-790,1010
211,APTV,2020-09-22,0 days 15:58:12.242382,202726,84.43,84.41,200,100,238,-962
212,APTV,2020-09-22,0 days 15:58:13.241849,201764,84.43,84.41,200,100,-962,238
213,APTV,2020-09-22,0 days 15:58:17.242452,202726,84.43,84.38,302,200,338,-962
214,APTV,2020-09-22,0 days 15:58:37.243160,202926,84.39,84.34,603,300,2166,-1934
215,APTV,2020-09-22,0 days 15:58:38.243090,202292,84.39,84.34,503,300,-634,2166
216,APTV,2020-09-22,0 days 15:59:32.244834,207008,84.51,84.48,210,200,6741,-139
217,AR,2020-09-22,0 days 15:55:00.885075,310734,3.04,3.03,22457,31192,136888,-179267
218,AR,2020-09-22,0 days 15:55:01.883929,299222,3.04,3.03,21457,35292,-11412,136888
219,AR,2020-09-22,0 days 15:59:38.896747,332489,3.04,3.03,26592,73475,29096,-1004
220,AR,2020-09-22,0 days 15:59:39.897327,325785,3.04,3.03,45202,72995,-6704,29096
221,AR,2020-09-22,0 days 15:59:45.898486,331689,3.03,3.02,95417,29171,178,-104
222,AR,2020-09-22,0 days 15:59:48.897130,325367,3.03,3.02,94348,23371,-6322,178
223,ARMK,2020-09-22,0 days 15:55:24.229584,563660,26.27,26.26,769,2838,9450,-2750
224,ARMK,2020-09-22,0 days 15:55:25.230467,563210,26.27,26.26,605,3065,-450,9450
225,ARMK,2020-09-22,0 days 15:56:00.230700,564200,26.25,26.24,505,800,787,-313
226,ARMK,2020-09-22,0 days 15:56:01.229807,563987,26.25,26.24,100,1600,-213,787
227,ARMK,2020-09-22,0 days 15:56:59.232357,568243,26.24,26.23,1100,300,-736,364
228,ARMK,2020-09-22,0 days 15:57:09.233138,569479,26.24,26.23,600,624,664,-636
229,ARMK,2020-09-22,0 days 15:57:11.234034,568794,26.24,26.23,1200,424,-685,115
230,ARMK,2020-09-22,0 days 15:57:33.232649,569479,26.25,26.24,952,857,2115,-685
231,ARMK,2020-09-22,0 days 15:58:21.235648,578808,26.27,26.26,500,1365,2572,-328
232,ARMK,2020-09-22,0 days 15:58:36.235586,578808,26.27,26.26,964,1373,4372,-528
233,ARMK,2020-09-22,0 days 15:58:37.235495,578080,26.27,26.26,1264,1173,-728,4372
234,ARMK,2020-09-22,0 days 15:59:32.238687,587391,26.22,26.21,800,700,10648,-2748
235,ASB,2020-09-22,0 days 15:57:47.245057,181153,12.49,12.48,4350,3882,-3470,2330
236,ASB,2020-09-22,0 days 15:57:48.244081,179423,12.49,12.48,6049,3593,1730,-3470
237,ASB,2020-09-22,0 days 15:58:11.245617,181872,12.49,12.48,8377,1396,1267,-5133
238,ASB,2020-09-22,0 days 15:58:40.246687,182592,12.5,12.49,6257,3614,1347,-7353
239,ASB,2020-09-22,0 days 15:59:10.249120,185151,12.5,12.49,2800,6600,-5676,824
240,ASB,2020-09-22,0 days 15:59:11.249095,184727,12.5,12.49,7462,2100,424,-5676
241,ASB,2020-09-22,0 days 15:59:46.247867,190767,12.5,12.49,8853,4700,-2366,391
242,ATI,2020-09-22,0 days 15:56:13.284436,178018,9.26,9.25,12217,5178,2774,-2926
243,ATI,2020-09-22,0 days 15:56:14.285100,170292,9.26,9.25,13017,5178,-7726,2774
244,ATI,2020-09-22,0 days 15:59:11.292703,184233,9.23,9.22,1554,9162,1421,-1079
245,ATI,2020-09-22,0 days 15:59:16.290476,178943,9.23,9.22,5092,6662,-5290,2910
246,ATUS,2020-09-22,0 days 15:55:05.282257,888043,26.23,26.22,4917,4105,-45566,76362
247,ATUS,2020-09-22,0 days 15:55:32.283600,881781,26.24,26.23,2582,5004,6462,-1938
248,ATUS,2020-09-22,0 days 15:55:40.283928,888243,26.24,26.23,1203,7719,-10232,6462
249,ATUS,2020-09-22,0 days 15:55:41.283532,883375,26.24,26.23,2879,6819,4868,-10232
250,ATUS,2020-09-22,0 days 15:59:32.290504,907934,26.28,26.27,2292,6593,2575,-3643
251,ATUS,2020-09-22,0 days 15:59:33.290725,907509,26.28,26.27,3392,2893,-425,2575
252,AU,2020-09-22,0 days 15:55:00.885740,36225,26.27,26.26,2148,2922,-8519,11451
253,AU,2020-09-22,0 days 15:55:01.884236,35244,26.27,26.26,2948,3322,981,-8519
254,AU,2020-09-22,0 days 15:56:43.887164,52102,26.3,26.29,7556,3566,-2850,1531
255,AU,2020-09-22,0 days 15:56:44.887287,50252,26.3,26.29,7656,3266,1850,-2850
256,AU,2020-09-22,0 days 15:59:48.897378,54617,26.3,26.29,2915,2658,346,-54
257,AUY,2020-09-22,0 days 15:57:09.233156,86135,5.91,5.9,188401,215235,1279,-421
258,AUY,2020-09-22,0 days 15:58:47.239123,87414,5.91,5.9,342464,282709,-4295,1673
259,AUY,2020-09-22,0 days 15:59:01.239304,91709,5.91,5.9,362541,257309,428,-4295
260,AUY,2020-09-22,0 days 15:59:04.240445,92137,5.91,5.9,360241,257309,-3522,428
261,AUY,2020-09-22,0 days 15:59:07.240813,95639,5.91,5.9,322841,261101,8762,-3522
262,AUY,2020-09-22,0 days 15:59:36.239240,104401,5.91,5.9,223035,329603,-6446,7654
263,AUY,2020-09-22,0 days 15:59:37.239162,103947,5.91,5.9,223035,329603,454,-6446
264,AVTR,2020-09-22,0 days 15:57:02.239273,757970,22.3,22.29,964,974,3613,-12669
265,AVTR,2020-09-22,0 days 15:57:03.239862,749483,22.3,22.29,463,1707,-8487,3613
266,AVTR,2020-09-22,0 days 15:57:46.235263,770370,22.31,22.3,1574,1030,3245,-987
267,AVTR,2020-09-22,0 days 15:57:47.236594,764315,22.31,22.3,1574,1030,-6055,3245
268,AVTR,2020-09-22,0 days 15:58:10.237695,777313,22.31,22.3,1807,2000,4078,-7879
269,AVTR,2020-09-22,0 days 15:58:11.236456,773191,22.31,22.3,1700,1600,-4122,4078
270,AVTR,2020-09-22,0 days 15:58:14.237294,777313,22.31,22.3,1500,2098,3078,-4122
271,AVTR,2020-09-22,0 days 15:58:15.237394,773191,22.31,22.3,1800,1818,-4122,3078
272,AVTR,2020-09-22,0 days 15:58:59.238390,807513,22.31,22.3,2807,100,7478,-9022
273,AVTR,2020-09-22,0 days 15:59:00.242385,798291,22.3,22.29,1100,1326,-9222,7478
274,AVTR,2020-09-22,0 days 15:59:21.239393,813965,22.31,22.3,1650,2700,-2022,9747
275,AVTR,2020-09-22,0 days 15:59:41.238526,779753,22.32,22.31,1013,1659,-57080,15061
276,AVTR,2020-09-22,0 days 15:59:44.237957,841073,22.34,22.33,2000,800,7346,-386
277,AVTR,2020-09-22,0 days 15:59:45.239711,837822,22.34,22.33,2100,700,-3251,7346
278,AXL,2020-09-22,0 days 15:59:41.240221,196240,5.42,5.41,9898,7504,9949,-4551
279,AXL,2020-09-22,0 days 15:59:42.239655,191289,5.42,5.41,9998,7504,-4951,9949
280,AXP,2020-09-22,0 days 15:55:00.227205,410403,98.21,98.2,200,900,4078,-50998
281,AXP,2020-09-22,0 days 15:56:02.229273,417952,98.36,98.35,200,1003,-3398,4486
282,AXP,2020-09-22,0 days 15:56:03.229481,414750,98.36,98.35,200,857,3202,-3398
283,AXP,2020-09-22,0 days 15:56:25.230044,427730,98.43,98.42,204,300,-3519,7614
284,AXP,2020-09-22,0 days 15:56:26.230301,423649,98.43,98.42,103,1100,4001,-3519
285,AXP,2020-09-22,0 days 15:59:31.238273,491004,98.5,98.48,420,100,-4010,3490
286,AXP,2020-09-22,0 days 15:59:32.237987,488048,98.49,98.48,200,487,3256,-4010
287,AXP,2020-09-22,0 days 15:59:44.239481,491604,98.49,98.48,500,200,-6815,6288
288,AXP,2020-09-22,0 days 15:59:45.240046,489319,98.48,98.47,434,200,9385,-6815
289,AXTA,2020-09-22,0 days 15:59:19.245133,299156,22.9,22.89,1304,3367,2502,-386
290,AXTA,2020-09-22,0 days 15:59:46.246592,295489,22.9,22.89,4283,2895,-3829,12433
291,AZN,2020-09-22,0 days 15:55:24.237632,37148,55.51,55.5,2503,396,-2994,1506
292,AZN,2020-09-22,0 days 15:55:25.238539,36142,55.5,55.49,315,2721,1006,-2994
293,AZN,2020-09-22,0 days 15:56:05.238320,37148,55.51,55.5,630,3700,-1964,253
294,AZN,2020-09-22,0 days 15:56:06.238748,36412,55.51,55.5,1443,2900,736,-1964
295,AZN,2020-09-22,0 days 15:57:22.238956,38409,55.48,55.47,466,2400,-676,124
296,AZN,2020-09-22,0 days 15:57:23.240132,37685,55.48,55.47,466,2100,724,-676
297,AZN,2020-09-22,0 days 15:58:47.243181,38409,55.46,55.45,4228,901,-1859,824
298,AZUL,2020-09-22,0 days 15:59:03.226259,15482,14.5,14.49,407,2704,2291,-277
299,AZUL,2020-09-22,0 days 15:59:04.226878,15173,14.51,14.5,2300,1300,-309,2291
300,AZUL,2020-09-22,0 days 15:59:46.225960,16082,14.5,14.49,3303,1300,482,-11
301,BA,2020-09-22,0 days 15:55:00.281955,156399,156.95,156.93,3140,200,1159,-9947
302,BA,2020-09-22,0 days 15:55:11.282116,155558,156.99,156.97,300,200,-846,1154
303,BA,2020-09-22,0 days 15:55:12.282880,154404,157.0,156.98,5902,1300,1154,-846
304,BA,2020-09-22,0 days 15:57:15.286633,157917,157.04,157.02,700,100,1372,-428
305,BA,2020-09-22,0 days 15:57:31.286429,159289,157.02,157.0,400,100,-1428,577
306,BA,2020-09-22,0 days 15:57:32.287205,158117,157.01,156.98,300,300,1172,-1428
307,BA,2020-09-22,0 days 15:57:40.287397,161794,157.01,156.96,300,400,-366,2577
308,BA,2020-09-22,0 days 15:57:41.286622,160360,157.01,157.0,336,100,1429,-366
309,BA,2020-09-22,0 days 15:57:46.286973,161794,157.01,156.99,415,400,-1166,4334
310,BA,2020-09-22,0 days 15:57:47.288291,160360,157.03,157.01,300,300,1529,-1166
311,BA,2020-09-22,0 days 15:57:51.287106,162089,157.01,156.99,200,400,-371,3734
312,BA,2020-09-22,0 days 15:57:52.287056,160660,157.01,156.99,200,300,1429,-371
313,BA,2020-09-22,0 days 15:59:04.291948,169257,156.75,156.73,300,100,-2140,2570
314,BA,2020-09-22,0 days 15:59:05.292897,167520,156.76,156.74,200,521,1746,-2140
315,BA,2020-09-22,0 days 15:59:32.290681,171713,156.94,156.91,200,100,-1784,1134
316,BA,2020-09-22,0 days 15:59:57.289717,174070,156.9,156.77,700,200,537,-2263
317,BABA,2020-09-22,0 days 15:55:07.236523,561928,275.5,275.47,100,200,36188,-26647
318,BABA,2020-09-22,0 days 15:55:20.237991,628016,275.72,275.68,500,303,-32310,31005
319,BABA,2020-09-22,0 days 15:59:18.246798,693093,275.25,275.21,100,100,-399,4153
320,BABA,2020-09-22,0 days 15:59:22.247730,693924,275.3,275.26,100,300,1660,-8831
321,BABA,2020-09-22,0 days 15:59:44.248431,702095,275.2,275.14,500,200,-1627,3103
322,BABA,2020-09-22,0 days 15:59:45.249455,699222,275.19,275.16,200,240,2973,-1627
323,BABA,2020-09-22,0 days 15:59:46.249098,692390,275.35,275.3,100,800,-5934,2973
324,BABA,2020-09-22,0 days 15:59:48.248702,699241,275.23,275.14,800,200,1142,-6307
325,BAX,2020-09-22,0 days 15:56:27.218978,363473,79.12,79.11,560,1711,1068,-3732
326,BAX,2020-09-22,0 days 15:56:28.218487,358241,79.13,79.12,700,500,-5232,1068
327,BAX,2020-09-22,0 days 15:57:20.220322,363764,79.06,79.05,900,967,1112,-1988
328,BAX,2020-09-22,0 days 15:57:21.220286,359176,79.06,79.05,800,967,-4588,1112
329,BAX,2020-09-22,0 days 15:57:33.221066,363764,79.04,79.03,607,510,828,-1672
330,BAX,2020-09-22,0 days 15:57:34.221001,359376,79.05,79.04,602,600,-4388,828
331,BAX,2020-09-22,0 days 15:57:57.221413,363764,79.07,79.06,1200,852,3449,-1851
332,BAX,2020-09-22,0 days 15:58:12.223366,367239,79.07,79.05,799,637,931,-4169
333,BAX,2020-09-22,0 days 15:58:52.224496,367239,79.06,79.04,400,923,552,-132
334,BAX,2020-09-22,0 days 15:58:53.226626,364991,79.05,79.04,300,723,-2248,552
335,BAX,2020-09-22,0 days 15:59:03.226177,367704,79.05,79.04,300,713,5704,-1796
336,BAX,2020-09-22,0 days 15:59:04.226799,366824,79.05,79.04,200,813,-880,5704
337,BAX,2020-09-22,0 days 15:59:19.223191,370469,79.1,79.08,466,304,4268,-462
338,BAX,2020-09-22,0 days 15:59:20.223738,369237,79.1,79.08,466,404,-1232,4268
339,BAX,2020-09-22,0 days 15:59:34.224220,370824,79.1,79.08,466,1592,4256,-5166
340,BAX,2020-09-22,0 days 15:59:35.225857,369980,79.1,79.08,938,1004,-844,4256
341,BAX,2020-09-22,0 days 15:59:40.225342,370824,79.06,79.05,200,290,10205,-495
342,BAX,2020-09-22,0 days 15:59:41.225622,370289,79.07,79.05,200,1120,-445,10205
343,BAX,2020-09-22,0 days 15:59:45.226184,370834,79.05,79.04,100,444,5908,-245
344,BB,2020-09-22,0 days 15:55:00.236207,49144,4.95,4.94,66530,80829,-1060,6119
345,BB,2020-09-22,0 days 15:56:03.239659,50204,4.95,4.94,65856,100323,705,-530
346,BB,2020-09-22,0 days 15:57:09.241403,51762,4.95,4.94,70605,87657,-18818,1182
347,BBD,2020-09-22,0 days 15:59:36.247417,256815,3.62,3.61,884088,376500,72431,-85069
348,BBD,2020-09-22,0 days 15:59:37.247290,252546,3.62,3.61,906225,295900,-4269,72431
349,BBD,2020-09-22,0 days 15:59:47.247712,256815,3.62,3.61,1053515,142296,10457,-4269
350,BBD,2020-09-22,0 days 15:59:48.248294,253272,3.62,3.61,1049215,142296,-3543,10457
351,BBVA,2020-09-22,0 days 15:59:36.238613,69054,2.53,2.52,76979,656435,-18402,23698
352,BBY,2020-09-22,0 days 15:59:21.223545,253349,107.83,107.77,200,300,15428,-292
353,BBY,2020-09-22,0 days 15:59:22.223743,249096,107.89,107.82,300,216,-4253,15428
354,BBY,2020-09-22,0 days 15:59:37.224336,253767,107.78,107.75,268,100,3884,-16
355,BBY,2020-09-22,0 days 15:59:38.225285,252551,107.76,107.72,268,107,-1216,3884
356,BBY,2020-09-22,0 days 15:59:46.225863,254263,107.7,107.66,200,100,2604,-1212
357,BBY,2020-09-22,0 days 15:59:47.225269,253267,107.73,107.69,200,130,-996,2604
358,BCS,2020-09-22,0 days 15:59:36.238895,32693,4.69,4.68,310061,193631,1246,-1554
359,BCS,2020-09-22,0 days 15:59:37.239057,32539,4.69,4.68,309961,192831,-154,1246
360,BCS,2020-09-22,0 days 15:59:46.239746,32693,4.69,4.68,312081,188226,1728,-154
361,BDN,2020-09-22,0 days 15:55:00.886714,164058,10.04,10.03,3300,6356,34190,-42088
362,BDN,2020-09-22,0 days 15:55:01.884487,162148,10.04,10.03,2600,7003,-1910,34190
363,BDN,2020-09-22,0 days 15:57:59.890045,168083,10.05,10.04,5604,8928,2944,-1156
364,BDN,2020-09-22,0 days 15:58:00.891026,166927,10.05,10.04,4304,9828,-1156,2944
365,BDN,2020-09-22,0 days 15:58:10.891430,172097,10.05,10.04,6121,6948,2930,-1670
366,BDN,2020-09-22,0 days 15:58:11.891629,170527,10.05,10.04,6121,7048,-1570,2930
367,BDN,2020-09-22,0 days 15:58:43.892617,172097,10.05,10.04,203,13170,9660,-1570
368,BDN,2020-09-22,0 days 15:59:23.895531,199205,10.07,10.06,2094,11716,-657,25742
369,BDN,2020-09-22,0 days 15:59:45.898980,198696,10.08,10.07,6120,6990,-2574,237
370,BDN,2020-09-22,0 days 15:59:46.898517,201770,10.08,10.07,6120,6290,2997,-2574
371,BDN,2020-09-22,0 days 15:59:47.897984,205167,10.08,10.07,4700,7490,-2725,2997
372,BDN,2020-09-22,0 days 15:59:56.897776,202469,10.06,10.05,6720,640,2698,-2602
373,BE,2020-09-22,0 days 15:55:40.240840,154525,16.91,16.9,500,700,-137,329
374,BE,2020-09-22,0 days 15:59:04.247328,161571,16.84,16.83,200,564,-7086,5811
375,BE,2020-09-22,0 days 15:59:05.248097,159896,16.85,16.84,300,400,1675,-7086
376,BE,2020-09-22,0 days 15:59:06.247618,161571,16.86,16.85,600,100,-1328,1675
377,BE,2020-09-22,0 days 15:59:07.247889,159499,16.87,16.85,800,1826,2072,-1328
378,BE,2020-09-22,0 days 15:59:30.251134,159901,16.88,16.86,616,1462,1680,-1020
379,BE,2020-09-22,0 days 15:59:41.249223,161315,16.88,16.87,201,200,266,-5934
380,BEN,2020-09-22,0 days 15:55:52.283752,284583,19.88,19.87,3817,7520,6514,-724
381,BEN,2020-09-22,0 days 15:55:53.283815,282497,19.88,19.87,6325,6220,-2086,6514
382,BEN,2020-09-22,0 days 15:56:08.284190,284583,19.87,19.86,10308,1306,69,-125
383,BEN,2020-09-22,0 days 15:56:39.285060,291406,19.87,19.86,8463,6735,-7240,6660
384,BEN,2020-09-22,0 days 15:57:48.287211,304796,19.85,19.84,7550,5359,344,-556
385,BEN,2020-09-22,0 days 15:57:49.287266,304240,19.85,19.84,8050,5059,-556,344
386,BEN,2020-09-22,0 days 15:57:50.288025,304796,19.85,19.84,9139,3959,444,-556
387,BEN,2020-09-22,0 days 15:57:51.287078,302540,19.85,19.84,8959,3659,-2256,444
388,BEN,2020-09-22,0 days 15:58:04.288165,306796,19.85,19.84,7882,5268,435,-7765
389,BEN,2020-09-22,0 days 15:58:05.288039,305931,19.85,19.84,7391,5874,-865,435
390,BEN,2020-09-22,0 days 15:58:12.288696,307651,19.85,19.84,10198,2668,2438,-862
391,BEN,2020-09-22,0 days 15:58:13.288801,306789,19.85,19.84,10898,2844,-862,2438
392,BEN,2020-09-22,0 days 15:58:59.290581,314451,19.85,19.84,11689,1855,238,-1162
393,BEN,2020-09-22,0 days 15:59:00.294101,313089,19.85,19.84,9053,5255,-1362,238
394,BEN,2020-09-22,0 days 15:59:05.292716,315952,19.85,19.84,6947,6855,337,-3072
395,BEN,2020-09-22,0 days 15:59:06.293018,307820,19.86,19.85,500,9759,-8332,337
396,BEN,2020-09-22,0 days 15:59:09.292384,316272,19.87,19.86,1205,9173,6388,-273
397,BEN,2020-09-22,0 days 15:59:33.290892,327543,19.87,19.86,8870,2877,-6220,6058
398,BEN,2020-09-22,0 days 15:59:34.291191,333763,19.87,19.86,7924,1375,1260,-6220
399,BEN,2020-09-22,0 days 15:59:35.291382,333423,19.87,19.86,6118,3274,-340,1260
400,BEN,2020-09-22,0 days 15:59:40.290975,333763,19.87,19.86,8224,2275,1360,-220
401,BEN,2020-09-22,0 days 15:59:41.291276,333623,19.87,19.86,8704,3375,-20,1360
402,BEN,2020-09-22,0 days 15:59:45.292419,333763,19.87,19.86,8418,1775,970,-40
403,BEST,2020-09-22,0 days 15:59:45.240078,61427,3.23,3.22,17835,4804,560,-3175
404,BHC,2020-09-22,0 days 15:55:40.240905,61693,16.03,16.02,6782,5418,628,-207
405,BHC,2020-09-22,0 days 15:56:24.240342,64446,16.04,16.03,7920,2160,-3286,5114
406,BHC,2020-09-22,0 days 15:56:25.240163,63732,16.04,16.03,7720,2360,714,-3286
407,BHC,2020-09-22,0 days 15:59:14.248333,72506,16.05,16.04,728,10244,769,-531
408,BHP,2020-09-22,0 days 15:59:46.291711,27588,52.85,52.84,254,3670,-712,241
409,BHP,2020-09-22,0 days 15:59:48.291702,26700,52.86,52.85,2210,2400,588,-12
410,BILL,2020-09-22,0 days 15:55:19.239203,112163,91.71,91.62,910,300,-7913,3241
411,BILL,2020-09-22,0 days 15:58:15.243771,124959,91.72,91.61,100,200,325668,-11928
412,BILL,2020-09-22,0 days 15:58:16.244519,114431,91.69,91.61,100,300,-72328,325668
413,BILL,2020-09-22,0 days 15:58:24.244365,124959,91.65,91.57,100,300,325668,-11928
414,BILL,2020-09-22,0 days 15:58:30.244669,114431,91.69,91.62,100,300,-72328,265268
415,BILL,2020-09-22,0 days 15:58:49.245161,124959,91.7,91.6,200,300,325868,-11728
416,BILL,2020-09-22,0 days 15:59:01.246554,114631,91.68,91.56,265,302,-85938,259162
417,BILL,2020-09-22,0 days 15:59:49.248981,136703,91.74,91.62,100,234,327810,-9623
418,BJ,2020-09-22,0 days 15:56:08.239109,184409,41.2,41.19,200,282,1295,-737
419,BJ,2020-09-22,0 days 15:56:09.238189,180304,41.2,41.17,501,200,-4105,1295
420,BJ,2020-09-22,0 days 15:58:04.241954,195239,41.17,41.16,104,229,1691,-3815
421,BJ,2020-09-22,0 days 15:58:05.241452,191230,41.18,41.16,100,229,-4009,1691
422,BJ,2020-09-22,0 days 15:59:01.244142,192275,41.17,41.14,1000,500,268,-422
423,BJ,2020-09-22,0 days 15:59:02.244795,189043,41.14,41.12,100,500,-2379,268
424,BJ,2020-09-22,0 days 15:59:20.245206,191195,41.15,41.12,200,500,398,-725
425,BJ,2020-09-22,0 days 15:59:22.244965,189282,41.15,41.12,200,500,-1913,398
426,BJ,2020-09-22,0 days 15:59:35.245901,191195,41.15,41.14,200,844,1919,-13
427,BJ,2020-09-22,0 days 15:59:36.246649,190114,41.15,41.14,100,573,-1081,1919
428,BJ,2020-09-22,0 days 15:59:46.246548,191395,41.17,41.14,110,200,1703,-596
429,BJ,2020-09-22,0 days 15:59:47.246516,190998,41.17,41.14,110,200,-197,1703
430,BK,2020-09-22,0 days 15:55:00.236802,523662,33.42,33.41,958,3592,10680,-86800
431,BK,2020-09-22,0 days 15:55:27.239382,536043,33.45,33.44,1199,5848,-8563,4736
432,BK,2020-09-22,0 days 15:59:15.248034,587146,33.43,33.42,1000,8988,60267,-8651
433,BK,2020-09-22,0 days 15:59:44.248698,643322,33.49,33.48,2500,6780,-17676,1224
434,BK,2020-09-22,0 days 15:59:45.249864,627098,33.48,33.47,10910,838,17223,-17676
435,BK,2020-09-22,0 days 15:59:47.249054,649036,33.49,33.48,5500,6980,-17090,5910
436,BK,2020-09-22,0 days 15:59:49.248981,648626,33.48,33.47,2500,6318,410,-17090
437,BKD,2020-09-22,0 days 15:58:12.223516,160825,2.74,2.73,6536,18715,1251,-10086
438,BKD,2020-09-22,0 days 15:58:13.223360,156676,2.74,2.73,6536,18715,-4149,1251
439,BKD,2020-09-22,0 days 15:58:35.223975,160825,2.74,2.73,7648,18722,751,-4149
440,BKD,2020-09-22,0 days 15:58:36.223704,156676,2.74,2.73,7648,18722,-4149,751
441,BKR,2020-09-22,0 days 15:59:32.238039,1189032,14.41,14.4,2096,15074,14848,-46251
442,BKR,2020-09-22,0 days 15:59:33.238707,1174480,14.41,14.4,1139,17108,-14552,14848
443,BMY,2020-09-22,0 days 15:58:50.290267,1942986,58.73,58.72,2371,1700,145543,-187671
444,BMY,2020-09-22,0 days 15:58:51.289728,1941729,58.75,58.74,4378,2438,-1257,145543
445,BMY,2020-09-22,0 days 15:58:56.289951,1932429,58.72,58.71,4001,1400,-457,9843
446,BMY,2020-09-22,0 days 15:59:04.291797,1956718,58.75,58.74,2663,1419,296,-2782
447,BMY,2020-09-22,0 days 15:59:06.293018,1946614,58.75,58.74,2515,1400,-1120,10196
448,BMY,2020-09-22,0 days 15:59:07.292631,1971608,58.76,58.75,3318,487,63552,-1120
449,BMY,2020-09-22,0 days 15:59:43.291293,2066377,58.81,58.8,3084,900,-3365,3052
450,BMY,2020-09-22,0 days 15:59:48.291653,2088101,58.81,58.8,1300,3020,23614,-4302
451,BMY,2020-09-22,0 days 15:59:49.290645,2087524,58.83,58.82,2024,1052,-34990,23614
452,BNS,2020-09-22,0 days 15:59:01.246750,14811,40.85,40.84,2700,300,35,-676
453,BNS,2020-09-22,0 days 15:59:03.247319,13446,40.85,40.84,2200,400,-1120,35
454,BOX,2020-09-22,0 days 15:59:10.244869,152293,17.94,17.93,4946,1530,-152,4548
455,BOX,2020-09-22,0 days 15:59:18.244908,147774,17.94,17.93,3328,2793,4519,-152
456,BOX,2020-09-22,0 days 15:59:47.246399,149613,17.95,17.94,1483,4820,2700,-3800
457,BP,2020-09-22,0 days 15:55:27.229927,98328,18.5,18.49,26235,40474,-14805,995
458,BP,2020-09-22,0 days 15:58:38.235757,143526,18.47,18.46,70106,11660,22734,-30666
459,BP,2020-09-22,0 days 15:58:39.235907,140860,18.47,18.46,67056,11660,-2466,22734
460,BP,2020-09-22,0 days 15:59:04.240505,130546,18.46,18.45,42344,32409,10659,-2094
461,BP,2020-09-22,0 days 15:59:05.241212,115905,18.46,18.45,27918,38105,-14284,10659
462,BP,2020-09-22,0 days 15:59:13.237781,143846,18.48,18.47,28458,36669,4146,-254
463,BP,2020-09-22,0 days 15:59:24.238084,147992,18.48,18.47,17400,43914,-9604,4146
464,BP,2020-09-22,0 days 15:59:36.239291,157596,18.48,18.47,41389,46001,8096,-9604
465,BP,2020-09-22,0 days 15:59:37.239211,157092,18.48,18.47,40047,49490,-504,8096
466,BP,2020-09-22,0 days 15:59:46.240268,157596,18.48,18.47,27503,49590,7222,-504
467,BRK.B,2020-09-22,0 days 15:59:54.239930,873919,214.3,214.22,100,2380,-92,2708
468,BRK.B,2020-09-22,0 days 16:00:00.238945,844942,214.17,213.99,500,200,29377,-4336
469,BRX,2020-09-22,0 days 15:57:37.286535,324363,11.66,11.65,7187,4900,2113,-3187
470,BRX,2020-09-22,0 days 15:57:38.288671,320576,11.66,11.65,6787,6000,-3787,2113
471,BRX,2020-09-22,0 days 15:59:11.292839,326041,11.66,11.65,8320,7700,1870,-4330
472,BRX,2020-09-22,0 days 15:59:12.292347,322211,11.66,11.65,8320,6400,-3830,1870
473,BRX,2020-09-22,0 days 15:59:33.290951,332652,11.66,11.65,11436,7270,1461,-7706
474,BRX,2020-09-22,0 days 15:59:34.291279,330613,11.66,11.65,11336,7370,-2039,1461
475,BSX,2020-09-22,0 days 15:55:00.234452,333638,38.51,38.5,721,6171,9131,-52918
476,BSX,2020-09-22,0 days 15:56:41.239314,480286,38.62,38.61,562,5913,-4325,6975
477,BSX,2020-09-22,0 days 15:56:42.239585,466511,38.63,38.62,4345,1011,13775,-4325
478,BSX,2020-09-22,0 days 15:58:57.237380,478634,38.59,38.58,1467,4709,-3,1997
479,BSX,2020-09-22,0 days 15:58:59.237355,479237,38.59,38.58,2868,2196,1037,-3
480,BSX,2020-09-22,0 days 15:59:03.238368,480305,38.59,38.58,169,5253,-24207,999
481,BSX,2020-09-22,0 days 15:59:10.238549,477194,38.6,38.59,1800,3347,7162,-4477
482,BSX,2020-09-22,0 days 15:59:20.237381,488638,38.61,38.6,369,4376,-928,3873
483,BSX,2020-09-22,0 days 15:59:31.237021,483115,38.62,38.61,1373,4365,5523,-2377
484,BSX,2020-09-22,0 days 15:59:45.238150,494098,38.62,38.61,200,5686,-55,945
485,BTE,2020-09-22,0 days 16:00:00.246976,1305,0.39,0.37,250,3200,-215,113
486,BTI,2020-09-22,0 days 15:59:07.241061,34296,35.0,34.99,1600,6250,6030,-923
487,BTI,2020-09-22,0 days 15:59:08.238726,33726,35.01,34.99,4010,7050,-570,6030
488,BTI,2020-09-22,0 days 15:59:46.240455,36449,34.99,34.98,6200,1316,2504,-188
489,BTI,2020-09-22,0 days 15:59:47.240122,36153,34.99,34.98,6200,916,-296,2504
490,BTU,2020-09-22,0 days 15:59:42.239460,322803,3.94,3.93,10942,4823,88,-1035
491,BTU,2020-09-22,0 days 15:59:44.239232,320298,3.94,3.93,11444,4623,-2505,6825
492,BTU,2020-09-22,0 days 15:59:45.240255,324803,3.94,3.93,11192,5928,1109,-2505
493,BTU,2020-09-22,0 days 15:59:47.239759,325912,3.94,3.93,12592,3893,-1728,1109
494,BTU,2020-09-22,0 days 16:00:00.239321,325253,3.94,3.91,200,100,17494,-5306
495,BUD,2020-09-22,0 days 15:55:28.228608,16616,54.26,54.24,410,1612,-3712,588
496,BUD,2020-09-22,0 days 15:55:35.229105,16616,54.28,54.27,827,430,-112,88
497,BUD,2020-09-22,0 days 15:55:36.229197,16528,54.27,54.26,300,759,88,-112
498,BUD,2020-09-22,0 days 15:59:50.242896,17944,54.35,54.33,1674,1100,-240,2560
499,BWA,2020-09-22,0 days 15:59:15.247956,261544,37.46,37.45,2236,537,1664,-27638
500,BWA,2020-09-22,0 days 15:59:19.247920,259649,37.47,37.46,1200,1400,-2016,7945
501,BWA,2020-09-22,0 days 15:59:21.247804,262465,37.47,37.46,1300,2100,1051,-1412
502,BX,2020-09-22,0 days 15:57:48.236047,229899,51.2,51.19,1812,1630,-873,627
503,BX,2020-09-22,0 days 15:57:49.236320,224972,51.2,51.19,2612,1004,4927,-873
504,BX,2020-09-22,0 days 15:59:11.241004,229932,51.22,51.2,1181,1091,15,-285
505,BX,2020-09-22,0 days 15:59:22.239119,229534,51.23,51.22,300,979,413,-4587
506,BX,2020-09-22,0 days 15:59:27.239455,227034,51.24,51.23,144,892,771,-4287
507,BX,2020-09-22,0 days 15:59:39.238932,224638,51.27,51.26,300,900,1004,-3496
508,BXP,2020-09-22,0 days 15:59:50.246167,440036,80.48,80.43,1000,400,33717,-127
509,BXP,2020-09-22,0 days 15:59:55.243693,473753,80.53,80.43,200,300,-11999,21953
510,C,2020-09-22,0 days 15:59:54.244211,1717193,43.32,43.31,460,8700,-1065,18635
511,C,2020-09-22,0 days 15:59:55.243772,1710858,43.3,43.29,5200,2299,6335,-1065
512,CAG,2020-09-22,0 days 15:57:40.242310,552204,35.24,35.23,1610,2206,6621,-79
513,CAG,2020-09-22,0 days 15:58:12.244225,554788,35.25,35.24,2810,2317,-5236,2222
514,CAG,2020-09-22,0 days 15:59:16.247278,576948,35.15,35.14,854,2700,17141,-8015
515,CARR,2020-09-22,0 days 15:55:00.237377,1283721,30.27,30.25,2260,761,-56683,61101
516,CARR,2020-09-22,0 days 15:57:35.235897,1324893,30.25,30.24,1602,385,-10114,4186
517,CARR,2020-09-22,0 days 15:58:41.238749,1334906,30.22,30.21,1358,800,-7275,7625
518,CARR,2020-09-22,0 days 15:59:03.240427,1342222,30.23,30.22,400,1665,33652,-6053
519,CARR,2020-09-22,0 days 15:59:04.240763,1336704,30.24,30.23,500,1403,-5302,33652
520,CAT,2020-09-22,0 days 15:58:25.237898,218627,147.21,147.17,100,100,2784,-4716
521,CAT,2020-09-22,0 days 15:58:26.239194,216311,147.21,147.17,200,200,-2316,2784
522,CAT,2020-09-22,0 days 15:59:07.241733,218886,147.18,147.14,200,500,15611,-1108
523,CAT,2020-09-22,0 days 15:59:08.241014,218797,147.2,147.16,100,300,-1889,15611
524,CAT,2020-09-22,0 days 15:59:12.240419,223333,147.15,147.11,200,200,183,-317
525,CAT,2020-09-22,0 days 15:59:13.240510,223528,147.16,147.11,300,300,-605,183
526,CAT,2020-09-22,0 days 15:59:14.240714,224133,147.16,147.11,300,300,132,-605
527,CAT,2020-09-22,0 days 15:59:15.238951,224322,147.18,147.14,100,200,-311,132
528,CAT,2020-09-22,0 days 15:59:37.238594,224777,147.1,147.07,700,100,451,-349
529,CAT,2020-09-22,0 days 15:59:47.238779,221367,147.24,147.2,200,839,-5128,29713
530,CAT,2020-09-22,0 days 15:59:48.238512,226574,147.17,147.13,700,500,893,-5128
531,CB,2020-09-22,0 days 15:55:00.281313,293098,116.05,116.02,200,300,2512,-43073
532,CB,2020-09-22,0 days 15:55:29.283500,294944,116.09,116.05,100,300,-17008,316
533,CB,2020-09-22,0 days 15:55:30.283656,294052,116.1,116.08,100,300,892,-17008
534,CB,2020-09-22,0 days 15:57:05.285936,300395,116.17,116.13,300,200,-2414,186
535,CB,2020-09-22,0 days 15:57:06.286169,299309,116.15,116.13,200,300,1086,-2414
536,CB,2020-09-22,0 days 15:57:41.286532,300495,116.17,116.14,326,200,-1575,1025
537,CB,2020-09-22,0 days 15:57:42.286325,299770,116.17,116.13,426,300,725,-1575
538,CB,2020-09-22,0 days 15:57:55.287081,300495,116.12,116.08,100,500,-175,2525
539,CB,2020-09-22,0 days 15:57:56.289382,298870,116.12,116.08,800,200,1625,-175
540,CB,2020-09-22,0 days 15:58:06.288050,301569,116.13,116.12,200,140,-1811,215
541,CB,2020-09-22,0 days 15:58:07.288240,298829,116.13,116.12,399,240,2740,-1811
542,CB,2020-09-22,0 days 15:58:16.288722,302375,116.09,116.06,100,300,-1879,3421
543,CB,2020-09-22,0 days 15:58:17.289187,301654,116.1,116.07,600,400,721,-1879
544,CB,2020-09-22,0 days 15:58:24.288864,302375,116.11,116.09,100,626,-1979,3421
545,CB,2020-09-22,0 days 15:58:25.289123,301654,116.11,116.09,200,100,721,-1979
546,CB,2020-09-22,0 days 15:58:30.289940,302375,116.09,116.07,300,259,-1579,721
547,CB,2020-09-22,0 days 15:58:31.289404,301654,116.09,116.07,200,459,721,-1579
548,CB,2020-09-22,0 days 15:59:04.291739,303167,116.05,116.04,300,100,-40652,813
549,CB,2020-09-22,0 days 15:59:43.291245,347472,116.07,116.04,200,200,669,-1199
550,CB,2020-09-22,0 days 15:59:47.291426,346552,116.14,116.09,200,200,-1613,3082
551,CB,2020-09-22,0 days 15:59:49.290608,348165,116.12,116.08,300,200,164,-1192
552,CB,2020-09-22,0 days 15:59:50.293455,341225,116.1,116.07,100,100,-6940,164
553,CBRE,2020-09-22,0 days 15:55:00.237493,345105,45.92,45.89,300,551,65387,-55900
554,CBRE,2020-09-22,0 days 15:55:35.240169,308339,45.98,45.94,700,500,596,-3504
555,CBRE,2020-09-22,0 days 15:59:04.247514,353635,45.94,45.92,300,300,-4623,3346
556,CBRE,2020-09-22,0 days 15:59:55.250324,354590,46.02,45.97,611,300,-39156,72725
557,CCI,2020-09-22,0 days 15:56:44.239630,261035,159.87,159.82,100,225,8758,-16042
558,CCI,2020-09-22,0 days 15:56:45.239986,256873,159.9,159.85,125,425,-4162,8758
559,CCI,2020-09-22,0 days 15:58:07.241340,262768,159.75,159.73,180,300,1003,-2897
560,CCI,2020-09-22,0 days 15:58:08.241592,258971,159.76,159.73,100,200,-3797,1003
561,CCI,2020-09-22,0 days 15:59:04.244461,271686,159.97,159.81,100,125,77957,-1729
562,CCJ,2020-09-22,0 days 15:55:45.239484,47764,10.67,10.66,18654,408,1292,-709
563,CCJ,2020-09-22,0 days 15:55:46.239546,45956,10.67,10.66,18754,408,-1808,1292
564,CCJ,2020-09-22,0 days 15:59:14.248498,47102,10.66,10.65,1508,25202,10547,-693
565,CCL,2020-09-22,0 days 15:55:32.219422,1086187,14.39,14.38,15835,7568,9516,-4184
566,CCL,2020-09-22,0 days 15:56:09.217852,1108170,14.39,14.38,12279,15949,-7554,9353
567,CCL,2020-09-22,0 days 15:56:10.218002,1100424,14.39,14.38,19079,10842,7746,-7554
568,CCL,2020-09-22,0 days 15:57:54.221177,1145673,14.39,14.38,14070,17404,6284,-16
569,CCL,2020-09-22,0 days 15:57:57.221512,1152011,14.39,14.38,14620,18604,-1462,6338
570,CCL,2020-09-22,0 days 15:57:58.222156,1144773,14.39,14.38,14520,17304,7238,-1462
571,CCL,2020-09-22,0 days 15:57:59.221649,1152011,14.39,14.38,13920,17304,-2762,7238
572,CCL,2020-09-22,0 days 15:58:00.224259,1144773,14.39,14.38,18920,17904,7238,-2762
573,CCL,2020-09-22,0 days 15:58:12.223516,1166718,14.39,14.38,22323,3386,-2668,1376
574,CCXX,2020-09-22,0 days 15:59:46.249434,11890,11.25,11.24,200,553,-11,809
575,CCXX,2020-09-22,0 days 15:59:48.249018,11401,11.29,11.24,150,400,489,-11
576,CDE,2020-09-22,0 days 15:55:00.886182,200031,7.49,7.48,15339,8761,52095,-61557
577,CDE,2020-09-22,0 days 15:55:01.884358,198026,7.49,7.48,14989,9664,-2005,52095
578,CDE,2020-09-22,0 days 15:58:03.890987,203611,7.49,7.48,28068,4571,6627,-4509
579,CDE,2020-09-22,0 days 15:59:04.894955,212960,7.49,7.48,23872,4572,-907,2256
580,CFG,2020-09-22,0 days 15:57:33.221144,1631975,24.49,24.48,5993,1331,5787,-1913
581,CFG,2020-09-22,0 days 15:57:34.221084,1621862,24.49,24.48,5437,3007,-10113,5787
582,CFG,2020-09-22,0 days 15:57:40.222056,1632067,24.49,24.48,5293,2630,8195,-7913
583,CFG,2020-09-22,0 days 15:58:19.223690,1638913,24.47,24.46,8527,1405,5685,-3715
584,CFG,2020-09-22,0 days 15:58:20.223528,1632998,24.47,24.46,8890,1748,-5915,5685
585,CFG,2020-09-22,0 days 15:58:23.223888,1638913,24.47,24.46,6240,3096,9685,-5115
586,CFG,2020-09-22,0 days 15:58:24.223265,1635298,24.47,24.46,5840,3096,-3615,9685
587,CFG,2020-09-22,0 days 15:58:37.223704,1638913,24.47,24.46,4222,4417,10585,-5215
588,CFG,2020-09-22,0 days 15:58:38.223982,1634298,24.49,24.48,3066,3733,-4615,10585
589,CFG,2020-09-22,0 days 15:59:00.228853,1633545,24.47,24.46,8722,899,1973,-2995
590,CFG,2020-09-22,0 days 15:59:01.226065,1631418,24.47,24.46,5879,3865,-2127,1973
591,CFG,2020-09-22,0 days 15:59:18.223323,1637545,24.51,24.5,3218,5618,3414,-6099
592,CFG,2020-09-22,0 days 15:59:20.223870,1667628,24.51,24.5,1800,5393,-5413,4366
593,CFG,2020-09-22,0 days 15:59:47.225522,1674688,24.52,24.51,8085,925,20092,-280
594,CFG,2020-09-22,0 days 15:59:48.226088,1673880,24.52,24.51,8685,725,-808,20092
595,CGC,2020-09-22,0 days 15:55:27.238086,26220,16.03,16.02,685,4242,-2015,885
596,CGC,2020-09-22,0 days 15:55:28.237884,25335,16.03,16.02,685,4242,885,-2015
597,CGC,2020-09-22,0 days 15:57:31.239723,26920,16.03,16.01,1500,2628,-194,206
598,CGC,2020-09-22,0 days 15:57:32.239851,26714,16.03,16.01,1500,2628,206,-194
599,CGC,2020-09-22,0 days 15:58:47.243181,27020,16.02,16.01,500,1210,-94,506
600,CGC,2020-09-22,0 days 15:58:48.242702,26814,16.02,16.0,700,816,206,-94
601,CGC,2020-09-22,0 days 15:59:40.245940,27815,16.02,16.01,1786,3110,-4099,301
602,CGC,2020-09-22,0 days 15:59:41.246315,27614,16.02,16.01,1986,410,201,-4099
603,CHGG,2020-09-22,0 days 15:55:00.238501,159244,68.45,68.42,600,634,1316,-35338
604,CHGG,2020-09-22,0 days 15:55:44.240263,160682,68.44,68.43,500,301,-244,356
605,CHGG,2020-09-22,0 days 15:55:45.239967,161826,68.44,68.43,500,406,1295,-244
606,CHGG,2020-09-22,0 days 15:56:36.241397,163408,68.41,68.39,1193,1513,-129,371
607,CHGG,2020-09-22,0 days 15:56:37.241264,162237,68.41,68.39,1193,1613,1171,-129
608,CHGG,2020-09-22,0 days 15:56:38.241642,163426,68.41,68.39,1193,1613,-311,1171
609,CHGG,2020-09-22,0 days 15:56:39.241535,162437,68.41,68.39,1027,1713,989,-311
610,CHGG,2020-09-22,0 days 15:57:29.242739,163761,68.42,68.4,448,800,-121,424
611,CHGG,2020-09-22,0 days 15:57:30.243478,163237,68.41,68.4,300,1000,524,-121
612,CHGG,2020-09-22,0 days 15:58:21.245809,168437,68.42,68.41,200,500,1321,-379
613,CHGG,2020-09-22,0 days 15:58:29.247996,169758,68.44,68.43,234,700,-779,1121
614,CHGG,2020-09-22,0 days 15:58:30.246588,168337,68.44,68.43,634,100,1421,-779
615,CHGG,2020-09-22,0 days 15:59:18.248774,169404,68.42,68.39,810,100,-3612,690
616,CHWY,2020-09-22,0 days 15:57:48.240212,64115,54.66,54.61,900,794,-1085,1525
617,CHWY,2020-09-22,0 days 15:58:33.242845,62775,54.66,54.63,1400,740,-2025,1185
618,CHWY,2020-09-22,0 days 15:58:51.242657,63275,54.64,54.61,102,500,-2025,1185
619,CHWY,2020-09-22,0 days 15:59:07.245490,67098,54.62,54.59,500,400,-7876,712
620,CHWY,2020-09-22,0 days 15:59:46.246815,74951,54.57,54.53,500,552,-3722,214
621,CHWY,2020-09-22,0 days 15:59:47.246592,78673,54.55,54.53,386,252,278,-3722
622,CHWY,2020-09-22,0 days 15:59:48.244049,78351,54.55,54.53,200,252,-322,278
623,CI,2020-09-22,0 days 15:55:00.237426,282876,161.79,161.76,150,100,3669,-23042
624,CI,2020-09-22,0 days 15:55:01.237062,277645,161.82,161.76,150,200,-5231,3669
625,CI,2020-09-22,0 days 15:55:58.239429,283127,161.87,161.83,250,100,160,-340
626,CI,2020-09-22,0 days 15:56:02.239718,283387,161.87,161.83,250,192,-2240,160
627,CI,2020-09-22,0 days 15:57:30.235911,285029,161.64,161.6,661,1100,-4764,336
628,CI,2020-09-22,0 days 15:57:40.236555,289793,161.63,161.54,100,203,36,-1564
629,CI,2020-09-22,0 days 15:57:44.236050,289793,161.76,161.68,250,299,716,-884
630,CI,2020-09-22,0 days 15:57:45.236516,285609,161.76,161.68,250,250,-4184,716
631,CI,2020-09-22,0 days 15:59:18.238760,293076,161.8,161.73,150,226,5636,-2118
632,CI,2020-09-22,0 days 15:59:19.238807,290612,161.8,161.76,150,126,-2464,5636
633,CI,2020-09-22,0 days 15:59:21.239820,293656,161.72,161.65,150,100,593,-2964
634,CI,2020-09-22,0 days 15:59:22.239095,294249,161.72,161.67,150,100,-17,593
635,CI,2020-09-22,0 days 15:59:27.239455,294266,161.73,161.66,150,404,950,-1
636,CI,2020-09-22,0 days 15:59:28.239328,292016,161.73,161.66,150,304,-2250,950
637,CIG,2020-09-22,0 days 15:59:36.247239,76884,1.99,1.98,432268,189900,-1487,5413
638,CIG,2020-09-22,0 days 15:59:47.247517,76371,1.99,1.98,454885,251800,513,-1487
639,CIM,2020-09-22,0 days 15:59:37.238445,565351,8.69,8.68,15550,23192,7038,-9462
640,CIM,2020-09-22,0 days 15:59:47.238559,574389,8.69,8.68,16150,24293,-3379,3741
641,CIM,2020-09-22,0 days 15:59:48.238347,566968,8.69,8.68,10350,26143,7421,-3379
642,CIT,2020-09-22,0 days 15:59:46.898187,180961,16.73,16.72,1613,945,389,-3483
643,CL,2020-09-22,0 days 15:59:45.898574,481539,76.13,76.12,795,446,481,-6061
644,CL,2020-09-22,0 days 15:59:46.898099,470820,76.13,76.12,427,946,-10518,481
645,CLNY,2020-09-22,0 days 15:55:35.229009,325185,2.49,2.48,17592,51623,5829,-7171
646,CLNY,2020-09-22,0 days 15:55:36.229069,319214,2.49,2.48,18992,51523,-5971,5829
647,CLNY,2020-09-22,0 days 15:56:13.229713,326485,2.49,2.48,19101,53623,111,-5589
648,CLNY,2020-09-22,0 days 15:56:46.231610,326596,2.49,2.48,18285,51804,-26,111
649,CLNY,2020-09-22,0 days 15:59:29.238264,342672,2.49,2.48,26439,33613,-2282,2518
650,CNC,2020-09-22,0 days 15:57:35.220976,402073,54.2,54.19,1400,100,731,-69
651,CNC,2020-09-22,0 days 15:59:06.226970,438800,54.26,54.24,404,300,1797,-21395
652,CNC,2020-09-22,0 days 15:59:46.225930,447978,54.31,54.29,693,900,-91,481
653,CNC,2020-09-22,0 days 15:59:47.225337,448069,54.31,54.29,493,900,4995,-91
654,CNC,2020-09-22,0 days 15:59:49.225924,453064,54.31,54.29,300,2900,-261,639
655,CNC,2020-09-22,0 days 15:59:50.229455,452425,54.31,54.29,488,3000,639,-261
656,CNHI,2020-09-22,0 days 15:59:01.225731,31348,7.56,7.55,31766,15149,12519,-15974
657,CNHI,2020-09-22,0 days 15:59:02.225603,29967,7.56,7.55,30247,15149,-1381,12519
658,CNHI,2020-09-22,0 days 15:59:40.225165,32006,7.56,7.55,37232,30367,4335,-165
659,CNHI,2020-09-22,0 days 15:59:41.225550,31141,7.56,7.55,37330,29967,-865,4335
660,CNHI,2020-09-22,0 days 15:59:46.225723,32006,7.56,7.55,35526,29572,35,-865
661,CNHI,2020-09-22,0 days 15:59:48.225708,31141,7.56,7.55,34420,28410,-865,35
662,CNK,2020-09-22,0 days 15:57:04.240961,180947,11.17,11.16,2917,6582,2375,-4306
663,CNK,2020-09-22,0 days 15:57:05.241261,176522,11.17,11.16,3217,6482,-5273,2375
664,CNK,2020-09-22,0 days 15:59:46.249651,183563,11.18,11.17,5699,7505,-1716,3041
665,CNK,2020-09-22,0 days 15:59:49.249161,184133,11.18,11.17,7989,7595,-1146,1654
666,CNK,2020-09-22,0 days 15:59:52.249312,185029,11.17,11.16,11200,2400,15632,-13346
667,CNP,2020-09-22,0 days 15:55:17.238397,496382,18.94,18.93,5226,7828,-468,314
668,CNP,2020-09-22,0 days 15:55:25.240036,496850,18.94,18.93,3860,9608,1232,-468
669,CNP,2020-09-22,0 days 15:56:41.240984,519567,18.94,18.93,7317,3000,-3796,1949
670,CNP,2020-09-22,0 days 15:56:42.240966,518163,18.94,18.93,7510,3193,1404,-3796
671,CNP,2020-09-22,0 days 15:57:17.242018,519567,18.93,18.92,7253,11400,-216,984
672,CNP,2020-09-22,0 days 15:57:18.242302,518483,18.93,18.92,7753,10900,1084,-216
673,CNP,2020-09-22,0 days 15:57:33.242497,508667,18.93,18.92,7257,9400,-2616,884
674,CNP,2020-09-22,0 days 15:57:39.243047,516283,18.93,18.92,8321,7700,1784,-716
675,CNP,2020-09-22,0 days 15:57:42.242724,519567,18.93,18.92,100,18642,-1716,6184
676,CNP,2020-09-22,0 days 15:57:47.244479,528783,18.93,18.92,200,16921,384,-2216
677,CNP,2020-09-22,0 days 15:58:12.245306,533446,18.93,18.92,6124,7112,18765,-872
678,CNP,2020-09-22,0 days 15:58:13.245104,531311,18.93,18.92,6224,7212,-2135,18765
679,CNP,2020-09-22,0 days 15:59:20.246886,581202,18.93,18.92,8869,1994,1701,-7430
680,CNP,2020-09-22,0 days 15:59:22.246354,577700,18.93,18.92,9415,3704,-602,1998
681,CNP,2020-09-22,0 days 15:59:28.245883,581202,18.93,18.92,7607,4860,2650,-602
682,CNP,2020-09-22,0 days 15:59:29.246272,577552,18.93,18.92,6093,4660,-6856,2650
683,CNQ,2020-09-22,0 days 15:57:08.285969,50847,17.01,17.0,1585,10391,-361,2279
684,CNQ,2020-09-22,0 days 15:57:09.285989,49108,17.01,17.0,1585,9318,1739,-361
685,CNQ,2020-09-22,0 days 15:57:23.286611,53047,17.01,17.0,2947,12282,-461,2179
686,CNQ,2020-09-22,0 days 15:57:24.286322,51108,17.01,17.0,3247,12009,1939,-461
687,CNQ,2020-09-22,0 days 15:58:11.288651,58087,17.0,16.99,11160,9858,-421,4279
688,CNQ,2020-09-22,0 days 15:58:12.288749,55108,17.0,16.99,11760,9758,2979,-421
689,CNQ,2020-09-22,0 days 15:58:16.288829,58087,17.0,16.99,10860,10458,-1521,2979
690,CNQ,2020-09-22,0 days 15:58:17.289293,55108,17.0,16.99,10660,10658,2979,-1521
691,CNQ,2020-09-22,0 days 15:59:01.291920,58287,16.99,16.98,12678,4156,-294,1815
692,CNQ,2020-09-22,0 days 15:59:02.291418,57781,16.99,16.98,12678,3456,306,-294
693,COF,2020-09-22,0 days 15:59:22.238233,422369,69.93,69.91,500,400,-3356,1124
694,COF,2020-09-22,0 days 15:59:23.238607,416202,69.96,69.95,100,501,6120,-3356
695,COF,2020-09-22,0 days 15:59:47.239874,422322,69.97,69.95,200,281,-2652,3359
696,COF,2020-09-22,0 days 15:59:48.240457,421141,69.97,69.95,300,281,1100,-2652
697,COG,2020-09-22,0 days 15:55:00.227280,442246,19.43,19.42,814,7044,17832,-183476
698,COG,2020-09-22,0 days 15:55:01.226989,429678,19.44,19.43,1231,4354,-12568,17832
699,COG,2020-09-22,0 days 15:59:00.238357,461286,19.42,19.41,2620,5015,-14024,8176
700,COG,2020-09-22,0 days 15:59:40.239565,487054,19.47,19.46,8800,2685,657,-810
701,COG,2020-09-22,0 days 15:59:48.239706,477577,19.46,19.45,9009,4522,-5790,12710
702,COTY,2020-09-22,0 days 15:57:02.240734,540299,3.1,3.09,45709,128363,-6662,16058
703,COTY,2020-09-22,0 days 15:59:34.237828,527305,3.1,3.09,40988,146530,-25217,3813
704,CPB,2020-09-22,0 days 15:56:28.218013,478874,45.75,45.74,215,857,4876,-22524
705,CPB,2020-09-22,0 days 15:56:29.218661,468250,45.76,45.75,400,434,-10624,4876
706,CPB,2020-09-22,0 days 15:59:04.226555,486472,45.65,45.63,300,490,5440,-5082
707,CPB,2020-09-22,0 days 15:59:05.227531,479612,45.65,45.64,200,503,-6860,5440
708,CPB,2020-09-22,0 days 15:59:47.225124,497843,45.67,45.65,198,600,6534,-917
709,CPB,2020-09-22,0 days 15:59:48.225696,497579,45.67,45.65,198,950,-564,6534
710,CPRI,2020-09-22,0 days 15:59:09.236930,147810,20.51,20.5,2979,1477,-356,2146
711,CPRI,2020-09-22,0 days 15:59:40.239254,150855,20.49,20.48,2144,700,-15532,4168
712,CRM,2020-09-22,0 days 15:55:00.237824,237576,248.07,248.01,200,100,11117,-6683
713,CRM,2020-09-22,0 days 15:57:38.243550,258803,248.45,248.4,100,300,-13123,5177
714,CRM,2020-09-22,0 days 15:58:13.245640,269230,248.38,248.33,200,300,876,-2024
715,CRM,2020-09-22,0 days 15:58:23.245679,271663,248.3,248.28,100,200,-1190,510
716,CRM,2020-09-22,0 days 15:58:29.247864,273363,248.29,248.24,100,300,-2090,4910
717,CRM,2020-09-22,0 days 15:58:30.246480,272853,248.28,248.24,200,400,410,-2090
718,CRM,2020-09-22,0 days 15:59:01.248028,276261,248.13,248.07,300,100,-1629,1639
719,CRM,2020-09-22,0 days 15:59:02.247924,274711,248.13,248.07,400,300,1550,-1629
720,CRM,2020-09-22,0 days 15:59:04.248368,276272,248.13,248.09,182,400,-1099,1561
721,CRM,2020-09-22,0 days 15:59:05.249083,275071,248.15,248.09,100,400,1204,-1099
722,CRM,2020-09-22,0 days 15:59:18.248459,277310,248.26,248.18,200,200,-11977,1234
723,CRM,2020-09-22,0 days 15:59:33.247650,287763,248.06,248.03,300,200,199,-1901
724,CS,2020-09-22,0 days 15:59:46.238896,56059,9.91,9.9,67434,96430,-1085,1102
725,CS,2020-09-22,0 days 15:59:47.238796,55544,9.91,9.9,67434,98560,515,-1085
726,CTVA,2020-09-22,0 days 15:55:00.228669,1782012,28.05,28.04,1447,6375,421713,-1363804
727,CUB,2020-09-22,0 days 15:50:07.246264,25637,55.58,55.54,100,301,-12885,2211
728,CUB,2020-09-22,0 days 15:51:54.247939,23426,55.31,55.26,300,100,2411,-12185
729,CUB,2020-09-22,0 days 15:52:02.248062,25837,55.24,55.21,100,200,-12085,2411
730,CUB,2020-09-22,0 days 15:55:03.236929,30669,54.94,54.89,300,200,-8870,6641
731,CUB,2020-09-22,0 days 15:55:21.239478,24261,54.98,54.9,112,100,7908,-7781
732,CUB,2020-09-22,0 days 15:55:28.239284,32369,54.86,54.8,100,400,-7781,7908
733,CUB,2020-09-22,0 days 15:56:55.241480,24458,54.74,54.71,296,100,9180,-6372
734,CUB,2020-09-22,0 days 15:57:03.240819,33838,54.75,54.71,103,300,-6372,9180
735,CUB,2020-09-22,0 days 15:57:12.242026,34509,54.74,54.69,100,100,-5701,9851
736,CUB,2020-09-22,0 days 15:57:15.241705,24458,54.77,54.71,100,200,9851,-5701
737,CUB,2020-09-22,0 days 15:57:33.241778,34909,54.72,54.66,100,200,-5401,10051
738,CUB,2020-09-22,0 days 15:58:49.245193,24864,54.7,54.69,120,100,11871,-3781
739,CUB,2020-09-22,0 days 15:58:52.245549,37035,54.73,54.66,100,200,-3681,11871
740,CUB,2020-09-22,0 days 15:59:04.247328,24864,54.75,54.71,100,232,12032,-3620
741,CUK,2020-09-22,0 days 15:56:10.240095,9936,12.01,12.0,2548,5750,94,-1519
742,CUK,2020-09-22,0 days 15:57:20.235356,11930,11.99,11.98,2918,4200,-906,694
743,CUK,2020-09-22,0 days 15:57:52.236292,11541,11.99,11.98,2438,7636,389,-911
744,CUK,2020-09-22,0 days 15:58:03.237043,11930,11.99,11.98,1972,5936,-911,389
745,CUK,2020-09-22,0 days 15:58:05.237147,11241,11.99,11.98,1972,5336,781,-911
746,CUK,2020-09-22,0 days 15:58:17.237873,12022,11.99,11.98,1700,3916,-956,744
747,CUK,2020-09-22,0 days 15:58:47.239216,12978,11.99,11.98,2858,3264,1230,-901
748,CVE,2020-09-22,0 days 15:59:45.240229,136186,4.03,4.02,192687,70014,-1027,6958
749,CVS,2020-09-22,0 days 15:55:20.218340,455737,58.21,58.2,1326,792,38,-166
750,CVS,2020-09-22,0 days 15:57:40.221940,494765,58.12,58.11,231,2364,-773,529
751,CVS,2020-09-22,0 days 15:57:41.220886,492438,58.13,58.11,1175,1764,2327,-773
752,CVS,2020-09-22,0 days 15:57:49.221082,495365,58.13,58.12,790,2162,-1173,1727
753,CVS,2020-09-22,0 days 15:57:50.221452,493038,58.14,58.13,2156,342,1427,-1173
754,CVS,2020-09-22,0 days 15:57:55.221516,494465,58.14,58.13,1669,1787,-2273,2227
755,CVS,2020-09-22,0 days 15:57:56.221754,492238,58.14,58.13,1869,2587,2227,-2273
756,CVS,2020-09-22,0 days 15:57:59.221576,494465,58.14,58.13,1275,2967,-673,5227
757,CVS,2020-09-22,0 days 15:58:00.224149,490138,58.14,58.13,601,2971,4327,-673
758,CVS,2020-09-22,0 days 15:58:11.222970,483208,58.12,58.11,1479,1545,578,-1522
759,CVS,2020-09-22,0 days 15:58:13.223254,483786,58.12,58.11,1979,1445,-826,4274
760,CVS,2020-09-22,0 days 15:58:21.223585,484210,58.11,58.1,1425,175,476,-2424
761,CVS,2020-09-22,0 days 15:59:45.226151,556690,58.13,58.12,1500,798,2508,-4331
762,CVS,2020-09-22,0 days 15:59:48.225835,558929,58.13,58.12,1275,1424,-69,264
763,CVX,2020-09-22,0 days 15:59:58.240666,981322,75.55,75.51,1301,914,7588,-950
764,CVX,2020-09-22,0 days 15:59:59.239030,966163,75.56,75.52,200,500,-70928,7588
765,CWH,2020-09-22,0 days 15:59:47.238452,183749,31.24,31.22,225,1900,472,-7328
766,CX,2020-09-22,0 days 15:57:10.285832,20028,3.66,3.65,42929,106418,1705,-9125
767,CX,2020-09-22,0 days 15:57:55.287003,22633,3.66,3.65,18789,123227,-880,965
768,CX,2020-09-22,0 days 15:58:47.290191,23513,3.66,3.65,32700,160886,4663,-33
769,DB,2020-09-22,0 days 15:59:40.225554,70918,8.15,8.14,92898,96127,-9439,61
770,DB,2020-09-22,0 days 15:59:41.225819,70857,8.15,8.14,93198,98030,61,-9439
771,DB,2020-09-22,0 days 15:59:46.226285,70918,8.15,8.14,83721,98366,-1939,61
772,DBI,2020-09-22,0 days 15:58:07.241295,118001,6.15,6.14,9280,3157,6439,-1495
773,DBI,2020-09-22,0 days 15:58:20.242355,113250,6.14,6.13,9696,3462,-1473,1627
774,DBI,2020-09-22,0 days 15:58:24.242254,114723,6.14,6.13,8767,3562,227,-1473
775,DBI,2020-09-22,0 days 15:59:01.244003,116976,6.14,6.13,4614,2503,4108,-5892
776,DBI,2020-09-22,0 days 15:59:02.244662,116284,6.14,6.13,2897,4103,-692,4108
777,DBI,2020-09-22,0 days 15:59:07.245199,120276,6.14,6.13,1928,5394,8266,-592
778,DD,2020-09-22,0 days 15:55:00.886573,371841,55.8,55.77,200,708,-43436,17868
779,DD,2020-09-22,0 days 15:55:01.884402,363977,55.78,55.77,300,708,7864,-43436
780,DD,2020-09-22,0 days 15:55:11.884267,371841,55.8,55.79,600,842,-816,7864
781,DD,2020-09-22,0 days 15:55:42.885419,392266,55.82,55.81,200,800,1289,-7805
782,DD,2020-09-22,0 days 15:58:14.891057,421970,55.8,55.78,785,500,-168,132
783,DD,2020-09-22,0 days 15:58:16.891278,421738,55.75,55.73,23579,300,1632,-168
784,DD,2020-09-22,0 days 15:59:05.895867,423643,55.8,55.77,200,600,-13107,1593
785,DD,2020-09-22,0 days 15:59:32.896793,440000,55.78,55.77,182,507,473,-1724
786,DD,2020-09-22,0 days 15:59:40.898389,439773,55.75,55.74,200,800,-344,173
787,DD,2020-09-22,0 days 15:59:42.897471,439600,55.76,55.75,400,500,2145,-344
788,DD,2020-09-22,0 days 15:59:45.898885,441519,55.76,55.75,300,200,6409,-38
789,DDD,2020-09-22,0 days 15:55:00.884895,101581,4.99,4.98,5870,13473,12984,-18106
790,DDD,2020-09-22,0 days 15:55:57.884270,108073,4.99,4.98,5399,16004,841,-1408
791,DDD,2020-09-22,0 days 15:55:58.884531,106914,4.99,4.98,5399,15904,-1159,841
792,DDD,2020-09-22,0 days 15:56:13.884777,108073,4.99,4.98,4099,17327,873,-1159
793,DDD,2020-09-22,0 days 15:56:14.884526,107146,4.99,4.98,4099,17327,-927,873
794,DDD,2020-09-22,0 days 15:59:40.897072,130539,4.98,4.97,15701,13877,13548,-2052
795,DDD,2020-09-22,0 days 15:59:41.896450,129187,4.98,4.97,15941,14712,-1592,13548
796,DE,2020-09-22,0 days 15:55:41.228901,315997,218.07,218.01,200,100,-4047,9331
797,DE,2020-09-22,0 days 15:56:27.230739,320765,217.93,217.84,100,200,193,-807
798,DE,2020-09-22,0 days 15:56:41.231107,321058,217.93,217.84,200,100,-688,112
799,DE,2020-09-22,0 days 15:56:42.230729,320946,217.94,217.84,201,300,112,-688
800,DE,2020-09-22,0 days 15:57:34.232494,327386,217.82,217.76,200,207,-1160,640
801,DE,2020-09-22,0 days 15:57:35.232492,326546,217.82,217.76,100,228,840,-1160
802,DE,2020-09-22,0 days 15:57:36.232638,327386,217.82,217.76,100,207,-1160,840
803,DE,2020-09-22,0 days 15:57:37.232574,326546,217.86,217.76,100,107,840,-1160
804,DE,2020-09-22,0 days 15:57:39.232730,327432,217.89,217.83,100,200,-2614,840
805,DE,2020-09-22,0 days 15:57:42.232672,326777,217.9,217.84,100,100,655,-245
806,DE,2020-09-22,0 days 15:57:47.233648,327532,217.91,217.84,100,296,-245,1755
807,DE,2020-09-22,0 days 15:57:48.233225,326877,217.93,217.84,300,205,655,-245
808,DE,2020-09-22,0 days 15:57:49.233192,327532,217.91,217.84,100,205,-745,655
809,DE,2020-09-22,0 days 15:57:50.233413,327077,217.93,217.84,300,205,455,-745
810,DE,2020-09-22,0 days 15:57:55.233550,327532,217.93,217.84,758,305,-1545,3255
811,DE,2020-09-22,0 days 15:57:58.233573,326377,217.88,217.82,100,200,1155,-1545
812,DE,2020-09-22,0 days 15:57:59.233535,327532,217.92,217.84,100,200,-945,1155
813,DE,2020-09-22,0 days 15:58:00.235244,327077,217.89,217.84,100,100,455,-945
814,DE,2020-09-22,0 days 15:58:01.234191,327532,217.88,217.82,253,200,-2445,455
815,DE,2020-09-22,0 days 15:58:02.234228,327077,217.88,217.82,200,100,455,-2445
816,DE,2020-09-22,0 days 15:58:03.233971,327532,217.88,217.82,200,100,-139,455
817,DE,2020-09-22,0 days 15:58:05.234272,329583,217.88,217.82,200,241,683,-1317
818,DE,2020-09-22,0 days 15:58:11.234761,330266,217.87,217.83,100,100,-1245,555
819,DE,2020-09-22,0 days 15:58:12.234842,329711,217.86,217.78,153,127,555,-1245
820,DE,2020-09-22,0 days 15:58:18.235235,330266,217.87,217.83,100,200,-2345,555
821,DE,2020-09-22,0 days 15:58:19.235051,329711,217.87,217.83,100,200,555,-2345
822,DE,2020-09-22,0 days 15:58:35.235311,330266,217.84,217.81,110,100,-2345,55
823,DE,2020-09-22,0 days 15:58:36.235605,329711,217.84,217.81,866,100,555,-2345
824,DE,2020-09-22,0 days 15:59:04.237664,328244,217.82,217.77,100,100,-1717,83
825,DE,2020-09-22,0 days 15:59:06.238220,328135,217.83,217.77,109,200,109,-1672
826,DE,2020-09-22,0 days 15:59:08.237612,328540,217.91,217.83,200,200,-155,405
827,DE,2020-09-22,0 days 15:59:09.237780,328473,217.91,217.84,300,200,67,-155
828,DE,2020-09-22,0 days 15:59:15.237168,330950,217.85,217.82,100,100,-64858,166
829,DE,2020-09-22,0 days 15:59:43.238987,390683,217.58,217.51,503,300,1046,-21547
830,DE,2020-09-22,0 days 15:59:50.242462,379366,217.55,217.51,100,422,-13605,1260
831,DELL,2020-09-22,0 days 15:55:00.282328,99268,66.28,66.26,667,1487,-3753,18238
832,DELL,2020-09-22,0 days 15:56:00.285363,100834,66.28,66.26,389,100,6,-194
833,DELL,2020-09-22,0 days 15:56:01.283966,100640,66.28,66.25,1089,133,-194,6
834,DELL,2020-09-22,0 days 15:56:27.284838,106694,66.26,66.25,200,443,2658,-342
835,DELL,2020-09-22,0 days 15:56:28.284888,106052,66.26,66.25,100,443,-642,2658
836,DELL,2020-09-22,0 days 15:57:08.285978,102626,66.25,66.23,384,115,157,-443
837,DELL,2020-09-22,0 days 15:57:34.286678,103083,66.26,66.24,1200,147,-543,157
838,DELL,2020-09-22,0 days 15:57:35.286576,103026,66.26,66.24,1200,147,57,-543
839,DELL,2020-09-22,0 days 15:57:40.287397,103383,66.26,66.25,100,200,-5043,57
840,DELL,2020-09-22,0 days 15:57:49.287326,108826,66.26,66.24,1100,341,157,-443
841,DELL,2020-09-22,0 days 15:57:50.288112,108283,66.27,66.25,100,100,-943,157
842,DELL,2020-09-22,0 days 15:58:06.288183,110626,66.25,66.24,200,243,257,-643
843,DELL,2020-09-22,0 days 15:58:07.288370,109883,66.25,66.24,200,243,-643,257
844,DELL,2020-09-22,0 days 15:58:10.288808,110626,66.26,66.24,345,243,157,-643
845,DELL,2020-09-22,0 days 15:58:11.288672,109883,66.24,66.21,300,300,-643,157
846,DELL,2020-09-22,0 days 15:58:13.288844,110526,66.24,66.21,472,300,835,-261
847,DELL,2020-09-22,0 days 15:58:15.288863,110261,66.24,66.21,300,300,-265,35
848,DELL,2020-09-22,0 days 15:58:35.289517,110526,66.23,66.22,149,200,235,-265
849,DELL,2020-09-22,0 days 15:58:36.289427,110261,66.23,66.22,149,200,-265,235
850,DELL,2020-09-22,0 days 15:58:47.290372,110726,66.22,66.21,471,200,1464,-465
851,DELL,2020-09-22,0 days 15:58:48.290018,110590,66.22,66.21,200,200,-136,1464
852,DELL,2020-09-22,0 days 15:59:02.291434,109890,66.21,66.18,500,289,-183,226
853,DELL,2020-09-22,0 days 15:59:03.293980,110973,66.21,66.18,400,289,727,-183
854,DFS,2020-09-22,0 days 15:55:00.236471,911591,54.36,54.34,503,400,130320,-603324
855,DFS,2020-09-22,0 days 15:59:24.239232,1103804,54.56,54.55,100,300,4028,-7372
856,DG,2020-09-22,0 days 15:55:40.240179,167946,208.43,208.39,350,181,-2109,3807
857,DG,2020-09-22,0 days 15:55:41.239976,164355,208.43,208.39,350,181,3591,-2109
858,DG,2020-09-22,0 days 15:57:05.242971,170345,208.36,208.31,251,200,-237,600
859,DG,2020-09-22,0 days 15:57:06.242398,167345,208.36,208.31,250,100,3000,-237
860,DG,2020-09-22,0 days 15:59:04.248454,172076,208.29,208.25,750,150,-15051,982
861,DHF,2020-09-22,0 days 15:59:36.238648,2200,2.78,2.77,13600,28270,-1700,2200
862,DHF,2020-09-22,0 days 15:59:37.238570,2000,2.78,2.77,13600,28020,200,-1700
863,DHI,2020-09-22,0 days 15:55:00.226974,324581,75.45,75.44,337,634,-3739,40431
864,DHI,2020-09-22,0 days 15:59:07.238457,363204,75.58,75.56,916,775,14028,-8330
865,DHT,2020-09-22,0 days 15:59:01.225885,75612,5.19,5.18,15241,12211,6488,-8912
866,DHT,2020-09-22,0 days 15:59:02.225755,75100,5.19,5.18,14641,12311,-512,6488
867,DHT,2020-09-22,0 days 15:59:37.224379,76197,5.19,5.18,23502,10269,1371,-349
868,DHT,2020-09-22,0 days 15:59:38.225357,76068,5.19,5.18,23372,10269,-129,1371
869,DHT,2020-09-22,0 days 15:59:46.225930,76197,5.19,5.18,22032,8623,2515,-429
870,DIS,2020-09-22,0 days 15:58:56.224530,858158,127.11,127.09,300,200,12897,-1203
871,DIS,2020-09-22,0 days 15:59:04.227056,871653,127.11,127.09,600,300,-5111,9865
872,DIS,2020-09-22,0 days 15:59:40.225527,886888,127.21,127.18,200,539,25611,-5293
873,DKS,2020-09-22,0 days 15:55:00.886301,99371,56.18,56.17,428,300,27978,-41720
874,DKS,2020-09-22,0 days 15:55:01.884358,96749,56.22,56.19,200,440,-2622,27978
875,DKS,2020-09-22,0 days 15:58:39.892559,125027,56.14,56.12,2092,200,1107,-1193
876,DKS,2020-09-22,0 days 15:58:40.892258,122934,56.14,56.12,1992,200,-2093,1107
877,DKS,2020-09-22,0 days 15:59:21.895802,121667,56.19,56.17,192,300,162,-388
878,DKS,2020-09-22,0 days 15:59:32.896761,120687,56.19,56.18,606,2125,-980,162
879,DKS,2020-09-22,0 days 15:59:45.898741,123590,56.2,56.18,639,123,992,-1424
880,DKS,2020-09-22,0 days 15:59:50.899915,122341,56.18,56.15,100,100,-1249,346
881,DLR,2020-09-22,0 days 15:56:27.230579,387968,143.62,143.58,1056,100,739,-361
882,DLR,2020-09-22,0 days 15:56:28.229852,387707,143.61,143.55,300,1324,-261,739
883,DLR,2020-09-22,0 days 15:57:26.231760,391791,143.52,143.47,100,552,1241,-59
884,DLR,2020-09-22,0 days 15:57:27.231896,391332,143.52,143.47,200,552,-459,1241
885,DLR,2020-09-22,0 days 15:57:36.231815,398391,143.48,143.45,210,100,5041,-1059
886,DLR,2020-09-22,0 days 15:57:37.232312,397332,143.49,143.46,605,300,-1059,5041
887,DLR,2020-09-22,0 days 15:57:50.233278,400891,143.51,143.47,1000,500,2349,-1451
888,DLR,2020-09-22,0 days 15:57:51.233164,399640,143.51,143.47,1000,400,-1251,2349
889,DLR,2020-09-22,0 days 15:57:53.232423,400891,143.51,143.47,1011,400,1249,-1251
890,DLR,2020-09-22,0 days 15:57:54.233212,400840,143.51,143.47,1011,400,-1351,1249
891,DLR,2020-09-22,0 days 15:58:03.233689,404291,143.48,143.45,700,245,187,-2413
892,DLR,2020-09-22,0 days 15:58:04.234220,401078,143.48,143.45,200,116,-4586,187
893,DLR,2020-09-22,0 days 15:58:12.234694,405664,143.45,143.41,242,601,814,-1686
894,DLR,2020-09-22,0 days 15:58:13.234266,403978,143.45,143.41,442,401,-1686,814
895,DLR,2020-09-22,0 days 15:59:01.236222,405664,143.41,143.38,100,100,408,-342
896,DLR,2020-09-22,0 days 15:59:03.236760,403272,143.42,143.38,1122,500,-1069,1731
897,DLR,2020-09-22,0 days 15:59:07.238514,404736,143.51,143.46,300,400,12637,-1283
898,DLR,2020-09-22,0 days 15:59:08.237442,403973,143.54,143.49,300,400,-763,12637
899,DLR,2020-09-22,0 days 15:59:13.237228,406363,143.52,143.49,664,900,210,-370
900,DLR,2020-09-22,0 days 15:59:14.237157,406171,143.52,143.46,564,400,-192,210
901,DLR,2020-09-22,0 days 15:59:31.238205,408379,143.56,143.52,300,836,-374,5009
902,DLR,2020-09-22,0 days 15:59:41.239129,414608,143.41,143.37,269,300,5971,-629
903,DLR,2020-09-22,0 days 15:59:42.238994,414079,143.41,143.37,506,300,-529,5971
904,DLR,2020-09-22,0 days 15:59:46.239634,421015,143.4,143.37,269,800,2264,-6588
905,DRE,2020-09-22,0 days 15:56:27.230739,427932,36.72,36.71,600,2362,4483,-1103
906,DRE,2020-09-22,0 days 15:56:28.230105,427415,36.72,36.71,400,2662,-517,4483
907,DRE,2020-09-22,0 days 15:57:34.232494,427500,36.7,36.69,1681,4004,1668,-332
908,DRE,2020-09-22,0 days 15:57:35.232460,427168,36.7,36.69,981,4604,-332,1668
909,DRE,2020-09-22,0 days 15:57:49.233192,448800,36.68,36.67,3321,705,1268,-3632
910,DRE,2020-09-22,0 days 15:57:50.233385,446768,36.68,36.67,2350,1705,-2032,1268
911,DRE,2020-09-22,0 days 15:57:54.233483,447800,36.66,36.65,210,2317,9168,-2032
912,DRE,2020-09-22,0 days 15:57:55.233507,444968,36.67,36.66,1731,2000,-2832,9168
913,DRE,2020-09-22,0 days 15:57:59.233501,447800,36.67,36.66,2259,1840,368,-2832
914,DRE,2020-09-22,0 days 15:58:01.234157,445468,36.67,36.66,1690,1900,-2332,868
915,DRE,2020-09-22,0 days 15:58:03.233971,448491,36.66,36.65,425,3380,1677,-3032
916,DRE,2020-09-22,0 days 15:58:04.234401,441068,36.66,36.65,105,3580,-6537,1677
917,DRE,2020-09-22,0 days 15:58:05.234227,447605,36.67,36.65,2713,3400,11563,-6537
918,DRE,2020-09-22,0 days 15:58:06.234366,445768,36.66,36.65,200,3200,-1837,11563
919,DRE,2020-09-22,0 days 15:58:14.235036,451726,36.67,36.66,4115,600,2642,-1158
920,DRE,2020-09-22,0 days 15:58:15.234802,450568,36.67,36.66,3415,800,-1158,2642
921,DRE,2020-09-22,0 days 15:58:17.234802,451726,36.67,36.66,3215,900,2642,-1158
922,DRE,2020-09-22,0 days 15:58:18.235235,450568,36.68,36.67,2609,1700,-1158,2642
923,DRE,2020-09-22,0 days 15:58:53.237038,451726,36.67,36.66,3901,2421,142,-858
924,DRE,2020-09-22,0 days 15:58:54.236119,450768,36.66,36.65,3245,1200,-1158,142
925,DRE,2020-09-22,0 days 15:59:23.237875,480256,36.67,36.66,3677,200,-1204,1120
926,DRE,2020-09-22,0 days 15:59:45.240150,481199,36.67,36.66,3210,1000,-1337,1563
927,DRE,2020-09-22,0 days 15:59:46.239902,482536,36.67,36.66,3210,545,7423,-1337
928,DRE,2020-09-22,0 days 15:59:50.242445,479291,36.67,36.66,2400,2200,-3245,72
929,DRE,2020-09-22,0 days 15:59:51.241344,482536,36.66,36.65,3100,401,662,-3245
930,DRH,2020-09-22,0 days 15:55:00.885192,212465,4.78,4.77,10762,17585,74727,-85683
931,DRH,2020-09-22,0 days 15:55:01.884020,210892,4.78,4.77,9127,16545,-1573,74727
932,DRH,2020-09-22,0 days 15:55:25.885038,212465,4.78,4.77,9722,16885,828,-2172
933,DRH,2020-09-22,0 days 15:55:26.884931,210893,4.78,4.77,11372,18385,-1572,828
934,DRH,2020-09-22,0 days 15:55:55.885804,212465,4.78,4.77,22885,7731,1555,-1372
935,DRH,2020-09-22,0 days 15:55:56.885870,211220,4.78,4.77,22710,8231,-1045,1555
936,DRH,2020-09-22,0 days 15:59:37.896564,237167,4.78,4.77,33610,9792,-327,773
937,DRH,2020-09-22,0 days 15:59:40.898173,237494,4.78,4.77,33510,11892,1673,-327
938,DRH,2020-09-22,0 days 15:59:46.898099,236667,4.78,4.77,38583,6413,-2711,4873
939,DRI,2020-09-22,0 days 15:55:52.238622,104183,89.91,89.9,517,453,1451,-465
940,DRI,2020-09-22,0 days 15:55:53.237977,102634,89.95,89.94,310,100,-1549,1451
941,DRI,2020-09-22,0 days 15:56:16.238711,104216,89.87,89.86,503,200,4554,-933
942,DRI,2020-09-22,0 days 15:56:17.238434,103170,89.89,89.87,200,200,-1046,4554
943,DRI,2020-09-22,0 days 15:57:51.240875,111582,89.83,89.81,414,410,448,-2452
944,DRI,2020-09-22,0 days 15:57:52.239543,105930,89.83,89.81,314,510,-952,448
945,DRI,2020-09-22,0 days 15:58:26.244375,111682,89.79,89.77,400,300,142,-882
946,DRI,2020-09-22,0 days 15:58:27.242844,110624,89.78,89.76,100,200,-1058,142
947,DRI,2020-09-22,0 days 15:59:04.244352,112318,89.79,89.78,100,100,7420,-453
948,DRI,2020-09-22,0 days 15:59:05.245185,111354,89.93,89.87,300,500,-1579,7420
949,DRI,2020-09-22,0 days 15:59:11.244579,115156,89.93,89.9,600,221,72,-216
950,DRI,2020-09-22,0 days 15:59:15.244772,115935,89.92,89.9,100,453,-247,53
951,DRI,2020-09-22,0 days 15:59:18.244795,116182,89.92,89.91,200,100,76,-176
952,DRI,2020-09-22,0 days 15:59:22.244821,115955,89.96,89.94,100,300,-227,204
953,DRI,2020-09-22,0 days 15:59:34.245030,117482,89.99,89.94,706,100,1206,-327
954,DRI,2020-09-22,0 days 15:59:35.245754,117188,89.99,89.98,206,200,-294,1206
955,DRI,2020-09-22,0 days 15:59:38.248527,116982,89.94,89.93,600,100,206,-294
956,DRI,2020-09-22,0 days 15:59:41.246199,116388,89.97,89.95,163,200,-594,1006
957,DUK,2020-09-22,0 days 15:55:26.239515,202953,82.81,82.79,400,710,3567,-1533
958,DUK,2020-09-22,0 days 15:55:27.239437,201920,82.81,82.79,300,817,-1033,3567
959,DUK,2020-09-22,0 days 15:57:35.241724,228478,82.66,82.65,600,100,1190,-280
960,DUK,2020-09-22,0 days 15:59:45.250014,252415,82.7,82.69,200,706,2430,-3416
961,DUK,2020-09-22,0 days 15:59:46.249651,252170,82.71,82.7,400,319,-245,2430
962,DUK,2020-09-22,0 days 15:59:58.248316,251545,82.72,82.69,600,300,-891,14979
963,DVN,2020-09-22,0 days 15:57:55.233750,617008,9.22,9.21,14904,22133,6550,-3454
964,DVN,2020-09-22,0 days 15:57:56.233833,611658,9.22,9.21,19604,22633,-5350,6550
965,DVN,2020-09-22,0 days 15:58:07.234413,623575,9.22,9.21,16827,21575,133,-513
966,DVN,2020-09-22,0 days 15:58:09.236039,612208,9.22,9.21,16863,21729,-11367,133
967,DVN,2020-09-22,0 days 15:58:12.234838,623575,9.22,9.21,28030,9308,3833,-5467
968,DVN,2020-09-22,0 days 15:58:13.234566,618108,9.22,9.21,28130,10908,-5467,3833
969,DVN,2020-09-22,0 days 15:58:24.235273,623575,9.22,9.21,26793,6497,33,-5467
970,DVN,2020-09-22,0 days 15:58:35.235968,618008,9.21,9.2,17271,15417,-5796,11704
971,DVN,2020-09-22,0 days 15:58:55.238483,619935,9.2,9.19,26227,9000,-2340,10160
972,DVN,2020-09-22,0 days 15:58:59.239086,675275,9.19,9.18,5558,27170,33960,-2340
973,DVN,2020-09-22,0 days 15:59:20.238266,684223,9.22,9.21,9781,22209,-12046,19644
974,DVN,2020-09-22,0 days 15:59:40.239797,697669,9.22,9.21,5723,33876,35327,-6273
975,DVN,2020-09-22,0 days 15:59:41.240310,693131,9.22,9.21,5801,32586,-4538,35327
976,DVN,2020-09-22,0 days 15:59:48.240646,693807,9.21,9.2,29900,11790,-2962,25138
977,DXC,2020-09-22,0 days 15:59:21.895841,319295,17.11,17.1,917,5001,1277,-3734
978,EAF,2020-09-22,0 days 15:59:12.237940,328899,7.34,7.33,3774,5931,-1187,3613
979,EAF,2020-09-22,0 days 15:59:39.240224,334473,7.35,7.34,700,6579,10252,-1748
980,EAF,2020-09-22,0 days 15:59:40.239788,333325,7.35,7.34,500,6966,-1148,10252
981,EGO,2020-09-22,0 days 15:56:44.239668,40590,10.66,10.65,7447,26149,-1373,591
982,EGO,2020-09-22,0 days 15:56:45.240025,39063,10.66,10.65,7447,25698,1527,-1373
983,EGO,2020-09-22,0 days 15:57:52.239962,39063,10.66,10.65,7604,19612,1527,-473
984,EGO,2020-09-22,0 days 15:58:47.243227,40598,10.67,10.66,14983,4677,2038,-8
985,EGO,2020-09-22,0 days 15:59:39.246732,47343,10.67,10.66,9000,19553,-4679,1321
986,EGO,2020-09-22,0 days 15:59:40.246017,46422,10.67,10.66,6400,20516,921,-4679
987,EGO,2020-09-22,0 days 15:59:46.246548,47343,10.67,10.66,5463,19641,-2895,921
988,EGO,2020-09-22,0 days 15:59:47.246431,46638,10.67,10.66,5863,19741,705,-2895
989,EIX,2020-09-22,0 days 15:59:42.290677,1117868,50.34,50.32,700,400,16221,-627
990,EIX,2020-09-22,0 days 15:59:55.290538,1141382,50.4,50.35,300,400,-832,468
991,ELAN,2020-09-22,0 days 15:59:32.290543,1009580,27.06,27.04,300,500,8436,-745
992,ELAN,2020-09-22,0 days 15:59:40.290975,1018016,27.06,27.04,400,700,-20,1780
993,EMR,2020-09-22,0 days 15:55:00.885075,298563,65.23,65.22,100,611,10680,-30320
994,EMR,2020-09-22,0 days 15:55:01.883929,297943,65.23,65.22,600,811,-620,10680
995,EMR,2020-09-22,0 days 15:59:31.895602,340416,65.3,65.29,156,587,-3671,1241
996,EMR,2020-09-22,0 days 15:59:36.897285,344087,65.27,65.25,801,900,1529,-1171
997,EMR,2020-09-22,0 days 15:59:50.899247,343637,65.25,65.23,400,300,-750,1150
998,ENB,2020-09-22,0 days 15:59:27.247925,90705,30.56,30.55,300,11539,-2057,143
999,ENB,2020-09-22,0 days 15:59:46.249466,90762,30.53,30.52,11181,2700,3766,-1148
1000,ENB,2020-09-22,0 days 15:59:47.249211,89628,30.53,30.52,12381,2260,-1134,3766
1001,ENIA,2020-09-22,0 days 15:59:46.246725,54755,6.58,6.57,22519,7462,1669,-2131
1002,ENIA,2020-09-22,0 days 15:59:47.246592,53524,6.58,6.57,21419,7862,-1231,1669
1003,EOG,2020-09-22,0 days 15:57:05.241229,522628,38.4,38.39,1669,1137,834,-2866
1004,EOG,2020-09-22,0 days 15:57:06.241778,520262,38.4,38.39,1569,1137,-2366,834
1005,EOG,2020-09-22,0 days 15:57:33.241845,522028,38.37,38.36,908,500,2707,-893
1006,EOG,2020-09-22,0 days 15:57:34.241673,518235,38.37,38.36,665,558,-3793,2707
1007,EOG,2020-09-22,0 days 15:58:03.243221,522628,38.37,38.36,400,2133,582,-8645
1008,EOG,2020-09-22,0 days 15:58:04.243251,519983,38.37,38.36,900,2133,-2045,582
1009,EOG,2020-09-22,0 days 15:58:06.243365,522628,38.37,38.36,800,2166,7851,-2045
1010,EOG,2020-09-22,0 days 15:58:07.243271,524052,38.37,38.36,800,2066,-3246,7851
1011,EOG,2020-09-22,0 days 15:58:09.245289,527898,38.37,38.36,1391,1953,1581,-3146
1012,EOG,2020-09-22,0 days 15:58:10.243917,525552,38.37,38.36,1991,1554,-1746,1581
1013,EOG,2020-09-22,0 days 15:58:13.244502,527898,38.37,38.36,1529,1516,281,-1746
1014,EOG,2020-09-22,0 days 15:58:14.243806,525552,38.37,38.36,1291,3329,-1746,281
1015,EOG,2020-09-22,0 days 15:58:27.244703,527298,38.36,38.35,1007,2876,435,-1265
1016,EOG,2020-09-22,0 days 15:58:28.244077,520133,38.36,38.35,407,3276,-7165,435
1017,EOG,2020-09-22,0 days 15:58:37.244744,527398,38.35,38.34,3051,865,2602,-1198
1018,EOG,2020-09-22,0 days 15:58:38.245549,526359,38.35,38.34,1151,2865,-1039,2602
1019,EOG,2020-09-22,0 days 15:59:03.247243,528098,38.35,38.34,1125,1200,21139,-2576
1020,EOG,2020-09-22,0 days 15:59:25.248333,558364,38.46,38.45,1000,700,-17600,22500
1021,EOG,2020-09-22,0 days 15:59:26.247780,556664,38.45,38.44,1786,300,1719,-17600
1022,EPD,2020-09-22,0 days 15:59:15.244857,163874,16.04,16.03,14643,5293,9640,-14631
1023,EPD,2020-09-22,0 days 15:59:16.244589,174914,16.04,16.03,12754,5993,-6776,9640
1024,EPD,2020-09-22,0 days 15:59:46.246395,181390,16.03,16.02,25675,553,3821,-1553
1025,EPD,2020-09-22,0 days 15:59:48.243685,179511,16.03,16.02,28516,319,-1879,3821
1026,EPR,2020-09-22,0 days 15:55:48.217706,136103,27.81,27.8,569,200,11014,-15086
1027,EPR,2020-09-22,0 days 15:55:49.217503,134717,27.82,27.8,155,500,-1386,11014
1028,EPR,2020-09-22,0 days 15:57:38.220227,136960,27.78,27.77,157,800,608,-392
1029,EPR,2020-09-22,0 days 15:57:39.220684,136570,27.78,27.77,157,800,-390,608
1030,EPR,2020-09-22,0 days 15:57:49.220736,136960,27.78,27.77,761,1004,210,-690
1031,EPR,2020-09-22,0 days 15:57:50.221235,136370,27.78,27.77,761,1004,-590,210
1032,EPR,2020-09-22,0 days 15:57:55.221166,136960,27.78,27.77,571,1104,210,-590
1033,EPR,2020-09-22,0 days 15:57:56.221565,136470,27.78,27.77,571,1233,-490,210
1034,EPR,2020-09-22,0 days 15:59:01.225581,137334,27.76,27.75,388,604,183,-35
1035,EPR,2020-09-22,0 days 15:59:46.225676,145284,27.77,27.76,1585,300,2030,-396
1036,EPR,2020-09-22,0 days 15:59:47.224996,145014,27.77,27.76,1300,300,-270,2030
1037,EPR,2020-09-22,0 days 15:59:49.225722,145284,27.78,27.77,200,200,578,-70
1038,EPR,2020-09-22,0 days 15:59:50.229069,144662,27.79,27.77,300,237,-622,578
1039,EPRT,2020-09-22,0 days 15:55:00.885192,59031,18.97,18.96,800,600,1631,-1174
1040,EPRT,2020-09-22,0 days 15:56:13.885686,60778,19.0,18.99,905,872,-750,132
1041,EPRT,2020-09-22,0 days 15:57:40.888990,64481,19.0,18.98,1400,600,-100,300
1042,EPRT,2020-09-22,0 days 15:58:10.891274,65881,19.0,18.99,300,305,191,-2424
1043,EPRT,2020-09-22,0 days 15:58:16.891186,66074,19.0,18.99,915,408,-7,193
1044,EPRT,2020-09-22,0 days 15:58:17.891989,65881,19.01,19.0,434,100,191,-7
1045,EPRT,2020-09-22,0 days 15:59:49.898063,119628,19.08,19.07,543,100,500,-479
1046,EQH,2020-09-22,0 days 15:59:20.223738,581359,17.97,17.96,900,1613,12847,-5481
1047,EQH,2020-09-22,0 days 15:59:21.223575,577906,17.97,17.96,900,1713,-3520,12847
1048,EQNR,2020-09-22,0 days 15:55:00.238217,20752,15.02,15.01,100,27465,-4977,12433
1049,EQNR,2020-09-22,0 days 15:57:10.242563,27077,15.03,15.02,35619,15868,607,-1287
1050,EQNR,2020-09-22,0 days 15:59:46.247867,29161,15.03,15.02,33076,11090,-931,69
1051,EQT,2020-09-22,0 days 15:55:35.219422,266459,14.78,14.77,1600,3943,1179,-711
1052,EQT,2020-09-22,0 days 15:55:52.218022,266459,14.77,14.76,2098,6069,414,-321
1053,EQT,2020-09-22,0 days 15:56:00.220300,294073,14.77,14.76,2505,4512,-2386,414
1054,EQT,2020-09-22,0 days 15:56:02.217955,296459,14.77,14.76,2305,4814,1372,-2386
1055,EQT,2020-09-22,0 days 15:56:03.217875,294431,14.77,14.76,2305,4519,-2028,1372
1056,EQT,2020-09-22,0 days 15:56:13.218321,301008,14.77,14.76,3223,4519,316,-2184
1057,EQT,2020-09-22,0 days 15:56:14.218403,299824,14.77,14.76,2223,11047,-1184,316
1058,EQT,2020-09-22,0 days 15:57:49.221192,314830,14.76,14.75,7512,3316,11413,-3987
1059,EQT,2020-09-22,0 days 15:57:57.221529,316430,14.76,14.75,8432,4497,623,-1177
1060,EQT,2020-09-22,0 days 15:58:47.225249,326336,14.72,14.71,7695,8700,-594,12652
1061,EQT,2020-09-22,0 days 15:59:19.223281,341643,14.76,14.75,1146,5992,1642,-2649
1062,EQT,2020-09-22,0 days 15:59:20.223847,337785,14.76,14.75,1146,4692,-3858,1642
1063,EQT,2020-09-22,0 days 15:59:39.225514,344146,14.75,14.74,3866,5747,19361,-1639
1064,EQT,2020-09-22,0 days 15:59:40.225527,341607,14.75,14.74,4866,4273,-2539,19361
1065,EQT,2020-09-22,0 days 15:59:48.226027,342116,14.73,14.72,5206,2971,-1630,70
1066,ERJ,2020-09-22,0 days 15:59:46.240307,52263,4.46,4.45,45689,11529,2976,-2372
1067,ERJ,2020-09-22,0 days 15:59:47.240072,50339,4.46,4.45,52689,8700,-1924,2976
1068,EROS,2020-09-22,0 days 15:59:37.290413,86478,2.55,2.54,23755,23033,1779,-3921
1069,EROS,2020-09-22,0 days 15:59:49.290480,85741,2.56,2.55,23770,18224,36,-1364
1070,ESRT,2020-09-22,0 days 15:57:03.240738,260725,6.05,6.04,9659,8643,779,-4036
1071,ESRT,2020-09-22,0 days 15:57:04.240864,253504,6.05,6.04,9659,10543,-7221,779
1072,ESRT,2020-09-22,0 days 15:59:19.247940,269350,6.06,6.05,9968,7864,5894,-3245
1073,ESRT,2020-09-22,0 days 15:59:20.248137,263544,6.06,6.05,9768,7564,-5806,5894
1074,ESRT,2020-09-22,0 days 15:59:48.248850,275610,6.05,6.04,13513,9601,-4026,4074
1075,ET,2020-09-22,0 days 15:59:15.244386,389624,5.85,5.84,39102,40495,43548,-17753
1076,ET,2020-09-22,0 days 15:59:16.244204,376378,5.85,5.84,39102,40495,-13246,43548
1077,ETN,2020-09-22,0 days 15:59:05.227680,220739,99.13,99.11,139,400,4151,-447
1078,ETN,2020-09-22,0 days 15:59:06.226970,220390,99.13,99.11,239,400,-349,4151
1079,ETN,2020-09-22,0 days 15:59:07.227066,220739,99.13,99.11,439,300,3951,-349
1080,ETN,2020-09-22,0 days 15:59:15.223904,223798,99.19,99.16,200,200,34578,-163
1081,ETN,2020-09-22,0 days 15:59:24.223866,241672,99.34,99.3,400,300,-254,618
1082,ETN,2020-09-22,0 days 15:59:32.224044,241321,99.36,99.33,600,209,351,-254
1083,ETN,2020-09-22,0 days 15:59:45.226184,249322,99.31,99.28,100,733,-6610,200
1084,ETN,2020-09-22,0 days 15:59:46.225899,249132,99.31,99.28,100,1033,4084,-6610
1085,ETRN,2020-09-22,0 days 15:59:23.237398,2224076,8.84,8.83,8652,506,16479,-1318
1086,EVRI,2020-09-22,0 days 15:55:00.217975,26549,8.34,8.33,3911,2605,1263,-3866
1087,EVRI,2020-09-22,0 days 15:55:12.217783,27812,8.34,8.33,2128,5662,-337,1263
1088,EVRI,2020-09-22,0 days 15:57:49.221207,32613,8.35,8.34,3632,1000,604,-396
1089,EVRI,2020-09-22,0 days 15:57:50.221521,32317,8.35,8.34,3724,900,-196,604
1090,EVRI,2020-09-22,0 days 15:58:51.224068,33672,8.34,8.33,1582,3576,2039,-3161
1091,EVRI,2020-09-22,0 days 15:58:52.224604,33211,8.34,8.33,1307,3476,-361,2039
1092,EVRI,2020-09-22,0 days 15:59:01.226098,33987,8.33,8.32,1000,4210,836,-2574
1093,EVRI,2020-09-22,0 days 15:59:37.224499,34087,8.34,8.33,5978,1700,102,-270
1094,EVRI,2020-09-22,0 days 15:59:44.224796,33789,8.34,8.33,6263,700,-198,202
1095,EVRI,2020-09-22,0 days 15:59:46.226330,33987,8.34,8.33,1036,4814,902,-198
1096,EVRI,2020-09-22,0 days 15:59:47.225534,33889,8.34,8.33,1468,6914,-98,902
1097,EW,2020-09-22,0 days 15:55:49.283994,287417,78.66,78.64,1400,107,-11942,5658
1098,EW,2020-09-22,0 days 15:55:50.283615,284659,78.64,78.63,100,2704,2758,-11942
1099,EW,2020-09-22,0 days 15:56:06.283985,287417,78.65,78.64,600,400,-8505,2758
1100,EW,2020-09-22,0 days 15:56:07.283942,285722,78.65,78.64,410,2504,1695,-8505
1101,EW,2020-09-22,0 days 15:58:10.288778,316909,78.6,78.59,272,1000,3876,-1424
1102,EW,2020-09-22,0 days 15:59:03.293934,333587,78.59,78.58,100,500,-19790,659
1103,EW,2020-09-22,0 days 15:59:04.291906,329543,78.59,78.57,500,549,1813,-19790
1104,EW,2020-09-22,0 days 15:59:16.290494,330332,78.6,78.58,600,507,7124,-327
1105,EW,2020-09-22,0 days 15:59:25.291275,338065,78.64,78.62,100,500,-1243,53557
1106,EW,2020-09-22,0 days 15:59:27.290901,339331,78.64,78.62,100,200,1325,-1266
1107,EW,2020-09-22,0 days 15:59:33.290926,350006,78.68,78.65,100,300,-5218,2845
1108,EW,2020-09-22,0 days 15:59:35.291463,339854,78.68,78.65,200,200,1433,-5967
1109,EXPR,2020-09-22,0 days 15:55:00.237280,19370,0.77,0.76,2300,2888,-33707,5366
1110,FCAU,2020-09-22,0 days 15:55:00.237795,30623,12.01,12.0,25355,37433,-4423,7436
1111,FCAU,2020-09-22,0 days 15:58:59.245806,44869,12.0,11.99,54842,7700,7801,-12017
1112,FCAU,2020-09-22,0 days 15:59:36.248536,52812,12.0,11.99,36419,36133,-1978,2622
1113,FCAU,2020-09-22,0 days 15:59:37.248323,52590,12.0,11.99,36019,36133,222,-1978
1114,FCAU,2020-09-22,0 days 15:59:45.250002,52812,12.0,11.99,35663,35233,-545,222
1115,FCAU,2020-09-22,0 days 15:59:46.249601,52557,12.0,11.99,35663,34833,338,-545
1116,FCX,2020-09-22,0 days 15:55:00.885244,1186317,15.71,15.7,20706,23922,19857,-105119
1117,FCX,2020-09-22,0 days 15:59:04.894747,1382838,15.7,15.69,41550,17786,-166894,88917
1118,FDX,2020-09-22,0 days 15:55:25.283192,93463,243.49,243.39,200,300,555,-565
1119,FDX,2020-09-22,0 days 15:58:06.288013,98621,243.55,243.45,200,100,-190,2010
1120,FDX,2020-09-22,0 days 15:58:09.288660,98455,243.58,243.49,382,100,166,-334
1121,FDX,2020-09-22,0 days 15:58:10.288652,98621,243.58,243.49,382,200,-234,166
1122,FDX,2020-09-22,0 days 15:58:12.288597,98455,243.57,243.47,100,308,166,-134
1123,FDX,2020-09-22,0 days 15:58:14.288832,98621,243.57,243.49,100,200,-34,166
1124,FDX,2020-09-22,0 days 15:58:15.288764,97855,243.55,243.49,282,100,766,-34
1125,FDX,2020-09-22,0 days 15:58:18.289022,98621,243.56,243.48,600,124,-34,166
1126,FDX,2020-09-22,0 days 15:58:19.288767,98455,243.56,243.48,600,100,166,-34
1127,FDX,2020-09-22,0 days 15:58:23.288896,98621,243.6,243.57,112,100,-534,166
1128,FDX,2020-09-22,0 days 15:58:24.288839,98455,243.6,243.49,137,247,166,-534
1129,FDX,2020-09-22,0 days 15:59:08.291846,100531,243.6,243.53,186,300,-348,152
1130,FDX,2020-09-22,0 days 15:59:09.292299,100879,243.6,243.5,495,200,152,-348
1131,FDX,2020-09-22,0 days 15:59:16.290342,101650,243.71,243.61,100,200,-262,238
1132,FDX,2020-09-22,0 days 15:59:17.290765,101988,243.71,243.63,100,200,62,-262
1133,FDX,2020-09-22,0 days 15:59:18.291033,102050,243.71,243.53,100,100,-67,62
1134,FDX,2020-09-22,0 days 15:59:27.290764,102417,243.69,243.6,540,100,34,-366
1135,FDX,2020-09-22,0 days 15:59:30.292685,102051,243.7,243.62,200,300,-366,534
1136,FDX,2020-09-22,0 days 15:59:31.291113,102417,243.7,243.62,200,300,34,-366
1137,FDX,2020-09-22,0 days 15:59:32.290543,104851,243.69,243.62,200,100,-164,34
1138,FDX,2020-09-22,0 days 15:59:36.291014,105015,243.67,243.61,480,100,1236,-164
1139,FDX,2020-09-22,0 days 15:59:50.293348,103990,243.6,243.49,100,300,-425,1080
1140,FDX,2020-09-22,0 days 15:59:51.290714,103915,243.43,243.31,553,100,75,-425
1141,FE,2020-09-22,0 days 15:59:54.241517,721493,28.53,28.52,2910,200,11112,-19450
1142,FE,2020-09-22,0 days 15:59:55.241717,690283,28.57,28.56,100,1104,-31310,11112
1143,FIS,2020-09-22,0 days 15:50:03.245945,120892,146.51,146.46,550,400,24145,-755
1144,FIS,2020-09-22,0 days 15:50:22.245394,120937,146.57,146.53,500,300,-355,24145
1145,FIS,2020-09-22,0 days 15:50:47.245829,120937,146.57,146.55,413,200,-355,23945
1146,FIS,2020-09-22,0 days 15:52:11.248871,120892,146.54,146.5,112,316,24145,-355
1147,FIS,2020-09-22,0 days 15:55:47.239711,147931,146.56,146.54,200,400,-16724,7576
1148,FIS,2020-09-22,0 days 15:58:41.245158,173853,146.54,146.5,300,200,6770,-19430
1149,FIS,2020-09-22,0 days 15:59:39.249262,202439,146.32,146.3,100,500,-1064,6036
1150,FIS,2020-09-22,0 days 15:59:41.249174,203503,146.33,146.29,100,200,6636,-1064
1151,FIS,2020-09-22,0 days 15:59:42.248953,202439,146.31,146.29,200,100,-1064,6636
1152,FIT,2020-09-22,0 days 15:55:55.229972,119004,6.43,6.42,68074,201913,2109,-2635
1153,FIT,2020-09-22,0 days 15:58:59.235785,121113,6.43,6.42,70377,198600,-3736,448
1154,FIT,2020-09-22,0 days 15:59:07.238772,124849,6.43,6.42,57400,209300,628,-568
1155,FIT,2020-09-22,0 days 15:59:41.239398,137036,6.43,6.42,80840,199851,-2991,1793
1156,FIT,2020-09-22,0 days 15:59:45.240249,140027,6.43,6.42,77540,202111,1309,-691
1157,FL,2020-09-22,0 days 15:56:02.239699,103600,34.57,34.56,1488,100,785,-60
1158,FL,2020-09-22,0 days 15:56:03.239964,101685,34.56,34.55,1096,700,-1915,785
1159,FL,2020-09-22,0 days 15:56:08.239602,103600,34.57,34.56,1381,210,1439,-1915
1160,FL,2020-09-22,0 days 15:56:09.239453,102039,34.57,34.56,984,1278,-1561,1439
1161,FL,2020-09-22,0 days 15:58:38.245577,121705,34.52,34.51,700,1311,1366,-1957
1162,FL,2020-09-22,0 days 15:58:39.244817,120371,34.52,34.51,700,1191,-1334,1366
1163,FL,2020-09-22,0 days 15:59:04.247610,108488,34.52,34.51,1199,971,5,-682
1164,FL,2020-09-22,0 days 15:59:05.248263,108309,34.52,34.51,570,1171,-179,5
1165,FL,2020-09-22,0 days 15:59:18.247360,108488,34.55,34.54,200,787,1047,-41
1166,FL,2020-09-22,0 days 15:59:45.249989,120013,34.58,34.56,200,974,-90,2010
1167,FL,2020-09-22,0 days 15:59:46.249538,120103,34.57,34.56,100,874,8117,-90
1168,FLR,2020-09-22,0 days 15:59:13.244402,188888,8.56,8.55,5924,5600,-2995,2905
1169,FLR,2020-09-22,0 days 15:59:40.246017,193888,8.55,8.54,9302,2617,14911,-1428
1170,FLR,2020-09-22,0 days 15:59:47.246483,193251,8.55,8.54,4649,5925,-777,6523
1171,FLR,2020-09-22,0 days 15:59:48.243822,194028,8.55,8.54,4449,5925,417,-777
1172,FLR,2020-09-22,0 days 15:59:49.243825,193943,8.55,8.54,4349,5925,-85,417
1173,FNB,2020-09-22,0 days 15:55:52.238725,329526,6.63,6.62,9336,25746,3406,-2022
1174,FNB,2020-09-22,0 days 15:55:53.238151,327932,6.63,6.62,9215,25746,-1594,3406
1175,FNB,2020-09-22,0 days 15:57:08.240479,325297,6.63,6.62,19389,7310,-4347,2634
1176,FNB,2020-09-22,0 days 15:58:13.241849,335044,6.62,6.61,24669,7697,704,-5432
1177,FNF,2020-09-22,0 days 15:59:14.895227,760205,32.66,32.65,570,1233,16156,-7770
1178,FNF,2020-09-22,0 days 15:59:15.894717,758661,32.67,32.66,500,881,-1544,16156
1179,FNF,2020-09-22,0 days 15:59:19.896014,764362,32.67,32.66,700,299,474,-7035
1180,FNF,2020-09-22,0 days 15:59:21.895802,759736,32.67,32.66,400,300,-1126,6274
1181,FRO,2020-09-22,0 days 15:55:44.240137,69444,6.66,6.65,8670,9914,5285,-215
1182,FRO,2020-09-22,0 days 15:55:45.239447,68129,6.66,6.65,8670,9914,-1215,5285
1183,FRO,2020-09-22,0 days 15:56:29.240097,69391,6.66,6.65,8487,9024,6338,-9262
1184,FRO,2020-09-22,0 days 15:56:30.239862,68329,6.66,6.65,8387,9024,-1062,6338
1185,FRO,2020-09-22,0 days 15:58:12.244108,67692,6.66,6.65,8408,10030,6259,-5231
1186,FSM,2020-09-22,0 days 15:55:00.886714,32150,7.04,7.03,31005,23630,-13383,24546
1187,FSM,2020-09-22,0 days 15:55:01.884514,18833,7.04,7.03,34595,25398,13317,-13383
1188,FSM,2020-09-22,0 days 15:59:15.894759,34238,7.03,7.02,7458,66098,2699,-585
1189,FSM,2020-09-22,0 days 15:59:38.896965,36937,7.03,7.02,5758,74798,-2308,300
1190,FTCH,2020-09-22,0 days 15:59:07.245325,65147,24.42,24.41,3373,1218,93,-270
1191,FTCH,2020-09-22,0 days 15:59:23.245174,64888,24.43,24.42,1700,100,-259,1141
1192,FTCH,2020-09-22,0 days 15:59:46.246561,65147,24.42,24.41,500,1600,5278,-159
1193,FTV,2020-09-22,0 days 15:55:00.217016,878748,72.67,72.64,100,606,344821,-647580
1194,GFI,2020-09-22,0 days 15:55:00.886347,82848,12.3,12.29,4776,10313,17262,-23897
1195,GFI,2020-09-22,0 days 15:55:01.884382,80510,12.3,12.29,3959,12182,-2338,17262
1196,GFI,2020-09-22,0 days 15:55:26.884998,106598,12.32,12.31,1200,24025,2412,-988
1197,GFI,2020-09-22,0 days 15:56:43.887183,115185,12.32,12.31,4529,18096,-4657,4636
1198,GFI,2020-09-22,0 days 15:56:44.887298,113142,12.32,12.31,5130,17796,2043,-4657
1199,GGB,2020-09-22,0 days 15:59:07.292841,11398,3.78,3.77,489660,227888,-233,11
1200,GGB,2020-09-22,0 days 15:59:19.291082,12833,3.78,3.77,495894,226288,6460,-1135
1201,GGB,2020-09-22,0 days 15:59:36.291203,19293,3.78,3.77,527894,208100,-5140,6460
1202,GGB,2020-09-22,0 days 15:59:37.290659,19233,3.78,3.77,525794,208100,60,-5140
1203,GGB,2020-09-22,0 days 15:59:46.291849,19293,3.78,3.77,523994,198485,-440,60
1204,GGB,2020-09-22,0 days 15:59:47.291576,19233,3.78,3.77,523994,207585,60,-440
1205,GIS,2020-09-22,0 days 15:59:04.248599,373893,58.04,58.02,600,700,20325,-3168
1206,GIS,2020-09-22,0 days 15:59:47.247687,383186,58.07,58.06,300,377,2521,-4119
1207,GLW,2020-09-22,0 days 15:55:00.228141,1814916,31.56,31.55,2201,7595,628506,-1323983
1208,GM,2020-09-22,0 days 15:55:00.885158,526439,29.35,29.34,5740,6475,-29095,49691
1209,GM,2020-09-22,0 days 15:57:23.888234,567422,29.4,29.39,8165,2129,304,-596
1210,GM,2020-09-22,0 days 15:57:28.888565,567426,29.4,29.39,10344,2416,-496,4
1211,GM,2020-09-22,0 days 15:57:35.888840,568322,29.4,29.39,10788,935,1504,-1996
1212,GM,2020-09-22,0 days 15:57:36.888730,561626,29.4,29.39,11088,1935,-6296,1504
1213,GM,2020-09-22,0 days 15:58:11.891418,578168,29.4,29.39,7262,3098,519,-4581
1214,GM,2020-09-22,0 days 15:58:12.891261,573587,29.4,29.39,6462,5498,-4581,519
1215,GM,2020-09-22,0 days 15:58:13.891539,578168,29.4,29.39,7762,3969,519,-4581
1216,GM,2020-09-22,0 days 15:58:14.890971,573587,29.4,29.39,8962,3269,-4581,519
1217,GM,2020-09-22,0 days 15:58:26.892261,574087,29.39,29.38,3674,5076,-3681,4519
1218,GME,2020-09-22,0 days 15:59:16.223317,241965,10.56,10.55,6610,783,2568,-10951
1219,GME,2020-09-22,0 days 15:59:33.224967,244833,10.56,10.55,5488,5064,-6322,2468
1220,GOLD,2020-09-22,0 days 15:57:16.222665,472273,28.41,28.4,20000,14312,-2113,387
1221,GOLD,2020-09-22,0 days 15:57:34.221068,475173,28.41,28.4,21450,10600,-1713,3787
1222,GOLD,2020-09-22,0 days 15:57:35.221029,476886,28.41,28.4,18050,12600,2987,-1713
1223,GOLD,2020-09-22,0 days 15:57:36.220764,475573,28.41,28.4,16650,11500,-1313,2987
1224,GOLD,2020-09-22,0 days 15:58:14.223193,484164,28.45,28.44,26787,2185,1134,-9266
1225,GOLD,2020-09-22,0 days 15:58:15.224146,481098,28.44,28.43,17477,20899,-3066,1134
1226,GOLD,2020-09-22,0 days 15:58:23.223876,484164,28.44,28.43,29178,5811,2134,-3066
1227,GOLD,2020-09-22,0 days 15:58:24.223249,481098,28.44,28.43,29628,5711,-3066,2134
1228,GOLD,2020-09-22,0 days 15:58:39.224097,481798,28.43,28.42,19478,13977,-2766,1534
1229,GOLD,2020-09-22,0 days 15:58:52.224604,482698,28.42,28.41,6800,27826,-1866,9234
1230,GOLD,2020-09-22,0 days 15:59:02.225870,483498,28.42,28.41,21377,23326,-967,7804
1231,GOLD,2020-09-22,0 days 15:59:46.226013,503269,28.43,28.42,34291,3888,16782,-794
1232,GOLD,2020-09-22,0 days 15:59:47.225522,502951,28.43,28.42,32591,7380,-318,16782
1233,GPK,2020-09-22,0 days 15:56:27.241124,471921,13.46,13.45,20321,10259,4655,-4845
1234,GPK,2020-09-22,0 days 15:56:28.240687,456676,13.46,13.45,19621,11059,-15245,4655
1235,GPK,2020-09-22,0 days 15:59:00.250778,502902,13.45,13.44,7303,19657,3820,-14057
