,Symbol,Timestamp,TIME,iPaired,Ask_P,Bid_P,Ask_S,Bid_S,iShares,PreviShares
0,AA,2020-10-29,0 days 15:56:02.258155,1667425,12.74,12.73,4046,7373,5545,-855
1,AA,2020-10-29,0 days 15:56:03.258969,1662970,12.74,12.73,4646,7663,-4455,5545
2,AA,2020-10-29,0 days 15:57:32.254652,1668573,12.75,12.74,7065,7727,4076,-2324
3,AA,2020-10-29,0 days 15:57:33.254377,1664949,12.75,12.74,7165,7727,-3624,4076
4,AA,2020-10-29,0 days 15:57:36.254367,1681873,12.75,12.74,6785,8627,7176,-4924
5,AA,2020-10-29,0 days 15:57:37.254702,1676949,12.75,12.74,6422,7227,-4924,7176
6,AA,2020-10-29,0 days 15:57:38.254309,1691873,12.75,12.74,6422,7527,2976,-4924
7,AA,2020-10-29,0 days 15:57:39.254339,1686049,12.75,12.74,6222,7127,-5824,2976
8,AA,2020-10-29,0 days 15:57:44.254192,1691873,12.75,12.74,6981,8891,6176,-5824
9,AA,2020-10-29,0 days 15:57:45.254436,1686049,12.75,12.74,6122,7591,-5824,6176
10,AA,2020-10-29,0 days 15:58:12.256161,1665049,12.73,12.72,7995,3700,-4847,19753
11,AA,2020-10-29,0 days 15:58:20.256378,1669896,12.72,12.71,858,5604,6133,-11967
12,AA,2020-10-29,0 days 15:58:21.255855,1666929,12.72,12.71,1058,5604,-2967,6133
13,AA,2020-10-29,0 days 15:58:23.256385,1669896,12.72,12.71,1058,5604,9033,-2967
14,AA,2020-10-29,0 days 15:58:24.256098,1642729,12.73,12.72,7194,7983,-27167,9033
15,AA,2020-10-29,0 days 15:59:09.259116,1709074,12.74,12.73,4557,11104,23531,-3407
16,ABB,2020-10-29,0 days 15:56:55.238737,20519,24.28,24.27,4703,10323,980,-749
17,ABB,2020-10-29,0 days 15:56:56.238835,14399,24.28,24.27,6703,10223,-6181,980
18,ABB,2020-10-29,0 days 15:59:09.243897,21991,24.28,24.27,17642,3802,1001,-457
19,ABB,2020-10-29,0 days 15:59:10.244537,21592,24.28,24.27,17442,6202,-399,1001
20,ABB,2020-10-29,0 days 15:59:36.237467,21991,24.26,24.24,28557,8900,100,-300
21,ABB,2020-10-29,0 days 15:59:37.236897,21891,24.26,24.25,28657,600,-100,100
22,ABB,2020-10-29,0 days 15:59:46.239057,21991,24.25,24.24,9279,14492,1304,-100
23,ABBV,2020-10-29,0 days 15:59:39.118617,514005,80.83,80.81,1447,2400,3005,-2943
24,ABBV,2020-10-29,0 days 15:59:40.118323,512910,80.84,80.82,1808,500,-1095,3005
25,ABBV,2020-10-29,0 days 15:59:41.118473,513090,80.82,80.8,459,340,2420,-1095
26,ABBV,2020-10-29,0 days 15:59:42.118328,509210,80.85,80.82,546,300,-12200,2420
27,ABBV,2020-10-29,0 days 15:59:43.118633,514005,80.83,80.81,100,500,5305,-12200
28,ABBV,2020-10-29,0 days 15:59:44.118419,512310,80.85,80.83,946,200,-1695,5305
29,ABBV,2020-10-29,0 days 15:59:46.119149,512682,80.79,80.77,100,100,2751,-1695
30,ABBV,2020-10-29,0 days 15:59:47.118436,511233,80.8,80.77,100,700,-1355,2751
31,ABBV,2020-10-29,0 days 15:59:49.119117,511233,80.76,80.73,100,300,648,-23
32,ABBV,2020-10-29,0 days 15:59:50.125241,501097,80.75,80.71,300,500,-9747,648
33,ABEV,2020-10-29,0 days 15:59:36.255273,201273,2.27,2.26,460265,102905,-48963,57537
34,ABEV,2020-10-29,0 days 15:59:37.255221,198336,2.27,2.26,481765,79700,2937,-48963
35,ABEV,2020-10-29,0 days 15:59:46.257345,201273,2.27,2.26,487835,71900,-1563,937
36,ABT,2020-10-29,0 days 15:55:00.260201,359737,105.52,105.49,310,100,-4142,8883
37,ABT,2020-10-29,0 days 15:56:04.262788,372569,105.34,105.31,209,300,4504,-1676
38,ABT,2020-10-29,0 days 15:56:08.263350,377551,105.3,105.27,406,100,-8321,5304
39,ABT,2020-10-29,0 days 15:56:09.263788,377072,105.28,105.24,200,104,479,-8321
40,ABT,2020-10-29,0 days 15:56:57.264122,401160,105.28,105.25,100,324,-11006,3194
41,ABT,2020-10-29,0 days 15:56:58.264321,398966,105.26,105.23,400,1173,2194,-11006
42,ABT,2020-10-29,0 days 15:57:28.249005,393663,105.36,105.33,305,800,1194,-2906
43,ABT,2020-10-29,0 days 15:57:45.249814,399757,105.35,105.34,100,666,-4539,61
44,ABT,2020-10-29,0 days 15:57:46.249921,398096,105.33,105.3,307,601,6961,-4539
45,ABT,2020-10-29,0 days 15:57:49.250389,399757,105.37,105.34,300,100,-4546,754
46,ABT,2020-10-29,0 days 15:57:50.249757,398203,105.37,105.33,700,500,1754,-4546
47,ABT,2020-10-29,0 days 15:57:52.250353,399957,105.37,105.33,610,500,-146,1754
48,ABT,2020-10-29,0 days 15:57:53.250423,398403,105.35,105.33,410,421,1554,-146
49,ABT,2020-10-29,0 days 15:58:02.251900,399530,105.39,105.33,400,811,-6773,224
50,ABT,2020-10-29,0 days 15:58:03.251838,398003,105.34,105.32,100,222,1527,-6773
51,ABT,2020-10-29,0 days 15:59:05.254362,468015,105.09,105.04,200,100,-4353,18367
52,ABT,2020-10-29,0 days 15:59:06.254766,463368,105.08,105.01,200,800,6820,-4353
53,ABT,2020-10-29,0 days 15:59:11.255126,454376,105.19,105.14,300,200,-9046,1536
54,ABT,2020-10-29,0 days 15:59:13.256342,452673,105.14,105.06,700,200,2565,-12035
55,ABT,2020-10-29,0 days 15:59:17.253825,466946,105.13,105.1,100,300,-6940,4061
56,ABT,2020-10-29,0 days 15:59:18.253847,463686,105.12,105.05,100,600,3260,-6940
57,ABT,2020-10-29,0 days 15:59:20.254984,473323,105.13,105.12,100,100,-2463,17248
58,ABT,2020-10-29,0 days 15:59:22.254912,465251,105.13,105.08,100,400,1695,-2463
59,ABT,2020-10-29,0 days 15:59:27.254128,487324,105.19,105.16,900,433,-5333,6160
60,ABT,2020-10-29,0 days 15:59:29.255167,483648,105.1,105.05,400,300,14315,-5578
61,ABT,2020-10-29,0 days 15:59:32.255829,503236,105.06,105.01,100,743,-3285,4788
62,ABT,2020-10-29,0 days 15:59:33.256615,499021,105.05,105.01,102,204,4115,-3285
63,ABT,2020-10-29,0 days 15:59:42.259197,518932,105.05,105.0,200,100,-6103,1097
64,ABT,2020-10-29,0 days 15:59:43.255945,516157,105.06,105.05,100,214,2775,-6103
65,ACI,2020-10-29,0 days 15:59:06.254847,103342,15.15,15.14,776,774,-155,2245
66,ACI,2020-10-29,0 days 15:59:46.257392,103342,15.15,15.14,160,1881,-3928,189
67,ACN,2020-10-29,0 days 15:56:14.236764,166558,217.19,217.06,331,246,182,-173
68,ACN,2020-10-29,0 days 15:56:15.236596,165540,217.18,217.06,140,100,-3100,182
69,ACN,2020-10-29,0 days 15:56:26.236851,169258,217.16,217.02,126,447,282,-1300
70,ACN,2020-10-29,0 days 15:56:27.240004,167940,217.25,217.03,263,134,-1042,282
71,ACN,2020-10-29,0 days 15:57:00.238674,169328,217.04,216.95,100,100,272,-128
72,ACN,2020-10-29,0 days 15:57:01.238667,167800,217.13,217.0,300,111,-1528,272
73,ACN,2020-10-29,0 days 15:57:39.239114,170259,217.26,217.21,100,100,2063,-237
74,ACN,2020-10-29,0 days 15:57:40.238994,169122,217.29,217.21,100,303,-1137,2063
75,ACN,2020-10-29,0 days 15:57:45.239967,170759,217.28,217.2,100,100,463,-3437
76,ACN,2020-10-29,0 days 15:57:46.239141,169522,217.28,217.2,132,206,-1237,463
77,ACN,2020-10-29,0 days 15:58:07.241300,170195,217.11,217.04,100,100,104,-465
78,ACN,2020-10-29,0 days 15:58:08.240253,170180,217.11,217.05,100,111,-693,104
79,ACN,2020-10-29,0 days 15:58:16.240062,170873,217.0,216.9,133,100,172,-28
80,ACN,2020-10-29,0 days 15:58:17.240052,170245,217.0,216.95,143,121,-110,172
81,ACN,2020-10-29,0 days 15:58:59.241854,172214,216.95,216.79,224,300,431,-784
82,ACN,2020-10-29,0 days 15:59:04.243361,172353,216.84,216.75,100,100,2295,-489
83,ACN,2020-10-29,0 days 15:59:05.242569,169848,216.91,216.78,100,100,-2505,2295
84,ACN,2020-10-29,0 days 15:59:09.243702,172353,216.98,216.75,100,100,10410,-261
85,ACN,2020-10-29,0 days 15:59:12.243515,184631,217.14,216.93,200,363,-177,9792
86,ACN,2020-10-29,0 days 15:59:22.236786,185208,217.09,216.96,100,100,313,-87
87,ACN,2020-10-29,0 days 15:59:23.236643,189621,217.09,216.96,300,100,-590,313
88,ACN,2020-10-29,0 days 15:59:31.237353,191127,216.88,216.77,100,547,3176,-490
89,ACN,2020-10-29,0 days 15:59:48.238560,194994,216.6,216.37,600,200,-555,135
90,ACN,2020-10-29,0 days 15:59:54.240703,195715,216.45,216.26,200,177,4996,-36
91,ADM,2020-10-29,0 days 15:55:50.236710,293810,50.08,50.07,600,678,-608,2302
92,ADM,2020-10-29,0 days 15:55:51.237119,292218,50.08,50.07,600,701,1592,-608
93,ADM,2020-10-29,0 days 15:56:55.238799,315244,50.05,50.04,600,1012,-249,3360
94,ADM,2020-10-29,0 days 15:56:56.238962,314293,50.05,50.04,700,994,951,-249
95,ADM,2020-10-29,0 days 15:57:23.240258,314790,50.05,50.03,820,836,454,-15846
96,ADM,2020-10-29,0 days 15:57:38.239812,316644,50.05,50.04,200,715,-1946,74
97,ADM,2020-10-29,0 days 15:58:29.241326,344610,50.01,49.99,300,957,-227,4466
98,ADM,2020-10-29,0 days 15:58:30.242333,339944,50.01,49.99,900,557,4666,-227
99,ADM,2020-10-29,0 days 15:58:57.241998,355410,50.01,49.99,349,600,-22492,4666
100,ADM,2020-10-29,0 days 15:58:58.244426,353439,50.01,49.99,449,600,3245,-22492
101,ADM,2020-10-29,0 days 15:59:05.243160,350475,49.99,49.98,149,300,-10757,2902
102,ADM,2020-10-29,0 days 15:59:06.243435,352332,49.97,49.96,100,400,1343,-10757
103,ADM,2020-10-29,0 days 15:59:11.242727,356284,50.01,49.98,500,1151,-5691,5209
104,ADM,2020-10-29,0 days 15:59:17.236027,366275,49.99,49.97,100,1220,348,-4552
105,ADM,2020-10-29,0 days 15:59:21.237232,366623,50.01,50.0,300,100,-6952,141
106,ADM,2020-10-29,0 days 15:59:22.237086,363682,50.01,49.99,200,308,2941,-6952
107,ADM,2020-10-29,0 days 15:59:30.242350,370659,49.98,49.95,501,300,-5836,4364
108,ADM,2020-10-29,0 days 15:59:37.236947,374959,49.98,49.96,300,400,-1285,2315
109,ADM,2020-10-29,0 days 15:59:40.239073,363144,49.98,49.94,1200,320,11815,-12185
110,ADM,2020-10-29,0 days 15:59:46.239325,378559,49.96,49.94,702,100,-5602,1604
111,ADM,2020-10-29,0 days 15:59:47.238578,377386,49.96,49.93,702,200,1173,-5602
112,ADT,2020-10-29,0 days 15:55:00.261499,125071,6.8,6.79,5879,13545,805,-5901
113,ADT,2020-10-29,0 days 15:56:10.265644,127795,6.79,6.78,11428,6769,-1077,2652
114,ADT,2020-10-29,0 days 15:56:11.263367,126572,6.79,6.78,12428,6745,1223,-1077
115,ADT,2020-10-29,0 days 15:57:20.266087,133695,6.79,6.78,8476,10833,-1182,1618
116,ADT,2020-10-29,0 days 15:57:21.265989,132377,6.79,6.78,8176,11633,1318,-1182
117,ADT,2020-10-29,0 days 15:58:34.252844,157762,6.8,6.79,3600,10723,-1576,1714
118,ADT,2020-10-29,0 days 15:58:35.252936,154938,6.8,6.79,3800,12423,2824,-1576
119,ADT,2020-10-29,0 days 15:59:01.255375,155787,6.8,6.79,3526,14392,-437,1568
120,ADT,2020-10-29,0 days 15:59:12.255622,156624,6.8,6.79,3965,10603,1683,-287
121,ADT,2020-10-29,0 days 15:59:42.259448,160417,6.8,6.79,6390,13349,-11700,2590
122,ADT,2020-10-29,0 days 15:59:43.256139,158817,6.8,6.79,6390,12349,1600,-11700
123,ADT,2020-10-29,0 days 15:59:46.257832,160417,6.8,6.79,12124,6010,-1400,390
124,ADT,2020-10-29,0 days 15:59:48.257340,159216,6.8,6.79,7190,9444,1201,-1400
125,AEG,2020-10-29,0 days 15:59:36.241724,18186,2.67,2.66,308591,45558,-6211,7589
126,AEG,2020-10-29,0 days 15:59:37.241698,17697,2.67,2.66,366691,45208,489,-6211
127,AEO,2020-10-29,0 days 15:56:55.269996,194122,13.74,13.73,4720,11605,-1931,669
128,AEO,2020-10-29,0 days 15:56:56.269969,190805,13.74,13.73,5320,11405,3317,-1931
129,AEO,2020-10-29,0 days 15:57:29.261786,195175,13.74,13.73,4065,5300,-3130,1270
130,AEO,2020-10-29,0 days 15:58:06.264503,204105,13.74,13.73,4553,7758,7973,-9327
131,AEO,2020-10-29,0 days 15:58:08.264147,203488,13.74,13.73,4453,8037,-617,1883
132,AEO,2020-10-29,0 days 15:59:08.266692,203853,13.74,13.73,4358,8210,-310,2790
133,AEO,2020-10-29,0 days 15:59:09.267010,216163,13.73,13.72,5624,4000,1272,-310
134,AEO,2020-10-29,0 days 15:59:12.266898,217435,13.73,13.72,1800,7400,-157,1072
135,AEO,2020-10-29,0 days 15:59:27.267060,217592,13.74,13.73,4865,7200,43,-57
136,AEO,2020-10-29,0 days 15:59:29.267589,217435,13.73,13.72,2461,4923,-57,43
137,AES,2020-10-29,0 days 15:55:08.234071,222798,19.6,19.59,8735,2840,-8866,3937
138,AES,2020-10-29,0 days 15:55:09.233942,219964,19.6,19.59,7648,3083,2834,-8866
139,AES,2020-10-29,0 days 15:56:51.238187,224738,19.59,19.58,4495,7936,2948,-1552
140,AES,2020-10-29,0 days 15:56:56.238752,227686,19.6,19.59,7773,3540,-2052,748
141,AES,2020-10-29,0 days 15:56:57.239094,225138,19.6,19.59,7373,3640,2548,-2052
142,AES,2020-10-29,0 days 15:57:09.240048,228286,19.61,19.6,2500,9887,-1352,2548
143,AES,2020-10-29,0 days 15:59:00.247539,263972,19.57,19.56,13168,2300,-60306,1974
144,AES,2020-10-29,0 days 15:59:09.243815,294530,19.56,19.55,9529,3444,1255,-5245
145,AES,2020-10-29,0 days 15:59:10.244402,295785,19.56,19.55,8529,4649,-13556,1255
146,AES,2020-10-29,0 days 15:59:11.242483,294841,19.56,19.55,6629,6364,944,-13556
147,AES,2020-10-29,0 days 15:59:15.237345,298285,19.56,19.55,10397,6737,-7663,944
148,AES,2020-10-29,0 days 15:59:16.236207,300548,19.56,19.55,12197,2032,874,-7663
149,AFL,2020-10-29,0 days 15:57:39.237401,333269,34.3,34.29,3100,973,64,-4636
150,AFL,2020-10-29,0 days 15:57:40.236959,329133,34.3,34.29,3000,1533,-4136,64
151,AFL,2020-10-29,0 days 15:58:18.244602,329308,34.28,34.26,1520,5831,9830,-4223
152,AFL,2020-10-29,0 days 15:58:19.240306,324238,34.28,34.27,3220,1900,-5070,9830
153,AFL,2020-10-29,0 days 15:58:25.239781,329308,34.28,34.27,2320,2000,3330,-1370
154,AFL,2020-10-29,0 days 15:58:26.238956,326638,34.28,34.27,3768,600,-2670,3330
155,AFL,2020-10-29,0 days 15:58:40.240829,333576,34.27,34.26,900,3867,-3332,868
156,AFL,2020-10-29,0 days 15:59:19.241191,339148,34.29,34.28,3646,1399,-1,799
157,AFL,2020-10-29,0 days 15:59:43.242352,353677,34.26,34.25,3600,800,-1913,376
158,AFL,2020-10-29,0 days 15:59:44.243228,353190,34.26,34.25,4000,700,487,-1913
159,AFL,2020-10-29,0 days 15:59:46.243533,341976,34.25,34.24,4900,600,-9841,487
160,AGI,2020-10-29,0 days 15:59:39.118617,61333,9.16,9.15,7242,27194,-5524,176
161,AGI,2020-10-29,0 days 15:59:40.118323,60557,9.16,9.15,15170,17694,776,-5524
162,AIG,2020-10-29,0 days 15:55:00.236855,506110,31.35,31.34,2060,2214,-11600,44876
163,AIG,2020-10-29,0 days 15:57:17.239956,521156,31.38,31.37,1900,2435,466,-3723
164,AIG,2020-10-29,0 days 15:57:27.239623,508405,31.39,31.38,1098,4189,-12751,1149
165,AIG,2020-10-29,0 days 15:59:13.243215,571365,31.38,31.37,3900,2100,30986,-2003
166,AIV,2020-10-29,0 days 15:59:28.101047,168901,30.85,30.82,300,300,2669,-2731
167,AIV,2020-10-29,0 days 15:59:46.103145,177170,30.81,30.76,700,200,-703,2291
168,AIV,2020-10-29,0 days 15:59:48.102932,175173,30.81,30.77,700,200,1797,-703
169,ALL,2020-10-29,0 days 15:55:00.235677,124519,88.83,88.79,105,300,-3065,2871
170,ALL,2020-10-29,0 days 15:57:46.239888,139061,88.77,88.75,100,202,493,-4907
171,ALL,2020-10-29,0 days 15:57:47.239609,137054,88.79,88.76,300,700,-2007,493
172,ALL,2020-10-29,0 days 15:58:07.241531,137679,88.76,88.74,724,100,-1316,3384
173,ALL,2020-10-29,0 days 15:58:46.242128,135995,88.69,88.65,100,200,804,-996
174,ALL,2020-10-29,0 days 15:58:47.242062,134999,88.69,88.65,200,291,-996,804
175,ALL,2020-10-29,0 days 15:59:03.243617,137845,88.73,88.69,582,100,14677,-678
176,ALLY,2020-10-29,0 days 15:56:55.270008,230477,26.7,26.69,3005,800,-290,1465
177,ALLY,2020-10-29,0 days 15:56:57.269450,230772,26.69,26.68,1922,2436,305,-290
178,ALLY,2020-10-29,0 days 15:59:01.266976,278710,26.7,26.69,3276,923,-5542,2365
179,ALLY,2020-10-29,0 days 15:59:02.267876,273085,26.7,26.69,4476,435,5625,-5542
180,ALLY,2020-10-29,0 days 15:59:12.266981,290010,26.67,26.66,3377,2800,-115096,9469
181,ALLY,2020-10-29,0 days 15:59:34.267375,452014,26.66,26.65,6510,900,90677,-125869
182,ALLY,2020-10-29,0 days 15:59:35.267575,445079,26.68,26.67,3251,800,-9377,90677
183,ALLY,2020-10-29,0 days 15:59:39.269064,454456,26.64,26.63,3950,3190,10623,-2877
184,ALLY,2020-10-29,0 days 15:59:40.269296,450979,26.64,26.63,2119,4790,-5602,10623
185,ALLY,2020-10-29,0 days 15:59:46.269913,468318,26.64,26.63,3500,905,1292,-16478
186,ALLY,2020-10-29,0 days 15:59:47.268459,467983,26.64,26.63,3400,905,-393,1292
187,AM,2020-10-29,0 days 15:58:21.255855,231416,5.98,5.97,1700,2100,-13808,2092
188,AM,2020-10-29,0 days 15:58:22.256719,222924,5.98,5.97,3376,2000,8492,-13808
189,AM,2020-10-29,0 days 15:59:46.261069,258632,5.97,5.96,1285,2128,15288,-32144
190,AMC,2020-10-29,0 days 15:58:30.252793,72978,2.51,2.5,7528,9230,-2312,13798
191,AMC,2020-10-29,0 days 15:58:31.252215,69590,2.51,2.5,7528,7840,1498,-2312
192,AMC,2020-10-29,0 days 15:59:47.256368,67963,2.52,2.51,25325,13165,-2453,2947
193,AMC,2020-10-29,0 days 15:59:48.256730,66516,2.52,2.51,25625,10140,1447,-2453
194,AMCR,2020-10-29,0 days 15:57:39.237461,545021,10.53,10.52,2949,31891,-3184,3016
195,AMCR,2020-10-29,0 days 15:57:52.237405,560912,10.53,10.52,3119,34830,13509,-7491
196,AMCR,2020-10-29,0 days 15:57:53.237626,545021,10.53,10.52,2296,33030,-7491,13509
197,AMCR,2020-10-29,0 days 15:58:19.240361,561280,10.53,10.52,18256,8000,-9656,13144
198,AMCR,2020-10-29,0 days 15:59:03.241682,576707,10.52,10.51,10000,11067,586,-995
199,AMCR,2020-10-29,0 days 15:59:04.241086,575693,10.52,10.51,11600,11717,-1014,586
200,AMCR,2020-10-29,0 days 15:59:10.242996,576506,10.52,10.51,11390,11127,6365,-813
201,AMCR,2020-10-29,0 days 15:59:11.241541,575671,10.52,10.51,8400,19427,-835,6365
202,AMCR,2020-10-29,0 days 15:59:45.243488,589837,10.51,10.5,28455,9651,9582,-418
203,AMCR,2020-10-29,0 days 15:59:46.243626,589219,10.51,10.5,28955,9651,-2332,9582
204,AMT,2020-10-29,0 days 15:55:00.236671,162911,232.78,232.61,151,200,536,-17565
205,AMT,2020-10-29,0 days 15:56:10.240493,166102,232.45,232.28,272,100,-2851,875
206,AMT,2020-10-29,0 days 15:58:06.240773,170808,232.4,232.31,100,100,4400,-1713
207,AMT,2020-10-29,0 days 15:58:08.240854,169578,232.4,232.26,100,100,-1230,4300
208,AMT,2020-10-29,0 days 15:59:03.243778,170896,232.21,232.1,100,115,1979,-164
209,AMT,2020-10-29,0 days 15:59:04.244013,169410,232.21,232.1,100,125,-1486,1979
210,AMT,2020-10-29,0 days 15:59:28.237237,180599,232.17,231.97,100,100,181,-1962
211,AMT,2020-10-29,0 days 15:59:30.242413,180780,232.17,231.97,368,100,-6093,181
212,AMT,2020-10-29,0 days 15:59:31.237842,186873,232.07,231.9,100,300,7,-6093
213,AMT,2020-10-29,0 days 15:59:48.239048,185929,232.03,231.78,882,209,-940,1717
214,AMWL,2020-10-29,0 days 15:57:33.255970,44308,27.43,27.3,231,309,-320731,1067
215,AMWL,2020-10-29,0 days 15:58:49.259773,10555,27.35,27.2,100,551,127017,-225967
216,AMWL,2020-10-29,0 days 15:59:02.262253,38208,27.26,27.23,100,100,-352212,772
217,AMX,2020-10-29,0 days 15:55:00.257915,11875,11.85,11.84,7168,8891,1944,-689
218,AMX,2020-10-29,0 days 15:55:35.259748,13819,11.85,11.84,9771,7862,-884,1944
219,APLE,2020-10-29,0 days 15:55:00.093560,64026,10.12,10.11,1915,1600,1427,-11537
220,APLE,2020-10-29,0 days 15:56:56.096647,66840,10.12,10.11,3302,1622,-608,1332
221,APLE,2020-10-29,0 days 15:57:18.096930,67448,10.12,10.11,1938,4208,692,-608
222,APLE,2020-10-29,0 days 15:57:24.096031,68839,10.12,10.11,1193,4108,-3209,925
223,APLE,2020-10-29,0 days 15:57:25.096386,67448,10.12,10.11,1084,4518,1391,-3209
224,APLE,2020-10-29,0 days 15:58:02.098302,70339,10.12,10.11,984,6328,-3309,2391
225,APLE,2020-10-29,0 days 15:58:03.097817,67948,10.12,10.11,1684,4528,2391,-3309
226,APLE,2020-10-29,0 days 15:58:06.098640,70339,10.12,10.11,1984,3390,-3309,2391
227,APLE,2020-10-29,0 days 15:58:07.098935,67948,10.12,10.11,1884,3490,2391,-3309
228,APLE,2020-10-29,0 days 15:58:12.099401,70539,10.12,10.11,3784,1212,-2209,2591
229,APLE,2020-10-29,0 days 15:58:13.097605,67948,10.12,10.11,3784,1212,2591,-2209
230,APLE,2020-10-29,0 days 15:58:15.098465,70539,10.12,10.11,3711,1212,-109,91
231,APLE,2020-10-29,0 days 15:58:16.098085,67948,10.12,10.11,3684,1212,2591,-109
232,APLE,2020-10-29,0 days 15:58:18.099706,76958,10.12,10.11,3811,1212,-690,2591
233,APLE,2020-10-29,0 days 15:58:19.097986,76048,10.12,10.11,2584,1912,910,-690
234,APLE,2020-10-29,0 days 15:58:21.098640,76958,10.12,10.11,3260,1400,-1190,910
235,APLE,2020-10-29,0 days 15:58:22.099875,76048,10.12,10.11,3287,1606,910,-1190
236,APLE,2020-10-29,0 days 15:58:29.098507,76958,10.12,10.11,3011,1206,-190,910
237,APLE,2020-10-29,0 days 15:58:36.099186,76048,10.12,10.11,3811,1007,910,-190
238,APLE,2020-10-29,0 days 15:59:01.100819,77022,10.12,10.11,4005,1304,-53,706
239,APLE,2020-10-29,0 days 15:59:07.100955,74228,10.11,10.1,4264,3400,837,-1718
240,AR,2020-10-29,0 days 15:57:05.239101,328306,3.59,3.58,45083,35659,-9059,9711
241,AR,2020-10-29,0 days 15:57:06.239135,320665,3.59,3.58,45083,35559,7641,-9059
242,AR,2020-10-29,0 days 15:57:12.239482,332877,3.59,3.58,37803,11201,-4388,7641
243,AR,2020-10-29,0 days 15:57:13.239448,324865,3.59,3.58,37103,11636,12582,-4388
244,AR,2020-10-29,0 days 15:58:10.240924,344912,3.59,3.58,28586,42081,-3262,6144
245,AR,2020-10-29,0 days 15:58:11.242286,337474,3.59,3.58,28586,41481,7438,-3262
246,AR,2020-10-29,0 days 15:59:08.243364,352283,3.58,3.57,20533,20511,-1622,7733
247,AR,2020-10-29,0 days 15:59:09.243729,349405,3.58,3.57,28233,20411,2878,-1622
248,AR,2020-10-29,0 days 15:59:39.237235,352283,3.58,3.57,20419,28767,-42521,579
249,AR,2020-10-29,0 days 15:59:40.238791,350404,3.58,3.57,18084,29817,1879,-42521
250,AR,2020-10-29,0 days 15:59:42.242176,344912,3.59,3.58,10400,28411,-11692,1879
251,ARMK,2020-10-29,0 days 15:59:01.227108,119003,28.24,28.21,200,814,2430,-3370
252,ARMK,2020-10-29,0 days 15:59:02.226881,108733,28.25,28.22,200,734,-10270,2430
253,ARMK,2020-10-29,0 days 15:59:08.226692,112533,28.23,28.2,402,300,-2239,2061
254,ARMK,2020-10-29,0 days 15:59:09.227523,114772,28.23,28.2,402,400,18610,-2239
255,ARMK,2020-10-29,0 days 15:59:10.228462,114082,28.23,28.2,684,300,-690,18610
256,ARMK,2020-10-29,0 days 15:59:34.221101,113105,28.22,28.19,981,100,-597,2703
257,ARMK,2020-10-29,0 days 15:59:41.221578,113702,28.22,28.18,868,100,8403,-597
258,ARMK,2020-10-29,0 days 15:59:42.225422,113405,28.22,28.18,968,100,-297,8403
259,ARMK,2020-10-29,0 days 15:59:45.222686,113702,28.22,28.18,1067,100,97,-297
260,ARMK,2020-10-29,0 days 15:59:46.222657,113779,28.22,28.19,667,814,-1157,97
261,ATI,2020-10-29,0 days 15:56:43.269263,115343,9.47,9.46,2494,607,-1046,13954
262,ATI,2020-10-29,0 days 15:56:54.269464,118589,9.46,9.45,4297,1246,254,-1046
263,ATI,2020-10-29,0 days 15:56:56.269936,116970,9.46,9.45,4668,1146,-1619,1281
264,ATI,2020-10-29,0 days 15:57:07.267292,121291,9.44,9.43,3041,100,179,-421
265,ATI,2020-10-29,0 days 15:57:08.265774,121170,9.44,9.43,2841,200,-121,179
266,ATI,2020-10-29,0 days 15:57:13.265141,121291,9.44,9.43,4527,1200,2379,-2521
267,ATI,2020-10-29,0 days 15:59:19.267193,134334,9.47,9.46,524,1249,-2522,13334
268,ATI,2020-10-29,0 days 15:59:32.267463,136656,9.47,9.46,490,1930,2315,-22
269,ATI,2020-10-29,0 days 15:59:46.269692,139271,9.46,9.44,601,399,-5107,2505
270,ATI,2020-10-29,0 days 15:59:47.268383,141664,9.46,9.44,1001,400,2307,-5107
271,ATI,2020-10-29,0 days 15:59:48.269819,141571,9.46,9.42,601,700,-93,2307
272,ATUS,2020-10-29,0 days 15:56:15.267967,269027,26.52,26.51,1131,3219,-14251,9049
273,ATUS,2020-10-29,0 days 15:56:16.273471,261878,26.52,26.51,2611,799,7149,-14251
274,ATUS,2020-10-29,0 days 15:57:28.261886,257206,26.56,26.55,2466,1679,6845,-555
275,ATUS,2020-10-29,0 days 15:58:02.263972,242435,26.52,26.51,2422,1940,-14703,10413
276,ATUS,2020-10-29,0 days 15:58:03.263687,238438,26.52,26.51,2710,2340,3997,-14703
277,ATUS,2020-10-29,0 days 15:59:32.267302,268159,26.46,26.45,1300,1800,-8664,4222
278,ATUS,2020-10-29,0 days 15:59:33.267109,264823,26.46,26.45,1791,1200,3336,-8664
279,ATUS,2020-10-29,0 days 15:59:45.268871,268159,26.47,26.46,3160,100,-14039,3336
280,ATUS,2020-10-29,0 days 15:59:46.269359,266698,26.46,26.45,4349,340,3501,-14039
281,AU,2020-10-29,0 days 15:55:00.236071,36979,22.96,22.95,2299,2003,573,-2937
282,AU,2020-10-29,0 days 15:55:42.238007,37552,22.95,22.94,1721,2590,-1370,573
283,AU,2020-10-29,0 days 15:55:43.236699,37122,22.95,22.94,2421,1790,430,-1370
284,AU,2020-10-29,0 days 15:55:52.236782,37552,22.95,22.94,2729,975,-119,162
285,AU,2020-10-29,0 days 15:55:53.236965,37171,22.95,22.94,2629,975,381,-119
286,AU,2020-10-29,0 days 15:56:50.238663,37552,22.87,22.86,782,2705,-450,481
287,AU,2020-10-29,0 days 15:56:51.238259,37202,22.87,22.86,782,2705,350,-450
288,AU,2020-10-29,0 days 15:56:55.238788,37580,22.87,22.86,1137,2305,-1290,350
289,AU,2020-10-29,0 days 15:56:56.238962,37370,22.87,22.86,1838,1452,210,-1290
290,AU,2020-10-29,0 days 15:59:19.236351,43973,22.88,22.87,1536,894,-790,184
291,AUY,2020-10-29,0 days 15:59:46.222792,414163,5.44,5.43,20578,482601,66697,-14182
292,AUY,2020-10-29,0 days 15:59:47.222840,403360,5.44,5.43,36180,420552,-10803,66697
293,AVB,2020-10-29,0 days 15:55:49.257154,123021,136.0,135.91,200,300,6364,-11636
294,AVB,2020-10-29,0 days 15:55:50.257563,121800,135.99,135.92,220,300,-1221,6364
295,AVB,2020-10-29,0 days 15:56:15.258043,124799,135.93,135.88,1041,200,2818,-1382
296,AVB,2020-10-29,0 days 15:56:16.263825,123917,135.93,135.88,1141,100,-882,2818
297,AVB,2020-10-29,0 days 15:57:37.254146,130626,136.03,135.98,100,267,54,-2746
298,AVB,2020-10-29,0 days 15:57:38.253232,129580,136.04,135.98,200,670,-1046,54
299,AVB,2020-10-29,0 days 15:58:08.255682,134301,136.09,136.03,100,500,2247,-348
300,AVB,2020-10-29,0 days 15:58:29.255946,136879,136.09,136.0,360,100,-52,2048
301,AVB,2020-10-29,0 days 15:58:30.256585,136431,136.08,135.95,110,200,448,-52
302,AVB,2020-10-29,0 days 15:58:45.257102,136879,136.08,135.99,439,100,-152,348
303,AVB,2020-10-29,0 days 15:58:46.256960,136431,136.08,136.02,439,120,248,-152
304,AVB,2020-10-29,0 days 15:58:58.258936,136797,136.09,136.04,203,138,-1361,366
305,AVB,2020-10-29,0 days 15:58:59.258210,136658,136.09,136.04,100,238,139,-1361
306,AVB,2020-10-29,0 days 15:59:10.258868,139318,136.05,136.0,101,400,-2161,1760
307,AVB,2020-10-29,0 days 15:59:11.257797,138879,136.06,136.0,200,400,239,-2161
308,AVB,2020-10-29,0 days 15:59:31.259524,153838,136.11,136.07,620,100,-42,776
309,AVB,2020-10-29,0 days 15:59:33.258348,152802,136.11,136.07,520,1220,2236,-2464
310,AVB,2020-10-29,0 days 15:59:43.259005,154755,136.11,136.1,200,200,-1118,536
311,AVB,2020-10-29,0 days 15:59:44.259461,154073,136.16,136.1,300,813,682,-1118
312,AVB,2020-10-29,0 days 15:59:49.259125,156802,136.14,136.1,100,179,-146,365
313,AVB,2020-10-29,0 days 15:59:50.262724,156348,136.13,136.08,300,288,454,-146
314,AVB,2020-10-29,0 days 15:59:54.261041,156802,136.17,136.13,300,100,-346,454
315,AVTR,2020-10-29,0 days 15:55:00.252101,224639,23.02,23.01,1498,809,-5819,49513
316,AVTR,2020-10-29,0 days 15:55:50.254430,230458,23.02,23.01,1495,500,2100,-846
317,AVTR,2020-10-29,0 days 15:55:51.253473,229558,23.02,23.01,1475,500,-900,2100
318,AVTR,2020-10-29,0 days 15:57:16.256591,235647,23.02,23.01,423,1152,1711,-1089
319,AVTR,2020-10-29,0 days 15:57:17.256645,234458,23.05,23.03,1300,1200,-2013,1711
320,AVTR,2020-10-29,0 days 15:59:39.258911,257697,23.02,23.01,100,4268,-221952,12548
321,AXP,2020-10-29,0 days 15:59:09.101521,443151,91.06,91.04,500,824,12725,-3005
322,AXTA,2020-10-29,0 days 15:59:25.258506,160791,25.33,25.32,3407,600,-1822,591
323,AXTA,2020-10-29,0 days 15:59:26.257838,157013,25.33,25.32,3007,900,3578,-1822
324,AXTA,2020-10-29,0 days 15:59:47.259589,159957,25.33,25.32,2230,2485,1669,-4031
325,BA,2020-10-29,0 days 15:55:00.266704,238772,148.66,148.59,156,200,583,-76735
326,BA,2020-10-29,0 days 15:55:01.265360,235555,148.67,148.62,329,100,-3217,583
327,BA,2020-10-29,0 days 15:55:47.267892,240039,148.52,148.48,186,310,660,-1044
328,BA,2020-10-29,0 days 15:55:48.267515,237199,148.57,148.52,399,200,-2840,660
329,BA,2020-10-29,0 days 15:57:02.264168,240726,148.38,148.34,100,300,13403,-1292
330,BA,2020-10-29,0 days 15:57:03.264907,239129,148.37,148.33,100,200,-1597,13403
331,BA,2020-10-29,0 days 15:57:38.262417,246168,148.48,148.45,100,300,198,-402
332,BA,2020-10-29,0 days 15:57:40.262472,246166,148.47,148.44,200,900,-2,298
333,BA,2020-10-29,0 days 15:57:44.262346,246168,148.48,148.46,200,100,398,-502
334,BA,2020-10-29,0 days 15:57:45.262629,245366,148.48,148.47,100,100,-802,398
335,BA,2020-10-29,0 days 15:58:09.266473,250342,148.39,148.34,311,100,3739,-1653
336,BA,2020-10-29,0 days 15:58:10.264705,249181,148.42,148.37,100,200,-1161,3739
337,BA,2020-10-29,0 days 15:58:30.265718,250342,148.39,148.37,100,200,2412,-1051
338,BA,2020-10-29,0 days 15:58:31.264798,249454,148.4,148.37,200,100,-888,2412
339,BA,2020-10-29,0 days 15:58:34.265195,250342,148.43,148.34,300,100,2312,-4251
340,BA,2020-10-29,0 days 15:58:35.264978,249554,148.41,148.37,200,100,-788,2312
341,BA,2020-10-29,0 days 15:58:44.265180,250342,148.39,148.33,200,104,2323,-1140
342,BA,2020-10-29,0 days 15:58:45.265376,249465,148.4,148.36,100,100,-877,2323
343,BA,2020-10-29,0 days 15:58:48.265996,250342,148.38,148.32,100,400,2323,-1140
344,BA,2020-10-29,0 days 15:58:49.265134,249465,148.38,148.34,100,300,-881,2323
345,BA,2020-10-29,0 days 15:58:58.266898,250568,148.34,148.28,400,200,3036,-590
346,BA,2020-10-29,0 days 15:58:59.266093,250304,148.33,148.29,400,100,-392,3036
347,BA,2020-10-29,0 days 15:59:09.267010,251651,148.28,148.23,100,100,603,-602
348,BA,2020-10-29,0 days 15:59:10.271038,250654,148.34,148.29,100,101,-997,603
349,BA,2020-10-29,0 days 15:59:15.267471,251651,148.32,148.26,100,100,73293,-1697
350,BABA,2020-10-29,0 days 15:55:48.112351,301889,312.8,312.76,300,263,289,-2247
351,BABA,2020-10-29,0 days 15:56:15.112643,307711,312.94,312.87,201,100,4134,-2033
352,BABA,2020-10-29,0 days 15:57:27.114897,317199,313.15,313.13,301,200,-2514,5080
353,BABA,2020-10-29,0 days 15:57:34.114471,319599,313.22,313.1,102,163,-2314,580
354,BABA,2020-10-29,0 days 15:58:12.118057,331476,313.03,312.83,100,149,-6912,15319
355,BABA,2020-10-29,0 days 15:59:08.120377,347788,312.73,312.68,100,139,-1194,7909
356,BAC,2020-10-29,0 days 15:59:09.259116,3183571,23.58,23.57,72399,72373,12012,-37909
357,BAC,2020-10-29,0 days 15:59:16.258004,3213268,23.6,23.59,4100,115137,2336,-4015
358,BAC,2020-10-29,0 days 15:59:43.259391,3237611,23.57,23.56,55950,84976,60106,-62613
359,BAM,2020-10-29,0 days 15:57:47.222142,56349,30.21,30.2,5653,834,2598,-1502
360,BAM,2020-10-29,0 days 15:58:02.223893,53803,30.2,30.19,2446,3617,-1846,3298
361,BAM,2020-10-29,0 days 15:58:03.223541,51649,30.2,30.19,4841,1822,2154,-1846
362,BAM,2020-10-29,0 days 15:58:29.224445,53803,30.19,30.18,1817,4900,-2045,2355
363,BAM,2020-10-29,0 days 15:58:30.226451,49282,30.19,30.18,2117,4000,4521,-2045
364,BAM,2020-10-29,0 days 15:59:20.222877,58543,30.19,30.18,950,2496,-2105,406
365,BAM,2020-10-29,0 days 15:59:21.222828,57348,30.18,30.17,2198,1100,1195,-2105
366,BAM,2020-10-29,0 days 15:59:39.221872,58543,30.17,30.16,5348,3589,-3905,395
367,BAM,2020-10-29,0 days 15:59:40.223023,57748,30.16,30.15,2251,2601,795,-3905
368,BAX,2020-10-29,0 days 15:59:25.254803,269667,78.26,78.14,100,100,276,-2306
369,BAX,2020-10-29,0 days 15:59:27.254152,268743,78.28,78.25,100,100,-1024,276
370,BAX,2020-10-29,0 days 15:59:30.260093,269913,78.27,78.17,300,100,11671,-1270
371,BAX,2020-10-29,0 days 15:59:31.257692,267384,78.27,78.22,300,362,-2529,11671
372,BAX,2020-10-29,0 days 15:59:38.256435,266011,78.18,78.13,550,100,2073,-2529
373,BB,2020-10-29,0 days 15:58:48.260172,36078,4.61,4.6,46312,99146,3161,-3345
374,BB,2020-10-29,0 days 15:59:36.258720,39565,4.61,4.6,38867,122785,-1124,1376
375,BB,2020-10-29,0 days 15:59:37.258184,39489,4.61,4.6,67562,39467,76,-1124
376,BBD,2020-10-29,0 days 15:55:50.236161,671540,3.6,3.59,31120,468870,-10820,64600
377,BBD,2020-10-29,0 days 15:55:51.236206,645060,3.6,3.59,25920,470470,26201,-10820
378,BBD,2020-10-29,0 days 15:59:01.242129,681061,3.61,3.6,87204,442759,-68613,151587
379,BBL,2020-10-29,0 days 15:56:56.264401,17329,38.87,38.86,1610,5000,652,-379
380,BBL,2020-10-29,0 days 15:56:57.264064,17081,38.87,38.86,1600,4700,-248,652
381,BBL,2020-10-29,0 days 15:57:08.266120,17329,38.89,38.88,2700,3593,52,-248
382,BBL,2020-10-29,0 days 15:57:09.265624,16081,38.89,38.88,2800,3893,-1248,52
383,BBL,2020-10-29,0 days 15:58:07.252847,17829,38.86,38.85,2700,2600,1252,-1248
384,BBL,2020-10-29,0 days 15:58:08.252352,16581,38.86,38.85,1400,2900,-1248,1252
385,BBL,2020-10-29,0 days 15:59:07.255183,16344,38.84,38.83,3700,864,768,-296
386,BBL,2020-10-29,0 days 15:59:12.255315,17712,38.85,38.84,2400,3000,-179,1068
387,BBL,2020-10-29,0 days 15:59:19.254308,17891,38.85,38.84,3615,1400,645,-479
388,BBVA,2020-10-29,0 days 15:59:36.258806,54138,2.75,2.74,170336,144314,-1552,1948
389,BBVA,2020-10-29,0 days 15:59:37.258324,53990,2.75,2.74,170236,131532,148,-1552
390,BBY,2020-10-29,0 days 15:55:00.260245,97779,112.88,112.84,900,302,4759,-931
391,BBY,2020-10-29,0 days 15:55:52.263409,111812,112.72,112.69,118,400,-6083,3991
392,BBY,2020-10-29,0 days 15:56:02.262841,117120,112.72,112.66,410,100,212,-1711
393,BBY,2020-10-29,0 days 15:56:03.264513,116132,112.72,112.66,410,100,-988,212
394,BBY,2020-10-29,0 days 15:57:35.249178,120878,112.6,112.57,106,233,305,-1285
395,BBY,2020-10-29,0 days 15:57:36.249920,118783,112.65,112.59,101,800,-2095,305
396,BBY,2020-10-29,0 days 15:57:46.249941,120884,112.6,112.56,100,120,299,-1801
397,BBY,2020-10-29,0 days 15:57:48.249881,120083,112.62,112.56,100,1420,-811,779
398,BBY,2020-10-29,0 days 15:58:05.253525,120942,112.61,112.56,100,227,782,-1218
399,BBY,2020-10-29,0 days 15:58:07.252963,121070,112.59,112.56,328,595,-535,1955
400,BBY,2020-10-29,0 days 15:58:49.253164,125970,112.5,112.43,100,300,-284,116
401,BBY,2020-10-29,0 days 15:59:06.254766,124974,112.47,112.43,400,100,944,-56
402,BBY,2020-10-29,0 days 15:59:07.255211,124918,112.47,112.43,400,200,-56,944
403,BBY,2020-10-29,0 days 15:59:14.254605,125074,112.47,112.39,204,768,810,-590
404,BBY,2020-10-29,0 days 15:59:16.254101,122516,112.51,112.46,100,200,-2558,610
405,BBY,2020-10-29,0 days 15:59:24.254544,126294,112.51,112.41,100,100,1931,-369
406,BBY,2020-10-29,0 days 15:59:30.260036,126925,112.47,112.33,100,433,-1974,31
407,BBY,2020-10-29,0 days 15:59:31.257593,128898,112.37,112.3,100,278,2943,-1974
408,BCS,2020-10-29,0 days 15:59:36.100476,40829,5.45,5.44,173040,103610,-9052,10648
409,BCS,2020-10-29,0 days 15:59:37.100897,40281,5.45,5.44,173040,103210,548,-9052
410,BCS,2020-10-29,0 days 15:59:46.102731,40829,5.45,5.44,171042,86810,-1352,548
411,BCS,2020-10-29,0 days 15:59:47.101159,40381,5.45,5.44,171042,86810,448,-1352
412,BDN,2020-10-29,0 days 15:55:00.236905,113179,8.83,8.82,3666,5314,-3558,57982
413,BDN,2020-10-29,0 days 15:55:21.235992,122837,8.83,8.82,6675,5815,664,-2636
414,BDN,2020-10-29,0 days 15:55:38.238104,125401,8.83,8.82,6959,6084,-2404,864
415,BDN,2020-10-29,0 days 15:55:39.236410,124805,8.83,8.82,6859,6084,596,-2404
416,BDN,2020-10-29,0 days 15:56:55.238828,126101,8.82,8.81,7773,6272,-253,1227
417,BDN,2020-10-29,0 days 15:56:56.238978,125354,8.82,8.81,7873,5772,747,-253
418,BDN,2020-10-29,0 days 15:58:13.241145,132520,8.81,8.8,9230,6279,-998,1702
419,BDN,2020-10-29,0 days 15:58:14.241204,130918,8.81,8.8,9230,6179,1602,-998
420,BDN,2020-10-29,0 days 15:58:22.242109,135968,8.81,8.8,3433,7653,-650,1450
421,BDN,2020-10-29,0 days 15:58:23.241992,134018,8.81,8.8,3238,7675,1950,-650
422,BDN,2020-10-29,0 days 15:58:28.240881,135968,8.81,8.8,10480,5313,-2150,850
423,BDN,2020-10-29,0 days 15:58:29.241353,134418,8.81,8.8,51426,1772,1550,-2150
424,BDN,2020-10-29,0 days 15:58:41.241334,135968,8.81,8.8,63090,1915,-850,1550
425,BDN,2020-10-29,0 days 15:58:42.241929,134618,8.81,8.8,66090,1715,1350,-850
426,BDN,2020-10-29,0 days 15:59:17.236106,144024,8.8,8.79,16637,1862,-1956,479
427,BDN,2020-10-29,0 days 15:59:19.236391,145980,8.8,8.79,16737,1863,8131,-1956
428,BDN,2020-10-29,0 days 15:59:20.237209,141311,8.8,8.79,15537,1963,-4669,8131
429,BDN,2020-10-29,0 days 15:59:36.237625,145980,8.8,8.78,27495,15001,3031,-4669
430,BE,2020-10-29,0 days 15:55:03.109769,143168,14.71,14.69,2057,425,-1963,7027
431,BE,2020-10-29,0 days 15:55:04.110688,136841,14.71,14.69,1657,425,6327,-1963
432,BE,2020-10-29,0 days 15:59:07.120914,121995,14.63,14.62,438,100,-42614,3194
433,BE,2020-10-29,0 days 15:59:08.120724,120909,14.63,14.62,436,100,1086,-42614
434,BEN,2020-10-29,0 days 15:55:00.266081,242992,18.77,18.76,11566,2586,2880,-67618
435,BEN,2020-10-29,0 days 15:55:06.264727,245872,18.76,18.75,5073,3753,-6110,2880
436,BEN,2020-10-29,0 days 15:55:27.266494,252143,18.72,18.71,7473,3400,1129,-571
437,BEN,2020-10-29,0 days 15:55:28.266343,251672,18.72,18.71,6790,3473,-471,1129
438,BEN,2020-10-29,0 days 15:55:42.268118,252143,18.71,18.7,965,5724,139,-240
439,BEN,2020-10-29,0 days 15:55:43.267851,251582,18.72,18.71,2252,8635,-561,139
440,BEN,2020-10-29,0 days 15:56:09.268590,254601,18.7,18.69,1600,5517,787,-413
441,BEN,2020-10-29,0 days 15:56:10.268457,253988,18.7,18.69,2692,5177,-612,787
442,BEN,2020-10-29,0 days 15:57:00.269890,260789,18.67,18.66,6252,2993,-3330,870
443,BEN,2020-10-29,0 days 15:57:38.262331,265586,18.68,18.67,3160,4507,4803,-797
444,BEN,2020-10-29,0 days 15:57:52.263131,275044,18.69,18.68,5481,2603,-542,858
445,BEN,2020-10-29,0 days 15:57:53.262802,274186,18.69,18.68,5881,1620,858,-542
446,BEN,2020-10-29,0 days 15:58:29.264822,271860,18.69,18.68,9227,1644,-9426,2974
447,BEN,2020-10-29,0 days 15:58:54.265285,281286,18.68,18.67,7671,2688,543,-26
448,BEN,2020-10-29,0 days 15:58:55.265192,280529,18.68,18.67,8246,1950,-757,543
449,BEN,2020-10-29,0 days 15:59:14.266770,354299,18.67,18.66,6249,998,-6287,3917
450,BEN,2020-10-29,0 days 15:59:24.267110,359985,18.65,18.64,6400,1900,505,-3895
451,BEN,2020-10-29,0 days 15:59:26.267077,356177,18.65,18.64,3134,2000,-3808,5392
452,BG,2020-10-29,0 days 15:59:17.235946,231195,58.25,58.23,100,387,-2105,420
453,BG,2020-10-29,0 days 15:59:38.239019,266484,58.29,58.26,300,500,-11303,1370
454,BG,2020-10-29,0 days 15:59:39.237422,265787,58.27,58.22,600,200,1262,-11303
455,BHC,2020-10-29,0 days 15:55:00.111915,24189,16.93,16.92,2702,100,-204,1168
456,BHC,2020-10-29,0 days 15:55:03.109834,24393,16.92,16.91,3948,1400,96,-204
457,BHC,2020-10-29,0 days 15:55:04.110787,22589,16.92,16.91,3548,1000,-1804,96
458,BHC,2020-10-29,0 days 15:55:58.112633,31908,16.89,16.88,1809,2602,768,-1682
459,BHC,2020-10-29,0 days 15:55:59.113450,31476,16.89,16.88,2109,2702,-432,768
460,BHC,2020-10-29,0 days 15:56:16.113130,32183,16.88,16.87,4423,2541,907,-293
461,BHC,2020-10-29,0 days 15:57:44.115804,36390,16.88,16.87,2800,5200,-321,379
462,BHC,2020-10-29,0 days 15:57:45.115874,36011,16.88,16.87,2887,5100,379,-321
463,BHC,2020-10-29,0 days 15:59:00.123360,37194,16.87,16.86,2982,1804,-494,448
464,BHC,2020-10-29,0 days 15:59:01.121292,36888,16.87,16.86,2958,2304,306,-494
465,BHC,2020-10-29,0 days 15:59:09.123449,37194,16.87,16.86,3758,1796,-2007,306
466,BHC,2020-10-29,0 days 15:59:10.123200,37001,16.87,16.86,4758,2096,193,-2007
467,BHP,2020-10-29,0 days 15:56:09.268672,43716,48.19,48.18,4772,500,312,-988
468,BHP,2020-10-29,0 days 15:56:10.268503,42828,48.19,48.18,3557,200,-343,312
469,BHP,2020-10-29,0 days 15:58:05.264570,43571,48.18,48.17,4584,1000,139,-606
470,BHP,2020-10-29,0 days 15:58:06.264503,42344,48.18,48.17,4710,1211,-1227,139
471,BHP,2020-10-29,0 days 15:58:09.266406,43571,48.16,48.15,5237,1492,1127,-1227
472,BHP,2020-10-29,0 days 15:58:10.264567,42498,48.16,48.15,5038,1699,-1073,1127
473,BHP,2020-10-29,0 days 15:59:20.267087,43852,48.14,48.13,331,4765,2422,-490
474,BHP,2020-10-29,0 days 15:59:21.267503,43474,48.14,48.13,1008,4665,-178,2422
475,BHP,2020-10-29,0 days 15:59:33.267226,42222,48.13,48.12,5604,870,-183,1017
476,BJ,2020-10-29,0 days 15:58:04.256180,132246,39.53,39.52,500,297,-247,53
477,BJ,2020-10-29,0 days 15:58:05.256659,126993,39.49,39.47,100,120,5653,-247
478,BJ,2020-10-29,0 days 15:58:48.259300,132993,39.48,39.47,905,100,-1180,1685
479,BJ,2020-10-29,0 days 15:58:49.258165,130673,39.46,39.45,220,100,2320,-1180
480,BJ,2020-10-29,0 days 15:59:06.258348,132605,39.47,39.46,400,204,-1,421
481,BJ,2020-10-29,0 days 15:59:07.258591,128106,39.47,39.46,400,204,1333,-1
482,BJ,2020-10-29,0 days 15:59:09.259041,129839,39.47,39.46,300,201,-3577,1633
483,BJ,2020-10-29,0 days 15:59:45.260410,130404,39.47,39.43,100,153,460,-1440
484,BJ,2020-10-29,0 days 15:59:46.260687,133364,39.45,39.41,300,200,-2394,460
485,BJ,2020-10-29,0 days 15:59:47.259531,132858,39.45,39.42,400,100,406,-2394
486,BK,2020-10-29,0 days 15:55:33.112915,411810,34.46,34.45,3617,2906,15355,-112545
487,BK,2020-10-29,0 days 15:55:34.112582,401068,34.47,34.46,4543,2211,-10742,15355
488,BK,2020-10-29,0 days 15:59:10.122884,465167,34.36,34.35,7878,2923,68183,-8008
489,BK,2020-10-29,0 days 15:59:11.120743,461150,34.38,34.37,500,6526,-4762,68183
490,BK,2020-10-29,0 days 15:59:40.118193,478718,34.32,34.31,4012,5941,-6750,82
491,BK,2020-10-29,0 days 15:59:41.118310,485468,34.32,34.31,1512,9119,3750,-6750
492,BK,2020-10-29,0 days 15:59:42.118187,483918,34.34,34.33,5689,3000,-1510,3750
493,BK,2020-10-29,0 days 15:59:47.118234,487718,34.32,34.31,9500,1767,-90,2710
494,BK,2020-10-29,0 days 15:59:51.118933,493780,34.31,34.3,2296,7486,1465,-1580
495,BK,2020-10-29,0 days 15:59:52.118543,477263,34.33,34.32,8717,2700,-16562,1465
496,BKD,2020-10-29,0 days 15:59:00.257566,233802,3.0,2.98,22196,9876,-112,5939
497,BKR,2020-10-29,0 days 15:52:07.093644,491340,14.17,14.16,1041,8338,-2205,768
498,BKR,2020-10-29,0 days 15:57:10.096983,667716,14.27,14.26,6121,200,75,-825
499,BKR,2020-10-29,0 days 15:57:31.096376,656750,14.28,14.27,3502,1600,-10966,75
500,BKR,2020-10-29,0 days 15:59:04.101393,770302,14.31,14.3,5728,2711,39519,-1129
501,BKR,2020-10-29,0 days 15:59:11.100679,718821,14.26,14.25,6284,2676,-6088,3612
502,BKR,2020-10-29,0 days 15:59:13.101219,719509,14.25,14.24,4310,2800,1713,-6088
503,BKR,2020-10-29,0 days 15:59:30.104433,708016,14.22,14.21,4489,1000,29685,-7601
504,BKR,2020-10-29,0 days 15:59:39.101832,695801,14.22,14.21,3610,2300,-1115,11885
505,BKR,2020-10-29,0 days 15:59:55.106831,715857,14.26,14.25,6810,4851,-6759,2541
506,BLL,2020-10-29,0 days 15:55:31.262121,143804,89.49,89.44,453,104,-1008,4092
507,BLL,2020-10-29,0 days 15:55:32.263512,142312,89.49,89.45,653,100,1492,-1008
508,BLL,2020-10-29,0 days 15:56:53.264369,155584,89.46,89.41,100,200,-470,1630
509,BLL,2020-10-29,0 days 15:56:54.265474,153454,89.46,89.41,653,100,2130,-470
510,BLL,2020-10-29,0 days 15:58:36.252861,163755,89.44,89.4,200,435,-302,2498
511,BLL,2020-10-29,0 days 15:58:37.254983,160957,89.44,89.4,300,118,2798,-302
512,BLL,2020-10-29,0 days 15:59:03.255376,171910,89.36,89.31,500,100,-3991,5739
513,BLL,2020-10-29,0 days 15:59:04.254804,170086,89.31,89.28,153,100,1824,-3991
514,BLL,2020-10-29,0 days 15:59:07.255529,166386,89.3,89.26,253,100,1779,-1921
515,BLL,2020-10-29,0 days 15:59:10.257267,171792,89.37,89.33,205,100,-1933,5406
516,BLL,2020-10-29,0 days 15:59:11.255325,170125,89.37,89.33,425,200,1367,-1933
517,BLL,2020-10-29,0 days 15:59:17.253980,174327,89.41,89.36,100,200,-98,2002
518,BLL,2020-10-29,0 days 15:59:18.253970,172716,89.41,89.36,553,675,1611,-98
519,BLL,2020-10-29,0 days 15:59:47.256858,173953,89.34,89.29,100,368,777,-2323
520,BMO,2020-10-29,0 days 15:55:55.255072,11325,60.98,60.96,600,500,723,-689
521,BMO,2020-10-29,0 days 15:55:56.254848,11048,60.98,60.97,300,200,-277,723
522,BMO,2020-10-29,0 days 15:59:07.261535,11115,60.98,60.96,100,856,114,-120
523,BMO,2020-10-29,0 days 15:59:08.261878,9629,60.98,60.96,200,856,-85,114
524,BMO,2020-10-29,0 days 15:59:10.264864,9714,60.98,60.96,200,100,555,-85
525,BMY,2020-10-29,0 days 15:56:25.268171,699618,58.12,58.11,1987,600,13826,-51378
526,BMY,2020-10-29,0 days 15:56:26.268305,689044,58.13,58.12,1200,1285,-10574,13826
527,BMY,2020-10-29,0 days 15:58:06.264373,745945,58.1,58.09,1200,2336,17414,-8004
528,BMY,2020-10-29,0 days 15:58:07.264642,732059,58.1,58.09,1200,3638,-13886,17414
529,BMY,2020-10-29,0 days 15:58:37.267275,734566,58.02,58.01,2161,200,2206,-2469
530,BMY,2020-10-29,0 days 15:58:38.264873,726472,58.03,58.02,666,2700,-8094,2206
531,BMY,2020-10-29,0 days 15:59:00.268742,724766,58.0,57.99,400,2071,3741,-6552
532,BMY,2020-10-29,0 days 15:59:07.266735,722056,58.0,57.99,900,2672,-304,642
533,BMY,2020-10-29,0 days 15:59:20.267007,749616,58.04,58.03,1085,1329,38634,-9122
534,BMY,2020-10-29,0 days 15:59:21.267457,746789,58.05,58.04,785,1813,-4027,38634
535,BMY,2020-10-29,0 days 15:59:27.266934,745889,58.02,58.01,200,3200,-2443,1757
536,BMY,2020-10-29,0 days 15:59:32.267410,738694,58.0,57.99,1400,824,-10679,1262
537,BMY,2020-10-29,0 days 15:59:44.269883,748712,57.98,57.97,1109,1164,272,-15
538,BMY,2020-10-29,0 days 15:59:48.269760,744662,57.97,57.95,4421,2500,-3839,7582
539,BMY,2020-10-29,0 days 15:59:49.268552,748601,57.96,57.95,500,2100,8148,-3839
540,BMY,2020-10-29,0 days 15:59:52.268246,748249,57.98,57.97,1600,400,-352,9448
541,BOX,2020-10-29,0 days 15:55:01.256473,142755,16.11,16.1,4136,700,-1775,125
542,BOX,2020-10-29,0 days 15:56:55.260180,144824,16.1,16.09,2897,2244,706,-1099
543,BOX,2020-10-29,0 days 15:56:56.259869,143330,16.1,16.09,3097,1944,-2808,706
544,BOX,2020-10-29,0 days 15:58:34.256996,160954,16.1,16.09,3040,854,3093,-1507
545,BOX,2020-10-29,0 days 15:58:35.256734,158747,16.1,16.09,3240,445,-2207,3093
546,BOX,2020-10-29,0 days 15:59:32.258173,163054,16.1,16.09,5043,1102,969,-722
547,BOX,2020-10-29,0 days 15:59:33.258488,162223,16.1,16.09,1879,2887,-831,969
548,BOX,2020-10-29,0 days 15:59:46.260574,163154,16.11,16.1,4200,190,926,-264
549,BOX,2020-10-29,0 days 15:59:48.259474,162280,16.11,16.1,4200,1076,-874,926
550,BP,2020-10-29,0 days 15:57:06.220723,197097,15.27,15.26,108184,38761,-381,8969
551,BP,2020-10-29,0 days 15:57:09.221609,211478,15.27,15.26,64809,54361,9719,-381
552,BP,2020-10-29,0 days 15:59:09.227686,222386,15.27,15.26,86657,37877,-10723,8341
553,BP,2020-10-29,0 days 15:59:10.228626,214909,15.27,15.26,79354,44094,7477,-10723
554,BP,2020-10-29,0 days 15:59:46.222845,233896,15.26,15.25,112293,45635,-10344,2980
555,BP,2020-10-29,0 days 15:59:47.222885,228040,15.26,15.25,112293,40350,5856,-10344
556,BRFS,2020-10-29,0 days 15:59:36.221705,44013,2.98,2.97,71350,245552,22853,-26947
557,BRFS,2020-10-29,0 days 15:59:37.221185,42566,2.98,2.97,71350,245552,-1447,22853
558,BRK.B,2020-10-29,0 days 15:58:29.259265,676864,201.63,201.57,100,200,47890,-1832
559,BRK.B,2020-10-29,0 days 15:58:48.260019,661828,201.66,201.58,100,659,-16142,34435
560,BRK.B,2020-10-29,0 days 15:58:52.260066,676815,201.6,201.57,100,100,39291,-15663
561,BRX,2020-10-29,0 days 15:59:01.266943,207594,11.04,11.03,3959,9196,-3120,6819
562,BRX,2020-10-29,0 days 15:59:02.267876,201814,11.04,11.03,4359,8684,5780,-3120
563,BRX,2020-10-29,0 days 15:59:10.271038,208684,11.03,11.02,5624,5912,-58293,6248
564,BRX,2020-10-29,0 days 15:59:11.266717,205030,11.03,11.02,5343,5908,3654,-58293
565,BRX,2020-10-29,0 days 15:59:45.269244,221414,11.02,11.01,2400,8701,-8542,1458
566,BRX,2020-10-29,0 days 15:59:46.269871,219292,11.02,11.01,5540,4888,4299,-8542
567,BSX,2020-10-29,0 days 15:59:23.256506,2077851,33.6,33.59,10444,1943,-200840,325111
568,BSX,2020-10-29,0 days 15:59:41.258093,2258008,33.54,33.53,4400,2200,-4454,15346
569,BSX,2020-10-29,0 days 15:59:43.257320,2265654,33.54,33.53,5586,500,13167,-4654
570,BSX,2020-10-29,0 days 15:59:44.258423,2261101,33.54,33.53,4982,500,-8144,13167
571,BSX,2020-10-29,0 days 15:59:45.258448,2269245,33.53,33.52,6054,1700,53547,-8144
572,BSX,2020-10-29,0 days 15:59:47.257123,2281344,33.55,33.54,1968,3600,-60272,18601
573,BSX,2020-10-29,0 days 15:59:48.257684,2338524,33.53,33.52,7300,1017,10020,-60272
574,BTI,2020-10-29,0 days 15:55:35.217848,22127,32.41,32.4,300,5194,233,-447
575,BTI,2020-10-29,0 days 15:55:36.217904,21660,32.41,32.4,2800,4309,-467,233
576,BTI,2020-10-29,0 days 15:55:52.218554,22127,32.41,32.4,3400,3310,2233,-467
577,BTI,2020-10-29,0 days 15:55:53.218151,21660,32.41,32.4,4400,1969,-467,2233
578,BTI,2020-10-29,0 days 15:56:15.219532,22127,32.38,32.37,4500,703,733,-467
579,BTI,2020-10-29,0 days 15:56:16.223666,21760,32.38,32.37,4300,2462,-367,733
580,BTI,2020-10-29,0 days 15:56:43.219810,22127,32.38,32.37,1000,3803,333,-367
581,BTI,2020-10-29,0 days 15:56:44.219388,21760,32.38,32.37,3100,3362,-367,333
582,BTI,2020-10-29,0 days 15:56:56.220337,22127,32.38,32.37,3700,2903,850,-367
583,BTI,2020-10-29,0 days 15:56:57.220153,20677,32.38,32.37,3600,2803,-1450,850
584,BTI,2020-10-29,0 days 15:58:08.224075,20977,32.36,32.35,4300,2101,-1350,450
585,BTI,2020-10-29,0 days 15:58:12.224114,22327,32.35,32.34,3900,1700,1231,-650
586,BTI,2020-10-29,0 days 15:58:48.225511,25458,32.33,32.32,1300,3300,-297,1231
587,BTI,2020-10-29,0 days 15:59:01.227468,25755,32.33,32.32,1299,3100,1503,-2097
588,BTI,2020-10-29,0 days 15:59:02.227118,25369,32.33,32.32,400,3700,-386,1503
589,BTI,2020-10-29,0 days 15:59:59.220271,27076,32.33,32.3,3200,2600,-347,453
590,BUD,2020-10-29,0 days 15:50:26.092261,15646,53.55,53.48,618,600,53,-247
591,BUD,2020-10-29,0 days 15:52:22.094318,15699,53.55,53.49,100,383,-247,53
592,BUD,2020-10-29,0 days 15:54:27.092290,15646,53.55,53.5,100,100,53,-1147
593,BUD,2020-10-29,0 days 15:54:45.089206,15699,53.53,53.48,200,200,-247,53
594,BUD,2020-10-29,0 days 15:54:48.088683,15646,53.52,53.47,200,550,53,-247
595,BUD,2020-10-29,0 days 15:55:00.094472,16631,53.52,53.47,200,450,-554,53
596,BUD,2020-10-29,0 days 15:55:08.094205,16985,53.47,53.43,200,100,133,-54
597,BUD,2020-10-29,0 days 15:55:09.093990,16818,53.47,53.42,200,800,-167,133
598,BUD,2020-10-29,0 days 15:55:20.095011,16985,53.47,53.42,1300,571,133,-54
599,BUD,2020-10-29,0 days 15:55:21.094049,16818,53.46,53.42,400,914,-167,133
600,BUD,2020-10-29,0 days 15:55:24.093939,16985,53.46,53.43,601,100,33,-167
601,BUD,2020-10-29,0 days 15:56:12.095416,18706,53.44,53.41,100,100,-2409,385
602,BUD,2020-10-29,0 days 15:56:13.095246,18515,53.44,53.41,100,100,191,-2409
603,BUD,2020-10-29,0 days 15:57:09.097788,18706,53.48,53.4,1300,708,-2410,384
604,BUD,2020-10-29,0 days 15:57:10.097053,18516,53.45,53.4,100,667,190,-2410
605,BUD,2020-10-29,0 days 15:57:18.096943,25619,53.49,53.45,700,100,-397,603
606,BUD,2020-10-29,0 days 15:57:19.097656,24816,53.49,53.45,700,100,803,-397
607,BUD,2020-10-29,0 days 15:57:24.096107,26861,53.49,53.45,500,100,-655,872
608,BUD,2020-10-29,0 days 15:57:25.096471,26016,53.49,53.45,500,100,1665,-655
609,BUD,2020-10-29,0 days 15:57:51.096694,22381,53.5,53.47,500,108,-735,1665
610,BUD,2020-10-29,0 days 15:57:52.096766,22016,53.5,53.47,500,108,365,-735
611,BUD,2020-10-29,0 days 15:58:05.103587,22381,53.46,53.43,400,100,-135,465
612,BUD,2020-10-29,0 days 15:58:06.098862,21916,53.46,53.4,500,200,510,-135
613,BUD,2020-10-29,0 days 15:58:40.100205,30058,53.43,53.36,200,100,-1286,1053
614,BUD,2020-10-29,0 days 15:59:04.101557,26974,53.42,53.36,239,200,-4281,1364
615,BUD,2020-10-29,0 days 15:59:06.100675,24155,53.41,53.36,200,900,580,-1620
616,BUD,2020-10-29,0 days 15:59:17.099751,31294,53.43,53.39,811,900,-1212,4427
617,BUD,2020-10-29,0 days 15:59:18.100621,30206,53.42,53.35,582,600,3327,-1212
618,BUD,2020-10-29,0 days 15:59:47.101546,35868,53.35,53.27,100,100,-987,1063
619,BUD,2020-10-29,0 days 15:59:48.102821,35255,53.35,53.27,100,100,813,-987
620,BWA,2020-10-29,0 days 15:55:00.110486,240623,35.66,35.65,600,145,-4020,52079
621,BWA,2020-10-29,0 days 15:59:10.122757,279782,35.56,35.55,902,1258,-10398,1263
622,BWA,2020-10-29,0 days 15:59:21.117735,286941,35.55,35.54,300,270,-3839,24
623,BWA,2020-10-29,0 days 15:59:24.116832,288141,35.52,35.51,200,500,-589,3411
624,BWA,2020-10-29,0 days 15:59:49.118829,305500,35.47,35.46,266,200,-2551,4007
625,BWA,2020-10-29,0 days 15:59:50.124832,299651,35.46,35.45,500,308,9130,-2551
626,BX,2020-10-29,0 days 15:57:32.256230,137524,51.11,51.1,200,500,652,-429
627,BX,2020-10-29,0 days 15:57:33.255970,134476,51.11,51.1,200,1000,-3048,652
628,BX,2020-10-29,0 days 15:57:59.258040,137457,51.09,51.08,400,100,-1967,252
629,BX,2020-10-29,0 days 15:58:55.260418,138833,51.06,51.04,500,415,-1625,384
630,BX,2020-10-29,0 days 15:59:20.258608,142353,51.05,51.04,200,308,1779,-1157
631,BX,2020-10-29,0 days 15:59:21.258407,140432,51.05,51.04,300,200,-1921,1779
632,BX,2020-10-29,0 days 15:59:28.258979,139628,51.02,51.01,200,100,-825,2411
633,BXP,2020-10-29,0 days 15:55:00.256509,88745,71.87,71.83,500,100,384,-3417
634,BXP,2020-10-29,0 days 15:55:01.256274,86567,71.86,71.81,312,300,-2178,384
635,BXP,2020-10-29,0 days 15:59:10.259039,100926,71.78,71.75,152,100,2509,-944
636,BXP,2020-10-29,0 days 15:59:11.258075,98981,71.87,71.79,200,100,-1946,2509
637,BXP,2020-10-29,0 days 15:59:20.258015,100926,71.82,71.74,286,950,2,-852
638,BXP,2020-10-29,0 days 15:59:37.258799,100013,71.74,71.67,400,200,-928,4272
639,BXP,2020-10-29,0 days 15:59:46.260332,100941,71.71,71.67,422,100,1423,-521
640,BXP,2020-10-29,0 days 15:59:47.259259,100564,71.7,71.66,400,300,-377,1423
641,BXP,2020-10-29,0 days 16:00:00.258261,100941,71.72,71.56,146,300,877,-977
642,BYD,2020-10-29,0 days 15:56:55.264894,96729,31.47,31.46,280,600,-920,1309
643,BYD,2020-10-29,0 days 15:56:56.264622,94449,31.47,31.45,537,300,2280,-920
644,BYD,2020-10-29,0 days 15:57:10.267060,96729,31.47,31.46,100,100,-90,1110
645,BYD,2020-10-29,0 days 15:57:16.267033,94719,31.46,31.44,200,518,2010,-190
646,BYD,2020-10-29,0 days 15:58:09.255741,96754,31.45,31.42,857,100,1165,-271
647,BYD,2020-10-29,0 days 15:58:29.252506,98119,31.43,31.42,900,700,-1935,1165
648,BYD,2020-10-29,0 days 15:58:30.253180,96554,31.43,31.42,1200,500,1365,-1935
649,BYD,2020-10-29,0 days 15:59:15.255278,94447,31.47,31.4,700,300,-5539,2494
650,BYD,2020-10-29,0 days 15:59:16.254319,92372,31.41,31.39,654,300,2075,-5539
651,BYD,2020-10-29,0 days 15:59:41.256917,104624,31.38,31.37,500,200,-10743,1857
652,BYD,2020-10-29,0 days 15:59:42.259448,103867,31.38,31.37,300,200,657,-10743
653,BYD,2020-10-29,0 days 15:59:43.256139,104524,31.38,31.37,300,100,-1626,657
654,BYD,2020-10-29,0 days 15:59:44.257132,103550,31.38,31.37,500,100,974,-1626
655,C,2020-10-29,0 days 15:55:00.256663,706945,41.78,41.77,5204,4679,379,-3215
656,C,2020-10-29,0 days 15:55:01.256376,705324,41.78,41.77,6447,1028,-1621,379
657,C,2020-10-29,0 days 15:55:26.259538,707480,41.75,41.74,5400,5517,463,-137
658,C,2020-10-29,0 days 15:55:28.259540,704943,41.76,41.75,5416,3501,-1294,406
659,C,2020-10-29,0 days 15:55:32.259975,707642,41.76,41.75,2717,7201,9201,-2609
660,C,2020-10-29,0 days 15:55:33.259798,706439,41.76,41.75,1856,9733,-1203,9201
661,C,2020-10-29,0 days 15:56:10.259628,706277,41.71,41.7,1400,6534,909,-493
662,C,2020-10-29,0 days 15:56:11.258488,705286,41.71,41.7,2527,5301,-991,909
663,C,2020-10-29,0 days 15:56:13.258373,706277,41.71,41.7,4356,4704,2411,-991
664,C,2020-10-29,0 days 15:56:14.258040,705588,41.71,41.7,6256,2500,-689,2411
665,C,2020-10-29,0 days 15:57:02.259620,709681,41.72,41.71,1505,5600,6607,-91
666,C,2020-10-29,0 days 15:57:19.260063,709903,41.75,41.74,5200,5390,17167,-233
667,C,2020-10-29,0 days 15:57:45.254243,733088,41.79,41.78,8251,2600,-569,4431
668,C,2020-10-29,0 days 15:57:57.254587,734688,41.77,41.76,4110,4000,-1769,2231
669,C,2020-10-29,0 days 15:57:58.254689,732757,41.77,41.76,6250,2101,1931,-1769
670,C,2020-10-29,0 days 15:58:02.255568,726261,41.76,41.75,5893,2053,-15145,12352
671,C,2020-10-29,0 days 15:58:03.255368,724984,41.73,41.72,3900,6500,3612,-15145
672,C,2020-10-29,0 days 15:58:07.257284,728596,41.73,41.72,20000,2500,-2388,1312
673,C,2020-10-29,0 days 15:58:08.255909,727184,41.72,41.71,5000,3801,1412,-2388
674,C,2020-10-29,0 days 15:58:20.256259,728596,41.74,41.73,6100,1488,-2475,625
675,C,2020-10-29,0 days 15:58:21.255776,727271,41.73,41.72,2600,5800,1325,-2475
676,C,2020-10-29,0 days 15:58:25.256095,728596,41.74,41.73,4563,4100,-2575,6425
677,C,2020-10-29,0 days 15:58:26.256181,725571,41.73,41.72,4400,5247,3025,-2575
678,C,2020-10-29,0 days 15:58:29.256140,728596,41.74,41.73,7863,1100,-3275,1325
679,C,2020-10-29,0 days 15:58:30.256707,727671,41.73,41.72,9600,3071,925,-3275
680,C,2020-10-29,0 days 15:59:10.259595,743384,41.73,41.72,915,7574,-19810,3168
681,C,2020-10-29,0 days 15:59:11.258169,741894,41.74,41.73,2400,5700,3490,-19810
682,C,2020-10-29,0 days 15:59:35.258465,872822,41.69,41.68,5100,9700,-4199,25083
683,C,2020-10-29,0 days 15:59:41.259608,878172,41.68,41.67,6900,7700,16747,-5783
684,CAG,2020-10-29,0 days 15:58:18.118766,228499,35.55,35.54,1902,400,2876,-725
685,CAG,2020-10-29,0 days 15:58:19.118794,225775,35.57,35.56,1000,500,-2724,2876
686,CARR,2020-10-29,0 days 15:59:47.258996,1088187,34.01,33.97,367,300,7185,-17470
687,CARR,2020-10-29,0 days 15:59:48.259737,1083642,34.02,33.97,200,300,-4545,7185
688,CAT,2020-10-29,0 days 15:57:39.257048,294104,154.7,154.62,100,100,1367,-1033
689,CAT,2020-10-29,0 days 15:57:40.256973,293171,154.72,154.68,186,100,-933,1367
690,CAT,2020-10-29,0 days 15:57:43.256810,294104,154.71,154.66,100,100,67,-933
691,CAT,2020-10-29,0 days 15:57:44.256761,290171,154.71,154.66,200,300,-3887,67
692,CAT,2020-10-29,0 days 15:57:48.257036,294272,154.73,154.68,167,300,99,-1101
693,CAT,2020-10-29,0 days 15:57:49.257598,293771,154.78,154.73,100,400,-570,99
694,CAT,2020-10-29,0 days 15:58:10.258628,294157,154.73,154.62,100,100,1234,-3765
695,CAT,2020-10-29,0 days 15:58:11.259878,291691,154.71,154.65,100,100,-2466,1234
696,CAT,2020-10-29,0 days 15:58:34.260068,296857,154.68,154.6,200,163,2834,-1180
697,CAT,2020-10-29,0 days 15:58:35.259606,292475,154.69,154.6,100,363,-4428,2834
698,CAT,2020-10-29,0 days 15:58:49.259773,296857,154.68,154.61,200,100,146,-3800
699,CAT,2020-10-29,0 days 15:58:50.260139,294703,154.7,154.65,100,200,-2085,146
700,CAT,2020-10-29,0 days 15:59:01.261917,297103,154.69,154.65,159,155,871,-1883
701,CAT,2020-10-29,0 days 15:59:02.262224,293374,154.69,154.65,522,167,-3775,871
702,CAT,2020-10-29,0 days 15:59:07.261649,298513,154.65,154.6,300,163,1935,-541
703,CAT,2020-10-29,0 days 15:59:08.261944,295648,154.66,154.61,717,200,-2934,1935
704,CAT,2020-10-29,0 days 15:59:13.262552,298651,154.71,154.6,200,255,2197,-1817
705,CAT,2020-10-29,0 days 15:59:14.261486,297148,154.71,154.61,350,300,-1503,2197
706,CAT,2020-10-29,0 days 15:59:15.259142,298651,154.71,154.61,350,100,71517,-1503
707,CAT,2020-10-29,0 days 15:59:42.260726,350810,154.82,154.64,922,100,-3228,4233
708,CB,2020-10-29,0 days 15:57:39.262737,202254,133.26,133.21,328,521,675,-125
709,CB,2020-10-29,0 days 15:57:40.262374,197929,133.26,133.22,200,100,-4325,675
710,CB,2020-10-29,0 days 15:57:46.263195,202254,133.36,133.3,100,500,6175,-2525
711,CB,2020-10-29,0 days 15:58:02.264046,203000,133.44,133.41,200,522,-264,1681
712,CB,2020-10-29,0 days 15:58:06.264373,203301,133.39,133.32,100,208,3731,-301
713,CB,2020-10-29,0 days 15:59:15.267330,211043,133.34,133.23,194,200,-378,3520
714,CB,2020-10-29,0 days 15:59:30.270235,212057,133.23,133.12,100,930,-401,3070
715,CB,2020-10-29,0 days 15:59:31.267920,212458,133.25,133.11,100,200,299,-401
716,CCJ,2020-10-29,0 days 15:56:02.235922,42745,9.59,9.58,3089,13291,696,-1492
717,CCJ,2020-10-29,0 days 15:56:03.235886,41541,9.59,9.58,3000,13291,-1204,696
718,CCJ,2020-10-29,0 days 15:58:28.239266,46531,9.59,9.58,17698,1475,272,-933
719,CCJ,2020-10-29,0 days 15:58:29.238992,45603,9.59,9.58,13468,4875,-128,272
720,CCJ,2020-10-29,0 days 15:59:01.241471,45886,9.58,9.57,1172,18735,648,-7797
721,CCJ,2020-10-29,0 days 15:59:02.241256,45411,9.58,9.57,1272,17335,-475,648
722,CCJ,2020-10-29,0 days 15:59:36.241039,45898,9.58,9.57,7207,17689,2061,-2639
723,CCJ,2020-10-29,0 days 15:59:37.241064,45659,9.58,9.57,4207,17589,-239,2061
724,CCJ,2020-10-29,0 days 15:59:39.242035,45898,9.58,9.57,8194,16910,2261,-239
725,CCJ,2020-10-29,0 days 15:59:40.243703,45659,9.58,9.57,3594,17110,-239,2261
726,CCL,2020-10-29,0 days 15:58:16.252369,389136,13.03,13.02,40377,2508,15506,-18
727,CCL,2020-10-29,0 days 15:59:01.255334,378640,13.02,13.01,63382,1717,-8763,22106
728,CCL,2020-10-29,0 days 15:59:10.257123,385350,13.01,13.0,40064,3104,14463,-2361
729,CF,2020-10-29,0 days 15:59:32.255865,237246,26.79,26.78,1782,133,3862,-29166
730,CF,2020-10-29,0 days 15:59:39.255819,237246,26.79,26.78,1218,1201,11066,-20138
731,CF,2020-10-29,0 days 15:59:41.256686,223512,26.81,26.8,687,400,-13734,966
732,CF,2020-10-29,0 days 15:59:46.257242,237246,26.81,26.79,1786,1000,3396,-7678
733,CF,2020-10-29,0 days 15:59:47.256572,230488,26.81,26.8,1098,1122,-6758,3396
734,CF,2020-10-29,0 days 15:59:50.261834,237246,26.81,26.8,1698,203,1063,-6758
735,CFG,2020-10-29,0 days 15:59:23.255107,1144984,26.8,26.79,10059,3088,-36346,397268
736,CFG,2020-10-29,0 days 15:59:28.255344,1161692,26.74,26.73,5200,700,2719,-7765
737,CFG,2020-10-29,0 days 15:59:30.260360,1178811,26.73,26.71,7129,1600,-30110,4919
738,CFG,2020-10-29,0 days 15:59:45.259275,1209164,26.73,26.72,5599,1000,24571,-755
739,CFG,2020-10-29,0 days 15:59:47.256858,1232862,26.73,26.72,4484,784,-753,48357
740,CFG,2020-10-29,0 days 15:59:48.257238,1233615,26.73,26.72,1199,3384,3072,-753
741,CFG,2020-10-29,0 days 15:59:57.256432,1258673,26.72,26.71,1321,1200,-22652,6199
742,CGC,2020-10-29,0 days 15:56:54.259772,41531,18.77,18.76,823,807,-93,2107
743,CGC,2020-10-29,0 days 15:57:03.259960,39571,18.76,18.75,673,1807,1960,-340
744,CHGG,2020-10-29,0 days 15:59:09.242012,70669,75.01,74.93,392,200,-10532,839
745,CHS,2020-10-29,0 days 15:55:00.094095,38929,1.07,1.06,34404,15371,-13315,15284
746,CI,2020-10-29,0 days 15:55:00.253443,135343,164.35,164.21,500,147,822,-21531
747,CI,2020-10-29,0 days 15:55:01.252419,132865,164.35,164.13,100,300,-2478,822
748,CI,2020-10-29,0 days 15:55:42.255704,136577,163.84,163.7,300,100,322,-740
749,CI,2020-10-29,0 days 15:55:43.254905,134399,163.84,163.7,358,100,-2178,322
750,CI,2020-10-29,0 days 15:56:15.255344,144087,163.49,163.34,100,100,3513,-787
751,CI,2020-10-29,0 days 15:56:16.258527,141578,163.48,163.34,100,100,-2509,3513
752,CI,2020-10-29,0 days 15:57:39.257063,144368,163.61,163.51,100,100,1482,-418
753,CI,2020-10-29,0 days 15:57:40.256987,142950,163.61,163.51,100,100,-1418,1482
754,CI,2020-10-29,0 days 15:58:09.260805,150575,163.72,163.59,372,100,1077,-1297
755,CI,2020-10-29,0 days 15:58:10.258670,148552,163.72,163.59,303,100,-2023,1077
756,CI,2020-10-29,0 days 15:58:58.262052,151571,163.55,163.44,100,100,664,-3352
757,CI,2020-10-29,0 days 15:58:59.260927,150035,163.53,163.44,100,210,-1536,664
758,CI,2020-10-29,0 days 15:59:09.261832,152368,163.6,163.42,100,101,8912,-1832
759,CI,2020-10-29,0 days 15:59:10.265155,152110,163.68,163.45,100,655,-258,8912
760,CI,2020-10-29,0 days 15:59:15.259163,160585,163.53,163.45,115,400,1025,-985
761,CI,2020-10-29,0 days 15:59:21.258380,158606,163.68,163.47,100,100,-1985,41
762,CI,2020-10-29,0 days 15:59:23.258618,160585,163.58,163.45,100,500,2708,-869
763,CI,2020-10-29,0 days 15:59:24.258952,159893,163.58,163.45,100,500,-692,2708
764,CI,2020-10-29,0 days 15:59:29.258938,160585,163.58,163.37,100,200,808,-759
765,CI,2020-10-29,0 days 15:59:32.258622,160360,163.58,163.44,100,108,-225,575
766,CI,2020-10-29,0 days 15:59:39.259347,160585,163.41,163.28,200,200,8361,-225
767,CI,2020-10-29,0 days 15:59:44.260094,161785,163.5,163.36,200,200,8761,-625
768,CI,2020-10-29,0 days 15:59:55.260748,157916,163.47,163.23,100,100,-5462,7418
769,CIG,2020-10-29,0 days 15:59:36.241688,119427,1.86,1.85,79024,249570,-36528,56425
770,CIM,2020-10-29,0 days 15:59:40.259973,129950,8.45,8.44,31404,8661,-2286,514
771,CIM,2020-10-29,0 days 15:59:48.259469,128583,8.45,8.44,17720,22299,2432,-668
772,CL,2020-10-29,0 days 15:59:06.243240,429555,76.84,76.83,344,300,3517,-683
773,CL,2020-10-29,0 days 15:59:07.243382,424572,76.86,76.84,300,1900,-5069,3517
774,CL,2020-10-29,0 days 15:59:26.236520,459520,76.89,76.84,600,1300,6596,-5061
775,CL,2020-10-29,0 days 15:59:27.236546,452416,76.91,76.88,1500,400,-17361,6596
776,CL,2020-10-29,0 days 15:59:35.237501,462428,76.89,76.84,1100,400,7464,-4193
777,CL,2020-10-29,0 days 15:59:36.237407,458392,76.88,76.84,400,800,-4036,7464
778,CL,2020-10-29,0 days 15:59:46.238931,458342,76.81,76.77,400,100,-3382,7602
779,CLDR,2020-10-29,0 days 15:59:07.243465,220855,9.91,9.9,4914,5143,8582,-2630
780,CLDR,2020-10-29,0 days 15:59:08.243493,217437,9.91,9.9,4729,4743,-518,8582
781,CLDR,2020-10-29,0 days 15:59:10.244537,220855,9.91,9.9,4710,7350,1288,-518
782,CLDR,2020-10-29,0 days 15:59:14.242518,222143,9.91,9.9,4398,7850,-652,1288
783,CLDR,2020-10-29,0 days 15:59:36.237520,219897,9.9,9.89,10743,8209,477,-223
784,CLDR,2020-10-29,0 days 15:59:42.242358,200574,9.9,9.89,3829,6668,-19323,477
785,CLDR,2020-10-29,0 days 15:59:46.239057,219897,9.9,9.89,10738,1700,1317,-1723
786,CLF,2020-10-29,0 days 15:57:26.221026,233208,8.32,8.31,19498,16689,-6065,6372
787,CLF,2020-10-29,0 days 15:57:27.221368,230373,8.32,8.31,18198,16663,2835,-6065
788,CLF,2020-10-29,0 days 15:59:09.227932,259016,8.31,8.3,23376,15900,-16315,3765
789,CLF,2020-10-29,0 days 15:59:10.228794,256431,8.31,8.3,8207,26045,2585,-16315
790,CLGX,2020-10-29,0 days 15:56:05.095260,32658,76.94,76.83,595,689,-359,241
791,CLGX,2020-10-29,0 days 15:56:06.095474,32217,76.94,76.83,695,689,441,-359
792,CLGX,2020-10-29,0 days 15:56:13.095201,33458,76.9,76.82,395,100,-259,510
793,CLGX,2020-10-29,0 days 15:56:14.095136,33217,76.9,76.82,395,100,241,-259
794,CLGX,2020-10-29,0 days 15:56:37.095788,34161,77.0,76.91,251,100,-256,344
795,CLGX,2020-10-29,0 days 15:56:38.095857,33917,77.0,76.92,251,100,244,-256
796,CLGX,2020-10-29,0 days 15:57:06.096464,34839,77.05,76.99,100,300,-509,291
797,CLGX,2020-10-29,0 days 15:57:53.096369,38648,76.98,76.88,200,400,310,-590
798,CLGX,2020-10-29,0 days 15:57:54.097252,38158,76.98,76.88,100,300,-490,310
799,CLGX,2020-10-29,0 days 15:58:00.099176,38848,76.97,76.88,440,500,107,-593
800,CLGX,2020-10-29,0 days 15:58:01.097621,38135,76.96,76.88,300,400,-813,107
801,CLGX,2020-10-29,0 days 15:58:03.097817,38948,76.95,76.88,400,200,575,-718
802,CLGX,2020-10-29,0 days 15:58:04.097793,38323,76.93,76.88,200,200,-625,575
803,CLGX,2020-10-29,0 days 15:58:07.098935,37523,76.91,76.86,102,100,-1125,275
804,CLGX,2020-10-29,0 days 15:58:11.098127,38648,76.88,76.84,102,100,75,-525
805,CLGX,2020-10-29,0 days 15:58:12.099401,38123,76.88,76.84,100,100,-525,75
806,CLGX,2020-10-29,0 days 15:58:16.098068,38648,76.85,76.8,175,100,180,-520
807,CLGX,2020-10-29,0 days 15:58:17.098387,38128,76.91,76.84,300,467,-520,180
808,CLGX,2020-10-29,0 days 15:58:18.099706,38648,76.91,76.83,500,500,180,-520
809,CLGX,2020-10-29,0 days 15:58:19.097986,38128,76.91,76.84,500,300,-520,180
810,CLGX,2020-10-29,0 days 15:58:29.098507,38648,76.91,76.85,100,100,780,-520
811,CLGX,2020-10-29,0 days 15:58:30.100858,37628,76.97,76.88,100,440,-1320,780
812,CLGX,2020-10-29,0 days 15:58:35.099394,39190,76.89,76.83,100,320,172,-186
813,CLGX,2020-10-29,0 days 15:58:36.099186,38862,76.89,76.83,100,320,-328,172
814,CLGX,2020-10-29,0 days 15:59:39.101832,48795,76.77,76.66,700,100,101,-99
815,CLGX,2020-10-29,0 days 15:59:48.102568,48389,76.81,76.66,300,300,-406,1494
816,CLNY,2020-10-29,0 days 15:55:41.094435,290822,3.67,3.66,40323,22600,-26275,1025
817,CLNY,2020-10-29,0 days 15:58:12.099326,374985,3.66,3.65,41946,26191,5924,-64863
818,CLNY,2020-10-29,0 days 15:58:13.097551,370009,3.66,3.65,41646,26191,-4976,5924
819,CLNY,2020-10-29,0 days 15:59:06.100465,394237,3.66,3.65,43493,35764,7368,-6032
820,CLNY,2020-10-29,0 days 15:59:07.100867,390005,3.66,3.65,43893,35564,-4232,7368
821,CLNY,2020-10-29,0 days 15:59:19.099690,396487,3.66,3.65,42980,28928,8442,-6482
822,CLR,2020-10-29,0 days 15:55:01.093800,160058,12.38,12.37,749,4848,-1648,2652
823,CLR,2020-10-29,0 days 15:55:21.093912,156458,12.37,12.36,816,2800,-2541,1059
824,CLR,2020-10-29,0 days 15:57:47.096684,168780,12.35,12.34,200,3673,271,-329
825,CLR,2020-10-29,0 days 15:57:48.096292,168051,12.35,12.34,200,3415,-729,271
826,CLR,2020-10-29,0 days 15:58:07.098845,167235,12.32,12.31,1905,756,-971,2329
827,CLR,2020-10-29,0 days 15:58:23.098357,168106,12.33,12.32,1250,400,192,-408
828,CLR,2020-10-29,0 days 15:58:24.098506,167498,12.33,12.32,1350,1300,-608,192
829,CLR,2020-10-29,0 days 15:58:26.098861,168106,12.33,12.32,1550,1500,592,-608
830,CLR,2020-10-29,0 days 15:58:29.098470,168106,12.33,12.32,967,2162,1722,-278
831,CLR,2020-10-29,0 days 15:58:31.098844,167928,12.33,12.32,1063,2560,-178,822
832,CLR,2020-10-29,0 days 15:58:48.099713,165228,12.32,12.31,1566,401,-11524,676
833,CLR,2020-10-29,0 days 15:59:34.100571,192852,12.31,12.3,3489,1800,-1119,1281
834,CLR,2020-10-29,0 days 15:59:40.102728,181271,12.32,12.31,505,4213,181,-10319
835,CLR,2020-10-29,0 days 15:59:47.101237,181952,12.32,12.31,300,2399,-2916,481
836,CLR,2020-10-29,0 days 15:59:51.102609,181652,12.32,12.31,2023,100,-1416,9327
837,CMS,2020-10-29,0 days 15:59:28.237163,256912,63.58,63.54,300,500,420,-1250
838,CMS,2020-10-29,0 days 15:59:32.238594,250553,63.6,63.56,200,721,-6359,420
839,CNC,2020-10-29,0 days 15:55:00.260345,282529,58.75,58.73,261,100,279,-48758
840,CNC,2020-10-29,0 days 15:55:21.260969,278012,58.69,58.67,400,200,-4981,530
841,CNC,2020-10-29,0 days 15:56:08.263399,333274,58.52,58.5,210,300,5791,-7509
842,CNC,2020-10-29,0 days 15:56:09.263853,325465,58.52,58.5,300,278,-11005,5791
843,CNC,2020-10-29,0 days 15:57:38.250088,339079,58.6,58.59,600,900,6149,-1051
844,CNC,2020-10-29,0 days 15:57:39.249727,334628,58.6,58.59,200,1200,-4451,6149
845,CNC,2020-10-29,0 days 15:57:44.249812,333928,58.61,58.6,648,600,-5151,2249
846,CNC,2020-10-29,0 days 15:58:06.252410,341317,58.59,58.55,204,200,3934,-3104
847,CNC,2020-10-29,0 days 15:58:07.253019,336251,58.6,58.58,2010,584,-5066,3934
848,CNC,2020-10-29,0 days 15:58:15.252332,341317,58.57,58.51,319,1700,407,-393
849,CNC,2020-10-29,0 days 15:58:16.252322,337324,58.57,58.54,1119,300,-3993,407
850,CNC,2020-10-29,0 days 15:59:08.254693,344032,58.48,58.46,100,500,280,-3242
851,CNC,2020-10-29,0 days 15:59:09.255192,344312,58.48,58.47,300,100,-7889,280
852,CNC,2020-10-29,0 days 15:59:34.255133,563915,58.45,58.42,100,551,-24875,28163
853,CNC,2020-10-29,0 days 15:59:40.256716,593386,58.44,58.4,200,200,3630,-4770
854,CNC,2020-10-29,0 days 15:59:41.256739,593316,58.41,58.36,100,3300,-70,3630
855,CNC,2020-10-29,0 days 15:59:43.255983,593113,58.37,58.36,300,202,3535,-70
856,CNC,2020-10-29,0 days 15:59:44.257037,591348,58.38,58.37,200,300,-1765,3535
857,CNC,2020-10-29,0 days 15:59:45.259063,593113,58.36,58.35,600,200,1882,-1765
858,CNC,2020-10-29,0 days 15:59:46.257345,584079,58.36,58.35,299,400,-9119,1882
859,CNC,2020-10-29,0 days 15:59:47.256632,593198,58.36,58.35,228,500,18069,-9119
860,CNHI,2020-10-29,0 days 15:55:52.263246,12407,7.78,7.77,36720,8194,-70,232
861,CNHI,2020-10-29,0 days 15:56:02.262691,12346,7.78,7.77,35140,11488,61,-70
862,CNHI,2020-10-29,0 days 15:59:09.255044,15558,7.78,7.77,32063,22555,582,-618
863,CNHI,2020-10-29,0 days 15:59:38.256350,16090,7.78,7.77,51532,9379,50,-250
864,CNHI,2020-10-29,0 days 15:59:45.258953,16662,7.78,7.77,52867,8256,-128,72
865,CNHI,2020-10-29,0 days 15:59:46.257084,16590,7.78,7.77,54267,8763,72,-128
866,CNK,2020-10-29,0 days 15:59:01.121292,154253,8.42,8.41,4332,4714,-1980,7579
867,CNK,2020-10-29,0 days 15:59:06.121145,148233,8.42,8.41,4503,4714,4920,-3080
868,CNK,2020-10-29,0 days 15:59:19.116799,157533,8.41,8.4,4819,4867,-8205,9300
869,CNK,2020-10-29,0 days 15:59:20.117073,153538,8.41,8.4,4819,5067,3995,-8205
870,CNK,2020-10-29,0 days 15:59:49.119158,156005,8.41,8.4,5800,4208,1128,-2672
871,CNP,2020-10-29,0 days 15:59:03.241099,442496,21.53,21.52,6685,1924,16539,-4169
872,CNP,2020-10-29,0 days 15:59:04.240512,437960,21.53,21.52,6579,1224,-4536,16539
873,CNP,2020-10-29,0 days 15:59:24.241074,447110,21.51,21.5,6094,3282,1351,-3946
874,CNP,2020-10-29,0 days 15:59:29.241902,447061,21.51,21.49,13894,1300,-49,251
875,CNP,2020-10-29,0 days 15:59:43.241819,447210,21.5,21.49,8569,3596,70,-1483
876,CNP,2020-10-29,0 days 15:59:49.241630,447148,21.5,21.49,6822,4095,-62,642
877,CNQ,2020-10-29,0 days 15:57:03.264907,72228,15.7,15.69,7307,7919,1071,-929
878,CNQ,2020-10-29,0 days 15:57:04.264570,69799,15.7,15.69,5007,9419,-2429,1071
879,CNQ,2020-10-29,0 days 15:59:10.271038,73574,15.68,15.67,6727,15391,-1308,792
880,CNX,2020-10-29,0 days 15:59:09.227634,229269,9.79,9.78,590,3000,-16234,9010
881,CNX,2020-10-29,0 days 15:59:10.228592,225103,9.79,9.78,790,2900,3766,-16234
882,CNX,2020-10-29,0 days 15:59:39.221720,231788,9.8,9.79,1518,5042,-28539,2261
883,CNX,2020-10-29,0 days 15:59:48.223167,229627,9.81,9.8,2009,7624,1361,-4439
884,COF,2020-10-29,0 days 15:56:00.218552,215785,73.35,73.34,509,1103,-819,8607
885,COF,2020-10-29,0 days 15:56:01.218451,211704,73.35,73.34,400,989,4081,-819
886,COF,2020-10-29,0 days 15:57:26.220833,222318,73.37,73.35,300,501,-438,7985
887,COF,2020-10-29,0 days 15:57:27.221196,217756,73.37,73.35,500,1321,4562,-438
888,COF,2020-10-29,0 days 15:59:00.229527,234408,73.27,73.23,600,178,-54,4236
889,COF,2020-10-29,0 days 15:59:05.226192,229415,73.24,73.22,392,300,3956,-1811
890,COF,2020-10-29,0 days 15:59:20.222615,279243,73.29,73.25,390,100,-9404,13994
891,COF,2020-10-29,0 days 15:59:21.222587,274447,73.28,73.23,382,300,4996,-9404
892,COF,2020-10-29,0 days 15:59:30.224750,281743,73.22,73.18,320,200,-7546,832
893,COF,2020-10-29,0 days 15:59:31.221332,277789,73.21,73.17,100,100,1654,-7546
894,COF,2020-10-29,0 days 15:59:47.222788,288143,73.15,73.11,100,100,-4805,3746
895,COF,2020-10-29,0 days 15:59:48.223022,285548,73.15,73.11,100,600,2395,-4805
896,COG,2020-10-29,0 days 15:58:04.097832,525269,18.41,18.4,2133,3346,300,-12146
897,COG,2020-10-29,0 days 15:58:07.098935,494069,18.39,18.38,3060,200,-5849,15900
898,COG,2020-10-29,0 days 15:58:44.099769,500641,18.38,18.37,681,3160,992,-5708
899,COG,2020-10-29,0 days 15:58:45.099499,491233,18.38,18.37,681,3466,-9408,992
900,COG,2020-10-29,0 days 15:59:16.100050,506347,18.39,18.38,600,2805,-1329,36775
901,COG,2020-10-29,0 days 15:59:38.101105,536484,18.4,18.39,954,4350,1754,-1652
902,COLD,2020-10-29,0 days 15:55:00.257263,101178,36.28,36.27,1982,339,-12787,23284
903,COLD,2020-10-29,0 days 15:55:01.256570,98865,36.27,36.26,1589,100,2313,-12787
904,COLD,2020-10-29,0 days 15:58:24.256098,102191,36.22,36.21,966,1576,-776,524
905,COLD,2020-10-29,0 days 15:58:25.256163,101667,36.22,36.21,1166,1576,524,-776
906,COLD,2020-10-29,0 days 15:59:19.258354,101489,36.2,36.18,462,300,-90,788
907,COLD,2020-10-29,0 days 15:59:33.258531,101483,36.17,36.13,152,600,606,-1294
908,COLD,2020-10-29,0 days 15:59:46.260760,102089,36.17,36.15,100,590,-3194,106
909,COLD,2020-10-29,0 days 15:59:56.259140,103583,36.18,36.13,3000,100,2606,-1494
910,COLD,2020-10-29,0 days 15:59:58.260434,102089,36.18,36.14,3000,100,-1494,2606
911,COP,2020-10-29,0 days 15:56:09.114088,560610,29.09,29.08,6079,1752,1926,-6274
912,COP,2020-10-29,0 days 15:56:10.113788,550736,29.09,29.08,5622,2252,-9874,1926
913,COP,2020-10-29,0 days 15:57:36.115799,564646,29.13,29.12,4000,4524,-4800,3400
914,COP,2020-10-29,0 days 15:57:43.115560,569446,29.13,29.12,4131,4859,300,-3000
915,COP,2020-10-29,0 days 15:57:44.115797,563746,29.13,29.12,4131,4849,-5700,300
916,COP,2020-10-29,0 days 15:58:17.117880,585672,29.12,29.11,1000,5916,1351,-6649
917,COP,2020-10-29,0 days 15:58:18.118920,579323,29.12,29.11,4477,4855,-6349,1351
918,COP,2020-10-29,0 days 15:58:26.118906,585672,29.13,29.12,4800,2855,909,-5691
919,COP,2020-10-29,0 days 15:58:27.118193,585289,29.13,29.12,4900,3300,-383,909
920,COP,2020-10-29,0 days 15:59:30.122213,649664,29.16,29.15,4568,586,27870,-2995
921,COP,2020-10-29,0 days 15:59:41.118500,649534,29.15,29.14,3545,400,-130,170
922,COP,2020-10-29,0 days 15:59:47.118538,649241,29.15,29.14,525,2500,-2782,7977
923,COTY,2020-10-29,0 days 15:58:15.258739,369621,2.99,2.98,103547,45756,-28424,45960
924,COTY,2020-10-29,0 days 15:58:16.259024,361945,2.99,2.98,104947,45404,7676,-28424
925,COTY,2020-10-29,0 days 15:59:37.258184,367092,2.99,2.98,156450,7142,2785,-14715
926,COTY,2020-10-29,0 days 15:59:48.259378,368012,2.99,2.98,127458,53835,1865,-15535
927,CPRI,2020-10-29,0 days 15:55:00.215891,130261,22.17,22.16,33109,107,2987,-3850
928,CPRI,2020-10-29,0 days 15:57:58.220252,139032,22.17,22.16,200,1933,-652,548
929,CPRI,2020-10-29,0 days 15:57:59.220408,138006,22.17,22.16,1600,1821,726,-652
930,CPRI,2020-10-29,0 days 15:58:18.230905,139032,22.17,22.16,1526,1625,-437,1663
931,CPRI,2020-10-29,0 days 15:58:19.224626,138469,22.17,22.16,862,2125,3026,-437
932,CPRI,2020-10-29,0 days 15:59:44.220281,217204,22.23,22.22,1248,767,3017,-16583
933,CRK,2020-10-29,0 days 15:58:04.256268,80693,5.36,5.35,7097,4412,-3054,6046
934,CRK,2020-10-29,0 days 15:58:05.256714,77547,5.36,5.35,7397,2300,3146,-3054
935,CRK,2020-10-29,0 days 15:59:04.259229,82394,5.36,5.35,8097,438,-6720,426
936,CRK,2020-10-29,0 days 15:59:05.259106,80114,5.36,5.35,9097,438,326,-6720
937,CRK,2020-10-29,0 days 15:59:15.258793,86721,5.36,5.35,5360,2900,2819,-181
938,CRK,2020-10-29,0 days 15:59:24.258322,94378,5.36,5.35,5718,2900,-643,3157
939,CRK,2020-10-29,0 days 15:59:32.258322,91527,5.36,5.35,6620,8000,2851,-643
940,CRK,2020-10-29,0 days 15:59:40.260246,94378,5.36,5.35,7655,8500,-849,2851
941,CRK,2020-10-29,0 days 15:59:46.261038,92527,5.36,5.35,7194,3900,2597,-3249
942,CRM,2020-10-29,0 days 15:50:39.234779,252947,238.28,238.18,410,200,71,-427
943,CRM,2020-10-29,0 days 15:52:12.235270,252520,238.35,238.25,311,1144,-427,71
944,CRM,2020-10-29,0 days 15:52:20.235246,252947,238.28,238.25,330,300,71,-427
945,CRM,2020-10-29,0 days 15:52:24.235598,252520,238.37,238.26,100,200,-427,71
946,CRM,2020-10-29,0 days 15:52:35.232537,252947,238.34,238.26,100,202,71,-427
947,CRM,2020-10-29,0 days 15:53:18.233512,252520,238.37,238.28,100,421,-427,71
948,CRM,2020-10-29,0 days 15:53:41.234972,252947,238.34,238.27,100,100,71,-427
949,CRM,2020-10-29,0 days 15:53:42.234141,252520,238.4,238.29,850,295,-427,71
950,CRM,2020-10-29,0 days 15:53:53.232753,252947,238.24,238.19,390,300,561,-427
951,CRM,2020-10-29,0 days 15:55:08.233991,385465,237.77,237.72,100,100,-4604,12577
952,CRM,2020-10-29,0 days 15:55:09.234251,382169,237.73,237.66,210,100,3838,-4604
953,CRM,2020-10-29,0 days 15:55:49.236357,386049,237.87,237.82,100,399,-3382,2436
954,CRM,2020-10-29,0 days 15:55:50.236031,383331,237.89,237.85,100,200,2718,-3382
955,CRM,2020-10-29,0 days 15:56:03.236609,385591,237.97,237.9,111,205,-646,1554
956,CRM,2020-10-29,0 days 15:56:04.236074,383237,237.97,237.9,415,205,2354,-646
957,CRM,2020-10-29,0 days 15:56:53.237411,397866,237.9,237.82,100,110,-6523,2287
958,CRM,2020-10-29,0 days 15:56:54.237457,395389,237.84,237.77,100,200,2477,-6523
959,CRM,2020-10-29,0 days 15:57:13.239968,397966,237.89,237.83,710,100,-222,1578
960,CRM,2020-10-29,0 days 15:57:14.239414,395688,237.87,237.82,100,200,2278,-222
961,CRM,2020-10-29,0 days 15:57:27.237004,396528,238.08,238.01,100,200,-460,30
962,CRM,2020-10-29,0 days 15:57:28.236831,394588,238.07,238.01,100,200,1940,-460
963,CRM,2020-10-29,0 days 15:57:33.237108,397318,238.04,237.98,100,200,-1070,1130
964,CRM,2020-10-29,0 days 15:57:34.237286,398388,238.04,237.96,300,100,2030,-1070
965,CRM,2020-10-29,0 days 15:59:09.241750,458468,237.62,237.51,100,400,-15003,9468
966,CRM,2020-10-29,0 days 15:59:10.243013,455821,237.67,237.57,381,336,2148,-15003
967,CRM,2020-10-29,0 days 15:59:11.241568,450681,237.71,237.65,500,200,-6040,2148
968,CRM,2020-10-29,0 days 15:59:12.241705,451217,237.94,237.79,100,200,44202,-6040
969,CRM,2020-10-29,0 days 15:59:38.242428,525725,237.53,237.5,441,128,-4640,28379
970,CRM,2020-10-29,0 days 15:59:39.242470,523865,237.49,237.35,1880,100,5848,-4640
971,CRM,2020-10-29,0 days 15:59:40.243893,529756,237.49,237.37,2252,103,-509,5848
972,CRM,2020-10-29,0 days 15:59:41.242731,530265,237.49,237.37,2126,103,20989,-509
973,CS,2020-10-29,0 days 15:55:31.254514,115511,9.41,9.4,43047,36766,-18891,70809
974,CS,2020-10-29,0 days 15:55:32.254709,110602,9.41,9.4,42847,34416,4909,-18891
975,CS,2020-10-29,0 days 15:55:51.255067,115511,9.41,9.4,35286,40913,-5644,4909
976,CS,2020-10-29,0 days 15:55:52.254769,111655,9.41,9.4,35286,40714,3856,-5644
977,CS,2020-10-29,0 days 15:57:54.257129,113230,9.41,9.4,27556,48221,3281,-26219
978,CS,2020-10-29,0 days 15:59:20.258597,122131,9.39,9.38,62973,22700,-7429,2819
979,CS,2020-10-29,0 days 15:59:46.259566,125931,9.38,9.37,59464,10541,-5089,3371
980,CTVA,2020-10-29,0 days 15:55:00.216748,604653,32.64,32.63,300,1959,50003,-236286
981,CTVA,2020-10-29,0 days 15:57:35.221972,677936,32.62,32.61,200,5941,-1303,7997
982,CTVA,2020-10-29,0 days 15:57:36.221341,664739,32.62,32.61,200,5841,13197,-1303
983,CTVA,2020-10-29,0 days 15:59:01.227427,691408,32.54,32.53,700,1600,-53392,2678
984,CTVA,2020-10-29,0 days 15:59:02.227102,684800,32.54,32.53,100,2002,6608,-53392
985,CTVA,2020-10-29,0 days 15:59:13.227580,688436,32.55,32.54,635,200,17061,-11939
986,CTVA,2020-10-29,0 days 15:59:25.223271,692271,32.56,32.55,500,1902,-5989,5502
987,CTVA,2020-10-29,0 days 15:59:26.222166,687360,32.57,32.55,1300,3231,4911,-5989
988,CTVA,2020-10-29,0 days 15:59:42.225708,698481,32.53,32.52,1989,100,-8167,16733
989,CTVA,2020-10-29,0 days 15:59:43.222328,696248,32.52,32.51,1000,1100,1894,-8167
990,CVE,2020-10-29,0 days 15:57:14.256991,41619,3.31,3.3,132402,31958,273,-3515
991,CVE,2020-10-29,0 days 15:58:47.260102,53773,3.32,3.31,333838,709,3421,-3509
992,CVS,2020-10-29,0 days 15:55:20.261569,351289,56.09,56.08,2220,100,-5199,801
993,CVS,2020-10-29,0 days 15:56:14.262869,373839,56.03,56.01,1081,2135,-3044,1356
994,CVS,2020-10-29,0 days 15:58:18.259967,399483,56.04,56.02,831,2000,4178,-11926
995,CVS,2020-10-29,0 days 15:58:19.253295,392261,56.05,56.04,700,687,-7222,4178
996,CVS,2020-10-29,0 days 15:59:30.260036,415001,55.99,55.98,600,2850,14907,-933
997,CVS,2020-10-29,0 days 15:59:43.255983,407491,55.97,55.95,1000,760,548,-109
998,CVX,2020-10-29,0 days 15:59:16.258424,1008539,68.83,68.81,486,100,38813,-27251
999,CVX,2020-10-29,0 days 15:59:52.259442,1105589,68.81,68.8,300,1700,-4615,14212
1000,CVX,2020-10-29,0 days 15:59:53.259009,1110204,68.81,68.79,688,500,5085,-4615
1001,CVX,2020-10-29,0 days 15:59:55.260760,1110303,68.84,68.79,1546,1940,-208,8985
1002,CVX,2020-10-29,0 days 16:00:00.261334,1094379,68.94,68.75,1200,104,-17901,5447
1003,CX,2020-10-29,0 days 15:55:00.265774,39436,3.99,3.98,50367,51423,6873,-3156
1004,CX,2020-10-29,0 days 15:59:36.267613,64421,3.99,3.98,71431,75945,-7254,11446
1005,CXO,2020-10-29,0 days 15:57:14.097291,160496,42.13,42.11,520,600,776,-1862
1006,CXO,2020-10-29,0 days 15:57:15.098508,160372,42.13,42.12,820,100,-124,776
1007,CXW,2020-10-29,0 days 15:55:38.238094,81275,6.31,6.3,6501,5422,-827,2435
1008,CXW,2020-10-29,0 days 15:55:39.236395,79702,6.31,6.3,8411,3922,1573,-827
1009,CXW,2020-10-29,0 days 15:56:55.238788,81275,6.31,6.3,5100,3392,-627,1573
1010,CXW,2020-10-29,0 days 15:56:56.238962,79902,6.31,6.3,5100,4892,1491,-627
1011,CYH,2020-10-29,0 days 15:59:32.258587,103277,5.96,5.95,10485,1826,-1720,2519
1012,CYH,2020-10-29,0 days 15:59:33.258423,100997,5.96,5.95,9785,2426,2280,-1720
1013,CYH,2020-10-29,0 days 15:59:45.260378,103277,5.96,5.95,2364,7882,-2696,2280
1014,CYH,2020-10-29,0 days 15:59:46.259463,102073,5.96,5.95,4264,5849,2043,-2696
1015,D,2020-10-29,0 days 15:57:30.221800,276639,81.19,81.17,613,400,-2385,215
1016,D,2020-10-29,0 days 15:58:30.226223,280476,81.11,81.1,1501,200,6457,-1020
1017,D,2020-10-29,0 days 15:59:32.221122,398551,81.06,81.04,100,1299,-2596,2358
1018,D,2020-10-29,0 days 15:59:45.222794,402284,81.1,81.06,499,400,2898,-1147
1019,DAL,2020-10-29,0 days 15:57:10.267035,405173,30.86,30.85,2300,6089,-5345,8855
1020,DAL,2020-10-29,0 days 15:57:11.266464,400218,30.86,30.85,7999,2101,4955,-5345
1021,DAL,2020-10-29,0 days 15:58:02.252094,387464,30.86,30.85,4700,6482,-17621,2438
1022,DAL,2020-10-29,0 days 15:58:03.251965,383385,30.86,30.85,8864,1126,4079,-17621
1023,DAL,2020-10-29,0 days 15:58:22.252874,387464,30.85,30.84,5000,2800,-1041,1136
1024,DAL,2020-10-29,0 days 15:58:23.252724,385528,30.85,30.84,5200,2200,1936,-1041
1025,DAL,2020-10-29,0 days 15:58:24.251955,387464,30.85,30.84,2300,5891,-1841,1936
1026,DAL,2020-10-29,0 days 15:58:27.252189,384928,30.84,30.83,1200,7101,2536,-864
1027,DAL,2020-10-29,0 days 15:58:45.252900,389728,30.85,30.84,825,5500,2336,-564
1028,DAL,2020-10-29,0 days 15:58:58.254787,392156,30.85,30.84,9021,801,-30,2460
1029,DAL,2020-10-29,0 days 15:59:16.254262,428442,30.84,30.83,9150,1670,-79623,17472
1030,DAL,2020-10-29,0 days 15:59:30.260313,506065,30.82,30.81,7800,5491,5928,-1057
1031,DAL,2020-10-29,0 days 15:59:31.257829,501893,30.81,30.8,3300,6200,-4267,5928
1032,DAL,2020-10-29,0 days 15:59:43.256098,524561,30.79,30.78,9900,2664,2362,-3925
1033,DAL,2020-10-29,0 days 15:59:45.259250,526923,30.79,30.78,4786,2964,-10879,2362
1034,DAL,2020-10-29,0 days 15:59:46.257599,521142,30.78,30.77,8284,1897,11726,-10879
1035,DB,2020-10-29,0 days 15:59:20.255121,84008,9.25,9.24,40227,48240,12948,-3304
1036,DB,2020-10-29,0 days 15:59:21.254734,81556,9.25,9.24,40228,48240,-2452,12948
1037,DB,2020-10-29,0 days 15:59:32.256127,84856,9.24,9.23,59491,45834,-1455,12345
1038,DB,2020-10-29,0 days 15:59:39.256002,86311,9.24,9.23,58990,43834,6045,-1455
1039,DB,2020-10-29,0 days 15:59:40.256880,85256,9.24,9.23,67690,29198,-1055,6045
1040,DB,2020-10-29,0 days 15:59:46.257853,86311,9.24,9.23,57506,22555,14888,-1055
1041,DB,2020-10-29,0 days 15:59:47.256882,86099,9.24,9.23,57349,24555,-212,14888
1042,DD,2020-10-29,0 days 15:59:03.243778,304343,58.05,58.03,1091,700,2821,-29234
1043,DD,2020-10-29,0 days 15:59:05.243173,304337,58.05,58.04,951,100,-6,1994
1044,DD,2020-10-29,0 days 15:59:25.237044,309561,57.98,57.95,242,1400,3021,-12647
1045,DD,2020-10-29,0 days 15:59:27.236683,297382,58.0,57.98,1499,950,-12179,3021
1046,DD,2020-10-29,0 days 15:59:29.237614,309561,57.98,57.95,500,1500,3021,-12179
1047,DD,2020-10-29,0 days 15:59:43.238600,357304,57.94,57.89,401,1700,-77,2138
1048,DD,2020-10-29,0 days 15:59:46.239574,345964,57.94,57.91,300,200,-11130,610
1049,DD,2020-10-29,0 days 15:59:47.238617,345063,57.94,57.91,300,200,837,-11130
1050,DDD,2020-10-29,0 days 15:59:38.238058,171845,6.09,6.08,12047,3912,-1186,2150
1051,DDD,2020-10-29,0 days 15:59:42.241572,169931,6.09,6.08,11747,9613,1214,-11586
1052,DDD,2020-10-29,0 days 15:59:45.238523,171845,6.09,6.08,7701,8421,-286,1214
1053,DFS,2020-10-29,0 days 15:55:32.254685,162076,64.17,64.16,200,260,-7107,1093
1054,DFS,2020-10-29,0 days 15:55:33.254215,161783,64.17,64.15,401,200,293,-7107
1055,DFS,2020-10-29,0 days 15:57:49.257557,185254,64.21,64.2,420,332,-1222,1078
1056,DFS,2020-10-29,0 days 15:57:50.257186,183676,64.21,64.19,520,300,1578,-1222
1057,DFS,2020-10-29,0 days 15:59:05.261220,188230,64.14,64.13,200,300,-842,194
1058,DFS,2020-10-29,0 days 15:59:06.261301,187372,64.14,64.13,500,218,858,-842
1059,DFS,2020-10-29,0 days 15:59:09.261694,188230,64.14,64.12,400,300,-310,858
1060,DFS,2020-10-29,0 days 15:59:11.261672,187433,64.14,64.13,100,382,1193,-3303
1061,DFS,2020-10-29,0 days 15:59:46.259394,199644,64.01,63.99,300,100,867,-3314
1062,DFS,2020-10-29,0 days 15:59:52.259415,199811,64.02,64.0,300,100,-33,867
1063,DHI,2020-10-29,0 days 15:59:30.103780,396108,68.1,68.08,904,200,11831,-1998
1064,DHI,2020-10-29,0 days 15:59:31.101579,392839,68.14,68.12,100,100,-3283,11831
1065,DHR,2020-10-29,0 days 15:55:00.216085,157080,231.17,231.03,100,119,669,-11608
1066,DHR,2020-10-29,0 days 15:55:01.216252,155767,231.17,230.97,100,100,-1313,669
1067,DHR,2020-10-29,0 days 15:55:08.216448,157080,231.0,230.81,100,200,8963,-1307
1068,DHR,2020-10-29,0 days 15:55:09.215919,156343,231.0,230.81,100,300,-737,8963
1069,DHR,2020-10-29,0 days 15:55:19.217017,162557,230.92,230.73,100,100,586,-3414
1070,DHR,2020-10-29,0 days 15:55:20.218523,161309,230.92,230.73,100,262,-1580,586
1071,DHR,2020-10-29,0 days 15:55:32.218266,163309,230.92,230.74,452,698,1969,-1049
1072,DHR,2020-10-29,0 days 15:57:30.221741,171193,230.98,230.89,100,362,-960,363
1073,DHR,2020-10-29,0 days 15:57:31.221199,171153,231.05,230.79,100,200,840,-960
1074,DHR,2020-10-29,0 days 15:57:32.221372,171093,231.06,230.82,100,100,-60,840
1075,DHR,2020-10-29,0 days 15:57:36.218964,171153,230.98,230.83,100,362,340,-60
1076,DHR,2020-10-29,0 days 15:57:37.221113,171493,230.98,230.83,100,362,-660,340
1077,DHR,2020-10-29,0 days 15:57:38.221587,171153,230.98,230.84,100,100,1640,-660
1078,DHT,2020-10-29,0 days 15:56:55.264813,70449,4.94,4.93,10434,21567,118,-2082
1079,DHT,2020-10-29,0 days 15:56:56.264484,70567,4.94,4.93,10368,21567,-938,118
1080,DHT,2020-10-29,0 days 15:58:08.252485,72264,4.94,4.93,7829,21322,4818,-1233
1081,DHT,2020-10-29,0 days 15:58:09.255536,70882,4.94,4.93,7842,21522,-1382,4818
1082,DHT,2020-10-29,0 days 15:58:14.252589,72264,4.94,4.93,7655,21222,11518,-14482
1083,DHT,2020-10-29,0 days 15:58:15.252332,71182,4.94,4.93,7655,21422,-1082,11518
1084,DHT,2020-10-29,0 days 15:59:34.255133,72830,4.95,4.94,8723,17183,2413,-629
1085,DHT,2020-10-29,0 days 15:59:35.254824,67643,4.95,4.94,8723,16983,-5187,2413
1086,DHT,2020-10-29,0 days 15:59:36.255273,72830,4.95,4.94,8723,16783,1313,-5187
1087,DHT,2020-10-29,0 days 15:59:37.255221,72543,4.95,4.94,8606,17954,-287,1313
1088,DHT,2020-10-29,0 days 15:59:45.259063,72830,4.95,4.94,6224,28546,2513,-87
1089,DHT,2020-10-29,0 days 15:59:46.257345,72643,4.95,4.94,6424,28446,-187,2513
1090,DIS,2020-10-29,0 days 15:59:50.262278,606137,121.6,121.56,400,450,38697,-1514
1091,DOW,2020-10-29,0 days 15:59:16.222658,509966,46.32,46.3,652,100,41813,-29896
1092,DOW,2020-10-29,0 days 15:59:17.221725,503207,46.35,46.33,139,184,-6759,41813
1093,DOW,2020-10-29,0 days 15:59:30.224720,510229,46.29,46.26,600,100,10323,-3381
1094,DOW,2020-10-29,0 days 15:59:31.221301,508001,46.3,46.27,1400,200,-2236,10323
1095,DOW,2020-10-29,0 days 15:59:35.221338,497701,46.28,46.26,452,1199,-14653,9887
1096,DOW,2020-10-29,0 days 15:59:38.221199,512333,46.26,46.23,300,700,10087,-2253
1097,DOW,2020-10-29,0 days 15:59:40.222712,511420,46.26,46.23,1600,200,-913,2587
1098,DOW,2020-10-29,0 days 15:59:46.222657,515400,46.27,46.24,200,200,242,-4480
1099,DOW,2020-10-29,0 days 15:59:48.222992,514142,46.27,46.24,200,200,-1258,242
1100,DRE,2020-10-29,0 days 15:55:00.093621,199990,38.08,38.07,1177,208,2566,-27666
1101,DRE,2020-10-29,0 days 15:55:01.093890,196556,38.07,38.04,509,400,-3434,2566
1102,DRE,2020-10-29,0 days 15:57:51.096631,244169,37.96,37.95,666,400,-4710,1590
1103,DRE,2020-10-29,0 days 15:58:15.098498,248879,37.93,37.91,568,700,3652,-3113
1104,DRE,2020-10-29,0 days 15:58:16.098085,245031,37.93,37.91,568,708,-3848,3652
1105,DRE,2020-10-29,0 days 15:58:18.099706,249079,37.94,37.92,300,600,1848,-3848
1106,DRE,2020-10-29,0 days 15:58:19.098037,245827,37.94,37.92,500,700,-3052,1848
1107,DRE,2020-10-29,0 days 15:59:05.100447,241812,37.91,37.9,300,200,3288,-7463
1108,DRE,2020-10-29,0 days 15:59:06.100555,239500,37.91,37.9,200,206,-2312,3288
1109,DRE,2020-10-29,0 days 15:59:23.100191,250067,37.91,37.87,300,400,1159,-1182
1110,DRE,2020-10-29,0 days 15:59:31.102019,243093,37.9,37.88,166,200,-6974,7775
1111,DRE,2020-10-29,0 days 15:59:36.100645,242693,37.89,37.87,100,500,-1172,5226
1112,DRE,2020-10-29,0 days 15:59:38.101105,243865,37.88,37.86,400,500,965,-1172
1113,DRE,2020-10-29,0 days 15:59:41.101828,242830,37.87,37.85,732,300,-1035,1665
1114,DRE,2020-10-29,0 days 15:59:46.102869,243965,37.88,37.85,100,1000,1601,-1255
1115,DRE,2020-10-29,0 days 15:59:48.102623,240426,37.91,37.88,100,100,-9741,1238
1116,DRE,2020-10-29,0 days 15:59:51.102696,243965,37.86,37.83,1266,500,6735,-3404
1117,DRH,2020-10-29,0 days 15:55:00.235587,77991,5.0,4.99,12097,4440,-26120,7994
1118,DRH,2020-10-29,0 days 15:59:36.237407,113573,4.98,4.97,20158,7555,-3735,4465
1119,DRH,2020-10-29,0 days 15:59:37.236805,113308,4.98,4.97,20058,7455,265,-3735
1120,DRH,2020-10-29,0 days 15:59:47.238307,121656,4.98,4.97,22400,6604,-961,648
1121,DRH,2020-10-29,0 days 15:59:48.238747,121017,4.98,4.97,22200,5954,639,-961
1122,DRI,2020-10-29,0 days 15:59:05.257880,122397,92.52,92.45,492,333,-1570,274
1123,DRI,2020-10-29,0 days 15:59:07.258398,119400,92.52,92.45,584,333,2997,-7103
1124,DRI,2020-10-29,0 days 15:59:45.260191,128125,92.45,92.43,100,100,-765,1605
1125,DRI,2020-10-29,0 days 15:59:46.260385,126130,92.43,92.37,315,156,1995,-765
1126,DRI,2020-10-29,0 days 15:59:54.261085,126430,92.49,92.41,304,100,295,-2949
1127,DRI,2020-10-29,0 days 15:59:56.258936,123481,92.49,92.39,300,100,-2949,295
1128,DRI,2020-10-29,0 days 16:00:00.258345,126430,92.63,92.28,300,300,395,-3088
1129,DUK,2020-10-29,0 days 15:55:00.111915,200046,92.73,92.72,401,604,12441,-11653
1130,DUK,2020-10-29,0 days 15:56:13.113750,220986,92.56,92.53,819,200,-3,2697
1131,DUK,2020-10-29,0 days 15:56:14.113331,220989,92.53,92.5,381,200,992,-3
1132,DUK,2020-10-29,0 days 15:57:26.115794,223806,92.61,92.57,400,300,-162,222
1133,DUK,2020-10-29,0 days 15:57:27.115365,222368,92.59,92.58,100,400,1438,-162
1134,DUK,2020-10-29,0 days 15:57:34.115222,225461,92.59,92.57,100,304,-107,1593
1135,DUK,2020-10-29,0 days 15:57:37.115202,225268,92.59,92.57,491,100,193,-1407
1136,DUK,2020-10-29,0 days 15:57:43.115571,225461,92.55,92.54,404,100,-1407,1293
1137,DUK,2020-10-29,0 days 15:57:44.115804,221668,92.54,92.53,100,300,3793,-1407
1138,DUK,2020-10-29,0 days 15:58:04.118356,222940,92.53,92.52,407,100,-128,2272
1139,DUK,2020-10-29,0 days 15:58:05.122513,222268,92.51,92.48,400,200,672,-128
1140,DUK,2020-10-29,0 days 15:58:13.117704,223040,92.48,92.46,700,200,-422,1378
1141,DUK,2020-10-29,0 days 15:58:14.117743,222262,92.47,92.45,529,100,778,-422
1142,DUK,2020-10-29,0 days 15:58:21.118273,233049,92.45,92.44,200,156,-93,1807
1143,DUK,2020-10-29,0 days 15:58:26.118906,231272,92.45,92.44,208,200,1777,-93
1144,DUK,2020-10-29,0 days 15:59:05.120600,234053,92.43,92.38,148,242,-24,2114
1145,DUK,2020-10-29,0 days 15:59:07.121143,233077,92.39,92.38,114,100,1067,-824
1146,DUK,2020-10-29,0 days 15:59:19.116799,234362,92.4,92.38,130,300,-7838,791
1147,DUK,2020-10-29,0 days 15:59:20.117051,234070,92.44,92.39,1200,442,992,-7838
1148,DUK,2020-10-29,0 days 15:59:23.116872,235462,92.35,92.34,450,100,-21203,462
1149,DVN,2020-10-29,0 days 15:56:15.219571,588963,8.43,8.42,13327,8178,-16073,21227
1150,DVN,2020-10-29,0 days 15:56:16.223666,583036,8.42,8.41,24488,11900,5927,-16073
1151,DVN,2020-10-29,0 days 15:57:43.221972,618508,8.44,8.43,10100,19404,-7473,5727
1152,DVN,2020-10-29,0 days 15:57:44.221932,609081,8.44,8.43,12954,19104,9427,-7473
1153,DVN,2020-10-29,0 days 15:58:02.223870,600857,8.44,8.43,11000,18341,-10575,2636
1154,DVN,2020-10-29,0 days 15:58:03.223531,591832,8.44,8.43,17184,14807,9025,-10575
1155,DVN,2020-10-29,0 days 15:58:31.224579,611506,8.42,8.41,14684,14708,-2627,8473
1156,DVN,2020-10-29,0 days 15:58:32.224367,602133,8.42,8.41,17084,14008,9373,-2627
1157,DVN,2020-10-29,0 days 15:59:44.221569,766497,8.45,8.44,6600,20260,124,-19674
1158,DVN,2020-10-29,0 days 15:59:45.222976,773723,8.45,8.44,1200,28634,-17797,124
1159,DVN,2020-10-29,0 days 15:59:46.223134,768720,8.45,8.44,3704,28634,1806,-17797
1160,DXC,2020-10-29,0 days 15:55:50.236732,143935,18.28,18.26,1800,2118,-1440,1665
1161,DXC,2020-10-29,0 days 15:55:51.237119,142475,18.28,18.26,1800,2218,1460,-1440
1162,DXC,2020-10-29,0 days 15:56:54.238433,157520,18.26,18.25,815,800,-274,1805
1163,DXC,2020-10-29,0 days 15:57:03.239574,155394,18.25,18.24,640,2139,2310,-90
1164,DXC,2020-10-29,0 days 15:57:08.240426,157969,18.28,18.27,700,2586,-3025,1110
1165,DXC,2020-10-29,0 days 15:57:09.240271,155594,18.28,18.27,609,1438,1496,-3025
1166,DXC,2020-10-29,0 days 15:59:07.243644,172306,18.29,18.28,800,1238,-231,469
1167,DXC,2020-10-29,0 days 15:59:09.244143,172537,18.29,18.28,1100,400,1793,-231
1168,DXC,2020-10-29,0 days 15:59:12.243822,174030,18.31,18.3,999,2182,-1029,1493
1169,DXC,2020-10-29,0 days 15:59:16.236444,166954,18.3,18.29,1023,100,1470,-6335
1170,DXC,2020-10-29,0 days 15:59:32.238671,172489,18.27,18.26,1794,769,-981,2856
1171,DXC,2020-10-29,0 days 15:59:33.237583,170870,18.26,18.24,2097,2516,1619,-981
1172,DXC,2020-10-29,0 days 15:59:46.239649,176641,18.25,18.24,550,1708,2489,-3670
1173,EAT,2020-10-29,0 days 15:59:23.267240,176277,44.67,44.62,400,300,-8321,36973
1174,EAT,2020-10-29,0 days 15:59:27.267060,178427,44.61,44.57,200,200,1691,-1372
1175,EAT,2020-10-29,0 days 15:59:31.268057,180118,44.61,44.56,400,100,-16641,1691
1176,EAT,2020-10-29,0 days 15:59:44.269939,190212,44.59,44.49,156,300,237,-663
1177,EAT,2020-10-29,0 days 15:59:45.269160,192840,44.59,44.49,156,300,-2386,237
1178,EAT,2020-10-29,0 days 15:59:46.269692,191181,44.59,44.48,156,153,2108,-2386
1179,EAT,2020-10-29,0 days 15:59:47.268383,193289,44.59,44.48,156,253,-6372,2108
1180,EIX,2020-10-29,0 days 15:55:00.265906,231554,56.31,56.3,390,365,2718,-20032
1181,EIX,2020-10-29,0 days 15:55:01.265179,226172,56.31,56.3,1002,657,-5382,2718
1182,EIX,2020-10-29,0 days 15:55:24.266736,205261,56.29,56.28,100,200,22074,-2826
1183,EIX,2020-10-29,0 days 15:55:25.266252,202635,56.29,56.28,300,310,-2854,22074
1184,EIX,2020-10-29,0 days 15:55:49.267641,227803,56.29,56.28,500,118,15158,-7552
1185,EIX,2020-10-29,0 days 15:55:50.267734,222461,56.29,56.28,800,308,-5342,15158
1186,EIX,2020-10-29,0 days 15:57:10.265296,246244,56.3,56.28,100,100,16476,-3524
1187,EIX,2020-10-29,0 days 15:57:11.265121,239820,56.29,56.28,100,200,-6424,16476
1188,EIX,2020-10-29,0 days 15:58:55.265153,252144,56.26,56.25,952,500,14993,-2907
1189,EIX,2020-10-29,0 days 15:58:56.265746,245537,56.26,56.25,752,505,-6607,14993
1190,EIX,2020-10-29,0 days 15:59:26.267038,289936,56.19,56.16,275,100,-4001,13499
1191,EIX,2020-10-29,0 days 15:59:33.267146,295983,56.15,56.09,561,200,3324,-3376
1192,EIX,2020-10-29,0 days 15:59:34.267203,290707,56.16,56.11,100,221,-5276,3324
1193,EIX,2020-10-29,0 days 15:59:47.268185,292665,56.16,56.11,192,824,-3408,12492
1194,ELAN,2020-10-29,0 days 15:55:00.265969,100776,31.52,31.51,967,225,-825,7163
1195,ELAN,2020-10-29,0 days 15:57:14.264688,130305,31.52,31.51,421,600,140,-2260
1196,ELY,2020-10-29,0 days 15:58:02.238408,116171,15.2,15.19,10092,3525,-101418,22841
1197,EMR,2020-10-29,0 days 15:59:08.243364,264281,64.55,64.53,642,413,9554,-15161
1198,EMR,2020-10-29,0 days 15:59:46.238887,302941,64.44,64.43,500,133,-6930,34014
1199,EMR,2020-10-29,0 days 15:59:47.238262,301471,64.45,64.44,500,500,319,-6930
1200,ENB,2020-10-29,0 days 15:55:00.111507,54601,27.68,27.67,6360,4696,-2297,9019
1201,ENB,2020-10-29,0 days 15:56:15.113448,56898,27.62,27.61,2482,10500,3552,-48
1202,ENB,2020-10-29,0 days 15:56:16.113130,55150,27.62,27.61,800,11000,-1748,3552
1203,ENB,2020-10-29,0 days 15:58:47.119186,56928,27.59,27.58,13482,873,3332,-1341
1204,ENB,2020-10-29,0 days 15:58:48.119094,56760,27.58,27.57,4973,6444,-168,3332
1205,ENB,2020-10-29,0 days 15:59:07.121122,58604,27.58,27.57,9506,2752,7837,-910
1206,ENB,2020-10-29,0 days 15:59:08.120815,57541,27.58,27.57,9206,2752,-763,7837
1207,ENB,2020-10-29,0 days 15:59:42.118344,65875,27.57,27.56,15100,3800,-7129,871
1208,ENB,2020-10-29,0 days 15:59:48.119217,65516,27.57,27.56,7800,9505,359,-241
1209,ENLC,2020-10-29,0 days 15:57:50.249757,140554,2.68,2.67,11343,19079,-14971,18029
1210,ENLC,2020-10-29,0 days 15:57:51.249667,133825,2.68,2.67,11343,18279,6729,-14971
1211,EOG,2020-10-29,0 days 15:55:02.109930,349400,34.0,33.99,2478,600,-2705,1595
1212,EOG,2020-10-29,0 days 15:55:42.112705,355375,33.96,33.95,3027,300,2885,-566
1213,EOG,2020-10-29,0 days 15:55:43.113085,352860,33.96,33.95,606,1600,-2515,2885
1214,EOG,2020-10-29,0 days 15:57:21.114973,361894,33.98,33.97,2067,3351,3456,-1344
1215,EOG,2020-10-29,0 days 15:57:22.114966,359750,33.98,33.97,2067,3351,-2144,3456
1216,EOG,2020-10-29,0 days 15:57:43.115548,372394,33.99,33.98,2466,3407,968,-2632
1217,EOG,2020-10-29,0 days 15:57:44.115782,369762,33.99,33.98,2466,3831,-3632,968
1218,EOG,2020-10-29,0 days 15:58:19.118937,360048,33.94,33.93,2936,1500,-10695,1905
1219,EOG,2020-10-29,0 days 15:59:05.120516,375530,33.95,33.94,1700,900,1833,-4393
1220,EOG,2020-10-29,0 days 15:59:06.121106,373463,33.95,33.94,1000,1100,-7167,1833
1221,EOG,2020-10-29,0 days 15:59:10.123026,383056,33.96,33.95,500,1500,28254,-2443
1222,EOG,2020-10-29,0 days 15:59:45.119302,419237,34.01,34.0,2409,537,3608,-860
1223,EOG,2020-10-29,0 days 15:59:58.121316,408682,34.0,33.98,300,600,10063,-1192
1224,EPD,2020-10-29,0 days 15:55:01.256376,93218,16.97,16.96,8938,8505,-2660,3891
1225,EPD,2020-10-29,0 days 15:55:08.256212,94903,16.95,16.94,10400,3600,-675,1225
1226,EPD,2020-10-29,0 days 15:59:37.259073,126715,16.86,16.85,9055,10964,-90631,1607
1227,EPD,2020-10-29,0 days 15:59:38.258725,208246,16.84,16.83,4100,11400,69,-90631
1228,EPD,2020-10-29,0 days 15:59:41.259608,204415,16.84,16.83,3200,10371,-3531,369
1229,EPD,2020-10-29,0 days 15:59:45.260272,209322,16.86,16.85,9202,4000,1193,-1607
1230,EPD,2020-10-29,0 days 15:59:47.259357,205455,16.86,16.85,16502,3239,-3091,4109
1231,EPD,2020-10-29,0 days 15:59:49.259248,208546,16.86,16.85,20977,2939,209,-2046
1232,EPD,2020-10-29,0 days 15:59:50.262937,199855,16.86,16.85,22606,2429,-8391,209
1233,EQH,2020-10-29,0 days 15:55:30.262747,231202,21.3,21.29,6655,1026,-5904,5796
1234,EQH,2020-10-29,0 days 15:55:35.262477,237106,21.3,21.29,6736,1269,6553,-1304
1235,EQH,2020-10-29,0 days 15:55:36.262201,233659,21.3,21.29,6813,1269,-3447,6553
1236,EQH,2020-10-29,0 days 15:55:42.264269,237106,21.3,21.29,6511,863,435,-3447
1237,EQH,2020-10-29,0 days 15:55:43.263911,234041,21.3,21.29,5871,2263,-3065,435
1238,EQH,2020-10-29,0 days 15:56:30.263347,239186,21.3,21.29,1284,1730,214,-386
1239,EQH,2020-10-29,0 days 15:56:34.263246,239400,21.3,21.29,2204,1430,-386,214
1240,EQH,2020-10-29,0 days 15:57:35.249211,248709,21.29,21.28,2701,900,3791,-509
