,Symbol,Timestamp,TIME,iPaired,Ask_P,Bid_P,Ask_S,Bid_S,iShares,PreviShares
0,AA,2020-11-18,0 days 15:55:00.229742,210072,18.36,18.35,6596,2184,1322,-108500
1,AA,2020-11-18,0 days 15:55:01.229452,204994,18.36,18.35,10987,2290,-5078,1322
2,AA,2020-11-18,0 days 15:57:11.231282,223065,18.37,18.36,2730,7210,3127,-2139
3,AA,2020-11-18,0 days 15:57:12.232598,217992,18.37,18.36,2030,7324,-5073,3127
4,AA,2020-11-18,0 days 15:59:44.226809,228839,18.36,18.35,6190,4020,-2629,4671
5,AA,2020-11-18,0 days 15:59:46.227300,231468,18.36,18.35,8390,1424,1684,-2629
6,AA,2020-11-18,0 days 15:59:47.227118,225202,18.36,18.35,11554,539,-6266,1684
7,AA,2020-11-18,0 days 15:59:48.227357,231468,18.36,18.35,11354,391,334,-6266
8,AA,2020-11-18,0 days 15:59:49.226617,230724,18.35,18.34,10300,400,-744,334
9,ABB,2020-11-18,0 days 15:56:49.239484,12429,27.58,27.57,7912,12441,211,-1782
10,ABB,2020-11-18,0 days 15:58:57.244021,14950,27.58,27.57,7897,18286,-465,2104
11,ABB,2020-11-18,0 days 15:59:46.248727,18346,27.56,27.55,22500,10067,387,-213
12,ABB,2020-11-18,0 days 15:59:47.247445,18233,27.56,27.55,21500,10467,-113,387
13,ABC,2020-11-18,0 days 15:55:00.257961,72914,103.68,103.52,200,100,-686,10536
14,ABC,2020-11-18,0 days 15:56:17.260923,74864,103.63,103.55,300,253,45,-553
15,ABC,2020-11-18,0 days 15:56:18.260998,74309,103.63,103.55,100,100,-555,45
16,ABC,2020-11-18,0 days 15:56:24.260645,75044,103.59,103.54,200,100,385,-735
17,ABC,2020-11-18,0 days 15:56:25.261500,74529,103.59,103.53,200,200,-515,385
18,ABC,2020-11-18,0 days 15:57:35.263099,77444,103.51,103.47,202,100,623,-477
19,ABC,2020-11-18,0 days 15:57:36.262839,77267,103.51,103.47,202,100,-177,623
20,ABC,2020-11-18,0 days 15:57:38.263515,77444,103.53,103.48,300,200,123,-377
21,ABC,2020-11-18,0 days 15:57:39.263559,77367,103.51,103.46,202,100,-77,123
22,ABC,2020-11-18,0 days 15:57:41.263760,77444,103.5,103.46,102,335,623,-77
23,ABC,2020-11-18,0 days 15:57:56.264220,78767,103.58,103.52,140,200,-277,123
24,ABC,2020-11-18,0 days 15:57:58.264278,78664,103.58,103.51,240,103,3,-97
25,ABC,2020-11-18,0 days 15:58:09.265129,77867,103.71,103.61,118,300,-695,105
26,ABC,2020-11-18,0 days 15:58:10.265877,77562,103.64,103.59,100,100,1305,-695
27,ABC,2020-11-18,0 days 15:58:12.265182,78067,103.64,103.6,100,100,-1438,405
28,ABC,2020-11-18,0 days 15:58:13.265627,77805,103.64,103.6,100,100,262,-1438
29,ABC,2020-11-18,0 days 15:58:36.266043,78967,103.64,103.6,100,100,-438,362
30,ABC,2020-11-18,0 days 15:58:37.266299,78705,103.64,103.58,100,200,262,-438
31,ABC,2020-11-18,0 days 15:59:11.268860,79803,103.64,103.57,605,200,-4050,175
32,ABC,2020-11-18,0 days 15:59:12.268250,82853,103.62,103.57,271,200,650,-4050
33,ABC,2020-11-18,0 days 15:59:13.268678,83903,103.65,103.57,100,300,-399,650
34,ABC,2020-11-18,0 days 15:59:15.269733,84302,103.62,103.57,100,364,1,-399
35,ABC,2020-11-18,0 days 15:59:18.267294,84503,103.6,103.56,100,100,-199,401
36,ABEV,2020-11-18,0 days 15:59:40.258995,222844,2.78,2.77,1465897,181197,1339,-22561
37,ABEV,2020-11-18,0 days 15:59:46.260517,258783,2.78,2.77,1447510,74540,-55154,1339
38,ABT,2020-11-18,0 days 15:59:07.259357,687694,110.14,110.12,200,730,-866,37454
39,ABT,2020-11-18,0 days 15:59:10.258883,688665,110.12,110.1,561,500,127,-904
40,ABT,2020-11-18,0 days 15:59:13.259230,692269,110.12,110.1,521,802,-10597,1241
41,ABT,2020-11-18,0 days 15:59:27.257985,737134,109.89,109.8,100,800,940,-20916
42,ABT,2020-11-18,0 days 15:59:30.262165,724424,109.93,109.87,400,905,-19421,8293
43,ABT,2020-11-18,0 days 15:59:42.259004,743932,109.86,109.84,300,300,17770,-4739
44,ABT,2020-11-18,0 days 15:59:51.247908,740999,109.88,109.81,600,480,-18938,8919
45,ABT,2020-11-18,0 days 15:59:52.247251,759937,109.82,109.77,851,500,8119,-18938
46,ACB,2020-11-18,0 days 15:59:01.245748,57831,7.01,7.0,20583,22713,19781,-26419
47,ACB,2020-11-18,0 days 15:59:02.246380,55412,7.01,7.0,21150,22713,-2419,19781
48,ACB,2020-11-18,0 days 15:59:11.247004,32714,7.02,7.01,36064,5259,22948,-3869
49,ACB,2020-11-18,0 days 15:59:12.246604,31662,7.02,7.01,36664,4559,-1052,22948
50,ACI,2020-11-18,0 days 15:59:46.260568,40878,15.76,15.75,961,200,2741,-582
51,ACI,2020-11-18,0 days 15:59:47.258866,40319,15.77,15.76,400,410,-3434,2741
52,ADT,2020-11-18,0 days 15:55:07.248294,81533,7.71,7.7,14456,6525,1114,-4466
53,ADT,2020-11-18,0 days 15:55:08.247678,78147,7.71,7.7,14856,6704,-3386,1114
54,ADT,2020-11-18,0 days 15:59:41.259866,108281,7.71,7.7,11040,21913,-2348,9452
55,ADT,2020-11-18,0 days 15:59:45.261181,110706,7.71,7.7,13547,19635,6211,-2425
56,AEE,2020-11-18,0 days 15:59:06.260968,225414,79.18,79.15,100,515,4483,-807
57,AEE,2020-11-18,0 days 15:59:45.261040,257439,78.97,78.92,200,900,-8475,92
58,AEE,2020-11-18,0 days 15:59:46.260626,256514,78.95,78.9,300,111,15107,-8475
59,AEE,2020-11-18,0 days 15:59:48.259770,272221,78.99,78.94,300,731,-2093,6107
60,AEE,2020-11-18,0 days 15:59:51.248075,265870,78.94,78.9,100,303,10251,-2617
61,AEE,2020-11-18,0 days 15:59:58.259477,266353,79.08,79.0,200,950,-717,8920
62,AEO,2020-11-18,0 days 15:55:38.285771,153746,16.81,16.8,5653,4233,206,-732
63,AEO,2020-11-18,0 days 15:55:39.286364,153952,16.81,16.8,5853,4698,-932,206
64,AEO,2020-11-18,0 days 15:58:00.290508,163963,16.79,16.78,5684,3490,-4688,5912
65,AEO,2020-11-18,0 days 15:59:00.294239,165647,16.79,16.78,5204,3927,491,-4224
66,AEO,2020-11-18,0 days 15:59:01.293904,166138,16.79,16.78,3423,4527,-28,491
67,AEO,2020-11-18,0 days 15:59:42.291929,178337,16.79,16.78,4000,3101,-504,5496
68,AEO,2020-11-18,0 days 15:59:45.293087,178841,16.79,16.78,5710,1601,7327,-504
69,AER,2020-11-18,0 days 15:56:40.238980,89930,39.95,39.94,345,500,4374,-626
70,AER,2020-11-18,0 days 15:56:41.239498,89504,39.96,39.95,321,400,-426,4374
71,AER,2020-11-18,0 days 15:59:05.244168,108053,39.93,39.92,547,195,-3356,4544
72,AER,2020-11-18,0 days 15:59:06.244853,107622,39.92,39.91,353,153,2631,-3356
73,AER,2020-11-18,0 days 15:59:08.244198,112808,39.91,39.89,499,692,-186,3276
74,AER,2020-11-18,0 days 15:59:12.244436,114294,39.92,39.9,100,484,900,-186
75,AER,2020-11-18,0 days 15:59:46.245294,115194,39.93,39.92,520,577,-475,760
76,AER,2020-11-18,0 days 15:59:47.244041,114669,39.93,39.92,320,577,525,-475
77,AES,2020-11-18,0 days 15:55:00.234808,481560,21.39,21.38,23494,5303,4667,-149237
78,AES,2020-11-18,0 days 15:57:34.239824,489821,21.4,21.39,4827,11945,-3843,857
79,AES,2020-11-18,0 days 15:57:38.240199,488764,21.4,21.39,5063,14745,1057,-1143
80,AES,2020-11-18,0 days 15:57:41.240351,489821,21.4,21.39,7932,4203,-4443,1257
81,AES,2020-11-18,0 days 15:57:42.240301,486164,21.4,21.39,7532,3755,3657,-4443
82,AES,2020-11-18,0 days 15:57:43.240351,489821,21.4,21.39,5929,6073,-4643,3657
83,AES,2020-11-18,0 days 15:58:42.243324,523460,21.4,21.39,7526,9400,-4664,3136
84,AES,2020-11-18,0 days 15:58:58.244560,514630,21.38,21.37,9615,572,-6920,5306
85,AES,2020-11-18,0 days 15:59:05.245730,522530,21.37,21.36,7385,3368,2665,-1523
86,AES,2020-11-18,0 days 15:59:07.245464,528045,21.38,21.37,7376,11374,-28579,415
87,AES,2020-11-18,0 days 15:59:46.248632,576992,21.38,21.37,10419,9900,21707,-4720
88,AFL,2020-11-18,0 days 15:55:08.233831,801867,42.97,42.96,4601,3615,-2129,3796
89,AFL,2020-11-18,0 days 15:55:09.234720,800796,42.97,42.96,4101,3889,1071,-2129
90,AFL,2020-11-18,0 days 15:55:28.236554,801867,42.96,42.95,2564,2917,-139,161
91,AFL,2020-11-18,0 days 15:55:35.236302,800906,42.96,42.95,3867,1612,961,-139
92,AFL,2020-11-18,0 days 15:56:17.236992,801825,43.0,42.99,1300,3173,-9433,967
93,AFL,2020-11-18,0 days 15:56:18.237468,801758,43.0,42.99,1900,2404,67,-9433
94,AFL,2020-11-18,0 days 15:56:20.237217,802658,43.0,42.99,1900,3104,-400,67
95,AFL,2020-11-18,0 days 15:56:24.237756,803085,43.0,42.99,2789,2694,503,-427
96,AFL,2020-11-18,0 days 15:56:35.237270,803588,43.0,42.99,1981,2998,-497,503
97,AFL,2020-11-18,0 days 15:57:08.238560,804488,42.98,42.97,3390,1714,-2585,1803
98,AFL,2020-11-18,0 days 15:57:39.241244,805473,42.95,42.94,3063,653,712,-2888
99,AFL,2020-11-18,0 days 15:57:40.241435,806185,42.95,42.94,1563,2367,-3188,712
100,AFL,2020-11-18,0 days 15:57:41.240985,804773,42.95,42.94,2863,1867,1412,-3188
101,AFL,2020-11-18,0 days 15:57:43.240873,806185,42.95,42.94,1963,3007,-3788,1412
102,AFL,2020-11-18,0 days 15:57:46.241400,803673,42.95,42.94,3349,1867,2512,-3788
103,AFL,2020-11-18,0 days 15:58:10.242413,806088,42.96,42.94,3028,6411,-1431,2444
104,AFL,2020-11-18,0 days 15:58:15.242405,806019,42.95,42.94,509,4648,1369,-7131
105,AFL,2020-11-18,0 days 15:58:16.242598,807809,42.95,42.94,909,4272,-6610,1369
106,AFL,2020-11-18,0 days 15:58:20.242599,807409,42.95,42.94,1034,4249,-7010,1390
107,AFL,2020-11-18,0 days 15:58:21.242388,806019,42.95,42.94,1076,4441,1390,-7010
108,AFL,2020-11-18,0 days 15:59:31.244546,835667,42.92,42.91,3000,3305,3163,-2719
109,AG,2020-11-18,0 days 15:56:59.239211,81911,10.29,10.28,5000,33816,5889,-1111
110,AG,2020-11-18,0 days 15:57:50.241420,87800,10.29,10.28,16018,9380,-247,553
111,AG,2020-11-18,0 days 15:57:51.241278,82547,10.29,10.28,16018,11680,5253,-247
112,AG,2020-11-18,0 days 15:59:39.247810,91677,10.29,10.28,27664,17236,-5941,6159
113,AG,2020-11-18,0 days 15:59:40.247120,89968,10.29,10.28,26302,10963,1709,-5941
114,AG,2020-11-18,0 days 15:59:46.248810,91677,10.29,10.28,27702,11865,-3883,1709
115,AG,2020-11-18,0 days 15:59:47.247492,89160,10.29,10.28,27302,11465,2517,-3883
116,AG,2020-11-18,0 days 15:59:59.244441,91677,10.29,10.28,27900,6325,-4112,2391
117,AGI,2020-11-18,0 days 15:55:00.126613,42498,8.71,8.7,26055,12628,-2054,5519
118,AGI,2020-11-18,0 days 15:59:31.124190,44995,8.7,8.69,19491,13845,371,-729
119,AGI,2020-11-18,0 days 15:59:39.122797,41966,8.7,8.69,14200,31645,-3029,371
120,AGI,2020-11-18,0 days 15:59:46.123770,44995,8.7,8.69,38684,14802,571,-729
121,AGI,2020-11-18,0 days 15:59:48.123952,44366,8.7,8.69,34784,17045,-629,571
122,AHT,2020-11-18,0 days 15:59:15.292897,18390,4.61,4.58,3500,400,248,-580
123,AIG,2020-11-18,0 days 15:55:00.236065,298278,38.74,38.73,2344,1678,2429,-10244
124,AIG,2020-11-18,0 days 15:55:01.234950,297607,38.74,38.73,2744,2479,-571,2429
125,AIG,2020-11-18,0 days 15:55:07.235147,292409,38.73,38.72,1762,1767,5274,-495
126,AIG,2020-11-18,0 days 15:55:08.235264,291483,38.73,38.72,2807,1467,-926,5274
127,AIG,2020-11-18,0 days 15:55:32.237561,306638,38.74,38.72,5776,2110,13268,-1755
128,AIG,2020-11-18,0 days 15:55:33.237113,306506,38.73,38.72,1153,2107,-32,13268
129,AIG,2020-11-18,0 days 15:56:24.238026,309135,38.75,38.74,2743,1178,2167,-2533
130,AIG,2020-11-18,0 days 15:56:25.238184,309102,38.75,38.74,2563,6500,-33,2167
131,AIG,2020-11-18,0 days 15:56:34.238266,309135,38.75,38.74,1902,6219,719,-33
132,AIG,2020-11-18,0 days 15:56:40.238996,313854,38.75,38.74,2329,6320,-497,719
133,AIG,2020-11-18,0 days 15:57:19.239655,319451,38.75,38.74,2723,3089,4503,-197
134,AIG,2020-11-18,0 days 15:57:20.239818,318954,38.75,38.74,3596,2089,-497,4503
135,AIG,2020-11-18,0 days 15:57:55.241809,344251,38.73,38.72,3728,2001,404,-3896
136,AIG,2020-11-18,0 days 15:57:57.241741,338555,38.73,38.72,3528,2586,-296,2404
137,AIG,2020-11-18,0 days 15:58:51.244315,330609,38.68,38.67,272,3693,-1592,3408
138,AIG,2020-11-18,0 days 15:59:16.246689,378051,38.65,38.63,3912,2300,-4415,2678
139,AIG,2020-11-18,0 days 15:59:40.247229,378178,38.62,38.61,500,5495,-165,17935
140,ALLY,2020-11-18,0 days 15:59:15.294184,907525,30.06,30.05,4483,766,-113400,379443
141,ALLY,2020-11-18,0 days 15:59:16.292829,906269,30.01,30.0,2444,700,8215,-113400
142,ALLY,2020-11-18,0 days 15:59:37.291688,945227,30.01,30.0,2545,2800,-28798,32302
143,ALLY,2020-11-18,0 days 15:59:50.294658,836268,30.02,30.01,4828,759,119647,-29553
144,AM,2020-11-18,0 days 15:55:00.230090,560507,6.44,6.43,17496,4377,11581,-278764
145,AM,2020-11-18,0 days 15:55:46.230110,577076,6.44,6.43,14058,5900,-20945,10155
146,AM,2020-11-18,0 days 15:55:47.228913,568421,6.44,6.43,14558,5900,8655,-20945
147,AM,2020-11-18,0 days 15:58:09.232316,587302,6.45,6.44,8015,15750,-4275,9925
148,AM,2020-11-18,0 days 15:58:10.232460,580628,6.45,6.44,8115,15750,2574,-4275
149,AMCR,2020-11-18,0 days 15:59:07.245805,657030,11.85,11.84,9148,13098,-3227,36274
150,AMCR,2020-11-18,0 days 15:59:14.246527,660568,11.85,11.84,9094,13223,15130,-1569
151,AMCR,2020-11-18,0 days 15:59:16.245319,675698,11.85,11.84,8894,9923,-40383,15130
152,AMCR,2020-11-18,0 days 15:59:17.245388,668481,11.85,11.84,13694,9445,7217,-40383
153,AMCR,2020-11-18,0 days 15:59:46.245636,687394,11.84,11.83,25883,5065,-5841,8239
154,AMCR,2020-11-18,0 days 15:59:47.244491,683135,11.84,11.83,26583,3665,4259,-5841
155,AMWL,2020-11-18,0 days 15:55:00.251684,61516,22.57,22.55,1089,700,-439,24414
156,AMWL,2020-11-18,0 days 15:55:22.252838,65060,22.55,22.51,400,100,333,-144
157,AMWL,2020-11-18,0 days 15:58:01.260239,62263,22.59,22.56,494,100,-299,481
158,AMWL,2020-11-18,0 days 15:59:07.261668,63762,22.63,22.62,389,414,14104,-812
159,AMWL,2020-11-18,0 days 15:59:11.261317,68741,22.65,22.62,100,338,-321,904
160,AMWL,2020-11-18,0 days 15:59:12.261363,68462,22.65,22.62,100,338,412,-321
161,AMWL,2020-11-18,0 days 15:59:45.262153,76921,22.5,22.47,100,100,-1611,659
162,AMWL,2020-11-18,0 days 15:59:46.262234,76332,22.5,22.47,100,100,489,-1611
163,AMX,2020-11-18,0 days 15:59:11.234525,54128,14.29,14.28,15089,3200,-665,3784
164,AMX,2020-11-18,0 days 15:59:16.225155,51576,14.29,14.28,12471,6000,2552,-1048
165,AMX,2020-11-18,0 days 15:59:46.227391,58845,14.28,14.27,24134,6145,-931,1969
166,AMX,2020-11-18,0 days 15:59:48.227374,57376,14.28,14.27,23934,6008,69,-931
167,APLE,2020-11-18,0 days 15:57:57.264738,142414,12.88,12.87,4099,2992,2719,-1781
168,APLE,2020-11-18,0 days 15:58:16.265534,143550,12.88,12.87,6218,2431,2583,-817
169,APLE,2020-11-18,0 days 15:59:14.269144,160549,12.88,12.87,3189,5739,-3511,4193
170,APLE,2020-11-18,0 days 15:59:15.269827,158960,12.88,12.87,3189,5639,1589,-3511
171,AR,2020-11-18,0 days 15:55:17.236392,262383,3.89,3.88,11903,23550,-2329,2371
172,AR,2020-11-18,0 days 15:55:18.236912,250412,3.89,3.88,12103,23324,11971,-2329
173,AR,2020-11-18,0 days 15:59:16.246264,266548,3.89,3.88,13364,33421,-10536,10556
174,AR,2020-11-18,0 days 15:59:17.246162,260884,3.89,3.88,14125,29310,5664,-10536
175,AR,2020-11-18,0 days 15:59:46.248521,280848,3.88,3.87,37807,18157,-19267,8236
176,AR,2020-11-18,0 days 15:59:47.247300,278015,3.88,3.87,24607,14357,2833,-19267
177,ARMK,2020-11-18,0 days 15:55:00.234708,115144,34.0,33.98,1021,334,11149,-11135
178,ARMK,2020-11-18,0 days 15:55:39.237398,126822,33.98,33.97,1281,414,-4617,746
179,ARMK,2020-11-18,0 days 15:55:40.238028,126539,33.98,33.97,1381,414,283,-4617
180,ARMK,2020-11-18,0 days 15:56:04.237899,130481,34.02,34.01,504,200,-18058,542
181,ARMK,2020-11-18,0 days 15:57:41.240203,129770,34.0,33.98,200,200,21580,-1320
182,ARMK,2020-11-18,0 days 15:58:13.242585,148470,34.02,34.0,100,800,33,-4567
183,ARMK,2020-11-18,0 days 15:58:15.241985,145703,34.04,34.01,400,709,-2767,33
184,ARMK,2020-11-18,0 days 15:59:21.242945,143330,34.0,33.97,100,330,23777,-1590
185,ASAN,2020-11-18,0 days 15:57:21.253065,3555,22.72,22.66,300,105,-1550,250
186,ASAN,2020-11-18,0 days 15:57:22.252198,3405,22.72,22.66,300,105,150,-1550
187,ASAN,2020-11-18,0 days 15:59:46.260402,3825,22.76,22.64,400,400,-1,119
188,ATI,2020-11-18,0 days 15:56:47.287219,132423,13.57,13.56,603,1895,-19,1167
189,ATI,2020-11-18,0 days 15:57:10.288061,128942,13.56,13.54,600,2306,3625,-1775
190,ATI,2020-11-18,0 days 15:59:10.292951,134408,13.57,13.56,1331,693,-4096,3680
191,ATI,2020-11-18,0 days 15:59:11.293234,131604,13.55,13.54,200,2100,13082,-4096
192,ATI,2020-11-18,0 days 15:59:27.291026,147579,13.57,13.56,300,2805,-16494,672
193,ATI,2020-11-18,0 days 15:59:28.290847,143773,13.57,13.56,300,665,3806,-16494
194,ATI,2020-11-18,0 days 15:59:46.291872,154274,13.56,13.55,1077,2219,-2173,5068
195,ATI,2020-11-18,0 days 15:59:48.291461,152116,13.54,13.53,600,1400,2158,-642
196,ATUS,2020-11-18,0 days 15:55:42.285971,175089,31.54,31.53,209,5460,24130,-870
197,ATUS,2020-11-18,0 days 15:57:04.287905,207329,31.57,31.56,2330,2604,-9017,5983
198,ATUS,2020-11-18,0 days 15:57:05.288032,207146,31.56,31.55,2400,2412,183,-9017
199,ATUS,2020-11-18,0 days 15:57:34.288377,209057,31.55,31.54,7224,2000,-188,1812
200,ATUS,2020-11-18,0 days 15:57:35.288498,209045,31.55,31.54,10098,1312,12,-188
201,ATUS,2020-11-18,0 days 15:57:37.288855,209057,31.55,31.54,10198,1386,-188,12
202,ATUS,2020-11-18,0 days 15:57:39.288942,207235,31.5,31.49,42866,1395,4255,-788
203,ATUS,2020-11-18,0 days 15:58:12.290468,209057,31.56,31.55,101,7259,-5152,503
204,ATUS,2020-11-18,0 days 15:59:02.292173,217600,31.58,31.57,1505,5522,1120,-2227
205,ATUS,2020-11-18,0 days 15:59:11.293083,233766,31.59,31.58,1691,5502,769,-4461
206,ATUS,2020-11-18,0 days 15:59:19.290839,234535,31.59,31.58,300,6543,-290,411
207,ATUS,2020-11-18,0 days 15:59:20.290625,234525,31.59,31.58,1692,2782,10,-290
208,ATUS,2020-11-18,0 days 15:59:45.292783,244762,31.55,31.54,7160,2000,-12383,247
209,ATUS,2020-11-18,0 days 15:59:46.291602,244145,31.55,31.54,6941,1600,617,-12383
210,AU,2020-11-18,0 days 15:55:00.235367,56286,22.56,22.55,2632,1500,-18761,20195
211,AU,2020-11-18,0 days 15:55:01.234885,55447,22.56,22.55,3976,400,839,-18761
212,AU,2020-11-18,0 days 15:59:16.246490,71810,22.52,22.51,2295,2004,-4811,1549
213,AU,2020-11-18,0 days 15:59:17.246402,71021,22.51,22.5,1485,2663,589,-4811
214,AU,2020-11-18,0 days 15:59:34.246621,70437,22.53,22.52,3940,756,660,-2940
215,AU,2020-11-18,0 days 15:59:46.248838,71097,22.53,22.52,4040,398,-3468,660
216,AUY,2020-11-18,0 days 15:59:08.244113,112456,5.34,5.33,264932,340931,3374,-15341
217,AVTR,2020-11-18,0 days 15:59:06.261728,254522,26.55,26.54,273,100,-3822,7760
218,AVTR,2020-11-18,0 days 15:59:28.259849,251870,26.56,26.55,600,749,10514,-13193
219,AVTR,2020-11-18,0 days 15:59:46.261612,262425,26.56,26.55,551,338,-12335,4339
220,AVTR,2020-11-18,0 days 15:59:47.261176,267160,26.54,26.52,800,1700,14973,-12335
221,AVTR,2020-11-18,0 days 15:59:50.264209,240491,26.53,26.52,500,1319,46942,-7858
222,AXP,2020-11-18,0 days 15:57:41.263799,382184,114.35,114.31,300,208,4305,-2495
223,AXP,2020-11-18,0 days 15:58:06.266114,378164,114.58,114.51,400,479,-4522,2179
224,AXP,2020-11-18,0 days 15:58:18.265551,383526,114.48,114.43,100,200,1726,-3192
225,AXP,2020-11-18,0 days 15:58:22.265846,383275,114.54,114.51,300,200,-251,1250
226,AXP,2020-11-18,0 days 15:58:25.266020,383526,114.49,114.44,420,200,1726,-251
227,AXP,2020-11-18,0 days 15:58:49.266948,383275,114.4,114.38,400,115,-251,2215
228,AXP,2020-11-18,0 days 15:58:51.266858,383526,114.4,114.36,431,100,2261,-251
229,AXP,2020-11-18,0 days 15:58:56.267331,383187,114.39,114.33,400,302,-339,1662
230,AXP,2020-11-18,0 days 15:59:30.270520,403439,114.33,114.26,3575,1100,1686,-16442
231,AXTA,2020-11-18,0 days 15:56:49.231198,67846,28.21,28.2,1222,1822,-90,1638
232,AXTA,2020-11-18,0 days 15:56:50.231004,67136,28.21,28.2,2117,534,710,-90
233,AXTA,2020-11-18,0 days 15:59:28.225486,91744,28.21,28.2,529,3300,-1157,375
234,AXTA,2020-11-18,0 days 15:59:29.225243,90701,28.21,28.2,1029,2300,1043,-1157
235,AXTA,2020-11-18,0 days 15:59:43.226380,91835,28.21,28.2,2500,1684,-852,434
236,AXTA,2020-11-18,0 days 15:59:44.226797,91187,28.2,28.19,2678,784,648,-852
237,AXTA,2020-11-18,0 days 15:59:45.227787,91835,28.2,28.19,900,3284,-475,648
238,AZUL,2020-11-18,0 days 15:56:47.253244,20065,19.39,19.38,2414,1580,-1267,1153
239,AZUL,2020-11-18,0 days 15:56:48.252864,19132,19.39,19.38,2414,1580,933,-1267
240,AZUL,2020-11-18,0 days 15:57:31.253687,20065,19.38,19.37,2280,800,-467,933
241,AZUL,2020-11-18,0 days 15:57:32.253467,19232,19.38,19.37,2480,700,833,-467
242,AZUL,2020-11-18,0 days 15:59:16.259814,22674,19.36,19.35,1100,1153,-1726,742
243,AZUL,2020-11-18,0 days 15:59:17.258428,22100,19.36,19.35,2100,853,574,-1726
244,AZUL,2020-11-18,0 days 15:59:46.260676,22674,19.36,19.35,2105,11810,-1909,274
245,AZUL,2020-11-18,0 days 15:59:47.258956,22383,19.36,19.35,1805,11710,291,-1909
246,BA,2020-11-18,0 days 15:51:02.279221,222002,204.24,204.15,300,100,391,-1949
247,BA,2020-11-18,0 days 15:51:04.279154,222393,204.3,204.24,200,550,-1949,391
248,BA,2020-11-18,0 days 15:51:05.279195,222002,204.3,204.24,200,450,391,-1949
249,BA,2020-11-18,0 days 15:51:06.279877,222393,204.3,204.25,100,102,-1949,391
250,BA,2020-11-18,0 days 15:51:08.279495,222002,204.29,204.18,100,100,391,-1949
251,BA,2020-11-18,0 days 15:53:04.280492,222393,204.38,204.3,100,100,-1949,391
252,BA,2020-11-18,0 days 15:55:18.284665,257561,203.83,203.78,300,1000,-354,1253
253,BA,2020-11-18,0 days 15:55:20.284713,256815,203.83,203.69,200,100,746,-2954
254,BA,2020-11-18,0 days 15:55:57.286456,262582,203.72,203.62,100,200,-1567,670
255,BA,2020-11-18,0 days 15:55:58.286116,261649,203.73,203.62,300,201,933,-1567
256,BA,2020-11-18,0 days 15:56:03.287804,262582,203.78,203.73,650,200,-674,933
257,BA,2020-11-18,0 days 15:56:04.286225,261856,203.78,203.73,887,200,726,-674
258,BA,2020-11-18,0 days 15:56:10.286947,262693,203.78,203.71,472,200,-563,933
259,BA,2020-11-18,0 days 15:56:11.286540,261956,203.78,203.71,372,200,737,-563
260,BA,2020-11-18,0 days 15:56:15.286415,262693,203.78,203.7,572,404,-663,944
261,BA,2020-11-18,0 days 15:56:16.286336,261956,203.78,203.73,672,578,737,-663
262,BA,2020-11-18,0 days 15:56:40.287531,262757,203.6,203.54,100,100,-2094,906
263,BA,2020-11-18,0 days 15:56:41.287633,261951,203.64,203.51,600,200,806,-2094
264,BA,2020-11-18,0 days 15:57:32.288682,264057,203.39,203.31,504,300,-1594,806
265,BA,2020-11-18,0 days 15:58:10.290583,265147,203.42,203.3,300,120,559,-541
266,BA,2020-11-18,0 days 15:58:16.290593,265147,203.4,203.32,400,300,259,-1341
267,BA,2020-11-18,0 days 15:58:59.292672,267131,203.49,203.41,100,100,333,-1567
268,BA,2020-11-18,0 days 15:59:00.294239,266564,203.5,203.42,115,400,-567,333
269,BA,2020-11-18,0 days 15:59:03.292585,267464,203.5,203.45,242,300,600,-400
270,BA,2020-11-18,0 days 15:59:04.292694,266964,203.5,203.46,200,400,-500,600
271,BA,2020-11-18,0 days 15:59:05.293045,267464,203.46,203.38,200,332,1186,-500
272,BA,2020-11-18,0 days 15:59:13.294026,270315,203.49,203.43,300,431,-301,241
273,BA,2020-11-18,0 days 15:59:14.294139,270116,203.44,203.4,100,700,199,-301
274,BA,2020-11-18,0 days 15:59:18.290716,273146,203.56,203.44,100,825,-570,430
275,BA,2020-11-18,0 days 15:59:19.290927,272816,203.62,203.52,300,400,330,-570
276,BA,2020-11-18,0 days 15:59:20.290794,273096,203.67,203.6,300,100,-1620,330
277,BA,2020-11-18,0 days 15:59:21.290776,271016,203.7,203.6,300,1120,2080,-1620
278,BA,2020-11-18,0 days 15:59:22.290639,273096,203.7,203.61,300,250,-1528,2080
279,BA,2020-11-18,0 days 15:59:23.291214,272916,203.7,203.6,300,500,591,-1528
280,BA,2020-11-18,0 days 15:59:27.291068,271029,203.73,203.63,305,300,2878,-2622
281,BA,2020-11-18,0 days 15:59:29.290837,273507,203.72,203.66,101,200,-2762,238
282,BA,2020-11-18,0 days 15:59:30.293623,271369,203.69,203.55,450,320,2938,-2762
283,BA,2020-11-18,0 days 15:59:37.291665,280683,203.3,203.13,400,1200,-3078,7879
284,BA,2020-11-18,0 days 15:59:39.291646,276561,203.37,203.22,600,900,722,-2878
285,BA,2020-11-18,0 days 15:59:44.292104,276561,203.45,203.31,500,250,422,-678
286,BA,2020-11-18,0 days 15:59:46.291951,277483,203.47,203.36,100,950,-2978,822
287,BA,2020-11-18,0 days 15:59:47.291580,276971,203.51,203.37,300,700,12,-2978
288,BA,2020-11-18,0 days 15:59:48.291498,276983,203.54,203.4,400,650,-298,12
289,BA,2020-11-18,0 days 15:59:51.292169,276770,203.46,203.37,400,509,213,-187
290,BABA,2020-11-18,0 days 15:59:16.122307,1596171,256.6,256.5,100,269,-15171,158428
291,BABA,2020-11-18,0 days 15:59:17.124248,1593542,256.44,256.36,168,100,10248,-15171
292,BABA,2020-11-18,0 days 15:59:44.122815,1618279,256.01,255.99,100,300,1725,-3779
293,BABA,2020-11-18,0 days 15:59:48.123543,1620004,256.02,256.0,824,100,-10833,870
294,BABA,2020-11-18,0 days 15:59:49.121959,1618837,255.99,255.82,400,300,11270,-10833
295,BABA,2020-11-18,0 days 15:59:53.116550,1630107,256.0,255.97,924,300,-44369,11028
296,BAC,2020-11-18,0 days 15:59:31.226101,3697842,26.99,26.98,9204,83260,-27607,119805
297,BAC,2020-11-18,0 days 15:59:33.226137,3697149,26.99,26.98,5675,82260,693,-18307
298,BAC,2020-11-18,0 days 15:59:47.227118,3859924,26.97,26.96,33902,64881,-17906,43394
299,BAC,2020-11-18,0 days 15:59:51.227238,3748231,26.99,26.98,59800,15200,-72640,71491
300,BAM,2020-11-18,0 days 15:55:00.236082,105737,40.88,40.87,1156,1208,-1236,4838
301,BAM,2020-11-18,0 days 15:56:09.238121,116555,40.88,40.87,500,3506,1972,-2366
302,BAM,2020-11-18,0 days 15:56:10.238318,114827,40.88,40.87,300,4006,-1728,1972
303,BAM,2020-11-18,0 days 15:57:17.240345,116575,40.86,40.85,2586,500,863,-237
304,BAM,2020-11-18,0 days 15:57:18.238873,115338,40.86,40.85,2307,1400,-1237,863
305,BAM,2020-11-18,0 days 15:58:10.242350,123234,40.87,40.86,882,1842,628,-1872
306,BAM,2020-11-18,0 days 15:58:11.241818,121362,40.87,40.86,1382,2809,-1872,628
307,BAM,2020-11-18,0 days 15:58:56.243516,123234,40.87,40.86,2717,1500,2352,-1872
308,BAM,2020-11-18,0 days 15:58:57.243369,121786,40.87,40.86,2317,1400,-1448,2352
309,BAM,2020-11-18,0 days 15:58:58.243760,123234,40.87,40.86,2517,974,729,-1448
310,BAM,2020-11-18,0 days 15:58:59.244048,121963,40.87,40.86,2517,980,-1271,729
311,BAM,2020-11-18,0 days 15:59:26.243346,121938,40.86,40.85,1021,2932,-1201,699
312,BAM,2020-11-18,0 days 15:59:44.243730,121439,40.85,40.84,773,2615,817,-883
313,BAM,2020-11-18,0 days 15:59:47.244303,122753,40.86,40.85,2700,2065,-386,6984
314,BBD,2020-11-18,0 days 15:59:37.244576,692383,4.65,4.64,316236,650049,43047,-3553
315,BBD,2020-11-18,0 days 15:59:38.244680,688830,4.65,4.64,306526,651049,-3553,43047
316,BBD,2020-11-18,0 days 15:59:47.244790,715383,4.65,4.64,514436,405823,46669,-25477
317,BBD,2020-11-18,0 days 15:59:48.245209,713352,4.65,4.64,508436,405823,-2031,46669
318,BBVA,2020-11-18,0 days 15:55:05.251523,27724,4.04,4.03,133172,214926,-78606,21394
319,BBVA,2020-11-18,0 days 15:57:51.257293,174246,4.04,4.03,108183,223856,38818,-68908
320,BBVA,2020-11-18,0 days 15:57:52.257826,161964,4.04,4.03,108183,223856,-12282,38818
321,BBY,2020-11-18,0 days 15:59:45.260885,273163,117.91,117.81,100,100,1049,-551
322,BBY,2020-11-18,0 days 15:59:50.263659,232896,117.9,117.8,100,1099,-40309,4879
323,BCS,2020-11-18,0 days 15:56:47.261751,111597,7.38,7.37,25173,102133,929,-1491
324,BCS,2020-11-18,0 days 15:56:48.261698,104626,7.38,7.37,26973,103333,-6971,929
325,BCS,2020-11-18,0 days 15:59:01.269172,114707,7.37,7.36,182248,71910,40392,-52739
326,BCS,2020-11-18,0 days 15:59:02.267974,108699,7.37,7.36,163348,69710,-3908,40392
327,BCS,2020-11-18,0 days 15:59:46.269978,114000,7.36,7.35,131209,72123,8970,-2879
328,BE,2020-11-18,0 days 15:59:08.131687,92666,18.55,18.53,808,100,-8809,1336
329,BE,2020-11-18,0 days 15:59:09.131737,91075,18.55,18.53,808,100,1591,-8809
330,BE,2020-11-18,0 days 15:59:35.123280,96779,18.54,18.53,459,198,-452,3752
331,BE,2020-11-18,0 days 15:59:46.123628,99379,18.52,18.51,138,293,-3852,448
332,BEKE,2020-11-18,0 days 15:55:46.230104,77649,61.04,60.94,100,1100,4663,-437
333,BEKE,2020-11-18,0 days 15:55:47.228913,76112,61.05,61.0,194,200,-1537,4663
334,BEKE,2020-11-18,0 days 15:56:42.229994,78431,61.05,60.91,253,503,9242,-2258
335,BEKE,2020-11-18,0 days 15:56:43.230388,77812,61.05,60.91,253,400,-619,9242
336,BEKE,2020-11-18,0 days 15:57:52.230212,79110,60.98,60.9,300,313,112,-188
337,BEKE,2020-11-18,0 days 15:57:53.230325,78922,60.93,60.85,100,200,-188,112
338,BEKE,2020-11-18,0 days 15:57:56.230376,79110,60.93,60.85,100,200,212,-188
339,BEKE,2020-11-18,0 days 15:57:57.231440,78622,60.93,60.85,100,200,-488,212
340,BEKE,2020-11-18,0 days 15:58:10.232460,79110,61.17,60.97,1227,200,3194,-506
341,BEKE,2020-11-18,0 days 15:58:12.232696,78904,61.17,60.98,1200,100,-206,94
342,BEKE,2020-11-18,0 days 15:58:21.232852,79110,61.03,60.98,100,100,94,-206
343,BEKE,2020-11-18,0 days 15:58:22.232480,78904,61.03,60.98,100,100,-206,94
344,BEKE,2020-11-18,0 days 15:59:46.227419,79143,61.16,60.98,108,1000,5733,-253
345,BEN,2020-11-18,0 days 15:56:10.286865,254540,21.38,21.37,1346,4566,-130,4257
346,BEN,2020-11-18,0 days 15:56:13.286243,254022,21.38,21.37,2062,4466,518,-130
347,BEN,2020-11-18,0 days 15:56:19.286786,254540,21.38,21.37,2105,5113,-682,518
348,BEN,2020-11-18,0 days 15:56:24.286788,255222,21.38,21.37,2660,3793,1078,-682
349,BEN,2020-11-18,0 days 15:56:47.287186,256548,21.38,21.37,4525,1067,-1094,1326
350,BEN,2020-11-18,0 days 15:56:48.287629,256142,21.38,21.37,4325,960,406,-1094
351,BEN,2020-11-18,0 days 15:57:08.287481,256548,21.38,21.37,3985,1802,-4033,406
352,BEN,2020-11-18,0 days 15:58:07.290503,263627,21.38,21.37,1606,3550,-1306,494
353,BEN,2020-11-18,0 days 15:58:08.291096,262333,21.38,21.37,2110,2481,1294,-1306
354,BEN,2020-11-18,0 days 15:58:12.290566,263627,21.38,21.37,2804,2151,-1760,1294
355,BEN,2020-11-18,0 days 15:58:13.290741,262587,21.38,21.37,3804,941,1040,-1760
356,BEN,2020-11-18,0 days 15:58:48.291609,264827,21.36,21.35,3446,3300,-39600,4800
357,BEN,2020-11-18,0 days 15:59:06.294422,267290,21.36,21.35,3347,3132,-17592,1058
358,BEN,2020-11-18,0 days 15:59:11.293194,255286,21.36,21.35,3728,1602,12129,-6646
359,BEN,2020-11-18,0 days 15:59:12.293250,267415,21.36,21.35,5028,1784,-3771,12129
360,BEN,2020-11-18,0 days 15:59:43.291312,282497,21.33,21.32,5367,2504,447,-1838
361,BEN,2020-11-18,0 days 15:59:50.294241,272857,21.33,21.32,3421,3304,11590,-4410
362,BEST,2020-11-18,0 days 15:55:00.250865,51311,3.15,3.14,5500,14861,-5588,2308
363,BEST,2020-11-18,0 days 15:57:08.255163,64199,3.15,3.14,7024,7701,1606,-2794
364,BEST,2020-11-18,0 days 15:57:09.255467,63005,3.15,3.14,6445,8001,-1194,1606
365,BEST,2020-11-18,0 days 15:57:53.257303,61105,3.14,3.13,12436,7060,-94,5806
366,BHC,2020-11-18,0 days 15:55:00.127225,58555,19.31,19.3,609,2730,1983,-4086
367,BHC,2020-11-18,0 days 15:59:09.131886,45660,19.34,19.33,7657,500,659,-104
368,BHC,2020-11-18,0 days 15:59:17.124915,66780,19.35,19.34,1806,2927,-2050,18138
369,BHC,2020-11-18,0 days 15:59:20.122925,65830,19.35,19.34,2100,3677,950,-1150
370,BHC,2020-11-18,0 days 15:59:50.127446,65296,19.34,19.33,5128,3227,1484,-716
371,BHP,2020-11-18,0 days 15:56:50.287745,31097,53.36,53.35,1100,2459,-246,760
372,BHP,2020-11-18,0 days 15:56:51.287266,30043,53.36,53.35,1700,2157,1054,-246
373,BHP,2020-11-18,0 days 15:59:06.294468,31194,53.34,53.33,1865,2843,-2914,1307
374,BHP,2020-11-18,0 days 15:59:07.293471,30881,53.34,53.33,2587,1743,313,-2914
375,BHP,2020-11-18,0 days 15:59:09.293298,25569,53.34,53.33,3868,253,-1712,313
376,BHP,2020-11-18,0 days 15:59:16.292665,28320,53.34,53.33,3818,1497,2774,-2212
377,BHP,2020-11-18,0 days 15:59:46.291872,32040,53.33,53.32,2208,2177,-163,320
378,BHP,2020-11-18,0 days 15:59:48.291461,31703,53.33,53.32,2008,2777,337,-163
379,BJ,2020-11-18,0 days 15:55:16.229958,172784,42.98,42.94,100,500,729,-377
380,BJ,2020-11-18,0 days 15:55:17.230495,172613,42.98,42.94,100,500,-171,729
381,BJ,2020-11-18,0 days 15:55:22.228033,174884,42.96,42.94,304,500,1935,-365
382,BJ,2020-11-18,0 days 15:55:23.228643,174719,43.0,42.95,100,144,-165,1935
383,BJ,2020-11-18,0 days 15:56:34.230047,182122,42.98,42.95,105,200,94,-406
384,BJ,2020-11-18,0 days 15:56:35.229516,181937,42.99,42.97,318,100,-185,94
385,BJ,2020-11-18,0 days 15:57:40.229833,237446,43.0,42.98,205,200,-236,2964
386,BJ,2020-11-18,0 days 15:58:12.232653,212079,43.06,43.03,200,1220,14,-4779
387,BJ,2020-11-18,0 days 15:58:13.232815,206493,43.06,43.03,100,1320,-5586,14
388,BJ,2020-11-18,0 days 15:59:07.233843,213387,43.09,43.03,100,300,23987,-3028
389,BJ,2020-11-18,0 days 15:59:08.234260,233074,43.06,43.04,144,100,-2276,23987
390,BJ,2020-11-18,0 days 15:59:14.234645,239153,43.09,43.03,100,300,5120,-4881
391,BJ,2020-11-18,0 days 15:59:31.226003,246406,43.08,43.02,586,219,1274,-2739
392,BJ,2020-11-18,0 days 15:59:32.225885,243680,43.08,43.04,386,100,-3526,1274
393,BJ,2020-11-18,0 days 15:59:38.226240,246406,43.08,43.02,486,300,674,-2726
394,BJ,2020-11-18,0 days 15:59:42.226478,218080,43.09,43.07,420,100,-29126,674
395,BJ,2020-11-18,0 days 15:59:46.227213,247206,43.07,43.04,300,120,1249,-1126
396,BJ,2020-11-18,0 days 15:59:48.227265,245555,43.07,43.04,300,100,-1795,1105
397,BK,2020-11-18,0 days 15:59:07.131223,586185,38.87,38.86,1700,400,-3988,4702
398,BKR,2020-11-18,0 days 15:55:00.258177,379906,18.66,18.65,2200,3622,6385,-27805
399,BKR,2020-11-18,0 days 15:57:36.263029,403364,18.68,18.67,5530,4511,-436,3464
400,BKR,2020-11-18,0 days 15:57:37.263488,402300,18.68,18.67,4766,5111,1064,-436
401,BKR,2020-11-18,0 days 15:57:38.263645,403364,18.68,18.67,4595,5593,-9436,1064
402,BKR,2020-11-18,0 days 15:57:39.263648,398600,18.68,18.67,6895,3553,4764,-9436
403,BKR,2020-11-18,0 days 15:57:44.263534,403364,18.68,18.67,2800,5008,-3436,1364
404,BKR,2020-11-18,0 days 15:57:45.264115,402300,18.68,18.67,4816,3227,1064,-3436
405,BKR,2020-11-18,0 days 15:58:21.266471,405764,18.67,18.66,6671,4807,-2692,708
406,BKR,2020-11-18,0 days 15:58:23.265971,404156,18.67,18.66,5786,5291,1608,-92
407,BKR,2020-11-18,0 days 15:59:07.268426,408304,18.67,18.66,12515,937,-20519,1102
408,BKR,2020-11-18,0 days 15:59:46.270126,524069,18.62,18.61,4420,7800,-1361,7842
409,BMY,2020-11-18,0 days 15:59:17.291727,1674164,62.07,62.06,1104,1000,-22990,558041
410,BMY,2020-11-18,0 days 15:59:20.290767,1678295,62.06,62.05,1576,1668,6469,-21551
411,BMY,2020-11-18,0 days 15:59:26.291108,1670537,62.08,62.07,1300,1081,12027,-425
412,BMY,2020-11-18,0 days 15:59:27.291001,1670664,62.08,62.07,700,1176,-5773,12027
413,BMY,2020-11-18,0 days 15:59:30.293527,1677437,62.07,62.06,1636,337,75,-1673
414,BMY,2020-11-18,0 days 15:59:34.292786,1695563,62.08,62.07,800,2984,-62934,1462
415,BMY,2020-11-18,0 days 15:59:37.291608,1750011,62.05,62.03,1446,2436,-2542,14554
416,BMY,2020-11-18,0 days 15:59:41.292059,1753264,62.04,62.03,1400,1194,11164,-1462
417,BMY,2020-11-18,0 days 15:59:44.292011,1753229,62.04,62.03,1846,300,-684,1216
418,BMY,2020-11-18,0 days 15:59:45.292954,1754480,62.02,62.01,500,2974,701,-684
419,BMY,2020-11-18,0 days 15:59:46.291807,1753881,62.03,62.02,1960,300,-25014,701
420,BP,2020-11-18,0 days 15:56:09.238003,136676,19.6,19.59,13663,73236,2643,-2573
421,BP,2020-11-18,0 days 15:58:57.243313,161158,19.57,19.56,63848,81849,-726,7575
422,BP,2020-11-18,0 days 15:59:50.247584,143293,19.56,19.55,48855,50635,4096,-5204
423,BRFS,2020-11-18,0 days 15:59:01.244731,55299,4.0,3.99,119934,136540,-29048,38546
424,BRFS,2020-11-18,0 days 15:59:02.245624,51847,4.0,3.99,119934,135290,2352,-29048
425,BRK.B,2020-11-18,0 days 15:58:28.259314,507818,230.26,230.17,450,100,28624,-30935
426,BRK.B,2020-11-18,0 days 15:59:11.260914,535950,230.23,230.14,111,2032,-74340,6418
427,BRK.B,2020-11-18,0 days 15:59:18.260090,612310,230.09,230.02,200,100,58237,-4981
428,BRK.B,2020-11-18,0 days 15:59:26.260914,607608,230.12,230.05,100,100,-9486,53732
429,BRK.B,2020-11-18,0 days 15:59:28.259948,617094,230.09,230.04,100,1711,53732,-9486
430,BRK.B,2020-11-18,0 days 15:59:37.260954,607508,230.11,230.04,100,320,-22559,40180
431,BRK.B,2020-11-18,0 days 15:59:45.261712,630067,230.1,230.0,200,1036,41059,-22120
432,BRK.B,2020-11-18,0 days 15:59:58.261417,618802,230.09,230.0,400,1134,-31165,32014
433,BRK.B,2020-11-18,0 days 15:59:59.259823,649967,230.09,230.0,500,1034,32014,-31165
434,BRX,2020-11-18,0 days 15:56:19.286836,359301,16.26,16.25,5437,2998,-4717,2083
435,BRX,2020-11-18,0 days 15:56:53.287284,364086,16.26,16.25,6766,678,1435,-1629
436,BRX,2020-11-18,0 days 15:57:22.287997,366021,16.26,16.25,7688,980,-797,2103
437,BRX,2020-11-18,0 days 15:59:07.293582,378138,16.25,16.24,2600,3753,12230,-4007
438,BRX,2020-11-18,0 days 15:59:48.291517,412833,16.26,16.25,1100,5480,-3728,6819
439,BSBR,2020-11-18,0 days 15:59:47.227100,24279,7.18,7.17,8677,51189,-915,355
440,BSX,2020-11-18,0 days 15:59:14.259715,592505,34.3,34.29,12921,564,2125,-107816
441,BSX,2020-11-18,0 days 15:59:16.260380,597730,34.3,34.29,12453,1937,-3776,5225
442,BSX,2020-11-18,0 days 15:59:24.258943,600606,34.27,34.26,14901,2111,3133,-2580
443,C,2020-11-18,0 days 15:57:45.230316,762479,51.13,51.12,4000,1289,708,-3782
444,C,2020-11-18,0 days 15:58:56.232380,765784,51.13,51.12,4562,1275,234,-366
445,C,2020-11-18,0 days 15:59:01.234242,765218,51.13,51.12,969,9705,-1648,1653
446,C,2020-11-18,0 days 15:59:05.234063,760992,51.11,51.1,2943,3067,5447,-427
447,C,2020-11-18,0 days 15:59:07.233618,790663,51.13,51.12,5294,500,-52840,28280
448,C,2020-11-18,0 days 15:59:33.225954,853642,51.07,51.06,8797,1483,1086,-9536
449,CAG,2020-11-18,0 days 15:56:18.131390,450368,35.53,35.52,1822,1806,-15168,4832
450,CAG,2020-11-18,0 days 15:57:44.126604,473224,35.49,35.48,3036,633,78,-1322
451,CAG,2020-11-18,0 days 15:57:45.129189,471902,35.48,35.47,2000,2628,-1322,78
452,CAG,2020-11-18,0 days 15:57:48.126545,473224,35.48,35.47,1708,2709,578,-2822
453,CAG,2020-11-18,0 days 15:57:49.126057,472002,35.49,35.48,2625,2200,-1222,578
454,CAG,2020-11-18,0 days 15:58:06.128911,471724,35.5,35.49,205,3473,1293,-1107
455,CAG,2020-11-18,0 days 15:58:07.128202,470017,35.51,35.5,900,2570,-1707,1293
456,CAG,2020-11-18,0 days 15:59:07.131185,498404,35.51,35.5,1536,2400,18598,-1144
457,CAG,2020-11-18,0 days 15:59:47.121985,522424,35.49,35.48,1484,2342,-1270,2994
458,CAG,2020-11-18,0 days 15:59:48.123672,521794,35.49,35.48,600,2742,447,-1270
459,CAH,2020-11-18,0 days 15:55:00.234637,169117,53.25,53.24,500,400,-5380,28347
460,CAH,2020-11-18,0 days 15:57:28.240466,185434,53.26,53.24,609,300,480,-4520
461,CAH,2020-11-18,0 days 15:57:42.240947,199802,53.25,53.23,884,100,-2155,12035
462,CAH,2020-11-18,0 days 15:59:48.245277,217672,53.3,53.28,651,100,-4335,1665
463,CAH,2020-11-18,0 days 15:59:50.249267,203107,53.3,53.28,851,100,10665,-6535
464,CARR,2020-11-18,0 days 15:55:00.251684,1430691,39.49,39.48,1808,1970,56765,-9256
465,CARR,2020-11-18,0 days 15:55:01.251069,1430356,39.5,39.49,3014,1128,-335,56765
466,CARR,2020-11-18,0 days 15:55:22.252838,1431574,39.5,39.49,1720,2012,9390,-410
467,CARR,2020-11-18,0 days 15:55:32.252977,1440264,39.5,39.49,900,811,-58310,8990
468,CARR,2020-11-18,0 days 15:56:02.253840,1500003,39.5,39.49,1720,1914,18482,-8192
469,CARR,2020-11-18,0 days 15:56:03.254714,1494385,39.5,39.49,609,2919,-5618,18482
470,CARR,2020-11-18,0 days 15:59:10.261221,1574946,39.49,39.48,900,1000,50166,-16834
471,CARR,2020-11-18,0 days 15:59:11.261317,1568090,39.49,39.48,1437,696,-6856,50166
472,CAT,2020-11-18,0 days 15:59:46.262133,503739,172.97,172.85,1030,700,9128,-10328
473,CAT,2020-11-18,0 days 15:59:47.261608,501053,172.95,172.88,100,200,-2809,9128
474,CAT,2020-11-18,0 days 15:59:54.261998,503522,172.89,172.74,200,100,9168,-11675
475,CCEP,2020-11-18,0 days 15:59:06.247758,120068,42.71,42.68,200,900,-3419,1376
476,CCEP,2020-11-18,0 days 15:59:07.245917,117787,42.71,42.68,320,1500,2281,-3419
477,CCEP,2020-11-18,0 days 15:59:46.245731,120068,42.69,42.65,690,585,-3980,868
478,CCEP,2020-11-18,0 days 15:59:47.244606,119148,42.69,42.66,710,656,920,-3980
479,CCI,2020-11-18,0 days 15:55:01.229346,164108,170.7,170.6,202,100,349,-51
480,CCI,2020-11-18,0 days 15:55:06.228706,164457,170.66,170.59,302,403,-751,349
481,CCI,2020-11-18,0 days 15:55:07.228874,164108,170.66,170.59,200,200,349,-751
482,CCI,2020-11-18,0 days 15:55:45.230068,175699,170.64,170.61,200,200,-9859,1141
483,CCI,2020-11-18,0 days 15:55:46.230019,175358,170.64,170.61,100,100,341,-9859
484,CCI,2020-11-18,0 days 15:55:48.228907,175699,170.7,170.62,200,500,-123,341
485,CCI,2020-11-18,0 days 15:56:05.228936,176122,170.58,170.51,318,200,266,-123
486,CCI,2020-11-18,0 days 15:57:33.229049,179043,170.68,170.65,300,525,-946,1754
487,CCI,2020-11-18,0 days 15:57:34.229175,178989,170.67,170.65,103,611,54,-946
488,CCI,2020-11-18,0 days 15:57:36.229440,179643,170.67,170.65,103,611,-346,54
489,CCI,2020-11-18,0 days 15:57:53.230231,189889,170.67,170.62,808,522,954,-246
490,CCI,2020-11-18,0 days 15:57:54.230593,188843,170.66,170.62,300,400,-1746,954
491,CCI,2020-11-18,0 days 15:58:07.232608,191140,170.71,170.65,200,610,5356,-797
492,CCI,2020-11-18,0 days 15:58:08.232739,191196,170.71,170.65,200,200,-36,5356
493,CCI,2020-11-18,0 days 15:58:42.232473,187196,170.59,170.56,100,200,-359,1441
494,CCI,2020-11-18,0 days 15:59:07.233843,209174,170.57,170.5,100,410,13163,-214
495,CCI,2020-11-18,0 days 15:59:08.234231,208437,170.57,170.5,400,110,-798,13163
496,CCI,2020-11-18,0 days 15:59:26.225168,209170,170.46,170.38,203,100,-660,340
497,CCI,2020-11-18,0 days 15:59:43.226282,213993,170.52,170.44,888,400,332,-777
498,CCI,2020-11-18,0 days 15:59:48.227157,212782,170.52,170.48,688,201,-1211,7815
499,CCI,2020-11-18,0 days 15:59:50.230081,212093,170.47,170.31,850,100,1389,-111
500,CCL,2020-11-18,0 days 15:59:31.259084,835010,17.57,17.56,23778,2929,-4836,16586
501,CCL,2020-11-18,0 days 15:59:35.259493,827159,17.57,17.56,32250,5052,7851,-4836
502,CCL,2020-11-18,0 days 15:59:48.259848,835001,17.58,17.57,28200,12225,676,-34424
503,CDE,2020-11-18,0 days 15:55:59.238067,130639,7.71,7.7,12997,7342,-34,2566
504,CDE,2020-11-18,0 days 15:56:47.238995,130673,7.71,7.7,7189,10765,2386,-34
505,CDE,2020-11-18,0 days 15:57:45.241745,137080,7.72,7.71,14913,4973,-593,307
506,CDE,2020-11-18,0 days 15:57:46.242318,134673,7.72,7.71,16313,4000,2407,-593
507,CDE,2020-11-18,0 days 15:57:50.241464,137080,7.72,7.71,19513,1800,-1093,1507
508,CDE,2020-11-18,0 days 15:57:51.241298,135073,7.72,7.71,19613,2200,2007,-1093
509,CDE,2020-11-18,0 days 15:57:53.241422,137080,7.72,7.71,19413,1900,-593,707
510,CDE,2020-11-18,0 days 15:57:54.241316,134573,7.72,7.71,18409,5400,2507,-593
511,CDE,2020-11-18,0 days 15:58:21.243103,137080,7.72,7.71,8934,16783,-54,2746
512,CDE,2020-11-18,0 days 15:58:27.243179,130834,7.72,7.71,9634,13186,6246,-54
513,CDE,2020-11-18,0 days 15:58:31.243275,136180,7.73,7.72,12088,16472,-1854,2746
514,CDE,2020-11-18,0 days 15:58:32.243049,133834,7.73,7.72,11424,16772,2346,-1854
515,CDE,2020-11-18,0 days 15:59:01.245770,136180,7.73,7.72,17664,8170,-5938,1834
516,CDE,2020-11-18,0 days 15:59:02.245351,133518,7.72,7.71,11667,15100,2662,-5938
517,CDE,2020-11-18,0 days 15:59:15.246593,137430,7.73,7.72,7600,26319,-19664,3567
518,CF,2020-11-18,0 days 15:55:00.247593,170441,32.46,32.45,200,400,5653,-9046
519,CF,2020-11-18,0 days 15:57:13.254420,201622,32.51,32.5,905,416,-618,3382
520,CF,2020-11-18,0 days 15:57:14.254033,195540,32.5,32.49,1518,715,6082,-618
521,CF,2020-11-18,0 days 15:58:37.256805,176082,32.49,32.48,800,1000,-22919,3721
522,CF,2020-11-18,0 days 15:58:38.257200,173275,32.49,32.47,1100,865,2807,-22919
523,CF,2020-11-18,0 days 15:59:07.259357,175815,32.47,32.46,315,1000,-3513,1949
524,CF,2020-11-18,0 days 15:59:08.258689,175528,32.48,32.46,1115,1000,287,-3513
525,CF,2020-11-18,0 days 15:59:14.259235,195286,32.49,32.47,985,1477,2587,-2966
526,CF,2020-11-18,0 days 15:59:20.257840,199073,32.47,32.46,831,500,-1877,9181
527,CF,2020-11-18,0 days 15:59:21.258177,197650,32.47,32.46,592,1200,1423,-1877
528,CF,2020-11-18,0 days 15:59:43.258758,199073,32.47,32.46,1268,931,-595,1754
529,CFG,2020-11-18,0 days 15:55:00.248514,194290,32.59,32.58,1314,636,-2526,14399
530,CFG,2020-11-18,0 days 15:55:44.251272,200676,32.56,32.55,4883,431,1072,-1928
531,CFG,2020-11-18,0 days 15:56:24.252247,200897,32.61,32.6,1112,1857,1820,-279
532,CFG,2020-11-18,0 days 15:56:25.252569,200817,32.61,32.6,4612,466,-80,1820
533,CFG,2020-11-18,0 days 15:56:30.252539,199679,32.62,32.61,414,3081,938,-80
534,CFG,2020-11-18,0 days 15:56:40.253124,200630,32.62,32.61,3026,1114,-143,551
535,CFG,2020-11-18,0 days 15:57:11.253720,210711,32.62,32.61,4405,416,-362,933
536,CFG,2020-11-18,0 days 15:57:13.254511,209773,32.62,32.61,4305,516,938,-362
537,CFG,2020-11-18,0 days 15:57:34.253588,211143,32.61,32.6,4114,1842,-30,770
538,CFG,2020-11-18,0 days 15:57:35.253727,210873,32.61,32.6,4517,1742,270,-30
539,CFG,2020-11-18,0 days 15:58:10.256332,213720,32.61,32.6,3906,100,323,-677
540,CFG,2020-11-18,0 days 15:58:18.256026,214043,32.61,32.6,2472,1234,-1799,301
541,CFG,2020-11-18,0 days 15:58:53.258037,227369,32.57,32.56,1800,2202,-2359,1531
542,CFG,2020-11-18,0 days 15:59:00.262218,226819,32.56,32.55,351,4100,1850,-1589
543,CFG,2020-11-18,0 days 15:59:06.261076,225767,32.57,32.56,827,3398,-15502,545
544,CFG,2020-11-18,0 days 15:59:08.258859,239769,32.56,32.55,3146,810,748,-152
545,CHGG,2020-11-18,0 days 15:55:22.236349,43532,68.98,68.94,306,563,-2024,276
546,CHGG,2020-11-18,0 days 15:55:23.236396,42256,68.98,68.94,613,563,1276,-2024
547,CHGG,2020-11-18,0 days 15:58:21.242641,42687,69.15,69.11,237,400,-236,264
548,CHGG,2020-11-18,0 days 15:58:22.242570,41823,69.15,69.11,246,400,864,-236
549,CHGG,2020-11-18,0 days 15:59:10.246574,43208,69.12,69.08,100,200,-65,1614
550,CHGG,2020-11-18,0 days 15:59:14.246828,43793,69.12,69.08,100,385,12,-65
551,CHGG,2020-11-18,0 days 15:59:46.245953,47475,69.06,69.03,300,100,-990,858
552,CHGG,2020-11-18,0 days 15:59:47.244836,46965,69.06,69.03,301,100,510,-990
553,CHGG,2020-11-18,0 days 15:59:58.246728,45975,69.1,69.03,100,800,-1190,610
554,CHGG,2020-11-18,0 days 16:00:00.245968,46865,69.14,68.97,200,200,610,-1190
555,CHL,2020-11-18,0 days 15:59:10.245589,55346,30.13,30.12,2309,2532,-3979,2051
556,CHL,2020-11-18,0 days 15:59:11.245190,53725,30.13,30.12,2109,2532,1621,-3979
557,CHWY,2020-11-18,0 days 15:55:58.230108,54745,66.45,66.39,180,300,-4155,2234
558,CHWY,2020-11-18,0 days 15:55:59.229620,52700,66.45,66.39,280,300,2045,-4155
559,CHWY,2020-11-18,0 days 15:56:59.230759,53504,66.44,66.36,301,1500,1905,-4595
560,CHWY,2020-11-18,0 days 15:58:02.233894,55221,66.36,66.31,485,810,-647,656
561,CHWY,2020-11-18,0 days 15:58:03.232330,53068,66.36,66.31,485,810,2153,-647
562,CHWY,2020-11-18,0 days 15:58:06.233984,55221,66.39,66.37,200,142,-5036,2153
563,CHWY,2020-11-18,0 days 15:58:07.232723,52344,66.39,66.34,164,200,2877,-5036
564,CHWY,2020-11-18,0 days 15:58:40.232643,49621,66.5,66.45,391,400,-4972,28
565,CHWY,2020-11-18,0 days 15:58:41.232542,49293,66.5,66.45,391,404,328,-4972
566,CHWY,2020-11-18,0 days 15:58:50.232736,55221,66.45,66.36,330,200,-5072,1317
567,CHWY,2020-11-18,0 days 15:58:51.232934,53793,66.45,66.36,330,200,1428,-5072
568,CHWY,2020-11-18,0 days 15:59:08.234320,49079,66.45,66.38,100,300,-6403,451
569,CHWY,2020-11-18,0 days 15:59:09.234646,48982,66.45,66.38,100,310,97,-6403
570,CHWY,2020-11-18,0 days 15:59:28.225516,54562,66.44,66.31,301,700,-40,760
571,CHWY,2020-11-18,0 days 15:59:33.226137,53302,66.44,66.38,308,100,1260,-40
572,CHWY,2020-11-18,0 days 15:59:40.227087,54562,66.43,66.27,310,366,-10240,1177
573,CHWY,2020-11-18,0 days 15:59:41.227036,53902,66.43,66.27,559,166,660,-10240
574,CHWY,2020-11-18,0 days 15:59:46.227419,54571,66.41,66.32,405,300,-2457,669
575,CHWY,2020-11-18,0 days 15:59:47.227118,54128,66.41,66.32,405,300,443,-2457
576,CHWY,2020-11-18,0 days 15:59:55.227776,55171,66.42,66.35,200,300,-5157,4360
577,CI,2020-11-18,0 days 15:55:00.251745,142169,211.02,210.93,358,400,7727,-17635
578,CI,2020-11-18,0 days 15:59:14.261877,211521,211.61,211.48,100,282,-445,2110
579,CI,2020-11-18,0 days 15:59:15.262343,211966,211.57,211.47,100,100,355,-445
580,CI,2020-11-18,0 days 15:59:16.262575,211521,211.57,211.47,100,100,-445,355
581,CI,2020-11-18,0 days 15:59:32.261250,224321,211.38,211.19,559,100,-1431,269
582,CI,2020-11-18,0 days 15:59:37.261227,225152,211.38,211.17,1445,100,3569,-1431
583,CI,2020-11-18,0 days 15:59:38.260802,224421,211.38,211.2,1349,200,-731,3569
584,CI,2020-11-18,0 days 15:59:44.261558,225415,211.37,211.1,1147,200,4206,-1294
585,CI,2020-11-18,0 days 15:59:45.262153,224621,211.35,211.1,1116,200,-914,4206
586,CI,2020-11-18,0 days 15:59:55.261915,221896,211.19,210.93,390,300,925,-3962
587,CIG,2020-11-18,0 days 15:55:23.236301,411739,2.29,2.28,89190,315434,-7427,1773
588,CIG,2020-11-18,0 days 15:55:24.235637,392866,2.29,2.28,89190,315434,18873,-7427
589,CIG,2020-11-18,0 days 15:59:16.245438,476743,2.3,2.29,238721,314207,-4629,13075
590,CIG,2020-11-18,0 days 15:59:27.243958,436372,2.3,2.29,252821,311373,40371,-4629
591,CIM,2020-11-18,0 days 15:55:00.250761,101447,10.22,10.21,6029,10951,-2081,19218
592,CIM,2020-11-18,0 days 15:57:09.255432,105818,10.21,10.19,27583,6700,1398,-302
593,CIM,2020-11-18,0 days 15:58:56.260122,109616,10.21,10.2,31326,430,-2459,305
594,CL,2020-11-18,0 days 15:59:15.246355,897081,84.8,84.79,1178,871,-42640,750
595,CL,2020-11-18,0 days 15:59:17.246224,906521,84.78,84.76,469,222,1432,-240
596,CL,2020-11-18,0 days 15:59:26.245826,900636,84.75,84.74,2700,346,-137,3419
597,CL,2020-11-18,0 days 15:59:31.246599,933750,84.74,84.7,6000,207,4186,-7320
598,CL,2020-11-18,0 days 15:59:35.246495,930908,84.71,84.7,301,100,-480,17471
599,CL,2020-11-18,0 days 15:59:43.246911,932153,84.7,84.68,1090,100,1581,-3180
600,CL,2020-11-18,0 days 15:59:44.247456,931934,84.7,84.68,1290,100,-219,1581
601,CL,2020-11-18,0 days 15:59:45.248250,930210,84.68,84.67,990,300,2824,-219
602,CL,2020-11-18,0 days 15:59:46.248632,930034,84.7,84.68,200,900,-18023,2824
603,CLDR,2020-11-18,0 days 15:55:26.237148,124890,10.75,10.74,9356,4531,-25,6
604,CLDR,2020-11-18,0 days 15:55:39.237312,123359,10.75,10.74,8221,5072,1566,-153
605,CLDR,2020-11-18,0 days 15:59:05.245836,128833,10.75,10.74,8368,572,-985,404
606,CLDR,2020-11-18,0 days 15:59:06.247515,127718,10.75,10.74,8668,1072,915,-985
607,CLDR,2020-11-18,0 days 15:59:07.245655,128833,10.75,10.74,10143,580,-16676,915
608,CLF,2020-11-18,0 days 15:55:00.235970,219066,8.98,8.97,5504,16001,-1331,15709
609,CLF,2020-11-18,0 days 15:55:16.236864,220397,8.97,8.96,21485,14073,2186,-1006
610,CLF,2020-11-18,0 days 15:55:17.236862,219083,8.97,8.96,21364,14073,-7697,2186
611,CLF,2020-11-18,0 days 15:57:18.238873,262750,8.98,8.97,21413,4585,6385,-2105
612,CLF,2020-11-18,0 days 15:57:19.239183,257745,8.98,8.97,21698,4585,-5207,6385
613,CLF,2020-11-18,0 days 15:57:55.240625,257952,8.96,8.95,19029,17998,93,-2407
614,CLF,2020-11-18,0 days 15:58:09.241652,253545,8.96,8.95,9461,25138,-6118,93
615,CLF,2020-11-18,0 days 15:59:02.245878,247003,8.95,8.94,37165,9880,1326,-6185
616,CLF,2020-11-18,0 days 15:59:03.244418,245229,8.96,8.95,17855,31801,-1774,1326
617,CLNY,2020-11-18,0 days 15:55:22.260190,280246,4.17,4.16,27389,18849,-2904,1096
618,CLNY,2020-11-18,0 days 15:55:23.259553,275957,4.17,4.16,27389,18949,4289,-2904
619,CLNY,2020-11-18,0 days 15:55:35.259998,297497,4.17,4.16,27489,21082,-360,5840
620,CLNY,2020-11-18,0 days 15:55:41.260572,297857,4.17,4.16,27089,22382,1540,-360
621,CLNY,2020-11-18,0 days 15:59:15.269733,305261,4.16,4.15,39005,8776,-36834,3760
622,CLNY,2020-11-18,0 days 15:59:16.268483,303395,4.16,4.15,39679,8776,1866,-36834
623,CLNY,2020-11-18,0 days 15:59:33.268525,305261,4.16,4.15,12767,30831,-8631,1866
624,CLR,2020-11-18,0 days 15:55:25.259847,113850,14.92,14.91,3104,338,-1331,313
625,CLR,2020-11-18,0 days 15:55:46.260741,115181,14.92,14.91,4838,1138,1269,-231
626,CLR,2020-11-18,0 days 15:55:47.260184,113750,14.92,14.91,4503,2270,-1431,1269
627,CLR,2020-11-18,0 days 15:56:44.261423,115850,14.93,14.92,2421,810,-1367,4433
628,CLR,2020-11-18,0 days 15:57:45.264071,118081,14.92,14.91,4331,2543,2378,-1422
629,CLR,2020-11-18,0 days 15:57:47.264035,117259,14.92,14.91,4131,2543,-822,878
630,CLR,2020-11-18,0 days 15:57:49.263749,118081,14.92,14.91,3931,2543,278,-822
631,CLR,2020-11-18,0 days 15:57:50.264078,117659,14.92,14.91,4031,2543,-622,278
632,CLR,2020-11-18,0 days 15:59:09.268182,119604,14.91,14.9,301,3393,-115,817
633,CLR,2020-11-18,0 days 15:59:14.269095,126664,14.91,14.9,690,3452,7696,-5960
634,CLR,2020-11-18,0 days 15:59:30.270520,132524,14.89,14.88,1074,2418,4367,-664
635,CNC,2020-11-18,0 days 15:56:09.252171,213212,66.06,66.05,300,803,-5814,793
636,CNC,2020-11-18,0 days 15:56:24.252129,213521,66.07,66.06,200,902,871,-209
637,CNC,2020-11-18,0 days 15:58:02.257942,243277,66.03,66.02,306,935,1315,-774
638,CNC,2020-11-18,0 days 15:58:06.258075,240687,66.1,66.05,100,777,1405,-385
639,CNC,2020-11-18,0 days 15:59:06.260880,248081,66.04,66.03,500,100,-12348,1670
640,CNC,2020-11-18,0 days 15:59:46.260517,264189,65.97,65.93,300,100,-31688,27684
641,CNK,2020-11-18,0 days 15:55:48.130708,107685,14.97,14.96,1820,2315,-23240,60
642,CNK,2020-11-18,0 days 15:55:58.131285,127425,14.94,14.93,2528,1757,12660,-19240
643,CNK,2020-11-18,0 days 15:55:59.130872,126885,14.94,14.93,2637,1907,-540,12660
644,CNK,2020-11-18,0 days 15:57:18.126658,172909,14.96,14.95,1512,1800,3600,-900
645,CNK,2020-11-18,0 days 15:57:19.125727,168409,14.96,14.95,2412,700,-4500,3600
646,CNK,2020-11-18,0 days 15:59:03.132682,164903,14.94,14.93,2200,1518,1617,-3083
647,CNK,2020-11-18,0 days 15:59:14.132643,165061,14.95,14.94,2051,2250,8776,-5041
648,CNK,2020-11-18,0 days 15:59:15.127819,164287,14.95,14.94,1047,4290,-774,8776
649,CNK,2020-11-18,0 days 15:59:24.123867,165811,14.93,14.92,700,1635,1376,-1024
650,CNK,2020-11-18,0 days 15:59:27.123322,165687,14.93,14.92,1246,2643,-124,2276
651,CNP,2020-11-18,0 days 15:55:00.233071,401009,23.8,23.79,3944,2054,4382,-76506
652,CNP,2020-11-18,0 days 15:55:01.233342,400591,23.8,23.79,2743,3730,-418,4382
653,CNP,2020-11-18,0 days 15:55:14.234931,401285,23.8,23.79,6199,2421,656,-2539
654,CNP,2020-11-18,0 days 15:55:15.235211,400441,23.8,23.79,5999,2349,-844,656
655,CNP,2020-11-18,0 days 15:55:32.235757,402057,23.85,23.84,6973,543,-39,1761
656,CNP,2020-11-18,0 days 15:56:02.237476,402496,23.88,23.87,7321,9102,41,-2050
657,CNP,2020-11-18,0 days 15:56:03.238718,401737,23.88,23.87,6121,9102,-900,41
658,CNP,2020-11-18,0 days 15:56:49.238688,405233,23.82,23.81,3869,708,1381,-910
659,CNP,2020-11-18,0 days 15:57:15.239667,412105,23.79,23.78,3400,6400,-150,4381
660,CNP,2020-11-18,0 days 15:59:43.244599,581408,23.75,23.74,4213,4110,-527,23669
661,CNP,2020-11-18,0 days 15:59:44.244464,581935,23.75,23.74,4305,4210,2424,-527
662,CNP,2020-11-18,0 days 15:59:45.245561,584359,23.75,23.74,2442,4010,-3837,2424
663,CNQ,2020-11-18,0 days 15:59:01.293904,97619,21.73,21.72,4119,14171,718,-1662
664,CNQ,2020-11-18,0 days 15:59:09.293309,88537,21.74,21.73,7865,5800,-3706,6094
665,CNQ,2020-11-18,0 days 15:59:27.291068,95110,21.74,21.73,10476,3180,8834,-366
666,CNQ,2020-11-18,0 days 15:59:28.290847,92344,21.74,21.73,10966,3561,-2566,8834
667,CNQ,2020-11-18,0 days 15:59:40.291749,95110,21.74,21.73,4070,13881,355,-845
668,CNQ,2020-11-18,0 days 15:59:42.291942,94265,21.74,21.73,18349,6231,-645,355
669,CNQ,2020-11-18,0 days 15:59:46.291982,95110,21.74,21.73,21849,1400,823,-145
670,CNQ,2020-11-18,0 days 15:59:48.291498,93718,21.73,21.72,5100,24792,-1192,9708
671,CNX,2020-11-18,0 days 15:55:00.234923,172887,9.44,9.43,5926,5890,20338,-36832
672,CNX,2020-11-18,0 days 15:55:13.236320,177225,9.45,9.44,7048,7592,-5921,4325
673,CNX,2020-11-18,0 days 15:55:16.236786,183146,9.45,9.44,7348,5546,1077,-721
674,CNX,2020-11-18,0 days 15:55:17.236791,182623,9.45,9.44,8248,5346,-523,1077
675,CNX,2020-11-18,0 days 15:56:42.239264,190815,9.45,9.44,13662,2117,-540,860
676,CNX,2020-11-18,0 days 15:57:37.240437,214066,9.46,9.45,10162,3124,49,-3595
677,CNX,2020-11-18,0 days 15:57:54.240713,212795,9.45,9.44,8677,4048,1620,-380
678,CNX,2020-11-18,0 days 15:57:55.240564,210615,9.45,9.44,9077,4048,-2180,1620
679,CNX,2020-11-18,0 days 15:58:02.242245,209631,9.45,9.44,10475,2050,984,-2180
680,CNX,2020-11-18,0 days 15:58:04.241186,207815,9.45,9.44,9287,3343,-1816,584
681,CNX,2020-11-18,0 days 15:58:09.241514,209631,9.45,9.44,9651,3338,584,-1816
682,CNX,2020-11-18,0 days 15:58:10.242209,207815,9.45,9.44,9751,3538,-2170,584
683,CNX,2020-11-18,0 days 15:59:46.245202,233397,9.42,9.41,5092,7100,-416,5921
684,CNX,2020-11-18,0 days 15:59:47.244041,233813,9.42,9.41,7490,3600,6621,-416
685,COG,2020-11-18,0 days 15:55:00.258370,416967,16.82,16.81,995,8824,-9828,52729
686,COG,2020-11-18,0 days 15:57:21.262675,483260,16.81,16.8,7191,830,6930,-2970
687,COG,2020-11-18,0 days 15:57:22.263120,473490,16.81,16.8,5231,4624,-9770,6930
688,COG,2020-11-18,0 days 15:58:32.266590,490340,16.79,16.78,10990,3470,-4979,2421
689,COG,2020-11-18,0 days 15:59:10.268061,502545,16.78,16.77,12249,1305,3358,-5086
690,COG,2020-11-18,0 days 15:59:25.269384,498006,16.76,16.75,3494,7240,-4539,15661
691,COG,2020-11-18,0 days 15:59:50.272288,527506,16.75,16.74,9587,7350,64975,-21425
692,COP,2020-11-18,0 days 15:56:42.132724,895396,39.24,39.23,3193,1200,27485,-221215
693,COP,2020-11-18,0 days 15:57:30.127224,923406,39.32,39.31,2612,2564,-1179,121
694,COP,2020-11-18,0 days 15:57:33.126147,836249,39.32,39.31,536,1680,90289,-5847
695,COP,2020-11-18,0 days 15:57:34.126635,823538,39.32,39.31,400,2880,-11011,90289
696,COP,2020-11-18,0 days 15:57:41.127090,802506,39.31,39.3,2100,3618,-27362,12870
697,COP,2020-11-18,0 days 15:57:47.125962,820106,39.3,39.29,2898,1800,-7875,725
698,COP,2020-11-18,0 days 15:59:06.133440,904925,39.38,39.37,305,4258,8779,-3361
699,COP,2020-11-18,0 days 15:59:07.131542,892804,39.39,39.38,5552,100,-12821,8779
700,COP,2020-11-18,0 days 15:59:42.124392,920457,39.31,39.3,2858,1017,-2994,16875
701,COP,2020-11-18,0 days 15:59:48.123996,918140,39.3,39.28,3432,1400,-5311,19489
702,COTY,2020-11-18,0 days 15:55:39.253374,233635,5.33,5.32,25450,40179,486,-3824
703,COTY,2020-11-18,0 days 15:55:49.253555,234121,5.33,5.32,23154,42799,-1599,486
704,COTY,2020-11-18,0 days 15:57:57.257610,218031,5.32,5.31,25133,26650,-14089,11
705,COTY,2020-11-18,0 days 15:59:00.262753,241275,5.31,5.3,19302,32353,39340,-2660
706,COTY,2020-11-18,0 days 15:59:01.261523,234315,5.31,5.3,19202,34453,-6960,39340
707,CPE,2020-11-18,0 days 15:55:48.237278,98051,7.55,7.54,1600,1400,-3245,567
708,CPRI,2020-11-18,0 days 15:57:03.236823,150311,32.17,32.16,202,2503,-4847,1853
709,CPRI,2020-11-18,0 days 15:57:04.236882,147058,32.15,32.14,1013,900,3253,-4847
710,CPRI,2020-11-18,0 days 15:57:36.236869,150311,32.15,32.14,149,1474,-2690,1410
711,CPRI,2020-11-18,0 days 15:57:37.237595,147901,32.13,32.11,301,303,2410,-2690
712,CPRI,2020-11-18,0 days 15:59:05.241236,152235,32.14,32.13,617,821,-9524,79
713,CPRI,2020-11-18,0 days 15:59:08.243464,149992,32.13,32.12,1100,500,236,-291
714,CPRI,2020-11-18,0 days 15:59:14.242169,153661,32.14,32.12,1524,1714,-1424,236
715,CPRI,2020-11-18,0 days 15:59:15.244578,153085,32.14,32.12,1624,1345,576,-1424
716,CPRI,2020-11-18,0 days 15:59:31.241095,153661,32.13,32.12,1540,1389,-2511,495
717,CRK,2020-11-18,0 days 15:56:36.230329,24835,4.76,4.75,8870,26360,-146,1975
718,CRK,2020-11-18,0 days 15:59:14.234767,27346,4.76,4.75,10298,23241,532,-111
719,CRM,2020-11-18,0 days 15:56:20.237281,642484,257.97,257.87,400,303,1384,-1678
720,CRM,2020-11-18,0 days 15:56:21.238268,638768,257.98,257.9,900,100,-3716,1384
721,CRM,2020-11-18,0 days 15:57:39.241353,642849,257.55,257.44,200,121,2771,-3278
722,CRM,2020-11-18,0 days 15:57:40.241506,639720,257.56,257.46,406,200,-5078,2771
723,CRM,2020-11-18,0 days 15:57:41.241061,644798,257.56,257.46,606,200,322,-5078
724,CRM,2020-11-18,0 days 15:57:42.240741,645128,257.6,257.49,300,100,-870,322
725,CRM,2020-11-18,0 days 15:59:07.245882,657749,257.57,257.52,293,100,11483,-1559
726,CRM,2020-11-18,0 days 15:59:12.246458,669630,257.71,257.64,126,300,-79,1932
727,CRM,2020-11-18,0 days 15:59:23.244795,682034,257.67,257.61,100,100,3365,-1112
728,CRM,2020-11-18,0 days 15:59:24.244123,681199,257.74,257.61,280,100,-835,3365
729,CRM,2020-11-18,0 days 15:59:31.244598,691353,257.62,257.55,600,100,9216,-442
730,CRM,2020-11-18,0 days 15:59:32.244403,689969,257.59,257.51,400,100,-1384,9216
731,CRM,2020-11-18,0 days 15:59:37.244403,690537,257.46,257.28,550,100,6395,-272
732,CRM,2020-11-18,0 days 15:59:38.244526,689932,257.45,257.28,1050,100,-605,6395
733,CRM,2020-11-18,0 days 15:59:40.244904,688627,257.41,257.25,1040,150,2225,-294
734,CRM,2020-11-18,0 days 15:59:41.245021,688452,257.41,257.25,1040,150,-175,2225
735,CRM,2020-11-18,0 days 15:59:42.244768,687427,257.34,257.18,800,200,1025,-175
736,CS,2020-11-18,0 days 15:59:35.261007,43573,12.06,12.05,82363,36611,-603,2705
737,CS,2020-11-18,0 days 15:59:36.261047,43376,12.06,12.05,101963,33411,197,-603
738,CS,2020-11-18,0 days 15:59:46.262234,43573,12.06,12.05,95663,30600,-1905,95
739,CTVA,2020-11-18,0 days 15:59:05.244267,237335,36.82,36.81,706,200,-32933,3629
740,CTVA,2020-11-18,0 days 15:59:50.247868,309991,36.76,36.75,280,400,-438,4162
741,CUK,2020-11-18,0 days 15:56:47.254535,14359,15.59,15.58,7514,4831,-2029,381
742,CUK,2020-11-18,0 days 15:56:48.254948,13698,15.59,15.58,6014,3831,661,-2029
743,CUK,2020-11-18,0 days 15:57:20.255521,14359,15.58,15.57,6600,511,-2229,671
744,CUK,2020-11-18,0 days 15:59:07.261759,16072,15.57,15.56,7008,600,12198,-749
745,CUK,2020-11-18,0 days 15:59:36.261083,29382,15.56,15.55,800,4200,-190,1810
746,CUK,2020-11-18,0 days 15:59:46.262381,28872,15.57,15.55,3600,4500,210,-2890
747,CVS,2020-11-18,0 days 15:55:07.248170,449600,66.41,66.4,1162,1575,825,-675
748,CVS,2020-11-18,0 days 15:55:38.251408,456553,66.33,66.32,1014,958,-2865,773
749,CVS,2020-11-18,0 days 15:55:39.250573,455818,66.33,66.32,700,752,588,-2865
750,CVS,2020-11-18,0 days 15:56:01.251855,456221,66.43,66.4,700,800,-4181,1619
751,CVS,2020-11-18,0 days 15:56:36.252950,458357,66.41,66.4,2641,200,-4645,755
752,CVS,2020-11-18,0 days 15:56:37.252682,457602,66.4,66.39,1100,549,755,-4645
753,CVS,2020-11-18,0 days 15:57:19.251977,479057,66.38,66.37,111,3206,-213,287
754,CVS,2020-11-18,0 days 15:57:20.252374,476670,66.38,66.37,1169,2527,2387,-213
755,CVS,2020-11-18,0 days 15:57:41.255173,499757,66.36,66.35,524,535,-705,3595
756,CVS,2020-11-18,0 days 15:57:42.255689,496162,66.36,66.35,924,432,3595,-705
757,CVS,2020-11-18,0 days 15:57:45.255495,504957,66.36,66.35,1124,382,-2305,4495
758,CVS,2020-11-18,0 days 15:57:46.256197,500962,66.36,66.35,1024,684,3995,-2305
759,CVS,2020-11-18,0 days 15:57:52.255896,505157,66.35,66.34,1213,300,-805,4195
760,CVS,2020-11-18,0 days 15:57:53.255813,501162,66.34,66.33,1084,787,3995,-805
761,CVS,2020-11-18,0 days 15:58:02.257889,505657,66.36,66.35,819,100,-778,2024
762,CVS,2020-11-18,0 days 15:58:03.256676,500789,66.36,66.34,803,1001,4868,-778
763,CVS,2020-11-18,0 days 15:58:05.256912,501357,66.39,66.38,776,401,-2032,1068
764,CVS,2020-11-18,0 days 15:58:06.258041,498489,66.39,66.38,576,494,2868,-2032
765,CVS,2020-11-18,0 days 15:58:15.256262,503246,66.39,66.37,686,910,-504,5296
766,CVS,2020-11-18,0 days 15:58:52.257564,491450,66.41,66.39,200,500,2934,-5466
767,CVS,2020-11-18,0 days 15:59:01.259923,499468,66.38,66.37,405,400,-6303,3513
768,CVS,2020-11-18,0 days 15:59:05.258582,496843,66.38,66.37,1200,500,1137,-2975
769,CVS,2020-11-18,0 days 15:59:11.258971,491058,66.42,66.41,800,666,-5870,3630
770,CVS,2020-11-18,0 days 15:59:12.258852,489428,66.39,66.38,328,1100,1632,-5870
771,CVS,2020-11-18,0 days 15:59:26.258476,526301,66.36,66.35,800,200,-5340,2817
772,CVS,2020-11-18,0 days 15:59:27.258022,524129,66.36,66.35,500,100,2172,-5340
773,CVS,2020-11-18,0 days 15:59:39.258971,532058,66.35,66.33,400,410,-71132,3068
774,CVS,2020-11-18,0 days 15:59:43.258758,526487,66.37,66.35,500,300,314,-5889
775,CVS,2020-11-18,0 days 15:59:44.259208,526801,66.37,66.35,600,399,-886,314
776,CVS,2020-11-18,0 days 15:59:45.260939,525390,66.35,66.33,900,300,21719,-886
777,CVS,2020-11-18,0 days 15:59:47.258811,547109,66.35,66.34,800,222,-112,88
778,CVS,2020-11-18,0 days 15:59:48.259637,545659,66.35,66.34,800,100,1450,-112
779,CVX,2020-11-18,0 days 15:59:36.261064,829380,84.43,84.4,600,100,5124,-3122
780,CVX,2020-11-18,0 days 15:59:39.260536,829704,84.43,84.42,900,600,-9036,5124
781,CX,2020-11-18,0 days 15:57:17.288472,202195,4.83,4.82,81391,63494,8160,-19240
782,CX,2020-11-18,0 days 15:59:16.292362,217955,4.83,4.82,23928,149272,-19736,6852
783,CX,2020-11-18,0 days 15:59:17.291581,216991,4.83,4.82,23928,149473,964,-19736
784,CXO,2020-11-18,0 days 15:59:23.268054,170384,56.91,56.88,1181,1800,786,-7705
785,CXO,2020-11-18,0 days 15:59:31.268889,164489,56.94,56.92,800,1800,-7395,2686
786,CXO,2020-11-18,0 days 15:59:45.270461,170683,56.86,56.83,500,400,7147,-1325
787,CXO,2020-11-18,0 days 15:59:46.270218,168230,56.86,56.83,500,200,-2453,7147
788,CXP,2020-11-18,0 days 15:55:54.253435,72124,13.56,13.55,1266,1939,2592,-508
789,CXP,2020-11-18,0 days 15:55:55.254225,74716,13.56,13.55,1240,1939,-1808,2592
790,CXP,2020-11-18,0 days 15:55:56.253456,74424,13.56,13.55,1240,1939,292,-1808
791,CXP,2020-11-18,0 days 15:56:43.254943,74716,13.56,13.55,2066,1802,-408,292
792,CXP,2020-11-18,0 days 15:56:44.254956,74424,13.56,13.55,2066,1802,292,-408
793,CXP,2020-11-18,0 days 15:57:21.255586,74716,13.56,13.55,1914,1054,-208,392
794,CXP,2020-11-18,0 days 15:57:22.255665,74424,13.56,13.55,1914,1052,292,-208
795,CXP,2020-11-18,0 days 15:57:52.257826,75316,13.56,13.55,1920,1353,-408,192
796,CXP,2020-11-18,0 days 15:59:13.260971,75416,13.55,13.53,396,900,-289,873
797,CXP,2020-11-18,0 days 15:59:28.260101,88613,13.54,13.53,400,500,908,-987
798,CXP,2020-11-18,0 days 15:59:29.260286,87821,13.54,13.53,300,1400,-782,908
799,CXP,2020-11-18,0 days 15:59:48.261356,88147,13.54,13.53,1680,200,-456,144
800,CYH,2020-11-18,0 days 15:56:02.253840,115047,8.23,8.22,511,2690,5181,-219
801,CYH,2020-11-18,0 days 15:57:00.255300,124662,8.24,8.23,563,2688,-206,4794
802,CYH,2020-11-18,0 days 15:57:01.255273,107368,8.24,8.23,978,2388,17294,-206
803,CYH,2020-11-18,0 days 15:59:31.261137,136608,8.26,8.25,3606,2784,-4151,2492
804,CYH,2020-11-18,0 days 15:59:32.261204,132759,8.26,8.25,4706,2384,3849,-4151
805,D,2020-11-18,0 days 15:57:34.239712,406718,81.19,81.18,200,800,1327,-1373
806,D,2020-11-18,0 days 15:57:35.239733,401545,81.22,81.2,200,800,-5173,1327
807,D,2020-11-18,0 days 15:57:36.239651,406718,81.21,81.19,446,301,1127,-5173
808,D,2020-11-18,0 days 15:57:41.240265,406245,81.21,81.2,200,700,-473,2527
809,D,2020-11-18,0 days 15:59:02.245624,407870,81.19,81.17,621,675,-203,1507
810,D,2020-11-18,0 days 15:59:45.244909,460472,81.16,81.15,1368,500,8189,-2490
811,DAL,2020-11-18,0 days 15:51:03.247051,183371,38.05,38.04,2602,2356,3450,-1550
812,DAL,2020-11-18,0 days 15:53:10.244411,186821,38.07,38.06,1407,3335,-1550,3450
813,DAL,2020-11-18,0 days 15:55:18.249862,241318,38.05,38.04,3306,124,-2389,4411
814,DAL,2020-11-18,0 days 15:55:43.252625,242019,37.98,37.97,5800,2816,331,-3169
815,DAL,2020-11-18,0 days 15:55:44.251262,239855,37.99,37.98,3300,2100,-2164,331
816,DAL,2020-11-18,0 days 15:57:19.252021,286313,38.01,38.0,500,6200,-6158,1242
817,DAL,2020-11-18,0 days 15:59:01.260202,291130,37.99,37.98,3917,1636,28238,-3533
818,DAL,2020-11-18,0 days 15:59:02.259413,284468,37.99,37.98,416,5312,-6662,28238
819,DAL,2020-11-18,0 days 15:59:15.260106,306908,37.98,37.97,5058,1399,751,-4549
820,DAL,2020-11-18,0 days 15:59:41.259836,304966,37.97,37.96,2474,2701,-2259,52641
821,DBI,2020-11-18,0 days 15:59:07.233679,152846,7.64,7.62,5794,11373,6277,-4833
822,DBI,2020-11-18,0 days 15:59:08.234183,149023,7.63,7.62,800,9556,-3823,6277
823,DBI,2020-11-18,0 days 15:59:46.227064,184298,7.63,7.62,11100,186,-717,7620
824,DD,2020-11-18,0 days 15:59:15.246623,594181,62.26,62.24,100,1081,-59349,156011
825,DD,2020-11-18,0 days 15:59:17.246564,529379,62.25,62.23,306,250,64702,-4798
826,DD,2020-11-18,0 days 15:59:22.245363,594296,62.26,62.23,100,500,-7983,2317
827,DD,2020-11-18,0 days 15:59:45.248589,605715,62.25,62.21,100,100,5859,-12788
828,DD,2020-11-18,0 days 15:59:46.249223,610074,62.27,62.23,240,200,-25200,5859
829,DD,2020-11-18,0 days 15:59:50.251218,609574,62.27,62.21,1180,100,925,-10175
830,DDD,2020-11-18,0 days 15:58:06.242381,111435,7.09,7.08,7271,4069,-64,1383
831,DDD,2020-11-18,0 days 15:58:08.241139,107625,7.09,7.08,6343,4069,3810,-790
832,DDD,2020-11-18,0 days 15:59:14.244790,111946,7.1,7.09,5706,7893,-583,3487
833,DDD,2020-11-18,0 days 15:59:17.245201,110097,7.1,7.09,10225,3437,1849,-11051
834,DDD,2020-11-18,0 days 15:59:45.247489,112046,7.09,7.08,7827,4275,-6274,326
835,DDD,2020-11-18,0 days 15:59:46.247820,111120,7.09,7.08,7767,2571,926,-6274
836,DFS,2020-11-18,0 days 15:59:15.262149,249167,76.27,76.25,360,2105,-8149,53276
837,DFS,2020-11-18,0 days 15:59:16.262424,246351,76.25,76.23,525,2913,3016,-8149
838,DFS,2020-11-18,0 days 15:59:33.260757,253056,76.16,76.12,785,496,-2345,2955
839,DFS,2020-11-18,0 days 15:59:34.260832,251301,76.16,76.12,1019,596,1755,-2345
840,DFS,2020-11-18,0 days 15:59:46.262003,250628,76.11,76.06,200,200,3611,-3366
841,DG,2020-11-18,0 days 15:55:00.233553,151324,208.82,208.69,100,500,-84,24486
842,DG,2020-11-18,0 days 15:55:07.233709,150510,208.76,208.63,200,526,109,-1045
843,DG,2020-11-18,0 days 15:55:08.234035,150419,208.76,208.63,600,721,-91,109
844,DG,2020-11-18,0 days 15:59:44.245113,187532,208.55,208.48,100,152,16500,-1822
845,DHF,2020-11-18,0 days 15:59:36.260989,4900,2.89,2.88,20399,28412,-2900,4300
846,DHR,2020-11-18,0 days 15:57:46.240981,222845,225.22,225.13,1114,400,-743,3157
847,DHR,2020-11-18,0 days 15:57:47.240782,219688,225.21,225.13,810,100,3157,-743
848,DHR,2020-11-18,0 days 15:58:01.243216,219445,225.34,225.23,100,332,-243,3157
849,DHR,2020-11-18,0 days 15:58:02.242115,216588,225.34,225.23,100,232,2438,-243
850,DHR,2020-11-18,0 days 15:58:04.241101,216826,225.34,225.27,100,132,-1662,238
851,DHR,2020-11-18,0 days 15:58:19.241710,219263,225.34,225.29,200,625,801,-624
852,DHR,2020-11-18,0 days 15:58:20.241914,217864,225.39,225.3,200,108,-1399,801
853,DHR,2020-11-18,0 days 15:58:26.243442,219263,225.34,225.18,100,200,801,-1399
854,DHR,2020-11-18,0 days 15:59:01.244670,215165,225.44,225.39,100,538,1762,-2432
855,DHR,2020-11-18,0 days 15:59:09.245264,219113,225.33,225.21,300,100,-42343,3872
856,DHR,2020-11-18,0 days 15:59:51.245689,267592,224.83,224.66,104,549,-934,2479
857,DHR,2020-11-18,0 days 15:59:52.244389,268526,224.79,224.48,300,100,2479,-934
858,DIS,2020-11-18,0 days 15:59:45.261150,1437834,143.92,143.86,100,200,6317,-106476
859,DIS,2020-11-18,0 days 15:59:46.260823,1441183,143.95,143.9,400,100,-92373,6317
860,DIS,2020-11-18,0 days 15:59:52.247383,1448582,143.96,143.83,595,376,55879,-29804
861,DIS,2020-11-18,0 days 15:59:53.246872,1503752,143.96,143.91,915,361,-36704,55879
862,DIS,2020-11-18,0 days 15:59:54.248694,1436682,143.9,143.85,300,100,67779,-36704
863,DIS,2020-11-18,0 days 15:59:55.259418,1503821,143.93,143.87,500,800,-29735,67779
864,DIS,2020-11-18,0 days 15:59:59.258088,1437882,143.89,143.85,200,600,68179,-28204
865,DOC,2020-11-18,0 days 15:55:00.229215,125680,17.97,17.96,2613,2442,-15447,11884
866,DOC,2020-11-18,0 days 15:56:37.230022,156722,17.95,17.94,5652,4147,389,-67
867,DOC,2020-11-18,0 days 15:56:38.229839,154311,17.95,17.94,3878,4347,-2411,389
868,DOC,2020-11-18,0 days 15:56:48.230522,156722,17.95,17.94,7133,1724,9,-2411
869,DOC,2020-11-18,0 days 15:57:13.232075,156731,17.95,17.94,6335,961,-91,9
870,DOC,2020-11-18,0 days 15:59:14.234645,161437,17.93,17.92,1762,6807,8305,-2366
871,DOC,2020-11-18,0 days 15:59:15.235338,159942,17.93,17.92,2062,5708,-1285,8305
872,DOC,2020-11-18,0 days 15:59:45.227743,162229,17.93,17.92,6407,1298,758,-2301
873,DOC,2020-11-18,0 days 15:59:48.227265,161387,17.93,17.92,6028,1598,-842,758
874,DOW,2020-11-18,0 days 15:59:05.244045,531750,55.43,55.42,300,489,4590,-33437
875,DOW,2020-11-18,0 days 15:59:10.244245,496962,55.44,55.42,300,1119,-32617,5553
876,DOW,2020-11-18,0 days 15:59:31.243583,532067,55.38,55.37,100,286,3255,-4031
877,DOW,2020-11-18,0 days 15:59:32.243922,531722,55.39,55.38,184,400,-345,3255
878,DOW,2020-11-18,0 days 15:59:35.244341,532121,55.43,55.4,900,100,7201,-345
879,DOW,2020-11-18,0 days 15:59:47.243873,528176,55.47,55.42,1300,100,-4149,12716
880,DOW,2020-11-18,0 days 15:59:48.243725,532625,55.46,55.42,300,100,12377,-4149
881,DOW,2020-11-18,0 days 15:59:50.247380,474302,55.47,55.44,600,100,-58323,2646
882,DRH,2020-11-18,0 days 15:55:00.234871,130856,7.22,7.21,2576,12142,-709,21006
883,DRH,2020-11-18,0 days 15:55:10.235490,130570,7.22,7.21,8245,4600,625,-375
884,DRH,2020-11-18,0 days 15:59:15.246355,208112,7.21,7.2,7727,8030,-799,3988
885,DRH,2020-11-18,0 days 15:59:16.246317,204811,7.21,7.2,7727,8030,3301,-799
886,DRH,2020-11-18,0 days 15:59:45.248290,208112,7.21,7.2,10319,8079,-5387,2213
887,DRH,2020-11-18,0 days 15:59:46.248632,206099,7.21,7.2,11319,4212,2845,-5387
888,DUK,2020-11-18,0 days 15:57:34.126646,325213,91.51,91.5,404,104,406,-998
889,DUK,2020-11-18,0 days 15:57:35.126935,324915,91.51,91.5,608,368,-298,406
890,DUK,2020-11-18,0 days 15:59:02.131862,332310,91.6,91.57,400,200,-2119,3399
891,DUK,2020-11-18,0 days 15:59:03.132682,331758,91.6,91.57,300,767,932,-2119
892,DUK,2020-11-18,0 days 15:59:14.132643,351139,91.58,91.56,473,100,-16028,428
893,DVN,2020-11-18,0 days 15:59:07.244799,428103,12.81,12.8,9400,15563,-36678,17004
894,DVN,2020-11-18,0 days 15:59:08.244327,418781,12.81,12.8,9900,15363,10566,-36678
895,DVN,2020-11-18,0 days 15:59:15.245343,429347,12.81,12.8,28554,603,-15168,5884
896,DVN,2020-11-18,0 days 15:59:45.245132,442641,12.77,12.76,5864,14600,-12932,6467
897,DVN,2020-11-18,0 days 15:59:46.245516,438473,12.77,12.76,18526,1800,4168,-12932
898,DVN,2020-11-18,0 days 15:59:47.244265,442641,12.77,12.76,18226,4900,-3325,4168
899,DVN,2020-11-18,0 days 15:59:48.244053,438866,12.77,12.76,17626,4329,3775,-3325
900,DXC,2020-11-18,0 days 15:59:15.246648,209984,22.38,22.37,2914,1906,-11472,9291
901,DXC,2020-11-18,0 days 15:59:45.248589,210184,22.31,22.29,2762,1406,-4111,1390
902,DXC,2020-11-18,0 days 15:59:46.249294,208995,22.3,22.29,2631,306,1189,-4111
903,EC,2020-11-18,0 days 15:56:47.238980,20754,11.64,11.63,4177,2501,1707,-527
904,EC,2020-11-18,0 days 15:56:48.238673,20061,11.64,11.63,3756,2501,-693,1707
905,EC,2020-11-18,0 days 15:58:56.243698,21698,11.64,11.63,4861,1610,133,-737
906,EC,2020-11-18,0 days 15:58:57.244079,21431,11.64,11.63,5161,1541,-267,133
907,EC,2020-11-18,0 days 15:59:08.245206,22498,11.63,11.62,5334,1237,44,-981
908,ED,2020-11-18,0 days 15:55:00.259181,301814,77.72,77.69,209,710,-582,25456
909,ED,2020-11-18,0 days 15:57:32.262928,306498,77.57,77.55,376,321,3376,-1024
910,ED,2020-11-18,0 days 15:59:14.269514,365345,77.64,77.62,106,100,-655,983
911,ED,2020-11-18,0 days 15:59:16.268839,364700,77.66,77.61,289,200,445,-2255
912,ED,2020-11-18,0 days 15:59:30.270722,365145,77.67,77.65,393,145,-4994,226
913,ED,2020-11-18,0 days 15:59:31.268979,364139,77.66,77.65,113,181,1006,-4994
914,ED,2020-11-18,0 days 15:59:41.269864,360045,77.68,77.65,100,281,-4649,451
915,ED,2020-11-18,0 days 15:59:43.269338,362490,77.67,77.61,100,200,2655,-1649
916,ED,2020-11-18,0 days 15:59:46.270513,365245,77.66,77.6,200,100,-348,2468
917,ED,2020-11-18,0 days 15:59:50.272788,343861,77.66,77.6,100,500,21284,-2916
918,ELAN,2020-11-18,0 days 15:55:13.283686,193482,29.29,29.28,700,2226,1844,-1265
919,ELAN,2020-11-18,0 days 15:55:14.284147,192626,29.29,29.28,700,2226,-856,1844
920,ELAN,2020-11-18,0 days 15:56:47.287144,196676,29.39,29.38,904,344,146,-1115
921,ELAN,2020-11-18,0 days 15:56:48.287560,195522,29.39,29.38,904,344,-854,146
922,ELY,2020-11-18,0 days 15:59:07.245750,425357,18.11,18.1,1301,928,-12477,8426
923,ELY,2020-11-18,0 days 15:59:08.245971,422269,18.11,18.1,1830,100,2274,-12477
924,ELY,2020-11-18,0 days 15:59:46.245460,426664,18.08,18.07,200,1000,-7004,1246
925,ELY,2020-11-18,0 days 15:59:47.244374,425768,18.08,18.07,300,600,896,-7004
926,EMR,2020-11-18,0 days 15:55:31.237004,378343,77.29,77.27,463,100,-114,1712
927,EMR,2020-11-18,0 days 15:55:32.237451,376657,77.28,77.27,100,100,1686,-114
928,EMR,2020-11-18,0 days 15:55:38.237637,378343,77.29,77.27,163,200,-4560,1640
929,EMR,2020-11-18,0 days 15:55:39.237189,379229,77.29,77.27,163,200,1014,-4560
930,EMR,2020-11-18,0 days 15:56:17.237235,381931,77.32,77.31,128,801,-2921,1331
931,EMR,2020-11-18,0 days 15:56:18.238668,381052,77.32,77.31,121,801,879,-2921
932,EMR,2020-11-18,0 days 15:57:08.239671,381495,77.3,77.28,505,100,-1207,1205
933,EMR,2020-11-18,0 days 15:57:09.239284,381402,77.28,77.26,187,100,93,-1207
934,EMR,2020-11-18,0 days 15:57:34.239808,382188,77.27,77.26,200,200,-3714,186
935,EMR,2020-11-18,0 days 15:57:35.240027,381702,77.26,77.24,200,312,486,-3714
936,EMR,2020-11-18,0 days 15:57:36.239837,385388,77.26,77.25,100,100,-2992,486
937,EMR,2020-11-18,0 days 15:57:55.241094,396680,77.22,77.2,100,102,948,-1352
938,EMR,2020-11-18,0 days 15:57:56.240900,395328,77.23,77.21,314,102,-1352,948
939,EMR,2020-11-18,0 days 15:57:57.241567,396680,77.21,77.19,100,200,1048,-1352
940,EMR,2020-11-18,0 days 15:58:11.242121,396565,77.27,77.23,400,100,1134,-1266
941,EMR,2020-11-18,0 days 15:58:12.242098,395299,77.27,77.23,400,100,-1266,1134
942,EMR,2020-11-18,0 days 15:58:53.244429,395065,77.25,77.23,200,201,3434,-1166
943,EMR,2020-11-18,0 days 15:58:54.242933,394299,77.25,77.23,300,201,-766,3434
944,EMR,2020-11-18,0 days 15:59:01.245436,395327,77.25,77.23,200,200,215,-858
945,EMR,2020-11-18,0 days 15:59:02.245021,394842,77.26,77.23,218,700,-3046,215
946,EMR,2020-11-18,0 days 15:59:03.244906,397888,77.26,77.24,118,100,1554,-3046
947,EMR,2020-11-18,0 days 15:59:04.244947,397242,77.25,77.24,200,200,-562,1554
948,EMR,2020-11-18,0 days 15:59:15.246311,470717,77.17,77.15,100,100,-1201,2499
949,EMR,2020-11-18,0 days 15:59:23.245845,502769,77.1,77.08,100,400,4345,-6088
950,EMR,2020-11-18,0 days 15:59:24.245625,496937,77.13,77.09,400,400,-6222,4345
951,EMR,2020-11-18,0 days 15:59:30.249894,502764,77.1,77.06,500,200,788,-5729
952,EMR,2020-11-18,0 days 15:59:44.247421,493131,77.02,76.99,713,200,-3323,7677
953,EMR,2020-11-18,0 days 15:59:46.248521,496454,77.01,76.98,400,100,14732,-1208
954,EMR,2020-11-18,0 days 15:59:47.247262,495086,77.01,76.99,300,100,-1368,14732
955,ENB,2020-11-18,0 days 15:57:38.126485,82291,29.13,29.12,8100,11703,-5034,966
956,ENB,2020-11-18,0 days 15:58:56.129749,90125,29.12,29.11,10750,6953,1852,-6563
957,ENB,2020-11-18,0 days 15:58:57.129414,85077,29.12,29.11,10650,5403,-4248,1852
958,ENB,2020-11-18,0 days 15:59:06.133379,89264,29.12,29.11,3899,14750,1277,-3691
959,ENB,2020-11-18,0 days 15:59:07.131498,85841,29.12,29.11,3893,14050,-3423,1277
960,ENB,2020-11-18,0 days 15:59:15.127724,92109,29.12,29.11,13367,5887,3250,-1900
961,ENB,2020-11-18,0 days 15:59:16.122932,88659,29.12,29.11,12867,5987,-3450,3250
962,ENB,2020-11-18,0 days 15:59:28.124460,92109,29.11,29.1,12515,6971,3536,-101
963,ENB,2020-11-18,0 days 15:59:29.123380,89245,29.11,29.1,12015,9771,-2864,3536
964,ENB,2020-11-18,0 days 15:59:46.123858,92109,29.11,29.1,9812,17771,2173,-1680
965,ENB,2020-11-18,0 days 15:59:47.122355,90382,29.11,29.1,9912,17671,-1727,2173
966,ENLC,2020-11-18,0 days 15:55:00.247499,113788,3.5,3.49,10117,13210,-991,9266
967,ENLC,2020-11-18,0 days 15:55:40.251230,113979,3.5,3.49,5612,19269,404,-91
968,ENLC,2020-11-18,0 days 15:57:06.253755,114383,3.5,3.49,804,21523,-11596,404
969,ENLC,2020-11-18,0 days 15:58:42.257267,120283,3.48,3.47,18419,8100,-1442,2258
970,EOG,2020-11-18,0 days 15:57:45.129366,367940,44.94,44.93,201,300,2415,-2285
971,EOG,2020-11-18,0 days 15:57:46.127032,360555,44.95,44.94,802,500,-6585,2415
972,EOG,2020-11-18,0 days 15:58:22.127927,371782,44.97,44.96,1400,100,9431,-8469
973,EOG,2020-11-18,0 days 15:58:23.128186,360672,44.97,44.95,1300,2008,-11110,9431
974,EOG,2020-11-18,0 days 15:59:07.131396,387150,45.02,45.01,200,500,2856,-3983
975,EOG,2020-11-18,0 days 15:59:40.124890,399751,45.02,45.01,400,100,-2849,377
976,EOG,2020-11-18,0 days 15:59:47.122277,396488,45.03,44.99,700,770,-4758,15862
977,EPD,2020-11-18,0 days 15:58:38.232832,222669,18.92,18.91,9435,1600,91,-509
978,EPD,2020-11-18,0 days 15:59:46.227064,231359,18.91,18.9,12971,591,1034,-2816
979,EPD,2020-11-18,0 days 15:59:48.227098,227093,18.91,18.9,15571,1100,-4266,1034
980,EQH,2020-11-18,0 days 15:56:05.252440,193355,24.69,24.67,1089,1811,755,-1645
981,EQH,2020-11-18,0 days 15:57:32.253402,194192,24.7,24.69,1781,2237,135,-665
982,EQH,2020-11-18,0 days 15:57:34.253477,194327,24.7,24.69,2382,1720,-365,135
983,EQH,2020-11-18,0 days 15:58:25.256481,203337,24.66,24.65,2011,1500,2490,-1110
984,EQH,2020-11-18,0 days 15:58:26.257594,202627,24.66,24.65,5578,200,-410,2490
985,EQNR,2020-11-18,0 days 15:56:17.237238,65759,15.23,15.22,2586,31425,-1344,2565
986,EQNR,2020-11-18,0 days 15:56:18.237574,65703,15.23,15.22,2534,28970,56,-1344
987,EQNR,2020-11-18,0 days 15:57:02.238424,62723,15.24,15.23,5854,34788,3036,-2364
988,EQNR,2020-11-18,0 days 15:59:01.245665,66589,15.24,15.23,2942,54452,-13379,20921
989,EQNR,2020-11-18,0 days 15:59:15.248130,66432,15.24,15.23,12084,41736,-2394,722
990,EQNR,2020-11-18,0 days 15:59:16.245772,64526,15.24,15.23,16754,33873,1906,-2394
991,EQNR,2020-11-18,0 days 15:59:46.245886,69332,15.23,15.22,47447,26920,-3795,2405
992,EQNR,2020-11-18,0 days 15:59:47.244741,67927,15.23,15.22,47447,26920,1405,-3795
993,EQR,2020-11-18,0 days 15:55:00.235289,240292,60.18,60.16,1411,1277,12971,-5071
994,EQR,2020-11-18,0 days 15:55:03.234997,253163,60.21,60.19,704,700,-9529,12871
995,EQR,2020-11-18,0 days 15:55:04.235173,251992,60.2,60.19,100,800,1171,-9529
996,EQR,2020-11-18,0 days 15:55:07.235107,253163,60.2,60.19,100,1408,-29,1171
997,EQR,2020-11-18,0 days 15:55:28.237571,254155,60.15,60.13,400,700,-625,475
998,EQR,2020-11-18,0 days 15:55:29.237024,252980,60.15,60.13,500,100,1175,-625
999,EQR,2020-11-18,0 days 15:57:17.239809,257555,60.05,60.04,500,815,-1417,183
1000,EQR,2020-11-18,0 days 15:59:06.247624,271848,60.07,60.05,100,200,134,-6
1001,EQR,2020-11-18,0 days 15:59:17.246402,290232,60.03,59.97,600,1300,-5660,613
1002,EQT,2020-11-18,0 days 15:56:17.252396,229003,14.45,14.44,4700,4000,-322,949
1003,EQT,2020-11-18,0 days 15:56:18.252435,222976,14.45,14.44,4700,4000,6027,-322
1004,EQT,2020-11-18,0 days 15:59:06.261051,261450,14.43,14.42,5192,5527,-24642,2499
1005,EQT,2020-11-18,0 days 15:59:07.259626,257460,14.43,14.42,8169,2701,3099,-24642
1006,EQT,2020-11-18,0 days 15:59:27.258155,278759,14.4,14.39,2400,7614,-170,4918
1007,EQT,2020-11-18,0 days 15:59:31.259084,271816,14.39,14.38,3700,6100,6943,-7459
1008,EQT,2020-11-18,0 days 15:59:48.259886,310408,14.38,14.37,2682,6097,1251,-149
1009,EQT,2020-11-18,0 days 15:59:51.248111,281559,14.4,14.39,700,4100,-4475,47751
1010,ERJ,2020-11-18,0 days 15:59:01.244884,40246,6.02,6.01,4970,19083,-1238,1
1011,ERJ,2020-11-18,0 days 15:59:02.245715,38484,6.02,6.01,4970,18183,1762,-1238
1012,ERJ,2020-11-18,0 days 15:59:46.245339,40246,6.02,6.01,9670,24545,-3023,743
1013,ERJ,2020-11-18,0 days 15:59:47.244155,39269,6.02,6.01,9170,24545,977,-3023
1014,ESI,2020-11-18,0 days 15:56:47.287284,102380,13.01,13.0,3338,4462,332,-2088
1015,ESI,2020-11-18,0 days 15:56:48.287684,100512,13.01,13.0,2765,4562,-1868,332
1016,ESI,2020-11-18,0 days 15:57:53.289713,98894,12.99,12.98,2782,2765,-1686,4104
1017,ESI,2020-11-18,0 days 15:59:00.294255,101899,13.0,12.99,3861,3853,8180,-510
1018,ESI,2020-11-18,0 days 15:59:07.293557,101899,13.0,12.99,2115,4615,3513,-1992
1019,ESI,2020-11-18,0 days 15:59:08.292660,101312,13.01,13.0,4146,4491,-587,3513
1020,ESI,2020-11-18,0 days 15:59:13.294045,112899,13.01,13.0,4524,5853,1945,-1520
1021,ESI,2020-11-18,0 days 15:59:14.294139,111044,13.01,13.0,3988,5653,-1855,1945
1022,ESI,2020-11-18,0 days 15:59:39.291646,114785,13.01,13.0,10615,769,8340,-860
1023,ESRT,2020-11-18,0 days 15:59:15.127448,168606,8.54,8.53,9246,4000,3769,-3531
1024,ESRT,2020-11-18,0 days 15:59:47.121924,172375,8.53,8.52,20560,3340,-8254,3086
1025,ESRT,2020-11-18,0 days 15:59:48.123672,169529,8.53,8.52,20360,3440,2846,-8254
1026,ESRT,2020-11-18,0 days 16:00:00.158921,172375,8.54,8.51,500,300,-3489,6311
1027,ET,2020-11-18,0 days 15:55:00.228668,716149,5.7,5.69,21420,71043,-19246,305883
1028,ET,2020-11-18,0 days 15:59:14.234029,760774,5.68,5.67,72935,4400,-5811,10489
1029,ETRN,2020-11-18,0 days 15:56:09.258859,233368,7.52,7.51,14710,2117,1582,-4002
1030,ETRN,2020-11-18,0 days 15:56:10.259280,225750,7.52,7.51,13810,917,-1618,1582
1031,ETRN,2020-11-18,0 days 15:57:20.262110,223723,7.51,7.5,10715,4483,-4345,4355
1032,ETRN,2020-11-18,0 days 15:58:19.263736,243509,7.48,7.47,8497,4609,1450,-1692
1033,ETRN,2020-11-18,0 days 15:58:20.263990,236059,7.48,7.47,9697,4409,-7450,1450
1034,ETRN,2020-11-18,0 days 15:59:45.269435,252021,7.48,7.47,8741,3144,6898,-981
1035,EW,2020-11-18,0 days 15:55:08.283477,178043,85.4,85.37,509,400,1061,-385
1036,EW,2020-11-18,0 days 15:55:09.284046,177804,85.4,85.37,509,600,-239,1061
1037,EW,2020-11-18,0 days 15:55:38.285771,178762,85.42,85.4,202,202,2750,-58
1038,EW,2020-11-18,0 days 15:55:48.286453,187353,85.46,85.44,229,200,-1295,591
1039,EW,2020-11-18,0 days 15:56:20.287539,189484,85.49,85.46,310,200,95,-1236
1040,EW,2020-11-18,0 days 15:56:21.287053,189079,85.49,85.46,210,200,-405,95
1041,EW,2020-11-18,0 days 15:57:56.289826,211930,85.41,85.37,369,504,520,-280
1042,EW,2020-11-18,0 days 15:57:57.289784,209750,85.41,85.37,269,303,-2180,520
1043,EW,2020-11-18,0 days 15:58:07.290537,211930,85.47,85.44,200,200,535,-6665
1044,EW,2020-11-18,0 days 15:58:08.291210,215265,85.47,85.44,231,920,-3391,535
1045,EW,2020-11-18,0 days 15:58:12.290634,222138,85.47,85.44,233,1496,5555,-2673
1046,EW,2020-11-18,0 days 15:58:13.290778,217393,85.48,85.46,200,1300,-8345,5555
1047,EW,2020-11-18,0 days 15:58:26.291903,222138,85.46,85.44,100,500,1363,-2237
1048,EW,2020-11-18,0 days 15:58:27.291464,218901,85.46,85.44,100,500,-3237,1363
1049,EW,2020-11-18,0 days 15:59:13.294026,231095,85.4,85.36,100,333,2504,-1687
1050,EW,2020-11-18,0 days 15:59:14.294112,228899,85.4,85.37,100,100,-2196,2504
1051,EW,2020-11-18,0 days 15:59:35.292048,247579,85.39,85.33,213,200,48,-1052
1052,EW,2020-11-18,0 days 15:59:39.291635,247627,85.38,85.34,100,200,-1052,48
1053,EW,2020-11-18,0 days 15:59:47.291580,247242,85.37,85.32,453,300,-337,3563
1054,EW,2020-11-18,0 days 15:59:57.293431,244469,85.24,85.18,100,557,1973,-237
1055,EXPR,2020-11-18,0 days 15:57:16.126463,23906,1.03,1.02,18910,41740,-9819,981
1056,F,2020-11-18,0 days 15:59:15.269959,1827858,8.84,8.83,71997,285583,-46670,77703
1057,FBP,2020-11-18,0 days 15:58:58.292845,181424,8.15,8.14,4065,3013,-1717,20283
1058,FBP,2020-11-18,0 days 15:59:14.293998,182547,8.15,8.14,2834,6132,241,-42
1059,FBP,2020-11-18,0 days 15:59:15.294003,155188,8.16,8.15,3300,4542,-28259,241
1060,FBP,2020-11-18,0 days 15:59:17.291727,194342,8.15,8.14,6210,2137,25746,-2159
1061,FBP,2020-11-18,0 days 15:59:18.290654,193388,8.15,8.14,5182,2994,-954,25746
1062,FBP,2020-11-18,0 days 15:59:46.291807,194442,8.15,8.14,11110,600,6210,-881
1063,FCAU,2020-11-18,0 days 15:59:01.131991,32462,14.91,14.9,17065,16078,-508,372
1064,FCAU,2020-11-18,0 days 15:59:11.133321,28643,14.91,14.9,22659,11943,3791,-1829
1065,FCAU,2020-11-18,0 days 15:59:35.123471,33574,14.91,14.9,35516,2740,-1088,4331
1066,FCAU,2020-11-18,0 days 15:59:46.123903,34662,14.9,14.89,39279,700,72,-28
1067,FCX,2020-11-18,0 days 15:57:24.239745,458227,20.73,20.72,14473,6602,-9876,5624
1068,FCX,2020-11-18,0 days 15:57:25.239615,453903,20.73,20.72,21365,5402,4324,-9876
1069,FCX,2020-11-18,0 days 15:57:37.240765,465927,20.73,20.72,20334,3883,-867,1233
1070,FCX,2020-11-18,0 days 15:57:38.240237,461394,20.73,20.72,19834,6483,4533,-867
1071,FCX,2020-11-18,0 days 15:58:16.242182,466267,20.72,20.71,12700,9602,-2332,4736
1072,FCX,2020-11-18,0 days 15:58:17.243052,461599,20.72,20.71,15879,6000,4668,-2332
1073,FDX,2020-11-18,0 days 15:58:19.290530,127130,283.15,283.05,935,300,-538,1929
1074,FDX,2020-11-18,0 days 15:58:20.291056,125868,283.12,283.05,100,300,1262,-538
1075,FDX,2020-11-18,0 days 15:59:02.292217,127330,283.03,282.96,200,200,-94,113
1076,FDX,2020-11-18,0 days 15:59:03.292431,127424,283.03,282.96,300,200,30,-94
1077,FDX,2020-11-18,0 days 15:59:06.294281,126068,283.15,283.03,500,300,-4300,30
1078,FDX,2020-11-18,0 days 15:59:08.292486,125868,283.23,283.11,100,500,200,-2900
1079,FDX,2020-11-18,0 days 15:59:09.293163,126713,283.23,283.12,100,505,-455,200
1080,FDX,2020-11-18,0 days 15:59:10.292868,126575,283.23,283.13,200,200,38,-455
1081,FDX,2020-11-18,0 days 15:59:17.291674,128365,283.06,282.96,104,200,-24491,284
1082,FE,2020-11-18,0 days 15:59:30.245640,2441269,28.53,28.52,1233,1989,29082,-60509
1083,FE,2020-11-18,0 days 15:59:40.244573,2470351,28.54,28.52,4700,4628,-6718,1482
1084,FE,2020-11-18,0 days 15:59:41.244648,2468869,28.53,28.52,400,3864,1482,-6718
1085,FEAC,2020-11-18,0 days 15:59:46.262234,9071,13.7,13.67,1000,100,-625,45
1086,FEAC,2020-11-18,0 days 15:59:47.261646,8896,13.7,13.64,1000,2000,175,-625
1087,FHN,2020-11-18,0 days 15:55:07.235032,184051,12.1,12.09,14138,8014,11457,-3872
1088,FHN,2020-11-18,0 days 15:56:03.240669,203285,12.12,12.11,367,24559,-4261,9019
1089,FHN,2020-11-18,0 days 15:57:40.240476,212096,12.12,12.11,6507,23496,9925,-3875
1090,FHN,2020-11-18,0 days 15:59:15.246434,234573,12.13,12.12,15332,12056,9467,-14133
1091,FHN,2020-11-18,0 days 15:59:50.250486,219899,12.11,12.1,13423,38994,-7299,12501
1092,FIS,2020-11-18,0 days 15:55:07.126570,197098,145.67,145.62,200,167,-739,2206
1093,FIS,2020-11-18,0 days 15:55:08.126737,195933,145.67,145.62,200,167,1165,-739
1094,FIS,2020-11-18,0 days 15:58:08.128874,201775,145.77,145.73,900,770,1157,-3145
1095,FIS,2020-11-18,0 days 15:59:01.131602,205376,145.78,145.75,200,100,-266,3090
1096,FIS,2020-11-18,0 days 15:59:05.131775,202511,145.7,145.67,200,100,2865,-535
1097,FIS,2020-11-18,0 days 15:59:06.133109,203533,145.71,145.64,200,267,-5064,2865
1098,FIS,2020-11-18,0 days 15:59:07.131185,197543,145.67,145.64,275,210,5990,-5064
1099,FIS,2020-11-18,0 days 15:59:09.131737,203533,145.66,145.6,403,100,-210,5990
1100,FIS,2020-11-18,0 days 15:59:46.123575,299138,145.24,145.14,100,610,6544,-1671
1101,FIT,2020-11-18,0 days 15:59:33.268707,148881,7.16,7.15,84980,56564,2541,-313
1102,FL,2020-11-18,0 days 15:55:39.131255,75096,39.99,39.95,794,310,-1345,199
1103,FL,2020-11-18,0 days 15:55:40.131548,74241,39.99,39.95,1294,310,855,-1345
1104,FL,2020-11-18,0 days 15:57:35.126935,78859,39.96,39.93,642,200,-865,835
1105,FL,2020-11-18,0 days 15:57:36.125973,77482,39.93,39.88,200,400,3277,-865
1106,FL,2020-11-18,0 days 15:58:07.128428,79244,40.01,39.93,100,609,-2244,798
1107,FL,2020-11-18,0 days 15:58:08.129071,77788,39.96,39.93,240,240,1456,-2244
1108,FL,2020-11-18,0 days 15:58:13.128121,79316,39.99,39.96,209,200,328,-772
1109,FL,2020-11-18,0 days 15:58:37.128769,78693,39.98,39.97,202,100,-223,28
1110,FL,2020-11-18,0 days 15:58:38.130515,78416,39.97,39.95,100,200,277,-223
1111,FL,2020-11-18,0 days 15:59:05.131943,79146,40.0,39.96,200,200,-2854,117
1112,FL,2020-11-18,0 days 15:59:13.132190,78563,40.01,40.0,100,1070,-1047,53
1113,FL,2020-11-18,0 days 15:59:42.124392,81902,39.93,39.88,100,730,7451,-4168
1114,FL,2020-11-18,0 days 15:59:44.123994,89353,39.95,39.91,100,100,-91,451
1115,FL,2020-11-18,0 days 15:59:51.122640,79006,40.0,39.93,300,100,-8300,2147
1116,FSLY,2020-11-18,0 days 15:59:45.292871,106453,81.15,81.06,1000,100,-2987,2270
1117,FSLY,2020-11-18,0 days 15:59:46.291704,104140,81.15,81.05,1000,200,2313,-2987
1118,FSM,2020-11-18,0 days 15:55:43.237608,25093,6.38,6.37,14481,42768,-265,5835
1119,FSM,2020-11-18,0 days 15:59:15.246648,27452,6.38,6.37,40275,31212,296,-1375
1120,FTCH,2020-11-18,0 days 15:50:01.224112,20886,45.02,45.0,1480,521,-636,864
1121,FTCH,2020-11-18,0 days 15:50:10.223477,20022,45.01,45.0,945,323,864,-636
1122,FTCH,2020-11-18,0 days 15:56:26.230296,30914,45.02,45.01,300,213,-1480,220
1123,FTCH,2020-11-18,0 days 15:57:10.231514,34514,45.0,44.98,1312,632,-1600,700
1124,FTCH,2020-11-18,0 days 15:57:11.231237,33614,45.0,44.98,1412,732,900,-1600
1125,FTCH,2020-11-18,0 days 15:58:02.233803,31882,45.0,44.99,3441,1172,-3332,1300
1126,FTCH,2020-11-18,0 days 15:58:03.232279,31339,45.0,44.99,3773,629,543,-3332
1127,FTCH,2020-11-18,0 days 15:59:04.233167,31865,45.09,45.06,793,700,230,-570
1128,FTCH,2020-11-18,0 days 15:59:08.234260,33286,45.15,45.11,100,200,-1397,303
1129,FTCH,2020-11-18,0 days 15:59:09.234606,32583,45.13,45.09,200,200,1703,-1397
1130,FTCH,2020-11-18,0 days 15:59:15.235338,35335,45.15,45.12,1514,1347,-2174,352
1131,FTCH,2020-11-18,0 days 15:59:16.225039,35109,45.15,45.12,1514,1247,226,-2174
1132,FTCH,2020-11-18,0 days 15:59:24.225105,35608,45.15,45.12,394,800,-2607,226
1133,FTCH,2020-11-18,0 days 15:59:28.225442,33409,45.15,45.12,167,300,2699,-107
1134,FTCH,2020-11-18,0 days 15:59:45.227693,36608,45.09,45.07,1370,100,-791,299
1135,FTCH,2020-11-18,0 days 15:59:46.227213,36399,45.09,45.07,1470,100,475,-791
1136,FTI,2020-11-18,0 days 15:59:17.258189,367739,8.29,8.28,31999,27956,-27669,89531
1137,FTI,2020-11-18,0 days 15:59:18.258431,278208,8.29,8.28,41775,16367,89531,-27669
1138,FTI,2020-11-18,0 days 15:59:46.260402,374419,8.29,8.28,40976,9839,-8740,688
1139,FUBO,2020-11-18,0 days 15:57:13.240401,18070,20.79,20.77,914,200,-6,594
1140,FUBO,2020-11-18,0 days 15:57:31.240298,18076,20.79,20.77,500,117,294,-6
1141,FUBO,2020-11-18,0 days 15:57:42.240450,17376,20.94,20.88,400,200,994,-306
1142,FUBO,2020-11-18,0 days 15:58:58.244793,17384,20.91,20.88,200,600,-568,908
1143,FUBO,2020-11-18,0 days 15:58:59.244508,16652,20.9,20.88,100,700,732,-568
1144,FUBO,2020-11-18,0 days 15:59:15.246648,17374,20.91,20.87,200,200,-1918,658
1145,FUBO,2020-11-18,0 days 15:59:16.246689,16792,20.91,20.86,200,200,582,-1918
1146,FUBO,2020-11-18,0 days 15:59:46.249294,17374,20.92,20.79,1500,400,-554,582
1147,FUBO,2020-11-18,0 days 15:59:47.247688,17128,20.92,20.79,1500,400,246,-554
1148,GCI,2020-11-18,0 days 15:55:19.237992,75293,2.42,2.41,6610,3324,-958,666
1149,GCI,2020-11-18,0 days 15:55:20.237078,72351,2.42,2.41,6910,3305,2442,-958
1150,GCI,2020-11-18,0 days 15:59:05.246003,75891,2.42,2.41,1100,7433,1344,-2056
1151,GE,2020-11-18,0 days 15:55:00.250983,8257314,9.8,9.79,68091,191975,-2824,277402
1152,GE,2020-11-18,0 days 15:55:09.252042,8246879,9.8,9.79,77990,249078,-13259,39957
1153,GE,2020-11-18,0 days 15:55:40.253573,8274059,9.78,9.77,298959,69100,13520,-13297
1154,GE,2020-11-18,0 days 15:55:41.253840,8263603,9.78,9.77,322268,31512,-9149,13520
1155,GE,2020-11-18,0 days 15:59:45.262013,9001871,9.74,9.73,202112,186369,-338496,126708
1156,GEO,2020-11-18,0 days 15:56:35.238407,113837,9.43,9.42,4517,5258,-502,998
1157,GEO,2020-11-18,0 days 15:56:36.238826,112839,9.43,9.42,4517,5258,998,-502
1158,GEO,2020-11-18,0 days 15:57:02.239154,113837,9.42,9.41,4125,4811,-1902,998
1159,GEO,2020-11-18,0 days 15:57:03.239123,113139,9.42,9.41,4125,4611,698,-1902
1160,GEO,2020-11-18,0 days 15:58:03.241487,113878,9.43,9.42,2000,4010,-1222,3478
1161,GEO,2020-11-18,0 days 15:58:04.241101,112900,9.43,9.42,2800,4510,978,-1222
1162,GEO,2020-11-18,0 days 15:58:14.241560,114563,9.43,9.42,1691,6117,-973,1127
1163,GEO,2020-11-18,0 days 15:58:15.242032,113436,9.43,9.42,1791,6017,1127,-973
1164,GEO,2020-11-18,0 days 15:58:29.244140,113946,9.44,9.43,3400,3534,617,-4683
1165,GEO,2020-11-18,0 days 15:58:58.243539,114563,9.45,9.44,3300,5405,-3595,2493
1166,GEO,2020-11-18,0 days 15:59:01.244670,118158,9.45,9.44,2639,6005,2805,-3595
1167,GEO,2020-11-18,0 days 15:59:02.245624,117863,9.45,9.44,2597,6005,-295,2805
1168,GEO,2020-11-18,0 days 15:59:11.244351,118158,9.45,9.44,1610,11473,1255,-146
1169,GEO,2020-11-18,0 days 15:59:12.244348,117913,9.45,9.44,1410,11473,-245,1255
1170,GEO,2020-11-18,0 days 15:59:48.243725,158509,9.42,9.41,4105,2900,4500,-9210
1171,GEO,2020-11-18,0 days 15:59:49.243993,156709,9.42,9.41,2800,3100,-800,4500
1172,GFI,2020-11-18,0 days 15:58:59.244498,186647,9.73,9.72,24760,16971,-165,8235
1173,GFI,2020-11-18,0 days 15:59:02.245351,181412,9.72,9.71,29809,11698,8235,-165
1174,GFI,2020-11-18,0 days 15:59:17.246535,189930,9.72,9.71,26562,10694,-6882,7234
1175,GFI,2020-11-18,0 days 15:59:18.245938,181912,9.72,9.71,23962,12548,8018,-6882
1176,GFI,2020-11-18,0 days 15:59:46.249095,190654,9.72,9.71,35115,9026,-8901,4668
1177,GFI,2020-11-18,0 days 15:59:47.247636,185755,9.72,9.71,37425,7901,4899,-8901
1178,GGB,2020-11-18,0 days 15:59:36.292226,26508,3.91,3.9,220298,315621,-3060,3740
1179,GGB,2020-11-18,0 days 15:59:37.291688,26268,3.91,3.9,220298,315128,240,-3060
1180,GLW,2020-11-18,0 days 15:59:16.243601,371036,36.18,36.17,6690,300,-5789,26634
1181,GLW,2020-11-18,0 days 15:59:47.244041,410484,36.12,36.1,6382,4200,-16169,2015
1182,GLW,2020-11-18,0 days 15:59:50.247584,404353,36.11,36.1,400,5300,5631,-3469
1183,GM,2020-11-18,0 days 15:55:00.234808,1131231,42.83,42.82,2802,2451,-2539,77034
1184,GM,2020-11-18,0 days 15:55:01.234753,1129670,42.83,42.82,3255,814,1561,-2539
1185,GM,2020-11-18,0 days 15:56:24.237907,1130356,42.94,42.93,1839,4329,6025,-7195
1186,GM,2020-11-18,0 days 15:57:06.240179,1143856,42.89,42.88,1900,1659,922,-28478
1187,GM,2020-11-18,0 days 15:57:23.239198,1147054,42.85,42.84,650,3283,-302,495
1188,GM,2020-11-18,0 days 15:57:24.239672,1146556,42.85,42.84,1226,3824,498,-302
1189,GM,2020-11-18,0 days 15:57:32.240261,1147051,42.87,42.86,111,3805,-1505,495
1190,GM,2020-11-18,0 days 15:58:34.243144,1166744,42.82,42.81,2460,2067,-493,407
1191,GM,2020-11-18,0 days 15:58:48.243510,1167344,42.82,42.81,2292,1730,-397,6003
1192,GM,2020-11-18,0 days 15:59:00.247259,1175560,42.81,42.8,5391,117,5985,-286
1193,GM,2020-11-18,0 days 15:59:03.244940,1175116,42.83,42.81,2900,4747,-904,244
1194,GM,2020-11-18,0 days 15:59:06.247430,1188037,42.82,42.81,2705,838,12624,-26158
1195,GM,2020-11-18,0 days 15:59:07.245464,1187361,42.82,42.81,405,2538,-676,12624
1196,GM,2020-11-18,0 days 15:59:11.245190,1161538,42.82,42.81,359,3460,11359,-276
1197,GM,2020-11-18,0 days 15:59:16.246317,1180761,42.82,42.81,4444,1974,-20874,288
1198,GME,2020-11-18,0 days 15:54:02.244374,60104,11.67,11.63,300,665,-298,4702
1199,GME,2020-11-18,0 days 15:55:00.247499,86771,11.6,11.59,800,600,-1811,4702
1200,GME,2020-11-18,0 days 15:57:21.253028,94266,11.59,11.57,1140,1100,14243,-3091
1201,GME,2020-11-18,0 days 15:57:22.252161,94109,11.59,11.57,680,1300,-157,14243
1202,GME,2020-11-18,0 days 15:59:00.261952,92863,11.59,11.58,1675,700,227,-54
1203,GME,2020-11-18,0 days 15:59:39.258937,120665,11.59,11.57,1880,1300,6468,-1707
1204,GNW,2020-11-18,0 days 15:55:00.248184,259040,4.45,4.44,25826,7881,-14127,6117
1205,GNW,2020-11-18,0 days 15:57:20.252437,304050,4.43,4.42,9804,27854,4422,-978
1206,GNW,2020-11-18,0 days 15:57:57.256647,305472,4.44,4.43,28115,27085,-586,614
1207,GNW,2020-11-18,0 days 15:58:02.258052,306058,4.44,4.43,26839,29085,944,-586
1208,GOLD,2020-11-18,0 days 15:57:34.253575,367406,24.45,24.44,33936,16892,6080,-20
1209,GOLD,2020-11-18,0 days 15:59:08.258835,391382,24.44,24.43,61672,12838,-9413,5587
1210,GOLD,2020-11-18,0 days 15:59:09.259676,386795,24.43,24.42,38726,16337,4587,-9413
1211,GOLD,2020-11-18,0 days 15:59:20.257943,389650,24.45,24.44,7989,33586,4394,-5506
1212,GOLD,2020-11-18,0 days 15:59:21.258347,394044,24.45,24.44,11589,33661,-7606,4394
1213,GOLD,2020-11-18,0 days 15:59:28.258036,383224,24.46,24.45,32922,30050,2820,-7380
1214,GOLD,2020-11-18,0 days 15:59:40.259111,389474,24.46,24.45,58562,9002,432,-2318
1215,GOLD,2020-11-18,0 days 15:59:46.260823,397906,24.45,24.44,15564,45295,-11996,432
1216,GOLD,2020-11-18,0 days 15:59:47.259052,396802,24.45,24.44,16164,45395,1104,-11996
1217,GPK,2020-11-18,0 days 15:55:42.237572,101449,15.56,15.55,6287,8930,-1484,2579
1218,GPK,2020-11-18,0 days 15:55:43.237441,98733,15.56,15.55,6287,8830,2716,-1484
1219,GPK,2020-11-18,0 days 15:56:47.238405,104483,15.59,15.58,3683,14017,-270,1850
1220,GPK,2020-11-18,0 days 15:56:48.238665,102053,15.59,15.58,4583,13617,2430,-270
1221,GPK,2020-11-18,0 days 15:57:19.239494,104483,15.59,15.58,23300,1449,-58,2042
1222,GPK,2020-11-18,0 days 15:57:20.240371,102041,15.59,15.58,22600,1349,2442,-58
1223,GPK,2020-11-18,0 days 15:57:48.242049,103301,15.58,15.57,7707,8400,1182,-418
1224,GPS,2020-11-18,0 days 15:59:16.268724,269993,23.68,23.67,2900,3554,69820,-5526
1225,GS,2020-11-18,0 days 15:55:39.237170,305568,224.65,224.54,103,200,521,-3878
1226,GS,2020-11-18,0 days 15:55:40.236831,302289,224.65,224.54,100,254,-3279,521
1227,GS,2020-11-18,0 days 15:55:54.236703,307719,224.68,224.58,235,100,2802,-1898
1228,GS,2020-11-18,0 days 15:55:55.238429,304721,224.68,224.59,235,100,-2998,2802
1229,GS,2020-11-18,0 days 15:56:23.237575,309962,224.83,224.75,1325,100,1297,-3744
1230,GS,2020-11-18,0 days 15:56:24.237257,306690,224.83,224.77,901,400,-3272,1297
1231,GS,2020-11-18,0 days 15:56:43.237826,324032,224.93,224.87,100,500,7695,-4505
1232,GS,2020-11-18,0 days 15:56:44.238170,320427,224.88,224.84,400,100,-3605,7695
1233,GS,2020-11-18,0 days 15:56:52.238343,316089,224.8,224.74,100,200,-2843,1757
1234,GS,2020-11-18,0 days 15:57:05.239445,318932,224.81,224.75,100,100,2613,-2465
1235,GS,2020-11-18,0 days 15:57:06.239485,316191,224.86,224.76,100,300,-2741,2613
1236,GS,2020-11-18,0 days 15:57:20.239651,321258,224.64,224.6,100,200,6069,-2203
1237,GS,2020-11-18,0 days 15:57:21.239354,318474,224.61,224.54,100,100,-2784,6069
1238,GS,2020-11-18,0 days 15:58:29.244626,330884,224.86,224.72,200,100,3245,-4033
