,Symbol,Timestamp,TIME,iPaired,Ask_P,Bid_P,Ask_S,Bid_S,iShares,PreviShares
0,AA,2020-07-17,0 days 15:55:01.007522,491386,13.01,13.0,1520,13900,7550,-232134
1,AA,2020-07-17,0 days 15:55:02.006067,470036,13.02,13.01,3775,12849,-21350,7550
2,AA,2020-07-17,0 days 15:59:06.597066,544837,13.02,13.01,2581,12062,38440,-3686
3,AA,2020-07-17,0 days 15:59:07.599686,526577,13.03,13.02,3729,10486,-18260,38440
4,AA,2020-07-17,0 days 15:59:11.609194,545237,13.03,13.02,1752,12907,52037,-16160
5,AA,2020-07-17,0 days 15:59:12.611743,532297,13.04,13.03,8000,2000,-12540,52037
6,AA,2020-07-17,0 days 15:59:15.618340,544837,13.03,13.02,29490,5233,188658,-12540
7,AA,2020-07-17,0 days 15:59:39.677027,630022,13.06,13.05,2324,13500,-1618,2785
8,AA,2020-07-17,0 days 15:59:46.694278,664449,13.06,13.05,1789,14620,-5355,25949
9,ABB,2020-07-17,0 days 15:59:01.710299,25566,24.78,24.77,20133,13720,8791,-11209
10,ABB,2020-07-17,0 days 15:59:02.712249,24943,24.78,24.77,18071,14020,-623,8791
11,ABB,2020-07-17,0 days 15:59:05.720004,25566,24.78,24.77,13444,14720,175,-623
12,ABB,2020-07-17,0 days 15:59:24.764400,24041,24.78,24.77,14588,13703,-1527,173
13,ABBV,2020-07-17,0 days 15:59:04.753433,1243277,100.98,100.96,600,600,-39900,75234
14,ABBV,2020-07-17,0 days 15:59:42.844164,1339831,100.86,100.85,107,1199,19727,-75643
15,ABBV,2020-07-17,0 days 15:59:43.847322,1334458,100.86,100.85,400,712,-5594,19727
16,ABBV,2020-07-17,0 days 15:59:45.850971,1340149,100.87,100.86,100,510,10638,-8310
17,ABBV,2020-07-17,0 days 15:59:46.853807,1331187,100.88,100.86,100,710,-5452,10638
18,ABEV,2020-07-17,0 days 15:59:36.744462,202664,2.62,2.61,651512,182227,54908,-64592
19,ABEV,2020-07-17,0 days 15:59:37.746437,199372,2.62,2.61,651512,180227,-3292,54908
20,ABEV,2020-07-17,0 days 15:59:45.766502,202664,2.62,2.61,622901,158957,13508,-1492
21,ABEV,2020-07-17,0 days 15:59:46.768888,200272,2.62,2.61,611401,158457,-8128,13508
22,ABT,2020-07-17,0 days 15:57:49.484984,1179145,99.31,99.29,740,700,2212,-1788
23,ABT,2020-07-17,0 days 15:57:50.488671,1175328,99.37,99.35,200,800,-3817,2212
24,ABT,2020-07-17,0 days 15:58:21.563320,1178899,99.32,99.31,600,300,-246,454
25,ABT,2020-07-17,0 days 15:59:04.667311,1187297,99.32,99.31,1400,300,6451,-2127
26,ABT,2020-07-17,0 days 15:59:11.684390,1268295,99.31,99.3,310,190,-101595,8979
27,ADM,2020-07-17,0 days 15:57:34.497588,473373,41.24,41.23,3047,1608,-2704,4396
28,ADM,2020-07-17,0 days 15:57:35.500516,469977,41.23,41.22,2615,405,3396,-2704
29,ADM,2020-07-17,0 days 15:57:36.502238,473373,41.22,41.21,2497,609,-604,3396
30,ADM,2020-07-17,0 days 15:57:37.504937,472177,41.22,41.21,3446,409,1196,-604
31,ADM,2020-07-17,0 days 15:57:47.528958,473373,41.22,41.21,1743,1230,-704,5896
32,ADM,2020-07-17,0 days 15:57:48.531213,470677,41.22,41.21,2143,1230,2696,-704
33,ADM,2020-07-17,0 days 15:57:57.553658,473373,41.23,41.22,425,1773,-2504,3196
34,ADM,2020-07-17,0 days 15:57:58.555747,470877,41.23,41.22,425,1773,2496,-2504
35,ADM,2020-07-17,0 days 15:58:03.569611,473373,41.23,41.22,1924,701,-1004,2496
36,ADM,2020-07-17,0 days 15:58:04.571353,470877,41.23,41.22,1524,1169,2496,-1004
37,ADM,2020-07-17,0 days 15:58:06.575553,473373,41.23,41.22,1824,1001,-1804,2496
38,ADM,2020-07-17,0 days 15:58:07.578614,470877,41.23,41.22,1224,974,2916,-1804
39,ADM,2020-07-17,0 days 15:59:01.710456,478317,41.23,41.22,2651,262,-330,2150
40,ADM,2020-07-17,0 days 15:59:40.803336,517373,41.16,41.14,2500,3808,916,-9500
41,ADM,2020-07-17,0 days 15:59:46.816401,523094,41.18,41.17,2333,1600,-411,5071
42,ADM,2020-07-17,0 days 15:59:48.820844,523605,41.18,41.17,2200,2309,2032,-1313
43,AEG,2020-07-17,0 days 15:59:00.694319,20766,3.13,3.12,32465,240418,2391,-714
44,AEP,2020-07-17,0 days 15:57:35.451023,199908,87.57,87.56,300,500,-3474,2938
45,AEP,2020-07-17,0 days 15:57:36.453894,195482,87.57,87.56,400,500,4426,-3474
46,AEP,2020-07-17,0 days 15:57:43.470249,199908,87.57,87.56,100,800,-574,326
47,AEP,2020-07-17,0 days 15:57:44.472648,195982,87.57,87.56,300,600,3926,-574
48,AEP,2020-07-17,0 days 15:59:04.667545,202446,87.56,87.54,200,800,-242,2658
49,AEP,2020-07-17,0 days 15:59:07.675068,200564,87.57,87.56,524,1400,2426,-3174
50,AEP,2020-07-17,0 days 15:59:11.684601,202990,87.55,87.52,200,100,-15713,1009
51,AEP,2020-07-17,0 days 15:59:12.687514,200703,87.53,87.52,424,100,3087,-15713
52,AEP,2020-07-17,0 days 15:59:19.703107,203790,87.56,87.54,900,200,-1175,865
53,AEP,2020-07-17,0 days 15:59:24.714563,203573,87.5,87.49,300,688,317,-2281
54,AEP,2020-07-17,0 days 15:59:30.730321,205971,87.54,87.52,287,800,-401,298
55,AEP,2020-07-17,0 days 15:59:31.734377,205772,87.51,87.5,100,173,199,-401
56,AEP,2020-07-17,0 days 15:59:40.754675,203890,87.53,87.51,300,100,-14448,100
57,AES,2020-07-17,0 days 15:55:04.135871,479621,15.66,15.65,8310,20409,57901,-79699
58,AES,2020-07-17,0 days 15:55:05.139203,472481,15.67,15.66,3924,22934,-7140,57901
59,AES,2020-07-17,0 days 15:55:38.219598,480621,15.67,15.66,8878,18797,1210,-5502
60,AES,2020-07-17,0 days 15:55:39.220887,478831,15.67,15.66,7178,18897,-1390,1210
61,AES,2020-07-17,0 days 15:55:49.244872,480711,15.67,15.66,7264,20597,2720,-980
62,AES,2020-07-17,0 days 15:55:50.247627,478931,15.67,15.66,7864,20197,-1380,2720
63,AES,2020-07-17,0 days 15:56:26.333710,481590,15.68,15.67,10263,15126,452,-748
64,AES,2020-07-17,0 days 15:56:27.335911,480042,15.68,15.67,10861,15126,-1548,452
65,AES,2020-07-17,0 days 15:57:10.440469,481447,15.65,15.64,7739,14568,574,-1235
66,AES,2020-07-17,0 days 15:57:11.442703,480021,15.65,15.64,5339,15693,-1426,574
67,AES,2020-07-17,0 days 15:59:05.719915,537085,15.65,15.64,5895,25473,67083,-5979
68,AES,2020-07-17,0 days 15:59:06.722443,550368,15.66,15.65,4900,22654,-49427,67083
69,AES,2020-07-17,0 days 15:59:07.725267,549395,15.66,15.65,7600,17361,973,-49427
70,AES,2020-07-17,0 days 15:59:10.731714,550368,15.66,15.65,7800,14423,-1701,940
71,AES,2020-07-17,0 days 15:59:11.735052,548107,15.66,15.65,11000,7903,2261,-1701
72,AES,2020-07-17,0 days 15:59:13.739465,550368,15.66,15.65,11006,9523,-1537,8931
73,AES,2020-07-17,0 days 15:59:14.741672,543705,15.66,15.65,7906,9723,6663,-1537
74,AES,2020-07-17,0 days 15:59:16.744275,550368,15.66,15.65,11866,5203,-5137,6663
75,AES,2020-07-17,0 days 15:59:17.746639,549805,15.66,15.65,11866,5003,563,-5137
76,AES,2020-07-17,0 days 15:59:23.761876,550368,15.66,15.65,11861,6548,-2237,563
77,AES,2020-07-17,0 days 15:59:24.764306,543705,15.66,15.65,9947,8848,6663,-2237
78,AES,2020-07-17,0 days 15:59:27.771146,550368,15.66,15.65,9847,8168,-9790,563
79,AES,2020-07-17,0 days 15:59:44.811947,585206,15.63,15.62,5040,19156,8192,-32438
80,AES,2020-07-17,0 days 15:59:45.814274,583998,15.64,15.63,300,26900,-18257,8192
81,AFL,2020-07-17,0 days 15:57:10.426567,381622,36.25,36.24,814,2006,595,-1042
82,AFL,2020-07-17,0 days 15:57:11.429151,380517,36.26,36.25,1289,1500,-1105,595
83,AFL,2020-07-17,0 days 15:57:34.483956,381622,36.24,36.23,601,2731,1095,-805
84,AFL,2020-07-17,0 days 15:57:35.486292,381117,36.24,36.23,1153,2890,-505,1095
85,AFL,2020-07-17,0 days 15:57:38.494078,381622,36.23,36.22,1407,1300,395,-205
86,AFL,2020-07-17,0 days 15:57:44.507639,383617,36.24,36.23,2000,1800,-2105,495
87,AFL,2020-07-17,0 days 15:57:46.512936,383422,36.23,36.22,807,2000,195,-3205
88,AFL,2020-07-17,0 days 15:57:54.532333,383917,36.24,36.22,3000,3166,-5,2295
89,AFL,2020-07-17,0 days 15:57:55.535350,383622,36.24,36.22,2900,3231,295,-5
90,AFL,2020-07-17,0 days 15:57:57.539282,383917,36.24,36.22,2600,3031,-3205,3495
91,AFL,2020-07-17,0 days 15:57:58.541883,381622,36.24,36.22,2800,3031,5195,-3205
92,AFL,2020-07-17,0 days 15:58:00.548004,382039,36.23,36.22,900,2731,-1583,295
93,AFL,2020-07-17,0 days 15:58:01.550604,381622,36.23,36.22,1421,1231,3217,-1583
94,AFL,2020-07-17,0 days 15:59:12.723597,390785,36.25,36.24,2200,1600,-602,98
95,AFL,2020-07-17,0 days 15:59:40.789904,394493,36.23,36.22,3427,300,-9782,931
96,AG,2020-07-17,0 days 15:57:14.449828,49079,10.62,10.61,12232,20974,-4183,1279
97,AG,2020-07-17,0 days 15:57:15.451802,46062,10.62,10.61,15032,21376,3017,-4183
98,AG,2020-07-17,0 days 15:59:09.730807,49353,10.6,10.59,43274,7400,-3246,18954
99,AG,2020-07-17,0 days 15:59:10.731796,35299,10.6,10.59,43668,4200,14054,-3246
100,AGI,2020-07-17,0 days 15:59:30.814290,24050,10.41,10.4,3500,27109,1887,-513
101,AGI,2020-07-17,0 days 15:59:31.817715,19837,10.41,10.4,4900,30309,-4213,1887
102,AIG,2020-07-17,0 days 15:55:52.252513,344666,32.21,32.2,1798,1700,-12068,4315
103,AIG,2020-07-17,0 days 15:55:53.254948,341834,32.21,32.2,2398,1500,2832,-12068
104,AIG,2020-07-17,0 days 15:56:13.302885,344666,32.2,32.19,977,1919,-537,2363
105,AIG,2020-07-17,0 days 15:56:14.308363,342103,32.2,32.19,977,2419,2563,-537
106,AIG,2020-07-17,0 days 15:57:02.420612,344666,32.2,32.19,4776,1678,-1007,1393
107,AIG,2020-07-17,0 days 15:57:03.423478,343273,32.2,32.19,5076,1031,1393,-1007
108,AIG,2020-07-17,0 days 15:57:39.510429,343573,32.18,32.17,7036,321,1093,-1607
109,AIG,2020-07-17,0 days 15:57:41.514856,344666,32.18,32.17,6205,242,-1207,1093
110,AIG,2020-07-17,0 days 15:57:42.518067,342773,32.17,32.16,4356,795,1893,-1207
111,AIG,2020-07-17,0 days 15:57:58.555759,345166,32.16,32.15,3077,1913,-1607,1693
112,AIG,2020-07-17,0 days 15:57:59.558359,344373,32.16,32.15,4186,801,293,-1607
113,AIG,2020-07-17,0 days 15:58:00.562130,329762,32.16,32.15,4387,814,-2811,293
114,AIG,2020-07-17,0 days 15:59:41.805150,363790,32.13,32.12,700,3237,455,-1145
115,AIG,2020-07-17,0 days 15:59:44.812146,364845,32.15,32.14,2030,1010,-1062,555
116,ALL,2020-07-17,0 days 15:55:00.126759,1183337,91.57,91.55,100,300,24534,-245661
117,ALL,2020-07-17,0 days 15:55:35.211694,1204871,91.68,91.65,100,553,-966,834
118,ALL,2020-07-17,0 days 15:55:36.213844,1202060,91.7,91.65,100,553,2011,-966
119,ALL,2020-07-17,0 days 15:55:43.230895,1192160,91.7,91.67,123,1070,1711,-8089
120,ALL,2020-07-17,0 days 15:56:07.288392,1209535,91.79,91.77,300,400,-128,572
121,ALL,2020-07-17,0 days 15:57:34.497476,1217636,91.74,91.73,562,300,-3085,3115
122,ALL,2020-07-17,0 days 15:57:35.500389,1214221,91.74,91.72,762,876,4115,-3085
123,ALL,2020-07-17,0 days 15:57:44.521367,1220076,91.7,91.68,204,1408,-45,5055
124,ALL,2020-07-17,0 days 15:57:46.526466,1216421,91.67,91.64,300,111,13055,-45
125,ALL,2020-07-17,0 days 15:57:51.538732,1231076,91.66,91.64,659,100,-950,7255
126,ALL,2020-07-17,0 days 15:57:53.543567,1226860,91.66,91.64,355,200,3516,-3850
127,ALL,2020-07-17,0 days 15:57:57.553589,1219376,91.71,91.68,223,353,-22584,9316
128,ALL,2020-07-17,0 days 15:57:58.555659,1217060,91.71,91.68,223,300,1516,-22584
129,ALL,2020-07-17,0 days 15:58:04.571279,1215126,91.71,91.68,418,500,4950,-5850
130,ALL,2020-07-17,0 days 15:58:09.585072,1217026,91.7,91.68,100,501,2250,-2050
131,ALL,2020-07-17,0 days 15:59:00.708232,1215077,91.76,91.74,542,1774,-14796,383
132,ALL,2020-07-17,0 days 15:59:01.710275,1203773,91.75,91.74,442,715,12004,-14796
133,ALL,2020-07-17,0 days 15:59:02.712218,1216014,91.75,91.74,300,858,-559,12004
134,ALL,2020-07-17,0 days 15:59:04.716932,1214006,91.76,91.75,300,200,303,-11297
135,ALL,2020-07-17,0 days 15:59:44.811977,1222161,91.71,91.7,100,500,-6904,296
136,ALL,2020-07-17,0 days 15:59:49.822972,1227386,91.73,91.68,466,607,4645,-421
137,ALLY,2020-07-17,0 days 15:59:44.888179,408106,21.33,21.32,2512,996,5,-696
138,AM,2020-07-17,0 days 15:55:01.007981,96914,5.93,5.92,16899,8294,-2728,3824
139,AM,2020-07-17,0 days 15:55:41.101311,99642,5.93,5.92,17317,9194,736,-464
140,AM,2020-07-17,0 days 15:57:42.393104,102531,5.91,5.9,23167,3704,-411,2389
141,AM,2020-07-17,0 days 15:59:32.659768,111978,5.9,5.89,17949,2436,894,-6
142,AM,2020-07-17,0 days 15:59:45.691553,121828,5.9,5.89,1695,15645,-7400,550
143,AM,2020-07-17,0 days 15:59:46.694331,122528,5.9,5.89,1695,15545,1165,-7400
144,AMCR,2020-07-17,0 days 15:59:15.728976,462669,10.76,10.75,11681,13917,420,-1870
145,AMCR,2020-07-17,0 days 15:59:23.748369,456192,10.77,10.76,13569,25994,-6477,1223
146,AMX,2020-07-17,0 days 15:55:01.007832,50333,12.77,12.76,13960,12840,29942,-20922
147,AMX,2020-07-17,0 days 15:55:02.006261,48075,12.77,12.76,15835,12886,-2258,29942
148,AMX,2020-07-17,0 days 15:56:02.152322,50433,12.79,12.78,8523,17839,4342,-2964
149,AMX,2020-07-17,0 days 15:56:03.155678,48175,12.79,12.78,8357,18739,-2158,4342
150,AMX,2020-07-17,0 days 15:58:47.550569,58288,12.79,12.78,7211,18987,1701,-1470
151,AMX,2020-07-17,0 days 15:58:48.553708,55889,12.79,12.78,7811,18787,-2299,1701
152,AMX,2020-07-17,0 days 15:59:03.589284,59007,12.79,12.78,9729,10482,1655,-2751
153,AMX,2020-07-17,0 days 15:59:04.591990,57462,12.79,12.78,9429,10682,-1545,1655
154,AMX,2020-07-17,0 days 15:59:48.699830,58862,12.78,12.77,20326,8380,-983,17
155,ANF,2020-07-17,0 days 15:55:00.200530,160723,9.97,9.96,2134,5650,-1562,19443
156,ANF,2020-07-17,0 days 15:55:23.256335,162285,9.97,9.96,4248,6860,438,-1562
157,ANF,2020-07-17,0 days 15:55:24.258673,160923,9.97,9.96,4448,6760,-1362,438
158,ANF,2020-07-17,0 days 15:55:42.303087,163685,9.98,9.97,4704,5800,2219,-1881
159,ANF,2020-07-17,0 days 15:55:43.304376,162804,9.98,9.97,4504,6300,-881,2219
160,ANF,2020-07-17,0 days 15:56:24.402642,164048,9.98,9.97,1906,8862,325,-1175
161,ANF,2020-07-17,0 days 15:56:25.404967,163073,9.98,9.97,2106,8762,-975,325
162,ANF,2020-07-17,0 days 15:57:07.506862,164063,9.98,9.97,3295,6400,2399,-401
163,ANF,2020-07-17,0 days 15:57:08.509374,163362,9.98,9.97,3196,6500,-701,2399
164,ANF,2020-07-17,0 days 15:58:04.645259,164063,9.98,9.97,4370,5900,86,-601
165,ANF,2020-07-17,0 days 15:58:05.647653,163649,9.98,9.97,4370,5400,-414,86
166,ANF,2020-07-17,0 days 15:58:12.665093,164513,9.98,9.97,5270,4700,1536,-864
167,ANF,2020-07-17,0 days 15:58:13.667603,157949,9.98,9.97,5370,4500,-6564,1536
168,APD,2020-07-17,0 days 15:55:00.127141,593133,293.57,293.5,276,500,-10254,25535
169,APD,2020-07-17,0 days 15:56:03.278912,616581,294.1,294.02,500,200,-1979,1289
170,APD,2020-07-17,0 days 15:57:00.417452,618835,294.11,293.94,320,100,1201,-2512
171,APD,2020-07-17,0 days 15:57:01.418416,616736,294.0,293.9,300,200,-2788,1201
172,AR,2020-07-17,0 days 15:55:00.126607,207297,2.87,2.86,44830,14262,-5302,3834
173,ARMK,2020-07-17,0 days 15:57:43.032406,104278,23.12,23.11,2005,1639,1471,-29
174,ARMK,2020-07-17,0 days 15:57:45.037116,105749,23.12,23.11,1905,1788,-1829,1471
175,ARMK,2020-07-17,0 days 15:57:47.041588,104278,23.12,23.11,1905,1788,1971,-229
176,ARMK,2020-07-17,0 days 15:57:51.051936,107049,23.12,23.11,1906,1873,-29,71
177,ARMK,2020-07-17,0 days 15:59:24.277370,113548,23.12,23.11,839,592,-969,331
178,ARMK,2020-07-17,0 days 15:59:39.313527,109363,23.12,23.11,1205,200,3485,-196
179,ASX,2020-07-17,0 days 15:55:01.202396,30608,4.63,4.62,10000,15841,354,-13546
180,ASX,2020-07-17,0 days 15:56:38.436412,30962,4.64,4.63,6500,19900,-715,354
181,ASX,2020-07-17,0 days 15:56:47.458028,31677,4.64,4.63,6521,20306,47,-715
182,ASX,2020-07-17,0 days 15:58:47.749035,31724,4.64,4.63,11041,12800,-2624,47
183,ATH,2020-07-17,0 days 15:56:48.372984,124715,33.5,33.49,500,1301,-30,213
184,ATH,2020-07-17,0 days 15:56:49.375085,123545,33.5,33.49,610,1301,1170,-30
185,ATH,2020-07-17,0 days 15:56:55.390152,124715,33.53,33.52,240,435,-630,1170
186,ATH,2020-07-17,0 days 15:56:56.392247,123545,33.52,33.51,200,1100,1170,-630
187,ATH,2020-07-17,0 days 15:57:05.413792,124715,33.53,33.52,552,1068,-42,58
188,ATH,2020-07-17,0 days 15:57:06.416621,123657,33.53,33.52,552,1268,1058,-42
189,ATH,2020-07-17,0 days 15:57:35.486275,124715,33.55,33.54,600,200,-642,558
190,ATH,2020-07-17,0 days 15:57:36.488892,123857,33.54,33.53,100,703,858,-642
191,ATH,2020-07-17,0 days 15:57:42.503787,124715,33.54,33.53,100,1003,-1742,658
192,ATH,2020-07-17,0 days 15:57:43.505644,124057,33.54,33.53,100,1003,658,-1742
193,ATH,2020-07-17,0 days 15:57:47.515259,124715,33.54,33.53,309,629,-742,1558
194,ATH,2020-07-17,0 days 15:57:48.517450,123657,33.54,33.53,669,729,1058,-742
195,ATH,2020-07-17,0 days 15:59:08.714010,128441,33.53,33.52,200,600,417,-483
196,ATH,2020-07-17,0 days 15:59:19.738680,130073,33.52,33.51,600,561,-2321,532
197,ATH,2020-07-17,0 days 15:59:32.769658,128994,33.5,33.49,600,100,1209,-1791
198,ATI,2020-07-17,0 days 15:55:00.200644,97739,9.8,9.79,1004,5129,5457,-7311
199,ATI,2020-07-17,0 days 15:55:36.287891,102438,9.83,9.82,800,5164,-501,1099
200,ATI,2020-07-17,0 days 15:55:50.321474,105744,9.82,9.81,3590,4319,3594,-3277
201,ATI,2020-07-17,0 days 15:55:51.323993,102467,9.82,9.81,4080,3900,-3277,3594
202,ATI,2020-07-17,0 days 15:57:20.538305,112663,9.81,9.8,2248,2837,99,-772
203,ATI,2020-07-17,0 days 15:57:21.540970,111891,9.81,9.8,2248,2232,-772,99
204,ATI,2020-07-17,0 days 15:58:04.645259,112663,9.79,9.78,4873,4331,485,-904
205,ATI,2020-07-17,0 days 15:58:05.647678,111848,9.79,9.78,3373,4761,-815,485
206,ATI,2020-07-17,0 days 15:59:44.888098,119440,9.8,9.79,6426,1872,2000,-899
207,ATI,2020-07-17,0 days 15:59:45.891466,118840,9.8,9.79,2320,2572,-600,2000
208,ATUS,2020-07-17,0 days 15:59:04.792825,564573,24.32,24.31,2600,5490,125789,-11815
209,ATUS,2020-07-17,0 days 15:59:21.831741,571098,24.33,24.32,3688,2401,26933,-690
210,ATUS,2020-07-17,0 days 15:59:45.891309,602031,24.3,24.29,5358,3110,-14592,13965
211,ATUS,2020-07-17,0 days 15:59:57.920625,645175,24.29,24.27,3347,3400,10526,-3058
212,AU,2020-07-17,0 days 15:57:22.468192,42273,32.36,32.35,764,4599,516,-714
213,AU,2020-07-17,0 days 15:57:23.470808,41289,32.37,32.36,540,7190,-984,516
214,AU,2020-07-17,0 days 15:58:47.675247,42873,32.38,32.37,503,1953,334,-1590
215,AU,2020-07-17,0 days 15:58:48.676892,42433,32.38,32.37,503,2053,-440,334
216,AUY,2020-07-17,0 days 15:59:36.306890,92599,5.58,5.57,295339,314911,-14993,17707
217,AUY,2020-07-17,0 days 15:59:37.309010,91692,5.58,5.57,293239,313761,907,-14993
218,AUY,2020-07-17,0 days 15:59:41.319403,92599,5.58,5.57,286893,310815,-28193,907
219,AUY,2020-07-17,0 days 15:59:42.321191,91692,5.58,5.57,288404,310815,907,-28193
220,AVTR,2020-07-17,0 days 15:55:00.078151,588612,18.79,18.78,1814,2115,-59508,45842
221,AVTR,2020-07-17,0 days 15:57:43.468169,647216,18.79,18.78,600,1841,301,-269
222,AVTR,2020-07-17,0 days 15:57:44.471800,646017,18.79,18.78,1407,690,-1169,301
223,AVTR,2020-07-17,0 days 15:57:57.502096,647216,18.78,18.77,1502,788,301,-2569
224,AVTR,2020-07-17,0 days 15:57:59.508059,645317,18.78,18.77,1407,1962,-1869,2301
225,AVTR,2020-07-17,0 days 15:58:28.576639,644706,18.78,18.77,1100,500,-2480,6720
226,AVTR,2020-07-17,0 days 15:58:42.611444,645793,18.79,18.78,1512,703,-1393,577
227,AVTR,2020-07-17,0 days 15:59:41.753860,644243,18.79,18.78,800,4454,-9675,2695
228,AVTR,2020-07-17,0 days 15:59:50.776854,665004,18.77,18.76,1370,1400,2205,-1293
229,AXP,2020-07-17,0 days 15:59:07.809389,225567,95.16,95.15,400,900,26933,-8694
230,AXP,2020-07-17,0 days 15:59:34.872589,244799,95.2,95.19,600,100,-1224,1876
231,AXP,2020-07-17,0 days 15:59:35.875109,243223,95.2,95.17,1800,200,1876,-1224
232,AXP,2020-07-17,0 days 15:59:38.882202,245099,95.19,95.17,100,1310,-1024,1876
233,AXP,2020-07-17,0 days 15:59:39.884920,243423,95.2,95.19,300,200,776,-1024
234,AXP,2020-07-17,0 days 15:59:40.887187,245257,95.19,95.18,200,300,-4021,776
235,AXP,2020-07-17,0 days 15:59:45.899399,249372,95.17,95.14,499,880,2492,-4245
236,AXP,2020-07-17,0 days 15:59:47.904641,245099,95.21,95.19,300,900,-5054,362
237,AZN,2020-07-17,0 days 15:55:01.006631,205289,61.37,61.36,1589,1700,26721,-135681
238,AZN,2020-07-17,0 days 15:55:02.005914,193310,61.38,61.37,2662,300,-11979,26721
239,AZN,2020-07-17,0 days 15:59:27.646318,236645,61.21,61.2,600,1210,2384,-2074
240,AZN,2020-07-17,0 days 15:59:29.651527,238429,61.26,61.25,600,600,-816,2384
241,AZN,2020-07-17,0 days 15:59:38.673846,239245,61.25,61.24,1410,400,101,-212
242,AZN,2020-07-17,0 days 15:59:46.694155,233965,61.25,61.24,800,685,-9052,10320
243,AZN,2020-07-17,0 days 15:59:48.699460,243017,61.25,61.23,1700,1200,1019,-2724
244,AZN,2020-07-17,0 days 15:59:49.700957,239136,61.23,61.22,1000,100,-1481,1019
245,BA,2020-07-17,0 days 15:55:27.266428,147380,175.98,175.97,1059,100,-316,184
246,BA,2020-07-17,0 days 15:55:28.269078,145996,176.0,175.96,1252,300,1384,-316
247,BA,2020-07-17,0 days 15:56:30.417516,147477,175.89,175.87,700,700,-2554,746
248,BA,2020-07-17,0 days 15:56:31.419715,146231,175.88,175.87,200,601,1246,-2554
249,BA,2020-07-17,0 days 15:57:34.572203,147477,175.91,175.87,800,363,-326,1774
250,BA,2020-07-17,0 days 15:57:35.574616,146303,175.9,175.89,100,100,1174,-326
251,BA,2020-07-17,0 days 15:57:36.577537,147477,175.9,175.88,200,100,-226,1174
252,BA,2020-07-17,0 days 15:57:37.579406,146503,175.9,175.87,600,200,974,-226
253,BA,2020-07-17,0 days 15:57:45.599161,147477,175.87,175.82,485,100,-426,274
254,BA,2020-07-17,0 days 15:57:46.601023,146603,175.86,175.82,600,163,874,-426
255,BA,2020-07-17,0 days 15:58:53.763899,149244,175.88,175.87,417,300,-8,89
256,BABA,2020-07-17,0 days 15:55:00.165240,1906134,246.76,246.74,600,100,-30199,22862
257,BABA,2020-07-17,0 days 15:55:54.292841,1931656,247.1,247.07,858,601,4870,-3560
258,BABA,2020-07-17,0 days 15:55:55.296073,1929226,247.1,247.07,858,801,-1860,4870
259,BABA,2020-07-17,0 days 15:56:47.418923,1931306,247.04,247.01,600,300,372,-822
260,BABA,2020-07-17,0 days 15:56:48.422496,1929178,247.03,247.01,200,300,-2130,372
261,BABA,2020-07-17,0 days 15:57:34.533215,1932265,247.21,247.18,200,200,9912,-1588
262,BABA,2020-07-17,0 days 15:57:35.535652,1931069,247.22,247.19,200,400,-1148,9912
263,BABA,2020-07-17,0 days 15:57:38.543013,1932217,247.21,247.19,143,600,6360,-1140
264,BABA,2020-07-17,0 days 15:57:39.545742,1936077,247.26,247.24,300,200,-3023,6360
265,BABA,2020-07-17,0 days 15:57:49.568940,1933232,247.33,247.31,200,300,145,-3663
266,BABA,2020-07-17,0 days 15:57:50.572465,1932777,247.34,247.32,348,100,-3620,145
267,BABA,2020-07-17,0 days 15:57:51.573689,1933040,247.33,247.31,206,104,37,-3620
268,BABA,2020-07-17,0 days 15:57:52.575115,1932977,247.33,247.31,216,200,-63,37
269,BABA,2020-07-17,0 days 15:57:54.580524,1933040,247.33,247.31,300,300,6237,-63
270,BABA,2020-07-17,0 days 15:57:55.583786,1932977,247.35,247.33,187,310,-220,6237
271,BABA,2020-07-17,0 days 15:57:59.592279,1933280,247.38,247.37,100,300,97,-3455
272,BABA,2020-07-17,0 days 15:58:00.595468,1933177,247.4,247.36,405,700,-103,97
273,BABA,2020-07-17,0 days 15:58:08.616077,1933040,247.32,247.29,351,100,22,-170
274,BABA,2020-07-17,0 days 15:58:27.660721,1933040,247.33,247.3,320,1000,45,-112
275,BABA,2020-07-17,0 days 15:58:28.663272,1933085,247.33,247.31,100,800,-112,45
276,BABA,2020-07-17,0 days 15:58:31.670367,1933040,247.31,247.28,136,300,45,-112
277,BABA,2020-07-17,0 days 15:58:50.717170,1933632,247.37,247.34,351,800,55,-147
278,BABA,2020-07-17,0 days 15:59:00.742920,1972644,247.42,247.39,104,742,-10936,331
279,BABA,2020-07-17,0 days 15:59:09.764696,1982565,247.22,247.17,300,154,13799,-642
280,BABA,2020-07-17,0 days 15:59:10.766008,1976864,247.18,247.13,378,200,-5691,13799
281,BABA,2020-07-17,0 days 15:59:22.794455,1984292,247.26,247.24,300,100,774,-1727
282,BABA,2020-07-17,0 days 15:59:25.802194,1985066,247.41,247.35,379,100,-311,810
283,BABA,2020-07-17,0 days 15:59:26.803997,1984688,247.33,247.24,632,200,378,-311
284,BABA,2020-07-17,0 days 15:59:28.808917,1985066,247.44,247.37,100,200,-239,413
285,BABA,2020-07-17,0 days 15:59:30.813082,1984688,247.39,247.37,600,120,378,-275
286,BABA,2020-07-17,0 days 15:59:38.833433,1982666,247.19,247.15,404,420,-1007,12893
287,BABA,2020-07-17,0 days 15:59:47.854162,1983756,247.25,247.22,200,600,10310,-1690
288,BABA,2020-07-17,0 days 15:59:48.858153,1982666,247.19,247.17,500,242,-1007,10310
289,BAC,2020-07-17,0 days 15:59:04.591969,3636256,23.23,23.22,54622,85456,134258,-127420
290,BAC,2020-07-17,0 days 15:59:05.594070,3599004,23.24,23.23,114900,43587,-37252,134258
291,BAC,2020-07-17,0 days 15:59:08.601546,3631642,23.23,23.22,27200,73788,-5103,23897
292,BAC,2020-07-17,0 days 15:59:15.618340,3645062,23.23,23.22,58079,46939,12504,-12840
293,BB,2020-07-17,0 days 15:59:40.751665,52692,4.81,4.8,105912,21839,6162,-638
294,BB,2020-07-17,0 days 15:59:41.753944,52154,4.81,4.8,106712,18239,-438,6162
295,BBD,2020-07-17,0 days 15:59:19.739025,212157,4.13,4.12,414083,123715,33720,-22664
296,BBVA,2020-07-17,0 days 15:55:00.078449,9084,3.63,3.62,119005,188750,-36,472
297,BBVA,2020-07-17,0 days 15:55:31.152968,9120,3.63,3.62,81168,280703,264,-36
298,BBVA,2020-07-17,0 days 15:57:05.379080,9384,3.63,3.62,56711,260074,-436,264
299,BE,2020-07-17,0 days 15:57:52.576201,92053,17.0,16.99,800,1385,-90,1407
300,BE,2020-07-17,0 days 15:59:00.743229,85306,16.99,16.98,800,731,-6071,2273
301,BE,2020-07-17,0 days 15:59:01.745889,77677,16.99,16.98,706,1031,7629,-6071
302,BHC,2020-07-17,0 days 15:55:34.246630,43606,18.08,18.07,544,7432,-13,687
303,BHC,2020-07-17,0 days 15:55:38.256045,43062,18.08,18.07,845,6382,544,-13
304,BHC,2020-07-17,0 days 15:56:03.315501,43606,18.08,18.07,2729,6380,-2031,544
305,BHC,2020-07-17,0 days 15:56:04.317955,43237,18.08,18.07,3929,5580,369,-2031
306,BHC,2020-07-17,0 days 15:56:18.350309,43606,18.09,18.08,5185,1572,-2131,369
307,BHC,2020-07-17,0 days 15:56:19.352177,42737,18.09,18.08,5285,1772,869,-2131
308,BHC,2020-07-17,0 days 15:56:26.369572,43606,18.09,18.08,4986,4194,-331,869
309,BHC,2020-07-17,0 days 15:57:21.502555,43937,18.08,18.07,5845,5289,3969,-331
310,BHC,2020-07-17,0 days 15:57:23.507605,43606,18.08,18.07,5745,7051,-2976,1024
311,BHC,2020-07-17,0 days 15:58:00.596684,45967,18.08,18.07,3910,5451,439,-470
312,BHC,2020-07-17,0 days 15:58:47.710343,46406,18.08,18.07,5235,4796,-1283,490
313,BHC,2020-07-17,0 days 15:58:48.712646,42989,18.08,18.07,5335,4696,3417,-1283
314,BHC,2020-07-17,0 days 15:59:01.746059,46606,18.08,18.07,6280,2509,-237,592
315,BK,2020-07-17,0 days 15:55:04.174972,481215,36.16,36.14,2800,8275,2132,-3041
316,BK,2020-07-17,0 days 15:55:05.179159,479018,36.16,36.15,2700,1047,-2197,2132
317,BK,2020-07-17,0 days 15:55:48.279413,542479,36.17,36.16,3100,2357,1832,-18814
318,BK,2020-07-17,0 days 15:56:09.329745,542871,36.16,36.15,2800,3699,-7,392
319,BK,2020-07-17,0 days 15:56:14.341845,551478,36.15,36.14,1146,2957,2693,-7
320,BK,2020-07-17,0 days 15:56:55.439428,554171,36.17,36.16,1100,5424,-2460,1240
321,BK,2020-07-17,0 days 15:56:56.441780,551631,36.17,36.16,2000,5624,2247,-2460
322,BK,2020-07-17,0 days 15:57:36.538606,554529,36.19,36.18,3532,6226,-4406,1094
323,BK,2020-07-17,0 days 15:57:38.543439,553135,36.18,36.17,4123,1689,1394,-3606
324,BK,2020-07-17,0 days 15:58:07.613837,555946,36.18,36.17,671,5115,-289,2011
325,BK,2020-07-17,0 days 15:58:08.616450,555135,36.18,36.17,2471,4294,811,-289
326,BK,2020-07-17,0 days 15:58:45.705129,557745,36.18,36.17,4052,3486,701,-6899
327,BK,2020-07-17,0 days 15:59:10.766440,576680,36.15,36.14,2701,1124,24098,-22402
328,BK,2020-07-17,0 days 15:59:11.769099,574678,36.15,36.14,2601,1824,-1702,24098
329,BK,2020-07-17,0 days 15:59:18.784981,574678,36.13,36.12,3294,2100,-13112,161
330,BK,2020-07-17,0 days 15:59:19.787981,578290,36.12,36.11,4594,2000,19933,-13112
331,BK,2020-07-17,0 days 15:59:20.790298,576423,36.12,36.11,2108,3619,-1867,19933
332,BK,2020-07-17,0 days 15:59:27.806881,579254,36.11,36.1,900,3450,17447,-831
333,BK,2020-07-17,0 days 15:59:28.809319,579001,36.12,36.11,1954,3500,-253,17447
334,BK,2020-07-17,0 days 15:59:40.840063,590701,36.13,36.12,337,4704,-481,5519
335,BK,2020-07-17,0 days 15:59:45.850859,597595,36.14,36.13,3600,2311,8604,-2058
336,BK,2020-07-17,0 days 15:59:46.853708,597699,36.14,36.13,800,3641,-2746,8604
337,BK,2020-07-17,0 days 15:59:47.855292,603245,36.14,36.13,477,4080,2933,-2746
338,BKD,2020-07-17,0 days 15:56:15.265706,115040,2.66,2.65,26073,15126,912,-1188
339,BKD,2020-07-17,0 days 15:56:16.267689,110852,2.66,2.65,26405,15426,-4188,912
340,BKD,2020-07-17,0 days 15:59:07.674975,120234,2.66,2.65,19627,6064,8240,-5871
341,BKD,2020-07-17,0 days 15:59:08.677695,117774,2.66,2.65,19627,6264,-2460,8240
342,BKD,2020-07-17,0 days 15:59:40.754595,121334,2.66,2.65,28784,4229,12832,-360
343,BKR,2020-07-17,0 days 15:55:03.219538,375272,15.31,15.3,7000,3744,-158276,6224
344,BKR,2020-07-17,0 days 15:55:04.218881,310748,15.3,15.29,1500,6246,64524,-158276
345,BKR,2020-07-17,0 days 15:56:26.416642,375665,15.29,15.28,2600,7940,-929,271
346,BKR,2020-07-17,0 days 15:56:27.419256,370894,15.29,15.28,3500,7530,4771,-929
347,BKR,2020-07-17,0 days 15:58:08.665304,383315,15.29,15.28,4661,4156,-1179,5521
348,BKR,2020-07-17,0 days 15:58:09.667908,377794,15.29,15.28,4661,4248,5763,-1179
349,BKR,2020-07-17,0 days 15:59:45.899428,521085,15.28,15.27,10300,3624,9969,-15084
350,BLL,2020-07-17,0 days 15:55:00.087091,208643,70.27,70.26,1488,500,-32408,65072
351,BLL,2020-07-17,0 days 15:56:15.265726,245796,70.21,70.2,1080,301,582,-218
352,BLL,2020-07-17,0 days 15:56:48.345845,246178,70.29,70.28,691,600,-480,252
353,BLL,2020-07-17,0 days 15:56:49.347581,245658,70.29,70.28,1108,500,1174,-480
354,BLL,2020-07-17,0 days 15:57:14.399949,246726,70.26,70.25,1165,533,306,-194
355,BLL,2020-07-17,0 days 15:57:51.490119,254311,70.24,70.23,456,296,1321,-94
356,BLL,2020-07-17,0 days 15:57:53.494910,255632,70.25,70.23,611,200,-579,1321
357,BLL,2020-07-17,0 days 15:57:54.497231,254326,70.25,70.23,729,200,1306,-579
358,BLL,2020-07-17,0 days 15:57:55.500323,255632,70.24,70.23,211,236,-779,1306
359,BLL,2020-07-17,0 days 15:57:56.501662,254311,70.24,70.23,118,628,1421,-779
360,BLL,2020-07-17,0 days 15:58:32.589450,258501,70.26,70.23,400,600,-703,1797
361,BLL,2020-07-17,0 days 15:58:33.593567,257019,70.25,70.23,199,445,1182,-703
362,BLL,2020-07-17,0 days 15:58:59.654606,252817,70.3,70.27,400,715,1010,-590
363,BLL,2020-07-17,0 days 15:59:00.658610,252458,70.29,70.27,400,484,-866,1010
364,BLL,2020-07-17,0 days 15:59:01.660942,252989,70.29,70.28,200,369,853,-866
365,BLL,2020-07-17,0 days 15:59:08.677757,252802,70.36,70.34,334,400,-205,354
366,BLL,2020-07-17,0 days 15:59:09.681402,252207,70.35,70.34,410,100,595,-205
367,BLL,2020-07-17,0 days 15:59:11.684601,252605,70.35,70.34,200,299,-1302,595
368,BLL,2020-07-17,0 days 15:59:12.687491,252207,70.33,70.3,100,300,398,-1302
369,BLL,2020-07-17,0 days 15:59:15.692580,253205,70.31,70.29,300,100,-441,498
370,BLL,2020-07-17,0 days 15:59:16.695175,252846,70.31,70.29,300,100,656,-441
371,BLL,2020-07-17,0 days 15:59:21.708403,257902,70.32,70.3,100,360,-509,656
372,BLL,2020-07-17,0 days 15:59:22.710542,260811,70.31,70.3,100,246,292,-509
373,BLL,2020-07-17,0 days 15:59:25.717368,261503,70.3,70.28,493,100,-108,92
374,BLL,2020-07-17,0 days 15:59:28.724173,261611,70.26,70.25,820,200,1092,-108
375,BLL,2020-07-17,0 days 15:59:40.754641,268703,70.25,70.23,100,200,-2487,307
376,BMY,2020-07-17,0 days 15:58:34.717838,898943,60.42,60.4,12866,815,-7150,4550
377,BMY,2020-07-17,0 days 15:58:36.722649,893052,60.42,60.4,11655,3115,6591,-7150
378,BMY,2020-07-17,0 days 15:58:37.725003,882043,60.42,60.41,11555,200,-11009,6591
379,BMY,2020-07-17,0 days 15:59:10.805514,911882,60.41,60.4,8345,1000,58,-16350
380,BMY,2020-07-17,0 days 15:59:11.808077,911940,60.41,60.4,8945,100,-6442,58
381,BMY,2020-07-17,0 days 15:59:43.886251,952241,60.41,60.4,100,4600,17267,-7465
382,BMY,2020-07-17,0 days 15:59:44.888074,949622,60.41,60.4,5488,600,-2619,17267
383,BMY,2020-07-17,0 days 15:59:47.895908,962885,60.41,60.4,4581,1000,15478,-32529
384,BOX,2020-07-17,0 days 15:55:01.006528,96460,18.49,18.48,2330,1065,9946,-13363
385,BOX,2020-07-17,0 days 15:55:02.005881,94406,18.49,18.48,2453,465,-2007,9946
386,BOX,2020-07-17,0 days 15:57:21.342258,100055,18.51,18.5,2163,300,2016,-1279
387,BOX,2020-07-17,0 days 15:57:22.344082,119871,18.51,18.5,2163,400,-2943,2016
388,BOX,2020-07-17,0 days 15:58:35.522209,128206,18.52,18.51,1790,2958,14,-5686
389,BOX,2020-07-17,0 days 15:59:24.639219,125782,18.51,18.5,2951,1083,-4404,596
390,BP,2020-07-17,0 days 15:55:00.642101,100004,23.26,23.25,18654,19028,3194,-838
391,BP,2020-07-17,0 days 15:58:47.187697,110159,23.25,23.24,33601,20520,-2032,1826
392,BP,2020-07-17,0 days 15:58:48.189674,107591,23.25,23.24,34001,20120,2568,-2032
393,BP,2020-07-17,0 days 15:58:53.201972,110159,23.25,23.24,37901,17830,-320,2568
394,BP,2020-07-17,0 days 15:58:54.204289,107879,23.25,23.24,37901,17830,2280,-320
395,BP,2020-07-17,0 days 15:59:05.231738,110043,23.25,23.24,19488,24558,-11304,1216
396,BP,2020-07-17,0 days 15:59:06.234861,108997,23.25,23.24,17641,25358,946,-11304
397,BRFS,2020-07-17,0 days 15:59:36.306890,44305,3.86,3.85,112688,94334,25415,-29985
398,BRFS,2020-07-17,0 days 15:59:37.309010,42720,3.86,3.85,110938,94334,-1585,25415
399,BRK.B,2020-07-17,0 days 15:58:48.625224,968550,190.74,190.71,540,300,79731,-21295
400,BRK.B,2020-07-17,0 days 15:58:49.628261,946981,190.8,190.76,700,800,-21595,79731
401,BRK.B,2020-07-17,0 days 15:59:12.685881,981250,190.69,190.68,100,710,75077,-26001
402,BRK.B,2020-07-17,0 days 15:59:13.687374,942675,190.81,190.76,600,365,-38601,75077
403,BRK.B,2020-07-17,0 days 15:59:14.688301,981250,190.79,190.74,245,300,72825,-38601
404,BRK.B,2020-07-17,0 days 15:59:16.693405,952675,190.75,190.72,300,414,-30717,71425
405,BRK.B,2020-07-17,0 days 15:59:45.763722,954252,190.83,190.8,297,200,-49660,53740
406,BRK.B,2020-07-17,0 days 15:59:46.766443,1003912,190.8,190.74,200,400,3168,-49660
407,BRK.B,2020-07-17,0 days 15:59:47.768280,970980,190.8,190.77,197,100,-32932,3168
408,BRX,2020-07-17,0 days 15:59:45.891562,199765,11.87,11.86,565,9840,939,-4461
409,BSX,2020-07-17,0 days 15:58:36.596067,447728,37.75,37.74,600,5008,405,-16783
410,BSX,2020-07-17,0 days 15:58:39.602963,447933,37.76,37.75,1571,4400,-13012,205
411,BTI,2020-07-17,0 days 15:58:01.078232,30805,35.51,35.5,8187,938,-9633,13467
412,BTI,2020-07-17,0 days 15:58:02.079775,29338,35.5,35.49,8187,506,2167,-9633
413,BTI,2020-07-17,0 days 15:58:33.154339,36806,35.47,35.46,700,2700,-3261,2039
414,BWA,2020-07-17,0 days 15:55:37.253153,108337,37.51,37.5,1300,688,1460,-361
415,BWA,2020-07-17,0 days 15:55:38.255916,105097,37.51,37.5,1300,1199,-3240,1460
416,BWA,2020-07-17,0 days 15:59:05.754961,122692,37.52,37.51,1771,400,106,-2173
417,BWA,2020-07-17,0 days 15:59:08.763082,107755,37.54,37.53,500,1200,-16437,17263
418,BWA,2020-07-17,0 days 15:59:09.765105,124445,37.53,37.52,800,800,3547,-16437
419,BWA,2020-07-17,0 days 15:59:10.766366,118792,37.53,37.52,100,1369,-5653,3547
420,BWA,2020-07-17,0 days 15:59:16.780477,122945,37.52,37.51,659,800,1911,-953
421,BWA,2020-07-17,0 days 15:59:17.783160,120956,37.52,37.51,500,700,-1089,1911
422,BWA,2020-07-17,0 days 15:59:28.809265,124049,37.51,37.5,1150,800,142,-2558
423,BWA,2020-07-17,0 days 15:59:50.863991,130403,37.49,37.48,1822,300,2390,-8615
424,BX,2020-07-17,0 days 15:55:00.079527,138858,55.96,55.95,300,600,1234,-2054
425,BX,2020-07-17,0 days 15:55:22.131153,140092,56.01,56.0,300,1701,-566,1234
426,BX,2020-07-17,0 days 15:55:23.133577,138858,56.01,56.0,300,1701,1234,-566
427,BX,2020-07-17,0 days 15:55:54.208406,140092,56.03,56.02,160,1033,-1973,759
428,BX,2020-07-17,0 days 15:55:55.210804,139065,56.03,56.02,160,300,1027,-1973
429,BX,2020-07-17,0 days 15:56:55.354878,140227,56.01,56.0,561,1073,-978,622
430,BX,2020-07-17,0 days 15:56:56.357529,139105,56.01,56.0,561,1102,1122,-978
431,BX,2020-07-17,0 days 15:57:35.450479,140227,56.0,55.99,795,200,-75,525
432,BX,2020-07-17,0 days 15:57:37.455214,138002,56.0,55.99,995,200,2225,-75
433,BX,2020-07-17,0 days 15:57:42.467303,140227,56.02,56.01,761,1000,-1075,625
434,BX,2020-07-17,0 days 15:57:43.469753,139602,56.02,56.01,861,1000,625,-1075
435,BX,2020-07-17,0 days 15:57:47.479617,140227,56.05,56.04,423,200,-1875,625
436,BX,2020-07-17,0 days 15:57:48.481714,139202,56.05,56.02,872,1100,1025,-1875
437,BX,2020-07-17,0 days 15:57:49.484528,140227,56.05,56.03,772,200,-275,1025
438,BX,2020-07-17,0 days 15:57:50.488182,139702,56.05,56.03,1372,200,625,-275
439,BX,2020-07-17,0 days 15:57:53.494214,140227,56.06,56.05,200,300,-175,525
440,BX,2020-07-17,0 days 15:57:54.496695,139702,56.05,56.03,600,200,525,-175
441,BX,2020-07-17,0 days 15:58:03.519065,140227,56.04,56.02,700,1100,-1675,425
442,BX,2020-07-17,0 days 15:58:04.520276,139802,56.04,56.03,700,256,425,-1675
443,BX,2020-07-17,0 days 15:59:11.682880,143457,55.97,55.95,300,1215,-1971,1229
444,BX,2020-07-17,0 days 15:59:12.686169,142928,55.97,55.96,529,1487,529,-1971
445,BX,2020-07-17,0 days 15:59:30.727117,143706,55.96,55.95,300,809,-1236,664
446,BX,2020-07-17,0 days 15:59:31.730385,143142,55.96,55.94,829,300,564,-1236
447,BX,2020-07-17,0 days 15:59:33.735415,143706,55.97,55.95,100,400,-4446,4664
448,BX,2020-07-17,0 days 15:59:34.737045,143052,55.97,55.96,429,100,654,-4446
449,BX,2020-07-17,0 days 15:59:46.766765,144648,55.97,55.96,100,198,-279,1596
450,BX,2020-07-17,0 days 15:59:48.771500,144627,55.97,55.96,529,198,21,-279
451,C,2020-07-17,0 days 15:58:19.482405,916089,50.23,50.22,3623,772,-762,6838
452,C,2020-07-17,0 days 15:59:07.599345,932204,50.27,50.26,2500,1500,-1260,50350
453,C,2020-07-17,0 days 15:59:30.654891,901467,50.24,50.23,1800,2462,-21669,7331
454,C,2020-07-17,0 days 15:59:40.679931,926097,50.22,50.21,4600,4213,30835,-17330
455,C,2020-07-17,0 days 15:59:58.723352,924350,50.23,50.22,3300,600,-3780,33785
456,CAT,2020-07-17,0 days 15:56:12.251355,243594,137.16,137.12,420,200,-3627,3973
457,CAT,2020-07-17,0 days 15:56:13.253645,240321,137.15,137.12,410,300,3511,-3627
458,CAT,2020-07-17,0 days 15:56:32.299112,243832,137.17,137.16,200,100,-180,10
459,CAT,2020-07-17,0 days 15:56:37.311320,237538,137.18,137.16,300,305,6294,-180
460,CAT,2020-07-17,0 days 15:57:34.448281,243832,137.06,137.04,300,100,-2308,1292
461,CAT,2020-07-17,0 days 15:57:35.450464,241140,137.07,137.02,200,217,2692,-2308
462,CAT,2020-07-17,0 days 15:57:42.467281,243832,137.06,137.05,100,100,-6908,692
463,CAT,2020-07-17,0 days 15:57:43.469736,242340,137.06,137.04,100,220,1492,-6908
464,CAT,2020-07-17,0 days 15:57:55.499555,243832,137.03,137.01,200,500,-625,1375
465,CAT,2020-07-17,0 days 15:57:56.503114,239957,137.04,137.02,100,200,3875,-625
466,CAT,2020-07-17,0 days 15:58:02.515491,243832,137.02,137.01,200,303,-525,1675
467,CAT,2020-07-17,0 days 15:58:03.519049,242157,137.04,137.01,100,204,1675,-525
468,CAT,2020-07-17,0 days 15:59:04.665282,252233,136.89,136.88,200,200,-34682,1204
469,CB,2020-07-17,0 days 15:55:00.200394,200870,136.16,136.09,100,200,2015,-69552
470,CB,2020-07-17,0 days 15:55:01.202396,198585,136.16,136.1,100,592,-2959,2015
471,CB,2020-07-17,0 days 15:59:05.793507,221419,136.17,136.14,200,200,63,-3554
472,CB,2020-07-17,0 days 15:59:06.796548,221482,136.17,136.15,100,300,-237,63
473,CCJ,2020-07-17,0 days 15:55:00.112682,27744,11.87,11.86,4157,8365,-8214,6639
474,CCJ,2020-07-17,0 days 15:56:07.274461,36458,11.89,11.88,402,12214,321,-779
475,CCJ,2020-07-17,0 days 15:56:08.276355,35779,11.89,11.88,702,11214,-679,321
476,CCJ,2020-07-17,0 days 15:56:10.281142,36458,11.89,11.88,602,12689,2679,-679
477,CCJ,2020-07-17,0 days 15:56:11.283263,32437,11.89,11.88,602,12689,-4021,2679
478,CCJ,2020-07-17,0 days 15:57:05.413600,41259,11.89,11.88,400,7380,7268,-3121
479,CCJ,2020-07-17,0 days 15:57:09.423797,37927,11.88,11.87,100,8439,-505,2095
480,CCJ,2020-07-17,0 days 15:58:53.675021,35777,11.85,11.84,1400,16406,4860,-1450
481,CCJ,2020-07-17,0 days 15:59:02.697752,42483,11.85,11.84,1200,21195,-262,389
482,CCJ,2020-07-17,0 days 15:59:19.738333,42900,11.85,11.84,6583,7689,-1100,1055
483,CCJ,2020-07-17,0 days 15:59:20.740363,40900,11.85,11.84,7183,6789,2000,-1100
484,CCJ,2020-07-17,0 days 15:59:23.748126,43000,11.85,11.84,5672,6989,-103,500
485,CCJ,2020-07-17,0 days 15:59:24.750189,41703,11.85,11.84,5672,10289,1197,-103
486,CCJ,2020-07-17,0 days 15:59:40.789693,42900,11.85,11.84,935,12598,-6303,397
487,CCJ,2020-07-17,0 days 15:59:41.791229,42603,11.85,11.84,935,12398,297,-6303
488,CCL,2020-07-17,0 days 15:55:00.086487,440540,15.46,15.45,10945,13119,73768,-61067
489,CCL,2020-07-17,0 days 15:55:01.088670,433008,15.46,15.45,9711,13619,-7532,73768
490,CCL,2020-07-17,0 days 15:55:27.150362,441552,15.47,15.46,11300,16550,1856,-8544
491,CCL,2020-07-17,0 days 15:55:28.153369,434808,15.47,15.46,10100,18205,-6744,1856
492,CCL,2020-07-17,0 days 15:59:07.674935,495946,15.5,15.49,14621,14164,-70404,567
493,CCL,2020-07-17,0 days 15:59:15.692439,587850,15.53,15.52,9700,12117,13815,-20671
494,CCL,2020-07-17,0 days 15:59:18.699721,577150,15.51,15.5,31300,10847,60915,-6585
495,CCL,2020-07-17,0 days 15:59:19.703044,565765,15.51,15.5,27890,7700,-1085,60915
496,CCL,2020-07-17,0 days 15:59:22.710471,566850,15.51,15.5,32903,4000,8915,-1085
497,CCL,2020-07-17,0 days 15:59:23.713617,539065,15.51,15.5,35190,1800,-30785,8915
498,CCL,2020-07-17,0 days 15:59:46.769013,587503,15.51,15.5,12711,11480,-7825,17591
499,CCXX,2020-07-17,0 days 15:55:00.165918,1000,12.01,12.0,3668,3853,-90812,988
500,CCXX,2020-07-17,0 days 15:55:01.167372,12,12.01,12.0,3668,3853,988,-90812
501,CCXX,2020-07-17,0 days 15:56:40.403240,1000,12.0,11.99,100,550,-612,988
502,CDE,2020-07-17,0 days 15:57:04.425552,272044,6.32,6.31,4752,25282,-5803,4959
503,CDE,2020-07-17,0 days 15:57:05.427771,262747,6.32,6.31,5252,25182,9297,-5803
504,CDE,2020-07-17,0 days 15:58:50.682833,272944,6.31,6.3,14192,22454,-15615,8137
505,CDE,2020-07-17,0 days 15:58:51.684670,265959,6.31,6.3,13392,28854,6985,-15615
506,CDE,2020-07-17,0 days 15:59:07.725487,274874,6.32,6.31,27742,27248,-37903,2401
507,CDE,2020-07-17,0 days 15:59:08.727938,272777,6.32,6.31,27242,27648,2097,-37903
508,CDE,2020-07-17,0 days 15:59:46.816401,295142,6.32,6.31,3800,44995,-653,1091
509,CF,2020-07-17,0 days 15:59:36.744429,175371,30.38,30.36,1100,500,-2867,15133
510,CF,2020-07-17,0 days 15:59:38.749280,178238,30.38,30.37,900,200,3089,-1867
511,CF,2020-07-17,0 days 15:59:39.752279,162530,30.38,30.37,400,600,-15708,3089
512,CF,2020-07-17,0 days 15:59:40.754475,178238,30.38,30.37,400,600,1848,-15708
513,CF,2020-07-17,0 days 15:59:45.766470,176021,30.38,30.37,500,400,-2217,3983
514,CFG,2020-07-17,0 days 15:59:45.766651,336707,25.15,25.14,493,1300,115,-9864
515,CFG,2020-07-17,0 days 15:59:46.769061,330508,25.17,25.16,1686,500,-11367,115
516,CGC,2020-07-17,0 days 15:55:01.006489,33160,17.92,17.91,2575,614,29039,-16361
517,CGC,2020-07-17,0 days 15:55:39.097053,37499,17.92,17.91,2334,235,-718,339
518,CGC,2020-07-17,0 days 15:58:53.564508,39517,17.95,17.94,1400,3711,2329,-418
519,CGC,2020-07-17,0 days 15:59:41.682723,41846,17.95,17.94,4733,3814,-4571,229
520,CGC,2020-07-17,0 days 15:59:42.683503,41717,17.95,17.94,4733,3614,129,-4571
521,CHS,2020-07-17,0 days 15:59:07.809519,210966,1.47,1.46,34684,26056,10132,-12137
522,CHS,2020-07-17,0 days 15:59:08.811766,203098,1.47,1.46,34492,26056,-7868,10132
523,CHS,2020-07-17,0 days 15:59:12.821327,210966,1.47,1.46,36284,23556,1714,-7868
524,CHS,2020-07-17,0 days 15:59:16.828782,203960,1.47,1.46,33692,27356,-7006,5794
525,CHS,2020-07-17,0 days 15:59:38.882296,225796,1.47,1.46,33332,31956,10064,-8036
526,CHS,2020-07-17,0 days 15:59:39.885073,220060,1.47,1.46,33332,31956,-5736,10064
527,CHWY,2020-07-17,0 days 15:55:01.007888,63495,46.82,46.8,1216,100,23526,-19489
528,CHWY,2020-07-17,0 days 15:55:02.006295,60821,46.84,46.82,400,200,-2674,23526
529,CIG,2020-07-17,0 days 15:59:36.780487,40275,2.13,2.12,292882,87379,8256,-9844
530,CIG,2020-07-17,0 days 15:59:37.781942,39731,2.13,2.12,269860,164883,-544,8256
531,CIM,2020-07-17,0 days 15:59:44.761430,169107,9.13,9.12,28100,19342,-2080,1853
532,CIM,2020-07-17,0 days 15:59:46.766528,166695,9.13,9.12,33612,2253,6466,-14488
533,CL,2020-07-17,0 days 15:55:00.126697,343624,75.09,75.08,1133,1600,25920,-67988
534,CL,2020-07-17,0 days 15:55:01.129131,342844,75.12,75.11,460,1222,-780,25920
535,CL,2020-07-17,0 days 15:56:03.278831,346039,75.16,75.15,1953,1274,1940,-146
536,CL,2020-07-17,0 days 15:56:04.281020,345379,75.16,75.15,1953,1252,-660,1940
537,CL,2020-07-17,0 days 15:56:35.356398,351646,75.15,75.14,1009,300,905,-695
538,CL,2020-07-17,0 days 15:56:36.358240,350551,75.16,75.14,1901,1600,-1095,905
539,CL,2020-07-17,0 days 15:57:05.427680,354188,75.15,75.14,1693,711,516,-1570
540,CL,2020-07-17,0 days 15:57:06.430376,352804,75.15,75.14,3577,611,-1384,516
541,CL,2020-07-17,0 days 15:57:34.497458,354188,75.15,75.14,1300,100,4340,-860
542,CL,2020-07-17,0 days 15:57:35.500366,353236,75.15,75.14,100,1663,-952,4340
543,CL,2020-07-17,0 days 15:57:45.524058,354188,75.16,75.14,1600,1406,1679,-2421
544,CL,2020-07-17,0 days 15:57:46.526428,350867,75.16,75.15,300,1408,-3321,1679
545,CL,2020-07-17,0 days 15:57:54.545778,354596,75.16,75.15,2575,900,1371,-715
546,CL,2020-07-17,0 days 15:57:55.548657,351867,75.16,75.15,1077,1116,-2729,1371
547,CL,2020-07-17,0 days 15:59:00.708193,361408,75.14,75.13,677,1000,6324,-2672
548,CL,2020-07-17,0 days 15:59:12.737852,376560,75.14,75.13,1470,1307,-2410,4690
549,CL,2020-07-17,0 days 15:59:13.739465,375570,75.14,75.13,1470,1307,990,-2410
550,CL,2020-07-17,0 days 15:59:16.744275,407560,75.17,75.16,700,900,-28110,31990
551,CL,2020-07-17,0 days 15:59:17.746639,403370,75.16,75.15,564,1192,7990,-28110
552,CL,2020-07-17,0 days 15:59:23.761898,408931,75.16,75.15,1042,1240,3546,-1371
553,CL,2020-07-17,0 days 15:59:45.814237,401562,75.21,75.2,914,838,-14378,2892
554,CL,2020-07-17,0 days 15:59:46.816225,403240,75.19,75.18,526,300,928,-14378
555,CLDR,2020-07-17,0 days 15:59:00.708232,153481,11.57,11.56,5816,3587,6379,-4988
556,CLDR,2020-07-17,0 days 15:59:01.710334,147460,11.57,11.56,4116,6943,-6021,6379
557,CLDR,2020-07-17,0 days 15:59:09.730776,153563,11.57,11.56,4016,4099,3428,-6014
558,CLDR,2020-07-17,0 days 15:59:10.731770,148991,11.57,11.56,4016,8313,-4572,3428
559,CLDR,2020-07-17,0 days 15:59:15.742686,154066,11.57,11.56,3419,7265,2671,-4475
560,CLDR,2020-07-17,0 days 15:59:16.744331,149937,11.57,11.56,3319,10629,-4129,2671
561,CLDR,2020-07-17,0 days 15:59:44.812007,159129,11.57,11.56,12108,3933,3904,-1672
562,CLDR,2020-07-17,0 days 15:59:46.816284,156654,11.57,11.56,11808,10260,-3599,3325
563,CLF,2020-07-17,0 days 15:57:09.955269,352817,5.72,5.71,54128,28967,466,-8761
564,CLF,2020-07-17,0 days 15:57:45.037337,334983,5.72,5.71,53160,23654,-17834,466
565,CLF,2020-07-17,0 days 15:59:41.319590,375025,5.71,5.7,92016,90673,43406,-11194
566,CLF,2020-07-17,0 days 15:59:42.321374,370731,5.71,5.7,91716,90673,-4294,43406
567,CLF,2020-07-17,0 days 15:59:44.326473,375025,5.71,5.7,91495,91527,14105,-4294
568,CLF,2020-07-17,0 days 15:59:45.329593,371630,5.71,5.7,58382,96238,-16595,14105
569,CLR,2020-07-17,0 days 15:58:53.774047,152566,17.19,17.18,255,900,876,-124
570,CLR,2020-07-17,0 days 15:58:54.775819,147042,17.19,17.18,255,1600,-5524,876
571,CLR,2020-07-17,0 days 15:59:04.802545,152566,17.2,17.19,900,100,1302,-298
572,CLR,2020-07-17,0 days 15:59:06.806457,149688,17.2,17.19,100,1500,-2878,1302
573,CLR,2020-07-17,0 days 15:59:48.907199,147262,17.16,17.15,1300,1102,-1372,128
574,CNC,2020-07-17,0 days 15:56:41.328319,204580,66.41,66.4,430,601,10799,-37301
575,CNC,2020-07-17,0 days 15:56:42.330776,167279,66.45,66.44,600,100,-37301,10799
576,CNC,2020-07-17,0 days 15:59:20.705715,204596,66.3,66.28,330,628,-771,4829
577,CNC,2020-07-17,0 days 15:59:39.752310,209610,66.3,66.28,264,400,1451,-4049
578,CNC,2020-07-17,0 days 15:59:42.758590,208401,66.29,66.26,600,363,-1209,9991
579,CNC,2020-07-17,0 days 15:59:48.775430,208410,66.32,66.28,800,200,-1200,600
580,CNK,2020-07-17,0 days 15:59:15.778498,566098,13.61,13.59,2100,6215,38554,-286762
581,CNK,2020-07-17,0 days 15:59:16.780663,556952,13.62,13.61,800,3272,-9246,38554
582,CNK,2020-07-17,0 days 15:59:21.792870,566198,13.63,13.62,1902,152,31548,-1750
583,CNK,2020-07-17,0 days 15:59:22.795038,561446,13.63,13.62,1902,752,-4752,31548
584,CNK,2020-07-17,0 days 15:59:25.802700,566198,13.61,13.6,200,3810,3132,-15800
585,CNK,2020-07-17,0 days 15:59:28.809411,565930,13.61,13.6,100,4978,-168,1632
586,CNK,2020-07-17,0 days 15:59:41.841795,566481,13.62,13.61,400,2400,-417,3483
587,CNP,2020-07-17,0 days 15:55:00.112527,1202246,19.88,19.87,7733,10043,6556,-6441
588,CNP,2020-07-17,0 days 15:55:50.233594,1218257,19.9,19.89,7594,15291,-2442,891
589,CNP,2020-07-17,0 days 15:56:02.262420,1218188,19.9,19.89,11965,16079,1369,-1142
590,CNP,2020-07-17,0 days 15:57:34.483479,1223953,19.9,19.89,14594,7222,3979,-1421
591,CNP,2020-07-17,0 days 15:57:35.485947,1215732,19.9,19.89,13694,7222,-7521,3979
592,CNP,2020-07-17,0 days 15:57:37.490662,1222653,19.89,19.88,15230,13771,5279,-6921
593,CNP,2020-07-17,0 days 15:57:45.509842,1230432,19.89,19.88,17330,5756,-5721,5279
594,CNP,2020-07-17,0 days 15:57:46.512431,1222653,19.89,19.88,16941,5756,7779,-5721
595,CNP,2020-07-17,0 days 15:57:49.519756,1230432,19.89,19.88,17806,4861,-9021,7779
596,CNP,2020-07-17,0 days 15:57:50.523351,1222653,19.89,19.88,15855,8832,7779,-9021
597,CNP,2020-07-17,0 days 15:57:52.527162,1230432,19.89,19.88,15927,6612,-10521,7779
598,CNP,2020-07-17,0 days 15:57:53.529785,1222653,19.89,19.88,15927,6912,7779,-10521
599,CNP,2020-07-17,0 days 15:57:57.539067,1230432,19.89,19.88,6547,13170,-2021,7779
600,CNP,2020-07-17,0 days 15:57:58.541487,1222653,19.89,19.88,5690,13370,7779,-2021
601,CNP,2020-07-17,0 days 15:58:31.622119,1233621,19.89,19.88,11601,9619,-8632,1068
602,CNP,2020-07-17,0 days 15:58:32.624725,1232353,19.89,19.88,11501,8019,1268,-8632
603,CNP,2020-07-17,0 days 15:59:09.716339,1235144,19.9,19.89,13510,4655,-4287,1559
604,CNP,2020-07-17,0 days 15:59:31.767202,1244587,19.9,19.89,14150,5119,7245,-655
605,CNP,2020-07-17,0 days 15:59:32.769346,1235632,19.89,19.88,10970,16499,-7655,7245
606,CNP,2020-07-17,0 days 15:59:37.781358,1244759,19.89,19.88,14656,4799,973,-2127
607,CNP,2020-07-17,0 days 15:59:38.783797,1244232,19.89,19.88,17348,200,-527,973
608,CNP,2020-07-17,0 days 15:59:39.786723,1244759,19.88,19.87,23407,3543,36373,-527
609,CNP,2020-07-17,0 days 15:59:45.801024,1241699,19.88,19.87,12700,9983,5651,-527
610,CNP,2020-07-17,0 days 15:59:46.804037,1241950,19.88,19.87,10700,12983,-1208,5651
611,CNQ,2020-07-17,0 days 15:55:56.335831,74370,17.37,17.36,16882,4940,1466,-834
612,CNQ,2020-07-17,0 days 15:58:13.667617,77786,17.38,17.37,9659,2900,-1432,3034
613,CNQ,2020-07-17,0 days 15:58:14.670042,77651,17.38,17.37,10499,6415,135,-1432
614,CNQ,2020-07-17,0 days 15:58:53.763899,77786,17.37,17.36,7842,8809,-2450,968
615,CNQ,2020-07-17,0 days 15:59:39.876376,79609,17.35,17.34,2297,21700,-1715,385
616,COF,2020-07-17,0 days 15:55:47.757164,205820,62.0,61.97,300,580,-167,8563
617,COF,2020-07-17,0 days 15:55:48.759424,198691,62.0,61.97,500,568,7129,-167
618,COF,2020-07-17,0 days 15:59:21.270886,217185,62.05,62.03,600,300,-561,1525
619,COF,2020-07-17,0 days 15:59:39.313572,214185,62.05,62.04,125,200,-8258,130
620,COF,2020-07-17,0 days 15:59:54.350580,217443,62.0,61.98,200,200,4351,-49
621,COG,2020-07-17,0 days 15:59:15.826313,401912,17.96,17.95,2400,9185,45278,-2705
622,COP,2020-07-17,0 days 15:56:37.396337,534414,39.98,39.97,2044,100,-104,2396
623,COP,2020-07-17,0 days 15:56:38.398528,534518,39.98,39.97,2144,100,249,-104
624,COP,2020-07-17,0 days 15:57:39.546198,537067,39.95,39.94,837,1212,-5745,3555
625,COP,2020-07-17,0 days 15:57:40.547927,532210,39.94,39.93,2350,417,4857,-5745
626,COP,2020-07-17,0 days 15:57:58.590889,542167,39.93,39.92,2220,212,-845,4855
627,COP,2020-07-17,0 days 15:57:59.593428,538212,39.93,39.92,2220,381,3955,-845
628,COP,2020-07-17,0 days 15:59:03.749643,537453,39.95,39.94,1477,948,2264,-2036
629,COP,2020-07-17,0 days 15:59:32.819243,555649,39.94,39.93,300,1800,-4076,9124
630,COP,2020-07-17,0 days 15:59:33.823013,552223,39.94,39.93,942,500,3426,-4076
631,COP,2020-07-17,0 days 15:59:36.829094,550949,39.95,39.94,300,2600,-1274,3426
632,COP,2020-07-17,0 days 15:59:38.834009,550502,39.95,39.94,1500,300,447,-774
633,COP,2020-07-17,0 days 15:59:42.844218,555749,39.95,39.94,600,900,-11535,1282
634,COP,2020-07-17,0 days 15:59:46.853876,550696,39.96,39.95,600,2319,253,-2461
635,COP,2020-07-17,0 days 15:59:47.855393,550949,39.97,39.96,1000,1400,-1807,253
636,COTY,2020-07-17,0 days 15:55:00.078325,135656,4.21,4.2,18606,41690,27396,-25678
637,COTY,2020-07-17,0 days 15:55:25.138268,166552,4.21,4.2,8754,62068,-16504,27396
638,COTY,2020-07-17,0 days 15:55:26.140958,166256,4.21,4.2,9354,61868,296,-16504
639,COTY,2020-07-17,0 days 15:59:07.673234,195494,4.21,4.2,55116,31999,-1528,7974
640,COTY,2020-07-17,0 days 15:59:36.742688,202570,4.21,4.2,71914,34329,11962,-1876
641,COTY,2020-07-17,0 days 15:59:37.744413,192332,4.21,4.2,64654,50232,-10238,11962
642,COTY,2020-07-17,0 days 15:59:39.749583,202570,4.21,4.2,70701,64032,36862,-638
643,COTY,2020-07-17,0 days 15:59:40.751665,201932,4.21,4.2,63601,63032,-638,36862
644,CPB,2020-07-17,0 days 15:59:15.692272,412501,49.64,49.63,500,680,-25792,147274
645,CPB,2020-07-17,0 days 15:59:16.694669,388311,49.61,49.6,200,100,25390,-25792
646,CPB,2020-07-17,0 days 15:59:21.708081,416701,49.57,49.56,400,300,-24513,1090
647,CPB,2020-07-17,0 days 15:59:22.710238,381496,49.57,49.55,1640,203,37205,-24513
648,CPB,2020-07-17,0 days 15:59:23.713356,416702,49.6,49.58,460,100,-14849,37205
649,CPB,2020-07-17,0 days 15:59:24.714323,402751,49.6,49.57,747,500,13951,-14849
650,CPRI,2020-07-17,0 days 15:55:48.753642,135194,16.39,16.38,1720,1537,32191,-2731
651,CPRI,2020-07-17,0 days 15:55:49.756392,133685,16.4,16.38,1641,2909,-1509,32191
652,CPRI,2020-07-17,0 days 15:56:26.845137,135094,16.33,16.32,1574,1093,164,-236
653,CPRI,2020-07-17,0 days 15:56:28.849670,134758,16.33,16.32,3282,396,-336,164
654,CPRI,2020-07-17,0 days 15:57:45.031244,135094,16.32,16.31,2254,530,262,-538
655,CPRI,2020-07-17,0 days 15:58:49.185993,144130,16.29,16.28,1061,1300,-96,9304
656,CPRI,2020-07-17,0 days 15:59:30.288011,163525,16.31,16.3,300,2452,-3974,26
657,CPRI,2020-07-17,0 days 15:59:31.289130,161799,16.31,16.3,1673,1852,1726,-3974
658,CPRI,2020-07-17,0 days 15:59:45.323917,165975,16.33,16.32,700,1700,-13446,768
659,CPRI,2020-07-17,0 days 15:59:46.325113,167421,16.32,16.31,3804,600,800,-13446
660,CRM,2020-07-17,0 days 15:55:00.112827,208032,187.37,187.33,219,200,7086,-48808
661,CRM,2020-07-17,0 days 15:55:01.115464,206718,187.39,187.35,323,600,-2036,7086
662,CRM,2020-07-17,0 days 15:55:36.200000,210082,187.57,187.54,400,210,799,-215
663,CRM,2020-07-17,0 days 15:55:37.202519,209581,187.56,187.53,200,501,-501,799
664,CRM,2020-07-17,0 days 15:55:48.228709,211339,187.69,187.65,400,300,2165,-658
665,CRM,2020-07-17,0 days 15:56:15.293481,211204,187.64,187.62,200,300,-735,118
666,CRM,2020-07-17,0 days 15:56:16.296057,210082,187.58,187.55,5287,200,1422,-735
667,CRM,2020-07-17,0 days 15:56:35.341989,211504,187.64,187.59,400,337,-610,94
668,CRM,2020-07-17,0 days 15:56:36.344146,211414,187.64,187.59,200,337,90,-610
669,CRM,2020-07-17,0 days 15:56:44.364213,211104,187.69,187.63,200,500,-863,90
670,CRM,2020-07-17,0 days 15:57:17.442630,211748,187.67,187.65,300,200,556,-168
671,CRM,2020-07-17,0 days 15:57:18.445091,211604,187.66,187.65,200,200,-144,556
672,CRM,2020-07-17,0 days 15:57:39.496240,215004,187.7,187.66,300,308,-444,356
673,CRM,2020-07-17,0 days 15:57:40.498114,214648,187.67,187.65,100,100,556,-444
674,CRM,2020-07-17,0 days 15:57:52.527486,225404,187.67,187.64,300,200,-1399,1456
675,CRM,2020-07-17,0 days 15:57:53.530120,224203,187.66,187.63,300,200,1201,-1399
676,CRM,2020-07-17,0 days 15:58:53.675372,226142,187.69,187.67,100,300,-342,1958
677,CRM,2020-07-17,0 days 15:58:54.678308,224926,187.7,187.69,123,400,1216,-342
678,CRM,2020-07-17,0 days 15:58:59.690420,221487,187.7,187.69,851,200,1055,-1058
679,CRM,2020-07-17,0 days 15:59:08.714031,240116,187.73,187.7,200,300,-4722,11478
680,CRM,2020-07-17,0 days 15:59:09.716767,236738,187.71,187.7,100,300,196,-4722
681,CRM,2020-07-17,0 days 15:59:40.789981,239144,187.74,187.72,300,200,-1614,6087
682,CRM,2020-07-17,0 days 15:59:41.791672,236858,187.76,187.73,200,300,2286,-1614
683,CTL,2020-07-17,0 days 15:57:44.472637,987153,9.82,9.81,70553,20423,4305,-5295
684,CTL,2020-07-17,0 days 15:57:45.475055,981558,9.82,9.81,51004,27106,-5595,4305
685,CTL,2020-07-17,0 days 15:58:05.525224,987153,9.82,9.81,52422,24029,3988,-15934
686,CTL,2020-07-17,0 days 15:58:06.526846,967241,9.82,9.81,52422,26724,-19912,3988
687,CTL,2020-07-17,0 days 15:58:08.533933,987153,9.82,9.81,48522,25734,14788,-19912
688,CTL,2020-07-17,0 days 15:58:09.534365,966041,9.82,9.81,48422,27450,-21112,14788
689,CTL,2020-07-17,0 days 15:59:03.664958,992085,9.82,9.81,36522,36626,4174,-3952
690,CTL,2020-07-17,0 days 15:59:05.670209,979072,9.82,9.81,37822,36726,-13013,17287
691,CTL,2020-07-17,0 days 15:59:20.705827,993470,9.81,9.8,56178,23400,3572,-1028
692,CTL,2020-07-17,0 days 15:59:22.710508,978842,9.81,9.8,54786,18900,-14628,3572
693,CUK,2020-07-17,0 days 15:56:26.284973,19926,12.72,12.71,1500,1536,-967,233
694,CUK,2020-07-17,0 days 15:56:27.287273,19593,12.72,12.71,1543,1397,333,-967
695,CUK,2020-07-17,0 days 15:58:09.532413,22772,12.73,12.72,600,1600,-1835,1679
696,CUK,2020-07-17,0 days 15:58:10.535237,22407,12.73,12.72,1583,1600,365,-1835
697,CUK,2020-07-17,0 days 15:58:56.645584,21980,12.74,12.73,1000,600,-470,322
698,CUK,2020-07-17,0 days 15:58:57.648745,21650,12.74,12.73,1380,722,330,-470
699,CUK,2020-07-17,0 days 15:59:00.656757,20716,12.74,12.73,1354,338,-934,330
700,CUK,2020-07-17,0 days 15:59:01.659398,20609,12.74,12.73,1791,138,107,-934
701,CUK,2020-07-17,0 days 15:59:05.668441,20716,12.74,12.72,1211,565,-193,107
702,CUK,2020-07-17,0 days 15:59:06.670634,20609,12.73,12.72,900,365,157,-193
703,CUK,2020-07-17,0 days 15:59:10.680387,20609,12.74,12.73,1000,400,157,-443
704,CVE,2020-07-17,0 days 15:59:36.742943,76574,4.47,4.46,29242,225251,31937,-38063
705,CVE,2020-07-17,0 days 15:59:37.744532,74611,4.47,4.46,29242,226451,-1863,31937
706,CVS,2020-07-17,0 days 15:56:20.277661,364566,65.47,65.46,472,1775,1311,-6789
707,CVS,2020-07-17,0 days 15:56:21.280082,358677,65.47,65.46,1254,900,-5889,1311
708,CVS,2020-07-17,0 days 15:57:34.448996,364262,65.44,65.43,867,900,4734,-966
709,CVS,2020-07-17,0 days 15:57:35.450873,358984,65.44,65.42,1784,2075,-5278,4734
710,CVS,2020-07-17,0 days 15:57:41.465524,364262,65.43,65.42,894,1400,2522,-1678
711,CVS,2020-07-17,0 days 15:57:42.467212,359984,65.43,65.42,1841,203,-4278,2522
712,CVS,2020-07-17,0 days 15:58:36.599282,360303,65.45,65.44,1975,545,2413,-1629
713,CVS,2020-07-17,0 days 15:58:37.601174,356816,65.44,65.43,1715,300,-3487,2413
714,CVS,2020-07-17,0 days 15:59:06.672067,360563,65.43,65.42,200,1275,-1600,2300
715,CVS,2020-07-17,0 days 15:59:39.752279,372579,65.38,65.36,1475,2275,54840,-1563
716,CVS,2020-07-17,0 days 15:59:40.754475,371219,65.4,65.39,100,775,-67872,54840
717,CVS,2020-07-17,0 days 15:59:41.756271,372579,65.38,65.37,827,1815,61848,-67872
718,CVS,2020-07-17,0 days 15:59:42.758556,371903,65.39,65.38,775,300,-676,61848
719,CVS,2020-07-17,0 days 15:59:45.766441,372579,65.39,65.38,702,375,65599,-66208
720,CVS,2020-07-17,0 days 15:59:46.768856,371578,65.39,65.38,100,1605,-14414,65599
721,CVS,2020-07-17,0 days 15:59:50.778654,385992,65.37,65.35,3600,500,14285,-67427
722,CVX,2020-07-17,0 days 15:55:00.079479,593664,86.99,86.98,100,2220,81222,-55210
723,CVX,2020-07-17,0 days 15:59:35.740077,730020,87.13,87.1,500,300,-1094,7788
724,CVX,2020-07-17,0 days 15:59:40.752052,715414,87.12,87.11,300,100,14956,-1094
725,CVX,2020-07-17,0 days 15:59:41.754167,730370,87.14,87.11,500,850,-3944,14956
726,CWH,2020-07-17,0 days 15:56:26.284858,45868,35.15,35.11,100,708,-477,407
727,CWH,2020-07-17,0 days 15:56:27.287144,44945,35.15,35.11,100,708,923,-477
728,CWH,2020-07-17,0 days 15:58:35.594810,47473,35.14,35.11,240,226,-863,637
729,CWH,2020-07-17,0 days 15:58:36.597560,46636,35.14,35.11,240,226,837,-863
730,CWH,2020-07-17,0 days 15:58:53.638211,47458,35.15,35.14,200,100,-911,822
731,CWH,2020-07-17,0 days 15:58:54.641404,46794,35.15,35.14,200,100,664,-911
732,CWH,2020-07-17,0 days 15:59:06.670408,47964,35.14,35.12,100,100,-1474,834
733,CWH,2020-07-17,0 days 15:59:08.675356,47738,35.15,35.13,203,200,226,-274
734,CWH,2020-07-17,0 days 15:59:37.744392,50493,35.11,35.08,150,386,-2445,2655
735,CWH,2020-07-17,0 days 15:59:38.746797,50438,35.11,35.08,150,286,55,-2445
736,CWH,2020-07-17,0 days 15:59:39.749566,50493,35.14,35.09,125,100,-245,55
737,CWH,2020-07-17,0 days 15:59:50.776949,49638,35.12,35.1,284,100,855,-45
738,CYH,2020-07-17,0 days 15:59:34.736984,63305,3.68,3.67,21907,18239,-3068,1169
739,CYH,2020-07-17,0 days 15:59:36.742881,66673,3.68,3.67,21707,18106,2232,-3268
740,CYH,2020-07-17,0 days 15:59:40.751898,66205,3.68,3.67,21957,16907,-168,4132
741,D,2020-07-17,0 days 15:55:00.642045,319998,78.52,78.51,204,1560,18337,-94046
742,D,2020-07-17,0 days 15:55:01.644062,246035,78.58,78.56,300,982,-73963,18337
743,D,2020-07-17,0 days 15:59:12.249546,361501,78.6,78.59,200,100,727,-2989
744,DAL,2020-07-17,0 days 15:55:00.086580,565433,27.09,27.08,6100,8510,-15978,45179
745,DAL,2020-07-17,0 days 15:56:30.301475,561187,27.1,27.09,10589,5235,14607,-8893
746,DAL,2020-07-17,0 days 15:56:31.304147,548194,27.11,27.1,10325,6245,-12993,14607
747,DAL,2020-07-17,0 days 15:57:44.472609,587111,27.08,27.07,9731,10134,985,-1315
748,DAL,2020-07-17,0 days 15:57:45.475042,573396,27.08,27.07,5449,11979,-13715,985
749,DAL,2020-07-17,0 days 15:58:00.511894,563611,27.08,27.07,11997,2654,12885,-10615
750,DAL,2020-07-17,0 days 15:58:01.515255,548317,27.08,27.07,9027,3878,-15294,12885
751,DAL,2020-07-17,0 days 15:58:30.584505,563611,27.09,27.08,11100,6700,10805,-12695
752,DAL,2020-07-17,0 days 15:58:31.586820,553016,27.09,27.08,9200,5410,-10595,10805
753,DB,2020-07-17,0 days 15:55:00.087130,50680,9.97,9.96,76590,65877,2789,-4306
754,DB,2020-07-17,0 days 15:56:06.244262,53469,9.97,9.96,50491,73824,-6786,695
755,DB,2020-07-17,0 days 15:58:47.625718,68174,9.97,9.96,79447,88318,7255,-5116
756,DB,2020-07-17,0 days 15:59:00.658610,66547,9.97,9.96,81747,87918,-1516,7166
757,DB,2020-07-17,0 days 15:59:02.662681,68263,9.97,9.96,73347,89418,990,-1716
758,DD,2020-07-17,0 days 15:58:35.646092,191391,54.56,54.55,649,671,682,-3318
759,DD,2020-07-17,0 days 15:58:36.648635,188773,54.56,54.55,249,1071,-2618,682
760,DD,2020-07-17,0 days 15:58:39.655710,191391,54.57,54.56,345,851,130,-2618
761,DD,2020-07-17,0 days 15:58:40.657824,189021,54.57,54.56,445,451,-2370,130
762,DELL,2020-07-17,0 days 15:56:03.352267,289889,60.54,60.52,400,1732,-2260,12899
763,DELL,2020-07-17,0 days 15:56:04.354806,284049,60.51,60.48,300,300,5840,-2260
764,DELL,2020-07-17,0 days 15:57:33.569715,306089,60.47,60.46,200,1429,-12223,3377
765,DELL,2020-07-17,0 days 15:57:35.574630,301346,60.46,60.45,685,285,4743,-2357
766,DELL,2020-07-17,0 days 15:57:41.589458,306089,60.46,60.44,866,408,-1357,1643
767,DELL,2020-07-17,0 days 15:57:42.591651,301546,60.45,60.43,353,401,4543,-1357
768,DELL,2020-07-17,0 days 15:57:54.621404,306090,60.44,60.43,462,822,-556,3444
769,DELL,2020-07-17,0 days 15:57:55.623045,302346,60.44,60.43,462,722,3744,-556
770,DELL,2020-07-17,0 days 15:59:04.793049,304736,60.37,60.36,200,100,-63887,3973
771,DFS,2020-07-17,0 days 15:58:00.510958,219118,49.07,49.06,500,1116,-2780,2741
772,DFS,2020-07-17,0 days 15:58:01.514055,216598,49.07,49.06,500,866,2520,-2780
773,DFS,2020-07-17,0 days 15:58:34.592656,219118,49.07,49.06,706,500,-1778,2022
774,DFS,2020-07-17,0 days 15:58:35.594873,216996,49.07,49.06,706,500,2122,-1778
775,DFS,2020-07-17,0 days 15:58:43.614033,215801,49.08,49.07,400,713,1847,-453
776,DFS,2020-07-17,0 days 15:59:03.663224,218320,49.06,49.05,777,270,-3508,1527
777,DFS,2020-07-17,0 days 15:59:04.665229,216428,49.05,49.04,700,200,1892,-3508
778,DFS,2020-07-17,0 days 15:59:39.749675,229924,49.02,49.0,400,400,-16974,3358
779,DFS,2020-07-17,0 days 15:59:40.751794,223598,49.02,49.0,400,700,6326,-16974
780,DHI,2020-07-17,0 days 15:59:50.912185,325210,63.49,63.48,398,700,-20714,23287
781,DHR,2020-07-17,0 days 15:59:33.299180,355785,190.82,190.76,200,200,7870,-2605
782,DHR,2020-07-17,0 days 15:59:34.301200,352657,190.86,190.8,200,1456,-3128,7870
783,DHR,2020-07-17,0 days 15:59:44.326012,358351,191.1,191.06,100,200,573,-727
784,DIS,2020-07-17,0 days 15:59:06.672254,568709,118.64,118.63,257,200,19968,-29866
785,DOC,2020-07-17,0 days 15:55:01.006899,100439,17.39,17.38,1867,3880,23758,-32292
786,DOC,2020-07-17,0 days 15:55:02.006016,96297,17.4,17.39,4218,3600,-2642,23758
787,DOC,2020-07-17,0 days 15:55:52.128370,96865,17.41,17.4,2452,4540,-2074,1526
788,DOC,2020-07-17,0 days 15:56:33.226922,96739,17.43,17.42,5202,1407,1326,-874
789,DOC,2020-07-17,0 days 15:56:34.229254,93565,17.43,17.42,4802,1407,-1674,1326
790,DOC,2020-07-17,0 days 15:58:37.526500,95222,17.43,17.42,4571,2262,2291,-1636
791,DOC,2020-07-17,0 days 15:58:38.529314,92213,17.43,17.42,4571,2262,-1509,2291
792,DOC,2020-07-17,0 days 15:59:02.586804,99763,17.42,17.41,7273,1637,5,-5275
793,DOC,2020-07-17,0 days 15:59:05.594008,97699,17.42,17.41,7481,501,-564,1636
794,DOW,2020-07-17,0 days 15:55:00.641964,716363,43.67,43.66,332,200,-849,16260
795,DOW,2020-07-17,0 days 15:55:40.739634,721675,43.69,43.67,600,427,1614,-4286
796,DOW,2020-07-17,0 days 15:55:41.742242,720489,43.69,43.67,1200,564,-423,1614
797,DOW,2020-07-17,0 days 15:55:48.759353,724462,43.71,43.69,810,300,927,-3973
798,DOW,2020-07-17,0 days 15:55:49.761678,723089,43.71,43.69,600,525,-1373,927
799,DOW,2020-07-17,0 days 15:56:05.800102,722489,43.64,43.63,600,288,-1210,1290
800,DOW,2020-07-17,0 days 15:57:38.020447,749220,43.7,43.67,511,300,1089,-2711
801,DOW,2020-07-17,0 days 15:57:39.022754,747709,43.69,43.66,700,209,-1511,1089
802,DOW,2020-07-17,0 days 15:59:21.270862,818732,43.69,43.66,331,200,1054,-9346
803,DOW,2020-07-17,0 days 15:59:26.281975,820532,43.69,43.66,400,200,3796,-504
804,DOW,2020-07-17,0 days 15:59:27.284197,815828,43.69,43.66,400,200,-7104,3796
805,DOW,2020-07-17,0 days 15:59:28.286022,820830,43.68,43.65,300,200,1598,-7104
806,DOW,2020-07-17,0 days 15:59:29.289394,816228,43.69,43.66,300,200,-7002,1598
807,DOW,2020-07-17,0 days 15:59:30.294228,820930,43.67,43.65,200,200,1901,-7002
808,DOW,2020-07-17,0 days 15:59:31.295029,818231,43.68,43.64,740,400,-2599,1901
809,DOW,2020-07-17,0 days 15:59:44.326266,823430,43.7,43.67,1025,200,6131,-2532
810,DOW,2020-07-17,0 days 15:59:45.329331,821761,43.73,43.71,200,200,-24988,6131
811,DOW,2020-07-17,0 days 15:59:46.331065,839150,43.71,43.69,500,400,9855,-24988
812,DOW,2020-07-17,0 days 15:59:48.336096,833605,43.74,43.71,500,200,-26455,1455
813,DOW,2020-07-17,0 days 15:59:49.338381,848120,43.72,43.7,200,200,8785,-26455
814,DRI,2020-07-17,0 days 15:55:01.006318,116211,77.54,77.49,548,300,5054,-47220
815,DRI,2020-07-17,0 days 15:55:21.052949,119311,77.57,77.55,401,100,385,-515
816,DRI,2020-07-17,0 days 15:55:41.101063,119696,77.56,77.55,575,500,-6438,440
817,DRI,2020-07-17,0 days 15:55:46.113769,125934,77.56,77.54,800,618,162,-1538
818,DRI,2020-07-17,0 days 15:55:47.115942,128696,77.56,77.55,600,700,-1138,162
819,DRI,2020-07-17,0 days 15:55:50.123325,129834,77.54,77.52,1221,193,431,-1138
820,DRI,2020-07-17,0 days 15:55:51.126093,128965,77.54,77.52,500,787,-869,431
821,DRI,2020-07-17,0 days 15:56:36.234032,130688,77.53,77.52,840,200,-631,869
822,DRI,2020-07-17,0 days 15:57:58.431632,137369,77.54,77.51,400,1041,179,-1021
823,DRI,2020-07-17,0 days 15:57:59.433133,136348,77.54,77.51,400,1282,-1021,179
824,DRI,2020-07-17,0 days 15:58:36.523632,137069,77.53,77.51,458,200,1392,-952
825,DRI,2020-07-17,0 days 15:58:37.526379,136061,77.53,77.51,496,400,-1008,1392
826,DT,2020-07-17,0 days 15:55:00.165933,53902,41.73,41.71,403,568,4791,-8551
827,DT,2020-07-17,0 days 15:55:10.188585,58493,41.72,41.7,589,401,-3309,4691
828,DT,2020-07-17,0 days 15:55:11.190268,58002,41.71,41.7,200,201,491,-3309
829,DT,2020-07-17,0 days 15:57:47.564399,59169,41.71,41.69,262,638,-1043,604
830,DT,2020-07-17,0 days 15:57:48.566758,58712,41.71,41.69,262,638,457,-1043
831,DT,2020-07-17,0 days 15:57:53.579206,59269,41.73,41.7,200,633,-43,557
832,DT,2020-07-17,0 days 15:57:54.581685,58812,41.73,41.7,300,633,257,-43
833,DT,2020-07-17,0 days 15:58:53.724840,60129,41.68,41.66,730,200,-1120,1060
834,DT,2020-07-17,0 days 15:58:54.727450,59749,41.67,41.66,200,400,380,-1120
835,DT,2020-07-17,0 days 15:59:06.758406,60540,41.68,41.66,630,611,-15880,109
836,DUK,2020-07-17,0 days 15:59:04.753517,613007,82.18,82.17,200,700,102188,-101202
837,DUK,2020-07-17,0 days 15:59:38.834009,772864,82.35,82.34,261,300,-8799,2413
838,DUK,2020-07-17,0 days 15:59:39.836457,770395,82.35,82.34,401,400,2469,-8799
839,DUK,2020-07-17,0 days 15:59:45.851020,772964,82.35,82.34,100,300,-5521,6352
840,DUK,2020-07-17,0 days 15:59:46.853898,771717,82.35,82.33,200,100,1247,-5521
841,DUK,2020-07-17,0 days 15:59:55.875781,785389,82.39,82.37,641,100,-14631,2189
842,DVN,2020-07-17,0 days 15:57:41.027598,443642,10.29,10.28,10105,7902,-1313,1487
843,DVN,2020-07-17,0 days 15:57:46.040099,444955,10.29,10.28,9636,7294,3287,-13813
844,DVN,2020-07-17,0 days 15:57:47.041777,443642,10.29,10.28,9636,7894,-1313,3287
845,DVN,2020-07-17,0 days 15:57:52.054263,444955,10.29,10.28,11553,6399,1987,-1313
846,DVN,2020-07-17,0 days 15:57:53.056351,431142,10.29,10.28,10405,5899,-13813,1987
847,DVN,2020-07-17,0 days 15:57:55.061958,444955,10.29,10.28,10305,5499,2687,-1313
848,DVN,2020-07-17,0 days 15:58:08.093429,444955,10.29,10.28,10905,7100,3844,-1313
849,DVN,2020-07-17,0 days 15:58:55.207356,445375,10.29,10.28,5284,10249,8324,-11676
850,DVN,2020-07-17,0 days 15:58:56.209379,444099,10.29,10.28,2655,11115,-1276,8324
851,DVN,2020-07-17,0 days 15:59:04.229610,452925,10.3,10.29,16866,7576,9888,-1670
852,DXC,2020-07-17,0 days 15:55:00.128100,295453,16.84,16.83,4895,700,-13951,37335
853,EAF,2020-07-17,0 days 15:58:42.175734,91054,7.54,7.53,2714,1410,-494,2077
854,EAF,2020-07-17,0 days 15:59:21.271029,96866,7.54,7.53,2852,1350,-2184,308
855,ELAN,2020-07-17,0 days 15:56:27.410184,241423,23.89,23.88,965,3030,2093,-3007
856,ELAN,2020-07-17,0 days 15:56:28.412095,241116,23.89,23.88,765,2830,-307,2093
857,ELAN,2020-07-17,0 days 15:57:53.618326,255249,23.87,23.86,2333,1102,3267,-33
858,ELAN,2020-07-17,0 days 15:57:54.621278,253616,23.87,23.86,2813,703,-1633,3267
859,ELAN,2020-07-17,0 days 15:59:39.876211,264199,23.82,23.81,4100,723,-1230,2670
860,ELAN,2020-07-17,0 days 15:59:45.891372,265429,23.81,23.8,1063,3513,5146,-1230
861,ELAN,2020-07-17,0 days 15:59:46.894888,264475,23.82,23.81,3048,1561,-2634,5146
862,EMR,2020-07-17,0 days 15:56:00.271405,164667,63.57,63.55,100,1956,-320,5680
863,EMR,2020-07-17,0 days 15:56:01.273526,162687,63.55,63.54,393,908,1980,-320
864,EMR,2020-07-17,0 days 15:57:35.500313,164731,63.57,63.56,827,300,-1070,1362
865,EMR,2020-07-17,0 days 15:57:36.502098,162701,63.57,63.56,826,338,2030,-1070
866,EMR,2020-07-17,0 days 15:57:41.514695,164731,63.58,63.56,600,681,-1170,430
867,EMR,2020-07-17,0 days 15:57:42.517900,164001,63.57,63.55,600,706,730,-1170
868,EMR,2020-07-17,0 days 15:57:54.545761,164731,63.57,63.56,1026,100,-870,1130
869,EMR,2020-07-17,0 days 15:57:55.548609,163501,63.56,63.55,100,621,1230,-870
870,EMR,2020-07-17,0 days 15:57:58.555604,164731,63.57,63.56,923,200,-3070,1230
871,EMR,2020-07-17,0 days 15:57:59.558242,163501,63.57,63.55,863,821,1230,-3070
872,EMR,2020-07-17,0 days 15:58:00.561948,162160,63.57,63.55,1063,724,-1341,1230
873,EMR,2020-07-17,0 days 15:58:01.565010,161501,63.56,63.55,740,421,659,-1341
874,EMR,2020-07-17,0 days 15:58:07.578416,162160,63.57,63.56,623,500,-441,659
875,EMR,2020-07-17,0 days 15:58:08.581941,161201,63.55,63.54,823,100,959,-441
876,EMR,2020-07-17,0 days 15:58:39.655528,162760,63.54,63.52,500,915,-400,1259
877,EMR,2020-07-17,0 days 15:58:40.657735,162260,63.54,63.52,600,700,500,-400
878,EMR,2020-07-17,0 days 15:59:08.727742,182988,63.57,63.55,600,400,-13922,14901
879,EMR,2020-07-17,0 days 15:59:09.730681,176779,63.54,63.53,300,300,6209,-13922
880,EMR,2020-07-17,0 days 15:59:31.780884,182392,63.53,63.52,400,299,1973,-2527
881,EMR,2020-07-17,0 days 15:59:41.804948,187742,63.55,63.54,200,414,-1350,1050
882,ENB,2020-07-17,0 days 15:59:06.758406,138950,30.65,30.64,7996,5558,-3043,1853
883,ENB,2020-07-17,0 days 15:59:48.858610,137386,30.64,30.63,6491,3457,3204,-4196
884,EOG,2020-07-17,0 days 15:59:04.753407,527048,47.12,47.11,300,1110,53225,-56674
885,EOG,2020-07-17,0 days 15:59:05.755163,488673,47.17,47.16,400,3115,-38375,53225
886,EOG,2020-07-17,0 days 15:59:11.769186,527107,47.17,47.16,167,1967,381,-116
887,EOG,2020-07-17,0 days 15:59:17.783284,524429,47.18,47.17,518,300,-2678,21922
888,EOG,2020-07-17,0 days 15:59:19.788073,527107,47.17,47.16,101,1854,18640,-1378
889,EOG,2020-07-17,0 days 15:59:42.844164,545323,47.16,47.15,600,300,-2053,907
890,EOG,2020-07-17,0 days 15:59:45.850971,548323,47.16,47.15,905,400,-11778,947
891,EOG,2020-07-17,0 days 15:59:46.853807,560042,47.15,47.14,500,1400,3922,-11778
892,EOG,2020-07-17,0 days 15:59:50.864297,555710,47.16,47.14,575,500,-5621,1079
893,EOG,2020-07-17,0 days 15:59:57.880409,561331,47.17,47.15,575,200,4825,-6921
894,EPD,2020-07-17,0 days 15:55:01.006409,123708,18.19,18.18,1940,4944,43158,-11369
895,EPD,2020-07-17,0 days 15:55:02.005795,121766,18.19,18.18,2240,5225,-1942,43158
896,EPD,2020-07-17,0 days 15:55:58.142928,103408,18.2,18.19,3849,4204,5958,-1842
897,EPD,2020-07-17,0 days 15:56:07.164519,114666,18.2,18.19,4200,4176,-9042,5958
898,EPD,2020-07-17,0 days 15:58:47.550478,128008,18.2,18.19,1500,5239,93,-2242
899,EPD,2020-07-17,0 days 15:58:48.553628,126001,18.2,18.19,1500,5139,-2007,93
900,EPD,2020-07-17,0 days 15:59:27.646260,128233,18.19,18.18,4011,2889,3725,-671
901,EPD,2020-07-17,0 days 15:59:28.648754,127058,18.19,18.18,4125,2689,-1175,3725
902,EPD,2020-07-17,0 days 15:59:40.679931,127658,18.18,18.17,5350,2207,-575,2625
903,EQH,2020-07-17,0 days 15:59:23.713480,151391,20.32,20.31,1000,1188,-911,289
904,EQH,2020-07-17,0 days 15:59:31.734249,154240,20.31,20.3,4512,500,4751,-6149
905,EQH,2020-07-17,0 days 15:59:32.734405,153591,20.31,20.3,1100,4090,-1085,4751
906,EQNR,2020-07-17,0 days 15:59:04.703047,17696,15.18,15.17,14237,14524,-241,4127
907,EQT,2020-07-17,0 days 15:59:19.703044,335130,12.5,12.49,1622,6867,18631,-6287
908,EQT,2020-07-17,0 days 15:59:20.705809,326861,12.5,12.49,2499,6667,-8269,18631
909,EQT,2020-07-17,0 days 15:59:47.771227,324292,12.48,12.47,700,4051,-3441,6212
910,EROS,2020-07-17,0 days 15:59:00.781484,36092,3.31,3.3,2392,5326,-4250,665
911,EROS,2020-07-17,0 days 15:59:02.785969,40342,3.31,3.3,2792,3360,532,-1550
912,EROS,2020-07-17,0 days 15:59:03.788574,35474,3.31,3.3,2492,5385,-4868,532
913,EROS,2020-07-17,0 days 15:59:07.798775,40342,3.31,3.3,2292,5285,2483,-1338
914,EROS,2020-07-17,0 days 15:59:08.800710,35825,3.31,3.3,2492,5285,-4517,2483
915,ESI,2020-07-17,0 days 15:59:15.818027,247869,10.95,10.94,8319,2567,-31996,4122
916,ESI,2020-07-17,0 days 15:59:16.819503,244465,10.94,10.93,5535,3031,3404,-31996
917,ET,2020-07-17,0 days 15:59:04.591430,2024783,6.5,6.49,38516,16514,-189440,411544
918,ET,2020-07-17,0 days 15:59:05.593507,2024423,6.5,6.49,30516,9817,360,-189440
919,ET,2020-07-17,0 days 15:59:06.596495,2024783,6.5,6.49,29966,5959,-37,360
920,ET,2020-07-17,0 days 15:59:08.600955,2024820,6.5,6.49,30316,9563,18963,-37
921,ET,2020-07-17,0 days 15:59:29.650861,2043783,6.5,6.49,28066,7967,-163144,8463
922,ETRN,2020-07-17,0 days 15:55:00.209010,417094,9.61,9.6,6735,11992,10131,-148463
923,ETRN,2020-07-17,0 days 15:57:42.600250,426977,9.62,9.61,5684,1901,-1385,715
924,ETRN,2020-07-17,0 days 15:57:43.603449,423062,9.62,9.61,5484,1901,3915,-1385
925,ETRN,2020-07-17,0 days 15:59:35.874799,447035,9.61,9.6,8699,1800,-5718,12882
926,ETRN,2020-07-17,0 days 15:59:36.877964,431353,9.61,9.6,12239,700,15682,-5718
927,ETRN,2020-07-17,0 days 15:59:50.912097,477808,9.62,9.61,737,15217,-1526,6575
928,EVRI,2020-07-17,0 days 15:56:21.280134,49948,5.75,5.74,10797,1944,-1238,1571
929,EVRI,2020-07-17,0 days 15:56:22.283660,48486,5.75,5.74,10797,1944,1462,-1238
930,EVRI,2020-07-17,0 days 15:58:47.625718,52684,5.75,5.74,8111,2382,-318,1280
931,EVRI,2020-07-17,0 days 15:58:48.628149,51202,5.75,5.74,8011,2382,1482,-318
932,EVRI,2020-07-17,0 days 15:59:06.672322,52984,5.75,5.74,7411,2686,-797,403
933,EVRI,2020-07-17,0 days 15:59:07.675068,51981,5.75,5.74,7411,2686,703,-797
934,EVRI,2020-07-17,0 days 15:59:21.708403,55862,5.75,5.74,7953,1888,-1319,3881
935,EVRI,2020-07-17,0 days 15:59:22.710542,52481,5.75,5.74,8053,1783,3381,-1319
936,EW,2020-07-17,0 days 15:59:48.898244,1934974,74.13,74.08,300,429,2902,-26341
937,EW,2020-07-17,0 days 15:59:49.900852,1879035,74.14,74.1,300,100,-56139,2902
938,EW,2020-07-17,0 days 15:59:55.916146,1934974,74.11,74.05,100,300,424,-51336
939,EW,2020-07-17,0 days 15:59:56.918295,1882338,74.11,74.05,100,300,-52636,424
940,F,2020-07-17,0 days 15:59:06.806608,1618652,6.81,6.8,288592,327350,83908,-193190
941,F,2020-07-17,0 days 15:59:25.850557,1714799,6.81,6.8,63100,619738,-24838,19262
942,F,2020-07-17,0 days 15:59:26.853190,1691846,6.81,6.8,64683,593838,22953,-24838
943,FCAU,2020-07-17,0 days 15:57:58.590868,31777,10.48,10.47,17266,25505,1644,-13856
944,FCAU,2020-07-17,0 days 15:57:59.593428,17921,10.48,10.47,16207,25505,-13856,1644
945,FCAU,2020-07-17,0 days 15:59:07.760000,31685,10.49,10.48,20712,22049,4,-899
946,FCAU,2020-07-17,0 days 15:59:21.792870,29889,10.49,10.48,20584,22049,-1796,4
947,FCX,2020-07-17,0 days 15:59:16.744305,1579657,13.59,13.58,31950,32855,66661,-115339
948,FCX,2020-07-17,0 days 15:59:17.746675,1462618,13.59,13.58,27950,34455,-117039,66661
949,FCX,2020-07-17,0 days 15:59:19.752880,1579657,13.59,13.58,33800,30105,84361,-117039
950,FCX,2020-07-17,0 days 15:59:20.755138,1572618,13.59,13.58,34400,28505,-7039,84361
951,FCX,2020-07-17,0 days 15:59:23.761898,1579657,13.59,13.58,35500,27848,10421,-2839
952,FCX,2020-07-17,0 days 15:59:24.764362,1557478,13.59,13.58,34596,25235,-22179,10421
953,FCX,2020-07-17,0 days 15:59:39.800922,1579657,13.59,13.58,55693,7613,10767,-2433
954,FCX,2020-07-17,0 days 15:59:40.803172,1578924,13.59,13.58,62846,6894,-733,10767
955,FCX,2020-07-17,0 days 15:59:44.811977,1580157,13.59,13.58,53246,7794,5201,-567
956,FCX,2020-07-17,0 days 15:59:46.816250,1578678,13.59,13.58,49546,7157,-4939,11121
957,FDX,2020-07-17,0 days 15:55:36.287794,148025,166.09,166.07,100,400,-2172,3950
958,FDX,2020-07-17,0 days 15:55:37.289655,143897,166.04,166.0,102,200,4128,-2172
959,FDX,2020-07-17,0 days 15:57:34.572066,150961,166.12,166.11,410,600,-599,1501
960,FDX,2020-07-17,0 days 15:57:35.574478,147160,166.1,166.08,200,215,3801,-599
961,FDX,2020-07-17,0 days 15:58:39.730177,150910,166.16,166.12,200,1053,-262,638
962,FDX,2020-07-17,0 days 15:58:43.739153,148972,166.19,166.16,200,503,1938,-1662
963,FDX,2020-07-17,0 days 15:59:42.883911,158734,166.02,165.98,100,1340,410,-11490
964,FDX,2020-07-17,0 days 15:59:55.916036,159144,166.03,165.95,500,2569,-8892,2071
965,FDX,2020-07-17,0 days 15:59:58.922018,157073,166.06,165.98,100,603,2071,-8892
966,FDX,2020-07-17,0 days 15:59:59.926314,159144,166.0,165.9,200,466,-8892,2071
967,FE,2020-07-17,0 days 15:55:00.642070,280536,42.27,42.26,543,2944,2031,-63110
968,FE,2020-07-17,0 days 15:58:06.088808,285287,42.29,42.28,9300,399,-2962,1340
969,FE,2020-07-17,0 days 15:58:07.091305,282749,42.29,42.28,8800,691,2538,-2962
970,FE,2020-07-17,0 days 15:59:07.238294,290705,42.18,42.17,1456,2612,-26104,1752
971,FE,2020-07-17,0 days 15:59:08.239861,287788,42.17,42.16,312,4368,2917,-26104
972,FE,2020-07-17,0 days 15:59:12.249576,293842,42.18,42.17,2165,2716,-1200,2600
973,FE,2020-07-17,0 days 15:59:13.251432,293242,42.18,42.17,2758,2072,600,-1200
974,FHN,2020-07-17,0 days 15:59:16.744305,471968,9.23,9.22,15600,4726,-12657,6443
975,FHN,2020-07-17,0 days 15:59:18.749288,484625,9.23,9.22,16500,600,20516,-9557
976,FHN,2020-07-17,0 days 15:59:19.752931,446141,9.23,9.22,11100,3726,-38484,20516
977,FHN,2020-07-17,0 days 15:59:45.814311,485196,9.24,9.23,8442,3856,9112,-1238
978,FIT,2020-07-17,0 days 15:55:44.316320,1221159,6.76,6.75,25125,23071,45948,-11152
979,FIT,2020-07-17,0 days 15:55:45.317890,1209507,6.76,6.75,25225,23533,-11652,45948
980,FLR,2020-07-17,0 days 15:59:07.599456,397218,12.43,12.42,577,3394,6639,-6548
981,FLR,2020-07-17,0 days 15:59:08.601421,389457,12.44,12.43,2163,3574,-6162,6639
982,FLR,2020-07-17,0 days 15:59:09.604122,403504,12.46,12.45,300,7987,64449,-6162
983,FLR,2020-07-17,0 days 15:59:42.683606,435233,12.46,12.45,400,5140,-4147,750
984,FNB,2020-07-17,0 days 15:55:01.006631,260743,7.49,7.48,6654,5979,182947,-112828
985,FNB,2020-07-17,0 days 15:55:02.005948,255890,7.49,7.48,4159,5979,-4853,182947
986,FNB,2020-07-17,0 days 15:56:02.152288,264545,7.49,7.48,6915,2016,28557,-9996
987,FNB,2020-07-17,0 days 15:56:03.155634,259502,7.49,7.48,7115,2616,-5043,28557
988,FNB,2020-07-17,0 days 15:59:06.596942,299518,7.48,7.47,5454,3200,9484,-831
989,FNB,2020-07-17,0 days 15:59:07.599456,294702,7.48,7.47,5454,3200,-4816,9484
990,FNB,2020-07-17,0 days 15:59:15.618281,299518,7.48,7.47,5854,3510,24825,-1816
991,FNB,2020-07-17,0 days 15:59:16.620136,296843,7.48,7.47,3264,5800,-2675,24825
992,FNB,2020-07-17,0 days 15:59:22.635120,299518,7.48,7.47,8190,4829,5425,-3175
993,FNB,2020-07-17,0 days 15:59:33.662266,299518,7.48,7.47,10150,3000,13579,-2575
994,FNB,2020-07-17,0 days 15:59:44.689467,308118,7.49,7.48,8229,2700,3669,-1361
995,FRO,2020-07-17,0 days 15:58:09.617982,76611,7.67,7.66,5056,2901,-800,2700
996,FSM,2020-07-17,0 days 15:59:39.801076,19067,5.21,5.2,57950,75872,2378,-222
997,FSM,2020-07-17,0 days 15:59:40.803383,18845,5.21,5.2,41625,74165,-222,2378
998,FTCH,2020-07-17,0 days 15:55:01.006797,49718,21.44,21.43,2298,1974,246,-3317
999,FTCH,2020-07-17,0 days 15:56:06.161703,50596,21.46,21.45,1414,2056,-745,804
1000,FTCH,2020-07-17,0 days 15:58:07.454174,53105,21.5,21.49,1126,657,-468,1932
1001,FTCH,2020-07-17,0 days 15:58:57.574035,59573,21.52,21.51,305,1659,467,-533
1002,FTCH,2020-07-17,0 days 15:59:39.676958,69902,21.52,21.51,784,1000,-7363,837
1003,FTCH,2020-07-17,0 days 15:59:40.680077,69165,21.52,21.51,784,400,737,-7363
1004,FTI,2020-07-17,0 days 15:59:21.708196,235664,7.7,7.69,12551,20766,858,-4134
1005,FTI,2020-07-17,0 days 15:59:22.710327,231822,7.7,7.69,14351,20766,-3842,858
1006,FTI,2020-07-17,0 days 15:59:48.775333,235565,7.7,7.69,22560,7322,-2219,1281
1007,FTV,2020-07-17,0 days 15:55:00.086115,123245,72.09,72.08,608,366,-919,40508
1008,FTV,2020-07-17,0 days 15:55:49.203285,124164,72.12,72.1,300,464,1498,-386
1009,FTV,2020-07-17,0 days 15:56:38.321018,125662,72.14,72.11,303,686,-347,521
1010,FTV,2020-07-17,0 days 15:57:47.479863,133009,72.15,72.13,100,866,302,-798
1011,FTV,2020-07-17,0 days 15:57:48.482564,132211,72.17,72.14,400,734,-4198,302
1012,FTV,2020-07-17,0 days 15:57:56.501646,136132,72.17,72.14,100,602,279,-321
1013,FTV,2020-07-17,0 days 15:57:57.504098,135011,72.17,72.14,100,602,-621,279
1014,FTV,2020-07-17,0 days 15:58:35.598656,136409,72.15,72.14,222,200,664,-1636
1015,FTV,2020-07-17,0 days 15:58:36.599367,135473,72.15,72.14,222,200,-336,664
1016,FTV,2020-07-17,0 days 15:59:48.775533,144800,72.15,72.12,100,113,1164,-195
1017,GE,2020-07-17,0 days 15:58:58.650563,2278958,7.07,7.06,273569,236885,143870,-295030
1018,GE,2020-07-17,0 days 15:59:35.739981,2519132,7.07,7.06,99856,320832,-50405,32828
1019,GE,2020-07-17,0 days 15:59:36.742794,2455835,7.07,7.06,105156,318597,63297,-50405
1020,GE,2020-07-17,0 days 15:59:46.766623,2536992,7.07,7.06,76369,295983,-44379,143755
1021,GGB,2020-07-17,0 days 15:57:08.509392,24606,3.04,3.03,158568,186144,8664,-5644
1022,GIS,2020-07-17,0 days 15:59:15.729134,2312195,64.65,64.64,1833,600,-87142,209895
1023,GIS,2020-07-17,0 days 15:59:16.730773,2296278,64.63,64.61,1400,802,15917,-87142
1024,GIS,2020-07-17,0 days 15:59:40.790139,2331495,64.63,64.61,1350,1300,-261,2556
1025,GLW,2020-07-17,0 days 15:55:01.644117,321833,29.01,29.0,6960,5875,1773,-5927
1026,GLW,2020-07-17,0 days 15:56:37.877008,329810,29.04,29.03,5541,7488,-56,2144
1027,GLW,2020-07-17,0 days 15:56:47.901741,327862,29.04,29.03,6375,6422,1948,-56
1028,GLW,2020-07-17,0 days 15:57:36.016492,329947,29.04,29.03,7713,6704,-2295,905
1029,GLW,2020-07-17,0 days 15:59:07.238342,405221,29.03,29.02,6400,7963,7142,-13788
1030,GLW,2020-07-17,0 days 15:59:43.323465,447583,29.04,29.03,3700,10804,-2347,2769
1031,GLW,2020-07-17,0 days 15:59:44.326379,443330,29.04,29.03,2211,11204,11224,-2347
1032,GM,2020-07-17,0 days 15:57:21.465815,601877,26.44,26.43,3398,9658,3015,-6101
1033,GM,2020-07-17,0 days 15:57:22.468149,591392,26.44,26.43,598,10715,-10485,3015
1034,GM,2020-07-17,0 days 15:59:07.725267,619571,26.46,26.45,2546,11549,68535,-7840
1035,GM,2020-07-17,0 days 15:59:08.727774,607506,26.46,26.45,1546,12049,-9065,68535
1036,GM,2020-07-17,0 days 15:59:09.730717,619571,26.46,26.45,5010,8149,1454,-9065
1037,GNW,2020-07-17,0 days 15:59:03.664946,239366,2.19,2.18,11358,57553,-10351,6149
1038,GNW,2020-07-17,0 days 15:59:04.667474,249717,2.19,2.18,13051,56131,19262,-10351
1039,GNW,2020-07-17,0 days 15:59:05.670173,241479,2.19,2.18,13051,56931,-8238,19262
1040,GNW,2020-07-17,0 days 15:59:44.764007,287578,2.19,2.18,52399,56124,2851,-4449
1041,GOLD,2020-07-17,0 days 15:59:39.752371,267792,27.39,27.38,54559,10495,46048,-5052
1042,GOLD,2020-07-17,0 days 15:59:50.779189,227946,27.37,27.36,32884,5900,-27593,1207
1043,GPK,2020-07-17,0 days 15:55:00.113541,433882,14.26,14.25,4965,9567,2101,-65810
1044,GPK,2020-07-17,0 days 15:56:14.294136,434540,14.27,14.26,9617,2100,-1043,557
1045,GPK,2020-07-17,0 days 15:56:15.293593,433483,14.27,14.26,9517,2100,1057,-1043
1046,GPK,2020-07-17,0 days 15:59:01.695970,450400,14.24,14.23,7470,2758,-23633,978
1047,GS,2020-07-17,0 days 15:59:04.716838,244941,211.34,211.29,700,800,13151,-40237
1048,GS,2020-07-17,0 days 15:59:05.719859,243309,211.41,211.38,200,200,-1918,13151
1049,GS,2020-07-17,0 days 15:59:20.755010,247438,211.36,211.33,100,100,9254,-1233
1050,GS,2020-07-17,0 days 15:59:21.756984,246945,211.37,211.35,100,100,-493,9254
1051,GS,2020-07-17,0 days 15:59:27.770477,247626,211.35,211.33,900,306,2266,-334
1052,GS,2020-07-17,0 days 15:59:28.773291,247492,211.4,211.33,100,216,-134,2266
1053,GS,2020-07-17,0 days 15:59:40.803001,257427,211.44,211.4,570,100,143,-7
1054,GS,2020-07-17,0 days 15:59:42.807362,256170,211.49,211.42,100,750,-1257,143
1055,GS,2020-07-17,0 days 15:59:50.825924,241924,211.5,211.44,100,200,-15503,884
1056,GS,2020-07-17,0 days 15:59:57.842078,247626,211.45,211.35,100,500,3977,-1200
1057,GS,2020-07-17,0 days 15:59:59.846221,247403,211.49,211.31,100,100,-10024,3977
1058,GSK,2020-07-17,0 days 15:56:18.272983,45368,41.86,41.85,7812,3125,3107,-509
1059,GSK,2020-07-17,0 days 15:56:19.275457,44175,41.86,41.85,7112,3025,-1193,3107
1060,GSK,2020-07-17,0 days 15:57:37.455807,45368,41.85,41.84,6891,3197,293,-107
1061,GSK,2020-07-17,0 days 15:57:38.458496,44361,41.85,41.84,7391,2516,-1007,293
1062,GSK,2020-07-17,0 days 15:59:22.710542,51759,41.85,41.83,11784,3133,489,-571
1063,GSK,2020-07-17,0 days 15:59:28.724173,51048,41.84,41.83,9901,1396,-711,789
1064,GSX,2020-07-17,0 days 15:55:00.165293,754282,75.97,75.94,100,200,52493,-1560
1065,GSX,2020-07-17,0 days 15:56:01.310655,806856,76.0,75.99,100,200,-10891,26309
1066,GSX,2020-07-17,0 days 15:56:02.312970,800047,75.98,75.96,400,100,6809,-10891
1067,GSX,2020-07-17,0 days 15:57:45.559459,831041,76.22,76.18,9362,500,-9915,8985
1068,GSX,2020-07-17,0 days 15:57:46.561649,822056,76.22,76.18,9362,500,8985,-9915
1069,GSX,2020-07-17,0 days 15:57:50.572717,833141,76.22,76.18,9456,797,-14394,11085
1070,GSX,2020-07-17,0 days 15:57:51.573986,826335,76.19,76.17,500,300,6806,-14394
1071,GSX,2020-07-17,0 days 15:58:11.622880,833954,76.22,76.18,8305,300,-5681,8919
1072,GSX,2020-07-17,0 days 15:58:12.625560,827135,76.22,76.18,8305,300,6819,-5681
1073,GSX,2020-07-17,0 days 15:58:20.644162,833954,76.22,76.18,8305,500,-3881,7919
1074,GSX,2020-07-17,0 days 15:58:21.647823,827135,76.21,76.16,260,400,6819,-3881
1075,GSX,2020-07-17,0 days 15:58:49.714118,733779,76.22,76.17,8171,500,-25756,6644
1076,HAL,2020-07-17,0 days 15:59:20.740719,854238,13.05,13.04,14577,25685,-62907,2269
1077,HAL,2020-07-17,0 days 15:59:21.743599,765645,13.05,13.04,11707,28334,88593,-62907
1078,HBI,2020-07-17,0 days 15:57:34.497607,654195,14.05,14.04,14147,7251,-16366,18134
1079,HBI,2020-07-17,0 days 15:57:35.500527,639361,14.04,14.03,8324,9222,14834,-16366
1080,HBI,2020-07-17,0 days 15:58:05.574370,654875,14.03,14.02,14446,7052,-8268,4320
1081,HBI,2020-07-17,0 days 15:58:06.575561,652643,14.03,14.02,14446,6560,2232,-8268
1082,HCA,2020-07-17,0 days 15:59:33.861864,128164,106.09,106.06,300,758,154,-1546
1083,HCA,2020-07-17,0 days 15:59:40.878886,130364,106.14,106.09,500,200,10254,-2046
1084,HCA,2020-07-17,0 days 15:59:41.881405,129513,106.14,106.09,400,681,-351,10254
1085,HCA,2020-07-17,0 days 15:59:42.884129,130464,106.15,106.09,600,780,503,-351
1086,HCA,2020-07-17,0 days 15:59:46.895103,131870,106.15,106.11,472,119,-10661,1406
1087,HCA,2020-07-17,0 days 15:59:47.896023,130284,106.16,106.11,100,378,11086,-10661
1088,HCA,2020-07-17,0 days 15:59:49.900955,129776,106.12,106.09,287,250,-508,592
1089,HD,2020-07-17,0 days 15:55:00.085932,250996,260.23,260.16,125,125,9482,-14252
1090,HD,2020-07-17,0 days 15:55:01.088610,250878,260.23,260.16,225,125,-118,9482
1091,HD,2020-07-17,0 days 15:55:08.103134,252607,260.35,260.29,225,400,1469,-329
1092,HD,2020-07-17,0 days 15:55:09.105851,252476,260.39,260.3,400,525,-131,1469
1093,HD,2020-07-17,0 days 15:55:32.162138,253907,260.38,260.35,100,214,157,-231
1094,HD,2020-07-17,0 days 15:55:33.164476,253664,260.38,260.35,300,214,-243,157
1095,HD,2020-07-17,0 days 15:55:34.167774,263045,260.43,260.38,200,100,919,-243
1096,HD,2020-07-17,0 days 15:56:01.232074,268048,260.48,260.45,338,110,-3517,1383
1097,HD,2020-07-17,0 days 15:56:02.234244,267165,260.45,260.4,238,200,883,-3517
1098,HD,2020-07-17,0 days 15:56:20.277661,269142,260.48,260.43,100,520,-3127,1473
1099,HD,2020-07-17,0 days 15:56:21.280104,268169,260.48,260.44,100,605,973,-3127
1100,HD,2020-07-17,0 days 15:56:32.306492,269142,260.54,260.52,200,602,-860,936
1101,HD,2020-07-17,0 days 15:56:33.309578,268302,260.54,260.51,200,772,840,-860
1102,HD,2020-07-17,0 days 15:57:15.402807,259567,260.54,260.51,400,512,-1635,965
1103,HD,2020-07-17,0 days 15:57:20.414748,278502,260.58,260.53,209,300,5765,-1635
1104,HD,2020-07-17,0 days 15:57:31.440929,284156,260.66,260.6,125,358,-3006,2116
1105,HD,2020-07-17,0 days 15:57:32.443989,282462,260.66,260.6,125,100,1694,-3006
1106,HD,2020-07-17,0 days 15:57:34.449027,283021,260.61,260.57,225,385,-3766,559
1107,HD,2020-07-17,0 days 15:57:35.450898,281787,260.59,260.57,125,330,1794,-3766
1108,HD,2020-07-17,0 days 15:57:58.506750,282199,260.57,260.53,325,300,1382,-318
1109,HD,2020-07-17,0 days 15:58:39.606228,284609,260.6,260.57,220,202,-190,1111
1110,HD,2020-07-17,0 days 15:58:42.613601,285181,260.61,260.59,100,202,-956,482
1111,HD,2020-07-17,0 days 15:58:43.615939,284137,260.61,260.58,200,100,1044,-956
1112,HD,2020-07-17,0 days 15:59:04.667376,291103,260.56,260.55,100,800,-11108,1221
1113,HD,2020-07-17,0 days 15:59:05.670078,301636,260.55,260.53,700,125,1766,-11108
1114,HD,2020-07-17,0 days 15:59:06.672124,301002,260.5,260.47,234,100,-634,1766
1115,HD,2020-07-17,0 days 15:59:11.684462,310123,260.26,260.14,966,470,2384,-943
1116,HD,2020-07-17,0 days 15:59:12.687392,308207,260.38,260.26,200,225,-3454,2384
1117,HD,2020-07-17,0 days 15:59:13.689055,310889,260.29,260.19,125,425,1318,-3454
1118,HD,2020-07-17,0 days 15:59:14.691613,309807,260.29,260.19,125,425,-1082,1318
1119,HD,2020-07-17,0 days 15:59:22.710401,321092,260.31,260.27,300,125,8340,-11459
1120,HD,2020-07-17,0 days 15:59:23.713480,318632,260.3,260.22,345,225,-3998,8340
1121,HD,2020-07-17,0 days 15:59:27.721646,321092,260.3,260.24,443,300,2491,-2426
1122,HD,2020-07-17,0 days 15:59:28.724101,319683,260.3,260.24,343,400,-1409,2491
1123,HD,2020-07-17,0 days 15:59:33.737441,323735,260.38,260.34,625,118,9938,-6652
1124,HD,2020-07-17,0 days 15:59:34.739564,318175,260.38,260.35,400,343,-12107,9938
1125,HD,2020-07-17,0 days 15:59:39.752310,330282,260.36,260.31,675,125,4999,-1448
1126,HD,2020-07-17,0 days 15:59:40.754475,329273,260.38,260.35,100,100,-1009,4999
1127,HD,2020-07-17,0 days 15:59:42.758623,337029,260.39,260.35,100,325,1081,-7456
1128,HD,2020-07-17,0 days 15:59:47.771133,331342,260.44,260.38,125,520,-12241,5489
1129,HD,2020-07-17,0 days 15:59:48.775430,343583,260.39,260.37,525,100,865,-12241
1130,HD,2020-07-17,0 days 15:59:54.785981,337136,260.42,260.32,500,300,1512,-4935
1131,HD,2020-07-17,0 days 15:59:57.792793,338648,260.45,260.26,300,648,-4935,1712
1132,HD,2020-07-17,0 days 16:00:00.798187,336936,260.49,258.97,100,100,1712,-3659
1133,HIG,2020-07-17,0 days 15:59:42.884120,340493,41.99,41.98,700,700,-5291,3209
1134,HL,2020-07-17,0 days 15:57:23.421552,274784,4.58,4.57,20070,113962,-6027,2772
1135,HLT,2020-07-17,0 days 15:59:22.843443,177233,79.76,79.75,200,248,1516,-1979
1136,HLT,2020-07-17,0 days 15:59:24.848536,173349,79.8,79.77,200,200,-4184,1416
1137,HLT,2020-07-17,0 days 15:59:34.872690,178298,79.84,79.81,300,800,452,-3734
1138,HLT,2020-07-17,0 days 15:59:44.897633,179498,79.88,79.85,300,100,626,-174
1139,HMY,2020-07-17,0 days 15:58:47.748965,123557,6.43,6.42,48874,26007,356,-11440
1140,HMY,2020-07-17,0 days 15:58:48.751152,108972,6.43,6.42,52240,26099,-12585,356
1141,HOG,2020-07-17,0 days 15:59:00.781654,115081,28.7,28.69,1798,1002,1723,-1689
1142,HOG,2020-07-17,0 days 15:59:50.903842,109986,28.65,28.64,1417,548,-3499,2601
1143,HON,2020-07-17,0 days 15:56:43.410066,1173311,155.02,154.97,400,200,59992,-247190
1144,HON,2020-07-17,0 days 15:56:44.412976,926659,155.03,155.01,330,300,-248190,59992
1145,HON,2020-07-17,0 days 15:58:49.714460,1239649,154.96,154.95,200,910,1765,-8035
1146,HON,2020-07-17,0 days 15:58:50.717400,938739,155.02,155.01,410,299,-311648,1765
1147,HON,2020-07-17,0 days 15:59:08.763111,1248369,155.02,154.99,317,300,51940,-254930
1148,HON,2020-07-17,0 days 15:59:15.778378,1234972,154.96,154.92,126,400,66393,-263389
1149,HON,2020-07-17,0 days 15:59:19.787952,1234972,154.98,154.95,325,200,149307,-221775
1150,HON,2020-07-17,0 days 15:59:20.790278,1035835,155.01,154.93,434,866,-212937,149307
1151,HON,2020-07-17,0 days 15:59:22.794873,1234972,154.95,154.93,100,309,162607,-164537
1152,HON,2020-07-17,0 days 15:59:24.799812,1041235,155.08,155.0,700,600,-215675,99207
1153,HON,2020-07-17,0 days 15:59:29.811758,1249499,155.01,154.97,400,505,157472,-148672
1154,HON,2020-07-17,0 days 15:59:36.828946,1053999,155.03,154.97,200,700,-195500,124544
1155,HON,2020-07-17,0 days 15:59:37.831411,1249499,155.03,154.98,200,600,171044,-195500
1156,HON,2020-07-17,0 days 15:59:38.833836,1054530,155.03,154.98,200,900,-195162,171044
1157,HON,2020-07-17,0 days 15:59:40.840029,1251368,155.03,154.98,200,605,180023,-125974
1158,HON,2020-07-17,0 days 15:59:41.841604,1064744,155.08,155.03,200,300,-188162,180023
1159,HON,2020-07-17,0 days 15:59:52.868971,1099791,155.07,154.96,200,600,-155765,151617
1160,HON,2020-07-17,0 days 15:59:54.874958,1254018,155.07,154.96,200,600,151617,-155765
1161,HON,2020-07-17,0 days 15:59:57.880244,1102985,155.05,154.98,200,100,-152571,151617
1162,HON,2020-07-17,0 days 15:59:59.887326,1254018,155.04,154.96,200,600,156243,-152571
1163,HON,2020-07-17,0 days 16:00:00.886828,1104585,155.2,154.18,100,100,-149433,156243
1164,HPE,2020-07-17,0 days 15:59:01.794943,1012480,9.69,9.68,26332,10286,-11994,17288
1165,HPE,2020-07-17,0 days 15:59:02.796769,993274,9.68,9.67,24971,20132,63906,-11994
1166,HPE,2020-07-17,0 days 15:59:15.826249,1074063,9.68,9.67,20705,22808,-112621,17086
1167,HPE,2020-07-17,0 days 15:59:36.878247,1085363,9.67,9.66,41333,13387,-2743,20076
1168,HPE,2020-07-17,0 days 15:59:47.904641,1079806,9.67,9.66,28954,23234,5657,-36543
1169,HPQ,2020-07-17,0 days 15:56:32.306547,1325690,17.57,17.56,19700,12915,-88451,38749
1170,HRB,2020-07-17,0 days 15:55:34.160245,349534,14.72,14.71,4433,4422,-1011,5189
1171,HRB,2020-07-17,0 days 15:55:44.183912,350733,14.72,14.71,5533,3500,201,-1199
1172,HRB,2020-07-17,0 days 15:55:54.208395,352859,14.72,14.71,4076,6026,-1258,201
1173,HRB,2020-07-17,0 days 15:57:45.474419,367939,14.74,14.73,7488,3326,2676,-1924
1174,HRB,2020-07-17,0 days 15:57:47.479559,366515,14.74,14.73,8279,5426,-1924,276
1175,HRB,2020-07-17,0 days 15:57:49.484496,368439,14.74,14.73,8711,3826,676,-1924
1176,HRB,2020-07-17,0 days 15:57:50.488144,366915,14.74,14.73,7043,6194,-1524,676
1177,HRB,2020-07-17,0 days 15:57:52.491855,368939,14.74,14.73,7112,6794,1395,-1305
1178,HRB,2020-07-17,0 days 15:57:53.494199,367434,14.74,14.73,7912,6794,-2900,1395
1179,HRB,2020-07-17,0 days 15:57:55.499531,370334,14.74,14.73,7734,5894,700,-2900
1180,HRB,2020-07-17,0 days 15:57:56.503114,368634,14.74,14.73,7034,6794,-2500,700
1181,HRB,2020-07-17,0 days 15:59:01.659226,370247,14.74,14.73,7366,8733,13805,-182
1182,HRB,2020-07-17,0 days 15:59:02.660454,369252,14.74,14.73,9384,8733,-5995,13805
1183,HRB,2020-07-17,0 days 15:59:09.679326,375848,14.74,14.73,8330,8612,109,-1096
1184,HRB,2020-07-17,0 days 15:59:10.680298,375957,14.74,14.73,10230,7337,-499,109
1185,HRB,2020-07-17,0 days 15:59:11.682801,376456,14.74,14.73,10767,6637,201,-499
1186,HRB,2020-07-17,0 days 15:59:12.686052,376177,14.74,14.73,10080,7127,-3779,201
1187,HRB,2020-07-17,0 days 15:59:18.697673,379956,14.74,14.73,10728,5077,5880,-279
1188,HSBC,2020-07-17,0 days 15:59:02.224262,30742,23.61,23.6,29825,36174,177,-1327
1189,HSBC,2020-07-17,0 days 15:59:36.306914,35196,23.61,23.6,42863,11834,-3105,3595
1190,HSBC,2020-07-17,0 days 15:59:50.342936,32101,23.61,23.6,33926,29976,2995,-305
1191,HST,2020-07-17,0 days 15:55:00.127751,422578,11.0,10.99,6732,19651,15319,-28649
1192,HST,2020-07-17,0 days 15:55:01.129320,431297,11.0,10.99,10932,24447,-2960,15319
1193,HST,2020-07-17,0 days 15:57:31.489961,455190,11.01,11.0,27621,22541,20218,-6682
1194,HST,2020-07-17,0 days 15:57:32.492444,451508,11.01,11.0,27521,24016,-3682,20218
1195,HST,2020-07-17,0 days 15:57:45.524204,455190,11.01,11.0,27824,21927,1918,-2082
1196,HST,2020-07-17,0 days 15:57:46.526567,452108,11.01,11.0,27624,23702,-3082,1918
1197,HST,2020-07-17,0 days 15:57:53.543665,455190,11.01,11.0,28520,21891,618,-2682
1198,HST,2020-07-17,0 days 15:57:54.545878,452108,11.01,11.0,27768,21791,-3082,618
1199,HST,2020-07-17,0 days 15:57:57.553658,455190,11.01,11.0,27868,21796,1518,-3082
1200,HST,2020-07-17,0 days 15:57:58.555759,452108,11.01,11.0,27279,21796,-3082,1518
1201,HST,2020-07-17,0 days 15:58:00.562130,452090,11.01,11.0,26379,20596,18,-3082
1202,HST,2020-07-17,0 days 15:58:02.566755,448708,11.01,11.0,26383,22822,-3382,18
1203,HST,2020-07-17,0 days 15:58:58.701376,493176,11.04,11.03,22740,17700,11758,-2714
1204,HST,2020-07-17,0 days 15:59:02.712419,483193,11.02,11.01,42945,5322,-2553,2188
1205,HTZ,2020-07-17,0 days 15:53:40.016895,15492,1.49,1.48,20330,27504,165,-290
1206,HTZ,2020-07-17,0 days 15:55:00.210223,15657,1.49,1.48,21336,54750,-8708,165
1207,HWM,2020-07-17,0 days 15:59:22.746163,315265,16.48,16.47,801,1500,3152,-2374
1208,HWM,2020-07-17,0 days 15:59:23.748351,308017,16.48,16.47,800,2100,-7048,3152
1209,HWM,2020-07-17,0 days 15:59:26.754721,311201,16.47,16.46,1500,2100,-64,3323
1210,HWM,2020-07-17,0 days 15:59:40.789952,315949,16.46,16.45,1794,1956,1752,-548
1211,HWM,2020-07-17,0 days 15:59:51.817452,315949,16.46,16.45,3364,657,545,-8600
1212,IAG,2020-07-17,0 days 15:59:36.668491,33328,4.48,4.46,86632,235854,-1879,5832
1213,IBM,2020-07-17,0 days 15:57:44.605895,320358,125.36,125.35,627,200,4204,-4696
1214,IBM,2020-07-17,0 days 15:57:45.608371,315562,125.37,125.35,224,500,-4796,4204
1215,IBM,2020-07-17,0 days 15:59:09.815107,333335,125.31,125.29,200,400,1105,-2386
1216,IBM,2020-07-17,0 days 15:59:11.818765,339967,125.3,125.27,119,600,-3258,4832
1217,ICE,2020-07-17,0 days 15:58:53.675531,251465,93.89,93.88,433,200,74,-926
1218,ICE,2020-07-17,0 days 15:58:56.682562,248139,93.89,93.88,433,100,-3326,1074
1219,ICE,2020-07-17,0 days 15:59:19.739097,255966,93.89,93.87,300,210,22304,-1040
1220,ICE,2020-07-17,0 days 15:59:20.740969,244170,93.9,93.87,400,100,-11796,22304
1221,ICE,2020-07-17,0 days 15:59:33.774120,256068,93.85,93.82,600,805,774,-426
1222,ICE,2020-07-17,0 days 15:59:45.801675,257268,93.88,93.85,252,700,677,-265
1223,ICE,2020-07-17,0 days 15:59:48.809500,257045,93.88,93.85,421,1138,-223,677
1224,IMAX,2020-07-17,0 days 15:55:01.006409,34104,13.41,13.4,1350,2446,-2528,805
1225,INFY,2020-07-17,0 days 15:56:39.323473,559734,12.28,12.27,87787,58481,3194,-14506
1226,INFY,2020-07-17,0 days 15:56:40.325872,551328,12.28,12.27,72555,59807,-8406,3194
1227,INFY,2020-07-17,0 days 15:57:40.462877,473979,12.27,12.26,118540,40163,-54055,31045
1228,INFY,2020-07-17,0 days 15:59:01.660677,537629,12.27,12.26,131419,52921,32450,-47950
1229,INFY,2020-07-17,0 days 15:59:44.763899,543036,12.27,12.26,140333,70312,-3002,36398
1230,INFY,2020-07-17,0 days 15:59:45.766441,546038,12.27,12.26,177411,20300,10836,-3002
