,Symbol,Timestamp,TIME,iPaired,Ask_P,Bid_P,Ask_S,Bid_S,iShares,PreviShares
0,AA,2020-07-09,0 days 15:57:16.608148,181691,10.57,10.56,9013,16061,-1007,2578
1,AA,2020-07-09,0 days 15:57:17.610489,178698,10.57,10.56,9555,15313,2193,-1007
2,AA,2020-07-09,0 days 15:57:41.669137,179127,10.57,10.56,8677,11487,1764,-2036
3,AA,2020-07-09,0 days 15:57:48.685832,181691,10.57,10.56,8832,12095,-736,964
4,AA,2020-07-09,0 days 15:57:52.695473,180727,10.57,10.56,7621,11841,364,-936
5,AA,2020-07-09,0 days 15:59:32.940347,252877,10.55,10.54,20488,7499,1011,-4289
6,ABB,2020-07-09,0 days 15:57:36.490112,21920,24.24,24.23,12825,9922,-20,80
7,ABB,2020-07-09,0 days 15:59:20.745885,22611,24.23,24.22,12495,12654,-329,692
8,ABBV,2020-07-09,0 days 15:55:00.184539,434924,97.86,97.85,300,795,2209,-75807
9,ABBV,2020-07-09,0 days 15:55:41.284398,438579,97.85,97.84,400,500,118,-1003
10,ABBV,2020-07-09,0 days 15:55:44.291353,438776,97.85,97.84,337,1620,-2031,118
11,ABBV,2020-07-09,0 days 15:57:15.509958,449610,97.85,97.83,500,909,807,-73
12,ABBV,2020-07-09,0 days 15:57:16.512374,448469,97.88,97.87,1018,100,-1141,807
13,ABBV,2020-07-09,0 days 15:57:40.570389,456669,97.88,97.87,201,900,-1326,474
14,ABBV,2020-07-09,0 days 15:57:41.572876,455997,97.88,97.87,798,700,672,-1326
15,ABBV,2020-07-09,0 days 15:57:45.582956,456669,97.9,97.89,804,100,-1928,672
16,ABBV,2020-07-09,0 days 15:57:46.584978,455997,97.9,97.89,1009,110,672,-1928
17,ABBV,2020-07-09,0 days 15:57:48.589582,456669,97.9,97.89,551,898,-1328,672
18,ABBV,2020-07-09,0 days 15:57:57.612044,458269,97.91,97.89,802,1286,-2053,1347
19,ABBV,2020-07-09,0 days 15:57:58.613943,457422,97.9,97.89,1191,710,120,-2053
20,ABBV,2020-07-09,0 days 15:57:59.616707,458269,97.89,97.88,748,607,-953,120
21,ABBV,2020-07-09,0 days 15:58:00.620055,457422,97.89,97.88,606,500,847,-953
22,ABBV,2020-07-09,0 days 15:58:07.637327,459169,97.89,97.88,200,800,-1620,6080
23,ABBV,2020-07-09,0 days 15:58:08.639612,458289,97.88,97.87,100,1009,880,-1620
24,ABBV,2020-07-09,0 days 15:58:26.683539,457604,97.92,97.91,500,700,-300,427
25,ABBV,2020-07-09,0 days 15:58:27.685848,457204,97.91,97.9,102,1200,400,-300
26,ABBV,2020-07-09,0 days 15:59:38.859398,462020,98.02,98.0,200,1831,-43818,1239
27,ABBV,2020-07-09,0 days 15:59:42.869471,465698,97.98,97.96,700,2052,-46222,46949
28,ABBV,2020-07-09,0 days 16:00:00.905175,482023,98.18,97.8,100,111,41384,-9281
29,ABEV,2020-07-09,0 days 15:55:00.078486,120416,2.79,2.78,429107,90046,-19627,1328
30,ABEV,2020-07-09,0 days 15:58:48.628976,146450,2.78,2.77,154195,579700,2949,-20398
31,ABR,2020-07-09,0 days 15:58:44.765538,87142,7.57,7.56,2205,2315,-559,1965
32,ABR,2020-07-09,0 days 15:58:45.767708,81901,7.57,7.56,1995,2421,4941,-559
33,ABT,2020-07-09,0 days 15:55:00.078324,298285,93.65,93.64,201,805,87380,-25601
34,ABT,2020-07-09,0 days 15:55:14.111355,385415,93.61,93.6,200,300,-11795,87305
35,ABT,2020-07-09,0 days 15:55:15.113541,374776,93.57,93.54,400,300,10639,-11795
36,ABT,2020-07-09,0 days 15:55:40.176456,386003,93.44,93.39,668,200,-8389,12242
37,ABT,2020-07-09,0 days 15:55:41.177555,379292,93.42,93.4,300,100,6711,-8389
38,ABT,2020-07-09,0 days 15:57:48.482322,390313,93.53,93.51,400,746,6540,-1679
39,ABT,2020-07-09,0 days 15:58:51.635795,396510,93.56,93.53,600,900,-3052,2729
40,ABT,2020-07-09,0 days 15:58:52.638176,390762,93.55,93.53,100,800,5748,-3052
41,ABT,2020-07-09,0 days 15:59:17.700428,403113,93.57,93.55,300,200,-2424,1362
42,ABT,2020-07-09,0 days 15:59:18.703643,399537,93.57,93.55,200,311,3576,-2424
43,ABT,2020-07-09,0 days 15:59:20.708031,424065,93.63,93.61,500,610,-907,25994
44,ABT,2020-07-09,0 days 15:59:23.714499,417472,93.63,93.62,100,200,4693,-3007
45,ABT,2020-07-09,0 days 15:59:27.727249,420165,93.7,93.68,100,900,-1141,2055
46,ABT,2020-07-09,0 days 15:59:39.753550,395706,93.67,93.65,100,362,24459,-941
47,ABT,2020-07-09,0 days 15:59:40.756908,420165,93.67,93.65,200,562,-2703,24459
48,ABT,2020-07-09,0 days 15:59:49.778962,419806,93.7,93.69,200,398,359,-6241
49,ACB,2020-07-09,0 days 15:59:55.828842,20339,11.8,11.77,100,100,2004,-2201
50,ACB,2020-07-09,0 days 15:59:56.830296,18138,11.81,11.76,989,200,-2201,2004
51,ACB,2020-07-09,0 days 15:59:58.835723,20339,11.78,11.75,1500,470,5470,-2201
52,ACC,2020-07-09,0 days 15:59:45.915282,141735,32.32,32.31,800,452,3209,-249
53,ACC,2020-07-09,0 days 15:59:46.917067,139083,32.32,32.31,1200,252,-3673,3209
54,ACI,2020-07-09,0 days 15:59:20.708130,52931,14.75,14.74,2000,177,316207,-317447
55,ADM,2020-07-09,0 days 15:55:26.179004,189575,37.79,37.78,1972,1536,-324,2076
56,ADM,2020-07-09,0 days 15:55:27.182069,188399,37.79,37.78,1972,1736,1176,-324
57,ADM,2020-07-09,0 days 15:56:17.301312,194937,37.75,37.74,2825,515,-2268,2132
58,ADM,2020-07-09,0 days 15:56:18.303929,193405,37.75,37.74,3125,315,1532,-2268
59,ADM,2020-07-09,0 days 15:57:10.428158,194937,37.76,37.75,2242,2597,-36,1199
60,ADM,2020-07-09,0 days 15:57:32.480579,194973,37.76,37.75,1804,2134,264,-36
61,ADM,2020-07-09,0 days 15:58:14.584579,205474,37.77,37.76,2405,778,-2583,1763
62,ADM,2020-07-09,0 days 15:58:15.587260,203657,37.77,37.76,214,1541,1817,-2583
63,ADM,2020-07-09,0 days 15:59:04.707283,213601,37.78,37.77,1703,945,1214,-6986
64,ADM,2020-07-09,0 days 15:59:06.712163,214815,37.78,37.77,600,1546,-1086,1114
65,ADM,2020-07-09,0 days 15:59:07.714567,213801,37.78,37.77,600,1615,170,-1086
66,ADM,2020-07-09,0 days 15:59:13.728536,213559,37.79,37.78,1667,1000,412,-9888
67,ADM,2020-07-09,0 days 15:59:17.737716,214224,37.79,37.78,1178,766,-3578,212
68,ADM,2020-07-09,0 days 15:59:18.741719,214202,37.79,37.78,1878,666,22,-3578
69,ADM,2020-07-09,0 days 15:59:22.750689,214224,37.8,37.79,1131,1029,-6558,22
70,ADSW,2020-07-09,0 days 15:55:00.221576,31795,30.13,30.12,6838,7398,-7683,682
71,ADSW,2020-07-09,0 days 15:56:46.477311,20284,30.13,30.12,3863,8271,19811,-289
72,ADSW,2020-07-09,0 days 15:57:49.629596,40095,30.14,30.13,3168,2400,-289,11
73,ADSW,2020-07-09,0 days 15:57:50.633664,38184,30.14,30.13,3168,2400,1911,-289
74,ADSW,2020-07-09,0 days 15:59:15.842252,49216,30.14,30.13,7453,600,-22038,362
75,ADSW,2020-07-09,0 days 15:59:47.919186,100528,30.14,30.13,4488,800,43,-2452
76,AEG,2020-07-09,0 days 15:59:00.697308,4405,3.0,2.99,181723,62914,-4000,170
77,AEO,2020-07-09,0 days 15:55:00.192055,128359,10.36,10.35,4315,6534,-3701,941
78,AEO,2020-07-09,0 days 15:55:58.331440,139951,10.36,10.35,7752,3846,441,-1792
79,AEO,2020-07-09,0 days 15:55:59.334269,139292,10.36,10.35,7752,3646,-659,441
80,AEO,2020-07-09,0 days 15:56:41.435058,158080,10.34,10.33,1275,6666,2040,-560
81,AEO,2020-07-09,0 days 15:57:08.500241,160120,10.34,10.33,1500,8392,-4145,2040
82,AEO,2020-07-09,0 days 15:57:09.500678,158665,10.34,10.33,1709,7634,1455,-4145
83,AEO,2020-07-09,0 days 15:57:36.565394,160477,10.35,10.34,3880,6823,-551,149
84,AEO,2020-07-09,0 days 15:57:37.567593,159728,10.35,10.34,4080,6823,749,-551
85,AEO,2020-07-09,0 days 15:57:46.589800,160477,10.35,10.34,1980,8147,-151,649
86,AEO,2020-07-09,0 days 15:57:47.592071,159828,10.35,10.34,1894,8211,649,-151
87,AEO,2020-07-09,0 days 15:58:05.637090,160477,10.36,10.35,6791,12301,-1551,649
88,AEO,2020-07-09,0 days 15:58:06.639351,159828,10.36,10.35,6591,12201,649,-1551
89,AEO,2020-07-09,0 days 15:58:28.693002,163772,10.34,10.33,7937,7044,-793,1807
90,AEO,2020-07-09,0 days 15:58:29.695188,162265,10.34,10.33,7937,6844,1507,-793
91,AEO,2020-07-09,0 days 15:59:28.838927,163894,10.31,10.3,6112,6281,8648,-6552
92,AEO,2020-07-09,0 days 15:59:36.858222,175942,10.31,10.3,9788,8648,-3989,1548
93,AEO,2020-07-09,0 days 15:59:41.870625,172931,10.31,10.3,10074,8312,211,-2389
94,AES,2020-07-09,0 days 15:55:00.114662,203420,13.92,13.91,5306,8057,30093,-50464
95,AES,2020-07-09,0 days 15:55:39.210377,236296,13.91,13.9,10445,9000,-12545,551
96,AES,2020-07-09,0 days 15:58:53.680389,244585,13.92,13.91,14979,9544,-98,902
97,AES,2020-07-09,0 days 15:58:54.681467,242783,13.92,13.91,9479,13735,1802,-98
98,AES,2020-07-09,0 days 15:59:06.711936,282766,13.93,13.91,12087,25419,-12018,21482
99,AES,2020-07-09,0 days 15:59:07.714372,278684,13.92,13.91,4469,18509,82,-12018
100,AES,2020-07-09,0 days 15:59:09.717790,295733,13.93,13.92,10518,13104,-6414,17049
101,AES,2020-07-09,0 days 15:59:10.720428,290747,13.93,13.92,7900,14023,4986,-6414
102,AES,2020-07-09,0 days 15:59:42.799211,302929,13.94,13.93,8400,20835,-5913,626
103,AES,2020-07-09,0 days 15:59:47.810291,306855,13.93,13.92,25071,5895,-598,652
104,AES,2020-07-09,0 days 15:59:49.816069,304355,13.93,13.92,26056,1518,2500,-3000
105,AFL,2020-07-09,0 days 15:57:55.536080,377530,33.91,33.9,1385,4100,148,-3852
106,AFL,2020-07-09,0 days 15:57:56.538641,370778,33.93,33.92,391,4100,-6752,148
107,AFL,2020-07-09,0 days 15:58:37.638682,378730,33.91,33.9,2500,1400,2789,-2911
108,AFL,2020-07-09,0 days 15:58:38.641615,375819,33.91,33.9,2500,1400,-2911,2789
109,AFL,2020-07-09,0 days 15:58:40.646075,378730,33.91,33.9,2744,1800,4464,-2911
110,AFL,2020-07-09,0 days 15:58:42.651949,378566,33.94,33.93,2400,300,-1064,11936
111,AFL,2020-07-09,0 days 15:58:44.655763,379630,33.93,33.92,1179,3486,363,-164
112,AFL,2020-07-09,0 days 15:58:45.657878,378693,33.93,33.92,1379,3786,-37,363
113,AFL,2020-07-09,0 days 15:59:21.747315,394514,33.96,33.95,2252,383,-308,1192
114,AG,2020-07-09,0 days 15:55:00.114923,75181,10.56,10.55,10771,6600,2483,-1642
115,AG,2020-07-09,0 days 15:59:19.743442,81074,10.57,10.56,24510,18048,1100,-1000
116,AGI,2020-07-09,0 days 15:57:31.548686,82866,10.37,10.36,34856,5964,-5759,4759
117,AIG,2020-07-09,0 days 15:55:01.117734,585114,28.1,28.09,2922,2915,-21175,10225
118,AIG,2020-07-09,0 days 15:57:35.487886,663167,28.06,28.05,1450,2623,980,-6120
119,AIG,2020-07-09,0 days 15:57:38.495075,640547,28.06,28.05,2050,2624,-22620,7580
120,AIG,2020-07-09,0 days 15:58:01.552522,644585,28.02,28.01,2613,2479,-18583,11317
121,AIG,2020-07-09,0 days 15:59:31.771827,709401,28.04,28.03,3872,2650,-13386,2314
122,ALK,2020-07-09,0 days 15:59:22.819895,99703,34.45,34.43,300,680,58,-1342
123,ALK,2020-07-09,0 days 15:59:46.878199,100776,34.48,34.46,300,500,1376,-3289
124,ALK,2020-07-09,0 days 15:59:50.889228,83152,34.49,34.46,200,700,-17506,1276
125,ALL,2020-07-09,0 days 15:55:33.196064,139322,85.7,85.68,500,500,-237,16
126,ALL,2020-07-09,0 days 15:55:57.255099,139782,85.62,85.6,300,200,1468,-260
127,ALL,2020-07-09,0 days 15:59:05.710196,174160,85.77,85.75,200,200,-599,498
128,ALL,2020-07-09,0 days 15:59:09.717825,171672,85.77,85.75,100,544,2488,-2632
129,ALL,2020-07-09,0 days 15:59:18.741593,172102,85.8,85.78,100,300,2058,-3742
130,ALL,2020-07-09,0 days 15:59:21.748072,174160,85.8,85.78,200,100,-17921,158
131,ALL,2020-07-09,0 days 15:59:22.750519,172981,85.79,85.76,291,400,1179,-17921
132,ALL,2020-07-09,0 days 15:59:33.777999,171362,85.84,85.82,200,200,298,-2102
133,ALL,2020-07-09,0 days 15:59:38.789399,171660,85.86,85.83,578,200,-2375,198
134,ALL,2020-07-09,0 days 15:59:39.791064,171335,85.86,85.83,200,300,325,-2375
135,ALL,2020-07-09,0 days 15:59:40.794422,171660,85.86,85.83,300,300,-975,325
136,ALLY,2020-07-09,0 days 15:59:25.831703,424950,19.08,19.07,2898,1600,6072,-6974
137,ALLY,2020-07-09,0 days 15:59:27.836949,412722,19.08,19.07,1213,2600,-1828,7872
138,ALLY,2020-07-09,0 days 15:59:36.858271,414550,19.08,19.07,5075,800,3214,-1828
139,ALLY,2020-07-09,0 days 15:59:37.862549,413464,19.08,19.07,4575,1400,-1086,3214
140,ALLY,2020-07-09,0 days 15:59:40.868277,418469,19.08,19.07,3687,1895,945,-1086
141,ALLY,2020-07-09,0 days 15:59:45.881376,418448,19.08,19.07,5029,700,-21,8879
142,AM,2020-07-09,0 days 15:59:15.898289,964679,5.49,5.48,5856,6197,202,-25061
143,AM,2020-07-09,0 days 15:59:37.952463,987861,5.49,5.48,7003,7013,-1704,14682
144,AM,2020-07-09,0 days 15:59:40.959989,977965,5.48,5.47,10796,2300,10204,-1704
145,AMC,2020-07-09,0 days 15:58:42.613945,45541,4.58,4.57,5270,4851,-2573,6827
146,AMCR,2020-07-09,0 days 15:55:00.114553,622430,10.39,10.38,16401,6418,15683,-209471
147,AMCR,2020-07-09,0 days 15:55:01.118187,605713,10.41,10.4,6000,15958,-36717,15683
148,AMCR,2020-07-09,0 days 15:55:40.214237,609023,10.39,10.38,21334,7023,-14779,2621
149,AMCR,2020-07-09,0 days 15:58:07.566331,631178,10.4,10.39,16853,12604,16284,-11286
150,AMCR,2020-07-09,0 days 15:58:08.568762,617462,10.4,10.39,22913,11974,-13716,16284
151,AMCR,2020-07-09,0 days 15:59:34.777925,776627,10.39,10.38,30168,16184,24594,-75206
152,AMCR,2020-07-09,0 days 15:59:35.781082,769521,10.39,10.38,9000,32858,-7106,24594
153,AMX,2020-07-09,0 days 15:55:45.393538,63437,12.32,12.31,17772,5800,-8,498
154,AMX,2020-07-09,0 days 15:57:12.598754,66470,12.32,12.31,11094,12750,1141,-3033
155,AMX,2020-07-09,0 days 15:59:21.912366,71386,12.32,12.31,7414,12229,-4699,1332
156,AMX,2020-07-09,0 days 15:59:35.946820,76085,12.31,12.3,25107,8126,1693,-2207
157,AMX,2020-07-09,0 days 15:59:36.949132,75878,12.31,12.3,22707,8126,-207,1693
158,ANF,2020-07-09,0 days 15:55:00.191676,81901,9.94,9.93,5038,3957,1098,-7155
159,ANF,2020-07-09,0 days 15:56:09.358073,83633,9.92,9.91,5028,3953,-1380,1083
160,ANF,2020-07-09,0 days 15:56:10.360049,82813,9.92,9.91,5123,3953,820,-1380
161,ANF,2020-07-09,0 days 15:57:48.594602,84855,9.94,9.93,2487,3270,-158,42
162,ANF,2020-07-09,0 days 15:57:49.597012,83913,9.94,9.93,2587,3286,942,-158
163,ANF,2020-07-09,0 days 15:59:12.801040,85935,9.92,9.91,1225,6170,-2601,454
164,APD,2020-07-09,0 days 15:55:00.115073,105342,271.44,271.34,519,200,2328,-20823
165,APD,2020-07-09,0 days 15:55:33.196152,107696,271.35,271.28,111,100,-135,780
166,APD,2020-07-09,0 days 15:55:34.198268,106631,271.35,271.26,138,100,1065,-135
167,APD,2020-07-09,0 days 15:56:10.285358,107120,271.25,271.18,337,101,889,-1211
168,APD,2020-07-09,0 days 15:57:34.485088,108409,271.48,271.34,100,100,-1113,1587
169,APD,2020-07-09,0 days 15:57:35.487832,107722,271.48,271.34,100,100,687,-1113
170,APD,2020-07-09,0 days 15:57:36.490164,108409,271.46,271.34,100,100,-13,687
171,APD,2020-07-09,0 days 15:57:39.498085,107822,271.45,271.35,100,200,587,-13
172,APD,2020-07-09,0 days 15:57:40.500361,108409,271.45,271.35,300,300,-113,587
173,APD,2020-07-09,0 days 15:57:41.502964,107922,271.45,271.35,310,301,487,-113
174,APD,2020-07-09,0 days 15:57:48.519424,108409,271.57,271.51,100,100,-113,687
175,APD,2020-07-09,0 days 15:57:49.522108,107122,271.59,271.52,100,400,1287,-113
176,APD,2020-07-09,0 days 15:57:51.527179,108409,271.57,271.52,110,281,-13,287
177,APD,2020-07-09,0 days 15:57:53.532199,108194,271.57,271.52,100,282,215,-385
178,APD,2020-07-09,0 days 15:57:54.535415,108409,271.59,271.52,100,282,-185,215
179,APD,2020-07-09,0 days 15:57:56.539454,108194,271.59,271.51,100,200,215,-85
180,APD,2020-07-09,0 days 15:58:06.564909,108432,271.55,271.43,100,338,-480,438
181,APD,2020-07-09,0 days 15:58:07.567258,108212,271.55,271.43,100,419,220,-480
182,APD,2020-07-09,0 days 15:58:11.577088,103047,271.76,271.62,102,100,-6765,320
183,APD,2020-07-09,0 days 15:58:26.615681,108312,271.64,271.55,590,250,4920,-465
184,APD,2020-07-09,0 days 15:58:31.625669,103547,271.66,271.56,100,200,-5265,120
185,APD,2020-07-09,0 days 15:58:38.642547,108312,271.6,271.54,100,100,5320,-65
186,APD,2020-07-09,0 days 15:58:40.647404,109332,271.66,271.61,100,100,-797,120
187,APD,2020-07-09,0 days 15:58:41.650407,109329,271.8,271.75,100,106,21918,-797
188,APD,2020-07-09,0 days 15:58:42.652879,108747,271.8,271.71,100,320,-582,21918
189,APD,2020-07-09,0 days 15:58:51.674223,109229,271.67,271.54,100,100,4903,-482
190,APD,2020-07-09,0 days 15:58:53.680534,110161,271.66,271.57,204,200,-68,103
191,APD,2020-07-09,0 days 15:59:00.697682,110229,271.75,271.59,100,200,4950,-653
192,APD,2020-07-09,0 days 15:59:04.707209,110289,271.66,271.56,102,100,-2327,119
193,APD,2020-07-09,0 days 15:59:05.710372,112616,271.66,271.56,102,100,2283,-2327
194,APD,2020-07-09,0 days 15:59:08.715861,112828,271.66,271.55,202,200,-169,521
195,APD,2020-07-09,0 days 15:59:09.717926,112997,271.66,271.55,204,200,534,-169
196,APD,2020-07-09,0 days 15:59:12.725992,113231,271.65,271.49,302,200,-552,62
197,APD,2020-07-09,0 days 15:59:13.728500,113783,271.64,271.56,302,200,48,-552
198,APD,2020-07-09,0 days 15:59:17.737691,113831,271.63,271.55,300,100,-916,48
199,APD,2020-07-09,0 days 15:59:18.741657,114747,271.63,271.57,200,100,884,-916
200,APD,2020-07-09,0 days 15:59:19.743470,114731,271.63,271.57,202,100,-119,884
201,APD,2020-07-09,0 days 15:59:29.767218,115696,271.69,271.49,100,300,4935,-450
202,APD,2020-07-09,0 days 15:59:30.769692,115631,271.68,271.49,498,300,-65,4935
203,APD,2020-07-09,0 days 15:59:37.787435,115696,271.71,271.6,100,400,5335,-50
204,APD,2020-07-09,0 days 15:59:44.803678,110631,271.8,271.59,100,440,-5265,120
205,APD,2020-07-09,0 days 15:59:46.807856,116931,271.68,271.6,100,200,100,-1000
206,APD,2020-07-09,0 days 15:59:47.810438,117031,271.68,271.59,100,200,-400,100
207,APD,2020-07-09,0 days 15:59:49.816220,117532,271.68,271.6,100,300,99,-1
208,APD,2020-07-09,0 days 15:59:50.818896,116031,271.78,271.59,400,100,-1501,99
209,APD,2020-07-09,0 days 15:59:51.820370,117432,271.71,271.49,100,400,3984,-1501
210,APD,2020-07-09,0 days 15:59:57.833110,115639,272.02,271.73,300,100,-6833,3884
211,APD,2020-07-09,0 days 15:59:58.835059,117532,271.89,271.6,100,100,3884,-6833
212,APLE,2020-07-09,0 days 15:55:00.221576,91068,9.05,9.04,12812,5730,-2243,38121
213,APLE,2020-07-09,0 days 15:55:01.223313,90011,9.05,9.04,13822,5530,1057,-2243
214,APLE,2020-07-09,0 days 15:57:06.525841,91110,9.04,9.03,3355,5781,-261,699
215,APLE,2020-07-09,0 days 15:57:07.528929,90811,9.04,9.03,5455,5781,299,-261
216,APLE,2020-07-09,0 days 15:58:42.760856,91534,9.02,9.01,8235,3000,-998,3327
217,AR,2020-07-09,0 days 15:57:50.525197,287037,2.77,2.76,57524,47198,-14636,2764
218,AR,2020-07-09,0 days 15:59:20.745689,364410,2.76,2.75,77016,7876,18163,-52337
219,AR,2020-07-09,0 days 15:59:21.748008,349473,2.76,2.75,73428,14820,-14937,18163
220,AR,2020-07-09,0 days 15:59:48.813017,357823,2.75,2.74,51758,30910,-9141,3859
221,ARCO,2020-07-09,0 days 15:58:48.666237,30094,4.84,4.83,3500,899,3404,-1436
222,ARCO,2020-07-09,0 days 15:58:49.669041,28798,4.84,4.83,3500,889,-1296,3404
223,ARCO,2020-07-09,0 days 15:59:05.709923,30094,4.83,4.82,3000,1500,3793,-1195
224,ARCO,2020-07-09,0 days 15:59:06.711738,29387,4.83,4.82,3000,1500,-707,3793
225,ARCO,2020-07-09,0 days 15:59:50.818484,29124,4.82,4.81,1800,300,-970,430
226,ARMK,2020-07-09,0 days 15:55:00.186404,82969,20.88,20.87,923,1526,-348,15721
227,ARMK,2020-07-09,0 days 15:57:18.520314,83417,20.87,20.86,3517,912,207,-1202
228,ARMK,2020-07-09,0 days 15:57:19.522716,82624,20.87,20.86,3517,1412,-793,207
229,ARMK,2020-07-09,0 days 15:58:36.710782,84644,20.84,20.83,3600,2114,-1173,1027
230,ARMK,2020-07-09,0 days 15:59:02.774368,76868,20.83,20.82,1691,325,8312,-637
231,ARMK,2020-07-09,0 days 15:59:16.809842,100218,20.8,20.79,1304,600,-54450,2450
232,ATH,2020-07-09,0 days 15:59:18.741263,698543,29.44,29.42,200,500,54815,-96658
233,ATH,2020-07-09,0 days 15:59:19.742083,694658,29.51,29.5,200,299,-16385,54815
234,ATH,2020-07-09,0 days 15:59:21.747081,711043,29.54,29.51,540,200,11476,-7285
235,ATH,2020-07-09,0 days 15:59:22.750194,707719,29.57,29.53,400,200,-6424,11476
236,ATH,2020-07-09,0 days 15:59:26.758082,712333,29.51,29.48,100,500,7589,-414
237,ATH,2020-07-09,0 days 15:59:27.762234,710122,29.53,29.51,100,100,-2311,7589
238,ATH,2020-07-09,0 days 15:59:33.776349,726370,29.5,29.48,200,200,16952,-1411
239,ATH,2020-07-09,0 days 15:59:35.780983,725022,29.54,29.5,400,300,-1448,9552
240,ATH,2020-07-09,0 days 15:59:38.788126,726470,29.51,29.48,900,100,29752,-33648
241,ATH,2020-07-09,0 days 15:59:39.789592,725622,29.51,29.49,645,623,-848,29752
242,ATH,2020-07-09,0 days 15:59:41.794759,726920,29.51,29.49,645,200,30182,-25056
243,ATH,2020-07-09,0 days 15:59:42.798184,701802,29.56,29.55,135,100,-27668,30182
244,ATH,2020-07-09,0 days 15:59:43.799907,729470,29.52,29.49,635,200,942,-27668
245,ATH,2020-07-09,0 days 15:59:45.805001,725728,29.52,29.51,435,723,-642,13920
246,ATH,2020-07-09,0 days 15:59:48.812297,729470,29.53,29.5,300,200,10647,-128
247,ATH,2020-07-09,0 days 15:59:55.828346,729417,29.53,29.47,400,100,-53,35447
248,ATH,2020-07-09,0 days 15:59:57.832609,729470,29.55,29.48,100,400,14311,-53
249,ATUS,2020-07-09,0 days 15:58:42.726939,151373,23.2,23.19,5206,523,-6015,2140
250,ATUS,2020-07-09,0 days 15:58:43.729782,146388,23.19,23.18,5298,700,4985,-6015
251,ATUS,2020-07-09,0 days 15:59:03.777905,151373,23.2,23.19,3112,2601,-1272,3194
252,ATUS,2020-07-09,0 days 15:59:07.788577,142545,23.2,23.19,5335,601,8828,-3172
253,ATUS,2020-07-09,0 days 15:59:23.826359,151373,23.22,23.21,1900,3749,-255,1845
254,AU,2020-07-09,0 days 15:59:08.715830,103833,31.49,31.48,900,1900,332,-468
255,AU,2020-07-09,0 days 15:59:19.743442,106242,31.5,31.49,2000,503,-6558,2554
256,AUY,2020-07-09,0 days 15:59:01.772269,357678,5.58,5.57,46328,288566,-46122,116742
257,AVTR,2020-07-09,0 days 15:55:24.142244,170898,18.78,18.77,4169,3153,-2788,1612
258,AVTR,2020-07-09,0 days 15:55:47.197694,171598,18.72,18.71,3849,1999,-413,756
259,AVTR,2020-07-09,0 days 15:55:48.199542,171411,18.72,18.71,4049,2164,87,-413
260,AVTR,2020-07-09,0 days 15:55:58.223870,171576,18.73,18.72,1914,1099,-935,165
261,AVTR,2020-07-09,0 days 15:55:59.226359,171611,18.72,18.71,1620,1000,65,-935
262,AVTR,2020-07-09,0 days 15:57:17.414424,192311,18.71,18.7,1531,885,1266,-334
263,AVTR,2020-07-09,0 days 15:57:18.416716,191077,18.71,18.7,1631,785,-1234,1266
264,AVTR,2020-07-09,0 days 15:59:03.672233,213011,18.74,18.73,1329,600,3317,-2434
265,AVTR,2020-07-09,0 days 15:59:04.674863,211128,18.74,18.73,1429,600,-2623,3317
266,AVTR,2020-07-09,0 days 15:59:19.710997,238958,18.72,18.71,2717,1100,27767,-32033
267,AVTR,2020-07-09,0 days 15:59:20.713586,233574,18.73,18.72,1600,1500,-10862,27767
268,AXP,2020-07-09,0 days 15:55:00.221483,282165,90.57,90.54,526,300,2543,-17889
269,AXP,2020-07-09,0 days 15:56:18.410570,294007,90.44,90.43,380,279,-4946,3554
270,AXP,2020-07-09,0 days 15:56:19.412293,289553,90.43,90.4,302,300,4454,-4946
271,AXP,2020-07-09,0 days 15:57:48.627351,297707,90.54,90.53,416,394,-4484,4016
272,AXP,2020-07-09,0 days 15:57:49.629579,294703,90.54,90.53,516,505,3004,-4484
273,AXP,2020-07-09,0 days 15:57:53.639521,297707,90.56,90.54,200,671,-1196,3004
274,AXP,2020-07-09,0 days 15:57:54.642482,294603,90.57,90.55,600,806,3104,-1196
275,AXP,2020-07-09,0 days 15:58:44.765477,301241,90.56,90.55,1048,100,-122,954
276,AXP,2020-07-09,0 days 15:58:53.786914,301367,90.58,90.56,235,500,2874,-122
277,AXP,2020-07-09,0 days 15:59:03.812005,305113,90.6,90.58,1086,500,-803,2087
278,AXP,2020-07-09,0 days 15:59:04.814876,303763,90.59,90.58,200,400,1384,-803
279,AXP,2020-07-09,0 days 15:59:15.842217,306945,90.62,90.6,100,775,-10962,1075
280,AXP,2020-07-09,0 days 15:59:16.844224,306391,90.6,90.58,500,256,811,-10962
281,AXP,2020-07-09,0 days 15:59:18.849943,307587,90.59,90.57,200,100,-20145,571
282,AXP,2020-07-09,0 days 15:59:40.903912,334922,90.64,90.63,200,100,2080,-3460
283,AXP,2020-07-09,0 days 15:59:41.904923,334439,90.64,90.62,200,200,-483,2080
284,AXP,2020-07-09,0 days 15:59:42.907492,335022,90.64,90.63,100,443,421,-483
285,AXP,2020-07-09,0 days 15:59:43.909922,333043,90.63,90.61,1102,100,-1979,421
286,AZN,2020-07-09,0 days 15:55:00.284746,25901,54.05,54.04,400,800,-796,14765
287,AZN,2020-07-09,0 days 15:55:01.284918,24697,54.05,54.04,1000,900,1204,-796
288,AZN,2020-07-09,0 days 15:55:29.355362,25901,54.0,53.99,1589,200,-1396,304
289,AZN,2020-07-09,0 days 15:55:30.358294,25097,54.0,53.98,2689,628,804,-1396
290,AZN,2020-07-09,0 days 15:59:05.873164,30840,53.96,53.95,1893,690,-10248,451
291,BA,2020-07-09,0 days 15:55:48.307358,187549,173.29,173.27,100,100,1619,-728
292,BA,2020-07-09,0 days 15:55:50.312080,188032,173.32,173.3,100,300,-517,619
293,BA,2020-07-09,0 days 15:55:51.315544,187549,173.37,173.32,100,310,483,-517
294,BA,2020-07-09,0 days 15:56:00.336565,188032,173.35,173.32,300,300,-3017,483
295,BA,2020-07-09,0 days 15:56:01.339081,187849,173.37,173.34,200,300,183,-3017
296,BA,2020-07-09,0 days 15:56:27.401292,189353,173.3,173.26,1000,200,-3329,271
297,BA,2020-07-09,0 days 15:56:28.404604,189082,173.28,173.25,300,109,271,-3329
298,BA,2020-07-09,0 days 15:56:58.475865,189755,173.28,173.24,330,400,-389,211
299,BA,2020-07-09,0 days 15:57:30.551136,206438,173.33,173.31,200,101,-3106,394
300,BA,2020-07-09,0 days 15:57:31.553304,205044,173.33,173.27,233,263,1394,-3106
301,BA,2020-07-09,0 days 15:57:34.560664,206438,173.37,173.33,300,100,-1706,1294
302,BA,2020-07-09,0 days 15:57:36.565394,205544,173.35,173.27,352,100,894,-906
303,BA,2020-07-09,0 days 15:57:38.570261,206438,173.31,173.27,200,141,-106,894
304,BA,2020-07-09,0 days 15:57:40.575222,205744,173.33,173.32,336,100,694,-306
305,BA,2020-07-09,0 days 15:57:42.580364,206438,173.33,173.31,100,585,-407,693
306,BA,2020-07-09,0 days 15:57:43.582783,205845,173.36,173.32,343,663,593,-407
307,BA,2020-07-09,0 days 15:57:47.592071,206438,173.35,173.33,330,300,-7,593
308,BA,2020-07-09,0 days 15:57:48.594623,205845,173.37,173.34,391,300,593,-7
309,BA,2020-07-09,0 days 15:57:49.597063,206449,173.37,173.34,491,400,-96,593
310,BA,2020-07-09,0 days 15:57:50.600079,205945,173.38,173.34,100,563,504,-96
311,BA,2020-07-09,0 days 15:57:52.604291,206449,173.39,173.37,131,327,-796,504
312,BA,2020-07-09,0 days 15:57:53.606854,205445,173.39,173.37,200,427,1004,-796
313,BA,2020-07-09,0 days 15:57:54.609330,206449,173.39,173.37,100,637,-896,1004
314,BA,2020-07-09,0 days 15:57:56.614088,206245,173.38,173.37,100,376,204,-96
315,BA,2020-07-09,0 days 15:58:01.626889,206449,173.38,173.35,404,200,-96,204
316,BA,2020-07-09,0 days 15:58:02.630935,206345,173.35,173.32,300,200,104,-96
317,BA,2020-07-09,0 days 15:58:11.651392,207805,173.36,173.32,563,500,-3049,1351
318,BA,2020-07-09,0 days 15:58:12.653956,207654,173.36,173.32,640,400,151,-3049
319,BA,2020-07-09,0 days 15:58:13.656267,207805,173.36,173.33,300,200,-49,151
320,BA,2020-07-09,0 days 15:58:22.678119,207838,173.36,173.33,100,1240,-1716,1284
321,BA,2020-07-09,0 days 15:58:28.693037,208454,173.37,173.34,300,510,184,-116
322,BA,2020-07-09,0 days 15:58:29.695188,208138,173.37,173.34,340,810,-316,184
323,BA,2020-07-09,0 days 15:58:32.702671,208454,173.35,173.34,100,366,784,-316
324,BA,2020-07-09,0 days 15:58:33.705114,208438,173.36,173.34,240,266,-16,784
325,BA,2020-07-09,0 days 15:58:56.761119,210116,173.35,173.34,389,389,296,-1004
326,BA,2020-07-09,0 days 15:59:01.773467,210381,173.31,173.3,100,100,-2421,10
327,BA,2020-07-09,0 days 15:59:53.900765,233968,173.28,173.25,1880,400,799,-1148
328,BABA,2020-07-09,0 days 15:57:19.519629,456091,261.64,261.63,100,144,-26834,35966
329,BABA,2020-07-09,0 days 15:57:20.521247,455425,261.66,261.63,307,100,666,-26834
330,BABA,2020-07-09,0 days 15:57:26.536303,454165,261.78,261.75,500,200,1926,-774
331,BABA,2020-07-09,0 days 15:58:27.685183,479155,261.8,261.78,327,504,10929,-5032
332,BAC,2020-07-09,0 days 15:55:00.285275,2991925,22.71,22.7,5040,56728,-41463,183187
333,BAC,2020-07-09,0 days 15:55:47.398813,3199680,22.68,22.67,29514,43654,126928,-7062
334,BAX,2020-07-09,0 days 15:55:31.154154,185280,85.64,85.62,600,410,29713,-41387
335,BAX,2020-07-09,0 days 15:55:32.157701,181493,85.66,85.65,510,300,-3787,29713
336,BAX,2020-07-09,0 days 15:55:40.176486,186814,85.6,85.58,500,300,16095,-5321
337,BAX,2020-07-09,0 days 15:55:41.177601,184809,85.6,85.59,210,300,-2005,16095
338,BAX,2020-07-09,0 days 15:55:58.218672,186889,85.67,85.65,510,600,3696,-1104
339,BAX,2020-07-09,0 days 15:55:59.220583,185385,85.67,85.65,510,600,-1504,3696
340,BAX,2020-07-09,0 days 15:56:53.348081,195689,85.67,85.65,410,501,14294,-706
341,BAX,2020-07-09,0 days 15:56:54.350501,194841,85.68,85.66,300,490,-848,14294
342,BAX,2020-07-09,0 days 15:57:15.401837,195689,85.63,85.62,300,473,212,-42
343,BAX,2020-07-09,0 days 15:57:16.404491,194901,85.63,85.62,410,173,-788,212
344,BAX,2020-07-09,0 days 15:57:34.447743,195689,85.64,85.63,100,410,2212,-588
345,BAX,2020-07-09,0 days 15:57:36.452708,194701,85.64,85.62,200,300,-988,2212
346,BAX,2020-07-09,0 days 15:57:39.459964,195689,85.64,85.62,200,201,1012,-488
347,BAX,2020-07-09,0 days 15:57:40.462613,195301,85.64,85.62,100,401,-388,1012
348,BAX,2020-07-09,0 days 15:57:55.499142,201589,85.66,85.64,510,100,1072,-328
349,BAX,2020-07-09,0 days 15:57:56.501320,200961,85.66,85.65,214,210,-628,1072
350,BAX,2020-07-09,0 days 15:58:11.539162,201589,85.62,85.61,100,400,1372,-528
351,BAX,2020-07-09,0 days 15:58:17.554427,201611,85.64,85.62,300,700,250,-550
352,BAX,2020-07-09,0 days 15:58:18.556922,199861,85.64,85.63,425,322,-1750,250
353,BAX,2020-07-09,0 days 15:58:35.596978,195652,85.65,85.64,510,300,409,-650
354,BAX,2020-07-09,0 days 15:58:52.638207,199389,85.64,85.63,200,300,-5212,537
355,BB,2020-07-09,0 days 15:55:18.127339,39664,4.84,4.83,69524,10359,23172,-31728
356,BB,2020-07-09,0 days 15:55:19.130081,36736,4.84,4.83,68624,13459,-2928,23172
357,BBD,2020-07-09,0 days 15:56:37.348818,545661,4.08,4.07,456783,73589,49956,-46244
358,BBD,2020-07-09,0 days 15:56:38.351800,524717,4.08,4.07,454474,76858,-17144,49956
359,BBD,2020-07-09,0 days 15:58:37.638892,580689,4.08,4.07,363452,225906,27017,-241183
360,BBD,2020-07-09,0 days 15:58:38.641815,339506,4.08,4.07,361324,226909,-241183,27017
361,BBD,2020-07-09,0 days 15:58:43.653999,588289,4.08,4.07,362752,225614,19417,-241183
362,BBD,2020-07-09,0 days 15:58:44.656282,564706,4.08,4.07,360824,225614,-23583,19417
363,BBD,2020-07-09,0 days 15:59:44.802268,597058,4.08,4.07,426567,301836,1307,-13393
364,BBD,2020-07-09,0 days 15:59:48.812614,584965,4.08,4.07,406039,287936,-12093,1307
365,BBVA,2020-07-09,0 days 15:59:36.752056,22623,3.43,3.42,81528,124848,10570,-12430
366,BBVA,2020-07-09,0 days 15:59:37.755528,21993,3.43,3.42,80564,125248,-630,10570
367,BBY,2020-07-09,0 days 15:55:01.082170,78796,85.21,85.17,200,500,-489,711
368,BBY,2020-07-09,0 days 15:55:26.141279,79638,85.14,85.12,404,200,3258,-602
369,BBY,2020-07-09,0 days 15:55:27.143644,79518,85.14,85.12,100,400,-120,3258
370,BBY,2020-07-09,0 days 15:55:28.146646,79638,85.14,85.12,600,402,177,-120
371,BBY,2020-07-09,0 days 15:55:29.148539,80215,85.14,85.12,612,402,-123,177
372,BBY,2020-07-09,0 days 15:56:36.307832,81768,85.08,85.07,325,298,16,-123
373,BBY,2020-07-09,0 days 15:56:37.310074,81603,85.08,85.07,225,298,-165,16
374,BBY,2020-07-09,0 days 15:56:41.319547,81884,85.1,85.09,300,110,919,-165
375,BBY,2020-07-09,0 days 15:57:06.379961,82522,85.05,85.04,200,400,-48,52
376,BBY,2020-07-09,0 days 15:57:22.418080,82570,85.06,85.05,446,412,646,-93
377,BBY,2020-07-09,0 days 15:57:23.420933,82516,85.1,85.06,449,100,-54,646
378,BBY,2020-07-09,0 days 15:57:50.487995,82670,85.13,85.11,300,205,246,-54
379,BBY,2020-07-09,0 days 15:57:51.489608,82616,85.14,85.12,355,200,-54,246
380,BBY,2020-07-09,0 days 15:57:53.494256,82670,85.14,85.11,300,205,646,-54
381,BBY,2020-07-09,0 days 15:57:54.496955,82616,85.14,85.11,254,205,-54,646
382,BBY,2020-07-09,0 days 15:57:55.499103,82670,85.13,85.11,200,205,46,-54
383,BBY,2020-07-09,0 days 15:57:56.501320,82616,85.13,85.11,500,205,-54,46
384,BBY,2020-07-09,0 days 15:58:02.517364,82670,85.11,85.1,397,300,146,-154
385,BBY,2020-07-09,0 days 15:58:05.525194,83395,85.12,85.11,202,300,929,-779
386,BBY,2020-07-09,0 days 15:58:40.609293,86678,85.15,85.13,657,100,-4708,187
387,BBY,2020-07-09,0 days 15:58:41.611716,86386,85.15,85.13,457,300,292,-4708
388,BBY,2020-07-09,0 days 15:58:54.643377,86934,85.11,85.1,100,222,-752,448
389,BBY,2020-07-09,0 days 15:58:55.645181,86686,85.11,85.1,100,302,48,-752
390,BBY,2020-07-09,0 days 15:59:00.660564,86734,85.13,85.11,502,100,-111,48
391,BBY,2020-07-09,0 days 15:59:01.660626,86462,85.13,85.11,400,200,53,-111
392,BBY,2020-07-09,0 days 15:59:04.668533,100415,85.13,85.11,300,400,-1068,253
393,BDN,2020-07-09,0 days 15:55:00.115915,91595,10.0,9.99,3554,9265,-1775,13950
394,BDN,2020-07-09,0 days 15:55:58.255619,92633,10.0,9.99,1965,8702,63,-734
395,BDN,2020-07-09,0 days 15:59:38.789587,106517,9.99,9.98,7857,4196,-3988,986
396,BDX,2020-07-09,0 days 15:55:00.115413,103661,258.73,258.67,100,261,14567,-4750
397,BDX,2020-07-09,0 days 15:57:34.485115,120424,258.49,258.44,200,100,-537,163
398,BDX,2020-07-09,0 days 15:57:35.487873,119961,258.5,258.44,100,438,463,-537
399,BDX,2020-07-09,0 days 15:57:40.500386,120424,258.49,258.43,202,301,-537,163
400,BDX,2020-07-09,0 days 15:57:41.502982,120061,258.49,258.41,100,100,363,-537
401,BDX,2020-07-09,0 days 15:57:47.517515,120424,258.56,258.5,200,100,-337,263
402,BDX,2020-07-09,0 days 15:57:51.527216,120261,258.57,258.53,100,100,163,-537
403,BDX,2020-07-09,0 days 15:57:59.546964,120424,258.6,258.52,413,100,-973,127
404,BDX,2020-07-09,0 days 15:58:00.551252,118497,258.56,258.42,200,400,1927,-973
405,BDX,2020-07-09,0 days 15:58:01.552492,120424,258.6,258.53,100,200,-273,1927
406,BDX,2020-07-09,0 days 15:58:10.575740,120547,258.56,258.42,100,100,-450,350
407,BDX,2020-07-09,0 days 15:58:11.577110,120197,258.53,258.47,100,200,350,-450
408,BDX,2020-07-09,0 days 15:58:12.579276,120547,258.53,258.47,100,200,-50,350
409,BDX,2020-07-09,0 days 15:58:13.581620,120197,258.52,258.47,100,100,350,-50
410,BDX,2020-07-09,0 days 15:58:15.587260,122347,258.62,258.51,100,200,-150,2150
411,BDX,2020-07-09,0 days 15:58:35.635579,120621,258.51,258.39,200,100,-1576,450
412,BDX,2020-07-09,0 days 15:58:36.637838,120297,258.5,258.39,100,100,324,-1576
413,BDX,2020-07-09,0 days 15:58:53.680534,122339,258.51,258.39,117,205,-365,542
414,BDX,2020-07-09,0 days 15:58:58.690840,120304,258.52,258.45,100,200,2035,-1365
415,BDX,2020-07-09,0 days 15:59:03.704163,122185,258.46,258.39,100,100,-547,253
416,BDX,2020-07-09,0 days 15:59:04.707283,121932,258.46,258.39,200,200,253,-547
417,BDX,2020-07-09,0 days 15:59:09.717986,122185,258.43,258.35,200,100,-20,290
418,BDX,2020-07-09,0 days 15:59:11.723256,121981,258.5,258.39,123,100,333,-1306
419,BDX,2020-07-09,0 days 15:59:20.746054,128683,258.46,258.4,100,100,-530,364
420,BDX,2020-07-09,0 days 15:59:21.748236,128113,258.53,258.45,300,100,570,-530
421,BDX,2020-07-09,0 days 15:59:27.762865,129210,258.7,258.56,100,520,-1718,455
422,BDX,2020-07-09,0 days 15:59:28.764132,128828,258.78,258.56,200,621,382,-1718
423,BDX,2020-07-09,0 days 15:59:38.789556,129210,258.66,258.57,100,100,-1418,382
424,BDX,2020-07-09,0 days 15:59:39.791186,128828,258.65,258.47,650,246,382,-1418
425,BDX,2020-07-09,0 days 15:59:40.794569,129210,258.68,258.59,100,100,-4089,382
426,BDX,2020-07-09,0 days 15:59:50.819080,130522,258.66,258.54,100,466,-2177,197
427,BDX,2020-07-09,0 days 15:59:56.830998,128113,258.65,258.53,630,200,1497,-1946
428,BDX,2020-07-09,0 days 15:59:57.833140,130522,258.65,258.54,500,200,-3077,1497
429,BE,2020-07-09,0 days 15:58:47.734460,87871,13.03,13.02,392,1294,694,-1664
430,BE,2020-07-09,0 days 15:58:48.737010,85665,13.03,13.02,392,1494,-2206,694
431,BE,2020-07-09,0 days 15:59:08.786151,87871,13.04,13.03,3193,320,3563,-473
432,BE,2020-07-09,0 days 15:59:09.788457,87734,13.04,13.03,3193,220,-137,3563
433,BEN,2020-07-09,0 days 15:57:37.567567,272679,20.27,20.26,7796,2659,-853,447
434,BEN,2020-07-09,0 days 15:57:38.570189,269832,20.27,20.26,6476,1354,2847,-853
435,BEN,2020-07-09,0 days 15:57:40.575164,272679,20.27,20.26,5743,2601,-353,2247
436,BEN,2020-07-09,0 days 15:57:43.582731,267832,20.27,20.26,4748,2771,4847,-1653
437,BEN,2020-07-09,0 days 15:58:04.634292,268996,20.27,20.26,4603,2343,3690,-1817
438,BEN,2020-07-09,0 days 15:58:36.712670,267498,20.27,20.26,5165,1503,-2698,2181
439,BEN,2020-07-09,0 days 15:58:37.714633,259196,20.27,20.26,5195,600,8302,-2698
440,BEN,2020-07-09,0 days 15:58:41.724175,275966,20.26,20.25,3652,2164,-3130,11370
441,BEN,2020-07-09,0 days 15:58:42.727140,272196,20.26,20.25,4199,1964,3770,-3130
442,BEN,2020-07-09,0 days 15:59:15.808027,273476,20.27,20.26,1247,5367,1897,-2003
443,BEN,2020-07-09,0 days 15:59:16.809614,276230,20.28,20.27,5390,1275,-12701,1897
444,BEN,2020-07-09,0 days 15:59:17.812093,275331,20.28,20.27,3690,1375,899,-12701
445,BEN,2020-07-09,0 days 15:59:21.822032,279602,20.28,20.27,3090,3665,-2887,1171
446,BEN,2020-07-09,0 days 15:59:31.846057,279489,20.28,20.27,900,6865,113,-1587
447,BEN,2020-07-09,0 days 15:59:41.870526,290927,20.29,20.28,5190,3198,-862,521
448,BEN,2020-07-09,0 days 15:59:42.873560,290550,20.29,20.28,5590,1776,377,-862
449,BEN,2020-07-09,0 days 15:59:44.878388,290927,20.29,20.28,6000,1470,-2742,277
450,BEN,2020-07-09,0 days 15:59:48.887407,290726,20.29,20.28,4690,450,201,-339
451,BGG,2020-07-09,0 days 15:59:19.817543,2946,1.22,1.21,8810,2978,-160,166
452,BHC,2020-07-09,0 days 15:56:19.376188,53743,17.23,17.22,3699,710,1789,-517
453,BHC,2020-07-09,0 days 15:56:20.378666,53432,17.23,17.22,3699,710,-311,1789
454,BHC,2020-07-09,0 days 15:56:23.386294,53843,17.22,17.21,3901,716,689,-311
455,BHC,2020-07-09,0 days 15:56:24.388280,52832,17.21,17.2,2061,1899,-1011,689
456,BHC,2020-07-09,0 days 15:56:29.400433,53843,17.21,17.2,1300,2099,489,-1011
457,BHC,2020-07-09,0 days 15:58:32.697794,57431,17.19,17.18,400,4328,-2312,3188
458,BHC,2020-07-09,0 days 15:58:33.700441,57143,17.19,17.18,3502,1228,288,-2312
459,BHC,2020-07-09,0 days 15:58:39.714551,53811,17.19,17.18,1643,3428,-532,288
460,BHC,2020-07-09,0 days 15:59:10.792062,56959,17.19,17.18,922,4225,-1927,377
461,BHC,2020-07-09,0 days 15:59:11.793783,56686,17.19,17.18,3730,545,273,-1927
462,BHC,2020-07-09,0 days 15:59:46.878335,64810,17.15,17.14,300,6080,-790,4126
463,BHP,2020-07-09,0 days 15:55:04.202365,34030,50.54,50.53,2106,645,-1592,1475
464,BHP,2020-07-09,0 days 15:55:05.203848,32522,50.53,50.52,1700,1955,1508,-1592
465,BHP,2020-07-09,0 days 15:58:47.739594,34888,50.53,50.52,3381,1854,-58,1023
466,BHP,2020-07-09,0 days 15:58:49.743631,31487,50.52,50.51,4769,252,3401,-599
467,BHP,2020-07-09,0 days 15:59:00.771591,34588,50.52,50.51,3218,1250,-174,201
468,BHP,2020-07-09,0 days 15:59:01.773416,33966,50.52,50.51,4198,250,622,-174
469,BHP,2020-07-09,0 days 15:59:37.862490,34636,50.52,50.51,2650,1186,-136,64
470,BK,2020-07-09,0 days 15:56:30.402914,910785,37.08,37.07,2932,859,18410,-5190
471,BK,2020-07-09,0 days 15:56:31.405354,897395,37.11,37.1,746,659,-13390,18410
472,BK,2020-07-09,0 days 15:59:04.776904,999157,37.11,37.1,1540,1900,8074,-17038
473,BK,2020-07-09,0 days 15:59:05.779122,954797,37.11,37.1,963,3503,-35260,8074
474,BK,2020-07-09,0 days 15:59:16.805172,999193,37.12,37.11,1700,2639,106954,-15204
475,BK,2020-07-09,0 days 15:59:17.807817,995647,37.15,37.14,1900,1268,-17346,106954
476,BK,2020-07-09,0 days 15:59:19.812907,1013308,37.14,37.13,1000,2512,226,-1610
477,BK,2020-07-09,0 days 15:59:22.819870,1016267,37.17,37.16,700,2300,-6341,357
478,BK,2020-07-09,0 days 15:59:23.821963,1022608,37.17,37.16,400,2600,2659,-6341
479,BK,2020-07-09,0 days 15:59:24.824861,1021567,37.17,37.16,1700,1320,-1041,2659
480,BK,2020-07-09,0 days 15:59:44.874317,1062033,37.17,37.16,1854,2400,1778,-2289
481,BKD,2020-07-09,0 days 15:58:09.534792,74390,2.45,2.44,13311,14371,-1371,1666
482,BMY,2020-07-09,0 days 15:59:17.812093,1486060,58.1,58.09,400,2900,128500,-108787
483,BMY,2020-07-09,0 days 15:59:37.862432,1661144,58.12,58.11,1900,1721,2099,-11021
484,BMY,2020-07-09,0 days 15:59:40.868127,1678645,58.12,58.11,1800,1127,3498,-191
485,BMY,2020-07-09,0 days 15:59:44.878388,1682143,58.12,58.11,2000,2549,-4182,3198
486,BP,2020-07-09,0 days 15:55:39.282246,78701,22.06,22.05,24628,22617,-29,741
487,BP,2020-07-09,0 days 15:55:41.286445,72830,22.06,22.05,26726,22517,5871,-29
488,BP,2020-07-09,0 days 15:58:48.740101,80203,22.06,22.05,14194,25215,-6419,1031
489,BRFS,2020-07-09,0 days 15:59:05.782733,48371,3.89,3.88,74983,69974,252,-738
490,BRFS,2020-07-09,0 days 15:59:10.795445,48923,3.89,3.88,64872,67674,-4158,552
491,BRK.B,2020-07-09,0 days 15:56:33.307340,334016,178.65,178.62,200,445,30108,-21144
492,BRK.B,2020-07-09,0 days 15:57:33.452895,357626,178.86,178.83,200,500,-2453,2247
493,BRK.B,2020-07-09,0 days 15:57:34.455981,356179,178.86,178.83,400,372,334,-2453
494,BRK.B,2020-07-09,0 days 15:57:37.462047,356513,178.85,178.83,443,772,-666,1034
495,BRK.B,2020-07-09,0 days 15:57:38.465781,355579,178.85,178.83,307,772,934,-666
496,BRK.B,2020-07-09,0 days 15:57:39.467044,356513,178.84,178.83,100,672,-1266,934
497,BRK.B,2020-07-09,0 days 15:57:40.470842,355779,178.86,178.85,400,300,734,-1266
498,BRK.B,2020-07-09,0 days 15:57:45.482718,356513,178.89,178.87,100,300,-68,132
499,BRK.B,2020-07-09,0 days 15:57:46.484592,356081,178.88,178.86,378,705,432,-68
500,BRK.B,2020-07-09,0 days 15:57:51.497290,356513,178.89,178.86,400,200,-1395,305
501,BRK.B,2020-07-09,0 days 15:57:52.498816,353908,178.88,178.85,300,700,2640,-1395
502,BRK.B,2020-07-09,0 days 15:57:55.505905,356548,178.88,178.85,807,900,-560,40
503,BRK.B,2020-07-09,0 days 15:57:56.507145,354908,178.88,178.85,300,900,3040,-560
504,BRK.B,2020-07-09,0 days 15:58:00.518932,257956,178.83,178.8,300,100,-97552,135
505,BRK.B,2020-07-09,0 days 15:58:04.528239,347758,178.75,178.72,100,100,5730,-44302
506,BRK.B,2020-07-09,0 days 15:58:05.531889,346294,178.79,178.76,100,300,-7664,5730
507,BRK.B,2020-07-09,0 days 15:58:06.534930,352703,178.79,178.76,500,100,2669,-7664
508,BRK.B,2020-07-09,0 days 15:58:07.535770,351502,178.79,178.74,300,400,-2456,2669
509,BRK.B,2020-07-09,0 days 15:58:14.553204,367975,178.81,178.77,914,600,1293,-4286
510,BRK.B,2020-07-09,0 days 15:59:03.672298,365354,178.82,178.8,100,203,-46100,79002
511,BRK.B,2020-07-09,0 days 15:59:04.674863,365134,178.83,178.8,600,203,697,-46100
512,BRK.B,2020-07-09,0 days 15:59:09.687075,372882,178.85,178.81,600,1301,-519,1301
513,BRX,2020-07-09,0 days 15:56:30.408183,162266,11.82,11.81,7010,6130,410,-1990
514,BRX,2020-07-09,0 days 15:56:31.410729,160176,11.82,11.81,7010,6330,-2090,410
515,BRX,2020-07-09,0 days 15:56:38.427989,162266,11.82,11.81,5010,7346,610,-2090
516,BRX,2020-07-09,0 days 15:56:39.430026,160476,11.82,11.81,7012,7346,-1790,610
517,BRX,2020-07-09,0 days 15:57:42.580391,164991,11.82,11.81,10014,6285,511,-1089
518,BRX,2020-07-09,0 days 15:57:43.582783,162902,11.82,11.81,10014,6715,-2089,511
519,BRX,2020-07-09,0 days 15:58:00.625060,162291,11.82,11.81,9539,3140,1011,-1689
520,BRX,2020-07-09,0 days 15:58:01.626920,160502,11.82,11.81,9839,1612,-1789,1011
521,BRX,2020-07-09,0 days 15:58:23.680823,163838,11.82,11.81,5967,12797,-1153,447
522,BRX,2020-07-09,0 days 15:59:06.786167,165401,11.82,11.81,7079,6511,114,-2151
523,BRX,2020-07-09,0 days 15:59:46.882750,174105,11.82,11.81,8426,6101,-2895,549
524,BSX,2020-07-09,0 days 15:55:00.081584,402918,34.49,34.48,3429,4377,654,-100224
525,BSX,2020-07-09,0 days 15:55:01.085750,395772,34.49,34.48,1799,4816,-7146,654
526,BSX,2020-07-09,0 days 15:58:35.602069,391520,34.45,34.44,3738,1624,13630,-3095
527,BSX,2020-07-09,0 days 15:58:36.604726,385250,34.45,34.44,4138,2824,-4770,13630
528,BSX,2020-07-09,0 days 15:58:54.648617,412243,34.49,34.48,1300,5793,191709,-5391
529,BSX,2020-07-09,0 days 15:59:26.725983,452173,34.51,34.5,1747,4656,10917,-9198
530,BSX,2020-07-09,0 days 15:59:27.729946,444490,34.52,34.51,1600,8850,-7683,10917
531,BTE,2020-07-09,0 days 15:56:02.264936,9137,0.48,0.47,54600,75265,-65171,9137
532,BTI,2020-07-09,0 days 15:57:36.564929,44215,37.05,37.04,1699,4936,-199,1
533,BTI,2020-07-09,0 days 15:57:37.566564,43214,37.05,37.04,1699,4836,1001,-199
534,BTI,2020-07-09,0 days 15:58:33.704022,44313,37.05,37.04,1405,4421,-185,1015
535,BTI,2020-07-09,0 days 15:58:34.706424,43498,37.05,37.04,2505,3621,815,-185
536,BTI,2020-07-09,0 days 15:58:47.739154,44313,37.05,37.04,2687,2356,-607,815
537,BTI,2020-07-09,0 days 15:58:48.740153,43820,37.05,37.04,2687,2356,493,-607
538,BTI,2020-07-09,0 days 15:59:04.780667,44258,37.05,37.04,4123,2042,-1402,278
539,BTI,2020-07-09,0 days 15:59:17.813822,46562,37.05,37.04,7280,1242,255,-288
540,BTI,2020-07-09,0 days 15:59:20.819148,46817,37.05,37.04,7077,2742,-1085,255
541,BX,2020-07-09,0 days 15:59:05.678239,547354,53.37,53.35,657,401,-43699,783
542,BX,2020-07-09,0 days 15:59:11.692691,546928,53.35,53.33,100,300,426,-574
543,BX,2020-07-09,0 days 15:59:17.706317,548040,53.35,53.33,500,300,-2319,212
544,BYD,2020-07-09,0 days 15:59:13.690536,69698,18.4,18.39,1100,100,129,-671
545,BYD,2020-07-09,0 days 15:59:21.712418,69216,18.39,18.38,586,882,-714,1486
546,C,2020-07-09,0 days 15:59:33.945161,749713,49.41,49.4,3545,5333,1260,-22240
547,C,2020-07-09,0 days 15:59:40.959737,748135,49.42,49.41,519,7335,-24852,4341
548,C,2020-07-09,0 days 15:59:42.963775,750187,49.42,49.41,3700,2380,2548,-2052
549,C,2020-07-09,0 days 15:59:50.986536,754865,49.43,49.42,500,4300,-25741,17720
550,CAG,2020-07-09,0 days 15:59:33.847208,182230,35.64,35.63,4984,675,417,-2460
551,CAG,2020-07-09,0 days 15:59:36.854280,181447,35.64,35.63,1756,4600,-783,11367
552,CARR,2020-07-09,0 days 15:55:39.179642,472861,23.92,23.91,1310,8600,197,-3189
553,CARR,2020-07-09,0 days 15:56:17.270515,473240,23.92,23.91,2076,2855,-565,379
554,CARR,2020-07-09,0 days 15:59:36.752174,484987,23.92,23.91,1310,449,6046,-4480
555,CARR,2020-07-09,0 days 15:59:37.755628,484433,23.92,23.91,510,749,-554,6046
556,CARR,2020-07-09,0 days 15:59:40.762885,484987,23.92,23.91,510,649,806,-554
557,CARR,2020-07-09,0 days 15:59:50.788079,460798,23.93,23.91,1900,2135,-24732,674
558,CAT,2020-07-09,0 days 15:55:00.083901,165202,125.88,125.85,200,466,151,-13574
559,CAT,2020-07-09,0 days 15:55:01.087286,163353,125.89,125.87,400,100,-1849,151
560,CAT,2020-07-09,0 days 15:55:25.145428,165302,125.82,125.8,900,300,390,-1810
561,CAT,2020-07-09,0 days 15:55:26.147809,163692,125.8,125.78,252,118,-1610,390
562,CAT,2020-07-09,0 days 15:58:05.532131,172035,125.62,125.6,512,100,-295,288
563,CAT,2020-07-09,0 days 15:58:37.608643,170265,125.59,125.56,735,400,-418,1282
564,CAT,2020-07-09,0 days 15:59:00.666531,171701,125.55,125.5,400,100,1449,-640
565,CAT,2020-07-09,0 days 15:59:10.690563,185586,125.66,125.65,100,200,-1233,13638
566,CAT,2020-07-09,0 days 15:59:11.692643,184919,125.66,125.62,300,400,467,-1233
567,CAT,2020-07-09,0 days 15:59:18.709639,186268,125.65,125.62,200,200,-6733,209
568,CAT,2020-07-09,0 days 15:59:35.750673,187719,125.72,125.7,210,500,-419,481
569,CAT,2020-07-09,0 days 15:59:41.764792,191451,125.71,125.67,140,757,13768,-3932
570,CAT,2020-07-09,0 days 15:59:42.766948,191319,125.69,125.68,100,602,-884,13768
571,CCI,2020-07-09,0 days 15:56:37.519733,284500,171.53,171.48,100,225,12612,-2388
572,CCI,2020-07-09,0 days 15:56:38.522607,283923,171.57,171.52,100,125,-577,12612
573,CCI,2020-07-09,0 days 15:56:40.528707,284500,171.57,171.52,225,182,223,-277
574,CCI,2020-07-09,0 days 15:56:41.529871,283823,171.59,171.52,100,182,-677,223
575,CCI,2020-07-09,0 days 15:57:37.660086,284523,171.72,171.69,200,200,470,-2330
576,CCI,2020-07-09,0 days 15:57:38.662021,283993,171.72,171.69,100,100,-530,470
577,CCI,2020-07-09,0 days 15:58:04.726272,284523,171.71,171.67,331,225,1570,-222
578,CCI,2020-07-09,0 days 15:58:09.737934,285693,171.78,171.73,100,125,-11070,530
579,CCI,2020-07-09,0 days 15:58:13.747485,284193,171.74,171.71,100,125,-970,9230
580,CCI,2020-07-09,0 days 15:58:57.853126,289847,171.76,171.72,600,120,-9316,2284
581,CCI,2020-07-09,0 days 15:59:04.871428,306402,171.7,171.64,525,100,10048,-339
582,CCI,2020-07-09,0 days 15:59:05.873125,305950,171.7,171.63,225,100,-511,10048
583,CCI,2020-07-09,0 days 15:59:14.895786,309650,171.74,171.71,100,243,-537,10163
584,CCI,2020-07-09,0 days 15:59:15.898151,292347,171.78,171.71,100,343,11903,-537
585,CCI,2020-07-09,0 days 15:59:33.945240,308095,171.71,171.63,525,300,-251,12534
586,CCJ,2020-07-09,0 days 15:58:47.663505,29693,10.6,10.59,10699,16916,100,-9406
587,CCJ,2020-07-09,0 days 15:59:01.697754,29793,10.59,10.58,6144,4538,-500,100
588,CCJ,2020-07-09,0 days 15:59:02.700682,30285,10.59,10.58,6044,4738,633,-500
589,CCJ,2020-07-09,0 days 15:59:38.787862,33168,10.61,10.6,16400,12288,-3504,196
590,CCJ,2020-07-09,0 days 15:59:39.789543,32972,10.61,10.6,20273,8300,196,-3504
591,CCL,2020-07-09,0 days 15:57:33.445064,820935,14.52,14.51,7769,5919,682,-3318
592,CCL,2020-07-09,0 days 15:57:34.447797,815417,14.54,14.53,11230,10682,-5518,682
593,CCL,2020-07-09,0 days 15:57:35.450015,820935,14.54,14.53,7830,1507,2382,-5518
594,CCL,2020-07-09,0 days 15:57:36.452772,816317,14.54,14.53,6930,2007,-4618,2382
595,CCL,2020-07-09,0 days 15:57:37.455083,820935,14.54,14.53,7085,3174,7282,-4618
596,CCL,2020-07-09,0 days 15:57:38.457531,817417,14.54,14.53,10085,1789,-3518,7282
597,CCL,2020-07-09,0 days 15:57:39.460051,820935,14.53,14.52,5900,6900,5082,-3518
598,CCL,2020-07-09,0 days 15:57:40.462702,818217,14.53,14.52,7500,5800,-2718,5082
599,CCL,2020-07-09,0 days 15:57:48.482438,820935,14.53,14.52,7733,4300,1982,-5018
600,CCL,2020-07-09,0 days 15:57:49.484734,819717,14.53,14.52,8241,3600,-1218,1982
601,CCL,2020-07-09,0 days 15:57:50.488090,820935,14.53,14.52,8241,2300,4882,-1218
602,CCL,2020-07-09,0 days 15:57:51.489722,820017,14.53,14.52,8308,2900,-918,4882
603,CCL,2020-07-09,0 days 15:57:52.492504,820935,14.53,14.52,8808,2700,2082,-918
604,CCL,2020-07-09,0 days 15:57:53.494341,820317,14.53,14.52,5700,5800,-618,2082
605,CCL,2020-07-09,0 days 15:57:57.504031,820935,14.53,14.52,8051,2401,1582,-1518
606,CCL,2020-07-09,0 days 15:57:59.508739,828717,14.53,14.52,9354,1900,-18,1582
607,CCL,2020-07-09,0 days 15:58:00.512129,827935,14.53,14.52,9654,500,782,-18
608,CCL,2020-07-09,0 days 15:58:01.514790,828717,14.53,14.52,10554,373,-3518,782
609,CCL,2020-07-09,0 days 15:58:02.517450,820935,14.53,14.52,10854,1500,7782,-3518
610,CCL,2020-07-09,0 days 15:58:03.519704,819217,14.53,14.52,10954,1140,-1718,7782
611,CCL,2020-07-09,0 days 15:58:04.521577,820935,14.53,14.52,10254,1340,582,-1718
612,CCL,2020-07-09,0 days 15:58:05.525348,820817,14.53,14.52,10854,1300,-118,582
613,CCL,2020-07-09,0 days 15:58:11.539193,820935,14.53,14.52,11219,400,1682,-1118
614,CCL,2020-07-09,0 days 15:58:12.541700,812117,14.53,14.52,11819,500,-8818,1682
615,CCL,2020-07-09,0 days 15:58:40.609430,819227,14.55,14.54,11481,4560,-1453,10047
616,CCL,2020-07-09,0 days 15:58:48.629038,820680,14.56,14.55,8254,3318,4085,-13753
617,CCL,2020-07-09,0 days 15:59:16.698031,825588,14.57,14.56,10069,4371,2967,-1641
618,CDE,2020-07-09,0 days 15:57:06.419483,216295,5.67,5.66,26927,12799,-18003,2853
619,CDE,2020-07-09,0 days 15:57:22.456064,213182,5.67,5.66,23420,22314,2513,-2987
620,CDE,2020-07-09,0 days 15:58:37.640285,213792,5.68,5.67,39876,4044,1903,-4697
621,CDE,2020-07-09,0 days 15:59:01.698775,220008,5.68,5.67,9685,30767,-6002,13385
622,CDE,2020-07-09,0 days 15:59:02.701303,218610,5.68,5.67,9660,30084,1398,-6002
623,CDE,2020-07-09,0 days 15:59:05.710478,225708,5.68,5.67,6600,33342,-8913,7098
624,CDE,2020-07-09,0 days 15:59:06.712201,224621,5.68,5.67,5600,33484,1087,-8913
625,CDE,2020-07-09,0 days 15:59:07.714589,225708,5.68,5.67,3500,35952,-1813,1087
626,CFG,2020-07-09,0 days 15:59:12.688804,362733,22.75,22.74,2393,3460,827,-2547
627,CFG,2020-07-09,0 days 15:59:15.695440,363917,22.75,22.74,2336,3443,-1012,1184
628,CFG,2020-07-09,0 days 15:59:21.712418,364929,22.76,22.75,1800,6546,44008,-744
629,CFG,2020-07-09,0 days 15:59:22.714277,358937,22.77,22.76,2200,5574,-6743,44008
630,CGC,2020-07-09,0 days 15:57:25.630251,27967,16.05,16.04,100,2301,617,-498
631,CGC,2020-07-09,0 days 15:58:57.853101,27714,16.04,16.03,101,1068,-253,847
632,CHGG,2020-07-09,0 days 15:55:00.115290,78189,72.63,72.6,300,488,2653,-13431
633,CHGG,2020-07-09,0 days 15:57:34.484946,80912,72.64,72.61,100,400,-57,1143
634,CHGG,2020-07-09,0 days 15:57:37.492026,78669,72.64,72.61,200,440,2243,-57
635,CHGG,2020-07-09,0 days 15:58:37.638892,81839,72.62,72.6,429,100,-274,971
636,CHGG,2020-07-09,0 days 15:58:38.641815,79913,72.62,72.6,329,100,1926,-274
637,CHGG,2020-07-09,0 days 15:59:03.703039,79896,72.64,72.63,101,122,-1478,465
638,CHGG,2020-07-09,0 days 15:59:05.708747,78898,72.64,72.63,101,122,1198,-1202
639,CHGG,2020-07-09,0 days 15:59:48.812638,80274,72.69,72.68,100,100,988,-312
640,CHX,2020-07-09,0 days 15:55:17.125055,166507,8.55,8.54,4694,621,21247,-31053
641,CHX,2020-07-09,0 days 15:55:18.127403,164554,8.55,8.54,4794,621,-1953,21247
642,CHX,2020-07-09,0 days 15:56:26.292232,164278,8.54,8.53,2220,840,-2290,510
643,CHX,2020-07-09,0 days 15:58:42.620905,173051,8.59,8.58,1595,1600,1205,-2221
644,CHX,2020-07-09,0 days 15:58:43.623856,171656,8.59,8.57,1404,910,-1395,1205
645,CHX,2020-07-09,0 days 15:59:04.675173,173581,8.57,8.56,1060,2200,575,-1525
646,CHX,2020-07-09,0 days 15:59:10.690538,175256,8.57,8.56,1096,1900,-14646,575
647,CHX,2020-07-09,0 days 15:59:39.759765,203283,8.55,8.54,500,400,-1733,30267
648,CHX,2020-07-09,0 days 15:59:42.766923,205016,8.56,8.55,800,200,8567,-2560
649,CHX,2020-07-09,0 days 15:59:43.769645,203483,8.56,8.55,800,200,-1533,8567
650,CI,2020-07-09,0 days 15:59:10.690605,113733,173.78,173.73,500,250,-1434,914
651,CI,2020-07-09,0 days 15:59:11.692668,112267,173.77,173.73,350,100,1845,-1434
652,CI,2020-07-09,0 days 15:59:20.713894,114897,173.81,173.75,250,100,-10184,658
653,CI,2020-07-09,0 days 15:59:21.717363,114279,173.79,173.72,250,100,618,-10184
654,CI,2020-07-09,0 days 15:59:22.719366,112997,173.87,173.79,150,150,-2582,618
655,CI,2020-07-09,0 days 15:59:23.721236,112679,173.88,173.8,100,150,318,-2582
656,CI,2020-07-09,0 days 15:59:33.745606,112997,173.96,173.86,783,350,-2524,116
657,CI,2020-07-09,0 days 15:59:34.747843,112821,173.9,173.76,200,300,176,-2524
658,CI,2020-07-09,0 days 15:59:36.752174,112997,173.89,173.83,450,338,-809,176
659,CI,2020-07-09,0 days 15:59:38.758136,113806,173.83,173.74,350,150,1491,-809
660,CI,2020-07-09,0 days 15:59:39.759790,115297,173.83,173.74,550,150,-309,1491
661,CI,2020-07-09,0 days 15:59:45.776077,114006,173.93,173.79,650,650,1746,-753
662,CI,2020-07-09,0 days 15:59:46.777738,115752,173.93,173.79,550,800,-1014,1746
663,CI,2020-07-09,0 days 15:59:50.788151,115966,173.96,173.79,100,813,315,-385
664,CI,2020-07-09,0 days 15:59:56.798429,115966,173.96,173.8,124,215,315,-11389
665,CI,2020-07-09,0 days 15:59:58.798562,116281,173.96,173.81,124,150,-11389,1815
666,CIG,2020-07-09,0 days 15:59:16.734694,147549,2.19,2.18,133420,93746,-67858,85742
667,CIG,2020-07-09,0 days 15:59:17.736764,141407,2.19,2.18,119520,92196,6142,-67858
668,CIM,2020-07-09,0 days 15:55:35.170685,108581,8.89,8.88,12087,12711,1335,-1865
669,CIM,2020-07-09,0 days 15:59:10.690385,132811,8.9,8.89,16122,17326,-9083,1584
670,CIT,2020-07-09,0 days 15:59:04.707067,251669,18.51,18.5,1156,400,5407,-2575
671,CIT,2020-07-09,0 days 15:59:05.710196,247476,18.51,18.5,956,500,-4393,5407
672,CIT,2020-07-09,0 days 15:59:06.711979,251869,18.5,18.49,956,700,1323,-4393
673,CIT,2020-07-09,0 days 15:59:10.720492,250292,18.52,18.51,352,886,-4748,1323
674,CIT,2020-07-09,0 days 15:59:13.728411,255040,18.5,18.49,700,317,74,-3642
675,CL,2020-07-09,0 days 15:55:00.114688,206956,73.35,73.34,800,800,-88026,2119
676,CL,2020-07-09,0 days 15:55:01.117508,204382,73.33,73.32,400,500,2574,-88026
677,CL,2020-07-09,0 days 15:56:29.329619,209501,73.3,73.28,1396,516,-2616,2184
678,CL,2020-07-09,0 days 15:56:30.332610,206817,73.29,73.28,1200,518,2584,-2616
679,CL,2020-07-09,0 days 15:58:37.640171,220919,73.34,73.33,813,600,1342,-58
680,CL,2020-07-09,0 days 15:59:10.720428,225949,73.36,73.35,500,522,-3851,2509
681,CL,2020-07-09,0 days 15:59:11.723058,223900,73.36,73.34,1303,400,1649,-3851
682,CL,2020-07-09,0 days 15:59:19.743322,230520,73.33,73.32,200,900,-16241,2179
683,CL,2020-07-09,0 days 15:59:37.787322,251147,73.31,73.3,600,500,1273,-3927
684,CL,2020-07-09,0 days 15:59:38.789374,250020,73.31,73.3,400,500,-1127,1273
685,CL,2020-07-09,0 days 15:59:46.807730,249997,73.3,73.29,208,1100,-2394,5575
686,CL,2020-07-09,0 days 15:59:47.810317,252391,73.3,73.29,708,594,1190,-2394
687,CL,2020-07-09,0 days 15:59:49.816069,252060,73.31,73.3,900,100,-331,69
688,CLDR,2020-07-09,0 days 15:55:01.117567,142682,12.29,12.28,3776,5251,745,-3855
689,CLDR,2020-07-09,0 days 15:57:35.487772,143576,12.28,12.27,1411,6191,-152,548
690,CLDR,2020-07-09,0 days 15:57:36.490112,143028,12.28,12.27,1618,6391,548,-152
691,CLDR,2020-07-09,0 days 15:57:41.502939,143576,12.28,12.27,1585,5891,-252,448
692,CLDR,2020-07-09,0 days 15:57:42.505812,143228,12.28,12.27,1582,5691,433,-252
693,CLDR,2020-07-09,0 days 15:58:00.551148,143661,12.28,12.27,1887,5594,-3167,3033
694,CLDR,2020-07-09,0 days 15:58:01.552434,142828,12.28,12.27,2218,5865,833,-3167
695,CLDR,2020-07-09,0 days 15:59:10.720492,143715,12.28,12.27,4346,5236,-17912,387
696,CLDR,2020-07-09,0 days 15:59:48.813166,169659,12.28,12.27,5633,7073,813,-2909
697,CLF,2020-07-09,0 days 15:56:22.385742,251720,5.01,5.0,33897,22603,-10164,1758
698,CLF,2020-07-09,0 days 15:56:23.387993,246884,5.01,5.0,33173,21248,4836,-10164
699,CLF,2020-07-09,0 days 15:58:45.732852,268403,5.0,4.99,67766,32825,-36529,7188
700,CLF,2020-07-09,0 days 15:58:46.734927,257132,5.0,4.99,67366,32825,10771,-36529
701,CLF,2020-07-09,0 days 15:59:10.795627,282149,5.0,4.99,75783,22562,-25050,6928
702,CLNY,2020-07-09,0 days 15:55:00.221447,271999,2.29,2.28,28558,13256,-73091,68391
703,CLNY,2020-07-09,0 days 15:55:01.223255,261090,2.29,2.28,27458,10994,10809,-73091
704,CLNY,2020-07-09,0 days 15:59:19.851433,314366,2.27,2.26,33218,15189,5411,-47843
705,CLNY,2020-07-09,0 days 15:59:46.916963,335883,2.27,2.26,16597,16807,-6914,617
706,CLNY,2020-07-09,0 days 15:59:47.919119,331797,2.27,2.26,16597,15607,4086,-6914
707,CLR,2020-07-09,0 days 15:58:43.763049,154597,15.08,15.07,1100,1520,-4499,2501
708,CLR,2020-07-09,0 days 15:59:57.944069,181119,15.09,15.08,100,700,-2533,19689
709,CNC,2020-07-09,0 days 15:55:00.078444,148305,63.43,63.42,121,200,4473,-30386
710,CNC,2020-07-09,0 days 15:55:29.148574,150354,63.42,63.4,530,1400,-2142,450
711,CNC,2020-07-09,0 days 15:55:39.173098,152996,63.34,63.32,1002,400,197,-342
712,CNC,2020-07-09,0 days 15:55:40.176510,152693,63.33,63.32,300,400,-303,197
713,CNC,2020-07-09,0 days 15:56:45.329491,151249,63.36,63.35,800,1499,475,-125
714,CNC,2020-07-09,0 days 15:56:55.353024,153824,63.34,63.33,1310,1334,-325,275
715,CNC,2020-07-09,0 days 15:57:15.401863,154049,63.29,63.28,1027,300,124,-165
716,CNC,2020-07-09,0 days 15:57:16.404524,153773,63.28,63.27,400,100,-276,124
717,CNC,2020-07-09,0 days 15:57:29.435589,151349,63.29,63.28,114,2409,724,-276
718,CNC,2020-07-09,0 days 15:58:00.512036,156773,63.33,63.32,912,400,-470,430
719,CNC,2020-07-09,0 days 15:58:01.514719,156543,63.32,63.31,1518,100,230,-470
720,CNC,2020-07-09,0 days 15:58:31.588149,160855,63.34,63.33,1158,1405,-631,369
721,CNC,2020-07-09,0 days 15:58:38.604231,153786,63.33,63.32,450,100,1509,-191
722,CNC,2020-07-09,0 days 15:59:02.663341,163048,63.31,63.29,500,400,-930,681
723,CNC,2020-07-09,0 days 15:59:03.665925,162183,63.31,63.29,500,400,665,-930
724,CNC,2020-07-09,0 days 15:59:04.668533,163048,63.31,63.29,801,400,-2199,665
725,CNC,2020-07-09,0 days 15:59:05.670990,162647,63.31,63.3,300,500,2937,-2199
726,CNC,2020-07-09,0 days 15:59:10.684516,165584,63.33,63.32,200,400,-1759,537
727,CNC,2020-07-09,0 days 15:59:14.693328,165584,63.32,63.3,1148,409,-493,1041
728,CNC,2020-07-09,0 days 15:59:15.695286,165277,63.32,63.3,848,100,307,-493
729,CNC,2020-07-09,0 days 15:59:22.714120,164653,63.32,63.31,100,200,931,-1069
730,CNC,2020-07-09,0 days 15:59:26.723164,164884,63.36,63.33,200,776,-469,231
731,CNC,2020-07-09,0 days 15:59:35.745226,163384,63.36,63.34,200,500,-1969,1631
732,CNK,2020-07-09,0 days 15:59:09.788588,183059,12.82,12.81,200,1700,-2200,2637
733,CNK,2020-07-09,0 days 15:59:10.792038,178559,12.82,12.81,200,1400,2100,-2200
734,CNK,2020-07-09,0 days 15:59:38.859468,184300,12.82,12.81,659,2196,-1900,3003
735,CNK,2020-07-09,0 days 15:59:45.876867,184300,12.82,12.81,1059,1709,-1192,230
736,CNK,2020-07-09,0 days 15:59:48.883220,182392,12.81,12.8,1376,2900,1908,-855
737,CNP,2020-07-09,0 days 15:59:18.740843,1991523,18.93,18.92,1400,26910,386273,-12712
738,CNQ,2020-07-09,0 days 15:55:04.202388,60310,16.25,16.24,14090,1120,2305,-3247
739,CNQ,2020-07-09,0 days 15:55:05.203883,57615,16.24,16.23,10915,8932,-2695,2305
740,CNQ,2020-07-09,0 days 15:55:50.312080,60510,16.23,16.22,3270,12955,33,-2773
741,CNQ,2020-07-09,0 days 15:55:52.317198,60543,16.23,16.22,436,14555,-4,33
742,CNQ,2020-07-09,0 days 15:58:47.739619,61881,16.22,16.21,10654,10879,5706,-4004
743,CNQ,2020-07-09,0 days 15:58:48.741314,52987,16.22,16.21,11555,10779,-8894,5706
744,COF,2020-07-09,0 days 15:59:06.784675,237219,58.27,58.26,100,400,1147,-877
745,COF,2020-07-09,0 days 15:59:33.850305,296642,58.41,58.37,1500,900,-215,1707
746,COF,2020-07-09,0 days 15:59:35.854970,295557,58.4,58.39,617,200,1085,-215
747,COF,2020-07-09,0 days 15:59:43.874565,297409,58.34,58.33,600,300,319,-3549
748,COF,2020-07-09,0 days 15:59:45.880151,297728,58.35,58.34,200,200,-928,219
749,COG,2020-07-09,0 days 15:56:08.385565,318004,17.05,17.04,2000,3686,27195,-18705
750,COG,2020-07-09,0 days 15:56:09.388482,307199,17.07,17.06,2306,3018,-10805,27195
751,COG,2020-07-09,0 days 15:59:35.890289,370436,17.04,17.03,3690,1600,-7230,445
752,COP,2020-07-09,0 days 15:55:00.184992,1201030,38.43,38.42,900,2779,-189603,254755
753,COP,2020-07-09,0 days 15:59:36.854443,1409555,38.33,38.32,2272,600,-7782,15918
754,COTY,2020-07-09,0 days 15:59:15.701544,1262733,4.12,4.11,94978,21932,46417,-609057
755,COTY,2020-07-09,0 days 15:59:16.703509,1246050,4.12,4.11,35485,80932,-16683,46417
756,COTY,2020-07-09,0 days 15:59:43.769503,1254121,4.12,4.11,26223,140337,-9681,73719
757,CPG,2020-07-09,0 days 15:55:47.229441,6018,1.5,1.49,151201,115204,5994,-3771
758,CPRI,2020-07-09,0 days 15:55:04.193130,217666,14.95,14.94,4009,409,-229,4999
759,CPRI,2020-07-09,0 days 15:57:22.526620,219257,14.9,14.89,4595,674,-21550,1750
760,CPRI,2020-07-09,0 days 15:57:23.528297,214707,14.89,14.88,2582,1900,4550,-21550
761,CPRI,2020-07-09,0 days 15:57:37.562630,218270,14.88,14.87,2097,100,-905,1082
762,CPRI,2020-07-09,0 days 15:57:38.565100,216575,14.87,14.86,408,3800,1695,-905
763,CPRI,2020-07-09,0 days 15:57:42.574848,195475,14.88,14.87,1905,2634,22795,-405
764,CPRI,2020-07-09,0 days 15:57:50.594940,218270,14.9,14.89,1381,1800,-23830,670
765,CPRI,2020-07-09,0 days 15:57:51.596700,215500,14.9,14.89,1482,1700,2770,-23830
766,CPRI,2020-07-09,0 days 15:58:38.711249,218809,14.9,14.89,2710,550,-2091,709
767,CPRI,2020-07-09,0 days 15:58:45.728645,209920,14.88,14.87,2643,1400,8889,-5411
768,CPRI,2020-07-09,0 days 15:59:05.778283,219266,14.89,14.88,1610,1298,656,-144
769,CPRI,2020-07-09,0 days 15:59:06.780553,221329,14.89,14.88,1610,1898,-1483,656
770,CPRI,2020-07-09,0 days 15:59:07.783617,218612,14.89,14.88,1710,1898,2717,-1483
771,CPRI,2020-07-09,0 days 15:59:21.817579,222137,14.89,14.88,1700,1200,-4940,578
772,CPRI,2020-07-09,0 days 15:59:35.850658,224277,14.88,14.87,1921,1400,2762,-2140
773,CRM,2020-07-09,0 days 15:59:08.715982,672995,200.59,200.56,300,600,-827,10390
774,CRM,2020-07-09,0 days 15:59:11.722685,664518,200.61,200.59,200,100,8486,-1114
775,CRM,2020-07-09,0 days 15:59:43.799961,662364,200.73,200.68,567,497,27290,-24759
776,CRM,2020-07-09,0 days 15:59:44.802129,689654,200.74,200.69,200,900,-12,27290
777,CRM,2020-07-09,0 days 15:59:48.812415,661684,200.71,200.66,200,759,28430,-4129
778,CRM,2020-07-09,0 days 15:59:56.830123,690114,200.76,200.71,300,657,-25129,3904
779,CS,2020-07-09,0 days 15:55:47.198464,73777,10.24,10.23,63329,41100,-36,771
780,CS,2020-07-09,0 days 15:55:58.224580,44713,10.24,10.23,38070,60413,29064,-36
781,CS,2020-07-09,0 days 15:59:01.667260,73777,10.24,10.23,17933,73263,-19703,25797
782,CS,2020-07-09,0 days 15:59:02.669599,71580,10.24,10.23,17133,77063,2197,-19703
783,CS,2020-07-09,0 days 15:59:09.687363,73777,10.24,10.23,17133,72163,-256,105
784,CS,2020-07-09,0 days 15:59:22.719343,72318,10.24,10.23,42632,60200,1459,-8741
785,CTL,2020-07-09,0 days 15:55:47.192534,405390,9.64,9.63,16791,35178,-2748,5552
786,CTL,2020-07-09,0 days 15:55:48.194227,398038,9.64,9.63,19800,34478,7352,-2748
787,CTL,2020-07-09,0 days 15:57:35.450040,416684,9.65,9.64,30321,19637,-814,3286
788,CTL,2020-07-09,0 days 15:57:37.455095,409798,9.65,9.64,29682,23137,6886,-814
789,CTL,2020-07-09,0 days 15:59:05.671201,447841,9.65,9.64,27711,37413,-7422,1953
790,CTL,2020-07-09,0 days 15:59:06.673786,442553,9.65,9.64,27811,38713,5288,-7422
791,CTL,2020-07-09,0 days 15:59:10.684664,447841,9.66,9.65,23246,55567,-333,4384
792,CTL,2020-07-09,0 days 15:59:17.700655,449247,9.66,9.65,47878,12574,5822,-586
793,CTL,2020-07-09,0 days 15:59:21.712397,456455,9.66,9.65,46090,4614,-51582,7208
794,CTL,2020-07-09,0 days 15:59:22.714254,454237,9.65,9.64,50728,20373,11016,-51582
795,CTL,2020-07-09,0 days 15:59:41.759276,465253,9.65,9.64,20900,82735,-3846,8516
796,CTL,2020-07-09,0 days 15:59:42.761788,463199,9.65,9.64,31465,82135,2054,-3846
797,CTVA,2020-07-09,0 days 15:55:00.187023,241684,25.76,25.75,337,2309,1133,-48643
798,CTVA,2020-07-09,0 days 15:55:25.247776,241684,25.77,25.76,1059,2067,12249,-951
799,CTVA,2020-07-09,0 days 15:57:29.546795,249677,25.77,25.76,1525,1925,287,-313
800,CTVA,2020-07-09,0 days 15:57:37.566537,251464,25.77,25.76,529,2316,-613,487
801,CTVA,2020-07-09,0 days 15:57:38.568934,250977,25.77,25.76,529,2513,487,-613
802,CTVA,2020-07-09,0 days 15:57:41.576884,251464,25.77,25.76,529,2976,-1014,487
803,CTVA,2020-07-09,0 days 15:57:42.578970,250978,25.77,25.76,529,2776,486,-1014
804,CTVA,2020-07-09,0 days 15:57:44.584020,251464,25.77,25.76,529,3076,-214,486
805,CTVA,2020-07-09,0 days 15:57:45.585826,250978,25.77,25.76,429,3230,486,-214
806,CTVA,2020-07-09,0 days 15:58:06.638339,253664,25.76,25.75,509,1926,-2006,386
807,CTVA,2020-07-09,0 days 15:58:07.640645,253170,25.76,25.75,405,2326,560,-2006
808,CTVA,2020-07-09,0 days 15:58:15.660075,253730,25.77,25.76,1705,2025,-2158,360
809,CTVA,2020-07-09,0 days 15:59:02.774577,249737,25.78,25.77,2219,1715,2610,-1161
810,CTVA,2020-07-09,0 days 15:59:05.782926,272396,25.78,25.77,2101,1539,-1524,1668
811,CUK,2020-07-09,0 days 15:57:06.388571,23823,11.88,11.87,300,701,70,-1014
812,CUK,2020-07-09,0 days 15:57:09.395984,22864,11.88,11.87,600,401,-959,341
813,CUK,2020-07-09,0 days 15:57:11.400959,23823,11.88,11.87,888,394,405,-959
814,CUK,2020-07-09,0 days 15:57:12.403169,23028,11.87,11.86,1100,1164,-795,405
815,CVS,2020-07-09,0 days 15:55:00.078388,470100,61.36,61.35,871,2548,5222,-24631
816,CVS,2020-07-09,0 days 15:55:19.123482,472404,61.37,61.36,1129,1500,3118,-282
817,CVS,2020-07-09,0 days 15:56:08.242323,518591,61.32,61.31,1156,420,-652,10648
818,CVS,2020-07-09,0 days 15:56:09.244796,517343,61.3,61.29,1256,363,1248,-652
819,CVS,2020-07-09,0 days 15:56:38.313640,520206,61.29,61.28,875,1128,-6732,168
820,CVS,2020-07-09,0 days 15:56:39.315009,514138,61.29,61.28,600,2575,6068,-6732
821,CVS,2020-07-09,0 days 15:57:33.444991,520924,61.29,61.28,1548,1996,-4959,2641
822,CVS,2020-07-09,0 days 15:57:34.447707,515983,61.29,61.28,948,2466,4941,-4959
823,CVS,2020-07-09,0 days 15:58:00.512036,521010,61.32,61.31,3147,582,-4506,3094
824,CVS,2020-07-09,0 days 15:58:01.514719,517716,61.32,61.31,871,788,3294,-4506
825,CVS,2020-07-09,0 days 15:58:11.539162,521010,61.34,61.33,1775,100,-1740,2860
826,CVS,2020-07-09,0 days 15:58:12.541592,519050,61.33,61.32,1064,1746,1960,-1740
827,CVS,2020-07-09,0 days 15:58:54.643377,519260,61.34,61.33,175,1275,-456,1004
828,CVS,2020-07-09,0 days 15:58:55.645181,517216,61.35,61.34,788,1200,2044,-456
829,CVS,2020-07-09,0 days 15:59:06.673575,520074,61.3,61.29,827,1600,201,-814
830,CVS,2020-07-09,0 days 15:59:08.678187,520275,61.3,61.29,1420,500,-5518,201
831,CVS,2020-07-09,0 days 15:59:35.745226,541500,61.29,61.28,800,300,-1435,5165
832,CVS,2020-07-09,0 days 15:59:44.766511,559890,61.28,61.27,1275,400,1051,-1396
833,CVS,2020-07-09,0 days 15:59:46.771475,558708,61.3,61.28,585,1480,-1851,3118
834,CVX,2020-07-09,0 days 15:55:00.084220,997308,82.98,82.97,200,1500,-311062,67591
835,CVX,2020-07-09,0 days 15:59:56.798429,1371511,82.71,82.69,200,300,10789,-4745
836,CVX,2020-07-09,0 days 15:59:58.798583,1316741,82.79,82.73,1900,800,-59959,8841
837,CX,2020-07-09,0 days 15:57:55.611245,168122,2.67,2.66,159249,27560,610,-8900
838,CX,2020-07-09,0 days 15:58:04.634172,159632,2.67,2.66,155915,66460,-8490,1610
839,CX,2020-07-09,0 days 15:59:05.783630,171123,2.67,2.66,148121,60403,3203,-5209
840,CX,2020-07-09,0 days 15:59:06.785892,156826,2.67,2.66,148121,60403,-14297,3203
841,CX,2020-07-09,0 days 15:59:21.821915,173523,2.67,2.66,200393,19303,980,-8297
842,CX,2020-07-09,0 days 15:59:45.881135,170703,2.66,2.65,83698,175665,-2820,22280
843,CZZ,2020-07-09,0 days 15:55:00.083217,85731,17.05,17.04,1117,1118,2282,-23551
844,CZZ,2020-07-09,0 days 15:58:31.594535,88233,17.09,17.07,600,2012,-87,113
845,CZZ,2020-07-09,0 days 15:58:53.649033,86720,17.09,17.08,500,200,1913,-387
846,CZZ,2020-07-09,0 days 15:59:01.667084,88940,17.1,17.09,539,2230,-1294,2106
847,CZZ,2020-07-09,0 days 15:59:02.669408,87634,17.1,17.09,639,2030,1306,-1294
848,CZZ,2020-07-09,0 days 15:59:16.703568,89832,17.11,17.1,200,1596,-1102,1458
849,CZZ,2020-07-09,0 days 15:59:17.706152,88534,17.13,17.11,400,1528,1298,-1102
850,CZZ,2020-07-09,0 days 15:59:33.745421,91489,17.12,17.11,1100,1128,-656,2955
851,CZZ,2020-07-09,0 days 15:59:34.747712,90345,17.12,17.11,1100,2328,1444,-656
852,D,2020-07-09,0 days 15:59:01.772269,265491,73.64,73.62,500,1507,1886,-4640
853,D,2020-07-09,0 days 15:59:02.774429,262077,73.66,73.65,113,300,-3414,1886
854,D,2020-07-09,0 days 15:59:19.817257,275483,73.74,73.71,200,1205,18822,-902
855,DAL,2020-07-09,0 days 15:55:23.133464,303127,25.68,25.67,9014,10533,-3170,6530
856,DAL,2020-07-09,0 days 15:56:38.313744,307707,25.61,25.6,8743,7217,80,-841
857,DAL,2020-07-09,0 days 15:57:08.384786,318200,25.63,25.62,6117,5900,-264,12236
858,DAL,2020-07-09,0 days 15:57:09.387328,317164,25.63,25.62,6567,2095,1036,-264
859,DAL,2020-07-09,0 days 15:57:26.428057,319311,25.63,25.62,821,10416,-14153,11547
860,DAL,2020-07-09,0 days 15:57:27.431151,307764,25.63,25.62,996,9684,11547,-14153
861,DAL,2020-07-09,0 days 15:58:27.578823,329397,25.63,25.62,2620,10327,-588,2112
862,DAL,2020-07-09,0 days 15:58:28.580664,325185,25.63,25.62,2359,12029,4512,-588
863,DAL,2020-07-09,0 days 15:59:00.660740,330960,25.61,25.6,9931,5768,-1579,3773
864,DAL,2020-07-09,0 days 15:59:01.660817,322439,25.61,25.6,9501,4866,8521,-1579
865,DAL,2020-07-09,0 days 15:59:23.714618,342855,25.61,25.6,11263,5310,-4962,19340
866,DAL,2020-07-09,0 days 15:59:24.717226,340717,25.61,25.6,8163,6873,7438,-4962
867,DAL,2020-07-09,0 days 15:59:45.770020,346344,25.67,25.66,791,9240,-9594,11983
868,DAL,2020-07-09,0 days 15:59:46.771626,355938,25.67,25.66,5800,5184,7206,-9594
869,DAL,2020-07-09,0 days 15:59:50.779570,348244,25.66,25.65,3000,6300,-11788,5512
870,DBI,2020-07-09,0 days 15:55:25.345083,60988,5.8,5.79,598,3600,1214,-286
871,DBI,2020-07-09,0 days 15:55:26.348968,59602,5.8,5.79,598,3600,-1386,1214
872,DBI,2020-07-09,0 days 15:58:45.824827,62078,5.79,5.78,6205,1999,148,-2080
873,DBI,2020-07-09,0 days 15:58:59.858697,63383,5.79,5.78,7601,3207,-598,148
874,DBI,2020-07-09,0 days 15:59:05.873067,63981,5.79,5.78,5005,1898,1533,-598
875,DBI,2020-07-09,0 days 15:59:36.948911,66144,5.81,5.8,3127,4653,-1311,189
876,DBI,2020-07-09,0 days 15:59:39.955748,65833,5.81,5.8,4382,2107,111,-1289
877,DD,2020-07-09,0 days 15:55:00.115825,330550,51.03,51.02,100,1567,-884170,24096
878,DELL,2020-07-09,0 days 15:55:00.192512,315210,53.76,53.75,300,100,-3376,268570
879,DELL,2020-07-09,0 days 15:55:01.193856,313686,53.76,53.73,988,400,1524,-3376
880,DELL,2020-07-09,0 days 15:55:39.286423,316415,53.71,53.67,200,622,-112,2429
881,DELL,2020-07-09,0 days 15:55:40.288316,315027,53.7,53.67,200,200,1388,-112
882,DELL,2020-07-09,0 days 15:56:22.389617,317751,53.71,53.68,300,210,-2355,2324
883,DELL,2020-07-09,0 days 15:56:23.391921,316706,53.68,53.67,100,100,1045,-2355
884,DELL,2020-07-09,0 days 15:57:40.575243,318168,53.76,53.72,1206,400,-333,367
885,DELL,2020-07-09,0 days 15:58:03.631510,318168,53.71,53.7,300,333,-1733,767
886,DELL,2020-07-09,0 days 15:58:27.690715,323301,53.77,53.75,300,310,3867,-5333
887,DELL,2020-07-09,0 days 15:58:28.693052,322768,53.77,53.75,1003,110,-533,3867
888,DELL,2020-07-09,0 days 15:58:40.722331,317101,53.74,53.7,1000,900,3784,-816
889,DELL,2020-07-09,0 days 15:58:41.724232,316785,53.73,53.7,600,600,-316,3784
890,DELL,2020-07-09,0 days 15:59:07.788839,323146,53.71,53.69,400,100,253,-209
891,DELL,2020-07-09,0 days 15:59:08.790702,322799,53.71,53.68,400,523,-347,253
892,DELL,2020-07-09,0 days 15:59:16.809727,320424,53.7,53.69,100,221,-122,1978
893,DELL,2020-07-09,0 days 15:59:35.855887,323346,53.71,53.69,300,140,-934,366
894,DELL,2020-07-09,0 days 15:59:36.858271,324180,53.68,53.66,200,200,13264,-934
895,DFS,2020-07-09,0 days 15:55:00.083360,209650,46.53,46.52,200,600,5609,-31989
896,DFS,2020-07-09,0 days 15:56:13.261011,218325,46.52,46.5,462,500,-6745,2555
897,DFS,2020-07-09,0 days 15:56:14.263069,215191,46.51,46.5,600,100,3134,-6745
898,DFS,2020-07-09,0 days 15:57:24.431500,218325,46.52,46.5,200,1005,-1912,1028
899,DFS,2020-07-09,0 days 15:57:25.434537,216772,46.51,46.5,170,700,1553,-1912
900,DFS,2020-07-09,0 days 15:57:40.470953,218325,46.53,46.52,200,816,-738,562
901,DFS,2020-07-09,0 days 15:57:41.472987,216263,46.53,46.52,700,454,1862,-738
902,DFS,2020-07-09,0 days 15:57:43.477921,218125,46.53,46.52,100,1154,-7438,1862
903,DFS,2020-07-09,0 days 15:57:44.480191,216163,46.53,46.52,274,954,1962,-7438
904,DFS,2020-07-09,0 days 15:58:15.556519,218764,46.53,46.52,406,503,-7,1093
905,DFS,2020-07-09,0 days 15:58:16.558446,217971,46.53,46.52,400,400,593,-7
906,DFS,2020-07-09,0 days 15:58:40.615852,218764,46.51,46.5,468,354,-1136,293
907,DG,2020-07-09,0 days 15:57:33.482601,113821,189.95,189.92,200,300,202,-298
908,DG,2020-07-09,0 days 15:57:34.484841,111723,189.95,189.92,100,200,-2098,202
909,DG,2020-07-09,0 days 15:59:01.697931,116492,189.87,189.84,200,204,683,-561
910,DG,2020-07-09,0 days 15:59:02.700880,115275,189.87,189.84,200,304,-1217,683
911,DG,2020-07-09,0 days 15:59:06.711466,118900,189.88,189.85,100,300,999,-1284
912,DG,2020-07-09,0 days 15:59:07.713218,117840,189.91,189.85,100,300,-1060,999
913,DG,2020-07-09,0 days 15:59:18.741596,121689,189.89,189.86,150,100,180,-3498
914,DHI,2020-07-09,0 days 15:59:47.919054,474905,58.13,58.12,1602,300,2174,-1975
915,DHI,2020-07-09,0 days 15:59:48.922362,472479,58.13,58.12,771,1000,-626,2174
916,DIS,2020-07-09,0 days 15:55:00.079099,441048,116.75,116.71,300,300,5746,-31686
917,DIS,2020-07-09,0 days 15:55:40.176603,450178,116.59,116.57,300,100,-590,635
918,DIS,2020-07-09,0 days 15:55:41.177682,449668,116.59,116.57,100,210,510,-590
919,DIS,2020-07-09,0 days 15:57:33.445064,476957,116.75,116.71,100,200,-5782,1218
920,DIS,2020-07-09,0 days 15:57:34.447818,475239,116.75,116.73,274,200,1718,-5782
921,DIS,2020-07-09,0 days 15:57:37.455083,476957,116.76,116.73,400,100,-1482,1718
922,DIS,2020-07-09,0 days 15:57:38.457531,475639,116.76,116.73,500,100,1318,-1482
923,DIS,2020-07-09,0 days 15:57:39.460051,476957,116.76,116.73,622,100,-1182,1318
924,DIS,2020-07-09,0 days 15:57:41.465564,476039,116.76,116.74,303,300,918,-482
925,DIS,2020-07-09,0 days 15:57:47.480085,476439,116.8,116.78,200,200,-3402,2198
926,DIS,2020-07-09,0 days 15:57:48.482470,475841,116.8,116.77,200,200,598,-3402
927,DIS,2020-07-09,0 days 15:57:52.492504,476995,116.81,116.77,202,100,-2046,398
928,DIS,2020-07-09,0 days 15:57:55.499220,478405,116.81,116.78,200,542,534,-302
929,DIS,2020-07-09,0 days 15:58:00.512156,476041,116.79,116.77,102,100,3198,-370
930,DIS,2020-07-09,0 days 15:58:02.517478,476995,116.79,116.77,200,210,-246,398
931,DIS,2020-07-09,0 days 15:58:13.543802,483658,116.82,116.79,303,450,5457,-10043
932,DIS,2020-07-09,0 days 15:58:15.550578,488565,116.85,116.83,100,200,-2096,4907
933,DIS,2020-07-09,0 days 15:58:23.568481,491461,116.87,116.83,1874,100,2117,-2383
934,DIS,2020-07-09,0 days 15:58:24.570874,488565,116.85,116.84,500,200,-2896,2117
935,DIS,2020-07-09,0 days 15:58:37.602134,496461,116.9,116.87,200,110,3158,-7407
936,DIS,2020-07-09,0 days 15:58:40.609430,496562,116.9,116.88,200,100,-4764,2758
937,DIS,2020-07-09,0 days 15:58:43.617040,496461,116.89,116.87,300,8200,4001,-864
938,DIS,2020-07-09,0 days 15:59:03.666069,504919,116.94,116.9,675,5500,1681,-246
939,DIS,2020-07-09,0 days 15:59:11.686307,515458,116.94,116.91,310,6500,278,-6191
940,DIS,2020-07-09,0 days 15:59:13.690516,513536,116.94,116.91,810,7700,-24137,693
941,DIS,2020-07-09,0 days 15:59:20.708202,535357,116.92,116.89,200,600,-6688,1725
942,DIS,2020-07-09,0 days 15:59:23.714643,539705,116.93,116.9,300,200,552,-3363
943,DIS,2020-07-09,0 days 15:59:24.717240,540257,116.94,116.92,400,200,-1848,552
944,DIS,2020-07-09,0 days 15:59:25.719712,537469,116.93,116.9,500,200,2888,-1848
945,DIS,2020-07-09,0 days 15:59:26.723247,534957,116.94,116.9,100,200,-7563,2888
946,DIS,2020-07-09,0 days 15:59:41.759247,550957,116.92,116.89,500,200,-7523,25547
947,DIS,2020-07-09,0 days 15:59:45.770020,563116,116.9,116.87,500,4400,1718,-2618
948,DIS,2020-07-09,0 days 15:59:48.777401,563749,116.95,116.92,622,786,-263,6794
949,DIS,2020-07-09,0 days 15:59:52.783558,559376,116.93,116.89,500,527,3373,-1963
950,DNB,2020-07-09,0 days 15:59:36.746744,56212,25.97,25.87,300,1700,121,-779
951,DNB,2020-07-09,0 days 15:59:43.763549,57373,25.99,25.92,200,400,-1839,1161
952,DNR,2020-07-09,0 days 15:55:00.083463,49301,0.25,0.24,8300,174795,-68098,7064
953,DOW,2020-07-09,0 days 15:55:39.282153,254504,39.39,39.38,4198,695,-569,1731
954,DOW,2020-07-09,0 days 15:56:25.392622,261159,39.41,39.4,502,800,-1227,1573
955,DOW,2020-07-09,0 days 15:57:34.558919,262719,39.43,39.42,938,1213,2142,-458
956,DOW,2020-07-09,0 days 15:57:35.561726,261061,39.44,39.43,445,1700,-1658,2142
957,DOW,2020-07-09,0 days 15:58:20.672255,264090,39.43,39.42,972,300,1571,-2029
958,DOW,2020-07-09,0 days 15:58:21.674253,262561,39.43,39.42,572,908,-1529,1571
959,DOW,2020-07-09,0 days 15:58:48.739948,263533,39.45,39.43,2039,1048,1376,-972
960,DOW,2020-07-09,0 days 15:58:49.742127,262309,39.45,39.43,2041,1148,-1224,1376
961,DOW,2020-07-09,0 days 15:59:01.772206,263533,39.46,39.45,552,887,9376,-1224
962,DOW,2020-07-09,0 days 15:59:05.782706,278375,39.46,39.45,552,1911,-17513,6088
963,DOW,2020-07-09,0 days 15:59:06.784649,295888,39.46,39.45,1700,200,27087,-17513
964,DOW,2020-07-09,0 days 15:59:38.862932,266462,39.49,39.48,602,300,-32273,5027
965,DOW,2020-07-09,0 days 15:59:39.864901,298735,39.49,39.47,1282,200,4627,-32273
966,DRE,2020-07-09,0 days 15:55:56.356818,150329,35.8,35.79,100,2613,7370,-15762
967,DRE,2020-07-09,0 days 15:55:57.360233,146699,35.81,35.8,3000,1038,-3630,7370
968,DRE,2020-07-09,0 days 15:59:10.830251,154844,35.89,35.87,2269,1904,-208,22
969,DRI,2020-07-09,0 days 15:55:26.348944,78506,71.29,71.26,300,400,-436,1164
970,DRI,2020-07-09,0 days 15:55:27.351237,77442,71.28,71.25,100,410,1290,-436
971,DRI,2020-07-09,0 days 15:55:57.423937,78832,71.29,71.26,370,210,-3739,294
972,DRI,2020-07-09,0 days 15:55:58.425858,78471,71.28,71.26,323,610,361,-3739
973,DRI,2020-07-09,0 days 15:56:37.519382,79080,71.27,71.25,400,100,-17,319
974,DRI,2020-07-09,0 days 15:56:38.522496,78697,71.26,71.24,626,212,383,-17
975,DRI,2020-07-09,0 days 15:57:34.652312,97080,71.27,71.25,325,500,-117,783
976,DRI,2020-07-09,0 days 15:57:36.657218,95497,71.27,71.26,448,400,1583,-517
977,DRI,2020-07-09,0 days 15:57:40.666441,97080,71.29,71.27,400,657,-417,483
978,DRI,2020-07-09,0 days 15:57:41.668946,95497,71.28,71.27,200,700,1583,-417
979,DRI,2020-07-09,0 days 15:58:02.721027,97241,71.28,71.22,1000,200,-81,19
980,DRI,2020-07-09,0 days 15:58:03.723970,96058,71.28,71.25,904,200,1183,-81
981,DRI,2020-07-09,0 days 15:59:35.946506,104241,71.32,71.3,100,651,-2039,1393
982,DRI,2020-07-09,0 days 15:59:36.948839,102380,71.32,71.31,344,200,1861,-2039
983,DRI,2020-07-09,0 days 15:59:50.986469,105621,71.33,71.32,200,100,-245,2075
984,DT,2020-07-09,0 days 15:57:46.584978,53904,44.06,44.04,200,105,95,-5
985,DT,2020-07-09,0 days 15:57:47.587283,53499,44.06,44.04,200,105,-405,95
986,DT,2020-07-09,0 days 15:58:30.693221,54025,44.06,44.03,500,100,140,-426
987,DT,2020-07-09,0 days 15:58:45.729132,54725,44.04,44.01,411,1900,905,-429
988,DT,2020-07-09,0 days 15:58:56.756037,54725,44.06,44.05,300,100,173,-3493
989,DT,2020-07-09,0 days 15:59:00.767933,54725,44.06,44.05,542,219,173,-1293
990,DT,2020-07-09,0 days 15:59:02.771741,54664,44.05,44.04,367,100,-88,139
991,DT,2020-07-09,0 days 15:59:05.779276,57486,44.05,44.03,200,400,5773,-541
992,DT,2020-07-09,0 days 15:59:21.817220,58377,44.05,44.03,200,530,-84,250
993,DT,2020-07-09,0 days 15:59:32.844653,57909,44.06,44.01,300,632,-552,1648
994,DT,2020-07-09,0 days 15:59:33.847360,58461,44.06,44.01,300,1032,7177,-552
995,DUK,2020-07-09,0 days 15:59:06.781424,246249,79.68,79.67,327,870,105,-4495
996,DUK,2020-07-09,0 days 15:59:07.785093,243454,79.74,79.72,600,509,-2795,105
997,DUK,2020-07-09,0 days 15:59:36.854443,251470,79.76,79.74,683,200,15596,-2606
998,DUK,2020-07-09,0 days 15:59:37.857147,248393,79.81,79.8,200,200,-3107,15596
999,DVN,2020-07-09,0 days 15:55:00.187362,520963,9.85,9.84,7603,5470,-3370,14840
1000,DVN,2020-07-09,0 days 15:57:34.559037,552009,9.83,9.82,8246,6212,31053,-17147
1001,DVN,2020-07-09,0 days 15:57:35.561921,545362,9.83,9.82,6636,9311,-6647,31053
1002,DVN,2020-07-09,0 days 15:59:03.777527,614597,9.82,9.81,4627,16028,-7712,12288
1003,DXC,2020-07-09,0 days 15:55:01.117766,97816,15.15,15.14,1300,1840,80,-4620
1004,DXC,2020-07-09,0 days 15:58:13.581628,99792,15.15,15.14,1400,3763,-154,746
1005,DXC,2020-07-09,0 days 15:58:14.584604,99046,15.15,15.14,1800,3687,546,-154
1006,DXC,2020-07-09,0 days 15:58:17.591881,100744,15.15,15.14,1000,3796,-602,546
1007,DXC,2020-07-09,0 days 15:58:18.594547,99846,15.15,15.14,1900,3877,698,-602
1008,DXC,2020-07-09,0 days 15:58:40.647441,101844,15.14,15.13,2189,1600,-2106,1198
1009,DXC,2020-07-09,0 days 15:58:41.650433,101315,15.14,15.13,2289,2200,329,-2106
1010,DXC,2020-07-09,0 days 15:59:05.710712,107798,15.14,15.13,922,3990,-752,2648
1011,DXC,2020-07-09,0 days 15:59:16.735660,107932,15.15,15.14,400,3736,-2180,442
1012,DXC,2020-07-09,0 days 15:59:17.737777,107612,15.15,15.14,1300,2954,147,-2180
1013,EAT,2020-07-09,0 days 15:56:39.429977,63169,21.66,21.64,421,530,133,-67
1014,EAT,2020-07-09,0 days 15:56:40.433064,62202,21.66,21.64,522,500,-967,133
1015,EAT,2020-07-09,0 days 15:59:02.775484,74198,21.66,21.65,353,100,-308,792
1016,EAT,2020-07-09,0 days 15:59:08.790664,79605,21.65,21.63,352,500,6727,-268
1017,EAT,2020-07-09,0 days 15:59:11.798017,80232,21.66,21.64,400,200,-26,27
1018,EAT,2020-07-09,0 days 15:59:35.855748,84258,21.69,21.67,445,945,197,-240
1019,EGHT,2020-07-09,0 days 15:55:00.184697,72354,16.37,16.36,530,650,-495,13820
1020,EGHT,2020-07-09,0 days 15:56:47.443987,73598,16.32,16.31,326,601,665,-267
1021,EGHT,2020-07-09,0 days 15:56:48.445885,73063,16.34,16.32,400,1045,-535,665
1022,EGHT,2020-07-09,0 days 15:58:29.690202,73598,16.31,16.3,178,1100,806,-394
1023,EGHT,2020-07-09,0 days 15:58:30.693244,73204,16.31,16.3,270,1100,-694,806
1024,EGHT,2020-07-09,0 days 15:58:51.743812,73336,16.31,16.3,1207,527,466,-420
1025,EGHT,2020-07-09,0 days 15:58:52.746406,73002,16.31,16.3,1207,727,-222,466
1026,EGHT,2020-07-09,0 days 15:59:02.771741,73224,16.3,16.29,2567,500,126,-156
1027,EGHT,2020-07-09,0 days 15:59:03.774157,72782,16.3,16.29,3001,500,-442,126
1028,EGHT,2020-07-09,0 days 15:59:04.777060,73224,16.3,16.29,2905,500,681,-442
1029,EGHT,2020-07-09,0 days 15:59:05.779310,72305,16.3,16.29,2705,600,-1319,681
1030,EGHT,2020-07-09,0 days 15:59:07.785038,74224,16.3,16.29,2236,598,181,-419
1031,EGHT,2020-07-09,0 days 15:59:08.786240,74005,16.3,16.29,2136,598,-219,181
1032,EGHT,2020-07-09,0 days 15:59:21.817197,74336,16.31,16.3,386,700,6453,-331
1033,EIX,2020-07-09,0 days 15:58:53.753540,104694,53.93,53.92,430,443,3840,-1060
1034,EIX,2020-07-09,0 days 15:58:54.756043,99431,53.94,53.93,224,582,-5263,3840
1035,ELAN,2020-07-09,0 days 15:55:00.191472,703345,21.45,21.44,3519,3029,-19018,619622
1036,ELAN,2020-07-09,0 days 15:55:01.193700,697063,21.44,21.43,1227,1513,6282,-19018
1037,ELAN,2020-07-09,0 days 15:56:14.369402,704341,21.46,21.45,1600,1409,-9047,1153
1038,ELAN,2020-07-09,0 days 15:56:15.371933,699388,21.46,21.45,2832,802,4953,-9047
1039,ELAN,2020-07-09,0 days 15:57:33.558073,705241,21.46,21.45,1210,1022,-79,2621
1040,ELAN,2020-07-09,0 days 15:57:36.565303,698559,21.46,21.45,2675,1622,6682,-318
1041,ELAN,2020-07-09,0 days 15:57:39.572434,705241,21.46,21.45,1322,1421,-18,2182
1042,ELAN,2020-07-09,0 days 15:57:42.580232,700059,21.46,21.45,2623,1210,5182,-18
1043,ELAN,2020-07-09,0 days 15:57:44.585404,705241,21.46,21.45,1743,1483,-5111,5089
1044,ELAN,2020-07-09,0 days 15:57:45.587284,702252,21.46,21.45,1743,1110,2989,-5111
1045,ELAN,2020-07-09,0 days 15:58:31.699947,705437,21.46,21.45,1836,27729,-3715,2685
1046,ELAN,2020-07-09,0 days 15:58:32.702587,702752,21.46,21.45,1836,28029,2685,-3715
1047,ELAN,2020-07-09,0 days 15:58:42.727011,712137,21.46,21.45,2488,25578,-3556,3285
1048,ELAN,2020-07-09,0 days 15:58:43.729804,709393,21.46,21.45,2593,25445,2744,-3556
1049,ELAN,2020-07-09,0 days 15:59:12.800948,712745,21.42,21.41,4700,740,-90992,2209
1050,EMR,2020-07-09,0 days 15:59:04.706949,230261,59.41,59.4,400,866,-8444,1992
1051,EMR,2020-07-09,0 days 15:59:20.745754,243055,59.46,59.44,300,200,30159,-1685
1052,EMR,2020-07-09,0 days 15:59:21.748008,231009,59.48,59.46,100,400,-12146,30159
1053,EMR,2020-07-09,0 days 15:59:43.801181,243274,59.51,59.49,500,625,-1226,2074
1054,ENB,2020-07-09,0 days 15:57:07.492919,51913,29.57,29.56,400,6000,-419,2536
1055,ENB,2020-07-09,0 days 15:57:08.494511,50732,29.57,29.56,200,6400,1181,-419
1056,ENB,2020-07-09,0 days 15:57:36.560520,51913,29.58,29.57,1609,5507,-1800,1355
1057,ENB,2020-07-09,0 days 15:57:37.563000,49577,29.58,29.57,1709,5507,2336,-1800
1058,ENB,2020-07-09,0 days 15:59:07.785038,54985,29.59,29.58,4705,506,-102,398
1059,ENB,2020-07-09,0 days 15:59:17.807955,55087,29.59,29.58,3958,2584,77,-102
1060,ENB,2020-07-09,0 days 15:59:20.815819,55164,29.59,29.58,6047,896,-2320,77
1061,EOG,2020-07-09,0 days 15:59:05.779276,504567,44.33,44.32,627,600,-20153,4147
1062,EOG,2020-07-09,0 days 15:59:06.781353,524720,44.31,44.29,600,400,863,-20153
1063,EOG,2020-07-09,0 days 15:59:17.807902,521221,44.34,44.33,1989,1005,-5572,434
1064,EOG,2020-07-09,0 days 15:59:39.861095,548041,44.34,44.33,740,780,-3553,13547
1065,EPD,2020-07-09,0 days 15:55:00.284623,62784,17.11,17.1,5015,3236,-3851,29422
1066,EPD,2020-07-09,0 days 15:55:01.284859,62135,17.11,17.1,3014,3798,649,-3851
1067,EPD,2020-07-09,0 days 15:56:13.462277,63790,17.18,17.17,1360,5003,-1445,155
1068,EPD,2020-07-09,0 days 15:56:14.464343,63235,17.18,17.17,1637,6478,555,-1445
1069,EPD,2020-07-09,0 days 15:56:24.488377,57790,17.18,17.17,2510,4274,-5445,555
1070,EPD,2020-07-09,0 days 15:57:22.622648,57790,17.21,17.2,3357,4200,-745,149
1071,EPD,2020-07-09,0 days 15:57:23.624717,56135,17.21,17.2,3457,4050,1649,-745
1072,EQH,2020-07-09,0 days 15:56:41.319586,151178,18.12,18.11,1038,3000,-1124,276
1073,EQH,2020-07-09,0 days 15:56:44.328430,149802,18.14,18.13,100,2145,1076,-124
1074,EQH,2020-07-09,0 days 15:57:27.431070,150978,18.15,18.14,2513,1800,-475,970
1075,EQH,2020-07-09,0 days 15:57:43.470518,151578,18.16,18.15,500,1900,-405,1795
1076,EQH,2020-07-09,0 days 15:58:06.528129,152272,18.17,18.16,1900,2708,-588,718
1077,EQH,2020-07-09,0 days 15:58:07.529503,151460,18.17,18.16,1900,2708,841,-588
1078,EQH,2020-07-09,0 days 15:58:15.550498,152399,18.18,18.17,889,6000,-161,839
1079,EQH,2020-07-09,0 days 15:58:16.551923,151960,18.17,18.16,2600,2208,439,-161
1080,EQH,2020-07-09,0 days 15:58:29.583366,152399,18.17,18.16,2105,4113,-161,439
1081,EQH,2020-07-09,0 days 15:58:30.585045,151960,18.17,18.16,2005,4113,439,-161
1082,EQH,2020-07-09,0 days 15:58:47.626283,152399,18.17,18.16,1000,3921,-1138,64
1083,EQH,2020-07-09,0 days 15:58:48.628943,151837,18.17,18.16,1000,3821,562,-1138
1084,EQH,2020-07-09,0 days 15:59:19.705433,158614,18.18,18.17,2493,199,15,-1085
1085,EQH,2020-07-09,0 days 15:59:22.714094,158629,18.18,18.17,1287,1371,-22618,15
1086,EQH,2020-07-09,0 days 15:59:23.714526,180392,18.17,18.16,2000,1365,18337,-22618
1087,EQH,2020-07-09,0 days 15:59:27.727299,175829,18.16,18.15,1453,900,-1641,1659
1088,EQH,2020-07-09,0 days 15:59:50.779202,175029,18.15,18.13,3490,1992,-2988,1612
1089,EQNR,2020-07-09,0 days 15:58:04.559187,59773,14.36,14.35,13027,28614,-3485,2815
1090,EQNR,2020-07-09,0 days 15:58:05.562476,57058,14.36,14.35,13027,27364,2793,-3485
1091,EQNR,2020-07-09,0 days 15:58:37.638855,60025,14.36,14.35,12762,23272,-233,2967
1092,EQNR,2020-07-09,0 days 15:58:54.680379,54758,14.36,14.35,10661,22795,5267,-233
1093,EQNR,2020-07-09,0 days 15:59:21.747579,62556,14.36,14.35,12057,17000,-4250,2112
1094,EQNR,2020-07-09,0 days 15:59:22.750445,55206,14.36,14.35,12057,16900,7350,-4250
1095,EQR,2020-07-09,0 days 15:57:34.485088,187140,56.79,56.78,305,300,242,-758
1096,EQR,2020-07-09,0 days 15:57:35.487798,186882,56.79,56.78,305,300,-258,242
1097,EQR,2020-07-09,0 days 15:58:11.577088,187140,56.79,56.77,858,1670,978,-2122
1098,EQR,2020-07-09,0 days 15:58:12.579276,186318,56.79,56.77,758,1870,-822,978
1099,EQR,2020-07-09,0 days 15:58:14.584552,187192,56.79,56.77,883,1770,1426,-822
1100,EQR,2020-07-09,0 days 15:58:15.587204,186918,56.8,56.79,425,572,-529,1426
1101,EQR,2020-07-09,0 days 15:59:04.707153,190626,56.77,56.76,565,359,144,-3298
1102,EQR,2020-07-09,0 days 15:59:21.748167,214248,56.75,56.72,517,1400,17149,-18751
1103,EQR,2020-07-09,0 days 15:59:22.750615,212597,56.76,56.75,100,300,-1651,17149
1104,EQR,2020-07-09,0 days 15:59:54.829217,216013,56.69,56.68,200,585,296,-3104
1105,EQR,2020-07-09,0 days 15:59:58.835059,212909,56.73,56.7,300,300,-3104,296
1106,EQT,2020-07-09,0 days 15:57:50.488090,746434,13.21,13.2,3301,1706,13724,-2576
1107,EQT,2020-07-09,0 days 15:57:51.489722,744558,13.21,13.2,3201,2300,-1876,13724
1108,EQT,2020-07-09,0 days 15:58:17.554515,746434,13.21,13.2,309,3918,1828,-1772
1109,EQT,2020-07-09,0 days 15:58:18.557006,744662,13.21,13.2,309,4018,-1772,1828
1110,EQT,2020-07-09,0 days 15:58:21.563520,746434,13.21,13.2,3137,3434,1128,-1772
1111,EQT,2020-07-09,0 days 15:58:22.565693,744662,13.21,13.2,3137,3434,-1772,1128
1112,EQT,2020-07-09,0 days 15:59:04.668652,747081,13.21,13.2,2300,2900,11416,-895
1113,EQT,2020-07-09,0 days 15:59:22.714221,770248,13.21,13.2,2962,1400,-16414,20986
1114,EQT,2020-07-09,0 days 15:59:23.714618,768662,13.21,13.19,5272,3000,1586,-16414
1115,EQT,2020-07-09,0 days 15:59:42.761766,785179,13.19,13.18,2462,3300,-13419,1481
1116,EQT,2020-07-09,0 days 15:59:50.779547,801501,13.18,13.17,4705,1016,1861,-1417
1117,EROS,2020-07-09,0 days 15:58:07.641814,33333,3.56,3.55,12430,3947,-7812,1792
1118,ET,2020-07-09,0 days 15:58:40.811519,261784,6.39,6.38,69397,146,5675,-17320
1119,ET,2020-07-09,0 days 15:58:41.814126,245959,6.38,6.37,57788,15601,-15825,5675
1120,ET,2020-07-09,0 days 15:59:44.969031,261982,6.34,6.33,49344,24006,19873,-3623
1121,ET,2020-07-09,0 days 15:59:45.971124,255955,6.34,6.33,54892,3200,-6027,19873
1122,ETRN,2020-07-09,0 days 15:55:00.221266,272397,9.53,9.52,9728,5802,-2854,76495
1123,ETRN,2020-07-09,0 days 15:56:10.390510,277974,9.52,9.51,8617,5300,3346,-2754
1124,ETRN,2020-07-09,0 days 15:56:11.391145,275220,9.52,9.51,8617,5400,-2754,3346
1125,ETRN,2020-07-09,0 days 15:56:30.437486,256542,9.52,9.51,9180,2528,21004,-4496
1126,ETRN,2020-07-09,0 days 15:56:31.439271,256046,9.52,9.51,9080,3074,-496,21004
1127,ETRN,2020-07-09,0 days 15:57:48.625631,303728,9.51,9.5,8740,5006,-2111,3589
1128,ETRN,2020-07-09,0 days 15:57:53.637800,308839,9.51,9.5,10071,5468,189,-2511
1129,ETRN,2020-07-09,0 days 15:57:54.640659,306428,9.51,9.5,10071,5668,-2411,189
1130,ETRN,2020-07-09,0 days 15:59:04.814540,310596,9.51,9.5,5842,2804,2936,-8952
1131,F,2020-07-09,0 days 15:59:46.917124,2469322,5.85,5.84,528362,460527,13146,-75042
1132,F,2020-07-09,0 days 15:59:47.919271,2463368,5.85,5.84,521119,494927,-5954,13146
1133,F,2020-07-09,0 days 15:59:48.922705,2469322,5.85,5.84,521262,506327,59423,-5954
1134,F,2020-07-09,0 days 15:59:49.923479,2467645,5.85,5.84,519432,462227,-1677,59423
1135,F,2020-07-09,0 days 15:59:57.944206,2469322,5.85,5.84,338902,364826,63700,-1677
1136,FCAU,2020-07-09,0 days 15:55:32.264147,40988,9.79,9.78,13541,21959,661,-2044
1137,FCAU,2020-07-09,0 days 15:55:33.265855,39149,9.79,9.78,13341,22174,-1839,661
1138,FCAU,2020-07-09,0 days 15:57:31.548686,41071,9.78,9.77,20485,14050,1231,-1910
1139,FCAU,2020-07-09,0 days 15:58:19.666690,41301,9.79,9.78,18090,17323,7851,-13278
1140,FCAU,2020-07-09,0 days 15:58:20.669033,41223,9.79,9.78,18090,17323,-78,7851
1141,FCAU,2020-07-09,0 days 15:58:51.743827,41149,9.79,9.78,18697,16323,883,-726
1142,FCX,2020-07-09,0 days 15:55:00.114717,745565,12.89,12.88,10600,48239,48531,-325166
1143,FCX,2020-07-09,0 days 15:55:01.117541,728296,12.9,12.89,29445,26185,-17269,48531
1144,FCX,2020-07-09,0 days 15:56:38.352062,758102,12.88,12.87,43954,18218,45605,-25195
1145,FCX,2020-07-09,0 days 15:56:39.354195,747707,12.88,12.87,43799,17718,-10395,45605
1146,FCX,2020-07-09,0 days 15:59:05.710196,842540,12.89,12.88,18785,58427,82024,-6891
1147,FCX,2020-07-09,0 days 15:59:21.748072,855024,12.89,12.88,2100,55791,23750,-3476
1148,FCX,2020-07-09,0 days 15:59:22.750519,829474,12.89,12.88,1600,57381,-25550,23750
1149,FCX,2020-07-09,0 days 15:59:33.777999,877787,12.89,12.88,14300,56382,1387,-3050
1150,FCX,2020-07-09,0 days 15:59:43.801273,868733,12.89,12.88,46973,39200,-3354,90846
1151,FCX,2020-07-09,0 days 15:59:44.803554,872087,12.89,12.88,45173,38570,14439,-3354
1152,FCX,2020-07-09,0 days 15:59:45.806148,870126,12.89,12.88,48973,34821,-1961,14439
1153,FDX,2020-07-09,0 days 15:56:30.408065,73594,156.1,156.02,100,100,-331,1469
1154,FDX,2020-07-09,0 days 15:56:31.410634,72125,156.1,156.01,100,236,1369,-331
1155,FDX,2020-07-09,0 days 15:57:36.565303,75421,156.16,156.1,200,300,-531,169
1156,FDX,2020-07-09,0 days 15:57:38.570135,74152,156.14,156.11,200,100,1269,-331
1157,FDX,2020-07-09,0 days 15:58:02.630791,72448,156.14,156.11,400,100,1073,-1431
1158,FDX,2020-07-09,0 days 15:58:36.712579,74333,156.13,156.05,100,300,-585,1468
1159,FDX,2020-07-09,0 days 15:58:37.714585,71918,156.07,156.04,400,100,2415,-585
1160,FDX,2020-07-09,0 days 15:59:04.780897,75844,156.04,155.99,500,200,-1482,986
1161,FDX,2020-07-09,0 days 15:59:10.795894,75412,155.99,155.93,784,600,686,-1614
1162,FDX,2020-07-09,0 days 15:59:11.797924,76098,155.99,155.95,938,200,-14,686
1163,FE,2020-07-09,0 days 15:58:36.710883,245925,40.2,40.19,1657,2226,1241,-8247
1164,FE,2020-07-09,0 days 15:58:37.713275,241109,40.21,40.19,2567,3826,-6516,1241
1165,FE,2020-07-09,0 days 15:58:48.740101,256090,40.19,40.18,2105,500,1919,-13981
1166,FE,2020-07-09,0 days 15:58:49.742204,250409,40.2,40.19,2825,1706,-5681,1919
1167,FHN,2020-07-09,0 days 15:57:40.500294,2127906,8.37,8.36,12118,18493,-11401,8699
1168,FHN,2020-07-09,0 days 15:57:41.502905,2120707,8.37,8.36,12118,17318,7199,-11401
1169,FHN,2020-07-09,0 days 15:57:43.508276,2127906,8.37,8.36,11418,17418,-2001,7199
1170,FHN,2020-07-09,0 days 15:57:44.510738,2120707,8.37,8.36,11451,17518,7199,-2001
1171,FHN,2020-07-09,0 days 15:57:52.529441,2145606,8.37,8.36,11442,18896,-11301,15299
1172,FHN,2020-07-09,0 days 15:57:53.532134,2136707,8.37,8.36,11605,18896,8899,-11301
1173,FHN,2020-07-09,0 days 15:57:55.536984,2145606,8.37,8.36,12005,18796,-6101,8899
1174,FHN,2020-07-09,0 days 15:57:56.539400,2136707,8.37,8.36,12260,18796,8899,-6101
1175,FHN,2020-07-09,0 days 15:57:59.546924,2145606,8.37,8.36,11225,18747,-3401,8899
1176,FHN,2020-07-09,0 days 15:58:00.551148,2136707,8.37,8.36,11825,18847,8899,-3401
1177,FHN,2020-07-09,0 days 15:58:01.552405,2145606,8.37,8.36,10769,22542,-8401,8899
1178,FHN,2020-07-09,0 days 15:58:02.554996,2135407,8.37,8.36,12104,16432,10199,-8401
1179,FHN,2020-07-09,0 days 15:58:16.589740,2157720,8.37,8.36,19904,16753,-8287,14213
1180,FHN,2020-07-09,0 days 15:58:17.591820,2147407,8.37,8.36,17554,16853,10313,-8287
1181,FHN,2020-07-09,0 days 15:59:18.741593,2236344,8.36,8.35,16906,21535,-7198,4045
1182,FHN,2020-07-09,0 days 15:59:19.743368,2224642,8.36,8.35,12306,22935,10602,-7198
1183,FHN,2020-07-09,0 days 15:59:20.745885,2236344,8.36,8.35,11681,24235,-57943,10602
1184,FHN,2020-07-09,0 days 15:59:21.748113,2229687,8.36,8.35,17266,19435,5557,-57943
1185,FHN,2020-07-09,0 days 15:59:48.813133,2158587,8.37,8.36,23099,22870,257,-243
1186,FINV,2020-07-09,0 days 15:55:00.078986,9406,2.09,2.08,4797,8009,-11160,8040
1187,FINV,2020-07-09,0 days 15:55:01.082265,8666,2.09,2.08,3697,8246,740,-11160
1188,FINV,2020-07-09,0 days 15:58:47.626348,9406,2.09,2.08,2650,1020,-993,740
1189,FINV,2020-07-09,0 days 15:58:48.629038,8799,2.09,2.08,4252,600,607,-993
1190,FIS,2020-07-09,0 days 15:57:35.558188,166363,135.72,135.71,412,100,3108,-92
1191,FIS,2020-07-09,0 days 15:57:36.560400,162909,135.78,135.76,600,220,-5772,3108
1192,FIS,2020-07-09,0 days 15:58:13.651571,160782,135.89,135.88,300,651,5038,-2971
1193,FIS,2020-07-09,0 days 15:58:14.653990,158320,135.91,135.9,201,110,-2462,5038
1194,FIS,2020-07-09,0 days 15:58:54.751095,175572,136.03,135.98,200,500,448,-10952
1195,FIS,2020-07-09,0 days 15:58:55.753524,171920,136.03,135.98,200,795,-3652,448
1196,FIS,2020-07-09,0 days 15:59:03.773961,174744,135.96,135.94,400,200,2438,-3352
1197,FIS,2020-07-09,0 days 15:59:04.776904,175682,135.98,135.96,300,300,-5208,2438
1198,FIS,2020-07-09,0 days 15:59:06.781208,181529,135.95,135.91,200,647,883,-2510
1199,FIS,2020-07-09,0 days 15:59:12.796536,183499,135.98,135.93,300,277,91,-1092
1200,FIS,2020-07-09,0 days 15:59:14.800509,181190,136.0,135.93,200,377,-2309,91
1201,FIS,2020-07-09,0 days 15:59:56.903946,194951,135.85,135.8,3300,100,682,-2118
1202,FIS,2020-07-09,0 days 15:59:58.900121,192833,135.89,135.78,100,700,-2118,682
1203,FIS,2020-07-09,0 days 16:00:00.904111,194951,136.56,135.62,100,100,282,-2118
1204,FIT,2020-07-09,0 days 15:55:29.292133,246257,6.67,6.66,19493,45930,4313,-13787
1205,FIT,2020-07-09,0 days 15:55:55.355085,257439,6.7,6.69,44366,44031,-3708,134
1206,FIT,2020-07-09,0 days 15:59:44.913223,364182,6.71,6.7,47012,28101,-3638,2289
1207,FLR,2020-07-09,0 days 15:55:00.284772,90063,11.26,11.25,1935,2969,989,-742
1208,FLR,2020-07-09,0 days 15:57:32.647311,101120,11.25,11.24,1209,5748,-2356,988
1209,FLR,2020-07-09,0 days 15:57:33.650179,99676,11.25,11.24,2309,5248,1444,-2356
1210,FLR,2020-07-09,0 days 15:59:12.891617,103571,11.25,11.24,7703,3498,-11182,197
1211,FRO,2020-07-09,0 days 15:55:35.269709,69234,7.23,7.22,4942,17310,679,-1021
1212,FRO,2020-07-09,0 days 15:59:01.768680,76533,7.24,7.23,1599,9209,-3332,5086
1213,FRO,2020-07-09,0 days 15:59:02.771490,75965,7.24,7.23,1499,9109,568,-3332
1214,FRO,2020-07-09,0 days 15:59:08.786015,76533,7.25,7.24,6902,1832,-4341,368
1215,FSLY,2020-07-09,0 days 15:59:26.833806,176930,102.73,102.69,175,175,-5868,8159
1216,FSLY,2020-07-09,0 days 15:59:27.836839,169298,102.67,102.65,1231,175,7432,-5868
1217,FSLY,2020-07-09,0 days 15:59:37.862398,174899,102.71,102.67,249,200,1831,-2569
1218,FSLY,2020-07-09,0 days 15:59:48.887323,178338,102.71,102.62,175,130,-2330,1073
1219,FSLY,2020-07-09,0 days 15:59:50.893801,156198,102.75,102.62,300,130,21940,-1060
1220,FTCH,2020-07-09,0 days 15:55:52.414958,269617,22.4,22.39,1265,6605,-1276,2605
1221,FTCH,2020-07-09,0 days 15:55:53.413818,266193,22.4,22.39,865,6905,3424,-1276
1222,FTCH,2020-07-09,0 days 15:56:19.476344,272436,22.37,22.36,164,1400,-4426,2275
1223,FTCH,2020-07-09,0 days 15:56:20.478899,269762,22.38,22.37,1201,700,2674,-4426
1224,FTCH,2020-07-09,0 days 15:56:23.486235,272436,22.37,22.36,900,1209,-10385,2674
1225,FTCH,2020-07-09,0 days 15:56:24.488438,270921,22.37,22.36,900,1209,1515,-10385
1226,FTCH,2020-07-09,0 days 15:57:35.654656,272436,22.38,22.37,1223,5661,-406,894
1227,FTCH,2020-07-09,0 days 15:57:36.657454,272042,22.41,22.4,629,500,394,-406
1228,FTCH,2020-07-09,0 days 15:57:42.671138,272436,22.42,22.41,1800,4300,-2947,953
1229,FTCH,2020-07-09,0 days 15:57:43.674124,270683,22.42,22.41,1791,4600,1753,-2947
1230,FTCH,2020-07-09,0 days 15:57:59.712225,270773,22.39,22.38,302,600,1663,-1206
1231,FTCH,2020-07-09,0 days 15:58:00.715238,272436,22.38,22.37,2800,281,-6,1663
1232,FTCH,2020-07-09,0 days 15:58:13.747517,271642,22.36,22.35,1600,500,794,-806
1233,FTCH,2020-07-09,0 days 15:58:18.759883,272500,22.36,22.35,1702,200,-242,958
1234,FTCH,2020-07-09,0 days 15:58:19.761930,271542,22.36,22.35,1702,200,958,-242
1235,FTCH,2020-07-09,0 days 15:58:20.764385,272500,22.36,22.35,1402,200,-642,958
1236,FTCH,2020-07-09,0 days 15:58:21.766695,271542,22.34,22.33,400,900,958,-642
1237,FTCH,2020-07-09,0 days 15:58:48.831236,273065,22.31,22.3,3400,900,-2015,4923
