,Symbol,Timestamp,TIME,iPaired,Ask_P,Bid_P,Ask_S,Bid_S,iShares,PreviShares
0,A,2020-02-18,0 days 15:57:03.465715,338168,84.7,84.69,308,2057,-5600,8417
1,A,2020-02-18,0 days 15:57:04.468241,334368,84.7,84.69,914,1525,3800,-5600
2,A,2020-02-18,0 days 15:58:08.623558,339361,84.76,84.74,300,1473,-9054,3796
3,A,2020-02-18,0 days 15:58:09.626042,339045,84.76,84.75,900,1000,1552,-9054
4,A,2020-02-18,0 days 15:58:14.637905,340597,84.76,84.75,289,1259,-638,1552
5,A,2020-02-18,0 days 15:58:15.640290,338545,84.76,84.75,449,1159,1949,-638
6,A,2020-02-18,0 days 15:59:19.795369,353463,84.75,84.73,374,100,-90,2899
7,A,2020-02-18,0 days 15:59:35.834572,358105,84.75,84.73,894,309,863,-379
8,AA,2020-02-18,0 days 15:55:35.289644,117484,15.91,15.9,1317,12720,-28,1672
9,AA,2020-02-18,0 days 15:55:45.313805,115968,15.92,15.91,33121,8482,1516,-784
10,AA,2020-02-18,0 days 15:56:27.414571,114768,15.94,15.93,5754,16559,827,-664
11,AA,2020-02-18,0 days 15:56:58.489252,115595,15.96,15.95,11600,10450,-224,376
12,AA,2020-02-18,0 days 15:56:59.491683,114499,15.96,15.95,12000,9538,1096,-224
13,AA,2020-02-18,0 days 15:58:17.681302,112126,15.93,15.92,29200,11395,-10917,2439
14,AA,2020-02-18,0 days 15:58:18.683752,108343,15.93,15.92,30000,8686,3783,-10917
15,AA,2020-02-18,0 days 15:59:12.814653,110085,15.94,15.93,28319,14571,1597,-1603
16,AA,2020-02-18,0 days 15:59:34.867982,135692,15.98,15.97,21833,11925,35,-1965
17,AAP,2020-02-18,0 days 15:55:09.099778,75238,141.83,141.8,100,10,401,-1556
18,AAP,2020-02-18,0 days 15:55:10.102811,72439,141.89,141.88,342,217,-2799,401
19,AAP,2020-02-18,0 days 15:59:07.671069,87129,141.92,141.89,195,421,1740,-1537
20,AAP,2020-02-18,0 days 15:59:08.673634,86369,141.92,141.89,386,548,-760,1740
21,ABBV,2020-02-18,0 days 15:59:15.852808,2475331,93.62,93.61,378,1718,47061,-338874
22,ABBV,2020-02-18,0 days 15:59:16.855096,2470492,93.66,93.64,100,90,-4839,47061
23,ABBV,2020-02-18,0 days 15:59:26.878672,2481760,93.67,93.64,664,200,7798,-2352
24,ABBV,2020-02-18,0 days 15:59:27.880943,2463208,93.69,93.65,544,1100,-18652,7798
25,ABBV,2020-02-18,0 days 15:59:28.883827,2481654,93.64,93.63,1100,178,13011,-18652
26,ABBV,2020-02-18,0 days 15:59:29.885955,2477607,93.66,93.65,549,258,-4153,13011
27,ABBV,2020-02-18,0 days 15:59:45.925552,2519539,93.7,93.69,759,110,11528,-1461
28,ABBV,2020-02-18,0 days 15:59:46.927531,2510919,93.72,93.7,998,10,-8520,11528
29,ABBV,2020-02-18,0 days 15:59:55.951429,2483379,93.6,93.58,354,1081,33192,-40795
30,ABBV,2020-02-18,0 days 15:59:59.963608,2498302,93.66,93.62,10080,9375,-20931,18095
31,ABT,2020-02-18,0 days 15:57:02.526614,399946,88.86,88.85,3333,1533,-45198,9249
32,ABT,2020-02-18,0 days 15:57:03.529247,397044,88.86,88.85,3728,301,2902,-45198
33,ABT,2020-02-18,0 days 15:57:37.611499,409265,88.86,88.85,5771,1100,-1747,4853
34,ABT,2020-02-18,0 days 15:57:38.613540,405512,88.86,88.85,5463,1905,3753,-1747
35,ABT,2020-02-18,0 days 15:57:49.640269,410965,88.86,88.85,6689,100,-2671,4953
36,ABT,2020-02-18,0 days 15:57:50.642794,407936,88.86,88.85,6289,412,1329,-2671
37,ABT,2020-02-18,0 days 15:58:08.687372,415348,88.87,88.86,2600,2947,-15058,3166
38,ABT,2020-02-18,0 days 15:58:09.689467,400606,88.87,88.86,2000,3406,16563,-15058
39,ABT,2020-02-18,0 days 15:59:09.836304,463706,88.86,88.85,2910,2476,-2282,5444
40,ABT,2020-02-18,0 days 15:59:14.847075,478868,88.87,88.86,2077,968,6408,-2029
41,ABT,2020-02-18,0 days 15:59:27.877978,490440,88.88,88.87,1143,1453,-708,2826
42,ABT,2020-02-18,0 days 15:59:31.887445,482848,88.9,88.89,1508,1417,3192,-5108
43,ABT,2020-02-18,0 days 15:59:32.890516,486040,88.9,88.89,1366,1520,-593,3192
44,ABT,2020-02-18,0 days 15:59:38.905176,483944,88.9,88.89,608,1603,2096,-4804
45,ABT,2020-02-18,0 days 15:59:46.924887,486256,88.88,88.86,1626,1080,13426,-2791
46,ACN,2020-02-18,0 days 15:59:33.767695,261222,213.83,213.77,900,653,7325,-2675
47,ACN,2020-02-18,0 days 15:59:34.770154,260047,213.83,213.78,940,224,-1775,7325
48,ACN,2020-02-18,0 days 15:59:35.773976,261822,213.81,213.78,100,26,1543,-1775
49,ACN,2020-02-18,0 days 15:59:36.774841,258965,213.84,213.79,200,600,-2857,1543
50,ACN,2020-02-18,0 days 15:59:47.801706,263502,213.79,213.72,31,1011,1233,-3167
51,ACN,2020-02-18,0 days 15:59:48.805209,262635,213.79,213.74,32,1210,-867,1233
52,ADM,2020-02-18,0 days 15:55:00.109431,423546,44.47,44.46,577,5230,-3094,54899
53,ADM,2020-02-18,0 days 15:55:01.112098,419840,44.47,44.46,679,5630,3706,-3094
54,ADM,2020-02-18,0 days 15:56:58.394974,433578,44.47,44.46,1634,6207,-40,1536
55,ADM,2020-02-18,0 days 15:57:00.400767,430318,44.47,44.46,4223,2331,3260,-22640
56,ADM,2020-02-18,0 days 15:57:37.490440,444495,44.44,44.43,1941,8294,-544,2956
57,ADM,2020-02-18,0 days 15:57:38.492382,441539,44.44,44.43,2041,7636,2956,-544
58,ADM,2020-02-18,0 days 15:57:44.506910,445995,44.44,44.43,2040,8210,-2744,4456
59,ADM,2020-02-18,0 days 15:57:45.509578,442839,44.45,44.44,5039,1757,3056,-2744
60,ADM,2020-02-18,0 days 15:57:49.519335,445995,44.45,44.44,4698,2174,-344,3056
61,ADM,2020-02-18,0 days 15:57:50.522139,442839,44.45,44.44,4700,2274,3056,-344
62,ADM,2020-02-18,0 days 15:58:40.644626,461226,44.46,44.45,1062,4943,-7297,3003
63,ADM,2020-02-18,0 days 15:58:41.646652,445623,44.46,44.45,1862,4616,15603,-7297
64,ADM,2020-02-18,0 days 15:59:05.705413,467982,44.45,44.44,753,6827,-686,9914
65,ADM,2020-02-18,0 days 15:59:42.790825,484298,44.45,44.44,4335,608,1843,-3522
66,ADSW,2020-02-18,0 days 15:56:09.282772,24654,33.06,33.05,15870,14790,-467,733
67,ADSW,2020-02-18,0 days 15:56:10.285230,23297,33.06,33.05,15870,14790,1357,-467
68,AEE,2020-02-18,0 days 15:55:00.230477,340673,86.58,86.57,302,724,-2279,2241
69,AEE,2020-02-18,0 days 15:57:06.536687,350871,86.59,86.58,3414,744,1683,-1717
70,AEE,2020-02-18,0 days 15:57:07.538648,348554,86.59,86.58,3336,844,-20317,1683
71,AEE,2020-02-18,0 days 15:57:36.609315,371785,86.52,86.51,3001,553,180,-920
72,AEE,2020-02-18,0 days 15:57:37.611646,368165,86.52,86.51,2902,548,-3620,180
73,AEE,2020-02-18,0 days 15:58:36.754620,378987,86.56,86.55,521,2100,2562,-4117
74,AEE,2020-02-18,0 days 15:58:37.758063,374749,86.56,86.55,297,2400,-4238,2562
75,AEE,2020-02-18,0 days 15:59:09.836373,382076,86.71,86.68,300,1751,21690,-2594
76,AEE,2020-02-18,0 days 15:59:42.915028,449499,86.79,86.78,100,303,-1643,27685
77,AEO,2020-02-18,0 days 15:55:35.603223,442244,14.38,14.37,23071,11406,463,-2937
78,AEO,2020-02-18,0 days 15:55:36.605157,440007,14.38,14.37,22921,11706,-2237,463
79,AEO,2020-02-18,0 days 15:56:43.765971,442317,14.38,14.37,32801,15099,343,-2197
80,AEO,2020-02-18,0 days 15:56:44.768637,440360,14.38,14.37,33245,15699,-1957,343
81,AEO,2020-02-18,0 days 15:57:33.887674,451514,14.37,14.36,36282,23875,4588,-2912
82,AEO,2020-02-18,0 days 15:57:34.890437,448802,14.37,14.36,35666,24891,-2712,4588
83,AEO,2020-02-18,0 days 15:57:45.916650,451522,14.37,14.36,35139,13839,4580,-2720
84,AEO,2020-02-18,0 days 15:57:46.920552,448802,14.37,14.36,35220,13940,-2720,4580
85,AEO,2020-02-18,0 days 15:59:24.154935,483021,14.36,14.35,22310,23514,3225,-20959
86,AEO,2020-02-18,0 days 15:59:25.157156,479346,14.36,14.35,20860,26130,-3675,3225
87,AEO,2020-02-18,0 days 15:59:48.213479,500355,14.36,14.35,44114,29547,2096,-5304
88,AEO,2020-02-18,0 days 15:59:49.215751,496755,14.36,14.35,44485,29441,-3600,2096
89,AES,2020-02-18,0 days 15:55:00.109071,344845,21.04,21.03,14524,994,-336,55768
90,AES,2020-02-18,0 days 15:55:01.111987,342481,21.04,21.03,16044,5308,2364,-336
91,AES,2020-02-18,0 days 15:56:19.300048,346654,21.03,21.02,23027,2013,-9116,2084
92,AES,2020-02-18,0 days 15:56:20.303145,344370,21.03,21.02,23227,2013,2284,-9116
93,AES,2020-02-18,0 days 15:57:13.432379,362818,21.0,20.99,18806,10000,-35908,3165
94,AES,2020-02-18,0 days 15:58:21.597588,392379,21.02,21.01,8703,22607,-34,1466
95,AES,2020-02-18,0 days 15:58:33.626938,392413,21.02,21.01,7873,19747,6490,-34
96,AES,2020-02-18,0 days 15:59:43.792248,483581,21.05,21.04,30134,25343,-192,608
97,AES,2020-02-18,0 days 15:59:45.797418,483069,21.05,21.04,32757,24755,1357,-192
98,AES,2020-02-18,0 days 15:59:47.801821,483581,21.05,21.04,35449,20733,-1893,1357
99,AES,2020-02-18,0 days 15:59:48.805305,481373,21.05,21.04,35370,21533,2208,-1893
100,AFL,2020-02-18,0 days 15:55:10.102693,472971,51.82,51.81,4752,585,-811,76
101,AFL,2020-02-18,0 days 15:56:58.357790,477205,51.86,51.85,6703,3287,267,-279
102,AFL,2020-02-18,0 days 15:56:59.360498,476972,51.86,51.85,6903,2699,-233,267
103,AFL,2020-02-18,0 days 15:57:42.465885,483833,51.83,51.82,5506,2315,428,-472
104,AFL,2020-02-18,0 days 15:57:57.501168,486159,51.84,51.83,5505,3898,302,-498
105,AFL,2020-02-18,0 days 15:58:10.534362,490459,51.86,51.85,1441,6303,5400,-5687
106,AFL,2020-02-18,0 days 15:58:11.536160,488359,51.87,51.86,1935,6510,-2200,5400
107,AFL,2020-02-18,0 days 15:58:12.538855,490559,51.87,51.86,1735,6721,2700,-2200
108,AFL,2020-02-18,0 days 15:58:13.541184,489359,51.87,51.86,1236,7290,-1200,2700
109,AFL,2020-02-18,0 days 15:58:33.589537,496159,51.89,51.88,7602,4552,664,-1263
110,AFL,2020-02-18,0 days 15:58:40.606621,489636,51.89,51.88,3645,6273,-923,664
111,AFL,2020-02-18,0 days 15:58:45.617605,501759,51.88,51.87,1336,4327,197,-1103
112,AFL,2020-02-18,0 days 15:58:46.620512,500756,51.88,51.87,1566,4327,-1003,197
113,AFL,2020-02-18,0 days 15:59:09.676463,533581,51.88,51.87,6010,1342,24866,-19533
114,AG,2020-02-18,0 days 15:56:45.363371,63457,10.13,10.12,22797,16720,-1639,361
115,AG,2020-02-18,0 days 15:56:46.365777,62396,10.13,10.12,22797,18820,1061,-1639
116,AG,2020-02-18,0 days 15:57:47.514991,64560,10.16,10.15,32462,4815,-547,553
117,AG,2020-02-18,0 days 15:57:48.516828,63507,10.15,10.14,28409,18800,1053,-547
118,AG,2020-02-18,0 days 15:58:39.640991,64960,10.12,10.11,40980,1364,-5723,3539
119,AG,2020-02-18,0 days 15:58:40.644600,62383,10.11,10.1,18757,21256,2577,-5723
120,AG,2020-02-18,0 days 15:59:27.753830,71130,10.12,10.11,535,41177,-1868,99
121,AG,2020-02-18,0 days 15:59:28.756021,65398,10.12,10.11,886,40173,5532,-1868
122,AGI,2020-02-18,0 days 15:55:00.235254,29857,6.37,6.36,17324,34859,-1755,1099
123,AGI,2020-02-18,0 days 15:59:08.835926,30552,6.37,6.36,25209,51373,48,-134
124,AGI,2020-02-18,0 days 15:59:13.848914,28100,6.37,6.36,24045,50487,-2452,48
125,AGI,2020-02-18,0 days 15:59:15.852799,24551,6.37,6.36,27545,46587,1497,-5149
126,AGI,2020-02-18,0 days 15:59:22.869681,26048,6.37,6.36,20445,53286,-1753,247
127,AGI,2020-02-18,0 days 15:59:37.906372,28391,6.37,6.36,23417,61054,5357,-243
128,AGI,2020-02-18,0 days 15:59:38.908522,28148,6.37,6.36,25892,61054,-243,5357
129,AGN,2020-02-18,0 days 15:55:00.049762,86332,197.84,197.81,202,799,445,-1454
130,AGN,2020-02-18,0 days 15:56:50.307439,87728,197.88,197.87,31,312,-423,102
131,AGN,2020-02-18,0 days 15:56:53.314749,87151,197.88,197.87,31,227,677,-423
132,AGN,2020-02-18,0 days 15:57:01.334681,101624,197.9,197.87,420,300,-1817,13553
133,AGN,2020-02-18,0 days 15:57:02.337308,100141,197.89,197.85,600,300,1483,-1817
134,AGN,2020-02-18,0 days 15:58:18.521221,106333,197.9,197.88,98,1674,-492,1508
135,AGN,2020-02-18,0 days 15:58:19.523997,105025,197.9,197.88,1,1374,1308,-492
136,AGN,2020-02-18,0 days 15:59:09.645441,115059,198.0,197.98,8060,1061,1282,-40
137,AGN,2020-02-18,0 days 15:59:42.723788,120976,198.15,198.11,800,1580,-79,1535
138,AGN,2020-02-18,0 days 15:59:44.728235,115672,198.19,198.15,823,1232,804,-5496
139,AIG,2020-02-18,0 days 15:59:43.792352,911494,48.97,48.96,5700,1025,7018,-47982
140,AIG,2020-02-18,0 days 15:59:47.801990,917631,48.99,48.98,1605,1547,-9876,9752
141,AIG,2020-02-18,0 days 15:59:49.806882,915123,48.99,48.98,1000,1814,2508,-1534
142,AKS,2020-02-18,0 days 15:59:37.874731,70092,2.97,2.96,168903,139118,24479,-1621
143,ALB,2020-02-18,0 days 15:56:50.433771,146749,88.67,88.65,584,603,-1752,782
144,ALB,2020-02-18,0 days 15:56:51.435424,145781,88.66,88.63,404,447,968,-1752
145,ALB,2020-02-18,0 days 15:57:33.536911,147487,88.6,88.58,786,520,-1232,68
146,ALB,2020-02-18,0 days 15:57:34.540501,146819,88.6,88.58,1186,620,668,-1232
147,ALB,2020-02-18,0 days 15:57:36.544239,147487,88.63,88.59,648,400,-632,668
148,ALB,2020-02-18,0 days 15:57:37.547488,147719,88.63,88.59,648,408,653,-632
149,ALB,2020-02-18,0 days 15:57:41.557065,148372,88.6,88.59,600,58,-747,553
150,ALB,2020-02-18,0 days 15:57:42.559556,147919,88.6,88.59,2412,36,453,-747
151,ALB,2020-02-18,0 days 15:58:16.642359,148499,88.63,88.61,378,1,-449,451
152,ALB,2020-02-18,0 days 15:58:17.644758,147848,88.63,88.6,478,975,651,-449
153,ALB,2020-02-18,0 days 15:58:44.710391,158851,88.64,88.59,1400,626,-4497,8003
154,ALB,2020-02-18,0 days 15:58:45.711893,157348,88.64,88.59,1411,531,1503,-4497
155,ALB,2020-02-18,0 days 15:59:11.777559,170291,88.65,88.63,374,68,-489,2252
156,ALB,2020-02-18,0 days 15:59:12.779765,169492,88.65,88.63,81,5,799,-489
157,ALB,2020-02-18,0 days 15:59:19.795079,170291,88.65,88.64,73,11,-578,1764
158,ALB,2020-02-18,0 days 15:59:23.804664,168781,88.66,88.64,275,6,1210,-1390
159,ALB,2020-02-18,0 days 15:59:33.829309,170029,88.67,88.64,360,484,-1968,2013
160,ALB,2020-02-18,0 days 15:59:34.832384,168697,88.67,88.64,459,501,1332,-1968
161,ALB,2020-02-18,0 days 15:59:38.841726,170029,88.67,88.64,300,715,-630,1332
162,ALB,2020-02-18,0 days 15:59:40.847662,169159,88.67,88.65,158,400,870,-630
163,ALB,2020-02-18,0 days 15:59:48.865787,169402,88.68,88.66,593,248,627,-564
164,ALLY,2020-02-18,0 days 15:55:00.517890,291167,32.06,32.05,6337,5128,-509,3854
165,ALLY,2020-02-18,0 days 15:55:13.549849,291676,32.05,32.04,10365,2449,4391,-509
166,ALLY,2020-02-18,0 days 15:55:14.551912,291467,32.04,32.03,5858,4131,-209,4391
167,ALLY,2020-02-18,0 days 15:56:30.735082,288476,32.05,32.04,8677,10314,3187,-813
168,ALLY,2020-02-18,0 days 15:56:35.746781,298763,32.05,32.04,9077,10215,-813,3187
169,ALLY,2020-02-18,0 days 15:58:11.980021,316479,32.05,32.04,8377,8302,1130,-3370
170,ALLY,2020-02-18,0 days 15:58:12.982670,315109,32.05,32.04,9000,8502,-1370,1130
171,ALLY,2020-02-18,0 days 15:58:16.992545,305379,32.05,32.04,9047,8496,1330,-2570
172,ALLY,2020-02-18,0 days 15:58:17.995374,302809,32.05,32.04,8918,8296,-2570,1330
173,ALLY,2020-02-18,0 days 15:58:24.009469,316479,32.03,32.02,3631,6484,1530,-1170
174,ALLY,2020-02-18,0 days 15:58:25.012140,313609,32.03,32.02,3001,8184,-2870,1530
175,ALLY,2020-02-18,0 days 15:59:09.118998,334579,32.04,32.03,3578,9969,630,-1670
176,ALLY,2020-02-18,0 days 15:59:18.140227,334799,32.02,32.01,7540,5107,-80,330
177,ALLY,2020-02-18,0 days 15:59:35.182418,338656,32.03,32.02,5658,6133,6200,-4949
178,ALLY,2020-02-18,0 days 15:59:36.184185,337656,32.03,32.02,8482,10469,-1000,6200
179,ALLY,2020-02-18,0 days 15:59:42.200067,338656,32.03,32.02,9189,9931,1982,-1000
180,ALLY,2020-02-18,0 days 15:59:43.201827,337838,32.03,32.02,8489,10731,-818,1982
181,ALLY,2020-02-18,0 days 15:59:46.209483,338656,32.03,32.02,9096,10032,2164,-818
182,ALLY,2020-02-18,0 days 15:59:47.211522,337920,32.03,32.02,7496,8462,-736,2164
183,ALLY,2020-02-18,0 days 15:59:48.213505,338656,32.03,32.02,7796,8695,2246,-736
184,AM,2020-02-18,0 days 15:55:42.306689,225031,4.44,4.43,22673,13850,-5675,3025
185,AM,2020-02-18,0 days 15:57:02.499213,261539,4.44,4.43,23975,9050,4910,-1373
186,AM,2020-02-18,0 days 15:57:03.501625,252149,4.44,4.43,26475,8650,-7965,4910
187,AMC,2020-02-18,0 days 15:55:00.230036,30169,7.08,7.07,3139,5643,-1739,18451
188,AMC,2020-02-18,0 days 15:56:29.445284,28308,7.08,7.07,7400,8550,1880,-1720
189,AMC,2020-02-18,0 days 15:56:58.516375,30188,7.08,7.07,7500,8784,-49720,280
190,AMC,2020-02-18,0 days 15:58:38.758784,79010,7.06,7.05,15832,229,29732,-41008
191,AMC,2020-02-18,0 days 15:58:39.762252,72145,7.05,7.04,5403,5600,-6865,29732
192,AMC,2020-02-18,0 days 15:58:44.773334,80110,7.05,7.04,9816,7105,975,-6865
193,AMC,2020-02-18,0 days 15:58:45.775639,80102,7.05,7.04,10116,7703,-8,975
194,AMC,2020-02-18,0 days 15:59:33.893287,77330,7.07,7.06,9712,2129,-2999,2101
195,AMCR,2020-02-18,0 days 15:59:05.666059,1349838,10.21,10.2,26981,23403,-77645,11781
196,AMCR,2020-02-18,0 days 15:59:06.668057,1338583,10.21,10.2,28281,24203,11255,-77645
197,AMCR,2020-02-18,0 days 15:59:16.684705,1349838,10.21,10.2,18993,47930,-6148,5352
198,AMCR,2020-02-18,0 days 15:59:22.699361,1327037,10.21,10.2,19394,43270,23855,-5094
199,AMCR,2020-02-18,0 days 15:59:23.701758,1350892,10.21,10.2,6424,39979,-2183,23855
200,AMH,2020-02-18,0 days 15:55:00.049481,97257,29.27,29.26,3330,1700,-8711,2774
201,AMH,2020-02-18,0 days 15:59:08.643245,112128,29.29,29.28,1707,8738,5621,-870
202,AMH,2020-02-18,0 days 15:59:09.645436,111849,29.29,29.28,2003,11586,-279,5621
203,AMH,2020-02-18,0 days 15:59:44.728163,129560,29.28,29.27,1707,14210,1825,-156
204,AMH,2020-02-18,0 days 15:59:45.731131,128869,29.28,29.27,1512,10687,-691,1825
205,AMX,2020-02-18,0 days 15:57:04.504151,31993,17.85,17.84,35126,9630,45,-1355
206,AMX,2020-02-18,0 days 15:57:05.506512,30738,17.85,17.84,35161,9630,-1255,45
207,AMX,2020-02-18,0 days 15:57:25.555584,34060,17.85,17.84,36999,4766,10373,-9360
208,AMX,2020-02-18,0 days 15:57:26.557838,22633,17.85,17.84,35999,4766,-9360,10373
209,AMX,2020-02-18,0 days 15:59:07.802828,28026,17.84,17.83,37726,12927,126,-4623
210,AMX,2020-02-18,0 days 15:59:14.819887,28652,17.84,17.83,35514,14186,-4374,126
211,AMX,2020-02-18,0 days 15:59:15.821396,28026,17.84,17.83,35759,14186,126,-4374
212,ANET,2020-02-18,0 days 15:57:10.549891,77928,225.59,225.48,118,108,-98,2
213,ANET,2020-02-18,0 days 15:57:19.572654,78630,225.59,225.48,5,609,14,-53
214,ANET,2020-02-18,0 days 15:57:20.573836,78544,225.59,225.51,5,90,-86,14
215,ANET,2020-02-18,0 days 15:57:40.621706,80030,225.4,225.29,150,291,414,-186
216,ANET,2020-02-18,0 days 15:57:41.624090,79844,225.38,225.29,7,295,-186,414
217,ANET,2020-02-18,0 days 15:57:46.635888,80030,225.38,225.29,7,201,114,-186
218,ANET,2020-02-18,0 days 15:57:47.638963,79844,225.38,225.29,35,111,-186,114
219,ANET,2020-02-18,0 days 15:58:12.699748,80802,225.7,225.49,90,2,1914,-260
220,ANET,2020-02-18,0 days 15:58:13.702240,80716,225.7,225.5,235,2,-86,1914
221,ANET,2020-02-18,0 days 15:58:16.709757,80802,225.6,225.5,551,102,14,-86
222,ANET,2020-02-18,0 days 15:58:17.711895,80716,225.6,225.41,15,36,-86,14
223,ANET,2020-02-18,0 days 15:58:18.714888,80802,225.6,225.41,15,36,114,-86
224,ANET,2020-02-18,0 days 15:58:19.717556,80716,225.61,225.41,90,36,-86,114
225,ANET,2020-02-18,0 days 15:58:25.731389,80802,225.61,225.44,137,1,214,-86
226,ANET,2020-02-18,0 days 15:58:39.765428,79968,225.57,225.43,236,1,-134,1587
227,ANET,2020-02-18,0 days 15:59:06.830897,81491,225.68,225.58,200,90,2622,-123
228,ANET,2020-02-18,0 days 15:59:18.860162,85452,225.76,225.68,35,430,-1264,4016
229,ANET,2020-02-18,0 days 15:59:32.893850,85418,225.8,225.71,360,91,2677,-48
230,ANET,2020-02-18,0 days 15:59:35.901351,88295,225.78,225.71,100,50,-108,392
231,ANET,2020-02-18,0 days 15:59:49.941991,87765,225.83,225.74,970,157,330,-499
232,ANET,2020-02-18,0 days 15:59:58.956656,87595,225.89,225.78,238,600,-416,30
233,APA,2020-02-18,0 days 15:55:00.516749,168480,28.13,28.12,3430,2552,-7819,13073
234,APA,2020-02-18,0 days 15:55:01.519474,167399,28.13,28.12,5543,2137,1081,-7819
235,APA,2020-02-18,0 days 15:55:13.549304,172111,28.12,28.11,6950,2279,-61,939
236,APA,2020-02-18,0 days 15:55:14.551398,170872,28.12,28.11,6850,2179,1239,-61
237,APA,2020-02-18,0 days 15:55:40.614254,173111,28.12,28.11,6910,2209,-724,1976
238,APA,2020-02-18,0 days 15:55:41.616731,172035,28.12,28.11,7110,2394,1076,-724
239,APA,2020-02-18,0 days 15:56:10.686024,175923,28.14,28.13,6566,3529,-3605,1074
240,APA,2020-02-18,0 days 15:56:11.688451,175228,28.14,28.13,6866,3529,695,-3605
241,APA,2020-02-18,0 days 15:56:48.777607,177599,28.14,28.13,7205,6251,-403,471
242,APA,2020-02-18,0 days 15:57:44.913403,198238,28.1,28.09,6979,3800,248,-2352
243,APA,2020-02-18,0 days 15:57:45.915967,195886,28.1,28.09,6679,3902,-2352,248
244,APA,2020-02-18,0 days 15:57:50.928299,195354,28.1,28.09,7479,4002,532,-2352
245,APA,2020-02-18,0 days 15:57:54.938259,195886,28.1,28.09,8890,2502,-1100,1732
246,APA,2020-02-18,0 days 15:58:34.032603,207429,28.09,28.08,5251,4700,-1328,272
247,APA,2020-02-18,0 days 15:58:39.044821,208757,28.09,28.08,7940,4400,1872,-1328
248,APA,2020-02-18,0 days 15:58:40.047856,208438,28.09,28.08,7840,4300,-319,1872
249,APA,2020-02-18,0 days 15:58:51.073916,204764,28.12,28.11,5271,6105,1884,-309
250,APA,2020-02-18,0 days 15:59:43.200969,227588,28.1,28.09,8254,4743,-494,1206
251,APHA,2020-02-18,0 days 15:59:46.861714,8668,4.22,4.21,92470,25545,171,-3029
252,AR,2020-02-18,0 days 15:55:08.128912,350119,1.72,1.71,68482,131370,-23294,4706
253,AR,2020-02-18,0 days 15:55:09.131548,339913,1.72,1.71,69903,131970,10206,-23294
254,AR,2020-02-18,0 days 15:56:55.387989,350072,1.73,1.72,97933,117699,-25964,10159
255,AR,2020-02-18,0 days 15:56:56.389751,343236,1.73,1.72,95633,118099,6836,-25964
256,AR,2020-02-18,0 days 15:57:08.420079,350456,1.73,1.72,107327,116467,-6967,7220
257,AR,2020-02-18,0 days 15:57:09.422242,344823,1.73,1.72,104927,116467,5633,-6967
258,AR,2020-02-18,0 days 15:57:40.497172,375533,1.73,1.72,97131,147842,-7642,7358
259,AR,2020-02-18,0 days 15:57:41.499464,367675,1.73,1.72,101771,147842,7858,-7642
260,AR,2020-02-18,0 days 15:58:40.644445,375533,1.73,1.72,122519,191576,-5750,7850
261,AR,2020-02-18,0 days 15:58:41.646507,368883,1.73,1.72,125575,187356,6650,-5750
262,AR,2020-02-18,0 days 15:59:15.725063,375533,1.73,1.72,145654,138288,-6678,6310
263,AR,2020-02-18,0 days 15:59:16.726732,371311,1.73,1.72,145954,134856,4222,-6678
264,AR,2020-02-18,0 days 15:59:21.739400,375533,1.73,1.72,144754,130002,-50930,4222
265,ARI,2020-02-18,0 days 15:55:41.304202,107141,18.42,18.41,6731,18109,1283,-1733
266,ARI,2020-02-18,0 days 15:55:42.306631,101724,18.42,18.41,5931,18109,-5417,1283
267,ARMK,2020-02-18,0 days 15:56:09.334470,663981,42.71,42.7,576,1713,-6252,4996
268,ARMK,2020-02-18,0 days 15:56:10.337025,659085,42.71,42.7,941,1267,4896,-6252
269,ARMK,2020-02-18,0 days 15:59:26.811935,757395,42.74,42.73,1166,1948,-1392,108
270,ARMK,2020-02-18,0 days 15:59:27.814299,758287,42.74,42.73,1369,2050,159,-1392
271,ARMK,2020-02-18,0 days 15:59:39.844361,765055,42.76,42.74,3326,1660,-1567,3482
272,ARNC,2020-02-18,0 days 15:57:00.366228,215704,33.17,33.16,5836,2302,21,-2479
273,ARNC,2020-02-18,0 days 15:57:05.378458,215725,33.17,33.16,6413,1638,-14579,21
274,ARNC,2020-02-18,0 days 15:57:06.381105,230304,33.16,33.15,2187,6128,121,-14579
275,ARNC,2020-02-18,0 days 15:57:08.385938,224125,33.16,33.15,5447,4679,-6179,121
276,ARNC,2020-02-18,0 days 15:58:40.606621,239186,33.16,33.15,4187,5987,85,-4132
277,ARNC,2020-02-18,0 days 15:58:42.610790,238852,33.17,33.16,1350,6070,-334,85
278,ARNC,2020-02-18,0 days 15:59:14.687617,242693,33.19,33.18,4957,5603,5849,-5163
279,ARNC,2020-02-18,0 days 15:59:15.682842,240642,33.19,33.18,3633,6900,-2051,5849
280,ARNC,2020-02-18,0 days 15:59:20.694965,242693,33.2,33.19,3177,5332,20091,-2051
281,ARNC,2020-02-18,0 days 15:59:21.698059,241984,33.21,33.2,4200,1344,-709,20091
282,ARNC,2020-02-18,0 days 15:59:24.706222,242693,33.21,33.2,2725,8080,1381,-109
283,ARNC,2020-02-18,0 days 15:59:25.707159,241874,33.2,33.19,5753,4250,-11619,1381
284,ARNC,2020-02-18,0 days 15:59:26.708952,253493,33.19,33.18,447,4932,2747,-11619
285,ARNC,2020-02-18,0 days 15:59:27.711747,252440,33.19,33.18,1500,4661,-1063,2747
286,ARNC,2020-02-18,0 days 15:59:47.761132,256131,33.18,33.17,5003,2072,-288,3812
287,ATH,2020-02-18,0 days 15:55:00.077990,121008,49.91,49.9,1190,503,8601,-17095
288,ATH,2020-02-18,0 days 15:55:01.079611,118809,49.91,49.9,1290,503,-2199,8601
289,ATH,2020-02-18,0 days 15:56:44.327195,122047,49.91,49.89,100,200,18,-2299
290,ATH,2020-02-18,0 days 15:56:59.360498,122065,49.9,49.89,256,1007,-123,18
291,ATH,2020-02-18,0 days 15:57:00.365931,122188,49.9,49.89,156,1207,78,-123
292,ATH,2020-02-18,0 days 15:57:01.379920,122266,49.9,49.89,157,1704,-4631,78
293,ATH,2020-02-18,0 days 15:58:39.603248,138005,49.96,49.93,800,2351,462,-3338
294,ATH,2020-02-18,0 days 15:58:40.606577,134967,49.96,49.93,900,2351,-2990,462
295,ATH,2020-02-18,0 days 15:59:07.670800,139757,49.94,49.92,704,139,14908,-2590
296,ATH,2020-02-18,0 days 15:59:08.673313,137711,49.95,49.93,803,406,-2046,14908
297,ATH,2020-02-18,0 days 15:59:18.689248,139757,49.93,49.92,583,1245,15552,-748
298,ATUS,2020-02-18,0 days 15:57:13.839967,946003,29.11,29.1,4654,625,771,-3162
299,ATUS,2020-02-18,0 days 15:57:14.842478,935277,29.12,29.11,5525,2153,-10789,771
300,ATUS,2020-02-18,0 days 15:58:05.965783,946066,29.1,29.09,5616,3003,2151,-7549
301,ATUS,2020-02-18,0 days 15:58:06.968163,938017,29.1,29.09,5716,2603,-8049,2151
302,ATUS,2020-02-18,0 days 15:58:08.973041,946066,29.1,29.09,5717,2528,25130,-8049
303,ATUS,2020-02-18,0 days 15:58:09.975275,939596,29.1,29.09,2437,5428,-6470,25130
304,ATUS,2020-02-18,0 days 15:58:11.979888,946066,29.1,29.09,3136,5540,1230,-6470
305,ATUS,2020-02-18,0 days 15:58:12.982531,939696,29.1,29.09,3637,5192,-6370,1230
306,ATUS,2020-02-18,0 days 15:59:24.154778,961532,29.11,29.1,3849,519,906,-9291
307,ATUS,2020-02-18,0 days 15:59:30.172634,958566,29.12,29.11,4900,3308,-2967,1333
308,AU,2020-02-18,0 days 15:56:44.360800,71299,20.35,20.34,11500,2514,-641,1319
309,AU,2020-02-18,0 days 15:56:45.363371,68940,20.36,20.35,10905,2201,2359,-641
310,AU,2020-02-18,0 days 15:59:18.731690,83952,20.39,20.38,4884,9761,-6660,2857
311,AU,2020-02-18,0 days 15:59:19.734379,82012,20.39,20.38,3180,12433,1940,-6660
312,AU,2020-02-18,0 days 15:59:21.739634,83652,20.4,20.39,16520,3336,-16784,1940
313,AU,2020-02-18,0 days 15:59:22.741792,83036,20.39,20.38,8500,7684,616,-16784
314,AU,2020-02-18,0 days 15:59:42.790802,88683,20.4,20.39,13700,8038,96,-2004
315,AU,2020-02-18,0 days 15:59:47.801940,88779,20.4,20.39,19247,6638,-550,96
316,AU,2020-02-18,0 days 15:59:49.806828,88278,20.4,20.39,16162,7603,501,-599
317,AU,2020-02-18,0 days 15:59:51.811973,88779,20.4,20.39,13162,9527,-8171,2355
318,AVTR,2020-02-18,0 days 15:55:01.045133,81822,17.58,17.57,1575,1727,-13521,25210
319,AVTR,2020-02-18,0 days 15:55:02.046549,79143,17.58,17.57,1775,2027,2679,-13521
320,AVTR,2020-02-18,0 days 15:57:28.398994,85459,17.6,17.59,3792,1074,-3252,1132
321,AVTR,2020-02-18,0 days 15:57:29.421408,82811,17.6,17.59,3802,1174,2648,-3252
322,AXP,2020-02-18,0 days 15:57:33.486584,240797,135.44,135.43,1055,10,795,-2697
323,AXP,2020-02-18,0 days 15:57:34.488967,236492,135.44,135.43,657,200,-4305,795
324,AXP,2020-02-18,0 days 15:58:39.646839,242981,135.58,135.56,309,1000,10523,-7693
325,AXP,2020-02-18,0 days 15:58:40.650279,239104,135.62,135.59,1220,400,-3877,10523
326,AXP,2020-02-18,0 days 15:59:24.753922,246274,135.64,135.61,700,200,-2145,1296
327,AXP,2020-02-18,0 days 15:59:38.786649,248468,135.63,135.61,100,3,1542,-101
328,AXP,2020-02-18,0 days 15:59:48.810154,247366,135.64,135.63,200,100,-1502,847
329,AXTA,2020-02-18,0 days 15:56:59.491683,64042,29.84,29.83,4200,5926,-12173,1661
330,AXTA,2020-02-18,0 days 15:57:00.494322,62015,29.84,29.83,6811,3282,2027,-12173
331,AXTA,2020-02-18,0 days 15:57:10.519678,65400,29.84,29.83,4701,4151,-2201,3099
332,AXTA,2020-02-18,0 days 15:57:11.521355,63301,29.84,29.83,4901,3951,2099,-2201
333,AXTA,2020-02-18,0 days 15:57:38.586270,66720,29.83,29.82,6866,3154,-495,105
334,AXTA,2020-02-18,0 days 15:57:39.588917,64815,29.83,29.82,6866,3317,1905,-495
335,AXTA,2020-02-18,0 days 15:59:30.857904,78922,29.85,29.84,14217,4269,-734,666
336,AXTA,2020-02-18,0 days 15:59:41.884712,78922,29.85,29.84,18874,5383,-169,631
337,AXTA,2020-02-18,0 days 15:59:47.899227,78791,29.83,29.82,4209,3901,363,-169
338,AYX,2020-02-18,0 days 15:56:59.360645,47655,156.17,156.07,430,200,-1609,91
339,AYX,2020-02-18,0 days 15:57:00.366346,46064,156.17,156.07,930,202,1591,-1609
340,AYX,2020-02-18,0 days 15:57:36.452447,51685,156.3,156.24,847,327,-147,253
341,AYX,2020-02-18,0 days 15:57:43.468475,49532,156.31,156.28,220,116,1653,-647
342,AYX,2020-02-18,0 days 15:59:07.670955,57669,156.41,156.32,369,800,-3474,1350
343,AYX,2020-02-18,0 days 15:59:08.673562,56343,156.41,156.32,169,893,1326,-3474
344,AYX,2020-02-18,0 days 15:59:39.741706,64543,156.65,156.59,110,101,-488,7112
345,AYX,2020-02-18,0 days 15:59:46.756735,57674,156.68,156.59,546,1,6870,-740
346,AZN,2020-02-18,0 days 15:55:00.204212,59841,49.17,49.16,4079,4592,-300,16091
347,AZN,2020-02-18,0 days 15:56:03.357039,62557,49.19,49.18,3673,4607,800,-766
348,AZN,2020-02-18,0 days 15:56:04.359248,61857,49.19,49.18,2073,5412,-700,800
349,AZN,2020-02-18,0 days 15:56:29.419234,59003,49.2,49.19,1435,5010,2854,-826
350,AZN,2020-02-18,0 days 15:56:30.421757,58657,49.2,49.19,1635,5310,-346,2854
351,AZN,2020-02-18,0 days 15:57:03.501569,61863,49.19,49.18,4985,2737,494,-606
352,AZN,2020-02-18,0 days 15:57:04.504104,61357,49.19,49.18,4585,2737,-506,494
353,AZN,2020-02-18,0 days 15:57:25.555557,64116,49.17,49.16,4797,2464,-438,462
354,AZN,2020-02-18,0 days 15:58:25.700747,75978,49.16,49.15,1611,3954,916,-384
355,AZN,2020-02-18,0 days 15:58:26.703126,74694,49.16,49.15,2096,4254,-1284,916
356,AZN,2020-02-18,0 days 15:59:19.831433,78038,49.17,49.16,2890,2005,635,-665
357,AZN,2020-02-18,0 days 15:59:20.833933,77473,49.17,49.16,1767,2205,-565,635
358,AZN,2020-02-18,0 days 15:59:47.899207,84146,49.17,49.16,1298,3021,2947,-2755
359,AZN,2020-02-18,0 days 15:59:48.901320,83793,49.17,49.16,1512,3088,-353,2947
360,BA,2020-02-18,0 days 15:57:00.808440,121827,338.87,338.8,393,235,57,-608
361,BA,2020-02-18,0 days 15:57:03.816122,119930,338.82,338.78,151,251,-1897,96
362,BA,2020-02-18,0 days 15:58:36.038123,124154,338.78,338.75,5,100,12003,-2512
363,BA,2020-02-18,0 days 15:58:37.040896,122766,338.79,338.75,201,199,-1388,12003
364,BA,2020-02-18,0 days 15:59:08.117185,126731,338.85,338.78,405,600,6525,-1520
365,BA,2020-02-18,0 days 15:59:09.118971,126256,338.85,338.8,105,300,-475,6525
366,BA,2020-02-18,0 days 15:59:14.131582,129133,338.85,338.81,169,191,1491,-677
367,BA,2020-02-18,0 days 15:59:15.132970,128624,338.85,338.81,69,100,-509,1491
368,BA,2020-02-18,0 days 15:59:19.142479,129133,338.86,338.8,152,1045,11,-489
369,BA,2020-02-18,0 days 15:59:22.150523,128995,338.97,338.91,169,400,-1945,11
370,BA,2020-02-18,0 days 15:59:23.151854,130133,338.96,338.88,312,290,557,-1945
371,BA,2020-02-18,0 days 15:59:24.154935,129590,338.96,338.88,212,490,-543,557
372,BA,2020-02-18,0 days 15:59:27.162146,129133,338.95,338.89,14,29,527,-473
373,BA,2020-02-18,0 days 15:59:28.164656,128717,338.95,338.89,14,129,-416,527
374,BA,2020-02-18,0 days 15:59:33.177120,130133,338.96,338.89,710,100,3373,-4603
375,BA,2020-02-18,0 days 15:59:34.179768,129706,338.98,338.89,900,200,-427,3373
376,BA,2020-02-18,0 days 15:59:36.184139,133328,338.94,338.88,881,746,962,-4538
377,BA,2020-02-18,0 days 15:59:37.187196,132890,338.93,338.88,200,747,-438,962
378,BA,2020-02-18,0 days 15:59:47.211522,133928,338.93,338.84,307,900,6262,-438
379,BABA,2020-02-18,0 days 15:56:59.522156,390751,220.15,220.13,440,130,8555,-29743
380,BABA,2020-02-18,0 days 15:57:00.525700,387482,220.15,220.12,1200,306,-3269,8555
381,BABA,2020-02-18,0 days 15:57:06.538890,392600,220.21,220.19,401,125,32597,-4843
382,BABA,2020-02-18,0 days 15:57:07.541415,379831,220.27,220.23,433,1002,-12987,32597
383,BABA,2020-02-18,0 days 15:57:20.573395,393900,220.22,220.2,507,901,18470,-1168
384,BABA,2020-02-18,0 days 15:57:40.620886,397599,220.15,220.14,301,4,-2031,251
385,BABA,2020-02-18,0 days 15:57:47.638118,397599,220.16,220.14,217,911,-449,151
386,BABA,2020-02-18,0 days 15:57:48.640179,397548,220.2,220.18,3,508,51,-449
387,BABA,2020-02-18,0 days 15:57:49.642666,397599,220.2,220.19,3,412,-1149,51
388,BABA,2020-02-18,0 days 15:57:52.649868,398348,220.21,220.18,302,1707,1951,-149
389,BABA,2020-02-18,0 days 15:57:53.652470,397599,220.22,220.2,300,700,-2149,1951
390,BABA,2020-02-18,0 days 15:58:08.690068,412058,220.16,220.14,419,400,-2010,1073
391,BABA,2020-02-18,0 days 15:58:09.692479,411068,220.16,220.13,1574,300,990,-2010
392,BABA,2020-02-18,0 days 15:58:40.767364,405158,220.18,220.14,400,401,-14651,5667
393,BABA,2020-02-18,0 days 15:58:41.769847,404009,220.18,220.14,700,390,9549,-14651
394,BAC,2020-02-18,0 days 15:55:00.204369,3773028,34.21,34.2,31793,118831,-33735,102155
395,BAC,2020-02-18,0 days 15:57:54.625414,3918319,34.21,34.2,120941,98468,49422,-26078
396,BAC,2020-02-18,0 days 15:57:55.627703,3897541,34.21,34.2,103005,107349,-20778,49422
397,BAC,2020-02-18,0 days 15:58:33.720194,4065379,34.23,34.22,59641,198775,90612,-126943
398,BAC,2020-02-18,0 days 15:58:34.722525,4050619,34.23,34.22,64007,211701,-14460,90612
399,BAC,2020-02-18,0 days 15:58:47.753744,4065970,34.25,34.24,50000,209918,-18609,5691
400,BAC,2020-02-18,0 days 15:59:07.802828,4132926,34.25,34.24,19451,234023,163912,-10010
401,BAC,2020-02-18,0 days 15:59:47.899227,4447289,34.28,34.27,167811,91431,1009,-7491
402,BAC,2020-02-18,0 days 15:59:50.906788,4440398,34.28,34.27,160413,87291,-6891,1009
403,BB,2020-02-18,0 days 15:59:08.643187,349239,6.1,6.09,91095,92478,-6484,9134
404,BB,2020-02-18,0 days 15:59:25.681474,355723,6.1,6.09,80826,123399,2116,-6484
405,BBD,2020-02-18,0 days 15:55:00.078572,1212897,7.31,7.3,122199,298336,679673,-363603
406,BBVA,2020-02-18,0 days 15:57:20.381041,51733,5.54,5.53,492581,49761,2086,-2084
407,BBVA,2020-02-18,0 days 15:59:00.623706,57447,5.53,5.52,377481,550521,-5086,5684
408,BCS,2020-02-18,0 days 15:58:37.641925,145662,9.07,9.06,216996,96152,-11205,9395
409,BCS,2020-02-18,0 days 15:58:38.645048,124867,9.07,9.06,217896,95452,20795,-11205
410,BCS,2020-02-18,0 days 15:59:14.734137,146237,9.07,9.06,108135,177773,-23127,10570
411,BCS,2020-02-18,0 days 15:59:15.732113,140464,9.07,9.06,109835,175573,5773,-23127
412,BCS,2020-02-18,0 days 15:59:24.753922,146237,9.07,9.06,108934,157067,-28208,5118
413,BCS,2020-02-18,0 days 15:59:25.756407,142845,9.07,9.06,111134,154251,4448,-28208
414,BDX,2020-02-18,0 days 15:55:00.109431,112893,256.16,256.1,7,10,-4921,28839
415,BDX,2020-02-18,0 days 15:55:01.112098,112514,256.16,256.08,7,439,379,-4921
416,BDX,2020-02-18,0 days 15:56:59.398230,114052,256.11,256.04,43,150,-874,460
417,BDX,2020-02-18,0 days 15:57:00.400767,113592,256.09,256.01,44,3,460,-874
418,BDX,2020-02-18,0 days 15:57:08.420181,116179,256.08,256.01,601,358,-49,68
419,BDX,2020-02-18,0 days 15:57:09.422431,115928,255.98,255.95,43,5,251,-49
420,BDX,2020-02-18,0 days 15:57:34.482616,116395,255.99,255.94,5,5,-235,165
421,BDX,2020-02-18,0 days 15:57:35.485359,116030,256.0,255.97,100,100,365,-235
422,BDX,2020-02-18,0 days 15:57:36.487784,116395,256.0,255.98,100,100,-635,365
423,BDX,2020-02-18,0 days 15:57:37.490470,116130,256.0,255.97,101,4,265,-635
424,BDX,2020-02-18,0 days 15:57:52.526381,116395,256.01,255.99,60,1873,-1035,165
425,BDX,2020-02-18,0 days 15:57:53.529177,116230,256.01,255.99,60,1873,165,-1035
426,BDX,2020-02-18,0 days 15:57:55.534025,116395,256.01,255.99,60,1875,-435,165
427,BDX,2020-02-18,0 days 15:57:56.535997,115630,256.01,255.98,30,179,765,-435
428,BDX,2020-02-18,0 days 15:58:00.547137,116395,256.01,255.99,30,100,-335,165
429,BDX,2020-02-18,0 days 15:58:01.549595,116230,256.01,255.99,4,200,165,-335
430,BDX,2020-02-18,0 days 15:58:04.557566,116395,256.0,255.97,6,4,-435,165
431,BDX,2020-02-18,0 days 15:58:05.559314,116230,256.0,255.97,4,4,165,-435
432,BDX,2020-02-18,0 days 15:58:09.568650,116453,255.98,255.94,1,89,-466,165
433,BDX,2020-02-18,0 days 15:58:36.633691,122119,256.07,256.06,394,100,2034,-709
434,BDX,2020-02-18,0 days 15:59:01.694897,127647,256.03,255.98,17,446,-769,1580
435,BDX,2020-02-18,0 days 15:59:02.698669,126916,256.08,256.01,179,791,731,-769
436,BDX,2020-02-18,0 days 15:59:06.707637,126884,256.08,256.03,582,227,-632,557
437,BE,2020-02-18,0 days 15:55:38.327861,62898,11.71,11.69,1200,2148,-1412,1188
438,BE,2020-02-18,0 days 15:55:39.330406,60510,11.71,11.69,1100,2233,2388,-1412
439,BEN,2020-02-18,0 days 15:56:19.708363,410569,26.12,26.11,9277,7859,46278,-13722
440,BEN,2020-02-18,0 days 15:56:20.710643,396547,26.12,26.11,10605,7859,-14022,46278
441,BEN,2020-02-18,0 days 15:56:44.768599,470196,26.11,26.1,8870,7911,26006,-73894
442,BEN,2020-02-18,0 days 15:56:45.770872,448902,26.11,26.1,13772,8011,-20994,26006
443,BEN,2020-02-18,0 days 15:59:50.221566,492896,26.08,26.07,11391,4757,-6947,9270
444,BEN,2020-02-18,0 days 15:59:55.230947,481614,26.06,26.05,28005,1688,8817,-6947
445,BHC,2020-02-18,0 days 15:55:35.320882,53156,28.04,28.03,2369,2302,891,-409
446,BHC,2020-02-18,0 days 15:55:36.322946,52247,28.04,28.03,2260,2602,-909,891
447,BHC,2020-02-18,0 days 15:57:00.525937,57357,28.06,28.05,3120,6792,9314,-1186
448,BHC,2020-02-18,0 days 15:57:01.527982,54971,28.06,28.05,3620,7121,-2386,9314
449,BHC,2020-02-18,0 days 15:57:03.532686,64316,28.06,28.05,2920,7611,747,-2445
450,BHC,2020-02-18,0 days 15:57:19.572654,65163,28.06,28.05,4455,3251,-747,316
451,BHC,2020-02-18,0 days 15:57:20.573836,64610,28.06,28.05,4855,3651,3993,-747
452,BHC,2020-02-18,0 days 15:58:37.760418,67046,28.06,28.05,6878,3422,1557,-843
453,BHC,2020-02-18,0 days 15:59:13.848942,72503,28.06,28.05,2852,7373,-13755,137
454,BHP,2020-02-18,0 days 15:59:13.128904,112591,51.61,51.6,8052,3712,-8317,4426
455,BHP,2020-02-18,0 days 15:59:14.131556,109008,51.61,51.6,7952,4712,2383,-8317
456,BHP,2020-02-18,0 days 15:59:15.132913,112591,51.61,51.6,7652,4514,-62617,2383
457,BHP,2020-02-18,0 days 15:59:46.209432,125950,51.59,51.58,5085,500,3161,-1926
458,BK,2020-02-18,0 days 15:55:23.291300,239201,45.24,45.23,3691,7115,-4714,1686
459,BK,2020-02-18,0 days 15:55:24.293979,234015,45.24,45.23,3491,7515,5186,-4714
460,BK,2020-02-18,0 days 15:58:30.743428,247100,45.23,45.22,896,9315,-1015,1385
461,BK,2020-02-18,0 days 15:58:31.745703,242415,45.23,45.22,897,7438,4685,-1015
462,BK,2020-02-18,0 days 15:59:48.932646,299795,45.25,45.24,4901,8698,1574,-28478
463,BKI,2020-02-18,0 days 15:56:44.482984,63002,74.82,74.77,565,420,-3017,1883
464,BKI,2020-02-18,0 days 15:56:45.484738,61299,74.81,74.77,465,600,1703,-3017
465,BKI,2020-02-18,0 days 15:59:02.817830,73664,74.87,74.85,704,8400,1497,-903
466,BKI,2020-02-18,0 days 15:59:37.903559,86729,74.88,74.85,1674,817,-9528,125
467,BKI,2020-02-18,0 days 15:59:38.905311,85457,74.88,74.85,1575,417,1272,-9528
468,BKI,2020-02-18,0 days 15:59:57.948491,85187,74.89,74.85,3290,3317,1542,-10858
469,BKI,2020-02-18,0 days 15:59:59.954313,74829,74.94,74.93,2388,1178,-13458,1542
470,BKR,2020-02-18,0 days 15:55:04.125025,255924,20.93,20.92,3396,5863,-892,7384
471,BKR,2020-02-18,0 days 15:55:05.128879,256816,20.93,20.92,4761,4363,1644,-892
472,BKR,2020-02-18,0 days 15:55:06.130276,256260,20.93,20.92,4327,5963,-556,1644
473,BKR,2020-02-18,0 days 15:56:02.265474,264488,20.91,20.9,13661,3265,2366,-953
474,BKR,2020-02-18,0 days 15:56:03.268114,263922,20.91,20.9,12345,3924,-566,2366
475,BKR,2020-02-18,0 days 15:57:04.416223,287841,20.91,20.9,20049,19444,2947,-1553
476,BKR,2020-02-18,0 days 15:57:05.418445,285988,20.91,20.9,20649,19544,-1853,2947
477,BKR,2020-02-18,0 days 15:57:12.435689,287841,20.91,20.9,21483,17453,2123,-163
478,BKR,2020-02-18,0 days 15:57:13.438150,286264,20.91,20.9,21583,17353,-1577,2123
479,BKR,2020-02-18,0 days 15:58:04.563519,306603,20.91,20.9,21517,26383,-1606,3487
480,BKR,2020-02-18,0 days 15:58:36.639470,308529,20.94,20.93,2430,24864,14217,-3426
481,BKR,2020-02-18,0 days 15:58:37.641988,304246,20.94,20.93,3340,25074,-4283,14217
482,BKR,2020-02-18,0 days 15:59:08.719029,361316,20.95,20.94,4864,5600,12297,-3603
483,BKR,2020-02-18,0 days 15:59:09.720424,360313,20.95,20.94,5893,7700,-1003,12297
484,BKR,2020-02-18,0 days 15:59:14.734220,362913,20.97,20.96,4821,14012,-2215,320
485,BMY,2020-02-18,0 days 15:59:15.132869,683938,66.1,66.09,3881,1150,-101589,740
486,BMY,2020-02-18,0 days 15:59:23.151784,688575,66.07,66.06,1652,1711,140,-1960
487,BMY,2020-02-18,0 days 15:59:24.154899,688715,66.07,66.06,3952,1311,-9709,140
488,BP,2020-02-18,0 days 15:54:01.025228,80774,36.12,36.11,28854,15464,-1928,1124
489,BP,2020-02-18,0 days 15:55:00.167067,91841,36.11,36.1,34049,4824,26954,-1928
490,BP,2020-02-18,0 days 15:55:01.169932,91095,36.11,36.1,33982,5124,-746,26954
491,BP,2020-02-18,0 days 15:57:01.461299,92992,36.11,36.1,22609,23799,708,-105
492,BP,2020-02-18,0 days 15:57:10.482475,95482,36.11,36.1,24978,22899,-9430,14490
493,BP,2020-02-18,0 days 15:57:15.495174,105358,36.11,36.1,22200,23599,10557,-4843
494,BP,2020-02-18,0 days 15:59:45.859078,134202,36.1,36.09,37262,22254,9176,-2524
495,BP,2020-02-18,0 days 15:59:46.861678,127178,36.1,36.09,33989,19927,-7024,9176
496,BRFS,2020-02-18,0 days 15:59:18.792221,40412,7.05,7.04,93090,5798,-9586,399
497,BRK.B,2020-02-18,0 days 15:55:01.045133,301757,226.76,226.74,229,100,-4014,3554
498,BRK.B,2020-02-18,0 days 15:55:02.046584,298231,226.75,226.71,304,5,3526,-4014
499,BRK.B,2020-02-18,0 days 15:55:25.106016,301943,226.72,226.69,485,206,-8886,1214
500,BRK.B,2020-02-18,0 days 15:55:26.104439,298929,226.7,226.67,443,105,3014,-8886
501,BRK.B,2020-02-18,0 days 15:55:40.138790,303948,226.73,226.71,200,1109,-2581,4919
502,BRK.B,2020-02-18,0 days 15:55:41.141420,301429,226.73,226.72,309,226,2519,-2581
503,BRK.B,2020-02-18,0 days 15:57:45.440131,316117,226.67,226.65,408,508,-283,3531
504,BRK.B,2020-02-18,0 days 15:57:47.444605,309900,226.71,226.68,120,131,3216,-69
505,BRK.B,2020-02-18,0 days 15:59:14.656355,363481,226.85,226.82,30,409,-45504,17634
506,BRX,2020-02-18,0 days 15:55:51.641049,106322,20.75,20.74,7872,2712,110,-371
507,BRX,2020-02-18,0 days 15:55:52.643449,105932,20.75,20.74,7712,2912,-390,110
508,BRX,2020-02-18,0 days 15:56:11.688967,106322,20.75,20.74,3134,8065,5210,-990
509,BRX,2020-02-18,0 days 15:56:13.693797,105932,20.75,20.74,2734,8065,-390,410
510,BRX,2020-02-18,0 days 15:56:32.739544,110306,20.75,20.74,5634,8712,2626,-4374
511,BRX,2020-02-18,0 days 15:56:33.741975,109632,20.75,20.74,5634,8712,-674,2626
512,BRX,2020-02-18,0 days 15:57:13.840154,111319,20.74,20.73,9650,3116,42,-794
513,BRX,2020-02-18,0 days 15:57:17.849206,110605,20.74,20.73,9480,3522,-714,86
514,BRX,2020-02-18,0 days 15:57:19.854099,111319,20.74,20.73,9080,3822,1686,-714
515,BRX,2020-02-18,0 days 15:57:20.856393,111315,20.74,20.73,9280,3722,-4,1686
516,BRX,2020-02-18,0 days 15:58:08.973206,117678,20.75,20.74,6036,5804,3656,-1013
517,BRX,2020-02-18,0 days 15:59:38.190114,155320,20.77,20.76,12631,9558,-1252,1962
518,BRX,2020-02-18,0 days 15:59:50.221761,147072,20.77,20.76,2994,12958,7948,-452
519,BSX,2020-02-18,0 days 15:55:01.044080,972398,42.12,42.11,4918,5187,640,-41757
520,BSX,2020-02-18,0 days 15:56:54.316844,977014,42.14,42.13,13748,3156,6368,-8165
521,BSX,2020-02-18,0 days 15:56:55.318125,975982,42.14,42.13,15034,2945,-1032,6368
522,BSX,2020-02-18,0 days 15:57:05.342672,980965,42.14,42.13,13762,808,148,-1164
523,BSX,2020-02-18,0 days 15:57:06.345059,980513,42.14,42.13,13581,1200,-452,148
524,BSX,2020-02-18,0 days 15:57:13.362302,982623,42.14,42.13,17286,443,676,-610
525,BSX,2020-02-18,0 days 15:57:14.365082,982099,42.14,42.13,14649,543,-524,676
526,BSX,2020-02-18,0 days 15:57:30.403584,983972,42.14,42.13,11291,2300,5035,-1103
527,BSX,2020-02-18,0 days 15:57:31.406086,983307,42.14,42.13,15851,379,-665,5035
528,BSX,2020-02-18,0 days 15:57:40.427150,985872,42.14,42.13,12882,1872,1135,-765
529,BSX,2020-02-18,0 days 15:57:45.439370,985872,42.14,42.13,11982,3008,2335,-8465
530,BSX,2020-02-18,0 days 15:57:46.441579,985007,42.14,42.13,11282,3308,-865,2335
531,BSX,2020-02-18,0 days 15:57:49.449027,990791,42.14,42.13,12891,2602,4516,-865
532,BSX,2020-02-18,0 days 15:57:50.451650,989507,42.14,42.13,14600,2302,-1284,4516
533,BSX,2020-02-18,0 days 15:57:52.456046,990791,42.14,42.13,14591,3468,1316,-1284
534,BSX,2020-02-18,0 days 15:57:53.459427,986707,42.14,42.13,12600,4311,-3084,1316
535,BSX,2020-02-18,0 days 15:57:56.465978,990791,42.14,42.13,11191,5427,3116,-1184
536,BSX,2020-02-18,0 days 15:57:57.468345,989507,42.14,42.13,9100,5632,-1284,3116
537,BSX,2020-02-18,0 days 15:58:01.478833,990791,42.14,42.13,9991,5834,6716,-1284
538,BSX,2020-02-18,0 days 15:58:02.482018,989507,42.14,42.13,13600,4232,-1284,6716
539,BSX,2020-02-18,0 days 15:58:06.490983,990791,42.14,42.13,14008,4900,6716,-1284
540,BSX,2020-02-18,0 days 15:58:07.493299,989507,42.14,42.13,12708,5000,-1284,6716
541,BSX,2020-02-18,0 days 15:58:10.500762,990791,42.14,42.13,12108,6752,3476,-1284
542,BSX,2020-02-18,0 days 15:58:11.502720,989967,42.14,42.13,12017,6952,-824,3476
543,BSX,2020-02-18,0 days 15:58:20.524687,990891,42.14,42.13,9611,10318,4376,-824
544,BSX,2020-02-18,0 days 15:58:21.527346,990067,42.14,42.13,9566,11912,-724,4376
545,BSX,2020-02-18,0 days 15:58:36.563437,1014291,42.14,42.13,5670,11158,5716,-724
546,BSX,2020-02-18,0 days 15:58:41.575963,1020007,42.16,42.15,16364,9115,-3284,2716
547,BSX,2020-02-18,0 days 15:58:42.578322,1017891,42.16,42.15,19061,4752,2116,-3284
548,BSX,2020-02-18,0 days 15:58:50.597639,1015267,42.16,42.15,16778,8568,-2624,2136
549,BSX,2020-02-18,0 days 15:58:51.599489,1013591,42.16,42.15,16278,11275,1676,-2624
550,BSX,2020-02-18,0 days 15:59:06.636350,1023715,42.16,42.15,15932,14352,-686,1899
551,BSX,2020-02-18,0 days 15:59:07.639094,1038301,42.16,42.15,14932,14453,1092,-686
552,BSX,2020-02-18,0 days 15:59:23.674852,1039338,42.17,42.16,23447,11844,884,-3916
553,BSX,2020-02-18,0 days 15:59:35.704915,1040338,42.17,42.16,24291,10825,-5245,814
554,BTU,2020-02-18,0 days 15:57:02.462095,60858,7.39,7.38,7240,8838,26,-833
555,BTU,2020-02-18,0 days 15:57:03.465293,59957,7.39,7.38,7140,8738,-901,26
556,BTU,2020-02-18,0 days 15:59:26.811300,74576,7.39,7.38,7115,8026,10,-2004
557,BTU,2020-02-18,0 days 15:59:48.865559,74954,7.38,7.37,11002,6006,8005,-1095
558,BWA,2020-02-18,0 days 15:59:15.852629,362668,34.38,34.37,4706,1484,10489,-31866
559,BWA,2020-02-18,0 days 15:59:37.906232,392020,34.38,34.37,4258,851,-1049,8651
560,BWA,2020-02-18,0 days 15:59:39.910817,394133,34.35,34.34,34,131,2933,-11013
561,BWA,2020-02-18,0 days 15:59:40.913510,393356,34.35,34.33,2445,1200,-277,2933
562,BX,2020-02-18,0 days 15:55:26.105432,126615,61.98,61.97,1100,1479,-61,939
563,BX,2020-02-18,0 days 15:55:36.129709,123576,61.99,61.98,1920,1645,3039,-461
564,BX,2020-02-18,0 days 15:59:20.670736,155046,62.02,62.01,1390,2800,3714,-2786
565,BX,2020-02-18,0 days 15:59:32.698988,164646,62.03,62.02,2500,1000,-2401,2799
566,BX,2020-02-18,0 days 15:59:33.701353,161347,62.03,62.02,3200,380,3299,-2401
567,C,2020-02-18,0 days 15:58:18.683441,1042745,77.61,77.6,4244,12085,-4355,15645
568,C,2020-02-18,0 days 15:58:19.686136,1031500,77.61,77.6,5529,10475,11245,-4355
569,C,2020-02-18,0 days 15:59:14.819794,1117560,77.6,77.59,11300,6074,-68974,34209
570,CAG,2020-02-18,0 days 15:56:10.404566,823749,30.73,30.72,11948,985,980,-1914
571,CAG,2020-02-18,0 days 15:56:11.407055,821429,30.72,30.71,3611,2678,-2320,980
572,CAG,2020-02-18,0 days 15:56:50.500301,823202,30.7,30.69,3664,6858,446,-54
573,CAG,2020-02-18,0 days 15:56:51.502691,821548,30.7,30.69,3929,8258,-1654,446
574,CAG,2020-02-18,0 days 15:57:25.585337,879898,30.65,30.64,12878,911,-44,87
575,CAG,2020-02-18,0 days 15:57:40.621578,873004,30.66,30.65,4690,1437,-6938,162
576,CAG,2020-02-18,0 days 15:57:46.635784,879942,30.65,30.64,3588,1500,275,-3338
577,CAG,2020-02-18,0 days 15:57:48.640854,877617,30.65,30.64,4628,1200,-2325,2975
578,CAG,2020-02-18,0 days 15:58:40.767714,865661,30.66,30.65,512,11799,-34284,7216
579,CAG,2020-02-18,0 days 15:58:41.770254,899945,30.66,30.65,2195,10291,4916,-34284
580,CAG,2020-02-18,0 days 15:58:42.772215,894961,30.66,30.65,1695,10391,-4984,4916
581,CAG,2020-02-18,0 days 15:59:05.828579,900699,30.67,30.66,6615,10116,3132,-5553
582,CAG,2020-02-18,0 days 15:59:15.852660,917643,30.68,30.67,8368,7357,-3832,12068
583,CAG,2020-02-18,0 days 15:59:45.925482,997971,30.69,30.68,9831,932,2129,-6745
584,CAG,2020-02-18,0 days 15:59:48.932598,998200,30.68,30.67,9057,1800,-1655,1240
585,CAH,2020-02-18,0 days 15:55:05.095355,335383,58.95,58.94,316,531,916,-1109
586,CAH,2020-02-18,0 days 15:55:06.092461,334554,58.96,58.95,1193,1200,-829,916
587,CAH,2020-02-18,0 days 15:55:42.178895,335836,58.97,58.96,676,1212,339,-688
588,CAH,2020-02-18,0 days 15:55:43.181316,335175,58.97,58.96,1076,650,-561,339
589,CAH,2020-02-18,0 days 15:56:07.238913,335976,58.94,58.92,614,1152,3102,-487
590,CAH,2020-02-18,0 days 15:56:08.241256,335678,58.94,58.93,300,169,-298,3102
591,CAH,2020-02-18,0 days 15:56:10.245960,336276,58.94,58.92,312,1100,174,-598
592,CAH,2020-02-18,0 days 15:56:11.248045,335950,58.94,58.92,412,1200,-326,174
593,CAH,2020-02-18,0 days 15:56:44.327892,340508,58.95,58.94,348,1797,6,-174
594,CAH,2020-02-18,0 days 15:56:51.344004,339861,58.96,58.94,315,1388,-691,2498
595,CAH,2020-02-18,0 days 15:57:01.379990,340719,58.93,58.92,749,2383,72,-704
596,CAH,2020-02-18,0 days 15:57:34.448358,342442,58.87,58.86,45,1418,1334,-166
597,CAH,2020-02-18,0 days 15:58:11.536725,350276,58.91,58.88,904,1996,-1066,734
598,CAH,2020-02-18,0 days 15:59:08.673665,359470,58.94,58.93,455,1164,-1488,9725
599,CAH,2020-02-18,0 days 15:59:11.680806,357258,58.95,58.94,696,4,873,-1388
600,CAH,2020-02-18,0 days 15:59:53.773354,371411,58.99,58.98,30,30,-141,159
601,CAT,2020-02-18,0 days 15:59:15.657678,710479,136.67,136.65,380,100,-63955,367717
602,CC,2020-02-18,0 days 15:56:31.737352,173367,18.5,18.49,2071,7544,10599,-801
603,CC,2020-02-18,0 days 15:56:32.739456,157066,18.5,18.49,1716,7844,-16301,10599
604,CC,2020-02-18,0 days 15:58:07.970474,174033,18.52,18.51,9497,11304,11707,-1244
605,CC,2020-02-18,0 days 15:58:08.973041,173540,18.52,18.51,8697,11608,-493,11707
606,CC,2020-02-18,0 days 15:59:16.135655,181173,18.53,18.52,3197,6886,70460,-393
607,CCL,2020-02-18,0 days 15:55:00.230520,585942,42.82,42.81,3976,2201,7725,-5802
608,CCL,2020-02-18,0 days 15:55:37.322036,592650,42.86,42.85,1920,2418,-604,1028
609,CCL,2020-02-18,0 days 15:55:38.323378,591454,42.86,42.85,1720,2323,1196,-604
610,CCL,2020-02-18,0 days 15:55:46.342436,591151,42.87,42.86,1719,7905,1499,-101
611,CCL,2020-02-18,0 days 15:56:50.496544,594867,42.87,42.86,5744,2478,-9079,587
612,CCL,2020-02-18,0 days 15:56:51.499126,594146,42.87,42.86,5771,1373,721,-9079
613,CCL,2020-02-18,0 days 15:57:19.569060,601377,42.87,42.86,5716,1780,-7038,2162
614,CCL,2020-02-18,0 days 15:57:20.570607,601015,42.87,42.86,5256,700,362,-7038
615,CCL,2020-02-18,0 days 15:57:33.601312,601377,42.86,42.85,2138,7904,-5238,3262
616,CCL,2020-02-18,0 days 15:57:57.659886,606615,42.86,42.85,13219,6830,4362,-438
617,CCL,2020-02-18,0 days 15:57:58.662038,606177,42.86,42.85,14520,6430,-438,4362
618,CCL,2020-02-18,0 days 15:58:03.675099,606615,42.86,42.85,14319,6491,2962,-438
619,CCL,2020-02-18,0 days 15:58:04.677604,606177,42.86,42.85,17632,5315,-438,2962
620,CCL,2020-02-18,0 days 15:58:10.691932,606615,42.86,42.85,15232,7013,1359,-438
621,CCL,2020-02-18,0 days 15:58:11.694451,603974,42.86,42.85,15952,6613,-2641,1359
622,CCL,2020-02-18,0 days 15:58:25.728467,606615,42.85,42.84,1624,11080,1659,-1009
623,CCL,2020-02-18,0 days 15:58:26.731145,605154,42.85,42.84,1919,11580,-1009,1659
624,CCL,2020-02-18,0 days 15:58:33.747633,615063,42.85,42.84,2937,9616,966,-1009
625,CCL,2020-02-18,0 days 15:58:35.752108,616029,42.85,42.84,2438,10062,-4534,966
626,CCL,2020-02-18,0 days 15:58:36.754620,615063,42.85,42.84,1933,12036,966,-4534
627,CCL,2020-02-18,0 days 15:58:40.765379,625049,42.86,42.85,9400,5202,-7766,10434
628,CCL,2020-02-18,0 days 15:59:01.815405,625299,42.88,42.87,17704,378,-7316,2244
629,CDE,2020-02-18,0 days 15:55:54.240390,294401,6.27,6.26,39739,10126,13810,-19485
630,CDE,2020-02-18,0 days 15:55:55.243110,293011,6.27,6.26,42103,10926,-1385,13810
631,CDE,2020-02-18,0 days 15:56:44.360800,294396,6.26,6.25,23508,45269,615,-1385
632,CDE,2020-02-18,0 days 15:56:45.363432,292811,6.26,6.25,23808,45110,-1585,615
633,CDE,2020-02-18,0 days 15:57:03.408154,294401,6.27,6.26,18913,27862,11617,-1278
634,CDE,2020-02-18,0 days 15:57:04.410337,290818,6.27,6.26,19013,28162,-3578,11617
635,CDE,2020-02-18,0 days 15:57:37.490440,296124,6.27,6.26,18356,34479,3710,-1485
636,CDE,2020-02-18,0 days 15:59:01.694897,305736,6.28,6.27,30198,8412,-1288,11812
637,CDE,2020-02-18,0 days 15:59:02.698669,305024,6.28,6.27,30398,7571,712,-1288
638,CF,2020-02-18,0 days 15:55:01.232781,795636,38.11,38.09,2075,2122,730,-70
639,CF,2020-02-18,0 days 15:55:40.328404,796339,38.1,38.09,422,2610,-112,227
640,CF,2020-02-18,0 days 15:55:42.332976,795657,38.1,38.09,1265,2610,682,-418
641,CF,2020-02-18,0 days 15:56:06.391273,796574,38.08,38.07,1838,2345,-1550,839
642,CF,2020-02-18,0 days 15:56:07.392627,796124,38.08,38.07,1838,2345,450,-1550
643,CF,2020-02-18,0 days 15:56:52.501612,797923,38.05,38.04,595,2107,-2116,783
644,CF,2020-02-18,0 days 15:56:53.504210,797439,38.06,38.05,181,1635,484,-2116
645,CF,2020-02-18,0 days 15:57:01.524462,798517,38.08,38.07,474,2488,-1,478
646,CF,2020-02-18,0 days 15:57:02.526660,798018,38.08,38.07,674,2583,499,-1
647,CF,2020-02-18,0 days 15:57:12.551198,804411,38.07,38.06,9,385,-727,393
648,CF,2020-02-18,0 days 15:57:13.553428,804327,38.07,38.06,9,385,549,-727
649,CF,2020-02-18,0 days 15:57:51.645031,815327,38.03,38.02,2606,3680,1980,-2220
650,CF,2020-02-18,0 days 15:58:25.728400,831269,38.05,38.04,200,2383,-1158,1942
651,CF,2020-02-18,0 days 15:58:26.731115,828227,38.05,38.04,730,2179,3042,-1158
652,CF,2020-02-18,0 days 15:58:37.758035,831269,38.06,38.05,1518,2456,-2258,2642
653,CF,2020-02-18,0 days 15:58:38.759643,828727,38.06,38.05,1618,1931,2542,-2258
654,CF,2020-02-18,0 days 15:58:40.765313,837172,38.06,38.05,100,2886,-1655,8445
655,CF,2020-02-18,0 days 15:58:42.769161,830527,38.06,38.05,500,2227,6645,-1855
656,CF,2020-02-18,0 days 15:58:48.783438,829972,38.08,38.07,175,1090,-5455,2645
657,CF,2020-02-18,0 days 15:59:44.919995,920704,38.13,38.12,800,11685,149,-422
658,CF,2020-02-18,0 days 15:59:48.929678,917739,38.14,38.13,7400,2575,1749,-351
659,CFG,2020-02-18,0 days 15:59:15.849139,1309598,37.97,37.96,9886,6767,-5134,51766
660,CGC,2020-02-18,0 days 15:55:00.204078,52773,21.96,21.95,3350,627,-296,21365
661,CGC,2020-02-18,0 days 15:58:36.727097,53865,21.96,21.95,1675,1026,-361,3739
662,CGC,2020-02-18,0 days 15:59:43.889175,53420,21.95,21.94,1100,12700,-75,925
663,CHS,2020-02-18,0 days 15:55:39.210861,79425,4.0,3.99,4120,48933,-1274,5326
664,CHS,2020-02-18,0 days 15:59:34.779259,96081,4.02,4.01,73965,36917,1570,-2183
665,CI,2020-02-18,0 days 15:58:12.507205,119722,221.9,221.83,202,415,894,-637
666,CI,2020-02-18,0 days 15:59:25.681657,136738,222.0,221.95,1300,585,-130,870
667,CI,2020-02-18,0 days 15:59:30.694288,136077,222.06,222.03,1400,295,561,-239
668,CI,2020-02-18,0 days 15:59:32.698962,136638,222.05,221.95,300,698,-19839,561
669,CI,2020-02-18,0 days 15:59:36.708914,133508,221.97,221.91,657,400,3575,-23170
670,CI,2020-02-18,0 days 15:59:42.723798,137769,221.94,221.91,10,645,-24839,275
671,CI,2020-02-18,0 days 15:59:43.725897,133608,221.95,221.88,1600,497,4161,-24839
672,CI,2020-02-18,0 days 15:59:45.731330,139002,221.95,221.88,2063,584,-316,1895
673,CI,2020-02-18,0 days 15:59:46.733658,138618,221.95,221.88,2163,393,484,-316
674,CI,2020-02-18,0 days 15:59:47.737607,138536,221.95,221.88,2163,393,-82,484
675,CI,2020-02-18,0 days 15:59:48.738338,138218,221.95,221.88,2163,393,254,-82
676,CL,2020-02-18,0 days 15:59:08.712282,847065,76.25,76.24,1458,286,-26433,28986
677,CL,2020-02-18,0 days 15:59:09.714149,844198,76.24,76.23,317,2684,2867,-26433
678,CL,2020-02-18,0 days 15:59:10.716729,847065,76.24,76.23,318,2444,-769,2867
679,CL,2020-02-18,0 days 15:59:11.719021,847934,76.25,76.24,1851,183,4512,-769
680,CL,2020-02-18,0 days 15:59:14.724346,853827,76.25,76.24,2066,1259,-241928,2959
681,CLDR,2020-02-18,0 days 15:55:40.207221,42212,10.8,10.79,11701,11104,-1271,613
682,CLDR,2020-02-18,0 days 15:55:41.209396,38283,10.8,10.79,11801,11204,3929,-1271
683,CLDR,2020-02-18,0 days 15:57:31.477482,47217,10.79,10.78,13859,6135,-206,694
684,CLDR,2020-02-18,0 days 15:57:32.478262,46523,10.79,10.78,13659,6229,694,-206
685,CLDR,2020-02-18,0 days 15:57:33.480809,47217,10.79,10.78,13459,6366,-1106,694
686,CLDR,2020-02-18,0 days 15:57:34.482584,42023,10.79,10.78,13203,10003,5194,-1106
687,CLDR,2020-02-18,0 days 15:57:48.516803,47217,10.79,10.78,19580,7343,-1106,2394
688,CLDR,2020-02-18,0 days 15:58:40.644572,52023,10.79,10.78,16745,7059,7494,-1241
689,CLDR,2020-02-18,0 days 15:58:41.646623,47217,10.79,10.78,17145,7058,-4806,7494
690,CLDR,2020-02-18,0 days 15:59:01.694851,53023,10.79,10.78,16142,10565,194,-3406
691,CLDR,2020-02-18,0 days 15:59:22.741766,71397,10.79,10.78,16466,10209,13120,-17680
692,CLDR,2020-02-18,0 days 15:59:23.743339,69717,10.79,10.78,13966,11109,-1680,13120
693,CLDR,2020-02-18,0 days 15:59:25.748791,81697,10.79,10.78,19547,11032,6420,-11980
694,CLDR,2020-02-18,0 days 15:59:26.750997,79217,10.79,10.78,24284,9895,-2480,6420
695,CLDR,2020-02-18,0 days 15:59:42.790772,87707,10.79,10.78,20990,14159,385,-215
696,CLDR,2020-02-18,0 days 15:59:47.801926,88092,10.79,10.78,21927,13363,-1315,385
697,CLF,2020-02-18,0 days 15:55:00.167332,100576,7.46,7.45,31973,52928,-18408,20417
698,CLF,2020-02-18,0 days 15:58:37.693873,124221,7.46,7.45,46697,41455,2994,-1906
699,CLF,2020-02-18,0 days 15:59:38.842065,178664,7.46,7.45,50588,58711,-1003,2660
700,CLF,2020-02-18,0 days 15:59:48.866186,176167,7.46,7.45,56071,44332,2597,-903
701,CLR,2020-02-18,0 days 15:55:00.114851,227670,26.01,26.0,2923,1047,-137,63396
702,CLR,2020-02-18,0 days 15:55:09.137652,224605,25.98,25.97,2509,194,3065,-137
703,CLR,2020-02-18,0 days 15:56:59.403804,235169,25.99,25.98,2579,4847,-1353,5731
704,CLR,2020-02-18,0 days 15:57:00.406592,232174,25.99,25.98,2879,3890,2995,-1353
705,CLR,2020-02-18,0 days 15:59:57.831852,244897,26.01,25.97,1121,4991,-2525,175
706,CNC,2020-02-18,0 days 15:59:15.848962,1684988,66.66,66.65,141,180,167296,-645013
707,CNK,2020-02-18,0 days 15:55:40.332996,123708,31.7,31.69,861,4767,87,-5519
708,CNK,2020-02-18,0 days 15:55:43.339787,123184,31.71,31.7,395,4642,-524,87
709,CNK,2020-02-18,0 days 15:56:59.522810,123708,31.74,31.73,1041,5395,15129,-1071
710,CNK,2020-02-18,0 days 15:57:00.525937,120237,31.75,31.74,4045,3103,-5830,15129
711,CNK,2020-02-18,0 days 15:57:41.624090,134876,31.71,31.7,1900,3225,115,-985
712,CNK,2020-02-18,0 days 15:57:46.635888,129891,31.71,31.7,2504,3612,-4985,115
713,CNK,2020-02-18,0 days 15:58:16.709757,142954,31.71,31.7,3287,7336,12637,-4363
714,CNK,2020-02-18,0 days 15:58:17.711895,139291,31.71,31.7,2287,7137,-3663,12637
715,CNK,2020-02-18,0 days 15:58:53.798405,136176,31.71,31.7,2260,3093,4635,-3243
716,CNK,2020-02-18,0 days 15:58:54.800988,133711,31.71,31.7,2160,3293,-2465,4635
717,CNK,2020-02-18,0 days 15:59:48.932801,152952,31.71,31.7,1488,200,-1630,3098
718,CNP,2020-02-18,0 days 15:56:25.280902,674626,27.04,27.03,11251,4911,-4253,4047
719,CNP,2020-02-18,0 days 15:56:26.283531,669679,27.04,27.03,11187,4093,4947,-4253
720,CNP,2020-02-18,0 days 15:58:37.598457,711162,27.03,27.02,12251,8885,-4,7296
721,CNP,2020-02-18,0 days 15:58:42.610271,697166,27.04,27.03,8225,9809,6896,-9504
722,CNP,2020-02-18,0 days 15:59:06.667495,699850,27.05,27.04,10745,2239,-1355,5418
723,CNP,2020-02-18,0 days 15:59:07.670300,697515,27.05,27.04,12045,1817,3143,-1355
724,CNP,2020-02-18,0 days 15:59:32.723633,698187,27.07,27.06,4670,12668,4648,-4152
725,CNQ,2020-02-18,0 days 15:56:45.770902,538128,29.52,29.51,5827,14403,145,-1545
726,CNQ,2020-02-18,0 days 15:56:46.773152,536773,29.52,29.51,6017,14103,-1355,145
727,CNQ,2020-02-18,0 days 15:58:21.002027,541362,29.52,29.51,20245,5314,-2456,5244
728,CNQ,2020-02-18,0 days 15:59:38.190083,546411,29.54,29.53,20907,5489,3463,-708
729,CNQ,2020-02-18,0 days 15:59:39.192801,546174,29.54,29.53,21501,5483,-237,3463
730,CNX,2020-02-18,0 days 15:59:14.784930,538646,6.27,6.26,36000,41974,219557,-54186
731,CNX,2020-02-18,0 days 15:59:15.786025,537503,6.28,6.27,8190,34284,-1143,219557
732,COG,2020-02-18,0 days 15:58:39.646901,427005,15.31,15.3,34019,26351,24578,-5797
733,COG,2020-02-18,0 days 15:58:40.650383,415783,15.31,15.3,29229,27175,-11222,24578
734,COG,2020-02-18,0 days 15:59:14.734259,427005,15.31,15.3,43129,8666,21824,-5018
735,COG,2020-02-18,0 days 15:59:15.732208,422682,15.31,15.3,42250,14066,-3023,21824
736,COG,2020-02-18,0 days 15:59:19.742560,427005,15.31,15.3,39414,8469,21182,-3023
737,COG,2020-02-18,0 days 15:59:20.744600,398440,15.31,15.3,42414,7724,-27265,21182
738,COG,2020-02-18,0 days 15:59:21.746612,427005,15.3,15.29,18355,20119,2110,-27265
739,COG,2020-02-18,0 days 15:59:22.748790,425368,15.3,15.29,23640,22419,-337,2110
740,COG,2020-02-18,0 days 15:59:42.796051,439377,15.3,15.29,33905,12084,3191,-4709
741,COG,2020-02-18,0 days 15:59:43.797911,436768,15.3,15.29,31605,13784,-2609,3191
742,COG,2020-02-18,0 days 15:59:51.817500,439377,15.3,15.29,27883,15586,25379,-25209
743,COLD,2020-02-18,0 days 15:59:15.821213,378791,38.29,38.28,500,3457,18002,-63086
744,COLD,2020-02-18,0 days 15:59:20.833965,390773,38.3,38.29,235,2822,-530,3670
745,COLD,2020-02-18,0 days 15:59:21.835444,391303,38.3,38.29,173,2922,6454,-530
746,COLD,2020-02-18,0 days 15:59:37.874756,399472,38.3,38.29,882,2868,-26,4505
747,COLD,2020-02-18,0 days 15:59:41.884693,399498,38.3,38.29,1151,1769,174,-26
748,COLD,2020-02-18,0 days 15:59:42.887120,399142,38.3,38.29,1021,1869,-356,174
749,COLD,2020-02-18,0 days 15:59:44.892167,399498,38.3,38.29,1118,1662,1056,-356
750,COLD,2020-02-18,0 days 15:59:45.894023,399354,38.3,38.29,418,472,-144,1056
751,COP,2020-02-18,0 days 15:59:46.927531,328061,58.32,58.31,75,769,-4194,210
752,COTY,2020-02-18,0 days 15:57:14.366481,248584,11.55,11.54,23549,8683,-18974,7726
753,COTY,2020-02-18,0 days 15:58:33.557536,265662,11.55,11.54,27339,16045,1883,-6141
754,COTY,2020-02-18,0 days 15:58:34.560093,261045,11.55,11.54,26745,16445,-4617,1883
755,COTY,2020-02-18,0 days 15:59:07.640582,292085,11.55,11.54,16572,28745,18960,-5725
756,COTY,2020-02-18,0 days 15:59:08.643187,288145,11.55,11.54,16372,27645,-3940,18960
757,COTY,2020-02-18,0 days 15:59:11.651016,327709,11.55,11.54,23354,24311,40533,-6421
758,COTY,2020-02-18,0 days 15:59:25.681474,328642,11.55,11.54,34119,24238,-1267,933
759,CPE,2020-02-18,0 days 15:59:33.768403,1935405,2.86,2.85,124572,63979,10069,-386
760,CPE,2020-02-18,0 days 15:59:34.770990,1927374,2.86,2.85,117172,65579,-8031,10069
761,CPRI,2020-02-18,0 days 15:55:00.166685,236573,28.11,28.1,3073,1036,1856,-36231
762,CPRI,2020-02-18,0 days 15:55:01.168768,236129,28.11,28.1,3283,1036,-444,1856
763,CPRI,2020-02-18,0 days 15:56:56.447045,264289,28.15,28.14,1201,2100,813,-5038
764,CPRI,2020-02-18,0 days 15:56:57.450464,262002,28.15,28.14,1262,2100,-2287,813
765,CPRI,2020-02-18,0 days 15:58:08.621790,273066,28.13,28.12,2657,5931,10333,-3648
766,CPRI,2020-02-18,0 days 15:58:39.697534,273066,28.16,28.15,1610,4260,2347,-1671
767,CPRI,2020-02-18,0 days 15:58:40.699772,271812,28.16,28.15,874,4460,-1254,2347
768,CPRI,2020-02-18,0 days 15:59:01.752249,275066,28.15,28.14,3069,2631,2218,-3244
769,CPRI,2020-02-18,0 days 15:59:02.753743,273984,28.15,28.14,2533,3659,-1082,2218
770,CPRI,2020-02-18,0 days 15:59:06.763729,275066,28.15,28.14,407,4134,255,-4
771,CPRI,2020-02-18,0 days 15:59:23.803416,275421,28.16,28.15,1790,2018,18888,-815
772,CPRI,2020-02-18,0 days 15:59:45.857733,313921,28.17,28.16,3765,1085,-235,19183
773,CRC,2020-02-18,0 days 15:56:45.458067,86519,6.21,6.2,2780,6615,1059,-941
774,CRC,2020-02-18,0 days 15:56:46.460353,85078,6.21,6.2,2380,6408,-1441,1059
775,CRC,2020-02-18,0 days 15:59:21.835485,99903,6.21,6.2,7263,38281,-1636,864
776,CRM,2020-02-18,0 days 15:57:12.395423,566035,190.9,190.87,357,10,2069,-532
777,CRM,2020-02-18,0 days 15:57:13.398273,565804,190.9,190.87,630,302,-231,2069
778,CRM,2020-02-18,0 days 15:57:33.446191,571311,190.85,190.84,102,1,5870,-930
779,CRM,2020-02-18,0 days 15:57:34.448222,566481,190.86,190.85,215,202,-4830,5870
780,CRM,2020-02-18,0 days 15:57:42.465919,573826,190.87,190.85,713,610,1555,-7545
781,CRM,2020-02-18,0 days 15:57:43.468416,572681,190.89,190.88,300,58,-1145,1555
782,CRM,2020-02-18,0 days 15:57:45.472826,573826,190.89,190.87,511,259,1155,-1145
783,CRM,2020-02-18,0 days 15:57:46.475219,572681,190.9,190.88,651,200,-1145,1155
784,CRM,2020-02-18,0 days 15:57:47.478577,573926,190.9,190.88,451,500,3255,-1145
785,CRM,2020-02-18,0 days 15:57:48.480642,572681,190.9,190.88,446,510,-1245,3255
786,CRM,2020-02-18,0 days 15:57:51.484938,573926,190.9,190.88,857,449,1855,-1245
787,CRM,2020-02-18,0 days 15:57:52.486990,572681,190.9,190.88,857,449,-1245,1855
788,CRM,2020-02-18,0 days 15:57:54.494614,573926,190.9,190.88,1357,455,1855,-1245
789,CRM,2020-02-18,0 days 15:57:55.496901,572681,190.89,190.87,10,449,-1145,1855
790,CRM,2020-02-18,0 days 15:58:00.509398,573826,190.9,190.86,1324,400,355,-1045
791,CRM,2020-02-18,0 days 15:58:01.512027,572581,190.89,190.86,602,200,-1245,355
792,CRM,2020-02-18,0 days 15:58:07.526803,571326,190.85,190.81,300,534,4803,-1597
793,CRM,2020-02-18,0 days 15:58:08.529512,570329,190.85,190.82,227,252,-997,4803
794,CRM,2020-02-18,0 days 15:58:18.553309,570795,190.86,190.84,1685,212,-531,3569
795,CRM,2020-02-18,0 days 15:58:32.586971,569895,190.81,190.79,181,200,-1431,5469
796,CRM,2020-02-18,0 days 15:58:36.596545,571326,190.82,190.81,1565,507,3050,-1531
797,CRM,2020-02-18,0 days 15:58:46.620813,575826,190.87,190.85,2,399,5650,-950
798,CRM,2020-02-18,0 days 15:58:47.622356,572076,190.93,190.89,329,240,-6950,5650
799,CRM,2020-02-18,0 days 15:59:04.663731,579126,190.92,190.91,390,3,1390,-1220
800,CRM,2020-02-18,0 days 15:59:05.666091,578516,190.92,190.91,592,3,-610,1390
801,CRM,2020-02-18,0 days 15:59:06.668057,579126,190.92,190.9,303,941,1704,-610
802,CRM,2020-02-18,0 days 15:59:07.670866,578730,190.91,190.89,200,607,-396,1704
803,CRM,2020-02-18,0 days 15:59:12.682898,590098,190.97,190.93,600,906,7377,-555
804,CRM,2020-02-18,0 days 15:59:13.685435,589575,190.96,190.93,100,1279,-523,7377
805,CRM,2020-02-18,0 days 15:59:14.687861,590098,190.97,190.95,867,427,4453,-523
806,CRM,2020-02-18,0 days 15:59:15.683257,590051,190.97,190.94,900,816,-1247,4453
807,CRM,2020-02-18,0 days 15:59:20.695020,591326,190.98,190.95,195,374,-72,28
808,CRM,2020-02-18,0 days 15:59:35.732449,591498,191.0,190.98,997,656,2007,-32
809,CRM,2020-02-18,0 days 15:59:47.761132,593203,191.07,191.02,668,500,-145,753
810,CRM,2020-02-18,0 days 15:59:50.766783,593054,191.01,190.97,900,112,149,-347
811,CRM,2020-02-18,0 days 15:59:57.783644,593656,191.09,191.04,300,683,5014,-2820
812,CS,2020-02-18,0 days 15:59:36.708886,43827,13.65,13.64,4014,141354,7368,-8832
813,CS,2020-02-18,0 days 15:59:37.712690,43295,13.65,13.64,3714,145054,-532,7368
814,CTL,2020-02-18,0 days 15:55:00.230564,3701190,13.34,13.33,9977,53310,-131819,1825346
815,CTL,2020-02-18,0 days 15:57:20.570565,3835871,13.32,13.31,74328,12453,277,-9323
816,CTL,2020-02-18,0 days 15:57:35.606402,3813948,13.32,13.31,80186,5439,-21923,26977
817,CTL,2020-02-18,0 days 15:57:36.609332,3835871,13.32,13.31,80137,7950,12477,-21923
818,CTL,2020-02-18,0 days 15:57:38.613674,3819248,13.32,13.31,80786,6374,-16623,2877
819,CTL,2020-02-18,0 days 15:58:15.703895,3853892,13.31,13.3,65532,78283,16767,-14333
820,CTL,2020-02-18,0 days 15:58:16.706551,3831359,13.31,13.3,65291,78283,-23433,16767
821,CTL,2020-02-18,0 days 15:58:36.754620,3853629,13.31,13.3,74298,83245,24668,-3133
822,CTL,2020-02-18,0 days 15:58:37.758091,3841297,13.31,13.3,74398,74145,-12332,24668
823,CTL,2020-02-18,0 days 15:59:07.831400,3984137,13.33,13.32,58145,67819,189559,-9208
824,CTL,2020-02-18,0 days 15:59:49.938006,4152808,13.35,13.34,68386,22382,-1081,3219
825,CTVA,2020-02-18,0 days 15:58:39.698918,378134,31.36,31.35,5197,4685,11799,-8519
826,CTVA,2020-02-18,0 days 15:58:40.701305,369333,31.37,31.36,1005,6639,-15401,11799
827,CTVA,2020-02-18,0 days 15:59:26.812067,400744,31.4,31.39,2240,1839,122,-809
828,CTVA,2020-02-18,0 days 15:59:28.817598,400249,31.4,31.39,1056,2812,-514,103
829,CTVA,2020-02-18,0 days 15:59:30.822299,400763,31.4,31.39,1231,4301,3157,-514
830,CTVA,2020-02-18,0 days 15:59:38.842008,404020,31.41,31.4,2738,4415,-184,2757
831,CUBE,2020-02-18,0 days 15:57:33.485184,410152,32.37,32.36,4242,1879,1547,-2053
832,CUBE,2020-02-18,0 days 15:57:34.487556,407899,32.37,32.36,4142,2079,-2253,1547
833,CUBE,2020-02-18,0 days 15:58:11.578078,419937,32.38,32.37,854,5399,3087,-3129
834,CUBE,2020-02-18,0 days 15:58:12.580146,415724,32.38,32.37,954,4600,-4213,3087
835,CUBE,2020-02-18,0 days 15:58:54.681906,419937,32.41,32.4,3704,2627,9211,-4213
836,CUBE,2020-02-18,0 days 15:58:55.684442,419048,32.41,32.4,1149,5354,-889,9211
837,CUBE,2020-02-18,0 days 15:59:06.711659,421303,32.43,32.42,417,7781,6345,-289
838,CUBE,2020-02-18,0 days 15:59:10.721528,441148,32.42,32.41,4703,4264,-330,4545
839,CUBE,2020-02-18,0 days 15:59:14.732470,443052,32.42,32.41,4821,4597,11201,-330
840,CUBE,2020-02-18,0 days 15:59:23.750160,443053,32.41,32.4,3140,5900,-3094,10
841,CUBE,2020-02-18,0 days 15:59:25.754936,447126,32.41,32.4,1660,7200,4127,-1165
842,CVE,2020-02-18,0 days 15:59:30.694245,58455,8.91,8.9,69639,97671,-3458,2342
843,CVE,2020-02-18,0 days 15:59:36.708886,61913,8.91,8.9,33561,127535,2742,-3458
844,CVE,2020-02-18,0 days 15:59:37.712690,61655,8.91,8.9,33561,136450,-258,2742
845,CVNA,2020-02-18,0 days 15:55:00.115154,75718,94.0,93.96,400,1309,36991,-13774
846,CVNA,2020-02-18,0 days 15:55:47.230173,112953,94.08,94.05,421,201,-17753,24647
847,CVNA,2020-02-18,0 days 15:55:48.232087,110606,94.08,94.03,700,100,2347,-17753
848,CVNA,2020-02-18,0 days 15:57:33.486683,113726,94.04,94.0,700,1519,-155,845
849,CVNA,2020-02-18,0 days 15:57:34.489061,111881,94.04,94.0,720,1519,1845,-155
850,CVNA,2020-02-18,0 days 15:57:41.506118,113726,93.98,93.92,203,400,-103,897
851,CVNA,2020-02-18,0 days 15:57:42.508358,112029,93.98,93.92,303,400,1697,-103
852,CVNA,2020-02-18,0 days 15:58:50.673110,114426,94.03,93.99,100,200,-19,981
853,CVNA,2020-02-18,0 days 15:58:51.675383,112645,94.03,93.99,200,400,1781,-19
854,CVNA,2020-02-18,0 days 15:59:48.810321,151668,94.33,94.28,100,200,790,-32
855,CVS,2020-02-18,0 days 15:57:00.522037,390069,71.91,71.9,3004,2139,2277,-629
856,CVS,2020-02-18,0 days 15:57:01.524462,387246,71.91,71.9,3305,2859,-2823,2277
857,CVS,2020-02-18,0 days 15:58:10.691858,404467,71.88,71.87,911,1839,33073,-3411
858,CVS,2020-02-18,0 days 15:58:11.694385,396940,71.89,71.88,600,1204,-7527,33073
859,CVS,2020-02-18,0 days 15:58:24.726296,404467,71.89,71.88,1167,4293,1252,-1872
860,CVS,2020-02-18,0 days 15:58:25.728400,402695,71.89,71.88,1767,3783,-1772,1252
861,CVS,2020-02-18,0 days 15:58:33.747553,418767,71.89,71.88,2068,4069,1471,-1772
862,CVS,2020-02-18,0 days 15:58:40.765313,420238,71.91,71.9,84,2249,-5829,1171
863,CVS,2020-02-18,0 days 15:59:03.819871,467212,71.94,71.93,12006,855,-38581,46419
864,CVS,2020-02-18,0 days 15:59:04.822995,470093,71.94,71.93,10243,412,3903,-38581
865,CVS,2020-02-18,0 days 15:59:41.913072,583212,71.99,71.98,1800,5640,113,-7240
866,CVX,2020-02-18,0 days 15:55:01.045440,541213,110.14,110.13,415,560,999,-28512
867,CVX,2020-02-18,0 days 15:55:16.081603,567332,110.13,110.11,2404,1323,-869,751
868,CVX,2020-02-18,0 days 15:55:17.083777,564401,110.13,110.12,797,769,2931,-869
869,CVX,2020-02-18,0 days 15:56:27.251617,568672,110.17,110.16,694,1338,-11475,1925
870,CVX,2020-02-18,0 days 15:56:28.253836,565747,110.17,110.15,2698,2406,2925,-11475
871,CVX,2020-02-18,0 days 15:57:33.412010,580603,110.16,110.15,1396,300,-7815,3571
872,CVX,2020-02-18,0 days 15:57:34.414093,578318,110.15,110.14,1585,511,1771,-7815
873,CVX,2020-02-18,0 days 15:57:36.419943,580903,110.15,110.14,1518,711,-3111,2071
874,CVX,2020-02-18,0 days 15:57:37.422189,579114,110.15,110.14,1378,823,1381,-3111
875,CVX,2020-02-18,0 days 15:57:48.448214,581198,110.14,110.13,1,916,-2256,4684
876,CVX,2020-02-18,0 days 15:57:49.450485,578154,110.14,110.13,780,316,2855,-2256
877,CVX,2020-02-18,0 days 15:58:01.480395,580769,110.14,110.13,2944,1154,240,-771
878,CVX,2020-02-18,0 days 15:58:09.499674,583518,110.13,110.12,1226,1091,-10066,2349
879,CVX,2020-02-18,0 days 15:58:10.502310,582084,110.13,110.12,1616,893,1434,-10066
880,CVX,2020-02-18,0 days 15:58:48.594006,632539,110.21,110.2,750,600,5023,-2377
881,CVX,2020-02-18,0 days 15:59:10.647913,633839,110.19,110.18,1345,1389,4771,-365
882,CVX,2020-02-18,0 days 15:59:16.660060,655836,110.21,110.19,1132,1469,-893,22597
883,CVX,2020-02-18,0 days 15:59:21.672810,652448,110.21,110.2,2347,506,3888,-8412
884,CVX,2020-02-18,0 days 15:59:32.698962,653765,110.23,110.22,1596,1705,3338,-4062
885,CVX,2020-02-18,0 days 15:59:39.716209,661454,110.23,110.22,1404,2663,-385,467
886,CVX,2020-02-18,0 days 15:59:40.719795,660760,110.23,110.22,653,2886,694,-385
887,CVX,2020-02-18,0 days 15:59:46.733658,659444,110.23,110.22,344,545,6939,-8256
888,CVX,2020-02-18,0 days 15:59:47.737607,666383,110.25,110.23,3832,400,-851,6939
889,CVX,2020-02-18,0 days 15:59:49.741191,665207,110.25,110.24,3441,600,576,-2024
890,CYH,2020-02-18,0 days 15:56:03.194239,33246,4.71,4.7,8700,16500,1101,-622
891,CYH,2020-02-18,0 days 15:56:04.196354,32247,4.71,4.7,8700,16500,-999,1101
892,CYH,2020-02-18,0 days 15:57:05.344210,33246,4.71,4.7,11202,10211,1428,-272
893,CYH,2020-02-18,0 days 15:57:06.346495,32474,4.71,4.7,10902,11011,-772,1428
894,CYH,2020-02-18,0 days 15:58:06.492447,33246,4.71,4.7,11954,26211,5255,-6845
895,CYH,2020-02-18,0 days 15:58:07.494765,26401,4.71,4.7,11654,26511,-6845,5255
896,CYH,2020-02-18,0 days 15:59:20.670698,33246,4.71,4.7,12642,32223,3415,-545
897,CYH,2020-02-18,0 days 15:59:21.672781,30561,4.71,4.7,12442,32923,-2685,3415
898,CYH,2020-02-18,0 days 15:59:23.676563,33246,4.71,4.7,12365,31723,1339,-2685
899,D,2020-02-18,0 days 15:55:00.166992,391877,88.88,88.87,1694,5828,3749,-11642
900,D,2020-02-18,0 days 15:56:58.453085,420639,88.84,88.83,1728,3304,-546,1736
901,D,2020-02-18,0 days 15:57:12.487783,429088,88.82,88.81,2863,469,-2678,2848
902,D,2020-02-18,0 days 15:57:13.490439,422466,88.81,88.8,1248,604,8962,-2678
903,D,2020-02-18,0 days 15:59:00.749965,446401,88.91,88.89,3773,5390,7036,-2164
904,D,2020-02-18,0 days 15:59:14.784862,463051,88.94,88.93,1851,4005,5738,-3491
905,D,2020-02-18,0 days 15:59:42.851747,480875,89.0,88.99,6465,1065,-1156,264
906,DAL,2020-02-18,0 days 15:56:50.496544,350391,58.7,58.69,3697,2901,2157,-157
907,DAL,2020-02-18,0 days 15:56:51.499155,347434,58.7,58.69,4198,2805,-2857,2157
908,DAL,2020-02-18,0 days 15:58:23.724419,362477,58.71,58.7,5165,4325,2580,-4820
909,DAL,2020-02-18,0 days 15:58:24.726387,357657,58.71,58.7,4181,4625,-4820,2580
910,DAL,2020-02-18,0 days 15:59:06.828072,364425,58.7,58.69,1619,6931,8227,-5295
911,DAL,2020-02-18,0 days 15:59:11.840643,368386,58.72,58.71,13875,790,-217,1383
912,DAL,2020-02-18,0 days 15:59:13.844978,363103,58.69,58.68,1726,525,8139,-217
913,DAL,2020-02-18,0 days 15:59:17.853317,370576,58.69,58.68,2499,2707,3433,-134
914,DAL,2020-02-18,0 days 15:59:29.882780,378476,58.71,58.7,2100,300,784,-4581
915,DB,2020-02-18,0 days 15:59:37.903585,121841,10.72,10.71,179887,142039,11037,-3063
916,DB,2020-02-18,0 days 15:59:38.905330,119678,10.72,10.71,158171,141506,-2663,11037
917,DBI,2020-02-18,0 days 15:56:56.483974,59025,14.36,14.35,8301,1001,2478,-22
918,DBI,2020-02-18,0 days 15:56:57.486630,58203,14.36,14.35,7399,901,-822,2478
919,DBI,2020-02-18,0 days 15:59:18.828076,67003,14.31,14.3,10023,4520,-160,253
920,DD,2020-02-18,0 days 15:55:00.109499,1237664,53.51,53.5,1318,1945,-8537,27588
921,DD,2020-02-18,0 days 15:55:01.112129,1235201,53.52,53.51,446,1906,1663,-8537
922,DD,2020-02-18,0 days 15:55:39.204722,1238664,53.5,53.49,2624,2454,-658,1683
923,DD,2020-02-18,0 days 15:55:40.207278,1238122,53.5,53.49,3124,2354,542,-658
924,DD,2020-02-18,0 days 15:55:48.225861,1238670,53.5,53.49,2434,700,-9052,1448
925,DD,2020-02-18,0 days 15:55:49.228272,1238122,53.5,53.49,2434,600,548,-9052
926,DD,2020-02-18,0 days 15:56:30.327354,1239463,53.5,53.49,902,3025,-396,304
927,DD,2020-02-18,0 days 15:56:31.329648,1239859,53.5,53.49,1610,2926,204,-396
928,DD,2020-02-18,0 days 15:56:43.358620,1240063,53.49,53.48,1927,1861,-96,1004
929,DD,2020-02-18,0 days 15:56:44.360800,1239159,53.49,53.48,2027,1861,904,-96
930,DD,2020-02-18,0 days 15:56:55.388113,1240063,53.5,53.49,3302,2600,-1963,904
931,DD,2020-02-18,0 days 15:56:56.389830,1239326,53.5,53.49,3702,1400,737,-1963
932,DD,2020-02-18,0 days 15:56:59.398259,1240063,53.5,53.49,3402,2939,-11054,487
933,DD,2020-02-18,0 days 15:57:32.478295,1272809,53.47,53.46,3715,1206,4283,-1917
934,DD,2020-02-18,0 days 15:57:33.480837,1268592,53.48,53.47,2140,2000,-7217,4283
935,DD,2020-02-18,0 days 15:57:42.502075,1272809,53.48,53.47,2967,2220,2083,-317
936,DD,2020-02-18,0 days 15:57:44.506938,1272492,53.48,53.47,3468,2220,-317,183
937,DD,2020-02-18,0 days 15:57:51.524501,1272809,53.47,53.46,2462,2616,2383,-6617
938,DD,2020-02-18,0 days 15:57:52.526405,1272292,53.47,53.46,1987,2516,-517,2383
939,DD,2020-02-18,0 days 15:58:02.551713,1272809,53.49,53.48,2140,2784,1783,-517
940,DD,2020-02-18,0 days 15:58:03.554183,1272492,53.49,53.48,3240,2107,-317,1783
941,DD,2020-02-18,0 days 15:58:39.641022,1316012,53.47,53.46,5301,4466,16890,-3222
942,DD,2020-02-18,0 days 15:58:40.644654,1313702,53.5,53.49,100,2627,-2310,16890
943,DD,2020-02-18,0 days 15:58:43.651170,1316012,53.5,53.49,1020,2406,8290,-2310
944,DD,2020-02-18,0 days 15:59:01.694897,1315402,53.49,53.48,532,3886,-680,6190
945,DD,2020-02-18,0 days 15:59:06.707642,1308923,53.49,53.48,3726,2377,64,-425
946,DD,2020-02-18,0 days 15:59:14.724642,1322968,53.45,53.44,1477,809,-104331,145
947,DD,2020-02-18,0 days 15:59:45.797621,1481107,53.45,53.44,5083,2535,2011,-4877
948,DD,2020-02-18,0 days 15:59:48.805529,1479363,53.45,53.44,5588,897,-1744,4751
949,DD,2020-02-18,0 days 15:59:55.821546,1481107,53.42,53.41,19147,6297,18456,-544
950,DELL,2020-02-18,0 days 15:55:00.517890,266306,52.68,52.67,418,500,22174,-163716
951,DELL,2020-02-18,0 days 15:55:01.520166,264180,52.7,52.69,487,300,-2126,22174
952,DELL,2020-02-18,0 days 15:55:56.653237,277083,52.71,52.7,47,272,58754,-1346
953,DELL,2020-02-18,0 days 15:56:47.776259,281860,52.76,52.74,662,803,81971,-3429
954,DELL,2020-02-18,0 days 15:59:10.121627,328262,52.72,52.69,205,401,-821,1479
955,DELL,2020-02-18,0 days 15:59:14.131584,325583,52.74,52.71,8700,1866,2679,-3321
956,DELL,2020-02-18,0 days 15:59:40.195654,334190,52.78,52.74,4450,2,-3,597
957,DELL,2020-02-18,0 days 15:59:48.213505,302439,52.78,52.74,1700,1256,32003,-55457
958,DELL,2020-02-18,0 days 15:59:51.221365,251468,52.78,52.74,532,2587,-82771,1929
959,DHI,2020-02-18,0 days 15:56:44.365686,649298,61.85,61.84,200,2066,2044,-766
960,DHI,2020-02-18,0 days 15:56:45.369144,644942,61.85,61.84,810,1443,-4356,2044
961,DHI,2020-02-18,0 days 15:58:17.593643,655254,61.83,61.82,3298,418,67,-5433
962,DHI,2020-02-18,0 days 15:58:19.598143,647521,61.83,61.82,3226,425,-7733,67
963,DHI,2020-02-18,0 days 15:58:33.631705,655254,61.82,61.81,1,2166,7571,-1433
964,DHI,2020-02-18,0 days 15:58:34.633998,651025,61.82,61.81,1,2166,-4229,7571
965,DHI,2020-02-18,0 days 15:59:07.715885,658538,61.85,61.84,625,2785,14132,-1500
966,DHI,2020-02-18,0 days 15:59:08.718672,639270,61.85,61.84,563,2703,-18268,14132
967,DHI,2020-02-18,0 days 15:59:15.731860,659000,61.85,61.84,1680,1814,3954,-2605
968,DHI,2020-02-18,0 days 15:59:16.734572,657254,61.84,61.83,733,1709,-746,3954
969,DHI,2020-02-18,0 days 15:59:17.735932,658000,61.84,61.83,539,1879,5475,-746
970,DHI,2020-02-18,0 days 15:59:18.738586,651575,61.84,61.83,715,1738,-6425,5475
971,DHI,2020-02-18,0 days 15:59:47.807869,659719,61.83,61.82,670,1816,8072,-528
972,DHI,2020-02-18,0 days 15:59:48.810027,658991,61.84,61.82,4034,1816,-628,8072
973,DHT,2020-02-18,0 days 15:57:28.589401,50379,5.59,5.58,12029,9000,1524,-1276
974,DHT,2020-02-18,0 days 15:57:29.592057,48803,5.59,5.58,11537,9300,-1576,1524
975,DHT,2020-02-18,0 days 15:59:08.833584,50710,5.6,5.59,11497,18514,628,-1072
976,DHT,2020-02-18,0 days 15:59:09.836341,49638,5.6,5.59,11497,20580,-1072,628
977,DHT,2020-02-18,0 days 15:59:26.875949,53538,5.6,5.59,14802,7866,2740,-2100
978,DHT,2020-02-18,0 days 15:59:27.878057,52678,5.6,5.59,12912,9066,-860,2740
979,DHT,2020-02-18,0 days 15:59:34.896053,58083,5.6,5.59,13364,13763,1695,-4660
980,DHT,2020-02-18,0 days 15:59:35.897469,56878,5.6,5.59,13264,13865,-1205,1695
981,DHT,2020-02-18,0 days 15:59:40.910629,58083,5.6,5.59,21249,10575,1657,-1205
982,DHT,2020-02-18,0 days 15:59:41.913110,57340,5.6,5.59,18676,11580,-743,1657
983,DIS,2020-02-18,0 days 15:59:34.896100,651000,139.11,139.1,420,205,-5409,14001
984,DIS,2020-02-18,0 days 15:59:35.897556,650242,139.1,139.09,300,1140,758,-5409
985,DIS,2020-02-18,0 days 15:59:44.920052,651208,139.12,139.1,494,1921,1892,-12108
986,DIS,2020-02-18,0 days 15:59:45.922209,653100,139.12,139.1,594,1825,-402,1892
987,DIS,2020-02-18,0 days 15:59:46.925031,648302,139.11,139.1,1110,112,4998,-402
988,DLR,2020-02-18,0 days 15:55:00.114686,230470,133.02,133.0,300,442,59239,-4445
989,DLR,2020-02-18,0 days 15:56:33.340210,294395,133.06,133.03,28,236,-2656,6206
990,DLR,2020-02-18,0 days 15:56:34.342510,288351,133.06,133.03,328,145,6044,-2656
991,DLR,2020-02-18,0 days 15:59:05.710736,305150,133.06,133.03,359,421,-659,9854
992,DLR,2020-02-18,0 days 15:59:07.716012,300809,133.08,133.03,900,275,7146,-3110
993,DLR,2020-02-18,0 days 15:59:45.803134,331029,133.12,133.09,737,100,-29,1956
994,DLR,2020-02-18,0 days 15:59:48.810064,328246,133.11,133.08,303,255,1083,-714
995,DO,2020-02-18,0 days 15:57:06.541972,56129,3.86,3.85,30403,34056,-5946,2796
996,DO,2020-02-18,0 days 15:58:10.695577,62516,3.86,3.85,38341,35832,9542,-2430
997,DOW,2020-02-18,0 days 15:57:11.485357,296318,47.73,47.72,1729,1117,1210,-654
998,DOW,2020-02-18,0 days 15:57:12.487698,295028,47.73,47.72,1629,1796,-990,1210
999,DOW,2020-02-18,0 days 15:57:37.547673,297448,47.7,47.68,1267,1200,880,-220
1000,DOW,2020-02-18,0 days 15:57:38.549952,296528,47.7,47.68,1267,1400,-920,880
1001,DOW,2020-02-18,0 days 15:57:47.572547,297448,47.7,47.68,967,2201,902,-2699
1002,DOW,2020-02-18,0 days 15:57:48.574117,296550,47.69,47.68,934,100,-898,902
1003,DOW,2020-02-18,0 days 15:57:58.598389,297448,47.68,47.66,1592,1310,602,-898
1004,DOW,2020-02-18,0 days 15:57:59.600971,296550,47.68,47.66,1599,1310,-898,602
1005,DOW,2020-02-18,0 days 15:58:15.640218,313292,47.67,47.66,2540,1610,1806,-194
1006,DOW,2020-02-18,0 days 15:58:16.642889,311098,47.67,47.66,2940,1710,-2194,1806
1007,DOW,2020-02-18,0 days 15:58:36.690622,313292,47.66,47.65,1363,1900,17936,-1994
1008,DOW,2020-02-18,0 days 15:59:05.762330,312333,47.7,47.69,509,981,11628,-1771
1009,DOW,2020-02-18,0 days 15:59:08.770470,372085,47.71,47.7,200,479,-28866,43834
1010,DOW,2020-02-18,0 days 15:59:09.772944,364879,47.71,47.69,400,704,8906,-28866
1011,DRE,2020-02-18,0 days 15:55:00.115023,159551,38.53,38.52,3996,1073,-4088,28079
1012,DRE,2020-02-18,0 days 15:55:01.118061,156739,38.53,38.52,5729,873,2812,-4088
1013,DRE,2020-02-18,0 days 15:56:34.342650,159951,38.54,38.53,3271,5513,-2592,1573
1014,DRE,2020-02-18,0 days 15:56:35.345626,157743,38.54,38.53,1973,5990,2208,-2592
1015,DRE,2020-02-18,0 days 15:57:07.423584,164345,38.51,38.5,7990,2300,-7318,2672
1016,DRE,2020-02-18,0 days 15:58:05.565304,182587,38.49,38.48,4446,3250,332,-968
1017,DRE,2020-02-18,0 days 15:59:08.719073,222515,38.52,38.51,2487,5803,-1348,30997
1018,DRE,2020-02-18,0 days 15:59:16.734894,230854,38.52,38.51,3346,6212,76,-2424
1019,DRE,2020-02-18,0 days 15:59:18.738934,233734,38.52,38.51,894,8745,-3020,2880
1020,DRE,2020-02-18,0 days 15:59:19.742560,232654,38.52,38.51,1714,9015,1080,-3020
1021,DRE,2020-02-18,0 days 15:59:29.765928,234344,38.52,38.51,2521,5445,-810,290
1022,DRE,2020-02-18,0 days 15:59:30.768595,232954,38.52,38.51,3316,4949,1390,-810
1023,DRE,2020-02-18,0 days 15:59:42.796051,236700,38.52,38.51,2835,8703,-319,69
1024,DUK,2020-02-18,0 days 15:57:11.551948,953525,101.86,101.85,3665,794,3897,-2888
1025,DUK,2020-02-18,0 days 15:57:12.554034,950822,101.86,101.85,2297,1496,-2703,3897
1026,DUK,2020-02-18,0 days 15:57:37.614528,951625,101.84,101.83,2214,815,5685,-2215
1027,DUK,2020-02-18,0 days 15:57:38.616644,949710,101.84,101.83,1813,1648,-1915,5685
1028,DUK,2020-02-18,0 days 15:57:53.653227,953525,101.86,101.85,1200,1050,8985,-1915
1029,DUK,2020-02-18,0 days 15:57:55.657906,951410,101.85,101.84,500,901,-2221,8985
1030,DUK,2020-02-18,0 days 15:58:00.671296,953631,101.88,101.87,1150,314,3579,-2221
1031,DUK,2020-02-18,0 days 15:58:01.673415,951310,101.88,101.87,650,1105,-2321,3579
1032,DUK,2020-02-18,0 days 15:58:14.704669,953631,101.88,101.87,1552,1522,279,-2321
1033,DUK,2020-02-18,0 days 15:58:15.706900,951310,101.88,101.87,1131,2334,-2321,279
1034,DUK,2020-02-18,0 days 15:58:21.721764,951431,101.9,101.89,1168,365,980,-121
1035,DUK,2020-02-18,0 days 15:58:22.724662,949962,101.9,101.89,1375,465,-1469,980
1036,DUK,2020-02-18,0 days 15:58:24.728789,951431,101.9,101.89,1185,1642,3531,-1469
1037,DUK,2020-02-18,0 days 15:58:25.731389,949462,101.9,101.89,1210,1659,-1969,3531
1038,DUK,2020-02-18,0 days 15:58:34.752982,951667,101.92,101.91,282,1723,5795,-12305
1039,DUK,2020-02-18,0 days 15:58:35.755458,949362,101.92,101.91,1082,1623,-2305,5795
1040,DUK,2020-02-18,0 days 15:58:38.762630,946462,101.91,101.9,1549,53,-4969,1831
1041,DUK,2020-02-18,0 days 15:58:39.765428,951667,101.91,101.89,1460,401,5987,-4969
1042,DUK,2020-02-18,0 days 15:58:59.813143,959772,101.94,101.93,268,2104,-395,5605
1043,DUK,2020-02-18,0 days 15:59:05.828733,973627,101.99,101.98,615,1273,445,-2055
1044,DUK,2020-02-18,0 days 15:59:06.830897,969072,102.0,101.99,247,600,-996,445
1045,DUK,2020-02-18,0 days 15:59:15.852821,978360,102.0,101.99,296,1635,-1290,6610
1046,DUK,2020-02-18,0 days 15:59:16.855128,976916,101.98,101.97,207,712,4544,-1290
1047,DUK,2020-02-18,0 days 15:59:22.869710,985449,102.01,102.0,190,912,626,-5774
1048,DUK,2020-02-18,0 days 15:59:36.903332,1005724,102.0,101.98,1259,659,1459,-2541
1049,DUK,2020-02-18,0 days 15:59:37.906419,1001683,102.0,101.99,300,300,-4274,1459
1050,DUK,2020-02-18,0 days 15:59:38.908570,1000460,102.01,101.99,1340,706,1123,-4274
1051,DUK,2020-02-18,0 days 15:59:44.923155,999077,102.02,102.0,1328,69,3006,-9394
1052,DUK,2020-02-18,0 days 15:59:45.925607,1002183,102.01,101.99,300,927,-2250,3006
1053,DUK,2020-02-18,0 days 15:59:47.930203,986829,102.0,101.99,600,127,15354,-850
1054,DVN,2020-02-18,0 days 15:58:03.611256,436250,22.11,22.1,4435,5104,814,-1486
1055,DVN,2020-02-18,0 days 15:58:04.613874,425164,22.11,22.1,3871,3939,-11086,814
1056,DVN,2020-02-18,0 days 15:58:36.691272,440390,22.08,22.07,8475,2418,6608,-3898
1057,DVN,2020-02-18,0 days 15:58:37.693847,418098,22.08,22.07,8475,2351,-22292,6608
1058,DVN,2020-02-18,0 days 15:59:32.826799,479276,22.13,22.12,1347,1351,786,-7914
1059,DVN,2020-02-18,0 days 15:59:33.829631,473762,22.15,22.13,1800,1257,-5624,786
1060,DVN,2020-02-18,0 days 15:59:42.851887,479286,22.16,22.15,1247,1000,2888,-15160
1061,DVN,2020-02-18,0 days 15:59:43.853799,478031,22.16,22.15,300,1400,-1255,2888
1062,DXC,2020-02-18,0 days 15:59:49.806882,604433,29.78,29.77,4553,357,-733,1829
1063,EAF,2020-02-18,0 days 15:59:15.786146,447895,9.79,9.78,21600,10176,72550,-85621
1064,EAF,2020-02-18,0 days 15:59:16.788006,427951,9.8,9.79,17849,6269,-19944,72550
1065,EAF,2020-02-18,0 days 15:59:19.795369,447895,9.78,9.77,1776,1600,23192,-14496
1066,EAF,2020-02-18,0 days 15:59:20.797401,446687,9.78,9.77,801,1900,-308,23192
1067,EAF,2020-02-18,0 days 15:59:21.800399,446995,9.78,9.77,10401,3200,26407,-308
1068,EAF,2020-02-18,0 days 15:59:23.804864,445602,9.78,9.77,10561,2200,-1393,32207
1069,EAF,2020-02-18,0 days 15:59:30.822299,447895,9.78,9.77,6734,3500,20927,-1173
1070,ED,2020-02-18,0 days 15:58:39.646960,1030166,94.35,94.33,709,900,552,-8473
1071,ED,2020-02-18,0 days 15:58:40.650430,1026118,94.37,94.35,900,600,-2083,552
1072,ED,2020-02-18,0 days 15:59:33.776731,1042601,94.4,94.38,201,999,153,-2786
1073,ED,2020-02-18,0 days 15:59:38.786811,1042754,94.42,94.4,600,661,-201,153
1074,ED,2020-02-18,0 days 15:59:45.803334,1044855,94.42,94.39,200,614,175,-225
1075,ED,2020-02-18,0 days 15:59:55.826792,1038762,94.39,94.33,1523,131,4874,-4540
1076,EGO,2020-02-18,0 days 15:55:00.204212,13256,7.36,7.35,8475,40943,-5161,469
1077,EGO,2020-02-18,0 days 15:59:09.807550,18417,7.37,7.36,51071,10376,874,-1495
1078,ELAN,2020-02-18,0 days 15:55:04.528680,546112,30.42,30.41,3701,301,-1661,13272
1079,ELAN,2020-02-18,0 days 15:55:05.530357,534373,30.4,30.39,501,2981,11739,-1661
1080,ELAN,2020-02-18,0 days 15:55:41.617289,545844,30.42,30.41,300,6242,-85034,9702
1081,ELAN,2020-02-18,0 days 15:55:42.619608,542878,30.42,30.41,300,4800,2966,-85034
1082,ELAN,2020-02-18,0 days 15:59:14.131407,557166,30.46,30.45,3540,8943,-5087,1418
1083,ELAN,2020-02-18,0 days 15:59:15.132834,555053,30.46,30.45,3840,8542,2113,-5087
1084,ELAN,2020-02-18,0 days 15:59:23.151784,557166,30.46,30.45,4208,8395,-2494,2113
1085,ELAN,2020-02-18,0 days 15:59:24.154854,555360,30.46,30.45,4208,8395,1806,-2494
1086,ELAN,2020-02-18,0 days 15:59:31.172197,555839,30.47,30.46,4073,6846,27,-4973
1087,ELAN,2020-02-18,0 days 15:59:38.189947,555866,30.47,30.46,10808,10396,-1953,969
1088,ELAN,2020-02-18,0 days 15:59:40.195268,555683,30.47,30.46,13549,10438,183,-1153
1089,ELAN,2020-02-18,0 days 15:59:59.239917,555683,30.47,30.44,13300,6509,2397,-8688
1090,EMR,2020-02-18,0 days 15:56:40.350173,730663,71.43,71.42,2732,1449,-6466,2634
1091,EMR,2020-02-18,0 days 15:56:41.352710,729029,71.42,71.41,1403,2930,1634,-6466
1092,EMR,2020-02-18,0 days 15:57:44.506829,760363,71.4,71.39,1659,2689,-1056,4344
1093,EMR,2020-02-18,0 days 15:57:45.509026,756019,71.4,71.39,1214,2889,44,-1056
1094,EMR,2020-02-18,0 days 15:58:18.590592,770627,71.41,71.4,611,1400,-592,3708
1095,EMR,2020-02-18,0 days 15:58:19.592936,765319,71.41,71.4,1274,1800,5308,-592
1096,EMR,2020-02-18,0 days 15:59:00.692489,776668,71.43,71.42,803,314,-5499,101
1097,EMR,2020-02-18,0 days 15:59:11.718982,763382,71.46,71.44,900,6776,2838,-8262
1098,EMR,2020-02-18,0 days 15:59:34.770945,769596,71.48,71.47,1163,8972,-1327,3973
1099,EMR,2020-02-18,0 days 15:59:40.785575,769596,71.47,71.46,1100,4939,-418,682
1100,EMR,2020-02-18,0 days 15:59:46.799563,768337,71.46,71.44,1200,1800,2959,-2841
1101,ENB,2020-02-18,0 days 15:59:23.871605,411491,41.52,41.51,6418,8994,-94,1825
1102,ENB,2020-02-18,0 days 15:59:26.878672,408725,41.52,41.51,10984,9635,2266,-8894
1103,ENB,2020-02-18,0 days 15:59:28.883862,410991,41.52,41.51,2278,13969,-8734,2266
1104,ENB,2020-02-18,0 days 15:59:29.885985,408225,41.53,41.52,3900,5189,26966,-8734
1105,ENB,2020-02-18,0 days 15:59:39.910961,449436,41.55,41.54,4400,15602,-1276,1068
1106,ENB,2020-02-18,0 days 15:59:41.916429,448227,41.55,41.54,7611,15084,1209,-5776
1107,ENB,2020-02-18,0 days 15:59:42.917840,449436,41.55,41.54,6035,15284,-355,1209
1108,ENB,2020-02-18,0 days 15:59:49.941903,449281,41.55,41.54,8901,13996,155,-1730
1109,ENB,2020-02-18,0 days 15:59:57.955830,449436,41.56,41.55,11360,8902,-2873,8422
1110,ENIA,2020-02-18,0 days 15:57:21.545446,29981,9.29,9.28,24773,19213,1569,-431
1111,ENIA,2020-02-18,0 days 15:57:22.547876,22150,9.29,9.28,24773,19213,-7831,1569
1112,ENLC,2020-02-18,0 days 15:55:41.330521,98755,4.56,4.55,21934,8785,784,-831
1113,ENLC,2020-02-18,0 days 15:55:42.332946,95939,4.56,4.55,21688,9485,-2816,784
1114,ENLC,2020-02-18,0 days 15:57:14.556008,107355,4.56,4.55,24300,10716,12954,-3646
1115,ENLC,2020-02-18,0 days 15:57:15.558406,105209,4.56,4.55,24300,10316,-2146,12954
1116,ENLC,2020-02-18,0 days 15:59:13.844822,107436,4.56,4.55,10434,17620,12808,-2662
1117,ENLC,2020-02-18,0 days 15:59:15.848831,106444,4.56,4.55,10637,18512,-992,708
1118,ENLC,2020-02-18,0 days 15:59:24.870698,107436,4.56,4.55,10282,14722,7208,-992
1119,EOG,2020-02-18,0 days 15:59:15.852799,352716,74.49,74.46,800,223,10194,-13103
1120,EOG,2020-02-18,0 days 15:59:26.878653,385317,74.51,74.47,800,563,-413,505
1121,EOG,2020-02-18,0 days 15:59:30.888609,384390,74.5,74.48,103,8,927,-427
1122,EOG,2020-02-18,0 days 15:59:45.925552,385167,74.51,74.49,410,407,-562,209
1123,EOG,2020-02-18,0 days 15:59:56.952238,386637,74.53,74.52,1703,1100,-652,4038
1124,EOG,2020-02-18,0 days 15:59:57.955804,387289,74.54,74.52,5057,1400,1248,-652
1125,EPD,2020-02-18,0 days 15:55:00.203989,1004494,25.95,25.94,12084,8561,-460161,474227
1126,EPD,2020-02-18,0 days 15:59:45.893921,1484997,25.98,25.97,29461,1629,57119,-41
1127,EPD,2020-02-18,0 days 15:59:50.906553,1530656,25.99,25.98,1172,17867,-11962,19335
1128,EQNR,2020-02-18,0 days 15:59:06.668199,229124,17.1,17.09,21202,29573,-2715,12340
1129,EQNR,2020-02-18,0 days 15:59:20.695176,221145,17.09,17.08,21341,23833,7979,-10421
1130,EQT,2020-02-18,0 days 15:55:04.239886,231449,5.69,5.68,44732,18718,13951,-2904
1131,EQT,2020-02-18,0 days 15:56:56.511388,250583,5.69,5.68,38893,34081,-10019,5934
1132,EQT,2020-02-18,0 days 15:57:07.538648,261007,5.69,5.68,46479,39632,17248,-5741
1133,EQT,2020-02-18,0 days 15:57:20.570565,280791,5.69,5.68,48280,32940,-3184,2166
1134,ERF,2020-02-18,0 days 15:55:00.517890,30270,5.23,5.22,27192,35975,-2528,10732
1135,ERF,2020-02-18,0 days 15:59:13.128953,32488,5.25,5.24,32474,49910,714,-2684
1136,ESI,2020-02-18,0 days 15:58:45.060033,218219,12.06,12.05,1961,9556,-7257,10043
1137,ESI,2020-02-18,0 days 15:58:46.062436,217076,12.06,12.05,1961,9656,1143,-7257
1138,ESI,2020-02-18,0 days 15:58:50.072152,218219,12.06,12.05,2663,9177,-57,1143
1139,ESI,2020-02-18,0 days 15:59:00.099391,216076,12.05,12.04,7569,8424,2143,-57
1140,ESI,2020-02-18,0 days 15:59:06.111998,228519,12.05,12.04,6660,9706,-2675,848
1141,ET,2020-02-18,0 days 15:55:00.203789,5523083,12.64,12.63,3891,36336,-598082,5156296
1142,ET,2020-02-18,0 days 15:56:50.469122,6123657,12.66,12.65,10028,48676,55136,-555890
1143,ETN,2020-02-18,0 days 15:55:04.239813,164497,104.41,104.4,278,368,17740,-1360
1144,ETN,2020-02-18,0 days 15:56:29.445672,179156,104.41,104.4,1812,1267,-1532,668
1145,ETN,2020-02-18,0 days 15:56:30.448266,178688,104.41,104.4,1812,1267,468,-1532
1146,ETN,2020-02-18,0 days 15:56:50.496520,180789,104.45,104.43,700,815,-47,201
1147,ETN,2020-02-18,0 days 15:56:59.519232,181107,104.44,104.43,1,1189,982,-167
1148,ETN,2020-02-18,0 days 15:57:01.524462,182404,104.42,104.4,103,306,-903,982
1149,ETN,2020-02-18,0 days 15:57:02.526660,181907,104.42,104.41,403,100,672,-903
1150,ETN,2020-02-18,0 days 15:57:56.657464,190629,104.34,104.32,814,648,-724,1076
1151,ETN,2020-02-18,0 days 15:57:57.659851,189553,104.34,104.32,814,648,976,-724
1152,ETN,2020-02-18,0 days 15:58:19.713838,190729,104.37,104.36,714,1233,-118,1282
1153,ETN,2020-02-18,0 days 15:58:23.724355,183658,104.34,104.31,242,763,7071,-5331
1154,ETN,2020-02-18,0 days 15:58:24.726336,178929,104.34,104.31,242,763,-2229,7071
1155,ETN,2020-02-18,0 days 15:58:25.728443,181158,104.34,104.31,339,898,571,-2229
1156,ETN,2020-02-18,0 days 15:58:26.731069,180829,104.37,104.35,991,100,-383,571
1157,ETN,2020-02-18,0 days 15:58:36.754587,188412,104.36,104.35,400,863,740,-383
1158,ETN,2020-02-18,0 days 15:58:40.765320,189152,104.4,104.38,308,902,-1560,740
1159,ETN,2020-02-18,0 days 15:58:41.767280,188912,104.39,104.38,201,414,240,-1560
1160,ETN,2020-02-18,0 days 15:59:06.827993,198075,104.42,104.4,100,278,410,-790
1161,ETN,2020-02-18,0 days 15:59:13.844893,199842,104.43,104.42,372,1467,-961,647
1162,ETN,2020-02-18,0 days 15:59:14.847116,199638,104.43,104.42,253,1319,204,-961
1163,ETN,2020-02-18,0 days 15:59:27.878023,202138,104.43,104.41,543,1077,198,-502
1164,ETN,2020-02-18,0 days 15:59:38.905209,206507,104.43,104.42,1347,365,-4031,369
1165,ETN,2020-02-18,0 days 15:59:39.907576,206138,104.43,104.42,1149,328,369,-4031
1166,ETN,2020-02-18,0 days 15:59:42.914962,206907,104.45,104.43,390,951,-364,369
1167,ETN,2020-02-18,0 days 15:59:43.917134,206571,104.46,104.45,990,1100,336,-364
1168,ETRN,2020-02-18,0 days 15:55:42.216933,81591,9.08,9.07,6800,5176,1230,-260
1169,ETRN,2020-02-18,0 days 15:55:43.218936,78621,9.08,9.07,6800,5176,-2970,1230
1170,ETRN,2020-02-18,0 days 15:58:04.563172,93230,9.08,9.07,15998,5783,1835,-5025
1171,ETRN,2020-02-18,0 days 15:58:05.564449,89965,9.08,9.07,15998,5783,-3265,1835
1172,ETRN,2020-02-18,0 days 15:59:23.750775,98265,9.08,9.07,10630,7586,-1939,1193
1173,ETRN,2020-02-18,0 days 15:59:34.778903,98139,9.08,9.07,14041,3493,-3549,1850
1174,EVRG,2020-02-18,0 days 15:55:40.207278,1096639,73.8,73.77,125,589,15258,-2132
1175,EVRG,2020-02-18,0 days 15:55:41.209484,1096397,73.82,73.78,100,529,-242,15258
1176,EVRG,2020-02-18,0 days 15:56:57.392544,1103509,73.8,73.78,833,900,648,-231
1177,EVRG,2020-02-18,0 days 15:56:58.394974,1102557,73.8,73.78,933,900,-2727,648
1178,EVRG,2020-02-18,0 days 15:57:02.405179,1105284,73.78,73.77,335,500,4072,-958
1179,EVRG,2020-02-18,0 days 15:57:10.425042,1107013,73.78,73.76,409,400,-161,1517
1180,EVRG,2020-02-18,0 days 15:57:12.429881,1107174,73.78,73.76,609,400,169,-161
1181,EVRG,2020-02-18,0 days 15:57:14.434869,1107143,73.78,73.74,1409,100,-31,169
1182,EVRG,2020-02-18,0 days 15:57:50.522139,1109437,73.72,73.7,205,500,-300,363
1183,EVRG,2020-02-18,0 days 15:57:54.531433,1109737,73.72,73.7,605,400,5100,-300
1184,EVRG,2020-02-18,0 days 15:57:55.534052,1109437,73.72,73.7,605,400,-303,5100
1185,EVRG,2020-02-18,0 days 15:58:05.559314,1110490,73.73,73.71,100,350,8088,-1812
1186,EVRG,2020-02-18,0 days 15:58:06.561533,1109078,73.73,73.71,400,450,-1412,8088
1187,EVRG,2020-02-18,0 days 15:58:09.568650,1110928,73.74,73.71,606,755,7050,-11312
1188,EVRG,2020-02-18,0 days 15:58:10.571326,1109478,73.74,73.71,806,655,-1450,7050
1189,EVRG,2020-02-18,0 days 15:58:29.617131,1110928,73.74,73.7,1071,100,7565,-2335
1190,EVRG,2020-02-18,0 days 15:58:30.619841,1109493,73.74,73.7,871,200,-1435,7565
1191,EVRG,2020-02-18,0 days 15:58:39.641022,1110928,73.73,73.7,900,431,4752,-1435
1192,EVRG,2020-02-18,0 days 15:58:40.644654,1110080,73.73,73.7,1100,431,-848,4752
1193,EVRG,2020-02-18,0 days 15:58:48.662654,1127328,73.74,73.71,742,405,6552,-3348
1194,EVRG,2020-02-18,0 days 15:58:49.665206,1124980,73.74,73.71,439,605,-12248,6552
1195,EVRG,2020-02-18,0 days 15:58:54.677137,1123080,73.74,73.71,847,6,-2191,8609
1196,EVRG,2020-02-18,0 days 15:59:16.727065,1153602,73.79,73.78,1783,49,28562,-1817
1197,EVRG,2020-02-18,0 days 15:59:30.760739,1226373,73.9,73.87,3755,700,-24824,1089
1198,EXK,2020-02-18,0 days 15:59:36.184159,11795,2.08,2.07,172378,70230,-6605,7795
1199,EXK,2020-02-18,0 days 15:59:37.187223,11400,2.08,2.07,174478,70030,395,-6605
1200,F,2020-02-18,0 days 15:59:15.732239,2849586,8.06,8.05,845883,72275,623051,-297281
1201,FCAU,2020-02-18,0 days 15:56:50.500456,27526,13.18,13.17,38382,31001,-3236,7564
1202,FCAU,2020-02-18,0 days 15:58:01.673415,26825,13.18,13.17,44050,27854,2392,-5208
1203,FCAU,2020-02-18,0 days 15:59:14.850681,31198,13.18,13.17,43618,23335,-21895,3105
1204,FCX,2020-02-18,0 days 15:55:00.109155,689647,12.02,12.01,26242,64176,16785,-142786
1205,FCX,2020-02-18,0 days 15:56:11.281283,699165,12.02,12.01,23880,90668,-1704,7223
1206,FCX,2020-02-18,0 days 15:57:00.400686,705232,12.03,12.02,66931,75434,936,-1785
1207,FCX,2020-02-18,0 days 15:59:11.719021,772957,12.03,12.02,97005,63381,4284,-14216
1208,FCX,2020-02-18,0 days 15:59:16.726869,782146,12.03,12.02,87505,91167,-1130,9189
1209,FCX,2020-02-18,0 days 15:59:30.760582,804200,12.02,12.01,15081,123942,-37,762
1210,FCX,2020-02-18,0 days 15:59:32.766675,785837,12.02,12.01,12461,137934,18363,-37
1211,FCX,2020-02-18,0 days 15:59:44.794421,787728,12.03,12.02,129273,65047,2172,-10428
1212,FCX,2020-02-18,0 days 15:59:46.799649,789900,12.03,12.02,134241,35519,-14028,2172
1213,FCX,2020-02-18,0 days 15:59:47.801865,788528,12.03,12.02,139402,40615,1372,-14028
1214,FE,2020-02-18,0 days 15:55:05.179948,295015,52.21,52.2,6054,1116,-1558,883
1215,FE,2020-02-18,0 days 15:55:06.181769,294473,52.21,52.2,6557,832,557,-1558
1216,FE,2020-02-18,0 days 15:55:10.192352,295030,52.2,52.19,5887,1283,-96,557
1217,FE,2020-02-18,0 days 15:55:11.194498,294526,52.2,52.19,6587,755,504,-96
1218,FE,2020-02-18,0 days 15:55:48.284074,294507,52.22,52.21,1679,8139,423,-77
1219,FE,2020-02-18,0 days 15:56:25.372894,295512,52.23,52.22,2719,9289,-7859,41
1220,FE,2020-02-18,0 days 15:56:27.377667,295209,52.23,52.22,4433,6918,303,-597
1221,FE,2020-02-18,0 days 15:56:34.394862,296312,52.23,52.22,2644,9125,-3107,403
1222,FE,2020-02-18,0 days 15:56:55.445885,296319,52.22,52.21,897,5608,142,-7
1223,FE,2020-02-18,0 days 15:56:57.451540,299110,52.22,52.21,2086,5411,-235,2791
1224,FE,2020-02-18,0 days 15:56:58.453129,298845,52.22,52.21,2028,5243,265,-235
1225,FE,2020-02-18,0 days 15:58:12.633049,313299,52.22,52.21,9959,1492,-1300,2178
1226,FE,2020-02-18,0 days 15:58:22.657363,310399,52.22,52.21,5218,5709,-1300,1200
1227,FE,2020-02-18,0 days 15:58:23.659872,309199,52.22,52.21,4527,5996,1200,-1300
