,Symbol,Timestamp,TIME,iPaired,Ask_P,Bid_P,Ask_S,Bid_S,iShares,PreviShares
0,AA,2020-09-16,0 days 15:57:35.255405,437118,13.93,13.92,11962,7177,-1075,1925
1,AA,2020-09-16,0 days 15:57:36.255184,429893,13.93,13.92,13182,4748,7225,-1075
2,AA,2020-09-16,0 days 15:57:38.255594,437118,13.93,13.92,12282,5248,-75,4225
3,AA,2020-09-16,0 days 15:57:39.255722,430793,13.93,13.92,14771,4937,6325,-75
4,AA,2020-09-16,0 days 15:57:43.256417,437118,13.93,13.92,12865,4661,-9575,2025
5,AA,2020-09-16,0 days 15:57:44.255138,432293,13.93,13.92,17065,3411,4825,-9575
6,AA,2020-09-16,0 days 15:58:20.256597,438438,13.92,13.91,9229,11887,-2155,3245
7,AA,2020-09-16,0 days 15:58:21.256594,434193,13.92,13.91,8324,21147,2645,-2155
8,AA,2020-09-16,0 days 15:58:28.256859,438438,13.92,13.91,6592,12264,-7755,4245
9,AA,2020-09-16,0 days 15:58:29.257356,431193,13.92,13.91,9981,10564,7245,-7755
10,AA,2020-09-16,0 days 15:59:12.260302,441197,13.92,13.91,12816,7535,-1638,362
11,AA,2020-09-16,0 days 15:59:16.259310,442897,13.91,13.9,17194,8888,-8986,862
12,ABBV,2020-09-16,0 days 15:59:32.032111,800830,89.79,89.78,1285,1164,9588,-36029
13,ABBV,2020-09-16,0 days 15:59:33.032935,803375,89.78,89.77,200,600,-275,9588
14,ABBV,2020-09-16,0 days 15:59:39.033664,808293,89.76,89.75,693,856,13295,-1718
15,ABBV,2020-09-16,0 days 15:59:40.034269,782418,89.79,89.78,423,1868,-26368,13295
16,ABBV,2020-09-16,0 days 15:59:41.034485,808786,89.77,89.76,2250,600,36945,-26368
17,ABBV,2020-09-16,0 days 15:59:42.033289,782318,89.8,89.79,100,1300,-27368,36945
18,ABBV,2020-09-16,0 days 15:59:43.032180,809684,89.78,89.77,1350,1022,36947,-27368
19,ABT,2020-09-16,0 days 15:59:09.249018,524087,105.92,105.91,300,949,-16604,10442
20,ACB,2020-09-16,0 days 15:57:42.236294,18143,7.03,7.02,6736,6371,-1136,1064
21,ACB,2020-09-16,0 days 15:59:19.239350,21264,7.01,7.0,9163,20071,679,-621
22,ADM,2020-09-16,0 days 15:59:16.238275,1980370,47.66,47.64,4114,5900,-22787,6896
23,ADM,2020-09-16,0 days 15:59:17.238631,1976233,47.65,47.64,3490,4790,4137,-22787
24,ADM,2020-09-16,0 days 15:59:19.237629,1980370,47.65,47.64,1000,5890,-563,4037
25,ADM,2020-09-16,0 days 15:59:26.237442,1977259,47.65,47.64,2897,549,3111,-63
26,ADM,2020-09-16,0 days 15:59:40.239616,1980370,47.66,47.65,500,3462,-369,531
27,ADM,2020-09-16,0 days 15:59:42.239464,1953739,47.64,47.63,457,3357,26631,-25383
28,ADM,2020-09-16,0 days 15:59:46.239181,1987649,47.66,47.65,3959,2089,2920,-12415
29,AEO,2020-09-16,0 days 15:55:23.286735,367566,15.39,15.38,5988,11231,31907,-10264
30,AEO,2020-09-16,0 days 15:55:24.288099,361273,15.39,15.38,7289,11178,-6293,31907
31,AEO,2020-09-16,0 days 15:56:36.289683,372471,15.37,15.36,6538,8188,527,-7273
32,AEO,2020-09-16,0 days 15:56:37.289439,369298,15.37,15.36,5190,12904,-3173,527
33,AEO,2020-09-16,0 days 15:57:09.289822,372471,15.38,15.37,4702,13510,12227,-973
34,AEO,2020-09-16,0 days 15:57:10.289635,370998,15.39,15.38,13426,1014,-1473,12227
35,AEO,2020-09-16,0 days 15:59:09.287538,406997,15.38,15.37,17531,6151,31899,-1123
36,AEO,2020-09-16,0 days 15:59:10.289362,406096,15.38,15.37,7792,17939,-901,31899
37,AEO,2020-09-16,0 days 15:59:37.282974,420118,15.39,15.38,17488,5729,3493,-625
38,AEO,2020-09-16,0 days 15:59:45.285356,420118,15.39,15.38,1880,25236,2347,-435
39,AEO,2020-09-16,0 days 15:59:46.284654,419311,15.4,15.39,5826,16159,-531,2347
40,AES,2020-09-16,0 days 15:55:43.230347,560840,18.07,18.06,6535,13153,10955,-1365
41,AES,2020-09-16,0 days 15:55:44.230030,559695,18.07,18.06,6535,13223,-1145,10955
42,AES,2020-09-16,0 days 15:56:15.231100,565102,18.07,18.06,4151,15030,113,-1387
43,AES,2020-09-16,0 days 15:56:16.230802,564015,18.07,18.06,3751,17043,-687,113
44,AES,2020-09-16,0 days 15:57:17.232905,564773,18.07,18.06,4937,14770,374,-458
45,AES,2020-09-16,0 days 15:57:18.232619,563847,18.07,18.06,1057,17070,-926,374
46,AES,2020-09-16,0 days 15:59:06.239056,636583,18.07,18.06,15317,5002,150,-8823
47,AES,2020-09-16,0 days 15:59:07.238994,636733,18.07,18.06,14515,7304,-1335,150
48,AES,2020-09-16,0 days 15:59:46.238993,674554,18.06,18.05,24006,15166,2401,-1011
49,AFL,2020-09-16,0 days 15:59:16.240709,470211,37.2,37.19,8977,2615,-56943,3132
50,AFL,2020-09-16,0 days 15:59:17.239652,469854,37.18,37.17,1432,5088,11949,-56943
51,AFL,2020-09-16,0 days 15:59:26.239130,481803,37.19,37.18,3732,3712,-3359,1219
52,AFL,2020-09-16,0 days 15:59:27.239454,480462,37.19,37.18,3393,4112,1341,-3359
53,AFL,2020-09-16,0 days 15:59:28.239098,481803,37.19,37.18,3369,4131,-226,1341
54,AFL,2020-09-16,0 days 15:59:32.239005,482029,37.19,37.18,8135,1281,3259,-226
55,AFL,2020-09-16,0 days 15:59:45.241002,488589,37.18,37.17,1832,5373,-3568,348
56,AG,2020-09-16,0 days 15:56:15.231246,68960,12.22,12.21,16894,10702,-1615,285
57,AG,2020-09-16,0 days 15:56:16.230901,66575,12.22,12.21,16394,10902,2385,-1615
58,AG,2020-09-16,0 days 15:57:02.231967,68960,12.21,12.2,8259,19516,-3915,85
59,AG,2020-09-16,0 days 15:57:03.231922,67075,12.22,12.21,17496,26030,2785,-3915
60,AG,2020-09-16,0 days 15:57:05.231980,69860,12.22,12.21,12197,25813,-12815,2785
61,AG,2020-09-16,0 days 15:57:06.232233,69575,12.22,12.21,10997,24214,285,-12815
62,AG,2020-09-16,0 days 15:58:07.236689,69260,12.21,12.2,36654,10494,-343,3278
63,AG,2020-09-16,0 days 15:58:08.236094,68003,12.21,12.2,40469,7894,1257,-343
64,AG,2020-09-16,0 days 15:59:10.239118,68126,12.21,12.2,11635,30539,924,-3176
65,AG,2020-09-16,0 days 15:59:18.237641,69050,12.21,12.2,8493,31608,-268,553
66,AGI,2020-09-16,0 days 15:55:01.029582,42788,9.81,9.8,4421,31222,-33796,24002
67,AGI,2020-09-16,0 days 15:55:02.026736,39984,9.81,9.8,3816,33702,2804,-33796
68,AGI,2020-09-16,0 days 15:57:11.022387,41356,9.84,9.83,42484,7400,111,-468
69,AGI,2020-09-16,0 days 15:59:39.033664,41281,9.84,9.83,16581,41153,-4112,1429
70,AIG,2020-09-16,0 days 15:59:48.239272,3181408,29.77,29.76,1898,10682,-430,23520
71,ALL,2020-09-16,0 days 15:56:47.240966,175051,95.83,95.79,300,466,536,-82
72,ALL,2020-09-16,0 days 15:56:48.234353,174887,95.81,95.79,295,540,-164,536
73,ALL,2020-09-16,0 days 15:57:11.232673,177196,95.86,95.85,400,200,6135,-309
74,ALL,2020-09-16,0 days 15:57:16.232580,183607,95.86,95.85,500,209,-3285,1115
75,ALL,2020-09-16,0 days 15:57:17.232947,182792,95.86,95.85,300,357,1468,-3285
76,ALL,2020-09-16,0 days 15:57:27.232628,182892,95.9,95.89,610,1219,768,-132
77,ALL,2020-09-16,0 days 15:58:13.235812,190760,95.87,95.86,200,500,-611,2199
78,ALL,2020-09-16,0 days 15:58:22.236267,189560,95.89,95.88,200,241,-111,1189
79,ALL,2020-09-16,0 days 15:58:35.237445,188360,95.91,95.89,520,224,-2911,1189
80,ALL,2020-09-16,0 days 15:58:36.236692,187571,95.91,95.89,320,224,789,-2911
81,ALL,2020-09-16,0 days 15:58:49.237034,191305,95.88,95.86,200,200,-192,1008
82,ALL,2020-09-16,0 days 15:58:50.236799,190297,95.87,95.82,316,600,3608,-192
83,ALL,2020-09-16,0 days 15:58:53.237638,195605,95.87,95.82,622,300,-792,1208
84,ALL,2020-09-16,0 days 15:58:59.237247,192097,95.87,95.84,589,120,408,-1692
85,ALL,2020-09-16,0 days 15:59:05.238657,189486,95.93,95.89,730,780,-2745,89
86,ALL,2020-09-16,0 days 15:59:06.239094,189031,95.93,95.89,666,2015,455,-2745
87,ALL,2020-09-16,0 days 15:59:12.238867,194286,95.85,95.83,366,243,-17583,398
88,ALL,2020-09-16,0 days 15:59:20.239247,217026,95.83,95.8,427,423,490,-13785
89,ALL,2020-09-16,0 days 15:59:27.237468,216516,95.83,95.81,327,441,-680,490
90,ALL,2020-09-16,0 days 15:59:28.237695,216096,95.83,95.81,200,418,74,-680
91,ALL,2020-09-16,0 days 15:59:46.239069,217853,95.86,95.83,700,400,-7723,597
92,ALLY,2020-09-16,0 days 15:59:16.284938,1072667,25.68,25.67,6311,2716,15938,-424247
93,ALLY,2020-09-16,0 days 15:59:17.282213,1078135,25.8,25.79,2751,854,-41054,15938
94,AM,2020-09-16,0 days 15:55:32.256483,499459,5.37,5.36,42060,8476,-3994,7706
95,AM,2020-09-16,0 days 15:55:33.256078,498153,5.37,5.36,42730,8749,806,-3994
96,AM,2020-09-16,0 days 15:55:40.255059,499459,5.37,5.36,42838,8049,-4194,7906
97,AM,2020-09-16,0 days 15:55:41.254963,498153,5.37,5.36,42838,8049,806,-4194
98,AM,2020-09-16,0 days 15:59:04.259751,547128,5.36,5.35,16253,39518,-2605,2095
99,AM,2020-09-16,0 days 15:59:05.260200,544433,5.36,5.35,15572,37218,2195,-2605
100,AM,2020-09-16,0 days 15:59:09.260504,547128,5.36,5.35,11261,43034,-4192,2195
101,AM,2020-09-16,0 days 15:59:10.261022,545020,5.36,5.35,12179,40434,1608,-4192
102,AM,2020-09-16,0 days 15:59:16.259335,552695,5.36,5.35,18523,39334,1133,-9967
103,AM,2020-09-16,0 days 15:59:40.260185,555128,5.36,5.35,37936,29842,-26010,590
104,AM,2020-09-16,0 days 15:59:41.259734,554038,5.36,5.35,39620,27761,590,-26010
105,AMCR,2020-09-16,0 days 15:57:36.236001,716942,11.21,11.2,22538,42234,-130,570
106,AMCR,2020-09-16,0 days 15:57:39.236368,709272,11.21,11.2,24879,42143,6670,-130
107,AMCR,2020-09-16,0 days 15:57:52.236739,716942,11.21,11.2,29958,37431,-830,1370
108,AMCR,2020-09-16,0 days 15:57:54.237348,702972,11.21,11.2,31799,39851,13970,-830
109,AMCR,2020-09-16,0 days 15:58:24.238265,716942,11.21,11.2,31906,44324,-1959,10641
110,AMCR,2020-09-16,0 days 15:58:25.238889,710101,11.21,11.2,33606,43824,6841,-1959
111,AMCR,2020-09-16,0 days 15:58:43.238698,716942,11.21,11.2,31755,55307,-28059,4941
112,AMCR,2020-09-16,0 days 15:58:44.238847,710201,11.21,11.2,35355,55107,5741,-28059
113,AMCR,2020-09-16,0 days 15:59:08.242660,722168,11.21,11.2,19406,54983,-3686,10335
114,AMCR,2020-09-16,0 days 15:59:09.241881,719554,11.21,11.2,24710,42843,4314,-3686
115,AMCR,2020-09-16,0 days 15:59:13.241337,723868,11.21,11.2,28602,39945,-1949,4314
116,AMCR,2020-09-16,0 days 15:59:14.241017,723052,11.21,11.2,30999,39945,816,-1949
117,AMCR,2020-09-16,0 days 15:59:16.240758,723868,11.21,11.2,31531,43817,-104488,816
118,AMCR,2020-09-16,0 days 15:59:47.240229,872623,11.18,11.17,67520,15089,-4793,3845
119,AMCR,2020-09-16,0 days 15:59:48.240716,869216,11.18,11.17,67409,22311,3407,-4793
120,AMH,2020-09-16,0 days 15:55:00.782081,157523,29.4,29.39,1339,3129,47936,-4324
121,AMH,2020-09-16,0 days 15:56:15.782999,205443,29.4,29.39,2700,2279,-23,177
122,AMH,2020-09-16,0 days 15:56:18.783152,196893,29.4,29.39,3400,1879,8550,-1350
123,AMH,2020-09-16,0 days 15:58:48.784261,220231,29.36,29.35,1279,7540,-477,3723
124,AMH,2020-09-16,0 days 15:58:49.784592,217308,29.36,29.35,1279,6940,2423,-477
125,AMH,2020-09-16,0 days 15:59:00.788308,230169,29.36,29.35,1327,4338,-110,1660
126,AMH,2020-09-16,0 days 15:59:04.785561,223256,29.36,29.35,6899,100,2419,-6904
127,AMH,2020-09-16,0 days 15:59:21.773960,246064,29.35,29.34,5583,949,-17916,1411
128,AMH,2020-09-16,0 days 15:59:22.773856,222480,29.34,29.33,4804,1112,22148,-17916
129,AMH,2020-09-16,0 days 15:59:35.774894,250131,29.34,29.33,4742,792,2248,-3052
130,AMH,2020-09-16,0 days 15:59:45.775904,252579,29.34,29.33,4433,1637,-2656,2228
131,AMH,2020-09-16,0 days 15:59:46.775296,251435,29.34,29.33,5310,1637,1893,-2656
132,AMH,2020-09-16,0 days 15:59:47.774811,253535,29.34,29.33,5010,1937,-2068,1893
133,AMH,2020-09-16,0 days 15:59:48.775300,252503,29.33,29.32,2411,1553,6951,-2068
134,AMX,2020-09-16,0 days 15:56:15.252948,48909,13.05,13.04,6462,49311,148,-1752
135,AMX,2020-09-16,0 days 15:56:16.252687,45757,13.05,13.04,6020,48411,-3152,148
136,AMX,2020-09-16,0 days 15:59:03.259361,63985,13.06,13.05,16100,43779,10,-1297
137,AMX,2020-09-16,0 days 15:59:10.261010,63033,13.06,13.05,31856,8597,-1336,80
138,AMX,2020-09-16,0 days 15:59:39.259377,61374,13.04,13.03,33671,27597,-641,559
139,AMX,2020-09-16,0 days 15:59:41.259723,62015,13.04,13.03,50365,10264,109,-641
140,AMX,2020-09-16,0 days 15:59:46.260964,61786,13.04,13.03,35231,37839,-129,6171
141,ANF,2020-09-16,0 days 15:55:00.284773,74094,15.51,15.5,3048,5700,1654,-6968
142,ANF,2020-09-16,0 days 15:56:15.288484,95274,15.51,15.5,3259,10959,-226,1674
143,ANF,2020-09-16,0 days 15:56:16.288632,93700,15.51,15.5,3265,10773,1574,-226
144,ANF,2020-09-16,0 days 15:58:02.292704,94900,15.5,15.49,2932,10958,1671,-529
145,ANF,2020-09-16,0 days 15:58:48.285139,98825,15.5,15.49,6129,7815,-40,25
146,ANF,2020-09-16,0 days 15:59:04.286224,97583,15.5,15.49,4479,14061,1847,-658
147,ANF,2020-09-16,0 days 15:59:37.282947,112434,15.49,15.48,4500,12712,-3069,135
148,ANF,2020-09-16,0 days 15:59:47.283921,117403,15.49,15.48,3815,7992,2428,-574
149,APLE,2020-09-16,0 days 15:55:00.218659,229630,11.12,11.11,18846,4144,121967,-64848
150,APLE,2020-09-16,0 days 15:55:01.218070,229397,11.12,11.11,22146,7994,-233,121967
151,APLE,2020-09-16,0 days 15:55:09.219175,229630,11.13,11.12,14268,10634,62083,-233
152,APLE,2020-09-16,0 days 15:57:57.224127,294105,11.14,11.13,12532,16979,-1661,6839
153,APLE,2020-09-16,0 days 15:57:58.223991,288866,11.14,11.13,11732,16394,5239,-1661
154,APLE,2020-09-16,0 days 15:58:19.225129,293480,11.14,11.13,14123,17950,-1686,4614
155,APLE,2020-09-16,0 days 15:58:20.225318,288366,11.14,11.13,14123,17950,5114,-1686
156,APLE,2020-09-16,0 days 15:59:28.227884,293442,11.14,11.13,11683,14882,-7806,3186
157,APLE,2020-09-16,0 days 15:59:29.228113,291148,11.14,11.13,12375,15889,2294,-7806
158,APLE,2020-09-16,0 days 15:59:49.228494,296204,11.14,11.13,8925,15991,-6070,3910
159,AR,2020-09-16,0 days 15:55:58.230077,254992,2.89,2.88,64661,34231,79752,-9059
160,AR,2020-09-16,0 days 15:59:48.238895,381537,2.92,2.91,135200,129232,-2118,7382
161,ATI,2020-09-16,0 days 15:58:31.284426,178546,9.64,9.63,10987,1874,-1602,98
162,ATI,2020-09-16,0 days 15:59:15.287949,195093,9.64,9.63,5788,7294,8473,-1251
163,ATI,2020-09-16,0 days 15:59:16.284760,194142,9.64,9.63,5140,8952,-1151,8473
164,ATI,2020-09-16,0 days 15:59:45.285313,196393,9.65,9.64,6463,16097,1773,-227
165,ATI,2020-09-16,0 days 15:59:47.283970,196426,9.66,9.65,9900,13452,-485,1915
166,ATUS,2020-09-16,0 days 15:57:25.290863,764930,27.62,27.61,3016,11919,5041,-2059
167,ATUS,2020-09-16,0 days 15:57:36.290503,769971,27.62,27.61,8258,4046,-759,4541
168,ATUS,2020-09-16,0 days 15:57:37.292286,765930,27.61,27.6,11821,3752,4041,-759
169,ATUS,2020-09-16,0 days 15:59:01.289279,761708,27.63,27.62,2600,11043,-355,1256
170,ATUS,2020-09-16,0 days 15:59:45.285096,745038,27.55,27.54,4152,1707,60306,-107
171,ATUS,2020-09-16,0 days 15:59:56.281894,805844,27.57,27.56,1200,18849,-2143,13658
172,AUY,2020-09-16,0 days 15:57:20.233734,81764,6.28,6.27,68386,442448,-4372,2628
173,AUY,2020-09-16,0 days 15:59:18.236982,96935,6.29,6.28,465813,286328,7216,-2976
174,AUY,2020-09-16,0 days 15:59:40.238283,105042,6.29,6.28,507015,89369,-20893,507
175,AUY,2020-09-16,0 days 15:59:41.239127,104535,6.29,6.28,501986,83485,507,-20893
176,AVTR,2020-09-16,0 days 15:59:08.785214,726951,22.75,22.74,1673,1087,1098,-19582
177,AXP,2020-09-16,0 days 15:55:00.218595,284260,106.24,106.21,400,212,-78,13962
178,AXP,2020-09-16,0 days 15:55:12.219497,283579,106.18,106.16,951,600,-759,922
179,AXP,2020-09-16,0 days 15:55:25.219079,289238,106.14,106.13,400,100,119,-5192
180,AXP,2020-09-16,0 days 15:55:26.219428,288646,106.14,106.13,400,100,-592,119
181,AXP,2020-09-16,0 days 15:56:47.229829,295963,106.05,106.02,600,300,1595,-1087
182,AXP,2020-09-16,0 days 15:56:48.223131,292176,106.05,106.03,300,100,-3787,1595
183,AXP,2020-09-16,0 days 15:57:46.223690,307271,106.11,106.09,200,400,3397,-2192
184,AXP,2020-09-16,0 days 15:57:47.224062,305568,106.11,106.09,331,100,-1703,3397
185,AXP,2020-09-16,0 days 15:57:49.223877,307271,106.1,106.07,906,347,2097,-1703
186,AXP,2020-09-16,0 days 15:57:50.223668,305568,106.1,106.07,1006,417,-1703,2097
187,AXP,2020-09-16,0 days 15:59:21.226989,369034,105.96,105.95,500,1145,4606,-5773
188,AXP,2020-09-16,0 days 15:59:22.226844,366206,105.98,105.96,704,1270,-2828,4606
189,AXP,2020-09-16,0 days 15:59:28.227847,369034,105.99,105.97,415,1626,120,-1867
190,AXP,2020-09-16,0 days 15:59:32.227762,365859,105.99,105.97,400,1119,-3175,220
191,AXP,2020-09-16,0 days 15:59:34.227808,369034,105.98,105.97,300,555,1504,-3086
192,AXP,2020-09-16,0 days 15:59:36.228823,378049,105.98,105.97,400,1046,-2032,1415
193,AXP,2020-09-16,0 days 15:59:58.230713,375181,105.98,105.94,9000,100,1590,-899
194,AXP,2020-09-16,0 days 15:59:59.229538,379282,105.98,105.95,2334,100,-799,1590
195,AXTA,2020-09-16,0 days 15:55:37.257452,241686,24.68,24.67,1715,4634,1187,-520
196,AXTA,2020-09-16,0 days 15:55:38.256534,237373,24.69,24.68,3370,3115,-4313,1187
197,AXTA,2020-09-16,0 days 15:57:43.256403,248598,24.72,24.71,11486,2972,985,-1415
198,AXTA,2020-09-16,0 days 15:57:44.255124,245483,24.72,24.71,11396,2972,-3115,985
199,AXTA,2020-09-16,0 days 15:59:45.260840,271942,24.7,24.69,9213,5690,3049,-3655
200,AZN,2020-09-16,0 days 15:51:01.246165,20104,55.27,55.26,3059,950,714,-286
201,AZN,2020-09-16,0 days 15:56:13.252806,22310,55.19,55.18,757,5765,-481,768
202,AZN,2020-09-16,0 days 15:58:04.256280,24287,55.18,55.17,1279,2516,23,-277
203,AZN,2020-09-16,0 days 15:58:05.256113,24010,55.19,55.18,2411,3453,-277,23
204,AZN,2020-09-16,0 days 15:59:01.261177,23987,55.15,55.14,2125,1600,44,-256
205,AZN,2020-09-16,0 days 15:59:02.259913,23631,55.16,55.15,3410,1700,-596,44
206,BA,2020-09-16,0 days 15:59:16.284898,246485,167.4,167.35,200,200,-38403,14274
207,BA,2020-09-16,0 days 15:59:17.282213,250388,167.4,167.36,703,300,697,-38403
208,BA,2020-09-16,0 days 15:59:18.282851,251185,167.39,167.35,426,200,-3003,697
209,BA,2020-09-16,0 days 15:59:22.281852,251930,167.42,167.38,534,100,255,-4345
210,BA,2020-09-16,0 days 15:59:23.282370,247585,167.44,167.4,560,126,-8645,255
211,BAC,2020-09-16,0 days 15:55:01.249860,2528196,25.65,25.64,94433,52931,-5052,70148
212,BAC,2020-09-16,0 days 15:55:32.256470,2526850,25.62,25.61,82301,43708,13546,-2792
213,BAC,2020-09-16,0 days 15:55:54.252787,2585522,25.6,25.59,54429,72926,-330,5170
214,BAC,2020-09-16,0 days 15:55:55.252501,2580352,25.6,25.59,66263,68423,5170,-330
215,BAC,2020-09-16,0 days 15:56:09.252739,2538334,25.62,25.61,11346,113453,13803,-36213
216,BAC,2020-09-16,0 days 15:56:45.253990,2654112,25.61,25.6,117367,22784,11015,-3500
217,BAC,2020-09-16,0 days 15:57:10.254167,2723812,25.61,25.6,51411,66136,5515,-6985
218,BAC,2020-09-16,0 days 15:57:24.254555,2692458,25.63,25.62,25913,104687,5613,-29337
219,BAC,2020-09-16,0 days 15:57:43.256417,2740771,25.62,25.61,91323,67343,-12799,5601
220,BAC,2020-09-16,0 days 15:57:44.255138,2735170,25.62,25.61,97134,68143,5601,-12799
221,BAC,2020-09-16,0 days 15:58:10.257033,2726758,25.63,25.62,123300,68501,27483,-28687
222,BAC,2020-09-16,0 days 15:58:11.257435,2718941,25.63,25.62,128489,69181,-67,27483
223,BAC,2020-09-16,0 days 15:59:40.260174,3331529,25.6,25.59,63395,100832,-17833,42767
224,BAM,2020-09-16,0 days 15:59:46.239813,24859,33.93,33.92,1683,6492,-730,573
225,BAM,2020-09-16,0 days 15:59:47.239074,24389,33.93,33.92,2683,5318,470,-730
226,BAX,2020-09-16,0 days 15:55:00.242085,206843,81.75,81.73,923,1339,-34248,24352
227,BB,2020-09-16,0 days 15:59:45.775809,44442,4.74,4.73,176308,116652,794,-235
228,BB,2020-09-16,0 days 15:59:46.775261,44336,4.74,4.73,148761,126166,-106,794
229,BCS,2020-09-16,0 days 15:55:37.221721,19980,5.3,5.29,96317,148122,-135,565
230,BDX,2020-09-16,0 days 15:59:06.239240,206761,227.14,227.07,204,553,-5033,10616
231,BDX,2020-09-16,0 days 15:59:07.239147,204894,227.14,227.07,508,572,1867,-5033
232,BDX,2020-09-16,0 days 15:59:09.239287,211861,227.08,226.98,100,100,-14061,2076
233,BDX,2020-09-16,0 days 15:59:11.239655,207066,227.08,226.98,722,200,1195,-2005
234,BDX,2020-09-16,0 days 15:59:25.237836,214211,227.04,226.99,210,200,-1378,226
235,BDX,2020-09-16,0 days 15:59:26.237442,212889,227.04,226.99,410,100,1322,-1378
236,BDX,2020-09-16,0 days 15:59:28.237825,214211,227.03,226.98,532,155,-272,1322
237,BDX,2020-09-16,0 days 15:59:29.238342,214439,227.03,226.98,532,158,1172,-272
238,BDX,2020-09-16,0 days 15:59:30.241562,214211,227.03,226.98,283,158,-272,1172
239,BDX,2020-09-16,0 days 15:59:31.238398,214439,227.02,226.97,300,100,1172,-272
240,BDX,2020-09-16,0 days 15:59:56.240880,213515,226.95,226.86,3519,500,3446,-498
241,BE,2020-09-16,0 days 15:55:01.028983,128450,15.08,15.07,6701,569,-33379,19781
242,BE,2020-09-16,0 days 15:55:02.026613,128329,15.08,15.07,7201,569,121,-33379
243,BE,2020-09-16,0 days 15:55:37.026581,129272,15.03,15.02,1139,599,-857,243
244,BE,2020-09-16,0 days 15:56:57.028311,159809,14.96,14.95,1000,2153,2673,-427
245,BE,2020-09-16,0 days 15:57:36.024228,162182,14.99,14.98,4455,930,-127,973
246,BE,2020-09-16,0 days 15:57:37.025690,161309,14.99,14.98,4555,743,873,-127
247,BE,2020-09-16,0 days 15:57:45.027498,162182,14.98,14.96,2712,1150,-327,773
248,BE,2020-09-16,0 days 15:57:46.029101,161509,14.98,14.96,2612,1150,673,-327
249,BE,2020-09-16,0 days 15:57:47.031199,162182,14.98,14.96,3621,992,-427,673
250,BE,2020-09-16,0 days 15:57:48.028043,161709,14.98,14.96,3621,692,473,-427
251,BE,2020-09-16,0 days 15:57:51.026414,162182,14.98,14.96,7321,501,-1127,473
252,BE,2020-09-16,0 days 15:57:52.028699,161709,14.98,14.96,7496,501,473,-1127
253,BE,2020-09-16,0 days 15:57:53.027621,163182,14.98,14.96,1019,2065,-127,473
254,BE,2020-09-16,0 days 15:58:20.029559,162382,14.96,14.95,6096,1251,-1696,1004
255,BE,2020-09-16,0 days 15:58:51.037344,163178,14.96,14.95,637,3558,191,-3309
256,BE,2020-09-16,0 days 15:59:06.034463,170401,14.89,14.88,390,3801,-4564,1256
257,BE,2020-09-16,0 days 15:59:30.035426,169645,14.92,14.91,1718,888,156,-944
258,BEN,2020-09-16,0 days 15:56:06.288300,375675,21.07,21.06,2340,5943,725,-1040
259,BEN,2020-09-16,0 days 15:56:07.288233,375100,21.07,21.06,2440,6243,-575,725
260,BEN,2020-09-16,0 days 15:56:51.289622,375675,21.07,21.06,5034,1690,729,-371
261,BEN,2020-09-16,0 days 15:56:52.289507,375204,21.07,21.06,4234,3190,-471,729
262,BEN,2020-09-16,0 days 15:59:07.286589,388792,21.07,21.06,6422,4063,4350,-953
263,BEST,2020-09-16,0 days 15:59:06.785559,32130,3.46,3.45,29576,9984,3561,-939
264,BHC,2020-09-16,0 days 15:55:00.028639,27220,16.93,16.92,6746,3783,209,-8479
265,BHC,2020-09-16,0 days 15:55:27.028713,35458,16.93,16.92,10169,10142,-1983,409
266,BHC,2020-09-16,0 days 15:58:31.030932,47416,16.94,16.93,10809,313,5812,-1816
267,BHC,2020-09-16,0 days 15:58:32.029950,46328,16.94,16.93,11428,475,-1088,5812
268,BHP,2020-09-16,0 days 15:55:00.284937,21739,55.88,55.87,1216,2330,-327,1764
269,BHP,2020-09-16,0 days 15:59:03.286624,26155,55.89,55.88,400,3703,334,-366
270,BHP,2020-09-16,0 days 15:59:04.286241,25189,55.89,55.88,100,3891,-966,334
271,BHP,2020-09-16,0 days 15:59:06.286594,26155,55.9,55.89,3650,946,3082,-266
272,BHP,2020-09-16,0 days 15:59:07.286660,26137,55.9,55.89,3750,886,-18,3082
273,BHP,2020-09-16,0 days 15:59:36.283679,26710,55.89,55.88,4400,300,927,-73
274,BHP,2020-09-16,0 days 15:59:50.284424,25497,55.88,55.87,291,4057,-1302,698
275,BK,2020-09-16,0 days 15:59:21.038303,779883,35.5,35.49,2340,7345,24992,-231897
276,BK,2020-09-16,0 days 15:59:23.029684,757877,35.55,35.54,5997,420,-24008,4110
277,BK,2020-09-16,0 days 15:59:27.030242,782167,35.55,35.54,3744,3670,6979,-2308
278,BK,2020-09-16,0 days 15:59:28.031601,781566,35.55,35.54,4350,3016,-3107,6979
279,BK,2020-09-16,0 days 15:59:32.032036,784955,35.55,35.54,6976,1028,21829,-207
280,BK,2020-09-16,0 days 15:59:33.032870,783984,35.55,35.54,3950,4963,-971,21829
281,BK,2020-09-16,0 days 15:59:43.032061,784747,35.55,35.54,9095,3813,-61,1757
282,BK,2020-09-16,0 days 15:59:48.037093,795000,35.55,35.54,3256,10467,6087,-955
283,BKR,2020-09-16,0 days 15:55:00.218659,1174171,14.99,14.98,9183,9321,-159762,40515
284,BKR,2020-09-16,0 days 15:55:43.220168,1242081,14.98,14.97,18490,6301,10951,-50690
285,BMY,2020-09-16,0 days 15:55:00.284605,726335,59.49,59.48,4712,1100,14991,-13221
286,BMY,2020-09-16,0 days 15:55:31.287201,727598,59.5,59.49,872,7065,22694,-628
287,BMY,2020-09-16,0 days 15:57:34.290592,763580,59.52,59.51,6796,1716,-2328,3915
288,BMY,2020-09-16,0 days 15:57:35.290935,761208,59.52,59.51,7227,1687,15,-2328
289,BMY,2020-09-16,0 days 15:57:36.290596,763580,59.51,59.5,2821,4182,-928,15
290,BMY,2020-09-16,0 days 15:58:39.285162,769561,59.52,59.51,2594,6592,-560,389
291,BMY,2020-09-16,0 days 15:59:07.286589,810650,59.53,59.52,1403,7239,-616,2880
292,BMY,2020-09-16,0 days 15:59:19.281672,922649,59.47,59.46,3385,1800,-2078,12704
293,BMY,2020-09-16,0 days 15:59:21.282320,924727,59.47,59.46,488,4093,15264,-1978
294,BMY,2020-09-16,0 days 15:59:22.281812,883091,59.47,59.46,2660,2913,-41636,15264
295,BMY,2020-09-16,0 days 15:59:24.283208,924151,59.46,59.45,2707,3097,4721,-2242
296,BMY,2020-09-16,0 days 15:59:25.282290,922590,59.46,59.45,1168,4709,-1561,4721
297,BMY,2020-09-16,0 days 15:59:37.282898,925766,59.46,59.45,4147,2742,-2084,7816
298,BMY,2020-09-16,0 days 15:59:42.283942,926045,59.43,59.42,8029,2707,-1638,6362
299,BMY,2020-09-16,0 days 15:59:46.284610,923745,59.43,59.42,5446,4850,-3386,2618
300,BP,2020-09-16,0 days 15:55:00.228408,83407,19.99,19.98,50226,27636,-3018,16204
301,BP,2020-09-16,0 days 15:55:15.230496,92482,19.98,19.97,40694,47294,6425,-3575
302,BP,2020-09-16,0 days 15:55:16.230376,89807,19.98,19.97,50518,27644,-2675,6425
303,BP,2020-09-16,0 days 15:57:41.234286,115513,19.98,19.97,66124,14717,147,-553
304,BP,2020-09-16,0 days 15:57:42.233999,133960,19.98,19.97,65624,12017,-6553,147
305,BP,2020-09-16,0 days 15:59:09.238931,151109,19.96,19.95,68857,43342,2503,-4827
306,BP,2020-09-16,0 days 15:59:10.238951,148112,19.96,19.95,70953,35912,-2997,2503
307,BRFS,2020-09-16,0 days 15:55:00.228367,23708,4.1,4.09,142516,66760,4826,-7672
308,BRFS,2020-09-16,0 days 15:57:09.232893,29634,4.09,4.08,89244,155050,-1296,2704
309,BRK.B,2020-09-16,0 days 15:59:15.773171,672368,219.95,219.94,296,100,-111591,53669
310,BRK.B,2020-09-16,0 days 15:59:37.774535,778423,219.75,219.69,523,300,2245,-47755
311,BRK.B,2020-09-16,0 days 15:59:40.775601,771541,219.73,219.66,473,500,15394,-42457
312,BRK.B,2020-09-16,0 days 15:59:46.775168,800135,219.61,219.55,321,200,-13795,22237
313,BRK.B,2020-09-16,0 days 15:59:47.774681,787300,219.49,219.42,200,200,19330,-13795
314,BRK.B,2020-09-16,0 days 15:59:48.775126,800135,219.6,219.54,200,819,-6759,19330
315,BRK.B,2020-09-16,0 days 15:59:49.775102,788749,219.58,219.49,200,326,11386,-6759
316,BRX,2020-09-16,0 days 15:56:50.290083,442103,13.27,13.26,29999,12814,9584,-1516
317,BRX,2020-09-16,0 days 15:59:47.283998,437653,13.27,13.26,7281,13353,-5594,14960
318,BSX,2020-09-16,0 days 15:59:15.771584,638343,40.21,40.2,8966,1899,-107795,3155
319,BSX,2020-09-16,0 days 15:59:16.771795,604201,40.17,40.16,5415,3000,44985,-107795
320,BSX,2020-09-16,0 days 15:59:27.772892,652616,40.19,40.18,3761,3392,-2372,3928
321,BSX,2020-09-16,0 days 15:59:31.772707,654988,40.19,40.18,7437,3435,3621,-2402
322,BSX,2020-09-16,0 days 15:59:35.773159,658609,40.19,40.18,7097,1880,-4651,3421
323,BSX,2020-09-16,0 days 15:59:47.773093,655072,40.17,40.16,4373,1636,4237,-12763
324,BVN,2020-09-16,0 days 15:55:00.242974,72927,12.33,12.32,4258,5988,13523,-45184
325,BVN,2020-09-16,0 days 15:57:03.245389,84219,12.34,12.33,7341,9437,-181,519
326,BVN,2020-09-16,0 days 15:57:04.245929,83700,12.34,12.33,7741,8886,619,-181
327,BVN,2020-09-16,0 days 15:58:07.245958,83014,12.34,12.33,11733,3808,-1168,2014
328,BVN,2020-09-16,0 days 15:58:09.245932,82482,12.34,12.33,13148,3421,532,-68
329,BVN,2020-09-16,0 days 15:58:28.246503,83014,12.34,12.33,11339,3271,-5768,4732
330,BVN,2020-09-16,0 days 15:58:29.247186,78282,12.34,12.33,12149,3271,4732,-5768
331,BVN,2020-09-16,0 days 15:58:33.247465,83014,12.34,12.33,11439,3271,-3268,4732
332,BVN,2020-09-16,0 days 15:58:34.247004,82482,12.34,12.33,12239,7791,532,-3268
333,BVN,2020-09-16,0 days 15:58:48.246997,83014,12.34,12.33,9934,2319,-3268,4732
334,BVN,2020-09-16,0 days 15:58:49.246757,82482,12.34,12.33,10538,2319,532,-3268
335,BVN,2020-09-16,0 days 15:59:01.249368,83014,12.34,12.33,6413,19394,-3127,4073
336,BVN,2020-09-16,0 days 15:59:02.248478,82641,12.34,12.33,6118,6434,1196,-3127
337,BWA,2020-09-16,0 days 15:55:01.028627,279389,39.62,39.61,4537,954,33933,-42371
338,BWA,2020-09-16,0 days 15:55:02.026385,278202,39.61,39.6,1294,2810,-1187,33933
339,BWA,2020-09-16,0 days 15:58:20.029185,307444,39.55,39.54,4258,1511,-297,503
340,BWA,2020-09-16,0 days 15:59:10.037633,312762,39.54,39.53,5605,4933,-11433,468
341,BWA,2020-09-16,0 days 15:59:47.032694,331628,39.52,39.51,4878,2444,201,-277
342,BX,2020-09-16,0 days 15:55:00.783270,216386,53.69,53.67,1030,500,20439,-53190
343,BX,2020-09-16,0 days 15:55:01.780346,215225,53.69,53.67,1073,200,-1161,20439
344,BX,2020-09-16,0 days 15:57:06.779553,233246,53.6,53.58,610,344,179,-2421
345,BX,2020-09-16,0 days 15:57:07.778820,231025,53.6,53.58,910,144,-2221,179
346,BX,2020-09-16,0 days 15:58:26.783265,237546,53.57,53.55,5413,3637,924,-4276
347,BX,2020-09-16,0 days 15:58:27.783537,235170,53.57,53.55,5213,3531,-2376,924
348,BX,2020-09-16,0 days 15:58:54.784127,238514,53.56,53.55,869,814,1729,-3471
349,BX,2020-09-16,0 days 15:58:55.784106,236143,53.56,53.55,669,1232,-2471,1729
350,BX,2020-09-16,0 days 15:59:11.786412,242943,53.6,53.58,955,107,1322,-1478
351,BX,2020-09-16,0 days 15:59:16.773828,241767,53.6,53.58,1039,1065,-1376,13424
352,BX,2020-09-16,0 days 15:59:18.773978,239243,53.57,53.55,800,1165,4039,-1161
353,BX,2020-09-16,0 days 15:59:19.773829,238982,53.57,53.55,700,993,-5303,4039
354,C,2020-09-16,0 days 15:57:38.255496,1006278,45.98,45.97,7419,3237,4114,-3886
355,C,2020-09-16,0 days 15:57:42.255092,1003892,46.0,45.99,11418,3300,-2578,4822
356,C,2020-09-16,0 days 15:57:50.254798,1002592,45.99,45.98,5211,6222,-3878,10230
357,C,2020-09-16,0 days 15:59:36.258595,1112637,45.98,45.97,8172,7142,835,-9065
358,CAG,2020-09-16,0 days 15:55:01.028735,537938,34.85,34.84,1030,2904,87577,-79528
359,CAG,2020-09-16,0 days 15:55:05.024292,537015,34.87,34.86,2693,1242,-1213,1487
360,CAG,2020-09-16,0 days 15:55:41.025804,540570,34.81,34.8,2844,901,-17961,2500
361,CAG,2020-09-16,0 days 15:56:48.030819,558684,34.76,34.75,2709,1800,3444,-356
362,CAG,2020-09-16,0 days 15:56:50.029747,558328,34.77,34.76,1941,2152,-356,3444
363,CAG,2020-09-16,0 days 15:59:46.034439,607790,34.77,34.76,2598,2384,-1046,9576
364,CAH,2020-09-16,0 days 15:55:00.232577,298627,47.21,47.2,459,635,1357,-35248
365,CAH,2020-09-16,0 days 15:56:30.234995,299851,47.17,47.16,1528,150,-3486,203
366,CAH,2020-09-16,0 days 15:56:31.234389,299337,47.16,47.14,1216,409,514,-3486
367,CAH,2020-09-16,0 days 15:57:22.236466,304551,47.2,47.19,300,974,-237,263
368,CAH,2020-09-16,0 days 15:57:23.236154,303688,47.2,47.19,963,502,863,-237
369,CAH,2020-09-16,0 days 15:57:50.236652,314751,47.18,47.17,1102,491,-1637,2563
370,CAH,2020-09-16,0 days 15:57:51.237188,313388,47.18,47.17,802,591,1763,-1637
371,CAH,2020-09-16,0 days 15:57:53.237720,316551,47.17,47.16,726,300,-26,2874
372,CAH,2020-09-16,0 days 15:57:54.237506,314677,47.17,47.15,1200,1110,1874,-26
373,CAH,2020-09-16,0 days 15:58:00.238869,312851,47.19,47.18,648,682,-2337,963
374,CAH,2020-09-16,0 days 15:58:02.238091,310788,47.19,47.18,900,588,1463,-4537
375,CAH,2020-09-16,0 days 15:58:03.237699,306130,47.19,47.18,800,459,-4658,1463
376,CAH,2020-09-16,0 days 15:58:04.237723,306688,47.19,47.18,800,459,3342,-4658
377,CAH,2020-09-16,0 days 15:58:19.238565,318301,47.19,47.18,644,700,-687,2013
378,CAH,2020-09-16,0 days 15:58:20.238666,316288,47.18,47.17,400,401,2013,-687
379,CAH,2020-09-16,0 days 15:58:39.239213,314401,47.2,47.19,650,620,-3787,113
380,CAH,2020-09-16,0 days 15:58:40.239308,312388,47.2,47.19,777,295,2013,-3787
381,CAH,2020-09-16,0 days 15:58:46.239259,314743,47.22,47.2,200,679,-1865,1693
382,CAH,2020-09-16,0 days 15:58:47.239351,313208,47.2,47.19,100,328,5135,-1865
383,CAH,2020-09-16,0 days 15:58:55.239701,313223,47.21,47.2,200,745,535,-80
384,CAH,2020-09-16,0 days 15:59:06.240980,305977,47.21,47.2,850,320,-2872,728
385,CAH,2020-09-16,0 days 15:59:07.240991,305449,47.21,47.2,650,720,528,-2872
386,CAH,2020-09-16,0 days 15:59:09.242176,309577,47.21,47.19,1182,750,-7046,528
387,CAH,2020-09-16,0 days 15:59:20.241133,320823,47.19,47.18,450,2800,4320,-3413
388,CAH,2020-09-16,0 days 15:59:21.239796,321282,47.22,47.2,500,400,-3341,4320
389,CAH,2020-09-16,0 days 15:59:31.240577,320323,47.23,47.22,1595,427,418,-82
390,CAH,2020-09-16,0 days 15:59:36.240252,324907,47.23,47.22,995,200,-416,503
391,CAH,2020-09-16,0 days 15:59:40.240755,324423,47.24,47.22,900,100,484,-29116
392,CAH,2020-09-16,0 days 15:59:43.240264,324931,47.23,47.22,763,760,-292,484
393,CAH,2020-09-16,0 days 15:59:45.241302,325123,47.21,47.2,400,260,32,-292
394,CAH,2020-09-16,0 days 16:00:00.243704,325973,47.22,47.19,19886,38504,-18650,17097
395,CARR,2020-09-16,0 days 15:59:15.773847,604203,30.25,30.24,3264,1532,-66771,121
396,CAT,2020-09-16,0 days 15:55:00.782851,195960,151.75,151.7,500,134,-11372,33764
397,CAT,2020-09-16,0 days 15:56:08.783459,208151,151.73,151.7,690,457,2146,-294
398,CAT,2020-09-16,0 days 15:56:09.782779,207897,151.71,151.68,500,100,-194,2146
399,CAT,2020-09-16,0 days 15:57:25.779857,221751,151.78,151.75,400,550,325,-1312
400,CAT,2020-09-16,0 days 15:57:26.779921,220076,151.8,151.78,400,300,-1740,325
401,CAT,2020-09-16,0 days 15:59:07.786943,241591,151.63,151.58,467,300,1982,-3354
402,CAT,2020-09-16,0 days 15:59:08.785543,240673,151.6,151.55,549,300,-1086,1982
403,CAT,2020-09-16,0 days 15:59:21.774117,289646,151.27,151.24,600,200,246,-1386
404,CAT,2020-09-16,0 days 15:59:23.774440,285750,151.31,151.26,100,999,-3896,246
405,CAT,2020-09-16,0 days 15:59:34.774278,285946,151.29,151.24,1000,400,2568,-1204
406,CAT,2020-09-16,0 days 15:59:35.775025,282514,151.29,151.24,872,500,-3432,2568
407,CAT,2020-09-16,0 days 15:59:38.775173,286339,151.24,151.19,1863,300,1075,-7525
408,CAT,2020-09-16,0 days 15:59:42.775191,284114,151.19,151.15,1217,414,-2165,1735
409,CB,2020-09-16,0 days 15:52:54.281083,103135,118.79,118.72,300,101,728,-558
410,CB,2020-09-16,0 days 15:54:09.283967,102763,118.8,118.77,200,300,-558,728
411,CB,2020-09-16,0 days 15:55:00.284560,156315,118.7,118.66,200,152,-737,728
412,CB,2020-09-16,0 days 15:55:32.287444,157010,118.6,118.55,200,135,11,-289
413,CB,2020-09-16,0 days 15:55:38.287418,157021,118.58,118.53,221,400,-818,11
414,CB,2020-09-16,0 days 15:59:02.286705,193844,118.58,118.55,300,630,694,-709
415,CB,2020-09-16,0 days 15:59:09.287341,196141,118.53,118.48,200,541,-30438,988
416,CB,2020-09-16,0 days 15:59:12.287006,226579,118.49,118.43,540,100,1562,-1338
417,CB,2020-09-16,0 days 15:59:15.287865,222744,118.49,118.44,429,904,-4152,1245
418,CCI,2020-09-16,0 days 15:59:16.259211,209121,166.33,166.29,1023,609,-4914,27790
419,CCI,2020-09-16,0 days 15:59:17.258365,207335,166.31,166.24,444,425,1786,-4914
420,CCI,2020-09-16,0 days 15:59:21.258610,209321,166.28,166.2,1036,200,-5148,986
421,CCI,2020-09-16,0 days 15:59:29.258870,209991,166.22,166.18,125,200,-1953,447
422,CCI,2020-09-16,0 days 15:59:30.262920,208944,166.25,166.2,699,473,1047,-1953
423,CCI,2020-09-16,0 days 15:59:35.259500,209991,166.24,166.2,260,700,-1153,1247
424,CCI,2020-09-16,0 days 15:59:36.258716,209244,166.25,166.2,437,517,747,-1153
425,CCI,2020-09-16,0 days 15:59:40.260051,209791,166.28,166.2,363,728,-311,89
426,CCI,2020-09-16,0 days 15:59:46.260699,204642,166.23,166.18,154,361,5549,-31
427,CCI,2020-09-16,0 days 15:59:48.250943,210191,166.23,166.18,225,361,-3444,949
428,CCI,2020-09-16,0 days 15:59:50.253639,202928,166.24,166.18,100,264,7263,-144
429,CDE,2020-09-16,0 days 15:55:00.229079,237378,7.95,7.94,26111,11309,2609,-63559
430,CDE,2020-09-16,0 days 15:55:42.230736,240043,7.95,7.94,30956,12083,-601,581
431,CDE,2020-09-16,0 days 15:56:09.231244,240644,7.95,7.94,18736,24644,605,-541
432,CDE,2020-09-16,0 days 15:59:47.238784,268170,7.95,7.94,46885,12912,-422,7978
433,CFG,2020-09-16,0 days 15:59:13.249261,672887,27.61,27.6,10347,7320,2848,-6273
434,CFG,2020-09-16,0 days 15:59:17.246990,674599,27.63,27.62,5255,5902,-2559,70785
435,CGC,2020-09-16,0 days 15:56:15.252848,33598,16.5,16.49,2100,535,1582,-318
436,CGC,2020-09-16,0 days 15:56:16.252628,33180,16.5,16.49,2100,535,-418,1582
437,CGC,2020-09-16,0 days 15:59:10.260890,34769,16.51,16.5,3560,1215,174,-424
438,CGC,2020-09-16,0 days 15:59:11.260152,34643,16.51,16.5,3560,1215,-126,174
439,CGC,2020-09-16,0 days 15:59:18.258333,34769,16.49,16.48,2000,187,3383,-126
440,CHWY,2020-09-16,0 days 15:55:14.252128,70258,56.2,56.16,1000,495,1643,-1757
441,CHWY,2020-09-16,0 days 15:55:15.253071,69101,56.2,56.16,1300,495,-1157,1643
442,CHWY,2020-09-16,0 days 15:55:42.255113,70258,56.18,56.16,1562,594,2304,-896
443,CHWY,2020-09-16,0 days 15:55:48.255558,67062,56.22,56.19,200,976,-3196,4
444,CHWY,2020-09-16,0 days 15:56:15.252948,70258,56.22,56.19,300,903,379,-243
445,CHWY,2020-09-16,0 days 15:56:16.252679,69937,56.22,56.19,300,989,-321,379
446,CHWY,2020-09-16,0 days 15:56:34.253539,71558,56.2,56.18,600,637,2879,-521
447,CHWY,2020-09-16,0 days 15:56:35.253502,71537,56.2,56.18,610,637,-21,2879
448,CHWY,2020-09-16,0 days 15:57:11.254897,74150,56.17,56.14,800,300,255,-245
449,CHWY,2020-09-16,0 days 15:57:12.254324,73805,56.17,56.14,800,984,-345,255
450,CHWY,2020-09-16,0 days 15:57:45.256084,88050,56.18,56.17,398,630,285,-3115
451,CHWY,2020-09-16,0 days 15:57:46.255426,86435,56.18,56.17,286,976,-515,285
452,CHWY,2020-09-16,0 days 15:58:13.256338,85635,56.2,56.19,600,200,-5234,2666
453,CHWY,2020-09-16,0 days 15:59:08.262665,92391,56.26,56.25,4450,318,1971,-2054
454,CHWY,2020-09-16,0 days 15:59:09.260504,91262,56.26,56.25,4450,418,-1129,1971
455,CHWY,2020-09-16,0 days 15:59:33.258862,92391,56.29,56.23,2500,315,1812,-88
456,CHWY,2020-09-16,0 days 15:59:34.258645,91603,56.29,56.25,2170,100,-788,1812
457,CHWY,2020-09-16,0 days 15:59:40.260174,90991,56.2,56.19,805,100,912,-388
458,CIG,2020-09-16,0 days 15:59:06.240800,75494,2.13,2.12,378986,521697,-10,3234
459,CIG,2020-09-16,0 days 15:59:09.241921,75504,2.13,2.12,380486,520197,4727,-10
460,CIM,2020-09-16,0 days 15:55:01.780091,554116,9.12,9.11,20782,25259,-77471,7629
461,CIM,2020-09-16,0 days 15:55:02.779346,545287,9.12,9.11,21882,25559,8829,-77471
462,CIM,2020-09-16,0 days 15:55:17.780412,555370,9.12,9.11,26077,19859,-6233,29767
463,CIM,2020-09-16,0 days 15:55:18.780688,544503,9.12,9.11,25657,19159,10867,-6233
464,CIM,2020-09-16,0 days 15:59:06.785473,605333,9.11,9.1,13790,35775,-10071,17478
465,CIM,2020-09-16,0 days 15:59:07.786742,581063,9.11,9.1,14075,33038,24270,-10071
466,CIM,2020-09-16,0 days 15:59:15.773644,605333,9.11,9.1,11927,38035,-12561,9470
467,CIM,2020-09-16,0 days 15:59:16.773636,599689,9.11,9.1,22687,34832,5644,-12561
468,CIM,2020-09-16,0 days 15:59:36.775865,605433,9.11,9.1,16597,36717,-5578,5244
469,CIM,2020-09-16,0 days 15:59:37.774663,590770,9.11,9.1,28923,34210,14563,-5578
470,CL,2020-09-16,0 days 15:56:46.233231,507435,76.9,76.89,500,737,-425,1275
471,CL,2020-09-16,0 days 15:57:35.233368,509812,76.97,76.96,1301,445,2436,-1064
472,CL,2020-09-16,0 days 15:57:36.233159,508948,76.97,76.96,600,995,-864,2436
473,CL,2020-09-16,0 days 15:57:43.235076,509912,76.95,76.93,1207,100,2836,-664
474,CL,2020-09-16,0 days 15:57:46.234550,514248,76.93,76.92,400,1408,-964,8236
475,CL,2020-09-16,0 days 15:57:47.234905,512712,76.93,76.92,600,300,1336,-964
476,CL,2020-09-16,0 days 15:57:51.235111,515448,76.93,76.92,801,400,-6964,5036
477,CL,2020-09-16,0 days 15:57:52.234765,515212,76.93,76.91,1401,808,436,-6964
478,CL,2020-09-16,0 days 15:58:20.236173,514951,76.93,76.92,1901,1020,4172,-2828
479,CL,2020-09-16,0 days 15:58:31.236758,514951,76.93,76.92,501,1513,72,-128
480,CL,2020-09-16,0 days 15:58:44.236841,514951,76.95,76.93,1600,301,8189,-811
481,CL,2020-09-16,0 days 15:59:04.237840,515906,76.97,76.96,522,1087,38,-792
482,CL,2020-09-16,0 days 15:59:05.238657,515944,76.97,76.96,300,1398,-125,38
483,CL,2020-09-16,0 days 15:59:11.239410,592517,76.92,76.9,753,2836,4127,-837
484,CL,2020-09-16,0 days 15:59:12.238867,590747,76.91,76.9,609,2536,-2277,4127
485,CL,2020-09-16,0 days 15:59:19.237483,583247,76.9,76.89,759,1000,-12128,3372
486,CL,2020-09-16,0 days 15:59:34.237930,595375,76.89,76.88,300,861,1434,-2960
487,CL,2020-09-16,0 days 15:59:37.238561,593400,76.9,76.89,205,2242,-1975,3325
488,CLDR,2020-09-16,0 days 15:59:46.239110,342881,11.19,11.18,8284,10925,-3281,162
489,CLF,2020-09-16,0 days 15:56:46.233178,425347,6.36,6.35,75082,45152,-3874,1226
490,CLF,2020-09-16,0 days 15:57:17.233359,429221,6.37,6.36,65990,78382,9815,-3474
491,CLF,2020-09-16,0 days 15:57:18.233015,416236,6.37,6.36,65290,78368,-12985,9815
492,CLF,2020-09-16,0 days 15:58:10.236362,438059,6.37,6.36,59953,83168,145,-15417
493,CLF,2020-09-16,0 days 15:58:15.236674,433904,6.37,6.36,63475,79416,-3155,3945
494,CLF,2020-09-16,0 days 15:59:03.238259,452912,6.38,6.37,61330,46292,20072,-3908
495,CLF,2020-09-16,0 days 15:59:04.238447,450784,6.38,6.37,61136,45185,-2128,20072
496,CLF,2020-09-16,0 days 15:59:07.238789,448253,6.38,6.37,67033,43208,10331,-10583
497,CLF,2020-09-16,0 days 15:59:08.239661,446484,6.38,6.37,67333,44708,-1769,10331
498,CLF,2020-09-16,0 days 15:59:10.239109,448253,6.38,6.37,70636,38784,219,-1369
499,CLF,2020-09-16,0 days 15:59:11.239505,464272,6.38,6.37,68939,43396,-3112,219
500,CLF,2020-09-16,0 days 15:59:28.237504,466700,6.38,6.37,82269,25981,-1684,616
501,CLF,2020-09-16,0 days 15:59:38.238411,468384,6.38,6.37,71728,68633,959,-1484
502,CLF,2020-09-16,0 days 15:59:41.239343,467443,6.38,6.37,71204,73677,-1035,41859
503,CLF,2020-09-16,0 days 15:59:45.240237,468572,6.38,6.37,63610,94515,971,-1029
504,CLX,2020-09-16,0 days 15:55:00.229563,96007,207.49,207.44,100,100,-6936,2333
505,CLX,2020-09-16,0 days 15:56:56.232764,103729,207.24,207.2,100,200,1293,-1807
506,CLX,2020-09-16,0 days 15:56:57.232976,103522,207.24,207.2,100,384,-207,1293
507,CLX,2020-09-16,0 days 15:57:11.233767,103904,207.29,207.26,336,110,51,-319
508,CLX,2020-09-16,0 days 15:57:12.233200,103755,207.29,207.23,422,400,-149,51
509,CLX,2020-09-16,0 days 15:57:36.233539,103904,207.35,207.3,300,200,690,-228
510,CLX,2020-09-16,0 days 15:57:37.233748,103376,207.32,207.28,100,410,-828,690
511,CLX,2020-09-16,0 days 15:57:42.234075,104004,207.27,207.21,220,314,72,-28
512,CLX,2020-09-16,0 days 15:57:48.234742,105476,207.27,207.2,532,295,-328,172
513,CLX,2020-09-16,0 days 15:57:49.234686,105304,207.27,207.2,532,295,72,-328
514,CLX,2020-09-16,0 days 15:57:51.234867,105476,207.26,207.21,300,100,-228,72
515,CLX,2020-09-16,0 days 15:57:52.234753,105304,207.26,207.21,300,100,72,-228
516,CLX,2020-09-16,0 days 15:57:55.235202,104376,207.31,207.24,300,400,-628,172
517,CLX,2020-09-16,0 days 15:57:56.235073,104304,207.31,207.25,512,400,72,-628
518,CLX,2020-09-16,0 days 15:57:58.234857,104376,207.31,207.26,712,310,-328,72
519,CLX,2020-09-16,0 days 15:57:59.235074,104304,207.31,207.26,712,421,72,-328
520,CLX,2020-09-16,0 days 15:58:02.235374,104376,207.31,207.26,749,425,-228,372
521,CLX,2020-09-16,0 days 15:58:03.235595,99924,207.31,207.26,737,498,4452,-228
522,CLX,2020-09-16,0 days 15:58:05.235829,104376,207.31,207.26,755,598,-448,452
523,CLX,2020-09-16,0 days 15:58:06.235714,103924,207.31,207.26,655,598,452,-448
524,CLX,2020-09-16,0 days 15:58:07.235909,104294,207.35,207.3,705,200,-2922,452
525,CLX,2020-09-16,0 days 15:58:09.235523,104216,207.3,207.26,419,173,160,-340
526,CLX,2020-09-16,0 days 15:58:10.236362,104376,207.3,207.26,419,173,-240,160
527,CLX,2020-09-16,0 days 15:58:11.236300,104216,207.3,207.26,419,173,160,-240
528,CLX,2020-09-16,0 days 15:58:21.236628,104770,207.3,207.25,409,180,-646,254
529,CLX,2020-09-16,0 days 15:58:22.236326,104516,207.31,207.28,100,200,254,-646
530,CLX,2020-09-16,0 days 15:59:01.238590,107507,207.35,207.31,200,440,-242,458
531,CLX,2020-09-16,0 days 15:59:02.238667,107306,207.35,207.31,217,442,261,-242
532,CLX,2020-09-16,0 days 15:59:09.239127,110514,207.46,207.37,401,985,-1209,255
533,CLX,2020-09-16,0 days 15:59:10.239131,110023,207.46,207.39,201,720,100,-1209
534,CLX,2020-09-16,0 days 15:59:11.239505,112390,207.45,207.39,213,612,-2447,100
535,CLX,2020-09-16,0 days 15:59:30.240732,117121,207.66,207.59,972,440,2596,-4761
536,CLX,2020-09-16,0 days 15:59:33.237803,115927,207.64,207.53,937,400,-394,296
537,CLX,2020-09-16,0 days 15:59:38.238399,118128,207.6,207.55,278,100,189,-611
538,CLX,2020-09-16,0 days 15:59:39.238879,117627,207.6,207.53,393,192,-501,189
539,CLX,2020-09-16,0 days 15:59:46.239661,118115,207.46,207.38,618,200,1833,-378
540,CLX,2020-09-16,0 days 15:59:47.239074,117648,207.46,207.38,718,200,-467,1833
541,CNC,2020-09-16,0 days 15:55:48.244766,417026,59.83,59.82,2590,1389,-13635,2520
542,CNC,2020-09-16,0 days 15:55:49.244528,413061,59.82,59.8,906,1000,3965,-13635
543,CNC,2020-09-16,0 days 15:56:16.243848,409546,59.91,59.9,859,200,3444,-1256
544,CNC,2020-09-16,0 days 15:57:35.245143,418090,59.9,59.89,3674,2632,-3156,944
545,CNC,2020-09-16,0 days 15:57:36.244953,414946,59.9,59.89,3574,2801,3144,-3156
546,CNC,2020-09-16,0 days 15:57:44.244742,420290,59.87,59.85,1495,1400,-2756,844
547,CNC,2020-09-16,0 days 15:58:42.247240,440031,59.86,59.84,1996,1339,9761,-13639
548,CNC,2020-09-16,0 days 15:58:43.246493,438692,59.86,59.85,1496,500,-1339,9761
549,CNC,2020-09-16,0 days 15:59:06.248774,450182,59.9,59.89,2345,1792,24,-1872
550,CNK,2020-09-16,0 days 15:57:11.022401,235599,12.49,12.48,4155,7606,-48,652
551,CNK,2020-09-16,0 days 15:57:12.024331,234847,12.49,12.48,4779,7306,552,-48
552,CNK,2020-09-16,0 days 15:57:38.026119,235399,12.5,12.49,13428,8282,-748,652
553,CNK,2020-09-16,0 days 15:57:39.024386,234847,12.5,12.49,13428,8644,352,-748
554,CNK,2020-09-16,0 days 15:57:49.026541,235199,12.5,12.49,18903,5997,-348,1952
555,CNK,2020-09-16,0 days 15:57:55.026562,240147,12.5,12.49,16953,14544,1652,-448
556,CNK,2020-09-16,0 days 15:57:56.029523,235199,12.5,12.49,16853,14644,-4948,1652
557,CNK,2020-09-16,0 days 15:58:49.031415,237147,12.5,12.49,9563,15131,8203,-397
558,CNK,2020-09-16,0 days 15:58:50.031025,236750,12.5,12.49,7717,15783,-397,8203
559,CNK,2020-09-16,0 days 15:59:00.036032,237247,12.5,12.49,9348,15454,317,-259
560,CNK,2020-09-16,0 days 15:59:01.038918,236879,12.5,12.49,4804,16349,-368,317
561,CNK,2020-09-16,0 days 15:59:12.038160,245353,12.5,12.49,10501,7237,8116,-10689
562,CNK,2020-09-16,0 days 15:59:13.040131,244369,12.5,12.49,12751,6137,-984,8116
563,CNP,2020-09-16,0 days 15:57:06.235480,654753,19.72,19.71,7044,18778,16617,-5005
564,CNP,2020-09-16,0 days 15:59:16.240115,737752,19.73,19.72,16587,9475,-21472,18335
565,CNP,2020-09-16,0 days 15:59:21.238919,737752,19.75,19.74,12869,6742,-1872,10728
566,CNQ,2020-09-16,0 days 15:59:08.288608,104269,18.51,18.5,7873,8027,-98,1741
567,CNQ,2020-09-16,0 days 15:59:27.282435,99795,18.52,18.51,9570,3084,4674,-2526
568,CNQ,2020-09-16,0 days 15:59:47.283988,101366,18.53,18.52,16328,7992,3003,-6797
569,CNX,2020-09-16,0 days 15:57:43.235306,410627,11.19,11.18,3196,1701,-1644,1156
570,CNX,2020-09-16,0 days 15:57:46.234371,404471,11.19,11.18,3895,4363,6156,-1644
571,CNX,2020-09-16,0 days 15:59:14.238652,415648,11.19,11.18,6578,7612,-319,3081
572,CNX,2020-09-16,0 days 15:59:15.238971,412067,11.19,11.18,8416,6528,3581,-319
573,CNX,2020-09-16,0 days 15:59:16.237966,415648,11.19,11.18,5113,8044,-13068,3581
574,CNX,2020-09-16,0 days 15:59:17.237005,413316,11.19,11.18,8801,7729,2332,-13068
575,COP,2020-09-16,0 days 15:59:01.038901,848780,35.02,35.01,5910,4063,-9453,80398
576,COP,2020-09-16,0 days 15:59:02.036143,834313,35.02,35.01,4592,3455,14467,-9453
577,COP,2020-09-16,0 days 15:59:17.031955,852910,35.02,35.01,5107,2605,-108733,7957
578,COP,2020-09-16,0 days 15:59:18.031896,851343,35.01,35.0,3405,6414,1567,-108733
579,COP,2020-09-16,0 days 15:59:50.044599,878262,35.06,35.05,8726,6154,8690,-13910
580,COTY,2020-09-16,0 days 15:55:00.782036,597430,3.26,3.25,113758,175234,-106572,144663
581,COTY,2020-09-16,0 days 15:55:01.780047,590307,3.26,3.25,113758,175413,4923,-106572
582,COTY,2020-09-16,0 days 15:58:00.783558,714961,3.26,3.25,156369,242584,-3499,2012
583,COTY,2020-09-16,0 days 15:58:01.782427,696760,3.26,3.25,149790,272799,18201,-3499
584,COTY,2020-09-16,0 days 15:59:07.786742,725945,3.26,3.25,138595,295186,-96304,7514
585,COTY,2020-09-16,0 days 15:59:17.773829,725945,3.26,3.25,244828,179822,-35850,6296
586,COTY,2020-09-16,0 days 15:59:18.773800,681095,3.26,3.25,246062,164151,44850,-35850
587,COTY,2020-09-16,0 days 15:59:25.773692,725945,3.26,3.25,225255,171776,-1650,44850
588,COTY,2020-09-16,0 days 15:59:26.774056,683295,3.26,3.25,227955,170676,42650,-1650
589,COTY,2020-09-16,0 days 15:59:40.775793,725945,3.26,3.25,269455,185468,-26750,2350
590,COTY,2020-09-16,0 days 15:59:41.775139,723795,3.26,3.25,271355,162413,2150,-26750
591,COTY,2020-09-16,0 days 15:59:50.776037,709254,3.26,3.25,232497,149370,16891,-8409
592,CPB,2020-09-16,0 days 15:55:00.241879,230735,45.33,45.31,1188,784,1014,-2159
593,CPB,2020-09-16,0 days 15:55:26.244138,233949,45.28,45.27,2243,481,-3840,1187
594,CPB,2020-09-16,0 days 15:56:31.244351,245254,45.18,45.16,637,489,2304,-3769
595,CPB,2020-09-16,0 days 15:56:50.245079,246158,45.2,45.19,804,676,-1869,977
596,CPB,2020-09-16,0 days 15:56:51.244863,245627,45.2,45.19,705,1798,531,-1869
597,CPB,2020-09-16,0 days 15:57:23.244968,245044,45.24,45.23,801,1511,440,-360
598,CPB,2020-09-16,0 days 15:57:26.244840,245089,45.24,45.23,408,4556,-155,45
599,CPB,2020-09-16,0 days 15:57:27.244223,244644,45.24,45.23,200,1527,445,-155
600,CPB,2020-09-16,0 days 15:57:37.244893,254989,45.22,45.21,732,900,-2882,4145
601,CPB,2020-09-16,0 days 15:57:38.244810,253571,45.22,45.21,1488,200,1418,-2882
602,CPB,2020-09-16,0 days 15:58:09.245449,255684,45.22,45.21,1703,1888,-87,3913
603,CPB,2020-09-16,0 days 15:58:12.246392,254592,45.21,45.2,1900,757,1092,-1108
604,CPB,2020-09-16,0 days 15:58:16.246092,256384,45.21,45.2,2389,286,-2508,1092
605,CPB,2020-09-16,0 days 15:58:17.247571,255192,45.21,45.2,2889,286,492,-2508
606,CPB,2020-09-16,0 days 15:58:20.246215,256384,45.2,45.19,1400,630,-1908,492
607,CPB,2020-09-16,0 days 15:58:21.246432,255192,45.21,45.2,2035,295,492,-1908
608,CPB,2020-09-16,0 days 15:59:05.248584,257292,45.24,45.23,400,5121,354,-672
609,CPB,2020-09-16,0 days 15:59:10.248979,254446,45.24,45.23,1795,569,-2831,449
610,CPE,2020-09-16,0 days 15:59:40.239452,199899,6.09,6.08,7621,13849,2067,-1433
611,CPE,2020-09-16,0 days 16:00:00.239822,191399,6.1,6.08,20986,4900,2667,-2133
612,CRM,2020-09-16,0 days 15:55:00.231213,380640,250.93,250.81,200,220,-5275,14990
613,CRM,2020-09-16,0 days 15:55:15.232606,385915,250.79,250.73,200,400,597,-15
614,CRM,2020-09-16,0 days 15:55:16.232758,384712,250.76,250.73,100,100,-1201,597
615,CRM,2020-09-16,0 days 15:56:08.233494,387487,250.6,250.54,300,208,4745,-555
616,CRM,2020-09-16,0 days 15:56:09.233760,386632,250.68,250.59,200,100,-855,4745
617,CRM,2020-09-16,0 days 15:56:45.235442,387494,250.48,250.43,382,300,216,-355
618,CRM,2020-09-16,0 days 15:57:38.236249,396514,250.82,250.76,315,200,3244,-856
619,CRM,2020-09-16,0 days 15:57:39.236368,395458,250.82,250.76,500,308,-1056,3244
620,CRM,2020-09-16,0 days 15:57:42.236160,400214,250.81,250.77,300,100,644,-854
621,CRM,2020-09-16,0 days 15:57:43.237379,399358,250.83,250.77,220,527,-854,644
622,CRM,2020-09-16,0 days 15:57:45.236916,400821,250.79,250.76,100,300,2737,-1463
623,CRM,2020-09-16,0 days 15:57:46.236431,398251,250.84,250.78,100,200,-2572,2737
624,CRM,2020-09-16,0 days 15:57:47.236793,400823,250.82,250.76,200,400,540,-2572
625,CRM,2020-09-16,0 days 15:57:48.236707,399863,250.82,250.76,214,400,-958,540
626,CRM,2020-09-16,0 days 15:57:49.236515,400823,250.83,250.76,500,501,440,-958
627,CRM,2020-09-16,0 days 15:57:50.236531,398751,250.85,250.81,100,200,-2072,440
628,CRM,2020-09-16,0 days 15:57:53.237562,401223,250.97,250.87,500,300,1467,-192
629,CRM,2020-09-16,0 days 15:57:56.237258,400231,250.97,250.9,100,200,-1592,867
630,CRM,2020-09-16,0 days 15:58:01.238340,403742,250.97,250.93,316,603,1648,-2382
631,CRM,2020-09-16,0 days 15:58:06.238132,400331,250.95,250.93,617,307,-1111,589
632,CRM,2020-09-16,0 days 15:58:08.237811,398292,250.94,250.87,596,200,1042,-4308
633,CRM,2020-09-16,0 days 15:58:09.238083,397034,250.94,250.87,179,200,-1258,1042
634,CRM,2020-09-16,0 days 15:58:10.238669,398292,250.95,250.89,300,200,2442,-1258
635,CRM,2020-09-16,0 days 15:58:11.240009,397134,250.96,250.89,200,102,-1158,2442
636,CRM,2020-09-16,0 days 15:58:19.238469,396193,250.8,250.74,179,200,694,-318
637,CRM,2020-09-16,0 days 15:58:20.238567,396087,250.8,250.74,179,200,-104,694
638,CRM,2020-09-16,0 days 15:58:30.238710,396190,250.8,250.78,401,100,297,-1018
639,CRM,2020-09-16,0 days 15:58:31.238659,395387,250.86,250.81,506,200,-1123,297
640,CRM,2020-09-16,0 days 15:58:44.238973,401763,250.93,250.82,419,200,971,-1729
641,CRM,2020-09-16,0 days 15:58:45.240035,401034,250.91,250.78,300,200,-729,971
642,CRM,2020-09-16,0 days 15:58:46.239118,398613,250.91,250.78,408,400,2421,-729
643,CRM,2020-09-16,0 days 15:58:47.239274,397704,250.91,250.78,508,300,-209,2421
644,CRM,2020-09-16,0 days 15:58:51.239316,396513,250.88,250.78,100,1105,391,-9
645,CRM,2020-09-16,0 days 15:58:52.239578,395704,250.87,250.8,200,408,-809,391
646,CRM,2020-09-16,0 days 15:59:07.240765,420672,250.89,250.85,224,200,4645,-15192
647,CRM,2020-09-16,0 days 15:59:08.242660,418558,250.88,250.81,600,100,-2114,4645
648,CRM,2020-09-16,0 days 15:59:29.239815,497111,250.78,250.67,791,747,2285,-4315
649,CRM,2020-09-16,0 days 15:59:30.244348,494596,250.81,250.67,1100,441,-2515,2285
650,CRM,2020-09-16,0 days 15:59:31.240423,496611,250.62,250.55,700,400,6374,-2515
651,CRM,2020-09-16,0 days 15:59:34.239389,496611,250.62,250.55,612,1215,4254,-2026
652,CRM,2020-09-16,0 days 15:59:35.240108,495265,250.69,250.6,518,300,-1346,4254
653,CRM,2020-09-16,0 days 15:59:36.240047,493702,250.69,250.6,720,581,1563,-1346
654,CRM,2020-09-16,0 days 15:59:37.240029,492665,250.69,250.6,1408,1017,-1037,1563
655,CRM,2020-09-16,0 days 15:59:59.242180,495678,250.72,250.56,2200,659,21906,-1411
656,CS,2020-09-16,0 days 15:55:00.783018,98475,11.05,11.04,61319,71965,65518,-88240
657,CS,2020-09-16,0 days 15:55:01.780237,90993,11.05,11.04,51925,114265,-7482,65518
658,CS,2020-09-16,0 days 15:59:46.775477,99171,11.05,11.04,137110,75519,-1506,8152
659,CTL,2020-09-16,0 days 15:55:36.245464,1032786,11.03,11.02,36985,43617,-6698,5702
660,CTL,2020-09-16,0 days 15:55:44.245104,1039484,11.02,11.01,61053,19453,4802,-3198
661,CTL,2020-09-16,0 days 15:57:17.245093,1029351,11.02,11.01,33332,54047,-11870,630
662,CTL,2020-09-16,0 days 15:59:24.246641,1115064,11.02,11.01,82149,32027,-6097,13603
663,CTVA,2020-09-16,0 days 15:59:46.239453,2469028,29.21,29.2,3110,5126,-36649,10818
664,CUK,2020-09-16,0 days 15:59:17.774028,12156,13.53,13.52,3705,198,3002,-1933
665,CUK,2020-09-16,0 days 15:59:51.776333,15058,13.55,13.53,8200,1905,-3754,2902
666,CVE,2020-09-16,0 days 15:55:00.782897,37279,4.38,4.37,250446,141700,-2961,7289
667,CVS,2020-09-16,0 days 15:55:00.242054,655309,57.38,57.37,1733,832,-931802,129268
668,CVS,2020-09-16,0 days 15:59:24.246578,1577109,57.39,57.38,1000,1600,75824,-2384
669,CVS,2020-09-16,0 days 15:59:49.244149,1725327,57.45,57.44,2321,5883,-4004,196
670,CVS,2020-09-16,0 days 15:59:50.247304,1656898,57.45,57.44,2887,2915,70608,-4004
671,CVX,2020-09-16,0 days 15:59:50.776780,2006730,78.58,78.56,600,400,-3750,12747
672,CVX,2020-09-16,0 days 15:59:51.776319,2006480,78.56,78.52,236,300,250,-3750
673,CVX,2020-09-16,0 days 15:59:56.772373,1971078,78.6,78.52,8898,2300,35652,-39581
674,CVX,2020-09-16,0 days 15:59:58.771794,2006730,78.59,78.55,100,1500,-3427,34935
675,CWH,2020-09-16,0 days 15:53:45.776932,116412,30.45,30.43,203,735,-43598,4350
676,CWH,2020-09-16,0 days 15:53:54.775822,157510,30.42,30.4,400,325,4550,-43598
677,CWH,2020-09-16,0 days 15:55:00.781987,134492,30.45,30.43,425,366,-49397,4450
678,CWH,2020-09-16,0 days 15:55:12.780530,180140,30.43,30.4,1125,962,-1149,37451
679,CWH,2020-09-16,0 days 15:55:13.780878,178689,30.43,30.4,1125,3431,1551,-1149
680,CWH,2020-09-16,0 days 15:55:14.780727,177540,30.43,30.4,1825,3531,-1149,1551
681,CWH,2020-09-16,0 days 15:55:37.782877,181049,30.41,30.4,692,300,615,-3485
682,CWH,2020-09-16,0 days 15:55:38.781989,179664,30.4,30.39,601,100,-1385,615
683,CWH,2020-09-16,0 days 15:55:40.782427,181049,30.4,30.39,842,237,3151,-1385
684,CWH,2020-09-16,0 days 15:55:41.781888,176400,30.41,30.4,521,100,-5049,3151
685,CWH,2020-09-16,0 days 15:55:44.783691,186849,30.41,30.39,1221,337,3051,-6349
686,CWH,2020-09-16,0 days 15:55:45.783132,185400,30.43,30.41,1225,100,-4049,3051
687,CWH,2020-09-16,0 days 15:55:49.782344,186849,30.4,30.39,1352,100,951,-1649
688,CWH,2020-09-16,0 days 15:55:50.781999,185400,30.4,30.39,1400,330,-1619,951
689,CWH,2020-09-16,0 days 15:56:00.783289,187019,30.4,30.38,2201,638,581,-1576
690,CWH,2020-09-16,0 days 15:56:01.782972,185543,30.4,30.38,2101,838,-1476,581
691,CWH,2020-09-16,0 days 15:56:18.783022,194329,30.4,30.38,943,527,5771,-8629
692,CWH,2020-09-16,0 days 15:56:19.783153,192243,30.4,30.38,382,827,-2086,5771
693,CWH,2020-09-16,0 days 15:56:47.784818,194922,30.4,30.39,300,100,246,-5154
694,CWH,2020-09-16,0 days 15:56:48.784344,192811,30.4,30.38,736,910,-2111,246
695,CWH,2020-09-16,0 days 15:57:14.779858,201422,30.42,30.41,1437,100,1146,-3254
696,CWH,2020-09-16,0 days 15:57:15.779521,198668,30.41,30.4,1599,345,-54,1146
697,CWH,2020-09-16,0 days 15:59:05.785271,205693,30.38,30.37,531,498,-9017,8483
698,CWH,2020-09-16,0 days 15:59:08.785286,241588,30.38,30.36,788,1200,3747,-22810
699,CWH,2020-09-16,0 days 15:59:21.773902,229057,30.36,30.35,2129,10484,-3631,4069
700,CWH,2020-09-16,0 days 15:59:42.774977,230831,30.38,30.36,400,1051,-1857,6770
701,CWH,2020-09-16,0 days 15:59:49.775227,232407,30.37,30.36,489,425,-3173,2727
702,CX,2020-09-16,0 days 15:57:11.290444,114674,3.99,3.98,217839,55025,6669,-1131
703,CX,2020-09-16,0 days 15:59:01.289252,138943,3.99,3.98,379299,65606,-42600,77700
704,CX,2020-09-16,0 days 15:59:46.284388,136188,3.99,3.98,329268,114697,-14490,66
705,CX,2020-09-16,0 days 15:59:47.283757,133478,3.99,3.98,330768,114497,2710,-14490
706,CXO,2020-09-16,0 days 15:59:36.228901,274511,48.68,48.66,931,200,-297,282
707,CXO,2020-09-16,0 days 15:59:38.228041,274808,48.67,48.64,1343,505,1386,-297
708,CXO,2020-09-16,0 days 15:59:40.228850,276194,48.66,48.63,269,600,-204,1386
709,CXO,2020-09-16,0 days 15:59:45.229494,277109,48.67,48.65,300,284,-138,501
710,CXO,2020-09-16,0 days 15:59:47.228452,273891,48.68,48.65,400,200,1435,-138
711,D,2020-09-16,0 days 15:55:00.228367,442167,81.84,81.83,218,617,-100041,72235
712,D,2020-09-16,0 days 15:59:21.237832,580840,81.69,81.68,1291,300,7902,-44900
713,D,2020-09-16,0 days 15:59:22.237187,576376,81.67,81.66,200,1042,-4464,7902
714,D,2020-09-16,0 days 15:59:36.237802,580840,81.67,81.66,1712,200,118,-4819
715,D,2020-09-16,0 days 15:59:37.238228,580958,81.67,81.66,600,227,-9073,118
716,DAL,2020-09-16,0 days 15:59:49.244333,2336397,34.56,34.55,24967,9960,-1130,10670
717,DAL,2020-09-16,0 days 15:59:50.247716,2268627,34.56,34.55,25705,7310,67764,-1130
718,DD,2020-09-16,0 days 15:55:00.229481,863914,60.31,60.3,700,379,42177,-5564
719,DD,2020-09-16,0 days 15:55:32.229996,905976,60.29,60.28,402,234,-18473,41927
720,DD,2020-09-16,0 days 15:55:33.229685,901949,60.29,60.27,502,565,3627,-18473
721,DD,2020-09-16,0 days 15:57:35.233505,908398,60.3,60.29,1336,921,-18694,706
722,DD,2020-09-16,0 days 15:57:36.233331,907915,60.28,60.27,408,400,883,-18694
723,DD,2020-09-16,0 days 15:59:03.239370,911502,60.27,60.25,498,1227,155,-13401
724,DD,2020-09-16,0 days 15:59:04.238088,911684,60.27,60.25,605,872,-39,155
725,DD,2020-09-16,0 days 15:59:12.239084,944098,60.21,60.19,523,846,-2011,25989
726,DD,2020-09-16,0 days 15:59:21.237805,946809,60.19,60.17,763,500,1322,-1411
727,DD,2020-09-16,0 days 15:59:22.237432,946331,60.19,60.18,351,300,-478,1322
728,DD,2020-09-16,0 days 15:59:33.237962,956408,60.21,60.2,200,300,8321,-2780
729,DD,2020-09-16,0 days 15:59:35.239073,956129,60.19,60.17,200,600,-279,3121
730,DFS,2020-09-16,0 days 15:57:49.780559,1155390,59.45,59.43,548,336,-826,4974
731,DFS,2020-09-16,0 days 15:57:50.780500,1156216,59.45,59.43,448,336,1574,-826
732,DFS,2020-09-16,0 days 15:57:51.781415,1155390,59.45,59.43,448,336,-826,1574
733,DFS,2020-09-16,0 days 15:57:52.781602,1159116,59.45,59.43,448,336,2374,-826
734,DFS,2020-09-16,0 days 15:57:55.781328,1158090,59.45,59.43,653,344,-1026,5774
735,DFS,2020-09-16,0 days 15:57:56.780900,1159116,59.43,59.42,794,400,2374,-1026
736,DFS,2020-09-16,0 days 15:57:57.780526,1158090,59.43,59.42,471,400,-1026,2374
737,DFS,2020-09-16,0 days 15:58:00.783677,1159116,59.43,59.42,353,500,3774,-1026
738,DFS,2020-09-16,0 days 15:58:03.782695,1150773,59.43,59.42,668,700,-923,1857
739,DFS,2020-09-16,0 days 15:58:20.783511,1143209,59.4,59.35,1228,1000,1055,-31045
740,DFS,2020-09-16,0 days 15:58:45.783847,1143264,59.4,59.38,300,344,-85,8115
741,DFS,2020-09-16,0 days 15:59:02.788901,1160196,59.39,59.36,587,474,5504,-2030
742,DFS,2020-09-16,0 days 15:59:10.785810,1151859,59.36,59.34,100,432,11883,-1217
743,DFS,2020-09-16,0 days 15:59:15.773725,1155042,59.36,59.35,624,100,-2049,3183
744,DHI,2020-09-16,0 days 15:57:35.222335,402291,74.39,74.38,1646,930,-189,3411
745,DHI,2020-09-16,0 days 15:57:39.222846,399480,74.39,74.38,1277,1100,2411,-189
746,DHI,2020-09-16,0 days 15:57:48.223352,402291,74.38,74.36,968,504,-2389,2011
747,DHI,2020-09-16,0 days 15:57:49.223567,401680,74.38,74.36,1068,505,211,-2389
748,DHI,2020-09-16,0 days 15:58:25.225125,406332,74.33,74.31,992,215,-643,4257
749,DHI,2020-09-16,0 days 15:58:27.224041,403375,74.33,74.32,862,300,2957,-643
750,DHI,2020-09-16,0 days 15:58:31.224057,403375,74.34,74.32,761,910,257,-143
751,DHI,2020-09-16,0 days 15:58:53.226018,406779,74.31,74.3,300,925,-1406,3394
752,DHI,2020-09-16,0 days 15:58:54.226598,404185,74.31,74.3,827,725,2594,-1406
753,DHI,2020-09-16,0 days 15:59:16.226797,409047,74.31,74.3,200,1186,1009,-3325
754,DHI,2020-09-16,0 days 15:59:17.226296,410056,74.32,74.3,236,986,-25943,1009
755,DHI,2020-09-16,0 days 15:59:43.227782,414891,74.35,74.33,335,100,2483,-1739
756,DHI,2020-09-16,0 days 15:59:44.227940,414274,74.37,74.34,500,422,-3661,2483
757,DIS,2020-09-16,0 days 15:55:01.242457,639444,132.3,132.26,500,300,-179,1853
758,DIS,2020-09-16,0 days 15:55:04.242247,639623,132.29,132.27,500,100,1521,-2847
759,DIS,2020-09-16,0 days 15:55:05.242418,638744,132.28,132.26,200,900,-879,1521
760,DIS,2020-09-16,0 days 15:55:13.242680,639623,132.29,132.27,425,201,1360,-1308
761,DIS,2020-09-16,0 days 15:55:14.242483,638883,132.29,132.26,325,100,-740,1360
762,DIS,2020-09-16,0 days 15:55:16.244248,639623,132.23,132.2,200,300,260,-740
763,DIS,2020-09-16,0 days 15:55:23.244283,638855,132.22,132.19,649,200,107,-451
764,DIS,2020-09-16,0 days 15:55:24.244533,638362,132.22,132.19,549,400,-493,107
765,DIS,2020-09-16,0 days 15:55:37.245133,638611,132.18,132.16,316,300,516,-184
766,DIS,2020-09-16,0 days 15:55:38.245013,638427,132.19,132.16,300,600,-1764,516
767,DIS,2020-09-16,0 days 15:55:40.245285,638091,132.17,132.13,400,300,336,-1764
768,DIS,2020-09-16,0 days 15:56:05.245125,639002,132.19,132.17,257,300,-3236,1212
769,DIS,2020-09-16,0 days 15:56:09.244331,642938,132.24,132.2,100,900,3750,-1950
770,DIS,2020-09-16,0 days 15:56:10.245352,642588,132.24,132.21,100,520,-350,3750
771,DIS,2020-09-16,0 days 15:56:16.243913,643706,132.27,132.23,100,400,182,-1118
772,DIS,2020-09-16,0 days 15:56:17.244843,643288,132.25,132.22,300,455,-418,182
773,DIS,2020-09-16,0 days 15:56:28.244384,644583,132.23,132.21,224,100,205,-563
774,DIS,2020-09-16,0 days 15:56:29.244717,644088,132.23,132.21,624,100,-495,205
775,DIS,2020-09-16,0 days 15:56:53.245077,644374,132.23,132.2,200,867,-209,2791
776,DIS,2020-09-16,0 days 15:57:00.245518,644583,132.22,132.2,300,400,191,-577
777,DIS,2020-09-16,0 days 15:57:01.245242,644474,132.25,132.22,400,400,-109,191
778,DIS,2020-09-16,0 days 15:57:39.244981,663905,132.31,132.27,200,804,2971,-697
779,DIS,2020-09-16,0 days 15:57:40.244888,662176,132.32,132.29,700,400,-6997,2971
780,DIS,2020-09-16,0 days 15:57:42.244764,668405,132.28,132.25,200,500,871,-1429
781,DIS,2020-09-16,0 days 15:57:43.246387,666676,132.28,132.25,500,400,-1729,871
782,DIS,2020-09-16,0 days 15:57:46.246114,668405,132.26,132.23,400,527,1971,-1729
783,DIS,2020-09-16,0 days 15:57:47.246463,667276,132.25,132.22,500,650,-361,1971
784,DIS,2020-09-16,0 days 15:57:50.244947,668405,132.26,132.22,400,979,3571,-361
785,DIS,2020-09-16,0 days 15:57:51.245135,665376,132.28,132.26,130,200,-3029,3571
786,DIS,2020-09-16,0 days 15:58:24.246404,673439,132.29,132.27,400,100,1829,-16671
787,DIS,2020-09-16,0 days 15:58:26.246781,667876,132.27,132.25,200,300,-1408,2824
788,DIS,2020-09-16,0 days 15:58:46.246794,668572,132.28,132.24,300,419,-1912,3330
789,DIS,2020-09-16,0 days 15:58:53.247596,676727,132.25,132.24,100,337,1945,-2587
790,DIS,2020-09-16,0 days 15:59:04.249280,675310,132.34,132.31,1101,800,-697,4438
791,DIS,2020-09-16,0 days 15:59:10.249236,675919,132.32,132.29,680,304,-860,6140
792,DKS,2020-09-16,0 days 15:55:00.229218,87353,58.34,58.33,534,300,59,-2126
793,DKS,2020-09-16,0 days 15:55:41.230296,87416,58.3,58.29,3377,204,-1070,230
794,DKS,2020-09-16,0 days 15:55:42.230736,87340,58.3,58.29,3377,404,76,-1070
795,DKS,2020-09-16,0 days 15:56:04.232034,88128,58.27,58.26,1500,650,-1922,78
796,DKS,2020-09-16,0 days 15:56:05.231295,87950,58.27,58.26,1805,688,178,-1922
797,DKS,2020-09-16,0 days 15:56:19.231086,92025,58.29,58.28,480,842,-127,575
798,DKS,2020-09-16,0 days 15:56:20.231045,91552,58.29,58.28,780,944,473,-127
799,DKS,2020-09-16,0 days 15:56:26.231137,89325,58.3,58.29,170,400,-1227,73
800,DKS,2020-09-16,0 days 15:58:12.235999,102152,58.31,58.3,4325,543,1440,-383
801,DKS,2020-09-16,0 days 15:59:07.239147,104287,58.36,58.34,500,300,2331,-612
802,DKS,2020-09-16,0 days 15:59:08.240415,104018,58.36,58.34,403,800,-360,2331
803,DKS,2020-09-16,0 days 15:59:23.237736,104459,58.32,58.31,200,752,203,-297
804,DKS,2020-09-16,0 days 15:59:25.237836,104325,58.32,58.31,610,544,-134,203
805,DKS,2020-09-16,0 days 15:59:43.238792,102824,58.3,58.29,4068,100,1625,-10
806,DNOW,2020-09-16,0 days 15:59:10.260942,161487,5.85,5.84,18390,9450,3803,-2835
807,DNOW,2020-09-16,0 days 15:59:11.260189,167802,5.85,5.84,18590,9645,-3016,3803
808,DOW,2020-09-16,0 days 15:59:04.238211,323610,49.75,49.74,400,261,38442,-12710
809,DOW,2020-09-16,0 days 15:59:08.239400,367865,49.72,49.7,713,200,-7612,33036
810,DRE,2020-09-16,0 days 15:55:33.219555,368923,38.01,38.0,8340,757,-6935,1265
811,DRE,2020-09-16,0 days 15:55:34.219748,368458,38.01,38.0,8731,888,465,-6935
812,DRE,2020-09-16,0 days 15:55:47.220216,370191,37.99,37.98,7677,357,-5669,1263
813,DRE,2020-09-16,0 days 15:57:54.224351,401371,38.0,37.99,3226,1000,-578,2822
814,DRE,2020-09-16,0 days 15:59:09.228498,414263,37.99,37.98,2580,3691,4190,-4754
815,DRE,2020-09-16,0 days 15:59:48.228990,440058,37.97,37.96,3179,2824,-265,1235
816,DT,2020-09-16,0 days 15:57:51.026460,202296,39.2,39.18,600,471,70,-530
817,DT,2020-09-16,0 days 15:57:52.028749,199196,39.2,39.19,400,431,-3100,70
818,DT,2020-09-16,0 days 15:59:25.029870,199529,39.14,39.1,578,570,-13957,12680
819,DT,2020-09-16,0 days 15:59:35.040213,205886,39.11,39.09,600,688,11219,-882
820,DT,2020-09-16,0 days 15:59:36.033094,205305,39.11,39.09,698,621,-581,11219
821,DT,2020-09-16,0 days 15:59:49.038166,205886,39.1,39.09,100,831,10747,-10654
822,DT,2020-09-16,0 days 15:59:50.044335,204333,39.11,39.1,996,663,-1553,10747
823,DUK,2020-09-16,0 days 15:59:17.032008,368110,84.85,84.83,950,200,-7641,3583
824,DUK,2020-09-16,0 days 15:59:57.037470,380303,84.83,84.8,2400,2660,-46728,2352
825,DVA,2020-09-16,0 days 15:59:07.240978,74558,91.94,91.9,248,840,-4693,2107
826,DVN,2020-09-16,0 days 15:55:00.229314,724329,9.78,9.77,12684,17022,8829,-26541
827,DVN,2020-09-16,0 days 15:57:11.233767,743250,9.77,9.76,15190,24100,-956,7544
828,DVN,2020-09-16,0 days 15:57:12.233183,736406,9.77,9.76,16890,19200,6844,-956
829,DVN,2020-09-16,0 days 15:57:35.234299,744350,9.77,9.76,23789,7950,-4456,7944
830,DVN,2020-09-16,0 days 15:57:36.233526,738606,9.77,9.76,24146,7350,5744,-4456
831,DVN,2020-09-16,0 days 15:57:41.234389,744350,9.77,9.76,24037,7497,-2256,644
832,DVN,2020-09-16,0 days 15:58:20.236354,779912,9.76,9.75,29640,38717,-3532,168
833,DVN,2020-09-16,0 days 15:58:21.236616,776744,9.76,9.75,31744,50415,3168,-3532
834,DVN,2020-09-16,0 days 15:58:24.236285,779912,9.76,9.75,30262,52861,-3532,3168
835,DVN,2020-09-16,0 days 15:58:25.236692,776744,9.76,9.75,34866,31785,3168,-3532
836,DVN,2020-09-16,0 days 15:58:27.236746,779912,9.76,9.75,35962,32892,-3532,3168
837,DVN,2020-09-16,0 days 15:58:28.236918,776744,9.75,9.74,20862,21991,3168,-3532
838,DVN,2020-09-16,0 days 15:59:11.239494,761281,9.74,9.73,6182,36170,-5540,1747
839,DVN,2020-09-16,0 days 15:59:21.238028,792983,9.74,9.73,14080,41157,2212,-8202
840,DVN,2020-09-16,0 days 15:59:31.237944,795195,9.75,9.74,36145,16900,-6888,2012
841,DVN,2020-09-16,0 days 15:59:32.237475,793983,9.75,9.74,42217,15094,1212,-6888
842,DVN,2020-09-16,0 days 15:59:47.239058,810293,9.76,9.75,14791,32537,1243,-6566
843,EAT,2020-09-16,0 days 15:55:00.284987,62616,46.67,46.64,1800,134,3875,-11031
844,EAT,2020-09-16,0 days 15:55:42.286921,68021,46.6,46.59,828,237,-220,2680
845,EAT,2020-09-16,0 days 15:59:17.282145,93106,46.55,46.54,1115,156,227,-753
846,EAT,2020-09-16,0 days 15:59:28.282078,93333,46.54,46.53,159,600,-189,11
847,EAT,2020-09-16,0 days 15:59:43.283215,94733,46.53,46.52,100,5157,-1404,3396
848,ED,2020-09-16,0 days 15:58:31.225715,1820438,75.68,75.64,760,300,-26409,1322
849,ED,2020-09-16,0 days 15:59:15.228569,1847316,75.71,75.7,1420,10789,-2175,19695
850,ELAN,2020-09-16,0 days 15:58:08.292465,1220823,27.36,27.35,3985,1862,-2587,14613
851,ELAN,2020-09-16,0 days 15:58:09.293053,1212510,27.35,27.34,775,2386,8313,-2587
852,ELAN,2020-09-16,0 days 15:59:50.284191,1317103,27.39,27.38,3689,1850,73649,-3751
853,ELAN,2020-09-16,0 days 16:00:00.280834,1352208,27.41,27.39,27900,10000,38544,-108086
854,EMR,2020-09-16,0 days 15:59:16.238071,232160,68.71,68.7,1272,128,-29374,11787
855,ENB,2020-09-16,0 days 15:59:03.036765,53201,30.95,30.94,4700,6334,-157,1039
856,ENB,2020-09-16,0 days 15:59:08.034913,49090,30.96,30.95,6905,4092,97,-246
857,ENB,2020-09-16,0 days 15:59:25.029870,53236,30.95,30.94,10481,3864,-625,946
858,ENB,2020-09-16,0 days 15:59:50.044456,50738,30.96,30.95,11605,1902,2017,-2083
859,EOG,2020-09-16,0 days 15:59:21.038348,777148,40.55,40.54,337,12726,-16804,11969
860,EOG,2020-09-16,0 days 15:59:22.030421,763052,40.55,40.54,100,13054,13102,-16804
861,EOG,2020-09-16,0 days 15:59:26.030629,761254,40.61,40.6,200,902,-10055,8278
862,EOG,2020-09-16,0 days 15:59:27.030350,749034,40.62,40.61,800,1200,10220,-10055
863,EOG,2020-09-16,0 days 15:59:32.032111,730512,40.65,40.64,1006,2625,10742,-9758
864,EOG,2020-09-16,0 days 15:59:41.034485,731739,40.71,40.7,1300,459,-7395,5164
865,EOG,2020-09-16,0 days 15:59:47.032910,739420,40.69,40.68,629,521,2919,-16181
866,EOG,2020-09-16,0 days 15:59:49.038140,730339,40.73,40.72,500,100,-12086,2919
867,EOG,2020-09-16,0 days 15:59:50.044301,654630,40.76,40.74,2000,200,68509,-12086
868,EPD,2020-09-16,0 days 15:55:00.248973,153055,17.03,17.02,12397,10789,-68337,41470
869,EPD,2020-09-16,0 days 15:59:36.258633,242855,17.0,16.99,13457,22757,-1065,325
870,EPD,2020-09-16,0 days 15:59:48.250891,239458,17.0,16.99,21104,13857,3397,-1903
871,EQH,2020-09-16,0 days 15:59:47.249392,659211,19.07,19.06,3796,1045,-20981,4098
872,EQNR,2020-09-16,0 days 15:57:03.235461,14550,15.87,15.86,12852,66995,649,-51
873,EQNR,2020-09-16,0 days 15:57:12.235405,14499,15.87,15.86,5634,72350,-60,640
874,EQNR,2020-09-16,0 days 15:57:22.236414,14559,15.9,15.89,15900,51656,2640,-60
875,EQNR,2020-09-16,0 days 15:58:04.237689,14499,15.91,15.9,59119,19918,-867,1733
876,EQNR,2020-09-16,0 days 15:58:08.237935,15507,15.91,15.9,42188,38131,1592,-808
877,EQNR,2020-09-16,0 days 15:59:04.240714,14502,15.91,15.9,44328,46426,-1517,883
878,EQNR,2020-09-16,0 days 15:59:07.240947,16219,15.91,15.9,28002,62740,1159,-1517
879,EQT,2020-09-16,0 days 15:55:11.242854,375308,14.76,14.75,7876,9679,-2791,3509
880,EQT,2020-09-16,0 days 15:55:12.243999,371399,14.76,14.75,9306,4865,3809,-2791
881,EQT,2020-09-16,0 days 15:58:25.246894,396797,14.75,14.74,4271,23206,-2447,1153
882,EQT,2020-09-16,0 days 15:58:27.247094,395644,14.75,14.74,8271,12254,1153,-1247
883,EQT,2020-09-16,0 days 15:59:01.249368,397185,14.75,14.74,3842,23677,-3849,308
884,EQT,2020-09-16,0 days 15:59:05.248824,397185,14.75,14.74,4617,12723,-1779,989
885,EROS,2020-09-16,0 days 15:59:18.282612,47395,2.62,2.61,30354,42380,-907,2793
886,EROS,2020-09-16,0 days 15:59:21.282181,48302,2.62,2.61,32749,41206,2937,-907
887,EROS,2020-09-16,0 days 15:59:22.281711,47639,2.62,2.61,32975,40180,-663,2937
888,ESRT,2020-09-16,0 days 15:55:09.026597,205699,6.77,6.76,14841,465,-45545,1246
889,ESRT,2020-09-16,0 days 15:55:12.028950,251044,6.75,6.74,12522,8479,23755,-40445
890,ESRT,2020-09-16,0 days 15:55:24.025824,247399,6.75,6.74,11158,11080,-3645,555
891,ESRT,2020-09-16,0 days 15:59:17.031614,285611,6.74,6.73,26990,5532,337,-2386
892,ESRT,2020-09-16,0 days 15:59:22.030280,268848,6.73,6.72,24319,36331,-2963,14637
893,ESRT,2020-09-16,0 days 15:59:47.032694,272143,6.73,6.72,29239,33350,1019,-1295
894,ESRT,2020-09-16,0 days 15:59:49.037915,267962,6.73,6.72,23339,35452,-4181,1019
895,ET,2020-09-16,0 days 15:59:46.260185,324208,6.1,6.09,97300,17934,3423,-3577
896,ET,2020-09-16,0 days 15:59:48.250616,319131,6.1,6.09,136200,4268,-5077,3423
897,ETRN,2020-09-16,0 days 15:57:31.221937,2243324,9.49,9.48,19722,14446,3665,-6635
898,ETRN,2020-09-16,0 days 15:57:44.222499,2314489,9.49,9.48,19253,14910,-16635,14365
899,ETRN,2020-09-16,0 days 15:57:45.223399,2304724,9.49,9.48,19356,14909,9765,-16635
900,ETRN,2020-09-16,0 days 15:57:58.223647,2322224,9.49,9.48,21195,14156,11465,-8935
901,ETRN,2020-09-16,0 days 15:58:00.224272,2333689,9.49,9.48,19663,14156,-9035,11465
902,ETRN,2020-09-16,0 days 15:58:01.224431,2319224,9.49,9.48,19190,16256,14465,-9035
903,ETRN,2020-09-16,0 days 15:58:02.223882,2332167,9.49,9.48,20090,16156,-4057,14465
904,ETRN,2020-09-16,0 days 15:58:03.222812,2320524,9.49,9.48,23690,14116,11643,-4057
905,ETRN,2020-09-16,0 days 15:58:25.224583,2322324,9.49,9.48,21431,16592,11824,-22676
906,ETRN,2020-09-16,0 days 15:59:02.226863,2340848,9.49,9.48,17895,20439,-12767,18524
907,ETRN,2020-09-16,0 days 15:59:03.226793,2337669,9.49,9.48,17594,20438,3179,-12767
908,ETRN,2020-09-16,0 days 15:59:37.227424,2345093,9.5,9.49,21742,9003,2685,-44315
909,ETRN,2020-09-16,0 days 15:59:41.227795,2347778,9.5,9.49,18037,10752,-19566,934
910,ETRN,2020-09-16,0 days 15:59:42.226411,2346144,9.5,9.49,16569,13752,1634,-19566
911,EURN,2020-09-16,0 days 15:57:15.235652,17655,9.62,9.61,5808,14495,3773,-5127
912,EURN,2020-09-16,0 days 15:57:16.236671,17128,9.62,9.61,5469,13495,-427,3773
913,EURN,2020-09-16,0 days 15:59:01.241236,18664,9.62,9.61,7209,11129,514,-4272
914,EURN,2020-09-16,0 days 15:59:02.240898,18378,9.62,9.61,6909,10929,-286,514
915,EURN,2020-09-16,0 days 15:59:39.240743,19973,9.62,9.61,23386,11710,3705,-395
916,EURN,2020-09-16,0 days 15:59:40.240755,19678,9.62,9.61,22486,11710,-295,3705
917,EURN,2020-09-16,0 days 15:59:46.241178,19973,9.62,9.61,22709,12790,427,-295
918,EURN,2020-09-16,0 days 15:59:47.240435,19700,9.62,9.61,6013,13190,-273,427
919,EVRI,2020-09-16,0 days 15:59:46.250777,105526,8.36,8.35,13996,4849,3147,-737
920,EW,2020-09-16,0 days 15:55:00.285129,284058,83.76,83.74,100,238,-4342,19373
921,EW,2020-09-16,0 days 15:56:00.288576,322433,83.72,83.69,418,1006,12557,-1243
922,EW,2020-09-16,0 days 15:57:37.292387,336752,83.91,83.9,723,1699,-739,2561
923,EW,2020-09-16,0 days 15:57:38.290728,333591,83.91,83.9,823,1699,3161,-739
924,EW,2020-09-16,0 days 15:57:59.293806,336752,83.93,83.91,800,1885,-828,1472
925,EW,2020-09-16,0 days 15:58:00.292464,332380,83.92,83.91,100,1472,4330,-828
926,EW,2020-09-16,0 days 15:58:07.292909,336710,83.93,83.92,848,100,-3597,1703
927,EW,2020-09-16,0 days 15:58:08.292538,336707,83.93,83.92,448,600,3,-3597
928,EW,2020-09-16,0 days 15:58:16.283875,333027,83.94,83.93,6739,100,-280,5120
929,EW,2020-09-16,0 days 15:58:17.284918,331607,83.94,83.93,6761,220,1420,-280
930,EW,2020-09-16,0 days 15:58:19.284162,333027,83.94,83.93,6061,1022,-1180,1420
931,EW,2020-09-16,0 days 15:58:20.284191,331807,83.94,83.93,6161,1022,1220,-1180
932,EW,2020-09-16,0 days 15:58:22.284619,333027,83.94,83.93,4861,3058,-3880,1220
933,EW,2020-09-16,0 days 15:58:23.284647,331807,83.94,83.93,3759,3058,1220,-3880
934,EW,2020-09-16,0 days 15:58:25.284475,333027,83.94,83.93,3012,1022,-3180,1220
935,EW,2020-09-16,0 days 15:58:26.284825,331807,83.94,83.93,3112,1022,1220,-3180
936,EW,2020-09-16,0 days 15:59:02.286799,334037,83.99,83.98,1229,200,-209,436
937,EW,2020-09-16,0 days 15:59:10.289342,367098,83.97,83.95,390,200,-1735,11899
938,EW,2020-09-16,0 days 15:59:12.287209,379625,83.95,83.94,201,200,173,-15127
939,EW,2020-09-16,0 days 15:59:17.282145,367038,83.92,83.9,782,500,-2134,5866
940,EW,2020-09-16,0 days 15:59:25.282337,367849,83.91,83.89,456,379,-1115,6785
941,EW,2020-09-16,0 days 15:59:41.283934,358626,83.93,83.91,200,100,-10807,9999
942,EW,2020-09-16,0 days 15:59:44.283894,365633,83.91,83.89,100,136,2985,-515
943,EW,2020-09-16,0 days 15:59:45.285339,364818,83.91,83.89,522,736,-546,2985
944,EW,2020-09-16,0 days 15:59:58.283064,360826,83.87,83.86,3600,2098,6557,-3343
945,EXK,2020-09-16,0 days 15:57:17.290482,29184,4.3,4.29,44529,121516,-1995,616
946,EXK,2020-09-16,0 days 15:58:48.285185,32179,4.3,4.29,73285,126696,2955,-1900
947,F,2020-09-16,0 days 15:55:11.218801,2240216,7.04,7.03,706541,397440,-2685,4815
948,F,2020-09-16,0 days 15:55:46.220495,2285076,7.03,7.02,758291,549454,-69682,16604
949,FCAU,2020-09-16,0 days 15:59:25.029898,51792,12.66,12.65,43333,29634,316,-681
950,FCX,2020-09-16,0 days 15:55:44.230030,1708320,16.78,16.77,24495,36267,43209,-116330
951,FCX,2020-09-16,0 days 15:56:26.231016,1717986,16.81,16.8,41309,20278,-4822,9178
952,FDX,2020-09-16,0 days 15:58:57.285362,185063,250.5,250.41,394,400,-49,1011
953,FDX,2020-09-16,0 days 15:58:58.285165,184112,250.5,250.42,394,300,951,-49
954,FDX,2020-09-16,0 days 15:59:01.289320,185065,250.55,250.45,988,520,-1747,951
955,FDX,2020-09-16,0 days 15:59:03.286463,184766,250.6,250.54,799,200,301,-1478
956,FDX,2020-09-16,0 days 15:59:09.287311,188908,250.48,250.37,573,100,-4525,282
957,FDX,2020-09-16,0 days 15:59:36.283483,193053,250.38,250.27,700,2100,188,-2117
958,FDX,2020-09-16,0 days 15:59:46.284478,194206,250.38,250.35,1200,404,-547,753
959,FDX,2020-09-16,0 days 15:59:47.283813,194113,250.39,250.3,700,192,93,-547
960,FE,2020-09-16,0 days 15:55:00.228380,479883,29.79,29.78,376,4138,7898,-49546
961,FE,2020-09-16,0 days 15:56:00.231537,488887,29.76,29.75,2758,2011,-675,4925
962,FE,2020-09-16,0 days 15:56:01.231194,485544,29.76,29.75,3758,4951,3343,-675
963,FE,2020-09-16,0 days 15:56:53.232268,487698,29.76,29.75,1414,3420,2518,-300
964,FE,2020-09-16,0 days 15:57:36.233432,490216,29.76,29.75,3244,1886,-5782,118
965,FE,2020-09-16,0 days 15:57:37.233675,487098,29.76,29.75,3744,1586,3118,-5782
966,FE,2020-09-16,0 days 15:57:38.233958,490216,29.76,29.75,2044,6206,-82,3118
967,FE,2020-09-16,0 days 15:57:39.233877,487598,29.76,29.75,2444,5706,2618,-82
968,FE,2020-09-16,0 days 15:57:48.234639,490216,29.76,29.75,5172,2886,-382,2018
969,FE,2020-09-16,0 days 15:57:49.234623,487898,29.76,29.75,6008,1920,2318,-382
970,FE,2020-09-16,0 days 15:58:16.235889,490707,29.77,29.76,4272,4123,-1714,386
971,FE,2020-09-16,0 days 15:58:17.236824,489321,29.77,29.76,3772,3923,1386,-1714
972,FE,2020-09-16,0 days 15:58:18.236400,490707,29.77,29.76,3572,4120,-3114,1386
973,FE,2020-09-16,0 days 15:58:19.236388,489321,29.77,29.76,4272,3820,1386,-3114
974,FE,2020-09-16,0 days 15:58:24.236213,490707,29.77,29.76,1468,12740,-3114,1386
975,FE,2020-09-16,0 days 15:58:25.236602,489321,29.77,29.76,1668,5400,1386,-3114
976,FE,2020-09-16,0 days 15:59:04.238259,483851,29.78,29.77,1625,14534,-1638,505
977,FE,2020-09-16,0 days 15:59:05.239002,483489,29.78,29.77,500,8567,362,-1638
978,FE,2020-09-16,0 days 15:59:09.239010,483851,29.75,29.74,2943,774,-36216,107
979,FE,2020-09-16,0 days 15:59:43.238745,508636,29.73,29.72,3648,1782,1293,-1306
980,FHN,2020-09-16,0 days 15:56:30.232323,673015,9.82,9.81,30079,16712,23983,-5209
981,FHN,2020-09-16,0 days 15:56:47.241015,673315,9.81,9.8,29753,13997,2591,-5717
982,FHN,2020-09-16,0 days 15:56:48.234353,668606,9.81,9.8,29653,15386,-4709,2591
983,FHN,2020-09-16,0 days 15:58:05.236100,673315,9.82,9.81,30738,26753,483,-7417
984,FHN,2020-09-16,0 days 15:58:06.235839,670198,9.82,9.81,29309,26453,-3117,483
985,FHN,2020-09-16,0 days 15:58:09.236089,673315,9.82,9.81,50194,23249,2783,-3117
986,FHN,2020-09-16,0 days 15:58:10.235582,670198,9.82,9.81,53491,21497,-3117,2783
987,FHN,2020-09-16,0 days 15:59:46.239069,693230,9.81,9.8,8524,47648,-3354,2545
988,FI,2020-09-16,0 days 15:59:03.239085,67371,2.55,2.54,3336,18801,-2260,1149
989,FI,2020-09-16,0 days 15:59:04.237773,67231,2.55,2.54,3336,17896,140,-2260
990,FI,2020-09-16,0 days 15:59:09.239078,67371,2.55,2.54,8249,16983,-7871,1044
991,FI,2020-09-16,0 days 15:59:10.238961,66061,2.55,2.54,14473,7245,1310,-7871
992,FI,2020-09-16,0 days 15:59:36.238735,67371,2.55,2.54,18015,5615,-990,1610
993,FIS,2020-09-16,0 days 15:59:10.037792,273725,148.91,148.88,527,200,-2461,16551
994,FL,2020-09-16,0 days 15:57:36.024303,219314,36.73,36.72,2413,587,-1972,9828
995,FL,2020-09-16,0 days 15:59:21.038372,242895,36.59,36.58,354,400,-59113,1516
996,FNF,2020-09-16,0 days 15:59:58.241978,467154,33.45,33.44,1700,1249,-21341,34464
997,FRO,2020-09-16,0 days 15:55:01.028534,52985,7.43,7.42,21070,6240,3831,-4944
998,FRO,2020-09-16,0 days 15:56:13.025520,57826,7.43,7.42,24722,8301,-2141,1268
999,FRO,2020-09-16,0 days 15:58:48.033743,63363,7.4,7.39,21546,30177,-1518,1461
1000,FTCH,2020-09-16,0 days 15:57:09.254155,45456,24.89,24.88,2507,2683,-673,1480
1001,FTCH,2020-09-16,0 days 15:57:10.254137,45129,24.89,24.88,2507,2683,280,-673
1002,FTCH,2020-09-16,0 days 15:59:45.260794,49365,24.87,24.86,1018,1443,-924,766
1003,FTI,2020-09-16,0 days 15:59:12.248893,385920,7.33,7.32,23319,37050,-45923,13701
1004,FTV,2020-09-16,0 days 15:59:16.247444,1529235,77.05,77.04,1200,570,-84049,266205
1005,FTV,2020-09-16,0 days 15:59:17.246935,1492596,76.92,76.91,860,200,51203,-84049
1006,GES,2020-09-16,0 days 15:56:15.026146,92270,14.24,14.23,1299,3539,802,-1098
1007,GES,2020-09-16,0 days 15:56:16.027091,90572,14.24,14.23,1205,3539,-1698,802
1008,GES,2020-09-16,0 days 15:57:12.024331,92660,14.22,14.21,2473,4251,512,-988
1009,GES,2020-09-16,0 days 15:57:13.021892,91172,14.22,14.21,2173,4621,-1488,512
1010,GES,2020-09-16,0 days 15:57:53.027717,92660,14.22,14.21,4603,5213,212,-988
1011,GES,2020-09-16,0 days 15:57:54.025849,91572,14.22,14.21,3648,6413,-1088,212
1012,GES,2020-09-16,0 days 15:58:49.031405,92660,14.22,14.21,17095,6399,3219,-1381
1013,GES,2020-09-16,0 days 15:58:50.031025,91579,14.22,14.21,15039,7197,-1081,3219
1014,GFI,2020-09-16,0 days 15:55:39.230011,130044,14.46,14.45,19325,27674,-1135,3428
1015,GFI,2020-09-16,0 days 15:55:40.230201,127079,14.46,14.45,21312,27671,2965,-1135
1016,GFI,2020-09-16,0 days 15:59:46.239241,169091,14.46,14.45,32400,31930,-6019,1381
1017,GFI,2020-09-16,0 days 15:59:47.238796,166710,14.46,14.45,34574,27997,2381,-6019
1018,GGB,2020-09-16,0 days 15:59:40.285585,89039,4.06,4.05,510849,123874,3278,-2622
1019,GGB,2020-09-16,0 days 15:59:41.283978,87817,4.06,4.05,532354,48100,-1222,3278
1020,GGB,2020-09-16,0 days 15:59:46.284692,89039,4.06,4.05,513528,41930,10438,-1222
1021,GGB,2020-09-16,0 days 15:59:47.283998,82382,4.06,4.05,509028,63007,-6657,10438
1022,GIS,2020-09-16,0 days 15:58:53.239844,240362,58.73,58.72,1558,1737,-2720,1180
1023,GIS,2020-09-16,0 days 15:58:54.242397,239282,58.73,58.72,1822,1487,1080,-2720
1024,GIS,2020-09-16,0 days 15:59:07.240947,219518,58.75,58.74,1494,1111,463,-19231
1025,GIS,2020-09-16,0 days 15:59:12.241040,223390,58.7,58.69,978,400,-40698,310
1026,GM,2020-09-16,0 days 15:57:03.231789,1302073,31.79,31.78,10704,846,-144,395
1027,GM,2020-09-16,0 days 15:57:15.232922,1295259,31.79,31.78,8928,5400,5298,-1081
1028,GM,2020-09-16,0 days 15:57:22.233713,1296878,31.81,31.8,8800,4252,4379,-921
1029,GM,2020-09-16,0 days 15:57:35.233368,1301257,31.81,31.8,7344,7116,-19521,525
1030,GM,2020-09-16,0 days 15:57:36.233113,1297378,31.81,31.8,9135,4216,3879,-19521
1031,GM,2020-09-16,0 days 15:57:38.233748,1301257,31.81,31.8,8259,4641,-9421,3579
1032,GM,2020-09-16,0 days 15:57:39.233724,1298878,31.81,31.8,9959,2441,2379,-9421
1033,GM,2020-09-16,0 days 15:57:41.234162,1303757,31.81,31.8,14185,915,-1721,2079
1034,GM,2020-09-16,0 days 15:59:07.238994,1340279,31.78,31.77,17599,8342,19045,-17325
1035,GM,2020-09-16,0 days 15:59:16.238094,1363773,31.78,31.77,19621,7870,-72206,2271
1036,GME,2020-09-16,0 days 15:59:44.248893,316342,8.65,8.64,11357,6551,-5368,12458
1037,GME,2020-09-16,0 days 15:59:45.251021,312410,8.64,8.63,4149,5191,2332,-5368
1038,GME,2020-09-16,0 days 15:59:54.244940,314742,8.68,8.67,13000,10401,-942,3258
1039,GPK,2020-09-16,0 days 15:56:03.234072,256063,14.21,14.2,21629,24352,332,-368
1040,GPK,2020-09-16,0 days 15:57:55.237137,263497,14.22,14.21,18761,15291,-7666,6934
1041,GPK,2020-09-16,0 days 15:57:56.237405,256563,14.22,14.21,18961,14291,6934,-7666
1042,GPK,2020-09-16,0 days 15:58:10.238788,260597,14.22,14.21,14040,32300,-7807,5807
1043,GPS,2020-09-16,0 days 15:55:00.219161,302421,17.29,17.28,5289,7638,-9029,26516
1044,GPS,2020-09-16,0 days 15:55:22.219292,308485,17.28,17.27,13125,3768,336,-664
1045,GPS,2020-09-16,0 days 15:57:38.223102,336509,17.26,17.25,9344,4900,-1326,1874
1046,GPS,2020-09-16,0 days 15:57:39.223185,334935,17.26,17.25,10344,4701,1474,-1326
1047,GPS,2020-09-16,0 days 15:57:41.223522,336509,17.26,17.25,10682,6100,-726,1474
1048,GPS,2020-09-16,0 days 15:57:44.223407,336035,17.26,17.25,16632,1250,474,-2526
1049,GPS,2020-09-16,0 days 15:59:26.227053,346825,17.26,17.25,6042,14788,-1287,1896
1050,GPS,2020-09-16,0 days 15:59:45.229543,348113,17.25,17.24,12382,7157,1369,-1288
1051,GPS,2020-09-16,0 days 15:59:58.230892,353228,17.25,17.24,200,24461,264,-10136
1052,GS,2020-09-16,0 days 15:55:01.228329,303395,200.78,200.71,300,200,-1967,433
1053,GS,2020-09-16,0 days 15:56:47.240790,309908,200.53,200.41,400,100,1266,-334
1054,GS,2020-09-16,0 days 15:56:48.234194,307974,200.53,200.47,295,206,-1934,1266
1055,GS,2020-09-16,0 days 15:57:40.233334,310211,200.61,200.57,100,122,413,-338
1056,GS,2020-09-16,0 days 15:57:41.233542,310055,200.6,200.57,100,517,-156,413
1057,GS,2020-09-16,0 days 15:57:45.236813,310262,200.6,200.57,338,781,493,-456
1058,GS,2020-09-16,0 days 15:57:46.233934,309055,200.6,200.57,1018,561,-1156,493
1059,GS,2020-09-16,0 days 15:58:05.235976,310262,200.61,200.58,500,538,2095,-1154
1060,GS,2020-09-16,0 days 15:58:06.235276,309057,200.61,200.58,700,802,-1154,2095
1061,GS,2020-09-16,0 days 15:59:15.239469,319156,200.69,200.65,276,463,63,-979
1062,GS,2020-09-16,0 days 15:59:28.237238,317919,200.67,200.63,300,418,-1178,322
1063,HBI,2020-09-16,0 days 15:58:21.236315,618585,16.2,16.19,7242,13427,65568,-164767
1064,HD,2020-09-16,0 days 15:59:16.247178,357936,281.85,281.82,225,205,-93309,2211
1065,HES,2020-09-16,0 days 15:59:27.030162,404621,44.2,44.19,600,896,12411,-3933
1066,HES,2020-09-16,0 days 15:59:41.034328,423530,44.22,44.19,950,1451,-1010,90
1067,HFC,2020-09-16,0 days 15:59:06.239181,400577,22.49,22.48,1153,1094,12617,-15026
1068,HFC,2020-09-16,0 days 15:59:07.239109,396994,22.5,22.49,1685,950,-3583,12617
1069,HFC,2020-09-16,0 days 15:59:45.240157,423538,22.52,22.51,1605,300,1070,-769
1070,HFC,2020-09-16,0 days 15:59:48.239091,420508,22.51,22.5,1605,2377,-3030,1070
1071,HIG,2020-09-16,0 days 15:55:32.287478,353935,38.06,38.05,756,500,-317,1283
1072,HIG,2020-09-16,0 days 15:55:33.286801,352052,38.06,38.05,856,400,1883,-317
1073,HIG,2020-09-16,0 days 15:56:10.289455,354532,38.06,38.05,1104,1457,1842,-1158
1074,HIG,2020-09-16,0 days 15:56:55.290271,355071,38.05,38.04,400,1171,1703,-2197
1075,HIG,2020-09-16,0 days 15:57:35.290988,431089,38.11,38.09,2949,878,-4816,1584
1076,HIG,2020-09-16,0 days 15:57:36.290624,424505,38.1,38.08,1269,600,6584,-4816
1077,HIG,2020-09-16,0 days 15:58:41.285555,423039,38.11,38.1,749,1462,5574,-826
1078,HIG,2020-09-16,0 days 15:59:15.287992,432900,38.12,38.11,293,1329,720,-2380
1079,HIG,2020-09-16,0 days 15:59:16.284938,433620,38.11,38.1,469,725,-980,720
1080,HL,2020-09-16,0 days 15:55:01.780125,739835,5.78,5.77,35050,84111,-62164,18536
1081,HL,2020-09-16,0 days 15:55:02.779346,720599,5.78,5.77,38925,90122,16836,-62164
1082,HL,2020-09-16,0 days 15:59:07.786797,740096,5.78,5.77,78655,97938,-8089,15694
1083,HL,2020-09-16,0 days 15:59:08.785410,729685,5.78,5.77,82911,85265,12711,-8089
1084,HL,2020-09-16,0 days 15:59:45.775904,743908,5.78,5.77,81606,101577,-9690,2846
1085,HL,2020-09-16,0 days 15:59:46.775346,739798,5.78,5.77,77620,103225,6880,-9690
1086,HMY,2020-09-16,0 days 15:55:00.284336,161008,6.13,6.12,56174,56549,-5598,50314
1087,HOG,2020-09-16,0 days 15:55:41.287291,231744,26.48,26.47,4294,1108,123,-5464
1088,HOG,2020-09-16,0 days 15:55:47.287040,227567,26.46,26.45,1968,1503,-4777,1123
1089,HOG,2020-09-16,0 days 15:55:55.288254,235383,26.45,26.44,2929,1161,13982,-7816
1090,HOG,2020-09-16,0 days 15:55:56.287739,232365,26.45,26.44,2629,1767,-3018,13982
1091,HOG,2020-09-16,0 days 15:56:47.297693,232652,26.43,26.42,1383,4000,-2731,869
1092,HOG,2020-09-16,0 days 15:57:35.290962,236222,26.46,26.45,4789,821,3274,-326
1093,HOG,2020-09-16,0 days 15:57:36.290612,235896,26.46,26.45,4709,400,-326,3274
1094,HOG,2020-09-16,0 days 15:57:38.290728,236222,26.45,26.44,1486,2000,374,-1926
1095,HOG,2020-09-16,0 days 15:57:56.291958,236822,26.44,26.43,3241,3589,174,-626
1096,HOG,2020-09-16,0 days 15:57:57.291562,235896,26.44,26.43,3441,2689,-926,174
1097,HOG,2020-09-16,0 days 15:58:54.285846,237775,26.44,26.43,10347,2455,-875,2725
1098,HOG,2020-09-16,0 days 15:59:08.288570,242794,26.46,26.45,3601,836,7763,-439
1099,HOG,2020-09-16,0 days 15:59:11.287382,243493,26.46,26.45,1231,4772,-1900,597
1100,HPE,2020-09-16,0 days 15:59:16.227040,1394453,9.48,9.47,27978,55877,-2709,19321
1101,HPE,2020-09-16,0 days 15:59:47.228313,1453084,9.47,9.46,23777,82152,-10062,1092
1102,HPE,2020-09-16,0 days 15:59:48.228858,1452346,9.47,9.46,30158,82203,738,-10062
1103,HPQ,2020-09-16,0 days 15:59:02.248441,985616,19.44,19.43,12400,14900,463,-3949
1104,HPQ,2020-09-16,0 days 15:59:05.248795,985679,19.43,19.42,1500,19970,-1125,1975
1105,HPQ,2020-09-16,0 days 15:59:13.249190,987304,19.43,19.42,15107,16932,-1184,616
1106,HPQ,2020-09-16,0 days 15:59:19.246361,995265,19.43,19.42,19528,5400,-338,14062
1107,HPR,2020-09-16,0 days 15:57:36.024289,11252,0.32,0.31,88220,1200,-329,1871
1108,HPR,2020-09-16,0 days 15:58:01.034207,11081,0.3,0.29,8041,35138,171,-329
1109,HRB,2020-09-16,0 days 15:55:00.782403,375980,14.9,14.89,5326,8374,12151,-35369
1110,HRB,2020-09-16,0 days 15:56:18.783169,370768,14.84,14.83,9734,2500,-15745,605
1111,HRB,2020-09-16,0 days 15:56:19.783295,386513,14.82,14.81,6500,8000,63855,-15745
1112,HRB,2020-09-16,0 days 15:59:45.776036,511269,14.9,14.89,5582,36146,7726,-501
1113,HRB,2020-09-16,0 days 15:59:46.775423,510395,14.9,14.89,2234,38561,-874,7726
1114,HRB,2020-09-16,0 days 15:59:49.775432,509240,14.91,14.9,5416,22767,-2029,2671
1115,HSBC,2020-09-16,0 days 15:59:46.239351,40109,20.39,20.38,40714,23455,1694,-658
1116,HST,2020-09-16,0 days 15:59:45.240197,1422468,12.05,12.04,22548,26500,-5376,12790
1117,HST,2020-09-16,0 days 15:59:48.239191,1418444,12.05,12.04,28404,24637,5352,-4048
1118,HUN,2020-09-16,0 days 15:55:00.782059,162003,22.91,22.9,2430,2793,26774,-32390
1119,HUN,2020-09-16,0 days 15:55:01.780047,160577,22.91,22.9,3070,3093,-1426,26774
1120,HUN,2020-09-16,0 days 15:56:15.782999,165212,22.87,22.86,2251,4098,976,-682
1121,HUN,2020-09-16,0 days 15:56:16.783114,164688,22.87,22.86,3051,3568,-524,976
1122,HUN,2020-09-16,0 days 15:57:47.781000,177027,22.85,22.84,2696,2500,213,-487
1123,HWM,2020-09-16,0 days 15:55:00.231124,463395,18.79,18.78,600,2476,7008,-27936
1124,HWM,2020-09-16,0 days 15:55:45.238475,470663,18.78,18.77,1800,10306,-2472,6368
1125,HWM,2020-09-16,0 days 15:55:46.233532,469035,18.78,18.77,700,6433,1628,-2472
1126,HWM,2020-09-16,0 days 15:57:02.235698,474820,18.78,18.77,4178,3784,1126,-41874
1127,HWM,2020-09-16,0 days 15:57:17.235972,441279,18.78,18.77,6894,6178,-25443,1457
1128,HWM,2020-09-16,0 days 15:57:24.236095,467522,18.8,18.79,4459,3581,12357,-24243
1129,HWM,2020-09-16,0 days 15:57:35.235844,480079,18.8,18.79,6952,6571,-1243,1457
1130,HWM,2020-09-16,0 days 15:57:36.236001,478822,18.8,18.79,12866,4252,657,-1243
1131,HWM,2020-09-16,0 days 15:57:56.237226,478722,18.81,18.8,2510,3537,957,-2943
1132,HWM,2020-09-16,0 days 15:58:01.238280,479679,18.81,18.8,2811,5802,-2043,957
1133,HWM,2020-09-16,0 days 15:58:02.237895,474322,18.81,18.8,6354,2155,4047,-2043
1134,HWM,2020-09-16,0 days 15:58:10.238632,478369,18.81,18.8,5181,5438,-653,713
1135,HWM,2020-09-16,0 days 15:58:12.238353,477522,18.81,18.8,8182,2930,847,-2953
1136,HWM,2020-09-16,0 days 15:58:25.238876,475369,18.81,18.8,7276,6343,-3153,3347
1137,HWM,2020-09-16,0 days 15:58:26.238245,474822,18.81,18.8,8376,5613,547,-3153
1138,HWM,2020-09-16,0 days 15:58:28.238619,475369,18.81,18.8,7576,6511,-1753,547
1139,HWM,2020-09-16,0 days 15:58:29.239073,474822,18.81,18.8,10676,5511,547,-1753
1140,HWM,2020-09-16,0 days 15:58:33.239132,436169,18.81,18.8,10178,10514,-35853,3347
1141,IAG,2020-09-16,0 days 15:59:02.259043,40128,4.25,4.24,248507,234970,-303,2644
1142,IAG,2020-09-16,0 days 15:59:07.258859,40531,4.25,4.24,25217,319424,797,-303
1143,IAG,2020-09-16,0 days 15:59:36.257856,43578,4.26,4.25,329834,119110,-2353,3047
1144,IAG,2020-09-16,0 days 15:59:37.258100,43431,4.26,4.25,329834,117946,147,-2353
1145,IBM,2020-09-16,0 days 15:55:00.218364,393720,124.14,124.12,700,328,10877,-61678
1146,IBM,2020-09-16,0 days 15:56:03.219966,409222,124.08,124.07,1461,100,-1409,809
1147,IBM,2020-09-16,0 days 15:56:04.219593,408711,124.08,124.06,1564,603,511,-1409
1148,IBM,2020-09-16,0 days 15:56:06.220213,409222,124.1,124.09,460,646,-81,521
1149,IBM,2020-09-16,0 days 15:56:07.218874,408703,124.11,124.1,560,526,519,-81
1150,IBM,2020-09-16,0 days 15:56:50.219822,409683,124.15,124.14,1123,150,-1394,577
1151,IBM,2020-09-16,0 days 15:56:51.221156,409177,124.15,124.14,1100,272,6,-1394
1152,IBM,2020-09-16,0 days 15:57:13.221058,409506,124.23,124.21,438,334,-1822,281
1153,IBM,2020-09-16,0 days 15:57:14.220337,409402,124.23,124.21,281,534,104,-1822
1154,IBM,2020-09-16,0 days 15:57:22.222404,408490,124.3,124.27,400,619,-1061,104
1155,IBM,2020-09-16,0 days 15:57:23.222181,408351,124.3,124.28,700,100,139,-1061
1156,IBM,2020-09-16,0 days 15:57:39.222796,409706,124.25,124.24,1508,500,-896,304
1157,IBM,2020-09-16,0 days 15:57:41.223125,411602,124.23,124.2,721,420,3404,-1596
1158,IBM,2020-09-16,0 days 15:57:42.223152,411406,124.22,124.2,400,1041,-196,3404
1159,IBM,2020-09-16,0 days 15:57:46.222153,411528,124.2,124.19,227,429,978,-467
1160,IBM,2020-09-16,0 days 15:57:49.222352,409906,124.18,124.16,1100,100,-2592,1208
1161,IBM,2020-09-16,0 days 15:57:52.223661,410898,124.18,124.16,1646,701,3508,-92
1162,IBM,2020-09-16,0 days 15:57:54.223501,409906,124.19,124.17,590,522,-3692,2808
1163,IBM,2020-09-16,0 days 15:57:56.223799,410898,124.19,124.18,656,100,8,-6192
1164,IBM,2020-09-16,0 days 15:57:57.223311,410806,124.2,124.18,487,822,-92,8
1165,IBM,2020-09-16,0 days 15:58:01.224907,410973,124.19,124.17,2700,915,1333,-3692
1166,IBM,2020-09-16,0 days 15:58:02.223901,410806,124.18,124.17,500,715,-92,1333
1167,IBM,2020-09-16,0 days 15:58:03.223571,409268,124.18,124.16,1520,301,638,-92
1168,IBM,2020-09-16,0 days 15:58:07.224147,410706,124.17,124.16,2700,392,-694,338
1169,IBM,2020-09-16,0 days 15:58:08.224525,410500,124.15,124.14,400,401,206,-694
1170,IBM,2020-09-16,0 days 15:58:12.225067,411438,124.14,124.11,703,516,-1556,238
1171,IBM,2020-09-16,0 days 15:58:30.224290,411394,124.14,124.12,2321,215,44,-1856
1172,IBM,2020-09-16,0 days 15:58:51.224720,411565,124.17,124.14,300,300,-529,83
1173,IBM,2020-09-16,0 days 15:59:01.226579,411918,124.2,124.18,149,852,618,-78
1174,IBM,2020-09-16,0 days 15:59:13.227819,414537,124.2,124.18,400,152,-26,532
1175,IBN,2020-09-16,0 days 15:55:01.780091,108850,10.21,10.2,87246,55498,33453,-4047
1176,IBN,2020-09-16,0 days 15:55:02.779346,104803,10.21,10.2,86746,56735,-4047,33453
1177,IBN,2020-09-16,0 days 15:57:16.779701,108850,10.21,10.2,108318,31771,24517,-34883
1178,IBN,2020-09-16,0 days 15:57:17.779900,105180,10.21,10.2,103196,49112,-3670,24517
1179,IBN,2020-09-16,0 days 15:59:01.786395,124045,10.22,10.21,91891,117400,28328,-36772
1180,IBN,2020-09-16,0 days 15:59:02.788753,121073,10.22,10.21,86191,128650,-2972,28328
1181,IBN,2020-09-16,0 days 15:59:28.773784,123225,10.22,10.21,127346,63880,-1334,1166
1182,ICE,2020-09-16,0 days 15:55:36.233247,276821,101.1,101.08,511,493,-607,396
1183,ICE,2020-09-16,0 days 15:55:37.233936,275128,101.08,101.05,449,400,3588,-607
1184,ICE,2020-09-16,0 days 15:57:09.235455,278669,101.09,101.08,253,100,-705,790
1185,ICE,2020-09-16,0 days 15:57:10.235572,276974,101.09,101.07,553,409,1295,-705
1186,ICE,2020-09-16,0 days 15:57:35.235987,278304,101.14,101.11,921,322,-5970,1330
1187,ICE,2020-09-16,0 days 15:57:36.236136,277474,101.11,101.1,398,100,830,-5970
1188,ICE,2020-09-16,0 days 15:58:12.238549,280421,101.04,101.0,320,600,-1649,851
1189,ICE,2020-09-16,0 days 15:58:14.238200,279270,101.04,101.0,1020,474,1151,-649
1190,ICE,2020-09-16,0 days 15:58:18.238266,280421,101.04,101.02,1820,502,-1849,1151
1191,ICE,2020-09-16,0 days 15:58:19.238565,279270,101.04,101.02,1920,502,1151,-1849
1192,ICE,2020-09-16,0 days 15:58:20.238666,280421,101.03,101.02,200,214,-649,1151
1193,ICE,2020-09-16,0 days 15:58:21.238905,279270,101.03,101.02,922,755,1151,-649
1194,ICE,2020-09-16,0 days 15:58:22.238741,280421,101.03,101.02,1822,1215,-649,1151
1195,ICE,2020-09-16,0 days 15:58:23.238764,279270,101.04,101.03,1520,100,1151,-649
1196,ICE,2020-09-16,0 days 15:58:25.238989,280421,101.03,101.02,190,414,-1349,1151
1197,ICE,2020-09-16,0 days 15:58:26.238778,279270,101.03,101.01,722,980,1151,-1349
1198,ICE,2020-09-16,0 days 15:58:55.239701,279489,101.05,101.02,591,400,1010,-190
1199,ICE,2020-09-16,0 days 15:59:33.240161,312588,100.96,100.94,321,520,4671,-1729
1200,ICE,2020-09-16,0 days 15:59:34.239521,311359,100.96,100.94,200,520,-1355,4671
1201,IGT,2020-09-16,0 days 15:55:01.028735,69788,12.3,12.29,3137,5166,6536,-8660
1202,IGT,2020-09-16,0 days 15:55:24.025854,76324,12.28,12.27,2706,4759,-18264,5537
1203,INFY,2020-09-16,0 days 15:59:01.249123,96101,13.57,13.56,115756,76222,-220,2080
1204,INVH,2020-09-16,0 days 15:55:37.230654,346328,28.96,28.95,12395,500,-4133,1567
1205,INVH,2020-09-16,0 days 15:57:36.233208,351503,28.96,28.95,8933,3628,8586,-614
1206,INVH,2020-09-16,0 days 15:57:37.233717,348489,28.96,28.95,8133,4128,-3014,8586
1207,INVH,2020-09-16,0 days 15:57:42.233779,351503,28.96,28.95,16149,3256,3186,-214
1208,INVH,2020-09-16,0 days 15:57:43.235120,351489,28.96,28.95,15149,3911,-14,3186
1209,INVH,2020-09-16,0 days 15:57:44.233809,351503,28.96,28.95,16212,3211,1186,-14
1210,INVH,2020-09-16,0 days 15:57:47.234952,348989,28.96,28.95,16712,1739,-1514,86
1211,INVH,2020-09-16,0 days 15:58:24.235986,351006,28.96,28.95,3853,4712,-497,8803
1212,INVH,2020-09-16,0 days 15:59:16.238170,392004,28.94,28.93,14483,4726,11668,-2238
1213,INVH,2020-09-16,0 days 15:59:17.238477,390172,28.94,28.93,14152,5450,-1832,11668
1214,INVH,2020-09-16,0 days 15:59:37.238611,391552,28.93,28.92,5261,9553,-643,8257
1215,INVH,2020-09-16,0 days 15:59:43.238696,391995,28.93,28.92,17591,957,527,-643
1216,INVH,2020-09-16,0 days 15:59:47.238706,390574,28.92,28.91,4314,15968,-2255,3825
1217,INVH,2020-09-16,0 days 15:59:48.239030,392829,28.92,28.91,3629,16268,2003,-2255
1218,INVH,2020-09-16,0 days 15:59:50.241907,389896,28.92,28.91,3900,16168,-2933,802
1219,IP,2020-09-16,0 days 15:59:16.247003,679169,41.89,41.88,6347,3967,56788,-9479
1220,IP,2020-09-16,0 days 15:59:17.246544,620057,41.91,41.9,2100,753,-62712,56788
1221,IP,2020-09-16,0 days 15:59:21.246649,682769,41.91,41.9,812,3217,28272,-40844
1222,IP,2020-09-16,0 days 15:59:24.246369,707361,41.95,41.94,4300,5134,-3700,9563
1223,IPG,2020-09-16,0 days 15:55:45.290700,455399,18.55,18.54,13213,3273,-1504,3696
1224,IPG,2020-09-16,0 days 15:56:40.290047,469274,18.54,18.53,9181,7758,-2300,2800
1225,IPG,2020-09-16,0 days 15:56:47.297709,471574,18.53,18.52,9758,8200,3600,-2300
1226,IPG,2020-09-16,0 days 15:58:15.293766,485960,18.55,18.54,9589,12568,-3614,4186
1227,IPG,2020-09-16,0 days 15:58:16.283875,489574,18.55,18.54,10489,12668,686,-3614
1228,IPG,2020-09-16,0 days 15:58:17.284918,485960,18.55,18.54,5758,14268,-3614,686
1229,IPG,2020-09-16,0 days 15:58:24.284043,489574,18.55,18.54,8131,14813,686,-3614
