,Symbol,Timestamp,TIME,iPaired,Ask_P,Bid_P,Ask_S,Bid_S,iShares,PreviShares
0,AA,2020-11-04,0 days 15:56:39.248578,116709,13.21,13.2,551,4190,2367,-218
1,AA,2020-11-04,0 days 15:56:40.248826,115976,13.22,13.21,4800,2963,-433,2367
2,ABBV,2020-11-04,0 days 15:59:20.109899,1804814,94.58,94.53,397,100,113317,-411172
3,ABBV,2020-11-04,0 days 15:59:25.111070,1819824,94.56,94.52,100,200,-8409,12895
4,ABBV,2020-11-04,0 days 15:59:26.111477,1818843,94.55,94.51,126,100,981,-8409
5,ABBV,2020-11-04,0 days 15:59:29.112375,1814211,94.62,94.58,500,100,-87,1067
6,ABBV,2020-11-04,0 days 15:59:30.116037,1818644,94.6,94.57,300,200,1155,-87
7,ABBV,2020-11-04,0 days 15:59:40.112703,1864900,94.61,94.57,300,821,-23021,7857
8,ABBV,2020-11-04,0 days 15:59:41.114396,1860989,94.54,94.51,300,500,8211,-23021
9,ABBV,2020-11-04,0 days 15:59:43.112498,1868506,94.54,94.51,300,600,-1366,782
10,ABBV,2020-11-04,0 days 15:59:44.113546,1870005,94.54,94.49,200,100,2501,-1366
11,ABBV,2020-11-04,0 days 15:59:51.113269,1914865,94.54,94.48,300,100,-16724,5762
12,ABBV,2020-11-04,0 days 15:59:57.115600,1930602,94.5,94.48,300,200,57227,-32561
13,ABEV,2020-11-04,0 days 15:59:36.266609,95892,2.26,2.25,558654,793083,18146,-21454
14,ABEV,2020-11-04,0 days 15:59:37.265395,94738,2.26,2.25,558354,793083,-1154,18146
15,ABEV,2020-11-04,0 days 15:59:46.265958,95892,2.26,2.25,511504,807219,3346,-354
16,ABEV,2020-11-04,0 days 15:59:49.266563,95138,2.26,2.25,511504,726719,-754,246
17,ABT,2020-11-04,0 days 15:59:20.265396,668179,111.45,111.42,100,300,2726,-15624
18,ABT,2020-11-04,0 days 15:59:21.264980,660980,111.55,111.5,100,804,-7199,2726
19,ABT,2020-11-04,0 days 15:59:22.264921,669447,111.59,111.52,200,455,16362,-7199
20,ABT,2020-11-04,0 days 15:59:46.265813,704162,111.46,111.42,100,690,-3622,4458
21,ABT,2020-11-04,0 days 15:59:47.266752,702484,111.47,111.4,300,100,3663,-3622
22,ABT,2020-11-04,0 days 15:59:52.260541,706147,111.45,111.39,100,348,-505,2593
23,ACI,2020-11-04,0 days 15:56:24.260722,28439,15.47,15.46,3122,4421,-33431,1569
24,ACI,2020-11-04,0 days 15:56:32.261588,43970,15.44,15.43,1380,100,18669,-16331
25,ACI,2020-11-04,0 days 15:59:46.266007,70020,15.45,15.44,100,2100,-295,20206
26,ACI,2020-11-04,0 days 15:59:48.268346,68915,15.45,15.44,200,2100,1105,-295
27,ADM,2020-11-04,0 days 15:55:07.237846,376833,46.64,46.63,841,211,-3112,7288
28,ADM,2020-11-04,0 days 15:57:35.242382,400334,46.48,46.47,480,208,706,-1187
29,ADM,2020-11-04,0 days 15:58:19.243672,399644,46.52,46.51,1200,919,-690,4510
30,ADM,2020-11-04,0 days 15:58:29.244992,407244,46.54,46.53,205,900,400,-1990
31,ADM,2020-11-04,0 days 15:58:59.246015,414951,46.54,46.53,1411,151,719,-1771
32,ADM,2020-11-04,0 days 15:59:07.247786,415532,46.55,46.54,400,1069,31332,-4202
33,ADM,2020-11-04,0 days 15:59:19.243040,430974,46.61,46.6,700,463,-4314,1786
34,ADM,2020-11-04,0 days 15:59:24.243683,435288,46.6,46.59,774,159,459,-114
35,ADM,2020-11-04,0 days 15:59:30.246493,444666,46.56,46.55,407,366,-6208,1714
36,AEG,2020-11-04,0 days 15:59:36.249413,12918,2.77,2.76,136462,134441,7346,-8654
37,AEG,2020-11-04,0 days 15:59:37.248515,12464,2.77,2.76,123547,134441,-454,7346
38,AEO,2020-11-04,0 days 15:55:00.276926,107910,14.23,14.22,1817,4728,4142,-9071
39,AEO,2020-11-04,0 days 15:58:33.283273,122074,14.2,14.19,2600,3152,-158,1642
40,AEO,2020-11-04,0 days 15:58:34.282237,118932,14.2,14.19,1800,4052,3142,-158
41,AEO,2020-11-04,0 days 15:58:51.282509,122074,14.21,14.2,4096,1800,-158,142
42,AEO,2020-11-04,0 days 15:58:52.283199,119232,14.21,14.2,4396,600,2842,-158
43,AEO,2020-11-04,0 days 15:59:01.283953,118461,14.21,14.2,100,3611,-5204,2420
44,AEO,2020-11-04,0 days 15:59:02.283817,116865,14.21,14.2,1547,2611,1596,-5204
45,AEO,2020-11-04,0 days 15:59:22.282965,119464,14.21,14.2,300,5826,-762,2699
46,AEO,2020-11-04,0 days 15:59:23.283538,118526,14.22,14.21,2792,2882,938,-762
47,AEO,2020-11-04,0 days 15:59:30.285707,121224,14.22,14.21,3280,1156,-3163,998
48,AEO,2020-11-04,0 days 15:59:31.283908,120487,14.22,14.21,3560,658,737,-3163
49,AES,2020-11-04,0 days 15:56:34.240544,384058,19.98,19.97,5022,11820,1497,-703
50,AES,2020-11-04,0 days 15:56:43.240760,361175,19.98,19.97,3964,12574,-22883,1497
51,AES,2020-11-04,0 days 15:59:11.247283,430280,19.95,19.94,7302,1012,-4219,1802
52,AES,2020-11-04,0 days 15:59:16.243572,445156,19.95,19.94,7802,1012,26060,-14876
53,AFL,2020-11-04,0 days 15:56:11.244587,350032,36.54,36.53,1400,1586,-10614,3724
54,AFL,2020-11-04,0 days 15:56:12.244364,345946,36.53,36.52,2472,400,4086,-10614
55,AFL,2020-11-04,0 days 15:57:06.244520,360928,36.53,36.52,2335,1450,-3287,636
56,AFL,2020-11-04,0 days 15:57:07.244650,356815,36.53,36.52,2755,1650,4113,-3287
57,AFL,2020-11-04,0 days 15:57:35.245281,361228,36.54,36.53,1650,2310,-787,3813
58,AFL,2020-11-04,0 days 15:57:36.245213,360415,36.54,36.53,555,2210,413,-787
59,AFL,2020-11-04,0 days 15:57:46.244531,356515,36.54,36.53,1842,2534,4713,-287
60,AFL,2020-11-04,0 days 15:57:49.245522,361228,36.54,36.53,1642,2348,-887,413
61,AFL,2020-11-04,0 days 15:57:50.245171,359915,36.54,36.53,1542,2948,1313,-887
62,AFL,2020-11-04,0 days 15:58:06.246748,360828,36.55,36.54,3620,708,-81,219
63,AFL,2020-11-04,0 days 15:58:08.246271,358341,36.55,36.54,1600,855,2487,-81
64,AFL,2020-11-04,0 days 15:58:09.245619,360828,36.55,36.54,2400,1055,-113,2487
65,AFL,2020-11-04,0 days 15:58:10.246298,359841,36.55,36.54,2700,1855,987,-113
66,AFL,2020-11-04,0 days 15:58:12.246369,361228,36.55,36.54,1500,2455,-1413,987
67,AFL,2020-11-04,0 days 15:58:14.246283,360341,36.55,36.54,1200,2755,487,-1213
68,AFL,2020-11-04,0 days 15:58:22.246604,360828,36.57,36.56,400,1906,-1313,287
69,AFL,2020-11-04,0 days 15:58:23.246057,359841,36.57,36.56,200,2300,987,-1313
70,AFL,2020-11-04,0 days 15:58:25.246463,360828,36.57,36.56,600,2000,-2313,987
71,AFL,2020-11-04,0 days 15:58:26.246770,359841,36.57,36.56,100,2606,987,-2313
72,AFL,2020-11-04,0 days 15:58:52.247554,380700,36.55,36.54,1600,285,-7081,4572
73,AFL,2020-11-04,0 days 15:58:53.247445,378081,36.55,36.54,1740,285,2619,-7081
74,AFL,2020-11-04,0 days 15:59:24.248978,411393,36.57,36.56,601,1605,-3595,2878
75,AFL,2020-11-04,0 days 15:59:25.247134,409188,36.56,36.55,1045,1161,2205,-3595
76,AFL,2020-11-04,0 days 15:59:32.248560,409291,36.57,36.55,2349,1700,2102,-1095
77,AFL,2020-11-04,0 days 15:59:46.249424,415593,36.56,36.55,578,1547,-12955,1427
78,AFL,2020-11-04,0 days 15:59:47.249023,414648,36.55,36.54,720,1068,945,-12955
79,AFL,2020-11-04,0 days 15:59:54.249185,415593,36.58,36.57,500,200,-2649,7451
80,AG,2020-11-04,0 days 15:55:59.240626,65165,10.47,10.46,10777,4894,-2155,3807
81,AG,2020-11-04,0 days 15:56:00.240908,61720,10.47,10.46,8477,4777,3445,-2155
82,AG,2020-11-04,0 days 15:59:46.244404,65815,10.45,10.44,4012,19228,-2418,1113
83,AG,2020-11-04,0 days 15:59:47.244979,65402,10.45,10.44,4412,19352,413,-2418
84,AGI,2020-11-04,0 days 15:59:01.118169,24146,9.18,9.17,39228,7769,-8965,11335
85,AGI,2020-11-04,0 days 15:59:02.117587,23361,9.18,9.17,48475,1159,785,-8965
86,AGI,2020-11-04,0 days 15:59:08.118159,23471,9.17,9.16,17283,19560,-960,745
87,AGI,2020-11-04,0 days 15:59:09.118314,22631,9.17,9.16,17991,19560,840,-960
88,AGI,2020-11-04,0 days 15:59:39.112782,23471,9.18,9.17,23044,11064,-5703,697
89,AGI,2020-11-04,0 days 15:59:40.112703,22874,9.18,9.17,23812,10764,597,-5703
90,AIG,2020-11-04,0 days 15:59:15.244181,452191,31.67,31.65,2400,1658,28144,-6350
91,AIG,2020-11-04,0 days 15:59:16.243907,447235,31.67,31.66,1000,924,-4956,28144
92,AIG,2020-11-04,0 days 15:59:25.243137,447283,31.65,31.64,500,1229,-4008,4192
93,AIV,2020-11-04,0 days 15:59:24.101795,145614,26.7,26.68,505,400,871,-768
94,AIV,2020-11-04,0 days 15:59:46.103393,145485,26.7,26.67,762,100,-1386,1736
95,AIV,2020-11-04,0 days 15:59:48.102487,146002,26.7,26.67,1713,1100,783,-86
96,ALK,2020-11-04,0 days 15:59:20.109788,302647,37.88,37.85,300,440,-21221,40281
97,ALK,2020-11-04,0 days 15:59:43.112443,336878,37.83,37.81,100,600,758,-742
98,ALK,2020-11-04,0 days 15:59:46.112413,338091,37.83,37.81,300,400,687,-755
99,ALK,2020-11-04,0 days 15:59:52.112351,347503,37.8,37.79,100,500,10587,-1725
100,ALK,2020-11-04,0 days 15:59:53.113066,344878,37.85,37.83,100,100,-3725,10587
101,ALK,2020-11-04,0 days 15:59:56.113837,347503,37.8,37.78,900,300,10587,-1725
102,ALLY,2020-11-04,0 days 15:58:02.281209,175901,27.59,27.58,3450,2725,-25572,8363
103,ALLY,2020-11-04,0 days 15:58:03.280866,170306,27.59,27.58,3460,2525,5595,-25572
104,ALLY,2020-11-04,0 days 15:59:15.283859,188874,27.6,27.58,2313,2891,-1626,3963
105,ALLY,2020-11-04,0 days 15:59:16.282065,185300,27.6,27.58,1913,3091,3574,-1626
106,AM,2020-11-04,0 days 15:56:15.248534,554637,5.63,5.62,11884,5781,-575,1422
107,AM,2020-11-04,0 days 15:56:16.248127,550112,5.63,5.62,12284,5668,4525,-575
108,AM,2020-11-04,0 days 15:59:21.243134,585156,5.62,5.61,12648,3229,4046,-4554
109,AM,2020-11-04,0 days 15:59:40.240395,623812,5.62,5.61,5763,9300,-16353,8947
110,AM,2020-11-04,0 days 15:59:43.240023,610465,5.63,5.62,8225,5085,3959,-4941
111,AM,2020-11-04,0 days 15:59:44.240584,614424,5.63,5.62,7925,5204,-1041,3959
112,AM,2020-11-04,0 days 15:59:48.242435,610665,5.63,5.62,5321,5145,3759,-1041
113,AMC,2020-11-04,0 days 15:50:32.250788,23416,2.3,2.29,2400,13324,4974,-616
114,AMC,2020-11-04,0 days 15:57:15.261581,34652,2.31,2.3,3992,12030,-5257,1033
115,AMC,2020-11-04,0 days 15:58:59.266552,33751,2.31,2.3,5657,5800,-14130,3442
116,AMCR,2020-11-04,0 days 15:55:00.247236,435809,11.08,11.07,11505,10870,-2367,7104
117,AMCR,2020-11-04,0 days 15:55:06.244702,441176,11.07,11.06,16909,11001,7106,-2367
118,AMCR,2020-11-04,0 days 15:55:07.244417,435182,11.07,11.06,17211,9101,-2994,7106
119,AMCR,2020-11-04,0 days 15:59:08.251296,520505,11.06,11.05,10330,11698,7714,-4906
120,AMCR,2020-11-04,0 days 15:59:18.246426,530565,11.07,11.06,11586,11483,-7312,4460
121,AMCR,2020-11-04,0 days 15:59:41.248634,609538,11.09,11.08,6391,19577,-19332,11078
122,AMWL,2020-11-04,0 days 15:56:26.247312,40549,29.5,29.35,100,100,8,-92
123,AMWL,2020-11-04,0 days 15:56:33.247467,39557,29.58,29.33,2300,400,-992,8
124,AMWL,2020-11-04,0 days 15:59:27.239274,41349,29.45,29.36,200,100,97,-403
125,AMWL,2020-11-04,0 days 15:59:39.239877,41446,29.51,29.3,1200,1500,-3315,97
126,AMWL,2020-11-04,0 days 15:59:46.240843,44761,29.45,29.3,100,1500,808,-415
127,AMWL,2020-11-04,0 days 15:59:47.240396,44369,29.44,29.3,100,1500,-392,808
128,AMWL,2020-11-04,0 days 15:59:49.241123,41349,29.49,29.3,1100,1500,3020,-392
129,AMWL,2020-11-04,0 days 15:59:50.244403,41069,29.49,29.3,1100,1500,-280,3020
130,ANET,2020-11-04,0 days 15:55:43.117906,47143,255.05,254.68,100,200,142,-65
131,ANET,2020-11-04,0 days 15:55:44.116726,46885,255.05,254.68,100,200,-262,142
132,ANET,2020-11-04,0 days 15:59:09.118373,52867,254.83,254.39,100,300,2364,-253
133,ANET,2020-11-04,0 days 15:59:10.117913,52431,254.82,254.62,154,100,-436,2364
134,ANET,2020-11-04,0 days 15:59:30.116115,55944,254.95,254.79,400,403,2673,-113
135,ANET,2020-11-04,0 days 15:59:31.112438,55517,254.95,254.79,500,384,-427,2673
136,ANET,2020-11-04,0 days 15:59:40.112738,55934,254.83,254.54,493,200,5135,-265
137,ANET,2020-11-04,0 days 15:59:41.114440,55569,254.93,254.54,100,219,-365,5135
138,ANET,2020-11-04,0 days 15:59:46.112731,55938,254.75,254.42,300,419,648,-369
139,ANET,2020-11-04,0 days 15:59:47.112919,55686,254.75,254.42,493,419,-252,648
140,ANF,2020-11-04,0 days 15:56:39.277798,48255,14.8,14.79,320,1467,247,-113
141,ANF,2020-11-04,0 days 15:57:55.280862,49747,14.81,14.8,160,1662,-308,192
142,ANF,2020-11-04,0 days 15:57:56.280558,49555,14.81,14.8,460,1262,192,-308
143,ANF,2020-11-04,0 days 15:57:59.281017,49747,14.81,14.8,601,1104,-8,192
144,ANF,2020-11-04,0 days 15:58:00.281371,49355,14.81,14.8,601,1004,392,-8
145,ANF,2020-11-04,0 days 15:58:06.281442,50347,14.81,14.8,101,3181,-322,178
146,ANF,2020-11-04,0 days 15:58:27.282548,49747,14.82,14.81,100,2400,-122,78
147,ANF,2020-11-04,0 days 15:58:28.282334,49769,14.83,14.81,300,2400,3278,-122
148,ANF,2020-11-04,0 days 15:59:25.282576,53889,14.87,14.83,1100,839,173,-220
149,AON,2020-11-04,0 days 15:57:02.278417,122449,183.57,183.45,100,982,-1619,581
150,AON,2020-11-04,0 days 15:57:38.279584,126723,183.39,183.24,405,110,826,-1390
151,AON,2020-11-04,0 days 15:57:49.280604,130449,183.39,183.24,225,200,-20,4896
152,AON,2020-11-04,0 days 15:57:50.279890,126753,183.39,183.24,228,300,3696,-20
153,AON,2020-11-04,0 days 15:57:53.280210,130449,183.52,183.3,200,200,-820,496
154,AON,2020-11-04,0 days 15:58:10.281495,128108,183.55,183.42,168,150,3141,-575
155,AON,2020-11-04,0 days 15:58:11.281218,127649,183.55,183.42,100,150,-459,3141
156,AON,2020-11-04,0 days 15:58:26.282250,129324,183.58,183.31,200,500,1725,-4175
157,AON,2020-11-04,0 days 15:58:27.282578,128949,183.58,183.05,200,400,-375,1725
158,AON,2020-11-04,0 days 15:58:38.282126,132049,183.56,183.34,100,1000,466,-750
159,AON,2020-11-04,0 days 15:58:39.282237,131415,183.58,183.45,205,206,-634,466
160,AON,2020-11-04,0 days 15:58:41.282620,130949,183.58,183.46,100,110,1666,-634
161,AON,2020-11-04,0 days 15:59:01.284055,135373,183.56,183.45,200,276,1789,-4726
162,AON,2020-11-04,0 days 15:59:03.283669,133746,183.58,183.45,100,268,-1695,721
163,AON,2020-11-04,0 days 15:59:07.285152,136541,183.64,183.5,242,107,1673,-479
164,AON,2020-11-04,0 days 15:59:10.284772,142314,183.63,183.34,735,200,-1105,457
165,AON,2020-11-04,0 days 15:59:11.284697,141103,183.58,183.33,710,1000,1911,-1105
166,AON,2020-11-04,0 days 15:59:12.284095,140931,183.54,183.4,484,200,-172,1911
167,AON,2020-11-04,0 days 15:59:30.285789,146774,183.68,183.56,200,190,557,-659
168,AON,2020-11-04,0 days 15:59:31.283972,146131,183.68,183.56,200,431,-643,557
169,AON,2020-11-04,0 days 15:59:32.283592,145674,183.67,183.51,100,300,457,-643
170,AON,2020-11-04,0 days 15:59:34.283829,144231,183.57,183.43,100,416,-227,3173
171,AON,2020-11-04,0 days 15:59:39.283658,144458,183.51,183.35,550,200,352,-227
172,AON,2020-11-04,0 days 15:59:50.287795,151557,183.41,183.27,100,276,2505,-4937
173,AON,2020-11-04,0 days 15:59:53.286007,141831,183.46,183.28,100,355,-7016,2505
174,AON,2020-11-04,0 days 15:59:57.285958,151557,183.52,183.28,100,355,2505,-4937
175,AON,2020-11-04,0 days 15:59:59.286387,141831,183.53,183.21,100,100,-8232,2505
176,APLE,2020-11-04,0 days 15:57:38.102465,111176,10.66,10.65,4119,505,-709,391
177,APLE,2020-11-04,0 days 15:57:39.102704,107985,10.65,10.64,1100,2827,3191,-709
178,APLE,2020-11-04,0 days 15:59:45.104139,115154,10.65,10.64,1570,599,-3138,1545
179,APLE,2020-11-04,0 days 15:59:46.103077,114192,10.65,10.64,1570,799,962,-3138
180,APTV,2020-11-04,0 days 15:59:08.255267,183167,99.31,99.23,100,100,12854,-2163
181,APTV,2020-11-04,0 days 15:59:09.253517,181321,99.34,99.23,200,100,-946,12854
182,APTV,2020-11-04,0 days 15:59:30.242263,186389,99.43,99.29,800,200,10780,-1044
183,APTV,2020-11-04,0 days 15:59:31.240140,185869,99.43,99.29,600,100,-520,10780
184,APTV,2020-11-04,0 days 15:59:32.240267,184519,99.42,99.29,150,100,1350,-520
185,APTV,2020-11-04,0 days 15:59:43.239929,185639,99.37,99.23,100,1400,2230,-420
186,APTV,2020-11-04,0 days 15:59:44.240518,185269,99.37,99.19,100,200,-370,2230
187,APTV,2020-11-04,0 days 15:59:52.240828,184178,99.34,99.24,210,100,1791,-1109
188,APTV,2020-11-04,0 days 15:59:53.241616,185969,99.34,99.24,100,400,-109,1791
189,APTV,2020-11-04,0 days 15:59:57.242285,185678,99.32,99.24,300,400,291,-1109
190,AR,2020-11-04,0 days 15:59:01.246474,573100,3.39,3.38,24129,7100,17344,-4456
191,AR,2020-11-04,0 days 15:59:47.244781,577188,3.37,3.36,23553,12427,-132,22268
192,ATH,2020-11-04,0 days 15:59:09.248748,137028,33.92,33.89,100,111,828,-372
193,ATH,2020-11-04,0 days 15:59:18.246347,137856,33.93,33.89,100,365,-530,747
194,ATH,2020-11-04,0 days 15:59:22.247246,138386,33.93,33.86,100,500,736,-530
195,ATH,2020-11-04,0 days 15:59:29.247084,131048,33.92,33.84,500,600,-2897,6103
196,ATH,2020-11-04,0 days 15:59:30.250760,134045,33.89,33.84,100,500,4868,-2897
197,ATH,2020-11-04,0 days 15:59:31.249505,131613,33.9,33.84,100,500,-2332,4868
198,ATH,2020-11-04,0 days 15:59:45.250211,134045,33.9,33.84,400,500,3085,-1994
199,ATH,2020-11-04,0 days 15:59:47.249001,132448,33.89,33.84,400,500,-1497,1803
200,ATUS,2020-11-04,0 days 15:56:15.277614,256805,28.64,28.63,5424,2300,-3069,447
201,ATUS,2020-11-04,0 days 15:56:16.277299,254374,28.64,28.63,6624,1300,2431,-3069
202,ATUS,2020-11-04,0 days 15:56:53.278515,257929,28.62,28.61,3855,1400,-245,3238
203,ATUS,2020-11-04,0 days 15:56:54.278394,255374,28.62,28.61,3355,2000,2255,-245
204,ATUS,2020-11-04,0 days 15:58:04.280877,268729,28.63,28.62,2592,2800,-1149,15882
205,ATUS,2020-11-04,0 days 15:58:05.281480,265478,28.63,28.62,4792,1400,3251,-1149
206,ATUS,2020-11-04,0 days 15:58:24.281546,273629,28.63,28.61,5755,2100,-4300,7751
207,ATUS,2020-11-04,0 days 15:59:18.282138,248091,28.62,28.6,6125,2400,-554,288
208,ATUS,2020-11-04,0 days 15:59:24.282240,251278,28.62,28.61,2991,827,1476,-554
209,ATUS,2020-11-04,0 days 15:59:30.285392,251844,28.62,28.61,2025,1104,7,-2290
210,AUY,2020-11-04,0 days 15:59:20.238959,67754,5.56,5.55,301827,178316,9441,-1672
211,AVTR,2020-11-04,0 days 15:55:41.246003,152993,24.52,24.5,326,100,-800,2983
212,AVTR,2020-11-04,0 days 15:55:42.246742,149593,24.52,24.5,426,100,3400,-800
213,AVTR,2020-11-04,0 days 15:57:49.246882,154383,24.52,24.51,400,417,-73,427
214,AVTR,2020-11-04,0 days 15:57:51.246760,151556,24.52,24.51,861,317,2827,-73
215,AVTR,2020-11-04,0 days 15:58:17.248110,149522,24.5,24.49,100,152,-2723,2010
216,AVTR,2020-11-04,0 days 15:59:04.249976,148594,24.48,24.46,400,2300,1625,-1800
217,AVTR,2020-11-04,0 days 15:59:08.251762,150359,24.48,24.44,500,100,-15003,1625
218,AXL,2020-11-04,0 days 15:59:07.241167,89243,6.8,6.79,300,5204,-5139,2619
219,AXL,2020-11-04,0 days 15:59:21.238430,89556,6.8,6.79,1210,3530,-9834,1949
220,AXL,2020-11-04,0 days 15:59:22.238303,88190,6.8,6.79,820,3757,1366,-9834
221,AXL,2020-11-04,0 days 15:59:47.237512,93906,6.79,6.78,3278,2300,950,-1250
222,AXP,2020-11-04,0 days 15:59:15.102829,334094,96.43,96.4,100,100,18617,-87489
223,AXP,2020-11-04,0 days 15:59:32.103534,339911,96.46,96.45,300,100,-392,2208
224,AXP,2020-11-04,0 days 15:59:33.103385,340072,96.43,96.4,300,100,4439,-392
225,AXP,2020-11-04,0 days 15:59:35.102749,339111,96.5,96.48,700,800,-1192,3639
226,AXP,2020-11-04,0 days 15:59:38.102250,340303,96.47,96.46,100,100,3108,-3895
227,AXP,2020-11-04,0 days 15:59:46.102991,344097,96.41,96.36,200,700,-2136,5520
228,AXP,2020-11-04,0 days 15:59:47.100190,346336,96.41,96.39,400,100,3116,-2136
229,AXP,2020-11-04,0 days 15:59:53.102307,342952,96.49,96.4,1500,500,-5791,919
230,AXTA,2020-11-04,0 days 15:59:15.253584,350541,25.98,25.96,2967,2783,30327,-77122
231,AXTA,2020-11-04,0 days 15:59:16.251707,346468,25.99,25.98,1000,797,-4073,30327
232,AXTA,2020-11-04,0 days 15:59:30.242392,385884,25.98,25.97,2300,318,8222,-6563
233,AXTA,2020-11-04,0 days 15:59:31.240292,380806,25.98,25.97,3000,418,-5078,8222
234,AXTA,2020-11-04,0 days 15:59:45.241201,366974,25.93,25.92,2200,900,1723,-1739
235,AZUL,2020-11-04,0 days 15:58:48.266168,23633,12.38,12.36,1439,600,1176,-548
236,AZUL,2020-11-04,0 days 15:58:49.266511,22809,12.38,12.36,1550,600,-724,1176
237,AZUL,2020-11-04,0 days 15:59:21.265181,23543,12.34,12.33,900,1266,1300,-365
238,AZUL,2020-11-04,0 days 15:59:22.265055,23343,12.34,12.33,900,1166,-200,1300
239,AZUL,2020-11-04,0 days 15:59:48.268418,22984,12.38,12.36,1400,100,-559,541
240,BA,2020-11-04,0 days 15:56:04.277465,216630,151.78,151.67,100,300,2369,-4731
241,BA,2020-11-04,0 days 15:56:05.277191,212599,151.77,151.7,400,400,-4031,2369
242,BA,2020-11-04,0 days 15:59:12.284072,223642,151.47,151.37,166,200,641,-349
243,BA,2020-11-04,0 days 15:59:40.285416,302554,151.57,151.49,100,200,-6267,32215
244,BA,2020-11-04,0 days 15:59:41.284153,297605,151.52,151.45,200,200,33615,-6267
245,BA,2020-11-04,0 days 15:59:42.283885,302554,151.5,151.45,100,200,-4450,33615
246,BA,2020-11-04,0 days 15:59:43.283587,299604,151.5,151.45,100,100,31616,-4450
247,BABA,2020-11-04,0 days 15:55:06.113316,516417,295.64,295.52,370,100,7991,-697
248,BABA,2020-11-04,0 days 15:55:07.113636,516308,295.63,295.57,400,105,-434,7991
249,BABA,2020-11-04,0 days 15:55:08.113316,516417,295.56,295.5,500,148,191,-434
250,BABA,2020-11-04,0 days 15:55:09.113575,516308,295.55,295.43,600,387,-109,191
251,BABA,2020-11-04,0 days 15:55:10.113761,516417,295.55,295.47,400,128,70,-109
252,BABA,2020-11-04,0 days 15:55:11.114738,516687,295.52,295.43,525,320,-76,70
253,BABA,2020-11-04,0 days 15:55:12.118112,515741,295.42,295.3,525,228,1016,-76
254,BABA,2020-11-04,0 days 15:55:15.114424,516522,295.58,295.4,500,300,-19,182
255,BABA,2020-11-04,0 days 15:55:16.114718,516441,295.58,295.4,510,400,81,-19
256,BABA,2020-11-04,0 days 15:55:28.116167,517822,295.46,295.39,565,694,-519,81
257,BABA,2020-11-04,0 days 15:55:39.116698,520534,295.57,295.48,372,353,114,-447
258,BABA,2020-11-04,0 days 15:55:40.115927,520148,295.56,295.48,372,554,-386,114
259,BABA,2020-11-04,0 days 15:55:47.116007,520060,295.48,295.39,300,284,623,-434
260,BABA,2020-11-04,0 days 15:55:48.116107,519783,295.51,295.42,500,377,-277,623
261,BABA,2020-11-04,0 days 15:56:00.117625,520060,295.44,295.37,261,100,627,-1330
262,BABA,2020-11-04,0 days 15:56:01.117658,519752,295.5,295.4,598,343,-1330,627
263,BABA,2020-11-04,0 days 15:56:29.116798,528123,295.4,295.34,500,100,430,-627
264,BABA,2020-11-04,0 days 15:56:30.117080,527221,295.39,295.2,404,100,-835,430
265,BABA,2020-11-04,0 days 15:57:19.115781,540157,295.33,295.28,784,405,3147,-653
266,BAC,2020-11-04,0 days 15:59:47.241148,3381522,23.69,23.68,12000,70856,-10024,39877
267,BAM,2020-11-04,0 days 15:55:28.234395,31031,32.04,32.03,3112,1657,-1396,371
268,BAM,2020-11-04,0 days 15:55:29.234519,30832,32.04,32.03,3112,957,199,-1396
269,BAM,2020-11-04,0 days 15:55:32.233994,31031,32.03,32.02,992,4700,-368,199
270,BAM,2020-11-04,0 days 15:56:01.234425,31581,32.05,32.04,1220,2500,98,-550
271,BAM,2020-11-04,0 days 15:56:03.233961,31679,32.04,32.03,2120,800,-13,98
272,BAM,2020-11-04,0 days 15:56:23.234348,31692,32.05,32.04,800,2022,710,-13
273,BAM,2020-11-04,0 days 15:56:44.235563,32402,32.05,32.04,730,2679,-924,701
274,BAM,2020-11-04,0 days 15:58:48.239955,39227,32.05,32.04,800,1000,2394,-264
275,BAM,2020-11-04,0 days 15:58:49.240072,38021,32.05,32.04,1901,1509,-1206,2394
276,BAX,2020-11-04,0 days 15:57:37.262952,398320,75.63,75.61,300,800,112,-2588
277,BAX,2020-11-04,0 days 15:57:38.263092,388432,75.63,75.61,775,1120,-9888,112
278,BAX,2020-11-04,0 days 15:59:21.265078,418939,75.77,75.74,100,610,474,-11908
279,BAX,2020-11-04,0 days 15:59:25.264871,416408,75.73,75.71,100,900,-14063,2969
280,BAX,2020-11-04,0 days 15:59:30.268088,430040,75.71,75.69,600,300,6496,-1002
281,BAX,2020-11-04,0 days 15:59:31.266043,426266,75.73,75.7,100,200,-3774,6496
282,BAX,2020-11-04,0 days 15:59:39.265459,432080,75.69,75.66,100,400,9686,-14
283,BAX,2020-11-04,0 days 15:59:40.266327,432066,75.69,75.66,200,400,-14,9686
284,BAX,2020-11-04,0 days 15:59:41.266284,431960,75.66,75.63,350,1100,106,-14
285,BAX,2020-11-04,0 days 15:59:43.265581,430154,75.66,75.63,400,1100,-3977,2894
286,BAX,2020-11-04,0 days 15:59:49.266563,436456,75.63,75.61,400,100,1098,-3202
287,BAX,2020-11-04,0 days 15:59:50.269945,410266,75.66,75.62,1300,213,-26190,1098
288,BB,2020-11-04,0 days 15:59:29.238798,29097,4.68,4.67,63953,49105,1513,-1387
289,BB,2020-11-04,0 days 15:59:36.240001,30610,4.68,4.67,64973,44386,-1187,1513
290,BB,2020-11-04,0 days 15:59:37.239433,30497,4.68,4.67,79173,42886,113,-1187
291,BBVA,2020-11-04,0 days 15:59:36.240122,20628,2.85,2.84,527831,100125,-1340,1760
292,BBVA,2020-11-04,0 days 15:59:37.239556,20468,2.85,2.84,558931,68757,160,-1340
293,BBVA,2020-11-04,0 days 15:59:45.241249,20628,2.85,2.84,535239,64271,-740,160
294,BCS,2020-11-04,0 days 15:56:43.100523,26151,5.65,5.64,106959,63869,-1502,918
295,BCS,2020-11-04,0 days 15:59:04.107181,29474,5.64,5.63,111554,72384,46,-1331
296,BCS,2020-11-04,0 days 15:59:09.108298,29520,5.64,5.63,105489,85384,-840,46
297,BEN,2020-11-04,0 days 15:55:00.276436,213224,19.32,19.31,2850,1400,-1703,24869
298,BEN,2020-11-04,0 days 15:55:13.276811,214791,19.3,19.29,3995,1318,592,-1567
299,BEN,2020-11-04,0 days 15:55:14.276250,213283,19.3,19.29,4249,1403,-1508,592
300,BEN,2020-11-04,0 days 15:59:12.283947,280540,19.26,19.25,2392,2623,3537,-49
301,BEN,2020-11-04,0 days 15:59:13.283962,277704,19.27,19.26,556,3393,-2836,3537
302,BEN,2020-11-04,0 days 15:59:35.283403,283438,19.26,19.25,1706,3450,-2984,1716
303,BHC,2020-11-04,0 days 15:55:00.116171,56996,16.82,16.81,1296,2388,1592,-36937
304,BHC,2020-11-04,0 days 15:56:31.117474,61474,16.81,16.8,2957,2717,-2539,415
305,BHC,2020-11-04,0 days 15:56:32.118212,60813,16.8,16.79,4070,1459,661,-2539
306,BHC,2020-11-04,0 days 15:56:43.117404,61572,16.8,16.79,4726,1419,-1661,759
307,BHC,2020-11-04,0 days 15:57:47.114409,64133,16.82,16.81,3465,2365,339,-1061
308,BHC,2020-11-04,0 days 15:58:59.117736,64443,16.81,16.79,1870,5969,846,-2022
309,BHC,2020-11-04,0 days 15:59:39.112831,73244,16.8,16.79,1448,1969,-8399,701
310,BHC,2020-11-04,0 days 15:59:40.112738,73043,16.8,16.79,1113,1669,201,-8399
311,BK,2020-11-04,0 days 15:59:20.109752,1063462,34.71,34.7,7661,420,-20492,31431
312,BK,2020-11-04,0 days 15:59:23.111548,1055626,34.71,34.7,828,4329,4059,-3941
313,BK,2020-11-04,0 days 15:59:32.113749,1069745,34.72,34.71,2100,1932,503,-28697
314,BK,2020-11-04,0 days 15:59:33.112842,1098848,34.71,34.7,3080,1740,-28761,503
315,BK,2020-11-04,0 days 15:59:48.115140,1159626,34.7,34.69,2497,1952,-25440,32530
316,BK,2020-11-04,0 days 15:59:50.118883,1149541,34.7,34.69,2340,521,10085,-315
317,BK,2020-11-04,0 days 15:59:53.113028,1118326,34.73,34.71,100,1300,-46824,7385
318,BKR,2020-11-04,0 days 15:56:43.100613,504093,15.69,15.68,4552,1000,209,-2201
319,BKR,2020-11-04,0 days 15:56:53.100628,504302,15.69,15.68,4506,1800,-712,209
320,BKR,2020-11-04,0 days 15:58:15.105378,505004,15.66,15.65,3910,2901,1034,-4266
321,BKR,2020-11-04,0 days 15:58:16.104289,499838,15.66,15.65,4010,2901,-5166,1034
322,BKR,2020-11-04,0 days 15:58:45.105645,528138,15.65,15.63,6627,5007,-6896,1304
323,BKR,2020-11-04,0 days 15:58:54.105658,528138,15.65,15.64,2408,2600,-6896,2804
324,BKR,2020-11-04,0 days 15:59:02.106342,511527,15.65,15.64,4104,2100,1574,-8830
325,BKR,2020-11-04,0 days 15:59:03.107518,507733,15.65,15.64,4404,600,-3794,1574
326,BKR,2020-11-04,0 days 15:59:12.106659,511699,15.65,15.64,3001,1866,5606,-3966
327,BKR,2020-11-04,0 days 15:59:13.106597,508905,15.65,15.64,3591,1590,-2794,5606
328,BKR,2020-11-04,0 days 15:59:15.102851,511699,15.65,15.64,4101,500,36344,-2794
329,BKR,2020-11-04,0 days 15:59:24.101644,530823,15.65,15.64,1900,2293,-1094,2874
330,BKR,2020-11-04,0 days 15:59:40.103451,533515,15.64,15.63,3310,2100,958,-1192
331,BKR,2020-11-04,0 days 15:59:41.103501,532773,15.64,15.63,3110,2200,-742,958
332,BMY,2020-11-04,0 days 15:55:26.276562,991643,65.25,65.24,626,900,-4632,4268
333,BMY,2020-11-04,0 days 15:56:01.277858,1059001,65.3,65.29,1310,1200,2634,-407
334,BMY,2020-11-04,0 days 15:56:02.277248,1049635,65.3,65.29,200,1208,-9366,2634
335,BMY,2020-11-04,0 days 15:56:30.277562,1064011,65.22,65.21,1615,1200,1885,-760
336,BMY,2020-11-04,0 days 15:56:31.277951,1059696,65.22,65.21,824,1300,-2860,1885
337,BMY,2020-11-04,0 days 15:57:34.279961,1079571,65.18,65.17,1440,1385,5964,-4036
338,BMY,2020-11-04,0 days 15:57:37.279568,1075135,65.21,65.2,3400,1685,-7328,7409
339,BMY,2020-11-04,0 days 15:57:38.279507,1081726,65.2,65.19,900,2100,909,-7328
340,BMY,2020-11-04,0 days 15:57:40.280211,1080420,65.21,65.2,3504,1216,-2043,172
341,BMY,2020-11-04,0 days 15:57:48.280071,1081726,65.2,65.19,409,3754,15493,-2407
342,BMY,2020-11-04,0 days 15:57:54.280169,1074719,65.23,65.22,1600,500,-9199,11756
343,BMY,2020-11-04,0 days 15:57:58.280566,1084663,65.24,65.23,2031,400,2956,-699
344,BMY,2020-11-04,0 days 15:57:59.281017,1083719,65.24,65.23,300,2222,-944,2956
345,BMY,2020-11-04,0 days 15:58:00.281321,1080563,65.24,65.23,1319,1714,3156,-944
346,BMY,2020-11-04,0 days 15:58:02.281095,1078119,65.24,65.23,2422,400,-438,1062
347,BMY,2020-11-04,0 days 15:58:04.280967,1078557,65.24,65.23,1216,1896,36467,-438
348,BMY,2020-11-04,0 days 15:58:29.282082,1118624,65.24,65.23,1801,2150,-137,6463
349,BMY,2020-11-04,0 days 15:58:30.282113,1114661,65.24,65.23,2492,1850,3963,-137
350,BMY,2020-11-04,0 days 15:59:02.283716,1114118,65.26,65.25,116,2800,3630,-1725
351,BMY,2020-11-04,0 days 15:59:06.283946,1188970,65.26,65.25,500,3250,-1226,6217
352,BMY,2020-11-04,0 days 15:59:12.283947,1191190,65.27,65.26,599,5257,5851,-2039
353,BMY,2020-11-04,0 days 15:59:23.283464,1288394,65.47,65.46,300,200,-12943,21496
354,BMY,2020-11-04,0 days 15:59:24.282345,1280452,65.45,65.43,300,900,8742,-12943
355,BMY,2020-11-04,0 days 15:59:54.286182,1307050,65.42,65.41,100,3100,-4336,13864
356,BP,2020-11-04,0 days 15:59:11.242108,100978,16.13,16.12,55667,49868,-942,5343
357,BP,2020-11-04,0 days 15:59:15.240858,101920,16.13,16.12,32380,65568,158,-942
358,BP,2020-11-04,0 days 15:59:46.237542,102978,16.14,16.13,61906,10510,-22742,298
359,BRK.B,2020-11-04,0 days 15:58:46.248517,496769,206.18,206.09,550,200,24230,-28715
360,BRK.B,2020-11-04,0 days 15:58:49.247657,496769,206.15,206.13,100,100,23138,-27012
361,BRK.B,2020-11-04,0 days 15:58:52.249566,517452,206.2,206.12,200,200,-10799,21938
362,BRK.B,2020-11-04,0 days 15:59:15.239464,541648,206.14,206.03,100,400,73982,-10823
363,BRK.B,2020-11-04,0 days 15:59:19.238346,529153,206.38,206.1,400,100,-13295,80669
364,BRK.B,2020-11-04,0 days 15:59:24.238118,549948,206.34,206.21,300,200,51445,-15958
365,BRK.B,2020-11-04,0 days 15:59:27.238564,586793,206.31,206.17,235,300,-4055,5174
366,BRK.B,2020-11-04,0 days 15:59:29.238635,551348,206.28,206.17,200,365,60674,-49850
367,BRK.B,2020-11-04,0 days 15:59:35.239366,596464,206.26,206.14,300,410,-884,52261
368,BRK.B,2020-11-04,0 days 15:59:37.239301,590948,206.25,206.2,121,200,2132,-4268
369,BRK.B,2020-11-04,0 days 15:59:54.241661,536098,206.3,206.18,100,1100,-62133,1063
370,BRK.B,2020-11-04,0 days 15:59:55.241115,597784,206.3,206.07,300,300,56773,-62133
371,BRK.B,2020-11-04,0 days 15:59:57.240493,536539,206.3,206.07,300,2200,-61692,56893
372,BRK.B,2020-11-04,0 days 15:59:59.240473,597784,206.3,206.0,100,504,56618,-61692
373,BRX,2020-11-04,0 days 15:56:46.278241,140317,11.55,11.54,565,4840,5356,-944
374,BSAC,2020-11-04,0 days 15:59:00.247870,122577,13.92,13.91,218,500,1226,-774
375,BSAC,2020-11-04,0 days 15:59:03.246453,141203,13.94,13.92,300,200,-1174,526
376,BSAC,2020-11-04,0 days 15:59:58.247650,142558,13.91,13.88,500,477,1911,-1289
377,BSX,2020-11-04,0 days 15:59:04.249003,593279,35.24,35.23,1569,3235,1126,-854
378,BSX,2020-11-04,0 days 15:59:10.249789,576666,35.26,35.25,1141,1798,-14977,3562
379,BSX,2020-11-04,0 days 15:59:15.237926,591643,35.25,35.24,600,3120,88723,-8943
380,BSX,2020-11-04,0 days 15:59:19.236945,603803,35.29,35.28,1900,1200,-509,1040
381,BSX,2020-11-04,0 days 15:59:20.237490,604012,35.32,35.3,800,2300,35339,-509
382,BSX,2020-11-04,0 days 15:59:25.237190,638918,35.3,35.29,2100,1100,-17670,1556
383,BSX,2020-11-04,0 days 15:59:26.237709,637888,35.3,35.29,1380,1800,430,-17670
384,BTI,2020-11-04,0 days 15:56:00.235029,16368,33.3,33.29,1484,1807,-259,556
385,BTI,2020-11-04,0 days 15:56:01.234414,15627,33.3,33.29,300,2237,741,-259
386,BTI,2020-11-04,0 days 15:56:30.234658,15568,33.29,33.28,2200,1466,-59,741
387,BTI,2020-11-04,0 days 15:56:31.235028,14927,33.29,33.28,3000,766,441,-59
388,BTI,2020-11-04,0 days 15:58:00.239299,15577,33.3,33.29,1719,2999,-1086,14
389,BTI,2020-11-04,0 days 15:58:01.238362,15163,33.3,33.29,2119,2753,414,-1086
390,BTI,2020-11-04,0 days 15:58:30.239662,15978,33.23,33.22,2438,300,-185,815
391,BTI,2020-11-04,0 days 15:58:31.239906,15463,33.23,33.22,1875,400,515,-185
392,BTI,2020-11-04,0 days 15:58:48.239955,16978,33.24,33.23,1871,1312,-2639,615
393,BTI,2020-11-04,0 days 15:58:49.240072,16817,33.24,33.23,1671,1312,161,-2639
394,BTI,2020-11-04,0 days 15:59:50.240800,19009,33.26,33.25,2489,100,53,-447
395,BWA,2020-11-04,0 days 15:55:00.114822,150331,35.92,35.91,1414,180,3895,-9559
396,BWA,2020-11-04,0 days 15:57:45.114357,161315,35.83,35.81,142,1303,-144,516
397,BWA,2020-11-04,0 days 15:57:48.114620,155899,35.83,35.82,386,200,5416,-144
398,BWA,2020-11-04,0 days 15:59:06.118454,157960,35.85,35.83,202,300,-1992,343
399,BWA,2020-11-04,0 days 15:59:07.117505,157952,35.85,35.83,402,300,8,-1992
400,BWA,2020-11-04,0 days 15:59:08.117982,157960,35.85,35.83,402,300,-5592,8
401,BWA,2020-11-04,0 days 15:59:24.110776,175174,35.87,35.85,300,100,952,-2148
402,BWA,2020-11-04,0 days 15:59:31.112140,176126,35.85,35.82,300,2500,-1563,952
403,BWA,2020-11-04,0 days 15:59:33.112743,174289,35.83,35.8,640,100,1837,-863
404,BWA,2020-11-04,0 days 15:59:53.112949,176226,35.86,35.82,400,300,-4783,317
405,BX,2020-11-04,0 days 15:55:00.246662,192309,55.04,55.03,851,800,-9193,4386
406,BX,2020-11-04,0 days 15:56:12.246756,204574,54.96,54.95,200,300,311,-389
407,BX,2020-11-04,0 days 15:56:13.246999,197485,54.97,54.96,1000,200,-7089,311
408,BX,2020-11-04,0 days 15:57:31.247202,205174,54.92,54.91,600,883,1269,-2931
409,BX,2020-11-04,0 days 15:57:32.246463,199943,54.92,54.91,1100,1083,-5331,1269
410,BX,2020-11-04,0 days 15:57:36.246398,205574,54.92,54.91,900,100,1169,-831
411,BX,2020-11-04,0 days 15:57:37.245995,204943,54.92,54.9,900,1400,-631,1169
412,BX,2020-11-04,0 days 15:57:43.246325,201835,54.92,54.91,1100,300,-3739,761
413,BX,2020-11-04,0 days 15:59:06.250456,208299,54.91,54.89,500,1200,1072,-928
414,BX,2020-11-04,0 days 15:59:07.251470,205971,54.95,54.93,300,710,-2328,1072
415,BX,2020-11-04,0 days 15:59:08.252261,205717,54.93,54.92,800,446,254,-2328
416,BX,2020-11-04,0 days 15:59:20.239252,207399,54.99,54.96,1081,200,30185,-2863
417,BX,2020-11-04,0 days 15:59:21.238736,204284,55.0,54.99,400,400,-3115,30185
418,BX,2020-11-04,0 days 15:59:33.240381,209584,54.97,54.93,200,200,-215,2885
419,BX,2020-11-04,0 days 15:59:46.240940,210181,54.96,54.93,300,628,2720,-797
420,C,2020-11-04,0 days 15:59:16.251477,1068530,42.11,42.1,6824,100,-66516,76510
421,C,2020-11-04,0 days 15:59:53.241528,1104422,42.11,42.1,2400,2342,-50283,19551
422,CAH,2020-11-04,0 days 15:57:37.245520,226881,49.54,49.53,112,400,467,-221
423,CAH,2020-11-04,0 days 15:57:38.245230,222748,49.55,49.53,100,400,-4133,467
424,CAH,2020-11-04,0 days 15:58:24.246863,226964,49.54,49.53,402,700,5681,-1737
425,CAH,2020-11-04,0 days 15:58:25.246640,225045,49.56,49.54,100,900,-1919,5681
426,CAH,2020-11-04,0 days 15:58:28.247205,227152,49.56,49.54,300,700,1473,-1539
427,CAH,2020-11-04,0 days 15:58:29.247308,224845,49.56,49.54,100,800,-2119,1473
428,CAH,2020-11-04,0 days 15:59:10.249495,246927,49.55,49.52,104,507,52,-3980
429,CAH,2020-11-04,0 days 15:59:12.249141,243499,49.55,49.53,104,400,-3428,52
430,CAH,2020-11-04,0 days 15:59:15.248706,247115,49.55,49.53,289,592,8936,-3428
431,CAH,2020-11-04,0 days 15:59:16.246649,242851,49.58,49.56,200,505,-4264,8936
432,CAH,2020-11-04,0 days 15:59:24.249197,247115,49.59,49.55,300,300,2615,-2242
433,CAH,2020-11-04,0 days 15:59:25.247426,240130,49.59,49.56,200,300,-6985,2615
434,CAH,2020-11-04,0 days 15:59:31.249968,245631,49.56,49.54,500,100,-1484,12165
435,CAH,2020-11-04,0 days 15:59:36.249538,244676,49.59,49.54,100,200,-2439,649
436,CAH,2020-11-04,0 days 15:59:38.248467,246927,49.59,49.52,550,200,649,-2439
437,CAH,2020-11-04,0 days 15:59:41.248882,246376,49.57,49.51,500,100,-739,649
438,CAH,2020-11-04,0 days 15:59:42.249419,246927,49.56,49.5,400,168,649,-739
439,CAH,2020-11-04,0 days 15:59:47.249457,241315,49.57,49.45,300,100,-5800,10288
440,CARR,2020-11-04,0 days 15:55:00.246513,480220,36.99,36.98,300,448,-111087,143306
441,CARR,2020-11-04,0 days 15:56:00.247588,548372,36.89,36.86,610,500,1426,-2474
442,CARR,2020-11-04,0 days 15:56:01.247083,546198,36.91,36.9,900,100,-2174,1426
443,CARR,2020-11-04,0 days 15:56:26.247312,550119,36.9,36.89,1100,385,3284,-2621
444,CARR,2020-11-04,0 days 15:56:27.247046,548503,36.9,36.89,1100,385,-1616,3284
445,CARR,2020-11-04,0 days 15:56:34.247777,551419,36.87,36.86,300,505,3184,-1616
446,CARR,2020-11-04,0 days 15:56:35.248215,550303,36.87,36.86,807,1108,-1116,3184
447,CARR,2020-11-04,0 days 15:56:52.248420,551419,36.87,36.86,2429,100,2275,-1025
448,CARR,2020-11-04,0 days 15:56:53.248401,550294,36.88,36.87,1730,300,-1125,2275
449,CARR,2020-11-04,0 days 15:57:29.246884,551419,36.86,36.84,300,600,31175,-3825
450,CARR,2020-11-04,0 days 15:57:30.246630,550894,36.86,36.84,400,803,-525,31175
451,CARR,2020-11-04,0 days 15:59:06.250436,621435,36.87,36.86,100,100,118,-2392
452,CARR,2020-11-04,0 days 15:59:09.251253,617853,36.86,36.84,100,400,-3109,3718
453,CARR,2020-11-04,0 days 15:59:11.251797,621435,36.87,36.84,900,200,16835,-3109
454,CARR,2020-11-04,0 days 15:59:12.250637,618770,36.87,36.84,1100,100,-2465,16835
455,CAT,2020-11-04,0 days 15:59:15.240090,407929,155.51,155.42,153,300,8253,-101124
456,CAT,2020-11-04,0 days 15:59:16.239704,403012,155.64,155.49,283,500,-8617,8253
457,CAT,2020-11-04,0 days 15:59:22.238148,413567,155.57,155.53,100,100,971,-8487
458,CAT,2020-11-04,0 days 15:59:23.239101,414956,155.64,155.59,100,200,-6211,971
459,CAT,2020-11-04,0 days 15:59:45.241356,425118,155.36,155.32,300,500,7132,-23
460,CAT,2020-11-04,0 days 15:59:46.240793,422111,155.44,155.34,900,100,-3136,7132
461,CB,2020-11-04,0 days 15:59:11.284499,187655,133.02,132.86,200,100,19381,-5338
462,CB,2020-11-04,0 days 15:59:12.283947,186440,132.94,132.89,200,228,-1197,19381
463,CB,2020-11-04,0 days 15:59:30.285491,188057,133.04,132.86,100,800,9839,-516
464,CB,2020-11-04,0 days 15:59:31.283747,186496,132.99,132.92,100,448,-1561,9839
465,CB,2020-11-04,0 days 15:59:46.284705,189657,132.97,132.81,100,600,18782,-1376
466,CB,2020-11-04,0 days 15:59:51.288176,176757,132.85,132.79,100,400,-13562,4468
467,CCJ,2020-11-04,0 days 15:55:36.245584,54192,9.07,9.06,15801,100,388,-1712
468,CCJ,2020-11-04,0 days 15:56:43.245171,61015,9.06,9.05,13011,8119,-2777,4379
469,CCJ,2020-11-04,0 days 15:56:44.245380,60392,9.06,9.05,14011,8061,623,-2777
470,CCJ,2020-11-04,0 days 15:59:01.250305,64320,9.09,9.08,6946,4437,-3572,4794
471,CCJ,2020-11-04,0 days 15:59:02.247718,63892,9.09,9.08,7066,4437,428,-3572
472,CDE,2020-11-04,0 days 15:56:35.240819,129538,7.46,7.45,18302,992381,167,-3562
473,CDE,2020-11-04,0 days 15:57:48.242432,132125,7.47,7.46,22539,9541,-400,800
474,CDE,2020-11-04,0 days 15:59:36.244391,152246,7.46,7.45,3300,996763,7359,-8541
475,CDE,2020-11-04,0 days 15:59:37.243170,151805,7.46,7.45,3300,996763,-441,7359
476,CDE,2020-11-04,0 days 15:59:41.244160,151805,7.47,7.46,15500,26179,-441,5559
477,CDE,2020-11-04,0 days 15:59:47.245089,151905,7.46,7.45,16200,988359,-341,10859
478,CF,2020-11-04,0 days 15:59:24.265438,201414,26.73,26.72,100,800,-86243,1457
479,CF,2020-11-04,0 days 15:59:25.264871,195057,26.7,26.67,100,100,6957,-86243
480,CF,2020-11-04,0 days 15:59:53.260770,206135,26.67,26.62,400,100,-6540,5111
481,CFG,2020-11-04,0 days 15:57:11.261257,305043,26.79,26.77,2000,4152,175,-12325
482,CFG,2020-11-04,0 days 15:59:16.265185,357510,26.78,26.77,368,3272,21231,-816
483,CFG,2020-11-04,0 days 15:59:17.265017,352041,26.78,26.77,568,4095,-5469,21231
484,CFG,2020-11-04,0 days 15:59:43.265726,349502,26.76,26.75,3800,2703,7179,-1274
485,CFG,2020-11-04,0 days 15:59:44.267191,346281,26.76,26.75,3793,200,-3221,7179
486,CHWY,2020-11-04,0 days 15:55:00.247026,21787,67.44,67.24,200,100,-317,2111
487,CHWY,2020-11-04,0 days 15:59:40.240395,27005,67.04,66.91,301,700,-6945,355
488,CHWY,2020-11-04,0 days 15:59:59.241881,26249,67.11,66.92,200,2000,-611,553
489,CHX,2020-11-04,0 days 15:55:00.245962,55040,9.0,8.98,200,800,-28382,1224
490,CHX,2020-11-04,0 days 15:56:05.246940,82358,8.96,8.95,807,500,458,-1086
491,CHX,2020-11-04,0 days 15:56:06.248142,80116,8.98,8.96,300,1520,-2242,458
492,CHX,2020-11-04,0 days 15:56:39.247626,82358,8.99,8.98,700,207,1119,-1742
493,CHX,2020-11-04,0 days 15:56:40.247720,80377,8.99,8.97,1500,500,-1981,1119
494,CHX,2020-11-04,0 days 15:58:09.248097,81306,8.95,8.93,1143,300,-998,2502
495,CHX,2020-11-04,0 days 15:59:32.239592,96062,8.95,8.93,1341,500,2320,-995
496,CHX,2020-11-04,0 days 15:59:33.240355,95582,8.95,8.94,1466,100,-480,2320
497,CI,2020-11-04,0 days 15:55:00.246558,206202,210.71,210.55,109,100,17278,-64654
498,CI,2020-11-04,0 days 15:55:41.246815,225934,210.58,210.47,208,996,-5573,2348
499,CI,2020-11-04,0 days 15:55:42.246964,225207,210.58,210.47,202,996,727,-5573
500,CI,2020-11-04,0 days 15:57:11.245556,236131,210.86,210.74,201,157,-645,455
501,CI,2020-11-04,0 days 15:57:12.245811,234176,210.67,210.31,189,200,1955,-645
502,CI,2020-11-04,0 days 15:57:34.246821,237792,210.68,210.58,200,357,-3120,1580
503,CI,2020-11-04,0 days 15:57:37.245995,237612,210.67,210.5,147,100,180,-1720
504,CI,2020-11-04,0 days 15:57:40.246616,238592,210.65,210.49,100,200,-1720,80
505,CI,2020-11-04,0 days 15:57:42.246673,241312,210.59,210.52,384,345,919,-2981
506,CI,2020-11-04,0 days 15:57:44.246346,241231,210.64,210.52,300,100,-1381,2419
507,CI,2020-11-04,0 days 15:57:51.247000,245912,210.55,210.22,188,100,3719,-1481
508,CI,2020-11-04,0 days 15:57:52.246520,245031,210.54,210.22,172,200,-881,3719
509,CI,2020-11-04,0 days 15:58:01.248048,245819,210.46,210.39,210,100,-3293,580
510,CI,2020-11-04,0 days 15:58:03.247742,245938,210.44,210.34,200,300,1550,-7024
511,CI,2020-11-04,0 days 15:58:04.248189,246626,210.44,210.34,300,300,-1368,1550
512,CI,2020-11-04,0 days 15:58:10.248484,248094,210.4,210.28,600,200,7920,-1468
513,CI,2020-11-04,0 days 15:58:12.248673,245017,210.33,210.19,100,100,-377,2223
514,CI,2020-11-04,0 days 15:58:17.248759,241694,210.16,209.97,300,300,3223,-1077
515,CI,2020-11-04,0 days 15:58:28.249586,245394,210.3,210.2,100,100,1520,-477
516,CI,2020-11-04,0 days 15:58:29.249287,245214,210.33,210.2,300,100,-2880,1520
517,CI,2020-11-04,0 days 15:58:48.249467,245394,210.36,210.29,228,100,2220,-480
518,CI,2020-11-04,0 days 15:58:49.249177,244217,210.35,210.29,100,700,-33477,2220
519,CI,2020-11-04,0 days 15:58:58.249996,245394,210.31,210.22,100,200,364,-133
520,CI,2020-11-04,0 days 15:58:59.249879,245155,210.31,210.22,100,100,-239,364
521,CI,2020-11-04,0 days 15:59:02.250295,248597,210.5,210.35,846,100,2527,-3073
522,CI,2020-11-04,0 days 15:59:03.250283,250224,210.5,210.35,846,100,-665,2527
523,CI,2020-11-04,0 days 15:59:11.251797,260368,210.49,210.35,100,800,319,-2054
524,CI,2020-11-04,0 days 15:59:20.239252,289543,210.79,210.64,300,590,-5805,547
525,CI,2020-11-04,0 days 15:59:22.238174,288348,210.92,210.75,300,103,1195,-2405
526,CI,2020-11-04,0 days 15:59:29.239000,290326,210.66,210.58,400,300,-3976,6424
527,CI,2020-11-04,0 days 15:59:31.239481,289302,210.65,210.4,400,550,1024,-8076
528,CI,2020-11-04,0 days 15:59:34.239656,290826,210.4,210.09,100,500,-2001,4875
529,CI,2020-11-04,0 days 15:59:35.239602,289527,210.37,210.09,100,500,2082,-2001
530,CI,2020-11-04,0 days 15:59:40.239995,291759,210.46,210.32,300,200,-805,1882
531,CI,2020-11-04,0 days 15:59:41.239801,287927,210.46,210.32,300,278,3832,-805
532,CI,2020-11-04,0 days 15:59:42.239785,291759,210.46,210.32,300,278,-2105,3832
533,CI,2020-11-04,0 days 15:59:43.239569,287927,210.38,210.2,950,100,3932,-2105
534,CIG,2020-11-04,0 days 15:55:00.247395,55108,1.92,1.91,124239,59400,6246,-22181
535,CIG,2020-11-04,0 days 15:57:58.245706,61714,1.92,1.91,272252,33879,-394,2306
536,CIG,2020-11-04,0 days 15:59:05.249461,130999,1.92,1.91,362612,33847,4378,-2421
537,CIM,2020-11-04,0 days 15:57:48.246515,91826,8.86,8.85,1615,7283,-6655,2445
538,CIM,2020-11-04,0 days 15:57:49.247478,90681,8.86,8.85,1615,7283,1145,-6655
539,CIM,2020-11-04,0 days 15:58:01.247891,88801,8.86,8.85,1989,6515,-1880,1145
540,CIM,2020-11-04,0 days 15:58:02.248520,87981,8.86,8.85,2389,6515,820,-1880
541,CIM,2020-11-04,0 days 15:59:46.240513,91998,8.85,8.84,3991,5880,-1548,487
542,CIT,2020-11-04,0 days 15:59:15.243877,293299,30.85,30.83,400,900,60920,-54129
543,CIT,2020-11-04,0 days 15:59:16.243596,290114,30.89,30.84,6000,840,-3185,60920
544,CIT,2020-11-04,0 days 15:59:23.242945,314063,30.91,30.85,168,122,16143,-3014
545,CIT,2020-11-04,0 days 15:59:24.243595,309606,30.93,30.85,200,122,-3657,16143
546,CIT,2020-11-04,0 days 15:59:37.243093,304099,30.83,30.79,400,100,-1621,6426
547,CIT,2020-11-04,0 days 15:59:39.243515,305038,30.83,30.79,520,100,7476,-321
548,CIT,2020-11-04,0 days 15:59:46.244242,303117,30.83,30.75,400,100,-8153,2994
549,CIT,2020-11-04,0 days 15:59:47.244892,306423,30.83,30.75,400,100,9209,-8153
550,CIT,2020-11-04,0 days 15:59:49.244711,303017,30.83,30.76,400,100,-11023,124
551,CIT,2020-11-04,0 days 15:59:52.244940,312488,30.83,30.77,220,100,-1552,5059
552,CIT,2020-11-04,0 days 15:59:54.245820,312344,30.83,30.79,320,100,5059,-9856
553,CIT,2020-11-04,0 days 15:59:56.245146,312488,30.83,30.79,300,100,-1552,3559
554,CL,2020-11-04,0 days 15:59:53.244734,378156,83.86,83.8,100,1600,-2772,3555
555,CLDR,2020-11-04,0 days 15:55:39.240732,138060,10.23,10.22,3804,7305,-4090,2674
556,CLDR,2020-11-04,0 days 15:55:40.240720,133950,10.23,10.22,3804,7302,4110,-4090
557,CLDR,2020-11-04,0 days 15:59:03.246336,145874,10.21,10.2,2909,5336,-5468,5859
558,CLDR,2020-11-04,0 days 15:59:04.247600,143042,10.21,10.2,2899,6036,2832,-5468
559,CLDR,2020-11-04,0 days 15:59:11.247374,145874,10.21,10.2,3241,5819,-7519,2832
560,CLDR,2020-11-04,0 days 15:59:12.247230,143793,10.21,10.2,3241,5719,2081,-7519
561,CLDR,2020-11-04,0 days 15:59:21.243145,145874,10.23,10.22,2636,4767,-8919,2081
562,CLDR,2020-11-04,0 days 15:59:22.243191,144493,10.23,10.22,3136,3200,1381,-8919
563,CLDR,2020-11-04,0 days 15:59:33.244439,145014,10.23,10.22,5163,1900,860,-3740
564,CLDR,2020-11-04,0 days 15:59:47.244930,145214,10.22,10.21,2992,7532,660,-4340
565,CLF,2020-11-04,0 days 15:55:05.231808,280405,7.71,7.7,10414,18013,7863,-4037
566,CLF,2020-11-04,0 days 15:58:01.238378,288447,7.7,7.69,12817,19506,-22311,7477
567,CLF,2020-11-04,0 days 15:58:02.239236,282658,7.7,7.69,12956,19606,689,-22311
568,CLF,2020-11-04,0 days 15:59:22.238376,285985,7.71,7.7,10471,22458,-2421,1020
569,CLF,2020-11-04,0 days 15:59:23.239139,282306,7.71,7.7,10340,19939,3679,-2421
570,CLF,2020-11-04,0 days 15:59:40.240097,290131,7.71,7.7,7880,26836,-36075,5025
571,CLF,2020-11-04,0 days 15:59:41.239528,287306,7.71,7.7,7901,24936,2901,-36075
572,CLF,2020-11-04,0 days 15:59:44.240346,290284,7.71,7.7,8915,25036,-824,2978
573,CLNY,2020-11-04,0 days 15:55:42.099098,247115,3.68,3.67,19613,11616,-758,3242
574,CLNY,2020-11-04,0 days 15:55:49.100160,240473,3.67,3.66,33524,11362,6642,-758
575,CLNY,2020-11-04,0 days 15:59:15.102829,265468,3.67,3.66,14123,17360,-13855,4751
576,CLNY,2020-11-04,0 days 15:59:16.101620,255923,3.67,3.66,13079,20601,9545,-13855
577,CLR,2020-11-04,0 days 15:59:47.100190,115506,12.85,12.84,1899,1364,-3779,878
578,CLR,2020-11-04,0 days 15:59:48.102159,113785,12.85,12.84,2512,204,621,-3779
579,CNC,2020-11-04,0 days 15:55:20.259095,238639,63.7,63.69,200,200,195,-205
580,CNC,2020-11-04,0 days 15:55:21.259231,238101,63.72,63.69,300,567,-538,195
581,CNC,2020-11-04,0 days 15:55:22.259365,238677,63.72,63.69,500,667,1424,-538
582,CNC,2020-11-04,0 days 15:55:23.259606,238101,63.73,63.7,1601,573,-576,1424
583,CNC,2020-11-04,0 days 15:56:04.260409,241780,63.62,63.59,200,200,10,-864
584,CNC,2020-11-04,0 days 15:56:05.260548,241190,63.65,63.6,300,400,-613,10
585,CNC,2020-11-04,0 days 15:56:08.261179,241803,63.65,63.63,100,100,740,-613
586,CNC,2020-11-04,0 days 15:56:09.261812,241343,63.69,63.66,100,592,-460,740
587,CNC,2020-11-04,0 days 15:56:51.263522,247803,63.74,63.7,300,284,67064,-836
588,CNC,2020-11-04,0 days 15:57:35.263004,315618,63.86,63.83,300,490,-2245,4355
589,CNC,2020-11-04,0 days 15:57:36.263096,314063,63.85,63.83,353,390,1555,-2245
590,CNC,2020-11-04,0 days 15:57:49.264527,318420,63.95,63.91,201,100,-3543,5957
591,CNC,2020-11-04,0 days 15:57:50.263768,315463,63.92,63.9,200,281,2957,-3543
592,CNC,2020-11-04,0 days 15:58:31.265728,316799,63.87,63.85,528,1177,-1719,1281
593,CNC,2020-11-04,0 days 15:58:32.266009,313518,63.88,63.85,500,1250,4747,-1719
594,CNC,2020-11-04,0 days 15:59:00.270414,319667,63.94,63.9,100,140,-5171,3650
595,CNC,2020-11-04,0 days 15:59:01.268257,318038,63.98,63.93,300,300,1629,-5171
596,CNC,2020-11-04,0 days 15:59:08.270402,318932,63.95,63.9,100,203,-4406,1394
597,CNC,2020-11-04,0 days 15:59:09.268025,317938,63.96,63.9,441,203,994,-4406
598,CNC,2020-11-04,0 days 15:59:19.265103,325805,64.03,63.98,1900,400,-3488,1001
599,CNC,2020-11-04,0 days 15:59:20.265478,330093,64.0,63.98,100,300,12292,-3488
600,CNC,2020-11-04,0 days 15:59:27.264621,271460,64.0,63.98,100,100,-72633,2767
601,CNC,2020-11-04,0 days 15:59:28.264636,315853,63.99,63.97,200,205,31007,-72633
602,CNHI,2020-11-04,0 days 15:55:00.257861,49803,8.57,8.56,20218,18499,2857,-8742
603,CNHI,2020-11-04,0 days 15:59:01.268062,53152,8.57,8.56,20932,18603,-404,1511
604,CNHI,2020-11-04,0 days 15:59:10.268960,51279,8.57,8.56,21578,18653,1873,-404
605,CNHI,2020-11-04,0 days 15:59:31.265878,33082,8.58,8.57,18915,86454,-28497,1873
606,CNHI,2020-11-04,0 days 15:59:36.266467,36979,8.58,8.57,20106,17744,3203,-3797
607,CNHI,2020-11-04,0 days 15:59:37.265247,36782,8.58,8.57,19706,17744,-197,3203
608,CNK,2020-11-04,0 days 15:55:40.116846,114330,8.56,8.55,11160,5895,185,-2629
609,CNK,2020-11-04,0 days 15:56:16.120791,109721,8.55,8.54,7848,8516,-4629,871
610,CNK,2020-11-04,0 days 15:57:51.114391,115250,8.52,8.51,6835,8210,4114,-1586
611,CNK,2020-11-04,0 days 15:57:52.114267,112564,8.53,8.52,2298,5010,-2686,4114
612,CNK,2020-11-04,0 days 15:59:01.118274,128144,8.52,8.51,5406,2400,-506,991
613,CNK,2020-11-04,0 days 15:59:34.111415,127968,8.55,8.54,4475,3211,-1182,218
614,CNK,2020-11-04,0 days 15:59:40.112738,129150,8.55,8.54,4675,2886,2318,-1182
615,CNK,2020-11-04,0 days 15:59:41.114440,128468,8.55,8.54,4274,2598,-682,2318
616,CNK,2020-11-04,0 days 15:59:47.112884,128750,8.54,8.53,5101,3700,13645,-682
617,CNP,2020-11-04,0 days 15:55:40.245679,305093,21.58,21.57,2468,3600,-1428,5752
618,CNP,2020-11-04,0 days 15:55:41.245036,300221,21.58,21.57,3667,2700,4872,-1428
619,CNP,2020-11-04,0 days 15:58:00.246472,301059,21.59,21.58,3395,6680,-8222,2688
620,CNP,2020-11-04,0 days 15:58:01.247146,297481,21.59,21.58,4334,6480,3530,-8222
621,CNP,2020-11-04,0 days 15:58:03.245885,272974,21.59,21.58,4217,6680,-2507,3530
622,CNP,2020-11-04,0 days 15:58:11.245774,281896,21.56,21.55,3121,2225,678,-1022
623,CNP,2020-11-04,0 days 15:58:12.246026,280974,21.56,21.55,2421,2925,-922,678
624,CNP,2020-11-04,0 days 15:58:19.245484,282411,21.56,21.55,2738,2499,1763,-3137
625,CNP,2020-11-04,0 days 15:58:20.245585,281474,21.56,21.55,3224,3199,-937,1763
626,CNP,2020-11-04,0 days 15:58:24.245985,282411,21.56,21.55,3579,2979,11651,-937
627,CNP,2020-11-04,0 days 15:58:25.245804,294062,21.56,21.55,3541,3040,-8349,11651
628,CNP,2020-11-04,0 days 15:58:26.246556,293011,21.56,21.55,3762,2140,1051,-8349
629,CNP,2020-11-04,0 days 15:58:32.246323,294062,21.57,21.56,808,5058,-1249,451
630,CNP,2020-11-04,0 days 15:58:33.248784,291411,21.58,21.57,4100,2160,2651,-1249
631,CNP,2020-11-04,0 days 15:59:08.250457,315686,21.58,21.57,2700,3538,-1339,67
632,CNP,2020-11-04,0 days 15:59:11.248637,318425,21.59,21.58,2018,2700,13841,-1339
633,CNP,2020-11-04,0 days 15:59:20.245405,337793,21.6,21.59,2000,2692,-132,1590
634,CNP,2020-11-04,0 days 15:59:22.245400,336749,21.6,21.59,1601,2881,1044,-5256
635,CNP,2020-11-04,0 days 15:59:47.248483,339581,21.58,21.57,1721,2344,-9773,554
636,CNQ,2020-11-04,0 days 15:56:08.277275,37567,16.76,16.75,5400,16312,-78,900
637,CNQ,2020-11-04,0 days 15:56:12.277476,36597,16.76,16.75,5228,15360,970,-330
638,CNQ,2020-11-04,0 days 15:58:01.280940,34785,16.76,16.75,9106,7500,-1823,3859
639,CNQ,2020-11-04,0 days 15:58:02.281188,33808,16.76,16.75,10406,7300,977,-1823
640,CNQ,2020-11-04,0 days 15:59:00.284298,35182,16.76,16.75,6903,5221,-128,777
641,CNQ,2020-11-04,0 days 15:59:46.285051,38302,16.76,16.75,2900,9765,-1608,692
642,CNQ,2020-11-04,0 days 15:59:47.284409,38010,16.76,16.75,2600,9465,392,-1608
643,CNX,2020-11-04,0 days 15:58:24.239248,203122,8.95,8.94,4113,1700,-2175,9138
644,CNX,2020-11-04,0 days 15:58:25.239354,196297,8.95,8.94,5913,400,3625,-2175
645,CNX,2020-11-04,0 days 15:58:28.239550,203122,8.95,8.94,5115,900,-7075,3625
646,CNX,2020-11-04,0 days 15:58:29.239791,196397,8.95,8.94,5545,400,3525,-7075
647,CNX,2020-11-04,0 days 15:59:21.238342,199997,8.94,8.93,2531,2000,3625,-8475
648,COF,2020-11-04,0 days 15:55:00.232272,219651,75.75,75.71,100,300,-15297,8093
649,COF,2020-11-04,0 days 15:55:40.233721,235282,75.6,75.55,200,207,6752,-873
650,COF,2020-11-04,0 days 15:55:41.234124,228734,75.6,75.55,350,100,-6548,6752
651,COF,2020-11-04,0 days 15:56:12.234123,236032,75.57,75.53,551,612,240,-460
652,COF,2020-11-04,0 days 15:56:21.234434,230440,75.57,75.53,500,432,-5792,40
653,COF,2020-11-04,0 days 15:56:46.235444,236212,75.44,75.42,200,100,372,-270
654,COF,2020-11-04,0 days 15:56:52.235489,230684,75.45,75.41,300,259,-5528,672
655,COF,2020-11-04,0 days 15:57:35.236968,238112,75.5,75.47,311,200,2292,-1608
656,COF,2020-11-04,0 days 15:57:36.236851,237004,75.5,75.47,311,343,-1108,2292
657,COF,2020-11-04,0 days 15:57:42.237170,238112,75.49,75.46,337,200,92,-708
658,COF,2020-11-04,0 days 15:57:43.236990,232204,75.49,75.46,442,100,-5908,92
659,COF,2020-11-04,0 days 15:58:13.238381,235004,75.5,75.45,200,200,-4508,92
660,COF,2020-11-04,0 days 15:58:54.239824,241412,75.47,75.43,200,100,1384,-36674
661,COF,2020-11-04,0 days 15:58:55.240333,237996,75.47,75.42,200,100,-3416,1384
662,COF,2020-11-04,0 days 15:59:06.241095,238846,75.48,75.43,100,227,3567,-687
663,COF,2020-11-04,0 days 15:59:07.241080,231692,75.48,75.45,100,100,-7154,3567
664,COF,2020-11-04,0 days 15:59:08.242050,240746,75.48,75.43,150,127,1027,-7154
665,COF,2020-11-04,0 days 15:59:09.241174,237131,75.5,75.48,200,230,-3615,1027
666,COF,2020-11-04,0 days 15:59:20.238920,244227,75.6,75.57,100,500,32089,-1313
667,COF,2020-11-04,0 days 15:59:25.238368,271484,75.63,75.58,149,100,-9150,11618
668,COF,2020-11-04,0 days 15:59:26.238687,271334,75.63,75.57,149,100,150,-9150
669,COF,2020-11-04,0 days 15:59:28.238777,271484,75.63,75.54,649,1292,-3474,150
670,COF,2020-11-04,0 days 15:59:29.239086,271158,75.61,75.55,125,100,658,-3474
671,COG,2020-11-04,0 days 15:57:37.102691,535129,16.08,16.07,1780,6451,5227,-3673
672,COG,2020-11-04,0 days 15:57:38.102512,515556,16.08,16.07,2093,6651,-19573,5227
673,COG,2020-11-04,0 days 15:59:09.108419,581452,16.06,16.05,6539,2500,2079,-3021
674,COG,2020-11-04,0 days 15:59:12.106711,585359,16.06,16.05,2879,4995,-14864,2079
675,COG,2020-11-04,0 days 15:59:25.101608,602146,16.06,16.05,7308,2672,-149,451
676,COG,2020-11-04,0 days 15:59:27.101464,602295,16.06,16.05,7007,2399,1408,-149
677,COG,2020-11-04,0 days 15:59:39.102713,557403,16.06,16.05,4348,2300,-45604,396
678,COG,2020-11-04,0 days 15:59:41.103592,601013,16.04,16.03,3890,903,42166,-10219
679,COP,2020-11-04,0 days 15:59:01.118274,832734,30.51,30.5,10686,200,3382,-42389
680,COP,2020-11-04,0 days 15:59:47.112855,861016,30.43,30.42,2056,983,-9147,23153
681,COTY,2020-11-04,0 days 15:59:15.239925,663520,3.03,3.02,24535,86303,47525,-46259
682,COTY,2020-11-04,0 days 15:59:33.240205,629023,3.03,3.02,20060,141169,-7346,26754
683,COTY,2020-11-04,0 days 15:59:45.241110,636369,3.03,3.02,19862,130180,1054,-3946
684,CPE,2020-11-04,0 days 15:58:02.244235,16645,5.6,5.59,4100,2102,-2133,583
685,CPE,2020-11-04,0 days 15:58:06.244037,16389,5.6,5.59,4600,100,256,-2133
686,CPE,2020-11-04,0 days 15:59:42.243993,24440,5.6,5.59,2763,2700,-7539,355
687,CPRI,2020-11-04,0 days 15:57:50.236180,149163,23.26,23.25,405,200,1114,-16371
688,CPRI,2020-11-04,0 days 15:58:02.238297,142063,23.27,23.26,400,700,-5600,2614
689,CPRI,2020-11-04,0 days 15:58:03.236792,138963,23.27,23.26,200,800,3100,-5600
690,CPRI,2020-11-04,0 days 15:58:33.239056,146663,23.26,23.25,300,100,-670,7145
691,CPRI,2020-11-04,0 days 15:58:34.238774,146533,23.26,23.25,300,200,130,-670
692,CPRI,2020-11-04,0 days 15:58:46.237994,146533,23.26,23.25,600,1000,130,-770
693,CPRI,2020-11-04,0 days 15:59:16.236758,175687,23.27,23.2,100,300,-11644,5656
694,CPRI,2020-11-04,0 days 15:59:17.236874,162431,23.27,23.19,100,400,29356,-11644
695,CPRI,2020-11-04,0 days 15:59:18.236378,175687,23.27,23.2,190,400,-25059,29356
696,CPRI,2020-11-04,0 days 15:59:19.236944,171846,23.27,23.2,242,400,3841,-25059
697,CPRI,2020-11-04,0 days 15:59:21.237267,175687,23.27,23.23,306,200,-25059,35056
698,CPRI,2020-11-04,0 days 15:59:22.236751,171846,23.27,23.23,306,300,3841,-25059
699,CPRI,2020-11-04,0 days 15:59:37.237320,176762,23.25,23.21,300,753,-12391,4909
700,CPRI,2020-11-04,0 days 15:59:38.237622,174253,23.24,23.21,335,661,2509,-12391
701,CPRI,2020-11-04,0 days 15:59:46.236966,192862,23.25,23.21,300,200,-436,19809
702,CPRI,2020-11-04,0 days 15:59:48.238000,189698,23.23,23.17,100,100,3164,-436
703,CRM,2020-11-04,0 days 15:56:29.245616,448365,251.13,251.04,600,800,18,-390
704,CRM,2020-11-04,0 days 15:56:30.245003,448083,251.14,251.04,200,800,-282,18
705,CRM,2020-11-04,0 days 15:56:33.245716,447405,251.01,250.89,402,300,678,-282
706,CRM,2020-11-04,0 days 15:56:34.245865,443783,250.97,250.82,200,300,-3622,678
707,CRM,2020-11-04,0 days 15:58:57.247325,455796,250.74,250.66,200,300,498,-3748
708,CRM,2020-11-04,0 days 15:58:58.248176,452724,250.9,250.77,100,200,-7778,498
709,CRM,2020-11-04,0 days 15:59:18.246426,472276,250.96,250.78,139,560,4378,-13948
710,CRM,2020-11-04,0 days 15:59:19.246111,471054,250.96,250.78,239,600,-1222,4378
711,CRM,2020-11-04,0 days 15:59:29.247446,476072,251.09,250.94,300,700,2807,-5693
712,CRM,2020-11-04,0 days 15:59:44.249769,460673,250.77,250.66,100,500,4919,-88
713,CRM,2020-11-04,0 days 15:59:45.250333,464792,250.81,250.66,400,700,-587,4919
714,CRM,2020-11-04,0 days 15:59:48.250493,462008,250.69,250.61,100,200,4884,-188
715,CRM,2020-11-04,0 days 15:59:54.249230,464192,250.94,250.69,100,200,-2845,2561
716,CS,2020-11-04,0 days 15:59:21.238723,88391,10.12,10.11,58689,57319,-10839,2215
717,CS,2020-11-04,0 days 15:59:22.238174,87250,10.12,10.11,58689,58819,1141,-10839
718,CS,2020-11-04,0 days 15:59:40.239977,88391,10.12,10.11,54473,58919,-1459,1141
719,CS,2020-11-04,0 days 15:59:47.240396,87350,10.12,10.11,74151,8084,1535,-8765
720,CS,2020-11-04,0 days 15:59:48.241668,88885,10.12,10.11,82651,4784,-814,1535
721,CS,2020-11-04,0 days 15:59:49.241123,87499,10.12,10.11,82551,1684,1386,-814
722,CTVA,2020-11-04,0 days 15:55:00.232809,251756,32.72,32.71,300,1992,-329,47446
723,CTVA,2020-11-04,0 days 15:55:11.232484,252114,32.68,32.67,609,100,47,-320
724,CTVA,2020-11-04,0 days 15:59:02.240912,271475,32.73,32.71,100,400,-14360,47488
725,CTVA,2020-11-04,0 days 15:59:11.242227,285935,32.74,32.72,572,100,2599,-301
726,CTVA,2020-11-04,0 days 15:59:12.241353,290134,32.74,32.73,200,100,-3288,2599
727,CTVA,2020-11-04,0 days 15:59:18.238373,299522,32.8,32.76,100,200,5312,-9288
728,CTVA,2020-11-04,0 days 15:59:22.238341,299834,32.78,32.76,100,200,-640,312
729,CTVA,2020-11-04,0 days 15:59:26.238839,291774,32.74,32.71,400,200,8060,-940
730,CTVA,2020-11-04,0 days 15:59:27.238713,291334,32.73,32.72,400,200,-440,8060
731,CTVA,2020-11-04,0 days 15:59:29.239238,301614,32.75,32.73,127,300,43186,-4180
732,CTVA,2020-11-04,0 days 15:59:58.241065,341737,32.79,32.74,300,400,-3082,11233
733,CVA,2020-11-04,0 days 15:55:30.260500,57598,10.56,10.55,890,2785,258,-542
734,CVA,2020-11-04,0 days 15:59:24.265501,66268,10.59,10.58,100,1773,260,-640
735,CVA,2020-11-04,0 days 15:59:27.264621,66528,10.59,10.58,500,659,-637,260
736,CVA,2020-11-04,0 days 15:59:28.264731,66365,10.59,10.58,800,450,163,-637
737,CVE,2020-11-04,0 days 15:59:00.252262,25084,3.64,3.63,216996,223250,-738,332
738,CVE,2020-11-04,0 days 15:59:36.240202,25897,3.64,3.63,163279,185030,294,-506
739,CVE,2020-11-04,0 days 15:59:37.239596,25791,3.64,3.63,178179,171757,-106,294
740,CVS,2020-11-04,0 days 15:57:48.263194,589546,60.34,60.33,302,900,-407,693
741,CVS,2020-11-04,0 days 15:57:50.263727,586753,60.34,60.33,624,100,2793,-707
742,CVS,2020-11-04,0 days 15:58:00.266375,586557,60.36,60.35,821,200,-196,2193
743,CVS,2020-11-04,0 days 15:58:07.265056,561177,60.33,60.32,100,1100,4263,-837
744,CVS,2020-11-04,0 days 15:58:08.264687,560340,60.33,60.32,288,1000,-837,4263
745,CVS,2020-11-04,0 days 15:58:09.264802,561177,60.33,60.32,288,300,2663,-837
746,CVS,2020-11-04,0 days 15:58:10.264961,560340,60.32,60.31,880,300,-837,2663
747,CVS,2020-11-04,0 days 15:58:12.265254,561477,60.32,60.31,1115,100,2663,-1137
748,CVS,2020-11-04,0 days 15:58:13.265091,560640,60.32,60.31,788,100,-837,2663
749,CVS,2020-11-04,0 days 15:58:23.265444,561477,60.33,60.32,516,100,1163,-837
750,CVS,2020-11-04,0 days 15:58:25.265609,560867,60.33,60.32,500,100,-610,1790
751,CVS,2020-11-04,0 days 15:58:28.265867,565777,60.33,60.31,783,1128,190,-610
752,CVS,2020-11-04,0 days 15:58:30.265639,564767,60.33,60.31,1017,1328,-1010,1690
753,CVS,2020-11-04,0 days 15:58:48.266066,567107,60.32,60.3,628,900,7460,-710
754,CVS,2020-11-04,0 days 15:58:49.266452,566867,60.31,60.3,479,600,-240,7460
755,CVS,2020-11-04,0 days 15:59:06.267637,570364,60.34,60.32,600,700,587,-799
756,CVS,2020-11-04,0 days 15:59:07.268967,569651,60.34,60.32,500,684,-713,587
757,CVS,2020-11-04,0 days 15:59:08.270402,570364,60.32,60.3,400,400,5595,-713
758,CVS,2020-11-04,0 days 15:59:15.268516,662857,60.38,60.36,200,100,-128,1160
759,CVS,2020-11-04,0 days 15:59:17.264976,648884,60.41,60.39,100,300,3173,-12227
760,CVS,2020-11-04,0 days 15:59:25.264831,652057,60.41,60.4,200,200,-2711,2173
761,CVS,2020-11-04,0 days 15:59:26.264535,649693,60.42,60.4,300,400,1664,-2711
762,CVS,2020-11-04,0 days 15:59:30.268088,652057,60.41,60.4,289,100,-363,1664
763,CVS,2020-11-04,0 days 15:59:43.265581,663857,60.38,60.36,100,200,-564,2894
764,CVS,2020-11-04,0 days 15:59:48.268254,662907,60.35,60.33,100,100,950,-1164
765,CVX,2020-11-04,0 days 15:55:21.245733,671653,71.99,71.96,1060,200,3340,-6773
766,CVX,2020-11-04,0 days 15:55:25.246186,673966,72.01,71.98,313,100,-11423,927
767,CVX,2020-11-04,0 days 15:58:38.248981,750220,71.82,71.8,300,100,2356,-1044
768,CVX,2020-11-04,0 days 15:59:00.252272,762940,71.77,71.75,315,100,-2965,3842
769,CVX,2020-11-04,0 days 15:59:01.250928,759505,71.78,71.76,101,1800,3435,-2965
770,CVX,2020-11-04,0 days 15:59:06.250456,772247,71.74,71.71,814,100,-5729,763
771,CVX,2020-11-04,0 days 15:59:07.251470,771676,71.74,71.73,402,100,571,-5729
772,CVX,2020-11-04,0 days 15:59:15.240110,805110,71.78,71.74,132,300,181260,-4416
773,CVX,2020-11-04,0 days 15:59:24.239041,978227,71.83,71.78,100,100,3936,-14516
774,CVX,2020-11-04,0 days 15:59:30.242289,986970,71.75,71.72,100,608,-9026,1715
775,CVX,2020-11-04,0 days 15:59:31.239481,992296,71.73,71.71,551,300,2821,-9026
776,CVX,2020-11-04,0 days 15:59:32.239628,995117,71.73,71.71,300,500,-179,2821
777,CVX,2020-11-04,0 days 15:59:33.240381,995096,71.71,71.69,400,461,21,-179
778,CVX,2020-11-04,0 days 15:59:35.239602,986970,71.74,71.72,100,300,-8826,21
779,CVX,2020-11-04,0 days 15:59:41.239801,997915,71.74,71.72,400,100,123387,-138712
780,CVX,2020-11-04,0 days 15:59:47.240396,1130069,71.73,71.69,200,1300,-23588,1373
781,CVX,2020-11-04,0 days 15:59:48.241705,1126113,71.71,71.69,100,300,3956,-23588
782,CVX,2020-11-04,0 days 15:59:50.244445,1121922,71.73,71.69,243,937,-3969,4878
783,CVX,2020-11-04,0 days 15:59:55.241406,1125191,71.8,71.71,100,9223,4878,-4969
784,CVX,2020-11-04,0 days 15:59:56.241634,983119,71.8,71.73,100,9960,-145072,4878
785,CWH,2020-11-04,0 days 15:55:44.246654,29839,30.25,30.21,100,100,-88,118
786,CWH,2020-11-04,0 days 15:56:21.247344,30631,30.27,30.21,100,200,209,-191
787,CWH,2020-11-04,0 days 15:56:44.247690,31630,30.27,30.21,200,340,-238,193
788,CWH,2020-11-04,0 days 15:57:42.246558,31830,30.21,30.17,100,304,-138,62
789,CWH,2020-11-04,0 days 15:57:48.246477,32568,30.19,30.17,173,400,62,-238
790,CWH,2020-11-04,0 days 15:57:49.247404,32630,30.19,30.17,100,300,-138,62
791,CWH,2020-11-04,0 days 15:57:50.246306,32568,30.19,30.17,100,300,62,-138
792,CWH,2020-11-04,0 days 15:59:12.250383,34129,30.18,30.15,100,100,19,-236
793,CWH,2020-11-04,0 days 15:59:13.250536,34048,30.19,30.16,100,112,-81,19
794,CWH,2020-11-04,0 days 15:59:14.250628,34129,30.19,30.15,100,200,91,-81
795,CWH,2020-11-04,0 days 15:59:15.239905,34020,30.19,30.16,100,420,-109,91
796,CWH,2020-11-04,0 days 15:59:19.238514,35229,30.26,30.09,1300,800,378,-109
797,CWH,2020-11-04,0 days 15:59:31.239234,35607,30.2,30.17,300,200,-247,178
798,CWH,2020-11-04,0 days 15:59:32.239372,35454,30.2,30.17,400,200,153,-247
799,CX,2020-11-04,0 days 15:59:42.283640,841532,4.01,4.0,80421,57598,-1134,73866
800,CXO,2020-11-04,0 days 15:55:00.099116,399856,44.35,44.33,759,102,10790,-206239
801,CXO,2020-11-04,0 days 15:57:35.102539,413872,44.34,44.33,920,1298,-1872,2128
802,CXO,2020-11-04,0 days 15:57:36.102353,412544,44.34,44.33,820,1298,1328,-1872
803,CXO,2020-11-04,0 days 15:57:37.102691,413872,44.34,44.33,820,876,-1372,1328
804,CXO,2020-11-04,0 days 15:57:59.105100,413798,44.31,44.3,341,200,-50,20
805,CXO,2020-11-04,0 days 15:59:00.110533,414232,44.32,44.31,1240,106,-15716,2305
806,CXO,2020-11-04,0 days 15:59:04.107300,411488,44.27,44.26,500,400,4386,-8714
807,CXO,2020-11-04,0 days 15:59:08.106294,416497,44.26,44.24,100,500,-1691,509
808,CXO,2020-11-04,0 days 15:59:09.108419,416088,44.26,44.24,300,600,409,-1691
809,CXO,2020-11-04,0 days 15:59:42.102500,442021,44.23,44.21,143,568,-827,4373
810,CXO,2020-11-04,0 days 15:59:45.104216,442848,44.21,44.18,542,400,412,-727
811,CXO,2020-11-04,0 days 15:59:51.102159,413101,44.17,44.14,443,100,21401,-7641
812,CXO,2020-11-04,0 days 15:59:53.102399,434502,44.21,44.18,3100,600,-6699,21401
813,D,2020-11-04,0 days 15:55:00.232320,291076,83.16,83.14,300,315,-1567,8320
814,D,2020-11-04,0 days 15:55:06.232125,292643,83.09,83.05,626,400,4339,-1567
815,D,2020-11-04,0 days 15:55:07.231557,291082,83.09,83.05,680,200,-1561,4339
816,D,2020-11-04,0 days 15:59:20.238959,511025,82.95,82.9,844,100,515,-2423
817,D,2020-11-04,0 days 15:59:24.238620,507688,82.95,82.9,480,100,-3522,9678
818,D,2020-11-04,0 days 15:59:35.239175,513715,82.95,82.91,800,100,-4929,3042
819,D,2020-11-04,0 days 15:59:36.240100,518644,82.92,82.86,558,649,4171,-4929
820,D,2020-11-04,0 days 15:59:38.239041,522815,82.92,82.86,400,650,-5567,4171
821,D,2020-11-04,0 days 15:59:43.239143,525382,82.86,82.78,100,650,42833,-4567
822,D,2020-11-04,0 days 15:59:44.240240,522915,82.85,82.8,200,950,-2467,42833
823,D,2020-11-04,0 days 15:59:47.237391,525382,82.77,82.73,600,300,696,-1336
824,D,2020-11-04,0 days 15:59:51.239946,524269,82.75,82.67,200,1200,-1113,2075
825,D,2020-11-04,0 days 15:59:52.238061,528412,82.73,82.7,100,750,257,-1113
826,D,2020-11-04,0 days 15:59:53.238544,524019,82.8,82.72,500,300,-1363,257
827,D,2020-11-04,0 days 15:59:56.239333,528412,82.79,82.7,400,300,257,-8663
828,D,2020-11-04,0 days 15:59:57.239731,523719,82.79,82.7,200,300,-1663,257
829,D,2020-11-04,0 days 15:59:58.240904,525688,82.77,82.7,600,300,2981,-1663
830,D,2020-11-04,0 days 16:00:00.240649,515588,82.87,82.67,200,600,-9794,2981
831,DB,2020-11-04,0 days 15:59:39.265597,54683,9.92,9.91,9754,70287,8024,-76
832,DB,2020-11-04,0 days 15:59:40.266454,56707,9.93,9.92,68250,42479,-8075,8024
833,DB,2020-11-04,0 days 15:59:46.266404,64722,9.93,9.92,100309,13603,155,-515
834,DB,2020-11-04,0 days 15:59:48.268609,64177,9.93,9.92,98469,5202,-545,155
835,DBI,2020-11-04,0 days 15:55:00.245926,111253,5.3,5.29,2940,3982,-2953,59787
836,DBI,2020-11-04,0 days 15:55:01.244761,110806,5.3,5.29,3040,4282,447,-2953
837,DD,2020-11-04,0 days 15:55:00.239810,226463,58.33,58.31,422,504,-3980,4358
838,DD,2020-11-04,0 days 15:55:41.240536,234616,58.19,58.16,325,409,520,-5344
839,DD,2020-11-04,0 days 15:55:42.240743,232336,58.19,58.17,325,129,-2280,520
840,DD,2020-11-04,0 days 15:57:21.242013,243109,58.14,58.12,200,702,3601,-2099
841,DD,2020-11-04,0 days 15:59:16.243831,302606,58.18,58.13,500,430,-4640,1665
842,DD,2020-11-04,0 days 15:59:17.243294,300746,58.18,58.13,300,100,1860,-4640
843,DD,2020-11-04,0 days 15:59:34.244347,311017,58.15,58.11,130,630,-12068,15776
844,DD,2020-11-04,0 days 15:59:35.243277,308985,58.16,58.13,200,200,1932,-12068
845,DD,2020-11-04,0 days 15:59:53.244945,320382,58.18,58.1,100,300,-5371,7673
846,DDD,2020-11-04,0 days 15:59:20.242358,91193,5.9,5.89,2059,6588,-800,5017
847,DDD,2020-11-04,0 days 15:59:21.242109,101393,5.9,5.89,1759,6751,2627,-800
848,DDD,2020-11-04,0 days 15:59:22.242134,103720,5.91,5.9,2441,4754,-773,2627
849,DDD,2020-11-04,0 days 15:59:32.243286,101902,5.91,5.9,3644,2187,1818,-1582
850,DFS,2020-11-04,0 days 15:55:41.246787,158224,68.03,68.0,100,200,202,-1921
851,DFS,2020-11-04,0 days 15:55:42.246920,156526,68.06,68.0,1400,400,-1698,202
852,DFS,2020-11-04,0 days 15:58:18.248463,163907,67.98,67.95,411,300,940,-2460
853,DFS,2020-11-04,0 days 15:58:19.248269,161747,67.98,67.96,326,158,-3661,940
854,DFS,2020-11-04,0 days 15:58:37.249123,166108,67.99,67.96,100,300,3439,-1161
855,DFS,2020-11-04,0 days 15:58:38.248957,163947,68.0,67.96,794,761,-1461,3439
856,DFS,2020-11-04,0 days 15:59:00.252191,168792,67.98,67.94,320,1243,-1642,1014
857,DFS,2020-11-04,0 days 15:59:06.250378,168366,67.98,67.94,835,588,426,-2372
858,DFS,2020-11-04,0 days 15:59:08.252116,166592,67.97,67.94,300,654,-1774,726
859,DFS,2020-11-04,0 days 15:59:11.251649,175185,68.0,67.96,1031,662,11212,-6693
860,DFS,2020-11-04,0 days 15:59:12.250544,173779,68.0,67.97,125,847,-1406,11212
861,DFS,2020-11-04,0 days 15:59:30.242113,184038,68.05,67.98,800,400,898,-1995
862,DFS,2020-11-04,0 days 15:59:37.239575,179642,67.98,67.91,715,200,2894,-506
863,DFS,2020-11-04,0 days 15:59:38.239439,178836,67.97,67.9,500,300,-806,2894
864,DFS,2020-11-04,0 days 15:59:43.239485,179642,67.92,67.87,400,400,694,-806
865,DHF,2020-11-04,0 days 15:57:08.245431,300,2.79,2.78,18164,31638,1600,-100
866,DHF,2020-11-04,0 days 15:59:36.240169,2000,2.79,2.78,19032,15972,-1060,1540
867,DHF,2020-11-04,0 days 15:59:37.239556,1860,2.79,2.78,19032,15812,140,-1060
868,DIS,2020-11-04,0 days 15:59:15.268698,746346,125.04,125.03,209,340,34195,-134493
869,DIS,2020-11-04,0 days 15:59:35.265228,776429,125.14,125.08,200,650,-6565,1612
870,DIS,2020-11-04,0 days 15:59:36.266727,775694,125.11,125.06,1100,900,735,-6565
871,DIS,2020-11-04,0 days 15:59:46.266197,778345,125.04,125.01,600,300,957,-3262
872,DIS,2020-11-04,0 days 15:59:53.260975,778898,125.13,125.06,300,400,-11224,1246
873,DIS,2020-11-04,0 days 15:59:57.254006,790122,125.11,125.06,300,200,2872,-7735
874,DOW,2020-11-04,0 days 15:55:00.232216,328372,46.49,46.46,1100,100,1706,-19845
875,DOW,2020-11-04,0 days 15:55:01.231275,327794,46.46,46.43,493,200,-478,1706
876,DOW,2020-11-04,0 days 15:55:06.232076,328272,46.46,46.45,100,507,12088,-449
877,DOW,2020-11-04,0 days 15:55:07.231493,327760,46.46,46.44,402,307,-512,12088
878,DOW,2020-11-04,0 days 15:55:26.233237,328399,46.4,46.39,600,500,5,-420
879,DOW,2020-11-04,0 days 15:55:27.233798,328215,46.4,46.39,400,1100,-184,5
880,DOW,2020-11-04,0 days 15:55:29.234360,328499,46.39,46.38,573,1000,496,-284
881,DOW,2020-11-04,0 days 15:56:17.233942,332968,46.41,46.4,100,900,-120,35
882,DOW,2020-11-04,0 days 15:56:29.234353,333268,46.36,46.34,714,643,-80,520
883,DOW,2020-11-04,0 days 15:56:58.237352,333203,46.39,46.37,831,217,-867,233
884,DOW,2020-11-04,0 days 15:56:59.236658,333070,46.39,46.37,200,910,133,-867
885,DOW,2020-11-04,0 days 15:57:07.234789,334103,46.39,46.37,200,733,-160,133
886,DOW,2020-11-04,0 days 15:57:16.236272,334263,46.37,46.36,200,100,940,-160
887,DOW,2020-11-04,0 days 15:57:17.235890,333203,46.39,46.37,1165,300,-1060,940
888,DOW,2020-11-04,0 days 15:57:20.236918,332770,46.38,46.36,1308,852,433,-160
889,DOW,2020-11-04,0 days 15:57:33.236972,340660,46.37,46.36,300,315,-1185,308
890,DOW,2020-11-04,0 days 15:57:34.236906,340045,46.37,46.36,1315,100,615,-1185
891,DOW,2020-11-04,0 days 15:57:35.236893,340660,46.37,46.36,1415,100,-1285,615
892,DOW,2020-11-04,0 days 15:57:56.237439,342780,46.39,46.38,107,1043,980,-120
893,DOW,2020-11-04,0 days 15:57:57.237586,340660,46.4,46.38,700,1501,-1420,980
894,DOW,2020-11-04,0 days 15:57:58.237684,342780,46.39,46.38,1379,400,80,-1420
895,DOW,2020-11-04,0 days 15:57:59.237756,340660,46.4,46.39,107,301,-2120,80
896,DOW,2020-11-04,0 days 15:58:00.239140,342780,46.4,46.38,308,1407,2780,-2120
897,DOW,2020-11-04,0 days 15:58:04.238549,343562,46.38,46.37,100,300,2998,-102
898,DOW,2020-11-04,0 days 15:58:05.239170,343260,46.38,46.37,1000,300,-302,2998
899,DOW,2020-11-04,0 days 15:58:06.239032,339762,46.37,46.35,931,1552,3798,-302
900,DOW,2020-11-04,0 days 15:58:08.237620,341760,46.37,46.35,431,1452,-802,2098
901,DOW,2020-11-04,0 days 15:58:09.238563,339762,46.36,46.35,1000,962,2398,-802
902,DOW,2020-11-04,0 days 15:58:13.238334,341760,46.36,46.35,300,200,-2802,198
903,DOW,2020-11-04,0 days 15:58:14.238742,341304,46.37,46.35,1131,450,456,-2802
904,DOW,2020-11-04,0 days 15:58:15.239910,341760,46.35,46.34,200,300,-2944,456
905,DOW,2020-11-04,0 days 15:58:16.238738,341704,46.36,46.34,500,406,56,-2944
906,DOW,2020-11-04,0 days 15:58:19.238769,341760,46.37,46.35,378,200,-290,56
907,DOW,2020-11-04,0 days 15:58:21.239255,342050,46.37,46.35,100,300,1810,-290
908,DOW,2020-11-04,0 days 15:58:22.238736,341760,46.37,46.35,200,300,-1090,1810
909,DOW,2020-11-04,0 days 15:59:11.241995,366474,46.42,46.38,2600,109,86784,-2331
910,DOW,2020-11-04,0 days 15:59:16.238163,450058,46.46,46.43,1000,500,-6216,5634
911,DOW,2020-11-04,0 days 15:59:17.238265,444874,46.46,46.43,1100,100,5184,-6216
912,DOW,2020-11-04,0 days 15:59:45.241060,474837,46.43,46.4,200,100,-3817,1442
913,DOW,2020-11-04,0 days 15:59:46.237364,479908,46.42,46.4,300,100,41189,-3817
914,DT,2020-11-04,0 days 15:58:24.115871,90051,36.42,36.39,219,100,-628,772
915,DT,2020-11-04,0 days 15:58:25.116539,87607,36.42,36.38,619,200,2344,-628
916,DT,2020-11-04,0 days 15:58:33.116154,89172,36.43,36.4,500,100,779,-621
917,DT,2020-11-04,0 days 15:59:00.120958,96751,36.2,35.91,295,100,-1401,1293
918,DT,2020-11-04,0 days 15:59:11.117663,95704,36.13,35.97,595,100,-1048,2466
919,DT,2020-11-04,0 days 15:59:37.111594,101504,36.33,36.3,100,310,-378,622
920,DUK,2020-11-04,0 days 15:59:42.112211,489377,93.75,93.68,600,100,89,-5822
921,DUK,2020-11-04,0 days 15:59:43.112515,469499,93.82,93.74,100,685,-19878,89
922,DUK,2020-11-04,0 days 15:59:48.115510,485388,93.69,93.66,210,200,-3989,2711
923,DUK,2020-11-04,0 days 15:59:59.112558,489377,93.66,93.54,200,189,2397,-7100
924,DVN,2020-11-04,0 days 15:55:00.233185,430090,9.83,9.82,10300,21520,-2735,10337
925,DVN,2020-11-04,0 days 15:55:13.233711,430282,9.82,9.81,21118,12791,-2543,118
926,DVN,2020-11-04,0 days 15:56:24.234430,435616,9.84,9.83,19851,11903,4299,-2135
927,DVN,2020-11-04,0 days 15:56:25.234505,434015,9.84,9.83,19851,12244,-1601,4299
928,DVN,2020-11-04,0 days 15:57:10.235726,438316,9.84,9.83,19712,15922,11999,-11901
929,DVN,2020-11-04,0 days 15:57:11.236076,437015,9.84,9.83,17812,16412,-1301,11999
930,DVN,2020-11-04,0 days 15:57:35.237080,450116,9.84,9.83,16160,14828,6699,-13101
931,DVN,2020-11-04,0 days 15:57:36.236959,447815,9.84,9.83,17160,15628,-1201,6699
932,DVN,2020-11-04,0 days 15:57:44.237063,461716,9.84,9.83,18160,14692,1999,-4801
933,DVN,2020-11-04,0 days 15:57:47.237217,461815,9.84,9.83,16492,14692,-2401,99
934,DVN,2020-11-04,0 days 15:58:11.238692,467416,9.84,9.83,24544,13485,5208,-4792
935,DVN,2020-11-04,0 days 15:58:12.239146,459224,9.84,9.83,19790,14085,-8192,5208
936,DVN,2020-11-04,0 days 15:59:01.241166,494944,9.83,9.82,17267,14283,27848,-2602
937,DVN,2020-11-04,0 days 15:59:02.240923,490892,9.83,9.82,16430,14383,-4052,27848
938,DVN,2020-11-04,0 days 15:59:06.241241,490957,9.82,9.81,27715,12504,-3169,9531
939,DVN,2020-11-04,0 days 15:59:28.238983,494549,9.81,9.8,20900,13638,-1920,1380
940,DXC,2020-11-04,0 days 15:56:19.240041,152174,19.1,19.09,1255,899,-1246,4454
941,DXC,2020-11-04,0 days 15:56:20.240498,151220,19.1,19.09,1255,1104,954,-1246
942,DXC,2020-11-04,0 days 15:57:17.241549,156214,19.08,19.07,700,420,-198,894
943,DXC,2020-11-04,0 days 15:57:18.242153,155112,19.08,19.07,900,180,1094,-198
944,DXC,2020-11-04,0 days 15:57:47.242231,156214,19.08,19.07,739,995,-2898,1502
945,DXC,2020-11-04,0 days 15:57:48.242439,155312,19.08,19.07,939,732,4694,-2898
946,DXC,2020-11-04,0 days 15:58:07.243935,162099,19.08,19.07,1000,401,-1775,1517
947,DXC,2020-11-04,0 days 15:58:08.244073,160774,19.08,19.07,1162,401,1217,-1775
948,DXC,2020-11-04,0 days 15:58:16.244006,162099,19.08,19.07,803,430,-375,1517
949,DXC,2020-11-04,0 days 15:58:17.244280,160774,19.08,19.07,703,430,1217,-375
950,DXC,2020-11-04,0 days 15:58:20.244034,162099,19.09,19.07,1321,701,-1861,331
951,DXC,2020-11-04,0 days 15:58:21.244930,160860,19.09,19.08,1320,100,1131,-1861
952,DXC,2020-11-04,0 days 15:59:53.244959,169083,19.09,19.08,400,300,-3185,325
953,EAF,2020-11-04,0 days 15:55:00.232968,86840,6.26,6.25,1933,3364,106675,-59731
954,EAF,2020-11-04,0 days 15:55:09.232231,150398,6.26,6.25,1962,2260,-442,12697
955,EAF,2020-11-04,0 days 15:55:24.233007,150840,6.24,6.23,600,3850,358,-442
956,EAF,2020-11-04,0 days 15:55:55.234650,152811,6.23,6.22,1829,4380,-1382,5068
957,EAF,2020-11-04,0 days 15:55:56.234168,149223,6.23,6.22,1829,4580,3588,-1382
958,EAF,2020-11-04,0 days 15:59:39.239507,166286,6.21,6.2,400,5661,-4192,2508
959,EAF,2020-11-04,0 days 15:59:40.240084,168578,6.21,6.2,400,4861,1208,-4192
960,EGO,2020-11-04,0 days 15:55:36.247466,136200,12.79,12.78,3690,4432,942,-2258
961,EGO,2020-11-04,0 days 15:57:23.249201,149314,12.82,12.81,5664,2884,-893,2929
962,EGO,2020-11-04,0 days 15:57:51.249676,148519,12.82,12.81,3964,5300,816,-84
963,EGO,2020-11-04,0 days 15:57:58.250011,149335,12.82,12.81,1464,7570,-2384,816
964,EGO,2020-11-04,0 days 15:57:59.249966,148519,12.82,12.81,2064,7300,816,-2384
965,EGO,2020-11-04,0 days 15:59:39.240535,151998,12.82,12.81,1343,10000,-1242,258
966,ELAN,2020-11-04,0 days 15:57:04.278485,124614,31.71,31.67,200,100,-167,533
967,ELAN,2020-11-04,0 days 15:57:35.279530,119571,31.71,31.66,508,803,5043,-957
968,ELAN,2020-11-04,0 days 15:57:38.279432,124614,31.71,31.68,200,1025,-157,1043
969,ELAN,2020-11-04,0 days 15:57:40.280167,120171,31.71,31.69,152,100,4443,-157
970,ELAN,2020-11-04,0 days 15:57:52.279937,124614,31.71,31.68,300,783,-2257,1243
971,ELAN,2020-11-04,0 days 15:57:53.280073,120971,31.71,31.68,400,783,3643,-2257
972,ELAN,2020-11-04,0 days 15:58:01.280779,122837,31.76,31.72,500,360,-134,3008
973,ELAN,2020-11-04,0 days 15:58:03.280751,118156,31.76,31.72,508,560,4681,-134
974,ELAN,2020-11-04,0 days 15:58:34.282135,123837,31.76,31.74,500,300,-178,2522
975,ELAN,2020-11-04,0 days 15:59:19.282353,143654,31.7,31.65,200,300,-658,2042
976,ELAN,2020-11-04,0 days 15:59:20.282520,144312,31.7,31.65,200,100,32,-658
977,ELAN,2020-11-04,0 days 15:59:32.283373,145144,31.72,31.6,800,1000,-859,2541
978,ELAN,2020-11-04,0 days 15:59:33.283990,142503,31.69,31.57,500,1000,2641,-859
979,ELAN,2020-11-04,0 days 15:59:39.283512,145144,31.67,31.57,400,1000,-13459,3341
980,ELAN,2020-11-04,0 days 15:59:40.285282,143203,31.67,31.57,400,1000,1941,-13459
981,ELY,2020-11-04,0 days 15:59:42.248525,153038,16.64,16.63,400,2261,-6817,4083
982,EMR,2020-11-04,0 days 15:59:28.243468,496299,68.21,68.16,100,102,3371,-2729
983,EMR,2020-11-04,0 days 15:59:29.242965,491170,68.2,68.18,400,300,-5129,3371
984,EMR,2020-11-04,0 days 15:59:30.246220,496355,68.19,68.18,299,320,615,-5129
985,EMR,2020-11-04,0 days 15:59:36.244139,485570,68.18,68.13,600,102,-9585,382
986,EMR,2020-11-04,0 days 15:59:41.243948,485970,68.17,68.13,100,600,-9185,7006
987,EMR,2020-11-04,0 days 15:59:42.243932,493764,68.17,68.13,100,700,6806,-9185
988,EMR,2020-11-04,0 days 15:59:43.243126,486270,68.17,68.13,100,560,-8885,6806
989,EMR,2020-11-04,0 days 15:59:44.245472,493764,68.16,68.13,100,400,8582,-8885
990,EMR,2020-11-04,0 days 15:59:45.245479,484998,68.17,68.13,100,240,-10157,8582
991,ENB,2020-11-04,0 days 15:55:11.114924,44178,27.88,27.87,5400,2087,-1060,1889
992,ENB,2020-11-04,0 days 15:58:47.116880,61674,27.88,27.86,10507,10126,-6344,1156
993,ENB,2020-11-04,0 days 15:58:48.116651,58089,27.87,27.86,4822,10426,2085,-6344
994,ENB,2020-11-04,0 days 15:59:19.110782,60501,27.88,27.87,5261,4593,186,-2014
995,ENB,2020-11-04,0 days 15:59:34.111388,63749,27.88,27.87,1700,5897,838,-362
996,ENB,2020-11-04,0 days 15:59:35.112014,63487,27.88,27.87,1500,4697,-262,838
997,ENLC,2020-11-04,0 days 15:59:50.269854,85643,2.61,2.6,12446,9048,4095,-405
998,EOG,2020-11-04,0 days 15:59:20.109899,698280,36.13,36.11,300,400,61691,-102926
999,EOG,2020-11-04,0 days 15:59:21.109827,689469,36.19,36.16,200,305,-14511,61691
1000,EOG,2020-11-04,0 days 15:59:31.112329,719867,36.15,36.12,410,100,5195,-34905
1001,EOG,2020-11-04,0 days 15:59:32.113875,711862,36.15,36.12,200,100,-8005,5195
1002,EOG,2020-11-04,0 days 15:59:40.112703,719857,36.13,36.1,100,100,1105,-7795
1003,EOG,2020-11-04,0 days 15:59:47.112677,717011,36.1,36.05,1100,200,-3068,13832
1004,EOG,2020-11-04,0 days 15:59:48.115289,718718,36.04,36.02,698,602,31610,-3068
1005,EOG,2020-11-04,0 days 15:59:57.115579,719169,36.07,36.03,600,599,483,-35531
1006,EPD,2020-11-04,0 days 15:58:00.251709,69349,16.67,16.66,10534,5800,-1097,2303
1007,EPD,2020-11-04,0 days 15:58:10.251047,70446,16.64,16.63,9283,2100,3,-597
1008,EPD,2020-11-04,0 days 15:59:01.253469,75949,16.64,16.63,6279,3532,-1686,86
1009,EPD,2020-11-04,0 days 15:59:08.255165,76471,16.62,16.61,2800,5433,1151,-349
1010,EQH,2020-11-04,0 days 15:57:23.261924,131683,22.28,22.26,1029,300,-1371,2000
1011,EQH,2020-11-04,0 days 15:57:24.261787,129454,22.27,22.26,300,203,2229,-1371
1012,EQH,2020-11-04,0 days 15:57:29.262481,131683,22.28,22.26,704,1026,-1871,1829
1013,EQH,2020-11-04,0 days 15:57:30.262681,129854,22.27,22.26,600,440,1829,-1871
1014,EQH,2020-11-04,0 days 15:58:02.265624,137454,22.28,22.26,1042,1160,2598,-602
1015,EQH,2020-11-04,0 days 15:58:52.266502,145252,22.24,22.22,1000,303,-3201,3466
1016,EQH,2020-11-04,0 days 15:58:53.266407,144153,22.25,22.23,1908,200,1099,-3201
1017,EQH,2020-11-04,0 days 15:59:06.267665,145782,22.26,22.25,100,415,-8438,1378
1018,EQH,2020-11-04,0 days 15:59:16.265066,165682,22.27,22.26,300,700,-1483,10617
1019,EQH,2020-11-04,0 days 15:59:23.264859,164882,22.26,22.24,500,200,-1183,11717
1020,EQH,2020-11-04,0 days 15:59:39.265459,175745,22.28,22.26,683,700,4883,-1823
1021,EQH,2020-11-04,0 days 15:59:48.268254,173728,22.26,22.25,700,300,-1227,4273
1022,EQNR,2020-11-04,0 days 15:56:24.247703,18755,13.32,13.31,2383,34805,-953,29
1023,EQNR,2020-11-04,0 days 15:57:57.245408,23965,13.32,13.31,9049,20888,11390,-6110
1024,EQNR,2020-11-04,0 days 15:57:58.245775,17855,13.32,13.31,9049,20888,-6110,11390
1025,EQNR,2020-11-04,0 days 15:59:21.246579,23795,13.29,13.28,3473,22258,3939,-3240
1026,EQNR,2020-11-04,0 days 15:59:36.249466,27734,13.29,13.28,20076,20420,-3261,3939
1027,EQNR,2020-11-04,0 days 15:59:37.248608,27495,13.29,13.28,20076,20220,239,-3261
1028,EQR,2020-11-04,0 days 15:55:00.239030,414086,50.84,50.83,384,225,7209,-61992
1029,EQR,2020-11-04,0 days 15:56:05.240220,431827,50.82,50.8,501,200,-744,6456
1030,EQR,2020-11-04,0 days 15:56:06.240647,426468,50.81,50.8,597,200,5359,-744
1031,EQR,2020-11-04,0 days 15:57:34.242836,431827,50.79,50.77,400,100,-12,3588
1032,EQR,2020-11-04,0 days 15:58:04.244038,430530,50.83,50.81,319,681,-2010,1441
1033,EQR,2020-11-04,0 days 15:58:05.244212,425689,50.81,50.8,500,652,5041,-2010
1034,EQR,2020-11-04,0 days 15:58:11.244134,430730,50.8,50.79,100,400,-859,1941
1035,EQR,2020-11-04,0 days 15:58:12.244123,428789,50.8,50.79,200,400,1941,-859
1036,EQR,2020-11-04,0 days 15:58:28.245872,430530,50.85,50.83,400,342,-3007,1293
1037,EQR,2020-11-04,0 days 15:58:29.244964,429888,50.85,50.83,400,300,642,-3007
1038,EQR,2020-11-04,0 days 15:59:00.247870,430558,50.84,50.81,600,695,968,-28
1039,EQR,2020-11-04,0 days 15:59:13.246528,430275,50.81,50.79,200,300,-3816,398
1040,EQR,2020-11-04,0 days 15:59:15.243965,434091,50.82,50.8,200,100,15523,-3816
1041,EQT,2020-11-04,0 days 15:57:41.263089,302235,14.26,14.25,2633,1740,-2514,386
1042,EQT,2020-11-04,0 days 15:57:42.264017,295749,14.26,14.25,2963,669,6486,-2514
1043,EQT,2020-11-04,0 days 15:59:09.268158,312915,14.21,14.2,513,2170,-8487,6253
1044,EQT,2020-11-04,0 days 15:59:10.269317,308558,14.21,14.2,213,2070,4357,-8487
1045,EQT,2020-11-04,0 days 15:59:43.265710,317211,14.21,14.2,3414,300,-1609,641
1046,EQT,2020-11-04,0 days 15:59:44.267180,316320,14.21,14.2,3414,200,891,-1609
1047,EQT,2020-11-04,0 days 15:59:46.266197,317211,14.21,14.2,3354,478,-4960,891
1048,EQT,2020-11-04,0 days 15:59:47.266932,316671,14.21,14.2,3654,444,540,-4960
1049,EQT,2020-11-04,0 days 15:59:48.268528,319114,14.21,14.19,3654,400,-243,540
1050,ERJ,2020-11-04,0 days 15:57:36.236916,455916,4.35,4.34,7871,18017,-11776,2326
1051,ESGC,2020-11-04,0 days 15:56:39.277628,29297,2.07,2.06,2449,7929,1601,-726
1052,ESGC,2020-11-04,0 days 15:56:40.277736,28798,2.07,2.06,2334,7929,-499,1601
1053,ET,2020-11-04,0 days 15:59:56.240952,183810,5.37,5.34,800,1900,-5763,8437
1054,ETN,2020-11-04,0 days 15:58:51.266906,217720,105.89,105.84,642,800,-3826,2374
1055,ETN,2020-11-04,0 days 15:59:06.267700,221795,105.91,105.84,300,100,457,-4143
1056,ETN,2020-11-04,0 days 15:59:08.270402,220699,105.93,105.84,200,200,-1096,457
1057,ETN,2020-11-04,0 days 15:59:31.266043,225067,106.02,105.96,100,400,137,-1063
1058,ETN,2020-11-04,0 days 15:59:33.266506,224258,105.98,105.89,400,1017,-287,613
1059,ETN,2020-11-04,0 days 15:59:41.266284,223045,105.97,105.89,350,1201,1813,-287
1060,ETN,2020-11-04,0 days 15:59:43.265581,220958,105.97,105.89,950,840,-4587,713
1061,ETN,2020-11-04,0 days 15:59:45.268655,223574,105.91,105.8,400,200,3184,-587
1062,ETN,2020-11-04,0 days 15:59:53.260770,222258,105.95,105.83,100,500,-1729,1303
1063,ETRN,2020-11-04,0 days 15:55:57.099535,172320,7.09,7.08,3494,8145,15097,-1703
1064,ETRN,2020-11-04,0 days 15:56:15.098406,187480,7.09,7.08,3468,7337,-2155,4317
1065,ETRN,2020-11-04,0 days 15:56:16.098266,181235,7.09,7.08,3468,7537,6245,-2155
1066,ETRN,2020-11-04,0 days 15:59:10.105356,204577,7.09,7.08,10600,3660,-16275,4570
1067,ETRN,2020-11-04,0 days 15:59:11.104732,201452,7.09,7.08,10700,3160,3125,-16275
1068,ETRN,2020-11-04,0 days 15:59:33.103006,212891,7.08,7.07,5409,2763,-4119,3581
1069,ETRN,2020-11-04,0 days 15:59:34.101736,209910,7.08,7.07,5409,4224,2981,-4119
1070,ETRN,2020-11-04,0 days 15:59:48.101550,203823,7.09,7.08,3100,1900,1654,-5746
1071,EVRI,2020-11-04,0 days 15:57:08.261360,56913,9.48,9.47,1180,2666,411,-289
1072,EVRI,2020-11-04,0 days 15:58:02.265797,55696,9.48,9.47,2228,2350,-1617,11
1073,EVRI,2020-11-04,0 days 15:59:36.266772,58242,9.48,9.47,2813,377,-277,523
1074,EVRI,2020-11-04,0 days 15:59:37.265527,58119,9.48,9.47,2813,477,123,-277
1075,EW,2020-11-04,0 days 15:59:15.283826,332680,76.01,75.99,111,340,64449,-10218
1076,EW,2020-11-04,0 days 15:59:16.282026,335329,76.11,76.02,200,406,-7984,64449
1077,EW,2020-11-04,0 days 15:59:18.282286,335477,76.1,75.99,191,700,7152,-684
1078,EW,2020-11-04,0 days 15:59:19.282467,335629,76.07,75.99,100,800,-4048,7152
1079,EW,2020-11-04,0 days 15:59:29.282969,355044,76.12,76.03,100,295,2879,-1921
1080,EW,2020-11-04,0 days 15:59:31.283908,358657,76.09,76.03,100,595,-1384,5349
1081,EW,2020-11-04,0 days 15:59:36.283939,357908,76.01,75.97,300,300,1049,-751
1082,EW,2020-11-04,0 days 15:59:40.285390,355908,76.0,75.96,100,221,1749,-851
1083,EW,2020-11-04,0 days 15:59:42.283872,351457,76.0,75.96,100,100,-6451,3183
1084,EW,2020-11-04,0 days 15:59:44.284128,353108,75.98,75.93,100,200,5883,-851
1085,EW,2020-11-04,0 days 15:59:45.285801,350957,76.0,75.91,3081,100,-12539,5883
1086,EW,2020-11-04,0 days 15:59:46.284969,360696,75.98,75.9,400,600,3724,-12539
1087,EW,2020-11-04,0 days 15:59:47.284391,358186,75.99,75.92,197,106,-7816,3724
1088,EXPR,2020-11-04,0 days 15:58:45.116136,30433,0.59,0.58,1496,106614,-10183,2610
1089,F,2020-11-04,0 days 15:59:36.102896,2390155,7.65,7.64,242032,194339,63480,-75520
1090,F,2020-11-04,0 days 15:59:46.103185,2386135,7.64,7.63,156913,305860,-3714,5786
1091,FBP,2020-11-04,0 days 15:55:00.276436,114726,6.81,6.8,2914,4210,1862,-17016
1092,FBP,2020-11-04,0 days 15:58:00.281321,128640,6.81,6.8,3623,2643,-2537,3272
1093,FBP,2020-11-04,0 days 15:58:01.280866,125877,6.81,6.8,3823,2112,2763,-2537
1094,FBP,2020-11-04,0 days 15:59:09.284325,130834,6.81,6.8,5640,1817,-6386,3685
1095,FBP,2020-11-04,0 days 15:59:10.284626,128510,6.81,6.8,5100,268,2324,-6386
1096,FCAU,2020-11-04,0 days 15:55:55.117041,29282,12.97,12.96,19600,19937,2504,-276
1097,FCAU,2020-11-04,0 days 15:55:56.116728,19786,12.97,12.96,18900,19937,-9496,2504
1098,FCAU,2020-11-04,0 days 15:59:20.110005,28710,12.93,12.92,7083,16167,986,-1103
1099,FCAU,2020-11-04,0 days 15:59:36.112364,30433,12.93,12.92,9297,17573,-829,1071
1100,FCAU,2020-11-04,0 days 15:59:37.111636,30362,12.93,12.92,9997,17563,71,-829
1101,FCX,2020-11-04,0 days 15:59:30.246289,1092755,18.01,18.0,11196,6630,-10678,5620
1102,FCX,2020-11-04,0 days 15:59:43.243190,1093307,17.99,17.98,7396,11729,3005,-7575
1103,FCX,2020-11-04,0 days 15:59:45.245586,1104562,17.99,17.98,8215,12694,-1025,855
1104,FCX,2020-11-04,0 days 15:59:46.244242,1073370,17.99,17.98,6569,13410,31492,-1025
1105,FCX,2020-11-04,0 days 15:59:53.244734,1107162,18.02,18.01,922,10279,-48125,4543
1106,FDX,2020-11-04,0 days 15:55:55.277448,134695,269.34,269.14,100,100,594,-25
1107,FDX,2020-11-04,0 days 15:55:56.277004,131936,269.35,269.15,207,200,-2759,594
1108,FDX,2020-11-04,0 days 15:59:08.285285,140274,269.37,269.19,300,303,14716,-3275
1109,FDX,2020-11-04,0 days 15:59:09.284216,139866,269.44,269.33,100,210,-408,14716
1110,FDX,2020-11-04,0 days 15:59:11.284471,140274,269.33,269.2,100,100,3008,-408
1111,FDX,2020-11-04,0 days 15:59:21.282508,143705,269.76,269.58,100,500,-778,257
1112,FDX,2020-11-04,0 days 15:59:22.282743,144483,269.76,269.58,100,1142,224,-778
1113,FDX,2020-11-04,0 days 15:59:23.283376,144381,269.82,269.59,500,764,-102,224
1114,FDX,2020-11-04,0 days 15:59:29.282872,141720,269.62,269.38,107,200,3145,-416
1115,FE,2020-11-04,0 days 15:59:32.239920,438155,29.09,29.08,600,1990,-5215,7679
1116,FE,2020-11-04,0 days 15:59:46.237502,442075,29.08,29.07,1400,303,-2086,28005
1117,FHN,2020-11-04,0 days 15:55:00.238712,1175701,10.42,10.41,7710,12241,522335,-148217
1118,FHN,2020-11-04,0 days 15:59:20.243211,1709815,10.37,10.36,20322,9401,-32707,156954
1119,FIS,2020-11-04,0 days 15:59:29.112268,339947,132.95,132.86,100,100,1411,-4489
1120,FIS,2020-11-04,0 days 15:59:34.111320,337880,132.84,132.78,150,382,-1974,1452
1121,FIS,2020-11-04,0 days 15:59:43.112390,339854,132.81,132.72,650,200,1765,-909
1122,FIS,2020-11-04,0 days 15:59:46.112304,335643,132.83,132.72,400,100,-1011,2689
1123,FIT,2020-11-04,0 days 15:59:49.101611,1857272,6.97,6.96,33632,13062,20706,-14342
1124,FIT,2020-11-04,0 days 15:59:50.104031,1686147,6.97,6.96,33232,10515,-171125,20706
1125,FNB,2020-11-04,0 days 15:59:05.252940,246797,7.25,7.24,7578,29062,-1517,3499
1126,FNB,2020-11-04,0 days 15:59:30.242319,269809,7.25,7.24,12695,28776,4241,-2770
1127,FNB,2020-11-04,0 days 15:59:31.240179,267350,7.25,7.24,12695,31375,-2059,4241
1128,FNB,2020-11-04,0 days 15:59:38.239833,249892,7.24,7.23,16497,15046,-760,16940
1129,FSLY,2020-11-04,0 days 15:55:00.276270,66746,71.27,71.24,241,100,-503,20338
1130,FSLY,2020-11-04,0 days 15:55:01.275229,65649,71.25,71.22,300,408,1097,-503
1131,FSLY,2020-11-04,0 days 15:55:39.276889,66646,71.29,71.26,100,400,-78,75
1132,FSLY,2020-11-04,0 days 15:55:40.276974,66324,71.27,71.25,100,200,322,-78
1133,FSLY,2020-11-04,0 days 15:56:09.277610,66116,71.36,71.32,300,500,544,-756
1134,FSLY,2020-11-04,0 days 15:56:40.277893,67010,71.21,71.17,251,325,-522,78
1135,FSLY,2020-11-04,0 days 15:56:41.277876,66432,71.21,71.17,100,203,578,-522
1136,FSLY,2020-11-04,0 days 15:56:59.279605,67010,71.29,71.24,200,700,-422,178
1137,FSLY,2020-11-04,0 days 15:57:00.278909,65932,71.22,71.2,200,200,1078,-422
1138,FSLY,2020-11-04,0 days 15:57:27.279190,71210,71.25,71.19,105,400,-122,278
1139,FSLY,2020-11-04,0 days 15:57:28.279264,70532,71.24,71.19,450,500,678,-122
1140,FSLY,2020-11-04,0 days 15:59:13.283882,74699,71.15,71.09,200,204,-5592,750
1141,FSLY,2020-11-04,0 days 15:59:24.282267,81283,71.01,70.85,700,212,380,-1020
1142,FSLY,2020-11-04,0 days 15:59:26.282314,80263,71.01,70.94,100,101,-1220,180
1143,FSLY,2020-11-04,0 days 15:59:28.282561,80883,70.99,70.91,800,200,318,-920
1144,FSLY,2020-11-04,0 days 15:59:30.285436,82601,70.99,70.93,500,111,-1979,118
1145,FSLY,2020-11-04,0 days 15:59:41.284003,83487,71.04,70.86,700,100,414,-286
1146,FSLY,2020-11-04,0 days 15:59:44.284038,85777,70.99,70.84,300,900,-510,2690
1147,FSM,2020-11-04,0 days 15:59:47.245131,25943,6.8,6.79,20020,14100,499,-1401
1148,FSR,2020-11-04,0 days 15:56:42.250084,7124,10.99,10.95,1100,340,782,-218
1149,FSR,2020-11-04,0 days 15:56:43.248059,6806,10.99,10.95,1500,340,-318,782
1150,FSR,2020-11-04,0 days 15:57:27.249408,7124,10.97,10.95,3387,100,682,-218
1151,FSR,2020-11-04,0 days 15:57:28.249070,6806,10.97,10.95,3387,100,-318,682
1152,FSR,2020-11-04,0 days 15:59:10.253891,8697,10.96,10.95,1189,780,109,-191
1153,FSR,2020-11-04,0 days 15:59:11.253840,8506,10.96,10.95,1189,780,-191,109
1154,FSR,2020-11-04,0 days 15:59:40.239874,16714,10.96,10.95,2089,300,3892,-808
1155,FSR,2020-11-04,0 days 15:59:41.239009,16106,10.96,10.95,2089,300,-608,3892
1156,FTCH,2020-11-04,0 days 15:56:21.248441,120623,35.05,35.03,300,566,-35,4165
1157,FTCH,2020-11-04,0 days 15:56:22.248364,116958,35.05,35.03,300,379,3665,-35
1158,FTCH,2020-11-04,0 days 15:57:41.249328,123376,35.06,35.04,200,182,-497,10472
1159,FTCH,2020-11-04,0 days 15:57:42.249651,120173,35.06,35.04,200,182,3203,-497
1160,FTI,2020-11-04,0 days 15:59:15.268516,309767,6.03,6.02,46221,18950,-12736,10002
1161,FTI,2020-11-04,0 days 15:59:24.265345,322503,6.03,6.02,42145,21200,464,-936
1162,FTI,2020-11-04,0 days 15:59:25.264831,321567,6.03,6.02,43317,23550,-936,464
1163,FUBO,2020-11-04,0 days 15:56:24.240206,5921,14.38,14.37,100,310,-251,138
1164,FUBO,2020-11-04,0 days 15:56:25.240270,5772,14.38,14.37,100,300,149,-251
1165,FUBO,2020-11-04,0 days 15:56:34.240754,5921,14.49,14.4,100,200,-51,149
1166,FUBO,2020-11-04,0 days 15:56:40.240919,5872,14.49,14.4,100,200,49,-51
1167,FUBO,2020-11-04,0 days 15:57:12.241758,5921,14.5,14.39,100,100,-1421,49
1168,FUBO,2020-11-04,0 days 15:59:03.246498,14125,14.44,14.36,100,200,5673,-7227
1169,FUBO,2020-11-04,0 days 15:59:04.247733,13598,14.44,14.36,100,200,-527,5673
1170,FUBO,2020-11-04,0 days 15:59:30.246587,13566,14.38,14.25,400,200,27,-493
1171,FUBO,2020-11-04,0 days 15:59:40.243741,11393,14.45,14.25,1200,200,-2173,27
1172,G,2020-11-04,0 days 15:55:00.098852,54363,37.49,37.48,1119,200,13449,-11951
1173,G,2020-11-04,0 days 15:55:51.098111,67822,37.45,37.43,410,500,-1462,2838
1174,G,2020-11-04,0 days 15:55:52.099160,65384,37.44,37.42,828,376,2438,-1462
1175,G,2020-11-04,0 days 15:56:45.100332,71009,37.53,37.49,307,709,-608,600
1176,G,2020-11-04,0 days 15:56:46.100338,68617,37.53,37.49,307,709,2392,-608
1177,G,2020-11-04,0 days 15:56:51.100683,68204,37.53,37.5,400,300,-213,2492
1178,G,2020-11-04,0 days 15:56:52.100518,66017,37.53,37.5,300,400,692,-213
1179,G,2020-11-04,0 days 15:58:52.105344,67461,37.55,37.53,300,400,-1913,2187
1180,G,2020-11-04,0 days 15:58:53.105010,65674,37.55,37.53,300,400,1787,-1913
1181,G,2020-11-04,0 days 15:59:12.106483,66789,37.54,37.53,100,164,-2549,147
1182,G,2020-11-04,0 days 15:59:13.106321,66513,37.54,37.53,200,172,276,-2549
1183,GE,2020-11-04,0 days 15:55:06.244960,3734721,7.85,7.84,153066,87896,13197,-21356
1184,GE,2020-11-04,0 days 15:55:07.244145,3717448,7.85,7.84,157363,88120,-17273,13197
1185,GE,2020-11-04,0 days 15:55:15.245159,3707048,7.84,7.83,93469,197937,-14896,12404
1186,GE,2020-11-04,0 days 15:55:27.246382,3721944,7.84,7.83,130987,174863,3454,-13946
1187,GE,2020-11-04,0 days 15:55:28.246779,3708834,7.84,7.83,122679,185012,-13110,3454
1188,GE,2020-11-04,0 days 15:59:15.240048,4408654,7.85,7.84,67872,208188,114217,-264829
1189,GE,2020-11-04,0 days 15:59:30.242113,4408654,7.86,7.85,168520,77706,104840,-9549
1190,GFI,2020-11-04,0 days 15:57:53.242481,218761,11.35,11.34,13642,14417,-1398,3502
1191,GFI,2020-11-04,0 days 15:57:54.242912,217259,11.35,11.34,13642,13808,1502,-1398
1192,GFI,2020-11-04,0 days 15:58:12.244135,218006,11.35,11.34,23952,7802,1655,-445
1193,GFI,2020-11-04,0 days 15:58:14.244001,219661,11.35,11.33,35863,8696,-1145,1655
1194,GFI,2020-11-04,0 days 15:58:16.243998,218006,11.35,11.34,33061,2500,1655,-645
1195,GFI,2020-11-04,0 days 15:58:22.243737,219661,11.35,11.34,25953,5400,-2600,1655
1196,GFI,2020-11-04,0 days 15:58:23.243737,218361,11.35,11.34,24353,5800,1300,-2600
1197,GFI,2020-11-04,0 days 15:58:30.245153,219661,11.35,11.34,13375,10510,-600,1655
1198,GFI,2020-11-04,0 days 15:58:31.244909,218361,11.35,11.34,13375,10510,1300,-600
1199,GFI,2020-11-04,0 days 15:59:01.246844,220158,11.35,11.34,17201,4400,-844,6759
1200,GFI,2020-11-04,0 days 15:59:02.246440,219402,11.35,11.34,22583,300,756,-844
1201,GFI,2020-11-04,0 days 15:59:09.247212,219873,11.34,11.33,24733,5236,-162,71
1202,GFI,2020-11-04,0 days 15:59:26.243403,220610,11.34,11.33,3149,14552,939,-461
1203,GGB,2020-11-04,0 days 15:59:36.283966,57101,3.9,3.89,138633,127156,16781,-19819
1204,GGB,2020-11-04,0 days 15:59:37.283472,56082,3.9,3.89,125183,127156,-1019,16781
1205,GGB,2020-11-04,0 days 15:59:46.285101,57101,3.9,3.89,125255,128141,1892,-1019
1206,GGB,2020-11-04,0 days 15:59:47.284422,56193,3.9,3.89,113755,128141,-908,1892
1207,GIS,2020-11-04,0 days 15:59:43.248825,280744,60.46,60.45,200,500,22501,-258
1208,GLW,2020-11-04,0 days 15:55:41.234213,307775,33.61,33.6,900,1372,1658,-4613
1209,GLW,2020-11-04,0 days 15:55:42.233997,299333,33.61,33.6,500,1772,-8442,1658
1210,GLW,2020-11-04,0 days 15:59:09.241320,326531,33.6,33.59,600,1600,31845,-1510
1211,GLW,2020-11-04,0 days 15:59:10.241487,322876,33.6,33.59,1051,1300,-3655,31845
1212,GLW,2020-11-04,0 days 15:59:11.242108,318859,33.59,33.58,100,3076,4690,-3655
1213,GLW,2020-11-04,0 days 15:59:30.241987,330986,33.61,33.6,1600,1061,257,-3398
1214,GLW,2020-11-04,0 days 15:59:40.240048,319316,33.58,33.57,900,818,-817,1783
1215,GLW,2020-11-04,0 days 15:59:46.237597,322587,33.56,33.55,1600,310,6267,-898
1216,GLW,2020-11-04,0 days 15:59:47.237452,322054,33.56,33.55,1705,228,-533,6267
1217,GM,2020-11-04,0 days 15:55:40.240637,549344,35.24,35.23,3300,3258,3773,-10259
1218,GM,2020-11-04,0 days 15:55:41.240362,536117,35.24,35.23,2600,3623,-13227,3773
1219,GM,2020-11-04,0 days 15:58:54.245876,556025,35.18,35.17,3900,2400,-11683,5217
1220,GM,2020-11-04,0 days 15:59:15.243811,582944,35.22,35.2,700,5911,70834,-6311
1221,GM,2020-11-04,0 days 15:59:25.242937,623981,35.28,35.27,1532,2900,-331,9284
1222,GM,2020-11-04,0 days 15:59:30.246248,623388,35.27,35.26,3871,3306,-271,12376
1223,GME,2020-11-04,0 days 15:56:05.260495,99050,10.89,10.88,500,2400,1199,-1
1224,GME,2020-11-04,0 days 15:58:01.265921,84716,10.91,10.9,100,2800,-13146,673
1225,GME,2020-11-04,0 days 15:58:02.265624,106307,10.91,10.9,400,1717,1309,-13146
1226,GNW,2020-11-04,0 days 15:59:09.268158,372434,4.1,4.08,10400,30863,-4433,21663
1227,GNW,2020-11-04,0 days 15:59:10.269317,365867,4.09,4.08,7877,17240,6567,-4433
1228,GOLD,2020-11-04,0 days 15:58:47.267291,198176,27.4,27.39,25644,8039,-3619,5381
1229,GOLD,2020-11-04,0 days 15:58:48.266181,193727,27.4,27.39,25944,8529,4449,-3619
1230,GOLD,2020-11-04,0 days 15:59:24.265662,196635,27.43,27.42,18831,7164,-2011,1489
1231,GOLD,2020-11-04,0 days 15:59:25.264943,193646,27.43,27.42,20631,6926,2989,-2011
1232,GOLD,2020-11-04,0 days 15:59:28.264796,196635,27.44,27.43,27331,9468,-15052,1543
1233,GOLD,2020-11-04,0 days 15:59:29.264998,195520,27.44,27.43,27831,5568,1115,-15052
1234,GPK,2020-11-04,0 days 15:59:09.249051,128080,13.81,13.8,6357,2506,-15162,2635
1235,GPK,2020-11-04,0 days 15:59:10.249481,127342,13.81,13.8,6457,1506,738,-15162
1236,GPK,2020-11-04,0 days 15:59:24.249184,128080,13.81,13.8,1863,10107,-317,298
1237,GPK,2020-11-04,0 days 15:59:25.247426,127697,13.81,13.8,3663,7025,383,-317
1238,GPN,2020-11-04,0 days 15:59:09.251279,151628,171.12,170.98,100,265,12137,-300
1239,GPN,2020-11-04,0 days 15:59:10.251668,148740,171.2,171.1,300,775,-2888,12137
1240,GPN,2020-11-04,0 days 15:59:30.242305,153850,171.27,171.06,850,300,1084,-1419
1241,GPN,2020-11-04,0 days 15:59:48.241726,155569,171.11,170.9,750,500,-1510,1277
1242,GPS,2020-11-04,0 days 15:56:21.100164,162600,20.93,20.92,958,5023,1481,-2435
