,Symbol,Timestamp,TIME,iPaired,Ask_P,Bid_P,Ask_S,Bid_S,iShares,PreviShares
0,A,2020-03-11,0 days 15:56:03.358239,336325,68.8,68.71,200,500,-2353,2714
1,A,2020-03-11,0 days 15:56:04.335089,327678,68.81,68.75,400,200,8647,-2353
2,ABC,2020-03-11,0 days 15:55:00.176533,178184,85.11,85.05,100,203,-4650,35678
3,ABC,2020-03-11,0 days 15:55:50.295001,185840,85.19,85.17,100,10,227,-4556
4,ABEV,2020-03-11,0 days 15:55:00.081045,179694,2.88,2.87,56386,135735,151104,-19525
5,ACM,2020-03-11,0 days 15:55:00.177163,116301,36.44,36.43,400,200,985,-14268
6,ACM,2020-03-11,0 days 15:55:01.177297,114886,36.44,36.43,400,200,-1415,985
7,ADM,2020-03-11,0 days 15:55:07.170095,299215,35.07,35.06,400,495,10935,-3265
8,ADM,2020-03-11,0 days 15:55:08.174938,297750,35.08,35.07,283,500,-1465,10935
9,ADNT,2020-03-11,0 days 15:55:00.291724,102838,16.29,16.27,290,2240,970,-30479
10,ADNT,2020-03-11,0 days 15:55:43.397424,104463,16.31,16.3,100,307,45,-155
11,ADNT,2020-03-11,0 days 15:55:44.400066,104308,16.31,16.3,100,307,-155,45
12,AGI,2020-03-11,0 days 15:55:00.177225,47770,5.51,5.5,2940,48888,594,-26948
13,AGI,2020-03-11,0 days 15:55:01.177327,45864,5.51,5.5,1754,67688,-1906,594
14,ALK,2020-03-11,0 days 15:55:01.177264,121455,45.75,45.72,22,300,520,-880
15,ALK,2020-03-11,0 days 15:55:30.248456,121975,45.8,45.79,220,98,-1658,342
16,ALLY,2020-03-11,0 days 15:55:00.560973,373032,20.7,20.69,1405,1792,-7024,49360
17,AME,2020-03-11,0 days 15:56:07.246548,163448,77.52,77.48,100,300,75,-425
18,AME,2020-03-11,0 days 15:56:11.254918,157371,77.47,77.42,7,352,-5277,623
19,ANF,2020-03-11,0 days 15:56:15.739675,231549,10.88,10.87,3258,4427,302,-398
20,ANF,2020-03-11,0 days 15:56:16.741772,228551,10.88,10.87,3211,3927,-2998,302
21,ANTM,2020-03-11,0 days 15:55:01.085065,222269,282.84,282.49,200,104,1905,-5095
22,ANTM,2020-03-11,0 days 15:55:15.120884,223820,283.32,283.05,100,100,-1046,542
23,ANTM,2020-03-11,0 days 15:55:16.121547,222166,283.29,283.06,100,100,1654,-1046
24,AON,2020-03-11,0 days 15:55:09.583823,165225,185.08,184.84,202,75,1685,-315
25,AON,2020-03-11,0 days 15:55:10.589536,165110,185.08,185.02,102,117,-115,1685
26,AON,2020-03-11,0 days 15:55:32.633507,165425,185.0,184.81,491,113,885,-115
27,AON,2020-03-11,0 days 15:55:33.638633,165410,184.88,184.81,375,113,-15,885
28,AON,2020-03-11,0 days 15:55:37.646044,165425,185.02,184.81,75,113,285,-15
29,APY,2020-03-11,0 days 15:55:00.084043,54659,8.14,8.13,4385,700,28953,-723
30,ATH,2020-03-11,0 days 15:56:30.337843,183703,31.12,31.1,350,449,-3939,250
31,ATH,2020-03-11,0 days 15:56:31.340566,180242,31.11,31.1,100,249,3461,-3939
32,ATI,2020-03-11,0 days 15:50:01.841716,97449,11.55,11.54,100,700,-839,74322
33,ATI,2020-03-11,0 days 15:52:22.177221,97249,11.62,11.61,125,500,-1039,74122
34,AVTR,2020-03-11,0 days 15:56:11.254805,90095,12.95,12.94,500,1700,-29920,37015
35,AVTR,2020-03-11,0 days 15:56:14.260842,87315,12.95,12.94,600,400,2780,-29920
36,AXL,2020-03-11,0 days 15:56:11.351166,117089,4.91,4.9,4862,4760,3841,-969
37,AXP,2020-03-11,0 days 15:56:04.330140,698462,95.47,95.41,900,400,-22611,8523
38,AXP,2020-03-11,0 days 15:56:05.332250,691073,95.46,95.42,200,200,7389,-22611
39,BA,2020-03-11,0 days 15:50:08.856916,374156,192.19,192.0,203,3550,6602,-37580
40,BA,2020-03-11,0 days 15:50:09.859743,380758,192.18,191.91,200,2,-37380,6602
41,BA,2020-03-11,0 days 15:50:27.901651,374156,191.4,191.2,92,100,9938,-34044
42,BA,2020-03-11,0 days 15:50:28.905142,384194,191.35,191.12,100,100,-33944,9938
43,BA,2020-03-11,0 days 15:50:30.908046,374156,191.32,191.13,300,500,10138,-32962
44,BA,2020-03-11,0 days 15:50:32.926272,383476,191.36,191.18,400,20,-34662,10038
45,BA,2020-03-11,0 days 15:50:37.924704,374156,191.36,191.35,44,165,9420,-34962
46,BA,2020-03-11,0 days 15:50:39.930013,383176,191.79,191.35,440,402,-34962,9420
47,BA,2020-03-11,0 days 15:50:44.941756,374156,191.79,191.41,1168,410,9020,-34962
48,BA,2020-03-11,0 days 15:50:48.951175,383276,191.46,191.25,525,101,-34862,8820
49,BA,2020-03-11,0 days 15:50:54.968161,373975,191.26,191.01,40,200,11520,-32062
50,BA,2020-03-11,0 days 15:50:56.970594,385495,191.08,190.9,43,100,-32462,11520
51,BA,2020-03-11,0 days 15:51:02.989663,373903,190.61,190.5,36,100,13912,-30990
52,BA,2020-03-11,0 days 15:51:03.987219,388515,190.55,190.35,122,174,-29370,13912
53,BA,2020-03-11,0 days 15:51:06.996925,373903,190.65,190.51,100,100,14212,-29770
54,BA,2020-03-11,0 days 15:51:08.000934,388115,190.65,190.44,100,100,-29770,14212
55,BA,2020-03-11,0 days 15:51:14.013651,373903,190.6,190.46,424,100,14212,-29770
56,BA,2020-03-11,0 days 15:51:15.013319,387715,190.61,190.42,100,100,-30170,14212
57,BA,2020-03-11,0 days 15:51:28.044974,373975,191.2,190.98,100,200,11520,-32262
58,BA,2020-03-11,0 days 15:51:29.056146,385695,191.2,191.08,50,10,-32262,11520
59,BA,2020-03-11,0 days 15:51:33.057172,385895,190.98,190.83,200,100,-32062,11420
60,BA,2020-03-11,0 days 15:51:43.083383,373975,191.08,190.95,300,110,11720,-32262
61,BA,2020-03-11,0 days 15:51:44.083664,385695,191.08,190.95,300,110,-32262,11720
62,BA,2020-03-11,0 days 15:51:50.098175,385495,191.27,190.8,521,100,-32462,11020
63,BA,2020-03-11,0 days 15:52:00.126411,388515,190.48,190.34,60,21,-29370,14612
64,BA,2020-03-11,0 days 15:52:03.133253,373903,190.4,190.23,200,248,15412,-27270
65,BA,2020-03-11,0 days 15:52:04.131034,388715,190.49,190.24,106,209,-29170,15412
66,BA,2020-03-11,0 days 15:52:08.141105,373903,190.46,190.36,200,100,14612,-29070
67,BA,2020-03-11,0 days 15:52:09.144196,388515,190.4,190.29,52,200,-29370,14612
68,BA,2020-03-11,0 days 15:52:15.161172,373903,190.37,190.19,52,100,15512,-29070
69,BA,2020-03-11,0 days 15:52:16.159977,388315,190.52,190.34,100,100,-29570,15512
70,BA,2020-03-11,0 days 15:52:17.165811,373903,190.55,190.43,5,100,14212,-29570
71,BA,2020-03-11,0 days 15:52:18.164456,387715,190.55,190.43,800,17,-30170,14212
72,BA,2020-03-11,0 days 15:52:23.177483,373903,190.17,190.16,29,116,15712,-29070
73,BA,2020-03-11,0 days 15:52:26.184284,389315,190.29,190.2,56,15,-28570,15712
74,BA,2020-03-11,0 days 15:52:28.188584,373903,190.48,190.35,400,110,14912,-27470
75,BA,2020-03-11,0 days 15:52:31.198452,387715,190.62,190.51,300,22,-30170,14112
76,BA,2020-03-11,0 days 15:52:35.205975,373903,190.66,190.53,1,179,13912,-30170
77,BA,2020-03-11,0 days 15:52:37.210195,387195,190.67,190.54,45,100,-30690,13912
78,BA,2020-03-11,0 days 15:52:39.215615,373903,190.73,190.67,386,100,12992,-30690
79,BA,2020-03-11,0 days 15:52:40.217686,387195,190.78,190.67,462,97,-30690,12992
80,BA,2020-03-11,0 days 15:52:42.223572,373903,190.93,190.8,296,100,12492,-30690
81,BA,2020-03-11,0 days 15:52:43.225031,386395,190.93,190.71,334,388,-31490,12492
82,BA,2020-03-11,0 days 15:52:55.253113,373903,190.96,190.8,100,200,12492,-31490
83,BA,2020-03-11,0 days 15:52:57.258339,385495,191.0,190.82,5200,100,-32462,12492
84,BA,2020-03-11,0 days 15:52:58.260337,373975,191.22,191.04,100,300,11420,-32462
85,BA,2020-03-11,0 days 15:53:03.272835,383894,191.24,191.11,2,200,-34244,11320
86,BA,2020-03-11,0 days 15:53:20.313007,374156,191.51,191.33,200,203,9320,-36162
87,BA,2020-03-11,0 days 15:53:21.316294,383576,191.41,191.27,300,800,-34562,9320
88,BA,2020-03-11,0 days 15:53:32.346707,386595,190.86,190.7,100,4,-31290,12392
89,BA,2020-03-11,0 days 15:53:35.349076,373903,190.72,190.64,14,100,13392,-31290
90,BA,2020-03-11,0 days 15:53:37.354355,387515,190.75,190.57,500,350,-30370,13392
91,BA,2020-03-11,0 days 15:53:51.388528,373975,191.26,191.06,100,125,11420,-30370
92,BA,2020-03-11,0 days 15:53:52.393290,385495,191.1,190.92,52,100,-32462,11420
93,BA,2020-03-11,0 days 15:53:53.436895,373975,191.25,191.08,700,100,11520,-32462
94,BA,2020-03-11,0 days 15:53:54.401422,385695,191.11,190.79,200,200,-32262,11520
95,BA,2020-03-11,0 days 15:54:01.411409,373975,191.41,191.11,203,305,10820,-32962
96,BA,2020-03-11,0 days 15:54:12.439436,373975,190.95,190.84,100,100,12220,-32062
97,BA,2020-03-11,0 days 15:54:14.443058,386195,190.93,190.84,301,80,-31690,12220
98,BA,2020-03-11,0 days 15:54:17.456630,386895,190.88,190.62,232,26,-30990,12792
99,BA,2020-03-11,0 days 15:54:26.473868,373903,190.65,190.51,85,200,13912,-29870
100,BA,2020-03-11,0 days 15:54:27.481864,386895,190.88,190.64,310,100,-30990,13912
101,BA,2020-03-11,0 days 15:54:39.503705,373903,190.35,190.2,400,300,15512,-29370
102,BA,2020-03-11,0 days 15:54:41.509371,389415,190.34,190.13,550,23,-27470,15512
103,BA,2020-03-11,0 days 15:54:50.530749,373903,190.61,190.4,600,326,14412,-29470
104,BA,2020-03-11,0 days 15:54:51.542955,388415,190.46,190.33,52,100,-29470,14412
105,BA,2020-03-11,0 days 15:54:53.537675,373903,190.5,190.41,100,207,14412,-29370
106,BA,2020-03-11,0 days 15:54:54.541858,386695,190.75,190.45,900,100,-31190,14412
107,BA,2020-03-11,0 days 15:54:56.545391,373903,190.87,190.75,6,100,12692,-31290
108,BA,2020-03-11,0 days 15:54:57.554910,386695,190.86,190.62,170,100,-31190,12692
109,BABA,2020-03-11,0 days 15:55:00.176858,630968,198.49,198.47,300,200,15598,-22811
110,BABA,2020-03-11,0 days 15:55:01.177057,627580,198.6,198.55,30,926,-3388,15598
111,BABA,2020-03-11,0 days 15:55:43.284320,656201,198.72,198.69,100,340,2145,-20000
112,BABA,2020-03-11,0 days 15:55:44.282773,655346,198.73,198.72,200,200,-855,2145
113,BABA,2020-03-11,0 days 15:55:45.283644,653201,198.7,198.69,300,40,2145,-855
114,BABA,2020-03-11,0 days 15:55:56.309793,655346,198.77,198.73,205,4,-7995,2145
115,BABA,2020-03-11,0 days 15:55:57.313967,654141,198.75,198.71,340,5,1212,-7995
116,BABA,2020-03-11,0 days 15:56:06.333437,655219,198.79,198.77,100,200,604,-962
117,BABA,2020-03-11,0 days 15:56:25.379449,655059,198.72,198.69,3518,40,1332,-1668
118,BABA,2020-03-11,0 days 15:56:32.396178,656391,198.75,198.71,210,200,-1468,4032
119,BABA,2020-03-11,0 days 15:56:33.398380,655159,198.74,198.7,400,450,1232,-1468
120,BAM,2020-03-11,0 days 15:56:30.397109,23084,53.97,53.96,200,200,356,-356
121,BAM,2020-03-11,0 days 15:56:31.399356,21840,53.97,53.95,1000,300,-1244,356
122,BB,2020-03-11,0 days 15:55:45.192797,272581,4.18,4.17,37146,69002,-822,609
123,BBL,2020-03-11,0 days 15:55:00.080847,170326,28.8,28.79,1000,1600,11916,-37915
124,BCS,2020-03-11,0 days 15:55:00.176568,87908,5.87,5.86,57544,67232,611,-27257
125,BCS,2020-03-11,0 days 15:55:01.176848,84519,5.87,5.86,56253,72932,-3389,611
126,BE,2020-03-11,0 days 15:50:03.466290,59570,7.64,7.62,768,654,-17668,21778
127,BEN,2020-03-11,0 days 15:56:13.736390,317874,18.76,18.75,1296,1600,-1163,664
128,BEN,2020-03-11,0 days 15:56:14.736260,317737,18.76,18.75,1970,298,137,-1163
129,BEN,2020-03-11,0 days 15:56:32.777869,315251,18.76,18.75,503,1900,-2220,103
130,BERY,2020-03-11,0 days 15:54:15.041367,20733,30.71,30.7,1923,103,1819,-23434
131,BERY,2020-03-11,0 days 15:54:30.095563,22552,30.69,30.68,148,1400,-23434,1819
132,BERY,2020-03-11,0 days 15:54:35.089328,20733,30.68,30.66,707,717,1819,-23334
133,BERY,2020-03-11,0 days 15:55:02.159940,21938,30.67,30.66,200,200,1542,-23885
134,BERY,2020-03-11,0 days 15:55:07.170107,23480,30.67,30.63,400,2300,-23977,1542
135,BERY,2020-03-11,0 days 15:55:08.174938,21938,30.67,30.65,410,2900,1542,-23977
136,BHC,2020-03-11,0 days 15:55:00.177402,48410,18.41,18.4,200,2000,145,-1884
137,BIG,2020-03-11,0 days 15:56:20.367781,79043,16.76,16.75,100,1200,-675,1025
138,BIG,2020-03-11,0 days 15:56:21.370811,77818,16.76,16.75,100,1300,1225,-675
139,BJ,2020-03-11,0 days 15:55:00.291617,130205,21.79,21.75,916,1000,1566,-40931
140,BJ,2020-03-11,0 days 15:55:01.294109,129871,21.79,21.75,1320,1302,-334,1566
141,BJ,2020-03-11,0 days 15:56:03.446303,130348,21.79,21.78,504,813,386,-151
142,BJ,2020-03-11,0 days 15:56:04.448621,130234,21.79,21.78,504,814,-2071,386
143,BLL,2020-03-11,0 days 15:55:39.180645,251016,69.96,69.93,300,31,-3917,3283
144,BLL,2020-03-11,0 days 15:56:04.242598,252327,70.0,69.93,400,31,-3174,3294
145,BNS,2020-03-11,0 days 15:55:00.177388,29243,42.63,42.62,5885,400,-358,7755
146,BNS,2020-03-11,0 days 15:55:01.177351,28701,42.62,42.61,701,2000,542,-358
147,BRO,2020-03-11,0 days 15:55:00.080908,131831,41.67,41.65,600,500,2632,-47797
148,BRO,2020-03-11,0 days 15:55:01.084845,130963,41.67,41.65,400,1080,-868,2632
149,BSX,2020-03-11,0 days 15:55:00.081836,1231269,34.0,33.99,2087,2366,-39732,52296
150,BUD,2020-03-11,0 days 15:55:02.180433,31050,49.29,49.25,762,371,-181,919
151,BUD,2020-03-11,0 days 15:55:03.181392,30872,49.27,49.25,100,1371,178,-181
152,BUD,2020-03-11,0 days 15:55:13.206044,31050,49.29,49.27,2,1300,-6022,178
153,BX,2020-03-11,0 days 15:55:00.084191,290197,47.29,47.27,11,300,-30684,110553
154,CAT,2020-03-11,0 days 15:55:00.084075,420779,101.2,101.06,100,215,1463,-58492
155,CAT,2020-03-11,0 days 15:55:01.087872,414942,101.14,101.04,221,400,-5837,1463
156,CB,2020-03-11,0 days 15:55:40.652512,282881,131.54,131.47,200,100,-988,216
157,CB,2020-03-11,0 days 15:55:41.657502,281069,131.66,131.5,100,300,1812,-988
158,CCK,2020-03-11,0 days 15:55:51.247702,134312,61.58,61.56,1,520,-707,893
159,CCK,2020-03-11,0 days 15:55:52.248415,133519,61.57,61.54,100,100,2393,-707
160,CF,2020-03-11,0 days 15:55:00.080984,226311,28.35,28.33,200,510,-30185,17849
161,CFG,2020-03-11,0 days 15:50:07.381554,447716,23.28,23.27,600,113,-5396,38476
162,CFG,2020-03-11,0 days 15:50:28.431783,448716,23.19,23.16,610,462,-4396,38976
163,CFG,2020-03-11,0 days 15:50:45.472014,448216,23.2,23.18,511,600,-4896,39476
164,CFG,2020-03-11,0 days 15:50:46.474338,409240,23.21,23.2,703,300,38976,-4896
165,CFG,2020-03-11,0 days 15:50:48.479400,448216,23.21,23.19,715,1013,-4896,38676
166,CFG,2020-03-11,0 days 15:50:52.489918,448216,23.19,23.18,115,813,-4896,38976
167,CFG,2020-03-11,0 days 15:51:01.511911,409240,23.15,23.14,708,900,40876,-2996
168,CFG,2020-03-11,0 days 15:51:52.632490,449416,23.17,23.15,916,311,-3696,40876
169,CFG,2020-03-11,0 days 15:52:12.680480,409240,23.18,23.17,1514,300,39476,-3696
170,CFG,2020-03-11,0 days 15:52:21.702049,448716,23.18,23.16,2410,1693,-4396,39476
171,CFG,2020-03-11,0 days 15:54:17.981680,409240,23.32,23.31,561,400,38476,-5396
172,CFG,2020-03-11,0 days 15:54:32.014504,409240,23.34,23.32,955,400,38476,-5396
173,CFG,2020-03-11,0 days 15:54:37.027789,409240,23.32,23.31,400,314,38476,-5396
174,CFG,2020-03-11,0 days 15:54:57.070995,447716,23.34,23.32,418,400,-5396,38476
175,CIM,2020-03-11,0 days 15:55:00.083761,97223,18.35,18.34,2757,411,-2490,11478
176,CIM,2020-03-11,0 days 15:55:01.087758,96613,18.34,18.33,606,3500,610,-2490
177,CIT,2020-03-11,0 days 15:50:39.525808,70859,23.47,23.44,1,700,-15436,20393
178,CIT,2020-03-11,0 days 15:50:58.571987,50466,23.49,23.47,100,200,20393,-15436
179,CIT,2020-03-11,0 days 15:51:34.658251,50466,23.51,23.48,223,310,20393,-15436
180,CIT,2020-03-11,0 days 15:51:40.672760,70859,23.52,23.49,200,300,-15436,20393
181,CIT,2020-03-11,0 days 15:51:46.688361,50466,23.51,23.49,300,100,20393,-15436
182,CIT,2020-03-11,0 days 15:52:56.854644,50466,23.64,23.62,5,500,20393,-15836
183,CIT,2020-03-11,0 days 15:53:51.986303,50466,23.78,23.72,500,500,19993,-15836
184,CIT,2020-03-11,0 days 15:53:52.988549,69893,23.81,23.76,100,800,-17102,19993
185,CIT,2020-03-11,0 days 15:54:18.049173,70459,23.76,23.7,472,300,-16436,19427
186,CIT,2020-03-11,0 days 15:54:25.066176,50466,23.79,23.74,200,573,19427,-16436
187,CIT,2020-03-11,0 days 15:54:41.103747,70859,23.71,23.68,402,454,-15936,19993
188,CIT,2020-03-11,0 days 15:54:51.127547,50466,23.67,23.66,203,310,20393,-15836
189,CIT,2020-03-11,0 days 15:54:52.129555,70859,23.7,23.66,100,502,-15936,20393
190,CIT,2020-03-11,0 days 15:55:12.181826,90052,23.73,23.71,200,300,-12462,30466
191,CIT,2020-03-11,0 days 15:56:04.309856,59586,23.74,23.71,4,545,31027,-12367
192,CL,2020-03-11,0 days 15:55:37.243374,653776,68.9,68.88,351,200,1736,-751
193,CL,2020-03-11,0 days 15:55:57.290713,653695,68.93,68.9,300,200,-81,2081
194,CL,2020-03-11,0 days 15:56:18.340932,654776,68.98,68.97,100,93,6047,-181
195,CLB,2020-03-11,0 days 15:51:39.639459,43736,10.79,10.77,300,340,34017,-1007
196,CNP,2020-03-11,0 days 15:55:04.130596,671724,17.61,17.6,3700,5873,-513,1487
197,CNP,2020-03-11,0 days 15:55:05.132387,670337,17.6,17.59,700,5776,1387,-513
198,COG,2020-03-11,0 days 15:55:50.295113,1462373,16.13,16.12,2532,6981,224,-1941
199,COP,2020-03-11,0 days 15:55:00.177388,1058169,32.4,32.39,700,800,5989,-129697
200,COP,2020-03-11,0 days 15:55:02.180628,1053558,32.41,32.4,299,813,-4611,183
201,CPB,2020-03-11,0 days 15:55:00.080819,189898,50.44,50.41,300,200,-179,24934
202,CPB,2020-03-11,0 days 15:55:01.084757,187777,50.45,50.41,700,292,2121,-179
203,CPRI,2020-03-11,0 days 15:56:10.350577,134886,18.87,18.86,200,907,-62358,32234
204,CRH,2020-03-11,0 days 15:56:30.392150,17408,29.72,29.71,1700,402,-431,408
205,CRH,2020-03-11,0 days 15:56:31.394193,16739,29.71,29.7,1500,1900,669,-431
206,CUBE,2020-03-11,0 days 15:56:07.336256,167803,30.84,30.83,1107,400,1369,-11199
207,CUBE,2020-03-11,0 days 15:56:08.337670,159872,30.84,30.83,1107,600,-7931,1369
208,CVNA,2020-03-11,0 days 15:50:03.462889,8196,56.41,56.4,200,336,10388,-13589
209,CVNA,2020-03-11,0 days 15:50:06.468218,18584,56.41,56.37,307,280,-11889,10388
210,CVNA,2020-03-11,0 days 15:50:47.567041,16884,56.61,56.57,200,360,-13589,8688
211,CVNA,2020-03-11,0 days 15:51:19.643077,16884,56.62,56.58,305,160,-13589,8688
212,CVNA,2020-03-11,0 days 15:52:04.750818,8196,56.78,56.75,100,800,8688,-13589
213,CVNA,2020-03-11,0 days 15:52:39.835181,8196,56.63,56.57,203,400,8688,-13589
214,CVNA,2020-03-11,0 days 15:52:51.863885,15284,56.86,56.78,100,400,-15189,6988
215,CVNA,2020-03-11,0 days 15:53:19.930435,13684,57.14,57.09,100,300,-17189,5088
216,CVNA,2020-03-11,0 days 15:53:28.953668,8596,57.09,57.08,510,165,5088,-17189
217,CVNA,2020-03-11,0 days 15:53:54.012302,8596,57.16,57.09,547,200,5088,-17089
218,CVNA,2020-03-11,0 days 15:54:07.043373,13684,57.18,57.01,200,300,-17189,4988
219,CVNA,2020-03-11,0 days 15:54:51.149001,15284,56.78,56.74,1074,200,-15189,8688
220,CVNA,2020-03-11,0 days 15:55:00.176938,24183,56.85,56.72,100,453,-15686,7088
221,CVNA,2020-03-11,0 days 15:55:48.290118,9260,56.72,56.7,105,200,23689,-7746
222,CVS,2020-03-11,0 days 15:55:01.084845,651638,61.27,61.25,300,200,615,-16085
223,CVS,2020-03-11,0 days 15:55:02.088084,652053,61.31,61.3,132,580,-299,615
224,CVS,2020-03-11,0 days 15:55:03.089285,651452,61.31,61.29,340,386,601,-299
225,CVS,2020-03-11,0 days 15:55:08.101486,652053,61.35,61.31,468,700,-299,2915
226,CVS,2020-03-11,0 days 15:55:10.107185,647252,61.39,61.37,200,416,101,-4099
227,CVS,2020-03-11,0 days 15:55:21.133424,648735,61.4,61.38,200,300,553,-293
228,CVS,2020-03-11,0 days 15:55:26.145267,647888,61.37,61.35,500,100,-133,567
229,CVS,2020-03-11,0 days 15:55:41.202076,650426,61.35,61.34,100,300,58,-4138
230,CVS,2020-03-11,0 days 15:55:47.195024,650484,61.4,61.39,300,315,-656,58
231,CVS,2020-03-11,0 days 15:55:52.210815,650026,61.37,61.34,300,400,658,-56
232,CVS,2020-03-11,0 days 15:55:56.216572,655384,61.35,61.34,400,100,-528,58
233,CVS,2020-03-11,0 days 15:56:11.252670,656633,61.4,61.39,400,200,151,-535
234,CVS,2020-03-11,0 days 15:56:12.255141,655984,61.4,61.38,300,400,-649,151
235,CZZ,2020-03-11,0 days 15:55:00.083814,30799,14.72,14.71,1080,1700,696,-4116
236,DD,2020-03-11,0 days 15:55:00.152728,485000,36.76,36.74,800,700,5209,-171763
237,DD,2020-03-11,0 days 15:55:01.154492,471009,36.76,36.75,400,900,-13991,5209
238,DEI,2020-03-11,0 days 15:55:01.177351,206363,34.06,34.04,508,41,1756,-340
239,DELL,2020-03-11,0 days 15:55:32.633507,99675,37.11,37.05,699,200,2359,-141
240,DELL,2020-03-11,0 days 15:55:33.638633,99434,37.11,37.05,700,200,-241,2359
241,DG,2020-03-11,0 days 15:55:00.120785,248864,158.21,158.15,100,303,-14567,189
242,DHI,2020-03-11,0 days 15:55:00.176391,461561,45.88,45.87,300,316,24477,-208649
243,DHR,2020-03-11,0 days 15:55:00.180445,364530,139.9,139.75,200,100,-12110,16158
244,DHT,2020-03-11,0 days 15:55:00.081045,169051,6.08,6.07,9863,2195,-2136,15680
245,DKS,2020-03-11,0 days 15:50:16.470822,60555,30.89,30.86,1098,770,-11669,11362
246,DKS,2020-03-11,0 days 15:50:18.477350,48993,30.86,30.85,1424,405,11762,-11669
247,DKS,2020-03-11,0 days 15:50:43.538830,61755,30.74,30.73,280,900,-9585,13116
248,DKS,2020-03-11,0 days 15:52:30.792039,61855,30.71,30.69,649,619,-9485,13516
249,DKS,2020-03-11,0 days 15:52:36.806898,61855,30.67,30.66,279,100,-9485,13516
250,DKS,2020-03-11,0 days 15:54:41.103834,61855,30.6,30.58,281,300,-9301,13516
251,DKS,2020-03-11,0 days 15:54:43.108926,48339,30.58,30.57,415,261,13516,-9301
252,DOC,2020-03-11,0 days 15:55:45.401525,196309,18.55,18.54,5129,1284,641,-459
253,DOC,2020-03-11,0 days 15:55:46.413135,195750,18.55,18.54,4729,1907,-559,641
254,DRH,2020-03-11,0 days 15:55:00.152275,158842,6.35,6.34,9159,7300,63049,-8003
255,EC,2020-03-11,0 days 15:54:45.112777,13834,11.34,11.33,6,200,-2821,1759
256,ECL,2020-03-11,0 days 15:55:37.264766,190255,187.0,186.9,100,105,-53,806
257,ECL,2020-03-11,0 days 15:55:39.271347,188392,187.0,186.92,100,300,1863,-53
258,EGHT,2020-03-11,0 days 15:55:30.248516,148713,14.19,14.18,3057,740,1179,-1621
259,EIX,2020-03-11,0 days 15:55:00.560521,240288,59.98,59.89,5,728,-3052,4310
260,EIX,2020-03-11,0 days 15:55:01.564272,238640,59.97,59.89,550,608,1648,-3052
261,EL,2020-03-11,0 days 15:55:00.120936,212189,172.98,172.81,202,100,16808,-24167
262,EL,2020-03-11,0 days 15:55:05.132871,212197,173.37,173.19,100,100,-154,246
263,ELAN,2020-03-11,0 days 15:55:00.560589,330481,23.72,23.71,508,304,547,-11588
264,EMN,2020-03-11,0 days 15:56:04.244523,90000,47.71,47.7,400,334,6237,-3959
265,EMN,2020-03-11,0 days 15:56:05.242081,117237,47.71,47.7,100,234,-2263,6237
266,ENIA,2020-03-11,0 days 15:55:00.291826,46676,7.87,7.86,3646,8202,453,-24766
267,EQNR,2020-03-11,0 days 15:55:00.120936,55223,11.15,11.14,5100,6907,-720,8890
268,ETN,2020-03-11,0 days 15:55:11.109297,224485,84.53,84.5,100,100,753,-3247
269,ETN,2020-03-11,0 days 15:55:12.111458,223338,84.53,84.47,100,100,-1147,753
270,ETN,2020-03-11,0 days 15:56:30.298262,224472,84.53,84.48,300,100,265,-314
271,ETN,2020-03-11,0 days 15:56:31.300258,223837,84.52,84.47,300,100,-635,265
272,EVRG,2020-03-11,0 days 15:56:14.330743,558321,62.54,62.48,2400,100,14900,-20700
273,EVRG,2020-03-11,0 days 15:56:15.334092,556321,62.53,62.48,213,100,-2000,14900
274,EW,2020-03-11,0 days 15:56:04.713018,151153,197.97,197.81,100,223,2696,-301
275,EW,2020-03-11,0 days 15:56:05.717672,146949,197.97,197.81,135,125,-4204,2696
276,FAF,2020-03-11,0 days 15:55:01.177218,67461,57.57,57.5,497,401,682,-1718
277,FAF,2020-03-11,0 days 15:56:11.346390,68143,57.61,57.56,100,290,-973,70
278,FAF,2020-03-11,0 days 15:56:13.350704,67762,57.61,57.56,100,290,381,-19
279,FCAU,2020-03-11,0 days 15:55:00.177388,214266,10.55,10.54,9229,5100,11756,-32759
280,FHN,2020-03-11,0 days 15:55:00.152355,319896,9.75,9.74,3922,8808,2031,-30241
281,FHN,2020-03-11,0 days 15:55:01.154319,317327,9.76,9.75,3708,11185,-2569,2031
282,FHN,2020-03-11,0 days 15:55:10.177087,319970,9.78,9.77,13456,18581,8857,-2643
283,FHN,2020-03-11,0 days 15:55:11.179310,318471,9.78,9.77,15021,18881,-1499,8857
284,FLO,2020-03-11,0 days 15:55:00.291321,91210,21.93,21.92,1487,300,925,-12276
285,FLO,2020-03-11,0 days 15:55:02.296374,89235,21.93,21.92,200,2400,-733,367
286,FLT,2020-03-11,0 days 15:56:03.327118,59794,222.82,222.62,10,55,824,-509
287,FLT,2020-03-11,0 days 15:56:04.329375,58918,222.82,222.64,10,155,-876,824
288,FNB,2020-03-11,0 days 15:55:00.291586,250939,8.39,8.38,3700,4016,13184,-142789
289,FNB,2020-03-11,0 days 15:55:01.294072,246223,8.39,8.38,2405,5507,-4716,13184
290,FNB,2020-03-11,0 days 15:56:04.448621,251250,8.41,8.4,3805,7310,2404,-2669
291,FNB,2020-03-11,0 days 15:56:05.452732,247554,8.41,8.4,1111,9657,-3696,2404
292,FRO,2020-03-11,0 days 15:55:58.316384,33734,9.21,9.2,3258,1510,314,-186
293,FTCH,2020-03-11,0 days 15:55:00.291617,81872,9.73,9.72,1007,700,10926,-13274
294,FTCH,2020-03-11,0 days 15:55:06.306719,92398,9.73,9.72,920,5189,-3474,10626
295,GD,2020-03-11,0 days 15:56:07.341568,140118,148.8,148.64,400,200,1191,-6114
296,GD,2020-03-11,0 days 15:56:08.344826,136009,148.79,148.65,200,100,-5904,1191
297,GEL,2020-03-11,0 days 15:55:00.081045,196527,5.87,5.86,1435,7787,-7567,43501
298,GLW,2020-03-11,0 days 15:55:07.197764,502152,23.2,23.19,3727,3465,48164,-6643
299,GLW,2020-03-11,0 days 15:55:08.200907,498416,23.2,23.19,3527,1317,-3736,48164
300,GLW,2020-03-11,0 days 15:56:11.351134,504930,23.2,23.19,2900,3310,4567,-1492
301,GLW,2020-03-11,0 days 15:56:12.353985,503297,23.2,23.19,2800,2910,-1633,4567
302,GME,2020-03-11,0 days 15:55:00.080880,244512,4.16,4.15,2929,5086,4989,-81199
303,GNW,2020-03-11,0 days 15:55:00.081242,575373,4.32,4.31,7817,20668,3458,-154482
304,GNW,2020-03-11,0 days 15:55:01.085036,571231,4.32,4.31,7717,20768,-4142,3458
305,GS,2020-03-11,0 days 15:55:00.152154,461801,171.94,171.85,100,202,-4804,28422
306,GSK,2020-03-11,0 days 15:55:02.088269,34362,40.0,39.99,1100,6545,-1911,1089
307,GVA,2020-03-11,0 days 15:56:12.348924,59888,14.99,14.97,483,1518,-78,195
308,GWRE,2020-03-11,0 days 15:55:00.083735,26425,80.9,80.78,200,100,10366,-3727
309,GWRE,2020-03-11,0 days 15:55:01.087732,26291,80.9,80.78,305,100,-134,10366
310,GWRE,2020-03-11,0 days 15:55:57.221861,26363,80.92,80.84,100,300,-62,438
311,GWRE,2020-03-11,0 days 15:56:06.242803,26425,80.92,80.91,100,100,138,-62
312,HCA,2020-03-11,0 days 15:55:45.664969,275585,112.44,112.39,439,200,217,-1388
313,HCA,2020-03-11,0 days 15:56:08.721954,267961,112.44,112.37,100,10,-7626,974
314,HDB,2020-03-11,0 days 15:55:56.216656,81502,48.58,48.56,400,300,-17851,24
315,HDB,2020-03-11,0 days 15:55:57.219936,79993,48.58,48.56,500,100,1509,-17851
316,HIG,2020-03-11,0 days 15:55:00.560973,261098,45.14,45.11,550,150,-4458,6144
317,HIG,2020-03-11,0 days 15:55:01.564461,260856,45.17,45.15,412,650,242,-4458
318,HIG,2020-03-11,0 days 15:55:27.621735,261098,45.22,45.21,652,400,-122,178
319,HLT,2020-03-11,0 days 15:55:03.181363,199661,81.64,81.57,600,390,-11975,38075
320,HLT,2020-03-11,0 days 15:55:04.184716,161586,81.6,81.57,600,379,38075,-11975
321,HLT,2020-03-11,0 days 15:55:43.284268,199934,81.6,81.57,100,1326,-12280,37650
322,HMY,2020-03-11,0 days 15:56:06.720865,128227,3.39,3.38,36425,34470,-1212,897
323,HMY,2020-03-11,0 days 15:56:07.721102,122839,3.39,3.38,36225,35070,5388,-1212
324,HP,2020-03-11,0 days 15:55:00.120912,208078,19.79,19.78,400,201,205,-80929
325,HP,2020-03-11,0 days 15:55:04.131111,208283,19.82,19.81,100,100,-1291,205
326,HPQ,2020-03-11,0 days 15:55:00.081153,1285396,19.44,19.43,5300,4600,-90748,205838
327,HPQ,2020-03-11,0 days 15:55:01.084970,1267944,19.43,19.42,4699,6400,17452,-90748
328,HRB,2020-03-11,0 days 15:55:00.083986,307830,19.09,19.08,800,746,-1170,20138
329,HRB,2020-03-11,0 days 15:55:01.087841,307400,19.09,19.08,1625,1546,430,-1170
330,HSBC,2020-03-11,0 days 15:55:00.180601,75926,30.96,30.95,3421,1805,607,-10248
331,IBM,2020-03-11,0 days 15:55:28.242588,604061,118.23,118.19,300,102,3713,-458
332,IBM,2020-03-11,0 days 15:55:29.244531,602374,118.2,118.16,300,202,-1687,3713
333,IGT,2020-03-11,0 days 15:55:00.176996,122729,6.71,6.7,5988,990,102574,-40668
334,INFO,2020-03-11,0 days 15:55:53.210311,327428,59.56,59.52,409,200,268,-732
335,INFO,2020-03-11,0 days 15:55:54.211883,320696,59.55,59.52,209,300,-6732,268
336,ING,2020-03-11,0 days 15:55:00.560647,104021,6.95,6.94,26015,64775,-20938,48268
337,INST,2020-03-11,0 days 15:55:00.120645,31503,48.77,48.76,1760,3024,-1963,6561
338,INST,2020-03-11,0 days 15:55:01.123120,31166,48.77,48.76,1660,2824,337,-1963
339,INST,2020-03-11,0 days 15:55:30.194152,31503,48.77,48.76,2460,2690,-1063,337
340,INST,2020-03-11,0 days 15:56:31.340566,31854,48.77,48.76,2564,3287,49,-163
341,IP,2020-03-11,0 days 15:55:00.080819,345729,32.2,32.18,839,402,1433,-48182
342,IRM,2020-03-11,0 days 15:55:00.152418,395791,30.04,30.03,915,200,-1246,76407
343,IRM,2020-03-11,0 days 15:55:01.154373,392637,30.04,30.03,1015,300,3154,-1246
344,IVR,2020-03-11,0 days 15:55:00.560443,217423,14.3,14.29,4201,800,-2452,36314
345,IVR,2020-03-11,0 days 15:55:01.564209,215575,14.3,14.29,3101,2800,1848,-2452
346,JCP,2020-03-11,0 days 15:50:31.535352,62272,0.5,0.49,1538,32610,20907,-43699
347,JEF,2020-03-11,0 days 15:55:00.291668,150693,17.17,17.16,950,200,4880,-25032
348,JWN,2020-03-11,0 days 15:54:57.172812,122677,24.1,24.09,600,866,-47373,16650
349,K,2020-03-11,0 days 15:56:03.446303,268006,61.84,61.79,20,100,-8319,1483
350,K,2020-03-11,0 days 15:56:04.448621,264625,61.84,61.79,120,100,3381,-8319
351,K,2020-03-11,0 days 15:56:13.481259,268006,61.84,61.79,1,401,-722,3381
352,K,2020-03-11,0 days 15:56:14.473876,265036,61.84,61.79,1,501,2970,-722
353,KBH,2020-03-11,0 days 15:50:10.460000,42716,26.65,26.64,183,72,344,-32095
354,KBH,2020-03-11,0 days 15:51:45.684462,42062,26.55,26.52,483,402,998,-31441
355,KBH,2020-03-11,0 days 15:51:56.710465,43060,26.53,26.52,802,36,-31441,998
356,KBH,2020-03-11,0 days 15:52:08.739635,42062,26.56,26.54,195,300,998,-31441
357,KBH,2020-03-11,0 days 15:52:23.775461,43060,26.57,26.56,330,8,-31441,344
358,KBH,2020-03-11,0 days 15:52:33.799277,42716,26.62,26.6,332,500,344,-32095
359,KBH,2020-03-11,0 days 15:53:11.890267,43060,26.78,26.75,1409,911,-33795,344
360,KBH,2020-03-11,0 days 15:53:49.981336,43060,26.76,26.75,30,27,-33795,344
361,KBH,2020-03-11,0 days 15:54:07.021828,43060,26.81,26.8,201,740,-33795,344
362,KBH,2020-03-11,0 days 15:54:08.026213,42716,26.81,26.8,750,200,344,-33795
363,KBH,2020-03-11,0 days 15:54:13.038128,43060,26.77,26.75,100,717,-33795,344
364,KBH,2020-03-11,0 days 15:54:50.124689,43060,26.7,26.67,473,300,-32095,344
365,KBH,2020-03-11,0 days 15:54:57.141734,43060,26.71,26.69,402,200,-33795,344
366,KBH,2020-03-11,0 days 15:55:00.152566,80262,26.69,26.66,800,571,805,-32095
367,KBR,2020-03-11,0 days 15:52:27.923613,41160,20.67,20.66,435,513,42694,-35408
368,KBR,2020-03-11,0 days 15:52:35.944090,83854,20.66,20.65,100,560,-35408,42694
369,KBR,2020-03-11,0 days 15:53:00.000751,83854,20.69,20.68,100,844,-36308,42694
370,KBR,2020-03-11,0 days 15:54:20.193117,41160,20.74,20.72,1238,350,42694,-36708
371,KBR,2020-03-11,0 days 15:54:47.258272,41160,20.67,20.66,5282,493,42694,-36208
372,KEY,2020-03-11,0 days 15:56:12.348895,735649,12.33,12.32,11615,23047,-8718,1803
373,KEY,2020-03-11,0 days 15:56:13.350704,734767,12.33,12.32,10515,23147,882,-8718
374,KEY,2020-03-11,0 days 15:56:30.392109,729373,12.33,12.32,24568,12645,-5515,761
375,KEY,2020-03-11,0 days 15:56:32.397029,726888,12.33,12.32,18915,12832,2485,-5515
376,KMX,2020-03-11,0 days 15:56:19.311489,140136,76.47,76.43,122,93,960,-6140
377,KMX,2020-03-11,0 days 15:56:20.313565,134596,76.47,76.44,122,301,-5540,960
378,KNX,2020-03-11,0 days 15:55:00.180645,103800,30.86,30.83,111,600,-5699,26827
379,KNX,2020-03-11,0 days 15:55:01.182566,102199,30.86,30.83,11,500,1601,-5699
380,KO,2020-03-11,0 days 15:55:00.121098,2031930,52.13,52.12,722,943,3850,-82367
381,KO,2020-03-11,0 days 15:55:01.123368,2031380,52.14,52.13,719,900,-550,3850
382,KO,2020-03-11,0 days 15:55:29.191263,2034815,52.23,52.22,1300,900,4385,-698
383,KO,2020-03-11,0 days 15:55:30.194326,2033700,52.23,52.22,2700,400,-1115,4385
384,KO,2020-03-11,0 days 15:55:37.211700,2036615,52.22,52.21,506,2600,1260,-1115
385,KO,2020-03-11,0 days 15:55:38.211922,2035775,52.23,52.22,5300,100,-840,1260
386,KO,2020-03-11,0 days 15:56:10.294433,2053169,52.22,52.21,2300,1000,3917,-790
387,KO,2020-03-11,0 days 15:56:18.309003,2052279,52.22,52.21,300,4639,-890,3217
388,KO,2020-03-11,0 days 15:56:31.340752,2051371,52.23,52.22,870,1700,2215,-890
389,KR,2020-03-11,0 days 15:56:09.251417,746694,30.5,30.49,650,3513,-984,4010
390,LB,2020-03-11,0 days 15:55:20.169269,952446,19.72,19.71,2906,6649,18245,-12355
391,LB,2020-03-11,0 days 15:55:21.171803,943091,19.72,19.71,2306,6349,-9355,18245
392,LEN,2020-03-11,0 days 15:55:00.120645,199377,53.71,53.69,1133,50,13151,-49222
393,LGF.A,2020-03-11,0 days 15:55:00.084075,69151,5.63,5.62,1966,1584,2506,-37857
394,LGF.B,2020-03-11,0 days 15:55:00.176648,28162,5.23,5.22,2627,1634,49890,-8627
395,LIN,2020-03-11,0 days 15:56:04.448621,263161,174.74,174.61,300,120,121,-1181
396,LIN,2020-03-11,0 days 15:56:05.452732,261641,174.74,174.61,506,120,-1520,121
397,LM,2020-03-11,0 days 15:55:00.291724,108849,49.3,49.29,6680,1832,2608,-16876
398,LNC,2020-03-11,0 days 15:50:02.372651,143143,32.01,31.94,480,301,-1920,16864
399,LNC,2020-03-11,0 days 15:50:41.463475,143443,31.76,31.71,400,500,-1620,17264
400,LNC,2020-03-11,0 days 15:50:43.467474,126279,31.76,31.73,400,504,17164,-1620
401,LNC,2020-03-11,0 days 15:51:27.572469,143843,31.65,31.62,427,100,-1220,17464
402,LNC,2020-03-11,0 days 15:51:34.590127,143943,31.61,31.57,466,400,-1120,17664
403,LNC,2020-03-11,0 days 15:51:42.609487,144043,31.6,31.58,100,695,-1020,17764
404,LNC,2020-03-11,0 days 15:52:24.709347,143743,31.66,31.63,700,200,-1320,17364
405,LNC,2020-03-11,0 days 15:52:29.722400,126279,31.65,31.62,1000,100,17564,-1120
406,LNC,2020-03-11,0 days 15:52:50.772279,143443,31.75,31.72,100,706,-1620,16964
407,LNC,2020-03-11,0 days 15:52:52.775909,126279,31.79,31.74,300,100,17064,-1620
408,LNC,2020-03-11,0 days 15:53:01.797570,143143,31.81,31.79,300,412,-1920,16864
409,LNC,2020-03-11,0 days 15:53:03.802691,126279,31.84,31.82,10,151,16864,-1920
410,LNC,2020-03-11,0 days 15:53:09.816711,143143,31.9,31.88,100,28,-1920,16864
411,LNC,2020-03-11,0 days 15:53:23.850353,143143,31.87,31.86,100,12,-1920,16864
412,LNC,2020-03-11,0 days 15:53:52.919889,143143,31.84,31.8,200,200,-1920,16864
413,LNC,2020-03-11,0 days 15:54:01.941216,143143,31.89,31.85,300,308,-1920,16864
414,LNC,2020-03-11,0 days 15:54:21.993257,143143,31.87,31.83,300,900,-1920,16864
415,LNC,2020-03-11,0 days 15:54:24.997267,126279,31.91,31.89,10,100,16864,-1920
416,LNC,2020-03-11,0 days 15:54:32.014504,143143,31.91,31.88,300,200,-1920,16864
417,LNC,2020-03-11,0 days 15:54:39.029756,126279,31.88,31.85,200,400,16864,-1920
418,LNC,2020-03-11,0 days 15:54:53.082288,143143,31.84,31.8,200,500,-1920,16864
419,LNC,2020-03-11,0 days 15:55:12.111553,182839,31.84,31.81,200,31,-23857,7171
420,LNC,2020-03-11,0 days 15:55:25.143005,175663,31.86,31.85,102,100,7176,-23857
421,LNC,2020-03-11,0 days 15:55:32.159865,182839,31.86,31.85,502,75,-24057,6976
422,LNC,2020-03-11,0 days 15:55:39.180645,175863,31.84,31.83,542,100,6976,-24057
423,LNC,2020-03-11,0 days 15:55:56.216656,183539,31.82,31.8,214,100,-23497,7536
424,LNC,2020-03-11,0 days 15:56:07.244409,176004,31.82,31.8,100,200,7535,-23398
425,LNC,2020-03-11,0 days 15:56:16.264904,176004,31.86,31.81,402,400,7535,-32640
426,LNC,2020-03-11,0 days 15:56:19.271415,183539,31.84,31.8,300,100,-32640,7535
427,LNC,2020-03-11,0 days 15:56:20.273953,176004,31.84,31.81,212,100,7535,-32640
428,LPI,2020-03-11,0 days 15:54:49.531987,1335669,0.53,0.52,300,5400,-39177,610342
429,LXP,2020-03-11,0 days 15:55:25.146434,208107,9.85,9.84,4507,3323,16389,-52511
430,LXP,2020-03-11,0 days 15:55:26.148132,203296,9.85,9.84,3907,2723,-4811,16389
431,LYB,2020-03-11,0 days 15:55:00.180775,552197,54.51,54.48,213,200,-51053,89198
432,MA,2020-03-11,0 days 15:55:00.152185,508784,270.37,270.11,100,324,-18769,13744
433,MAS,2020-03-11,0 days 15:55:00.177123,275731,39.59,39.57,866,100,1667,-64621
434,MAS,2020-03-11,0 days 15:55:09.198216,277398,39.62,39.61,200,300,-533,1167
435,MAS,2020-03-11,0 days 15:55:12.205149,274631,39.63,39.61,601,300,2767,-533
436,MAS,2020-03-11,0 days 15:56:14.353395,277942,39.59,39.57,441,106,-5,395
437,MAS,2020-03-11,0 days 15:56:28.387229,275486,39.62,39.61,400,300,2456,-544
438,MBT,2020-03-11,0 days 15:55:15.120855,194777,8.14,8.13,14319,21494,656,-3344
439,MBT,2020-03-11,0 days 15:55:16.121518,190433,8.14,8.13,16525,20194,-4344,656
440,MCD,2020-03-11,0 days 15:55:01.176848,773957,188.87,188.68,604,20,223,-3077
441,MCD,2020-03-11,0 days 15:55:06.188666,775377,188.99,188.83,203,200,-799,301
442,MCD,2020-03-11,0 days 15:55:11.201482,783684,188.9,188.81,20,245,-1206,9594
443,MCD,2020-03-11,0 days 15:55:12.204603,782990,188.9,188.81,20,345,694,-1206
444,MCD,2020-03-11,0 days 15:55:41.274181,784287,188.74,188.7,100,14,-118,682
445,MCD,2020-03-11,0 days 15:55:42.276199,783605,188.77,188.7,68,14,682,-118
446,MDT,2020-03-11,0 days 15:55:00.081045,767107,92.62,92.58,300,200,-40867,44075
447,MDT,2020-03-11,0 days 15:55:01.084970,763674,92.61,92.57,200,200,3433,-40867
448,MDT,2020-03-11,0 days 15:55:50.202413,761871,92.72,92.68,300,200,5566,-756
449,MDT,2020-03-11,0 days 15:56:08.245888,764553,92.71,92.68,300,100,-1040,2282
450,MDT,2020-03-11,0 days 15:56:09.248166,761971,92.69,92.65,10,100,2582,-1040
451,MDT,2020-03-11,0 days 15:56:33.305817,766630,92.71,92.68,200,200,-1443,1457
452,MDT,2020-03-11,0 days 15:56:34.307949,764895,92.73,92.69,109,402,1177,-1443
453,MPC,2020-03-11,0 days 15:55:00.180519,773196,31.26,31.24,200,593,-59672,6223
454,MPC,2020-03-11,0 days 15:55:08.200871,773196,31.26,31.24,700,617,-60445,185424
455,MPLX,2020-03-11,0 days 15:55:00.180741,466231,15.36,15.35,700,400,586179,-112429
456,MS,2020-03-11,0 days 15:55:00.291321,1244313,36.88,36.87,700,1500,7160,-125636
457,MS,2020-03-11,0 days 15:55:01.293923,1228873,36.88,36.87,1900,469,-15440,7160
458,MTG,2020-03-11,0 days 15:55:00.120785,214338,10.44,10.43,6719,7301,-1399,13037
459,MTG,2020-03-11,0 days 15:56:13.296929,219337,10.44,10.43,3739,11129,10268,-1485
460,MTG,2020-03-11,0 days 15:56:14.298709,218505,10.44,10.43,3097,12129,-532,10268
461,NET,2020-03-11,0 days 15:55:01.294139,22585,20.54,20.52,704,500,-224,1876
462,NET,2020-03-11,0 days 15:55:13.324812,22809,20.54,20.52,559,510,3976,-224
463,NET,2020-03-11,0 days 15:55:14.327980,22585,20.54,20.52,205,610,-224,3976
464,NET,2020-03-11,0 days 15:55:17.334777,22809,20.54,20.52,205,610,3176,-224
465,NET,2020-03-11,0 days 15:55:18.337600,22585,20.54,20.52,205,710,-224,3176
466,NIO,2020-03-11,0 days 15:56:07.244382,405828,3.33,3.32,57824,72676,-15515,11823
467,NIO,2020-03-11,0 days 15:56:43.332178,431343,3.33,3.32,34799,81754,3185,-10515
468,NIO,2020-03-11,0 days 15:56:44.332305,420828,3.33,3.32,34899,80954,-10515,3185
469,NLY,2020-03-11,0 days 15:55:00.176648,765468,7.98,7.97,48710,2920,-8240,92350
470,NLY,2020-03-11,0 days 15:55:01.176848,748708,7.98,7.97,58701,4120,16760,-8240
471,NOK,2020-03-11,0 days 15:55:00.081104,219798,3.14,3.13,573808,193403,-8222,32809
472,NOK,2020-03-11,0 days 15:55:56.216604,513020,3.14,3.13,568136,367308,300698,-5886
473,NOW,2020-03-11,0 days 15:55:00.152418,134686,290.58,290.21,100,100,-1434,10821
474,NOW,2020-03-11,0 days 15:55:37.243439,136120,290.29,290.16,10,100,197,-120
475,NOW,2020-03-11,0 days 15:55:38.244353,135517,290.3,290.16,94,130,-603,197
476,NOW,2020-03-11,0 days 15:56:31.371653,137161,290.49,290.24,110,310,180,-344
477,NOW,2020-03-11,0 days 15:56:32.373595,136441,290.49,290.28,10,100,-720,180
478,NRG,2020-03-11,0 days 15:55:12.181898,280606,30.17,30.15,800,400,4275,-413
479,NRZ,2020-03-11,0 days 15:55:00.152702,761222,13.77,13.76,8109,5881,-4145,15322
480,NTR,2020-03-11,0 days 15:55:01.564376,94823,32.16,32.15,1103,439,-3148,11517
481,NVO,2020-03-11,0 days 15:55:00.291617,23582,57.94,57.93,500,400,-704,2813
482,NVST,2020-03-11,0 days 15:55:26.145345,479745,20.0,19.99,729,2116,803,-197
483,NVST,2020-03-11,0 days 15:56:03.233680,481165,20.0,19.99,100,1077,922,-1003
484,NVST,2020-03-11,0 days 15:56:04.242494,480287,20.0,19.99,100,1077,-878,922
485,NVT,2020-03-11,0 days 15:55:00.080880,102047,19.09,19.06,117,840,6141,-29211
486,OC,2020-03-11,0 days 15:50:03.462870,35432,43.93,43.89,6,100,22917,-355
487,OC,2020-03-11,0 days 15:50:04.464378,58249,43.93,43.89,6,154,-355,22917
488,OC,2020-03-11,0 days 15:51:03.604604,57104,43.77,43.73,200,200,1645,-55
489,OC,2020-03-11,0 days 15:52:19.787620,58549,43.82,43.79,100,200,-55,23117
490,OC,2020-03-11,0 days 15:52:32.818213,35432,43.85,43.83,200,100,23117,-55
491,OC,2020-03-11,0 days 15:52:33.820480,58549,43.85,43.8,100,211,-55,23117
492,OC,2020-03-11,0 days 15:52:50.861957,58349,43.91,43.87,176,224,-255,22917
493,OC,2020-03-11,0 days 15:52:57.877704,35432,43.91,43.86,100,100,23017,-155
494,OC,2020-03-11,0 days 15:53:01.888189,58449,43.91,43.86,100,100,-155,22917
495,OC,2020-03-11,0 days 15:53:04.894401,35432,43.93,43.88,19,100,22917,-155
496,OC,2020-03-11,0 days 15:53:09.906457,58249,43.98,43.92,355,100,-355,22706
497,OC,2020-03-11,0 days 15:53:12.914707,35432,43.99,43.96,94,100,22817,-355
498,OC,2020-03-11,0 days 15:53:28.953668,58149,43.99,43.97,200,100,-1966,22706
499,OC,2020-03-11,0 days 15:54:01.030051,58149,44.0,43.97,125,212,-1966,22817
500,OC,2020-03-11,0 days 15:54:25.087410,35443,44.0,43.97,100,100,22706,-355
501,OC,2020-03-11,0 days 15:54:26.090000,58149,44.0,43.96,255,450,-1966,22706
502,OGE,2020-03-11,0 days 15:55:00.080908,144402,34.22,34.2,500,200,-384,2756
503,OMF,2020-03-11,0 days 15:56:06.333818,78753,31.84,31.82,100,254,83,-677
504,ORAN,2020-03-11,0 days 15:55:00.291668,9310,11.99,11.98,5420,3400,1577,-693
505,OUT,2020-03-11,0 days 15:50:05.467924,54681,19.61,19.59,1214,100,-3457,1914
506,OUT,2020-03-11,0 days 15:50:13.484347,52767,19.61,19.58,3797,227,2014,-3357
507,OUT,2020-03-11,0 days 15:50:15.489322,54781,19.58,19.56,134,500,-3357,2014
508,OUT,2020-03-11,0 days 15:51:04.607289,52767,19.54,19.53,889,224,2214,-3257
509,OUT,2020-03-11,0 days 15:52:00.742003,52767,19.51,19.5,10,620,2314,-3057
510,OUT,2020-03-11,0 days 15:54:31.233909,54781,19.56,19.53,400,100,-3357,2014
511,OUT,2020-03-11,0 days 15:54:38.117858,52767,19.56,19.53,3651,332,2214,-3257
512,OXY,2020-03-11,0 days 15:55:00.180445,1169703,11.71,11.7,44084,20729,-196638,425075
513,PANW,2020-03-11,0 days 15:55:56.429146,104662,157.94,157.85,100,100,2296,-256
514,PANW,2020-03-11,0 days 15:56:40.534284,107303,158.1,157.96,100,102,-1254,1846
515,PANW,2020-03-11,0 days 15:56:41.536036,107057,158.1,157.96,100,202,246,-1254
516,PFE,2020-03-11,0 days 15:54:31.318056,4307592,32.24,32.23,8532,1600,1091,-11595
517,PFE,2020-03-11,0 days 15:55:03.299704,5405982,32.26,32.25,5000,3684,-10302,202100
518,PFE,2020-03-11,0 days 15:56:04.448650,5485813,32.25,32.24,14715,3600,26481,-18728
519,PFE,2020-03-11,0 days 15:56:05.452793,5474794,32.25,32.24,5430,8863,-11019,26481
520,PGR,2020-03-11,0 days 15:56:15.265422,412323,75.32,75.26,200,260,98,-2
521,PGR,2020-03-11,0 days 15:56:20.276722,409321,75.28,75.26,400,60,-2502,398
522,PH,2020-03-11,0 days 15:55:00.084043,74476,147.68,147.43,100,200,-20839,2641
523,PH,2020-03-11,0 days 15:55:38.176436,96303,147.47,147.42,80,100,7292,-3127
524,PH,2020-03-11,0 days 15:55:39.182907,95195,147.55,147.47,100,100,-1108,7292
525,PLNT,2020-03-11,0 days 15:56:06.311526,37757,56.96,56.93,100,100,3333,-20039
526,PLNT,2020-03-11,0 days 15:56:35.381058,43677,56.97,56.93,100,100,-15316,5366
527,PM,2020-03-11,0 days 15:55:00.180519,850052,80.19,80.14,200,100,-3836,11265
528,PM,2020-03-11,0 days 15:55:01.182529,848188,80.19,80.13,390,400,1664,-3836
529,PM,2020-03-11,0 days 15:55:04.190341,847856,80.28,80.25,68,100,-38,162
530,PM,2020-03-11,0 days 15:55:05.192270,845594,80.27,80.23,12,400,2262,-38
531,PM,2020-03-11,0 days 15:55:45.289345,847856,80.29,80.26,71,426,-3049,950
532,PM,2020-03-11,0 days 15:55:46.291478,846505,80.28,80.26,200,260,1551,-3049
533,PPL,2020-03-11,0 days 15:55:01.176967,568953,29.34,29.33,1402,401,975,-44534
534,PRU,2020-03-11,0 days 15:55:00.152418,338684,57.98,57.93,202,105,-4224,21667
535,PRU,2020-03-11,0 days 15:55:01.154373,337408,57.99,57.95,4,500,1176,-4224
536,PRU,2020-03-11,0 days 15:55:39.247237,347867,58.01,58.0,230,93,-1683,1717
537,PRU,2020-03-11,0 days 15:55:40.250936,346050,58.01,58.0,200,500,1817,-1683
538,PRU,2020-03-11,0 days 15:56:11.323448,350416,58.05,58.02,190,200,-2727,2064
539,PRU,2020-03-11,0 days 15:56:12.326149,349043,58.05,58.02,190,100,1373,-2727
540,PVG,2020-03-11,0 days 15:55:00.084075,30460,6.66,6.65,4531,1036,2679,-7086
541,PWR,2020-03-11,0 days 15:55:39.275266,148628,32.56,32.54,300,205,163,-3449
542,PWR,2020-03-11,0 days 15:55:40.278933,145491,32.56,32.54,200,120,-3137,163
543,RF,2020-03-11,0 days 15:55:00.084157,789424,10.67,10.66,16813,14400,-19666,75802
544,S,2020-03-11,0 days 15:55:00.177095,368340,8.9,8.89,50702,30817,-25147,46785
545,S,2020-03-11,0 days 15:55:01.177264,365687,8.9,8.89,14910,61026,2653,-25147
546,SAVE,2020-03-11,0 days 15:52:24.777507,35655,20.93,20.91,22,100,-2029,21966
547,SAVE,2020-03-11,0 days 15:53:08.884236,35543,21.06,21.0,400,607,-2141,21966
548,SAVE,2020-03-11,0 days 15:54:12.033684,35543,21.03,21.01,507,9,-2141,21854
549,SAVE,2020-03-11,0 days 15:54:25.066262,13689,21.04,21.0,300,506,21854,-2029
550,SAVE,2020-03-11,0 days 15:54:32.084223,13689,21.01,20.97,300,200,21966,-2029
551,SAVE,2020-03-11,0 days 15:54:57.141734,35543,21.03,21.0,200,13,-2141,21854
552,SBH,2020-03-11,0 days 15:55:10.109972,186641,11.25,11.24,1378,3501,3569,-1731
553,SCI,2020-03-11,0 days 15:55:00.152247,80239,46.93,46.9,302,2,6090,-12328
554,SCI,2020-03-11,0 days 15:55:39.247143,86329,46.89,46.88,100,400,-246,599
555,SCI,2020-03-11,0 days 15:55:40.250854,84875,46.94,46.88,1,500,1454,-246
556,SE,2020-03-11,0 days 15:55:01.154184,70580,48.07,48.04,200,500,132,-17968
557,SEAS,2020-03-11,0 days 15:50:10.478935,23228,15.21,15.18,436,300,-17764,10095
558,SEAS,2020-03-11,0 days 15:50:49.570943,23228,15.21,15.2,858,444,-17764,10095
559,SEAS,2020-03-11,0 days 15:51:24.654854,23228,15.22,15.2,380,600,-17864,10095
560,SEAS,2020-03-11,0 days 15:54:41.124690,11679,15.64,15.61,16,1500,-1454,1146
561,SHOP,2020-03-11,0 days 15:55:45.229209,7299,423.96,423.41,102,75,-236,69
562,SHOP,2020-03-11,0 days 15:55:46.232041,7235,423.96,423.41,100,75,64,-236
563,SHOP,2020-03-11,0 days 15:56:07.282557,7599,424.43,423.85,75,100,-67,64
564,SKX,2020-03-11,0 days 15:55:00.120936,86986,27.9,27.89,901,398,2471,-30588
565,SNAP,2020-03-11,0 days 15:55:00.081299,402859,10.8,10.79,23200,11155,241989,-74658
566,SNV,2020-03-11,0 days 15:55:00.177342,83250,22.66,22.65,100,2800,12368,-4204
567,SO,2020-03-11,0 days 15:55:36.261833,755281,58.22,58.21,200,100,5204,-3835
568,SRE,2020-03-11,0 days 15:54:15.070427,161403,123.68,123.61,100,110,774,-2350
569,SRE,2020-03-11,0 days 15:54:17.076389,159153,123.71,123.65,300,100,-2450,774
570,SRE,2020-03-11,0 days 15:55:02.185637,220425,123.72,123.62,156,275,-8,192
571,SRE,2020-03-11,0 days 15:55:03.187627,219233,123.63,123.56,100,200,1192,-8
572,STM,2020-03-11,0 days 15:55:00.560647,26967,22.84,22.83,1200,1935,257,-603
573,STM,2020-03-11,0 days 15:56:04.712922,30485,22.89,22.88,1300,1600,-237,1363
574,STM,2020-03-11,0 days 15:56:05.717651,29922,22.89,22.88,400,2000,563,-237
575,STNG,2020-03-11,0 days 15:55:58.244657,59493,17.6,17.59,864,100,85,-190
576,STNG,2020-03-11,0 days 15:56:02.234390,58678,17.6,17.59,1055,100,-1090,85
577,STT,2020-03-11,0 days 15:55:42.188628,586047,54.22,54.2,200,200,633,-4882
578,STWD,2020-03-11,0 days 15:55:00.120672,100085,20.21,20.2,500,1500,9320,-6547
579,TAL,2020-03-11,0 days 15:55:00.177123,95149,53.68,53.62,200,15,7649,-20255
580,TDC,2020-03-11,0 days 15:55:00.120785,128187,19.9,19.89,404,177,1167,-37853
581,TDC,2020-03-11,0 days 15:55:01.123217,127654,19.9,19.89,304,177,-533,1167
582,TEN,2020-03-11,0 days 15:55:00.180413,81306,5.26,5.25,1000,1631,-4367,7567
583,TGT,2020-03-11,0 days 15:55:01.084803,308668,105.24,105.2,169,400,1469,-6631
584,TGT,2020-03-11,0 days 15:55:43.185357,310292,105.32,105.27,400,200,427,-73
585,TGT,2020-03-11,0 days 15:56:04.242404,310626,105.34,105.32,100,300,319,-781
586,TME,2020-03-11,0 days 15:55:03.091330,113940,11.66,11.65,1456,10200,-395,3005
587,TME,2020-03-11,0 days 15:55:04.095228,110935,11.66,11.65,1156,10536,3005,-395
588,TMHC,2020-03-11,0 days 15:50:18.445695,84464,16.82,16.8,714,517,-29918,369
589,TMHC,2020-03-11,0 days 15:50:20.450338,83895,16.81,16.8,600,132,569,-29918
590,TMHC,2020-03-11,0 days 15:55:00.120912,126816,16.77,16.76,300,1450,18384,-29218
591,TMO,2020-03-11,0 days 15:55:00.121098,424434,289.51,289.1,101,219,3039,-38339
592,TNK,2020-03-11,0 days 15:55:00.180972,28152,17.82,17.81,300,201,-1003,208
593,TPH,2020-03-11,0 days 15:55:01.294109,150303,13.69,13.68,1602,2200,-440,1760
594,TPR,2020-03-11,0 days 15:56:03.236125,272214,17.64,17.63,2000,1358,30717,-403
595,TRN,2020-03-11,0 days 15:55:00.176918,80196,17.03,17.02,723,200,4763,-19249
596,TRP,2020-03-11,0 days 15:55:00.560443,76844,45.91,45.9,701,500,1060,-39782
597,TRP,2020-03-11,0 days 15:55:01.564209,76004,45.93,45.91,405,1499,-840,1060
598,TRP,2020-03-11,0 days 15:55:08.580443,76204,45.93,45.92,100,800,-862,538
599,TSM,2020-03-11,0 days 15:55:00.177329,898441,52.25,52.24,1000,200,10313,-17605
600,TSM,2020-03-11,0 days 15:56:12.348972,924254,52.29,52.28,1200,100,-6486,512
601,TSM,2020-03-11,0 days 15:56:24.377598,918140,52.29,52.28,1100,400,6114,-6486
602,TSN,2020-03-11,0 days 15:55:00.177040,360059,58.43,58.37,437,201,-2490,20097
603,TSN,2020-03-11,0 days 15:55:01.177234,358749,58.43,58.35,717,5,1310,-2490
604,TWLO,2020-03-11,0 days 15:55:00.120586,80104,87.2,87.12,300,6,2560,-4913
605,TWLO,2020-03-11,0 days 15:55:56.255558,82864,87.26,87.16,313,100,-7604,2584
606,TWLO,2020-03-11,0 days 15:55:57.257676,81768,87.26,87.16,413,100,1096,-7604
607,TWO,2020-03-11,0 days 15:55:00.176900,166195,12.0,11.99,3100,1865,-3977,42136
608,TWO,2020-03-11,0 days 15:55:01.177057,165172,12.0,11.99,6420,800,1023,-3977
609,UBS,2020-03-11,0 days 15:55:00.176438,78759,9.54,9.53,53375,37854,735,-6
610,UBS,2020-03-11,0 days 15:56:35.404696,77074,9.54,9.53,34055,64542,-1892,1483
611,UE,2020-03-11,0 days 15:55:00.180775,127137,14.96,14.95,404,701,41995,-30789
612,UNP,2020-03-11,0 days 15:55:00.152369,516387,141.84,141.72,712,170,30333,-44699
613,UTX,2020-03-11,0 days 15:50:07.477183,336738,107.95,107.93,100,200,86842,-1297
614,UTX,2020-03-11,0 days 15:50:08.476656,423580,107.92,107.87,601,100,-1197,86842
615,UTX,2020-03-11,0 days 15:50:14.491899,336738,107.8,107.76,200,161,87749,-290
616,UTX,2020-03-11,0 days 15:50:15.493502,424087,107.83,107.8,257,100,-690,87749
617,UTX,2020-03-11,0 days 15:50:17.498373,424777,107.8,107.73,200,96,708,-290
618,UTX,2020-03-11,0 days 15:50:20.506016,336738,107.8,107.76,104,200,87749,-390
619,UTX,2020-03-11,0 days 15:50:22.511037,424087,107.85,107.82,205,160,-690,87449
620,UTX,2020-03-11,0 days 15:50:27.522523,336738,107.89,107.87,284,300,87249,-790
621,UTX,2020-03-11,0 days 15:50:31.532145,423480,107.95,107.87,403,300,-1297,87349
622,UTX,2020-03-11,0 days 15:50:37.545883,336738,107.89,107.87,259,110,87349,-790
623,UTX,2020-03-11,0 days 15:50:38.548258,424087,107.87,107.83,104,2,-690,87349
624,UTX,2020-03-11,0 days 15:50:50.577090,336738,107.94,107.91,100,400,86842,-890
625,UTX,2020-03-11,0 days 15:50:51.579395,424087,107.85,107.81,400,139,-690,86842
626,UTX,2020-03-11,0 days 15:50:55.589087,424777,107.75,107.71,300,10,708,-290
627,UTX,2020-03-11,0 days 15:50:58.596389,424487,107.76,107.73,191,200,-290,808
628,UTX,2020-03-11,0 days 15:51:00.602163,424777,107.74,107.69,400,100,808,-290
629,UTX,2020-03-11,0 days 15:52:44.851130,424387,107.78,107.77,133,100,-390,89142
630,UTX,2020-03-11,0 days 15:52:47.861375,336738,107.9,107.87,100,14,87249,-690
631,UTX,2020-03-11,0 days 15:52:48.859982,423887,107.89,107.86,320,139,-890,87249
632,UTX,2020-03-11,0 days 15:52:49.864704,336738,107.85,107.83,100,200,87349,-890
633,UTX,2020-03-11,0 days 15:52:52.869362,424387,107.82,107.78,261,100,-390,87749
634,UTX,2020-03-11,0 days 15:52:57.882153,336738,107.87,107.84,504,39,87349,-690
635,UTX,2020-03-11,0 days 15:53:06.903502,339403,108.08,108.03,100,200,83977,-4062
636,UTX,2020-03-11,0 days 15:53:09.910181,423380,108.09,108.04,350,500,-4062,83779
637,UTX,2020-03-11,0 days 15:53:12.918428,339403,108.13,108.1,260,138,83977,-4260
638,UTX,2020-03-11,0 days 15:53:16.926692,339403,108.15,108.11,100,300,83977,-4260
639,UTX,2020-03-11,0 days 15:53:18.931658,423182,108.12,108.11,42,281,-4260,83779
640,UTX,2020-03-11,0 days 15:53:20.938740,339403,108.14,108.13,5,200,83779,-4260
641,UTX,2020-03-11,0 days 15:53:21.939735,423182,108.14,108.1,200,900,-4260,83779
642,UTX,2020-03-11,0 days 15:53:24.946268,339403,108.12,108.1,900,200,83977,-4260
643,UTX,2020-03-11,0 days 15:53:25.948926,423182,108.15,108.14,308,61,-4260,83977
644,UTX,2020-03-11,0 days 15:53:29.958837,336738,107.98,107.95,326,55,86742,-1297
645,UTX,2020-03-11,0 days 15:53:30.959503,423480,107.98,107.9,300,120,-1297,86742
646,UTX,2020-03-11,0 days 15:53:31.961913,336738,108.01,107.97,300,468,86742,-1297
647,UTX,2020-03-11,0 days 15:53:32.964233,423480,107.98,107.96,300,20,-1297,86742
648,UTX,2020-03-11,0 days 15:53:35.971096,339403,108.02,108.0,200,100,83977,-1297
649,UTX,2020-03-11,0 days 15:53:37.976002,423380,108.05,108.01,100,100,-4062,83977
650,UTX,2020-03-11,0 days 15:53:45.995545,423480,107.98,107.91,258,100,-1297,83977
651,UTX,2020-03-11,0 days 15:53:46.997873,336738,107.97,107.9,250,257,87049,-1297
652,UTX,2020-03-11,0 days 15:53:47.999996,423480,107.95,107.9,200,56,-1297,87049
653,UTX,2020-03-11,0 days 15:53:49.003414,336738,107.94,107.91,300,100,86842,-1297
654,UTX,2020-03-11,0 days 15:53:53.012553,423380,108.05,107.98,400,259,-4062,83977
655,UTX,2020-03-11,0 days 15:53:59.026097,339403,108.12,108.11,158,100,83779,-4062
656,UTX,2020-03-11,0 days 15:54:03.037089,339403,108.28,108.2,100,200,83779,-4260
657,UTX,2020-03-11,0 days 15:54:10.053285,339403,108.18,108.15,200,300,83779,-4260
658,UTX,2020-03-11,0 days 15:54:18.072928,339403,108.05,108.03,300,200,83977,-4062
659,UTX,2020-03-11,0 days 15:54:19.073919,423380,108.03,108.01,100,157,-4062,83977
660,UTX,2020-03-11,0 days 15:54:25.089392,339403,108.12,108.09,67,257,83977,-4062
661,UTX,2020-03-11,0 days 15:54:28.095867,339403,108.2,108.15,604,200,83779,-4260
662,UTX,2020-03-11,0 days 15:54:29.098090,423182,108.19,108.15,461,100,-4260,83779
663,UTX,2020-03-11,0 days 15:54:34.110319,423380,108.04,107.99,400,200,-4062,86742
664,UTX,2020-03-11,0 days 15:54:38.120245,336738,107.97,107.94,400,278,86742,-4062
665,UTX,2020-03-11,0 days 15:54:43.131370,424777,107.76,107.71,300,200,808,-390
666,UTX,2020-03-11,0 days 15:55:03.182274,497764,107.69,107.67,300,100,-3242,99537
667,UTX,2020-03-11,0 days 15:55:05.187211,398327,107.7,107.68,200,200,99537,-3242
668,UTX,2020-03-11,0 days 15:55:08.195753,497764,107.69,107.67,100,150,-3242,99537
669,UTX,2020-03-11,0 days 15:55:24.234083,497669,107.73,107.72,5,859,-3394,99385
670,UTX,2020-03-11,0 days 15:55:25.239729,398384,107.73,107.72,105,155,99385,-3394
671,UTX,2020-03-11,0 days 15:55:31.251125,498464,107.71,107.7,500,10,-2599,99385
672,UTX,2020-03-11,0 days 15:56:42.420537,507127,107.73,107.71,5,419,30676,-2599
673,VGR,2020-03-11,0 days 15:56:22.372772,96482,11.36,11.35,1100,1774,-1737,163
674,VGR,2020-03-11,0 days 15:56:23.375596,96319,11.36,11.35,824,1774,163,-1737
675,VICI,2020-03-11,0 days 15:50:01.367445,331628,20.72,20.7,1698,284,-51629,14024
676,VIPS,2020-03-11,0 days 15:55:00.560492,156137,16.23,16.22,15434,2377,14374,-527
677,VIPS,2020-03-11,0 days 15:55:01.564272,155611,16.23,16.22,14134,7480,-526,14374
678,VLO,2020-03-11,0 days 15:50:02.459071,535411,54.31,54.28,31,300,-40317,102811
679,VLO,2020-03-11,0 days 15:50:34.534961,438050,54.01,54.0,603,3297,100554,-37424
680,VLO,2020-03-11,0 days 15:50:41.552556,438050,54.07,54.03,430,600,100254,-37724
681,VLO,2020-03-11,0 days 15:50:43.560341,538004,54.05,54.03,200,301,-38224,100254
682,VLO,2020-03-11,0 days 15:50:51.576059,438050,54.04,54.0,496,3220,100454,-37924
683,VLO,2020-03-11,0 days 15:51:00.599317,538504,54.02,54.0,200,1544,-37924,100254
684,VLO,2020-03-11,0 days 15:51:08.617547,438050,54.0,53.98,163,440,100754,-37924
685,VLO,2020-03-11,0 days 15:51:18.640883,438050,54.0,53.99,573,200,100554,-37624
686,VLO,2020-03-11,0 days 15:51:24.654920,438050,54.01,54.0,277,612,100554,-38024
687,VLO,2020-03-11,0 days 15:51:26.661907,538604,54.01,53.99,290,500,-38024,100554
688,VLO,2020-03-11,0 days 15:51:52.721870,538604,54.01,53.99,834,600,-38324,100554
689,VLO,2020-03-11,0 days 15:52:09.763196,438050,53.94,53.93,400,200,101254,-37424
690,VLO,2020-03-11,0 days 15:52:10.766932,539304,53.94,53.91,850,450,-37624,101254
691,VLO,2020-03-11,0 days 15:52:11.767511,438050,53.96,53.94,400,500,101054,-37624
692,VLO,2020-03-11,0 days 15:52:13.772431,539004,53.97,53.94,200,800,-37924,101054
693,VLO,2020-03-11,0 days 15:52:17.782041,538804,53.97,53.95,358,400,-38124,100954
694,VLO,2020-03-11,0 days 15:52:27.805672,539304,53.94,53.92,200,708,-37624,101054
695,VLO,2020-03-11,0 days 15:52:32.818130,538604,54.0,53.96,100,701,-38324,100954
696,VLO,2020-03-11,0 days 15:52:47.858415,438050,53.97,53.93,100,600,101254,-37324
697,VLO,2020-03-11,0 days 15:52:51.863832,538504,54.01,53.98,420,635,-38424,100454
698,VLO,2020-03-11,0 days 15:52:56.875634,438050,53.99,53.96,960,400,100954,-38124
699,VLO,2020-03-11,0 days 15:52:57.877680,538604,54.01,53.98,300,242,-38324,100954
700,VLO,2020-03-11,0 days 15:53:01.888127,438050,54.03,54.02,2251,100,100454,-38324
701,VLO,2020-03-11,0 days 15:53:06.899430,537704,54.12,54.07,200,822,-39224,99954
702,VLO,2020-03-11,0 days 15:53:10.908908,537504,54.12,54.09,178,438,-39424,99654
703,VLO,2020-03-11,0 days 15:53:34.966518,438050,54.04,54.02,100,100,100454,-38424
704,VLO,2020-03-11,0 days 15:53:40.981080,438050,54.08,54.07,500,300,99754,-38924
705,VLO,2020-03-11,0 days 15:53:46.995027,537704,54.11,54.1,300,11,-39224,99654
706,VLO,2020-03-11,0 days 15:53:49.001965,438050,54.11,54.1,499,300,99654,-39224
707,VLO,2020-03-11,0 days 15:53:54.012188,536111,54.19,54.12,100,549,-40817,99654
708,VLO,2020-03-11,0 days 15:54:00.027344,438050,54.16,54.14,300,400,98261,-40617
709,VLO,2020-03-11,0 days 15:54:14.063415,535911,54.21,54.17,229,500,-41017,97761
710,VLO,2020-03-11,0 days 15:54:21.077605,535811,54.21,54.18,200,500,-41117,98061
711,VLO,2020-03-11,0 days 15:54:51.148943,438050,54.31,54.29,420,2,97361,-41517
712,VMW,2020-03-11,0 days 15:56:04.278238,66912,106.0,105.96,3,100,-240,2760
713,VMW,2020-03-11,0 days 15:56:05.277080,64452,106.0,105.96,3,108,2460,-240
714,VVV,2020-03-11,0 days 15:55:01.087872,439299,17.51,17.5,155,3348,1092,-31873
715,VVV,2020-03-11,0 days 15:55:45.192928,440391,17.53,17.52,2116,1900,-233,892
716,VVV,2020-03-11,0 days 15:55:46.195971,439624,17.53,17.52,2916,1800,767,-233
717,W,2020-03-11,0 days 15:55:00.083939,149316,45.23,45.16,641,200,-22398,13346
718,W,2020-03-11,0 days 15:55:38.176406,140162,45.15,45.14,117,100,22453,-22250
719,W,2020-03-11,0 days 15:55:47.198244,169715,45.21,45.18,120,400,-2651,28953
720,W,2020-03-11,0 days 15:56:22.281720,140762,45.15,45.14,349,100,30144,-2546
721,WAL,2020-03-11,0 days 15:56:11.323538,65399,32.39,32.38,200,1,-16,596
722,WAL,2020-03-11,0 days 15:56:21.349641,64126,32.39,32.38,300,1,1273,-27
723,WCC,2020-03-11,0 days 15:55:00.176737,41908,28.5,28.48,300,200,-4663,722
724,WCC,2020-03-11,0 days 15:55:25.240112,41908,28.5,28.49,100,200,-4663,3247
725,WCC,2020-03-11,0 days 15:55:42.276329,32771,28.51,28.49,200,200,11468,-4663
726,WEC,2020-03-11,0 days 15:55:00.083528,213269,97.69,97.61,113,100,2054,-4155
727,WEC,2020-03-11,0 days 15:55:01.086544,211723,97.74,97.59,313,271,-1546,2054
728,WEC,2020-03-11,0 days 15:55:26.146656,213309,97.71,97.68,300,171,2938,-1362
729,WEC,2020-03-11,0 days 15:55:41.183187,212158,97.69,97.68,200,171,-1151,2938
730,WMB,2020-03-11,0 days 15:56:13.356426,1082212,16.06,16.05,6200,8579,5273,-12
731,WMB,2020-03-11,0 days 15:56:14.359039,1080385,16.06,16.05,7000,7414,-1627,5273
732,WMT,2020-03-11,0 days 15:56:34.309892,896035,114.65,114.62,100,400,1787,-513
733,WMT,2020-03-11,0 days 15:56:35.313322,890422,114.65,114.62,100,710,-5613,1787
734,WORK,2020-03-11,0 days 15:55:14.217904,69711,23.64,23.61,200,800,3452,-748
735,XEC,2020-03-11,0 days 15:55:00.177163,485274,16.4,16.38,1012,1704,-2608,17203
736,XEC,2020-03-11,0 days 15:55:01.177297,479582,16.38,16.35,1226,627,5692,-2608
737,YEXT,2020-03-11,0 days 15:56:07.282557,65397,13.48,13.47,311,800,1838,-485
738,YEXT,2020-03-11,0 days 15:56:12.294496,65135,13.48,13.46,900,1102,-362,1038
739,YPF,2020-03-11,0 days 15:55:00.120672,52455,5.43,5.42,2263,864,-1598,4240
740,YUM,2020-03-11,0 days 15:55:00.180519,306120,80.95,80.89,100,2,-8008,81171
741,YUM,2020-03-11,0 days 15:55:01.182529,298128,80.94,80.87,200,600,7992,-8008
742,YUMC,2020-03-11,0 days 15:55:45.192952,210367,41.66,41.64,1,622,-2750,5844
743,YUMC,2020-03-11,0 days 15:55:46.196004,205617,41.68,41.66,500,137,4750,-2750
744,YUMC,2020-03-11,0 days 15:56:11.255087,209161,41.68,41.66,1100,300,-1151,2944
745,YUMC,2020-03-11,0 days 15:56:12.258004,204912,41.68,41.66,874,200,4249,-1151
746,ZEN,2020-03-11,0 days 15:53:03.802484,32792,65.68,65.63,202,100,-43,14763
747,ZEN,2020-03-11,0 days 15:53:07.814425,32792,65.67,65.64,20,100,-43,14563
748,ZEN,2020-03-11,0 days 15:53:08.814109,18229,65.69,65.66,200,100,14563,-43
749,ZEN,2020-03-11,0 days 15:53:09.816726,32792,65.68,65.64,101,200,-43,14563
750,ZEN,2020-03-11,0 days 15:53:21.846036,18229,65.7,65.67,1,100,14563,-43
751,ZEN,2020-03-11,0 days 15:53:29.864437,32635,65.63,65.58,300,221,157,-43
752,ZEN,2020-03-11,0 days 15:53:40.891266,32792,65.66,65.62,10,250,-43,14763
753,ZEN,2020-03-11,0 days 15:53:51.917912,32792,65.81,65.76,10,250,-43,14563
754,ZEN,2020-03-11,0 days 15:54:08.958777,32232,65.94,65.9,200,200,-803,13803
755,ZEN,2020-03-11,0 days 15:54:21.990315,18229,65.83,65.8,200,100,14563,-43
756,ZEN,2020-03-11,0 days 15:54:22.991141,32792,65.82,65.78,102,300,-43,14563
757,ZEN,2020-03-11,0 days 15:54:27.001042,18229,65.87,65.84,1,100,14463,-43
758,ZEN,2020-03-11,0 days 15:54:52.060990,18229,65.76,65.7,100,300,14563,-43
759,ZEN,2020-03-11,0 days 15:54:58.075742,32792,65.76,65.71,400,302,-43,14563
760,ZEN,2020-03-11,0 days 15:55:00.084191,57247,65.72,65.68,301,300,10245,-43
761,ZTO,2020-03-11,0 days 15:54:32.014400,89027,27.49,27.48,100,800,33335,-12965
762,ZTS,2020-03-11,0 days 15:55:00.152537,521187,131.08,130.97,115,104,-2194,43378
763,ZTS,2020-03-11,0 days 15:55:01.154419,519181,131.04,130.94,674,200,2023,-2194
764,ZTS,2020-03-11,0 days 15:55:09.175512,521053,131.09,131.03,20,200,-1443,1730
765,ZTS,2020-03-11,0 days 15:55:13.184070,520096,131.09,131.06,20,100,2115,-1443
