,Symbol,Timestamp,TIME,iPaired,Ask_P,Bid_P,Ask_S,Bid_S,iShares,PreviShares
0,AA,2020-10-27,0 days 15:56:01.219898,245856,13.04,13.03,3997,5271,-26,9774
1,AA,2020-10-27,0 days 15:56:11.219756,232269,13.04,13.03,6793,4779,13587,-26
2,AA,2020-10-27,0 days 15:57:31.221675,245856,13.03,13.02,4517,4357,-5528,4272
3,AA,2020-10-27,0 days 15:57:32.221647,234084,13.03,13.02,5417,4757,11772,-5528
4,AA,2020-10-27,0 days 15:59:02.225649,241539,13.04,13.03,4800,6321,2899,-5531
5,AA,2020-10-27,0 days 15:59:23.225109,244038,13.03,13.02,6800,9400,-14015,5851
6,ABB,2020-10-27,0 days 15:57:14.242422,34040,25.59,25.58,1023,21490,466,-34
7,ABB,2020-10-27,0 days 15:57:15.242522,32606,25.59,25.58,2923,22992,-1434,466
8,ABB,2020-10-27,0 days 15:58:13.246295,34640,25.59,25.58,7480,8685,178,-422
9,ABB,2020-10-27,0 days 15:58:14.246053,33218,25.59,25.58,7480,10187,-1422,178
10,ABB,2020-10-27,0 days 15:59:17.248475,36229,25.59,25.58,3752,20403,316,-120
11,ABB,2020-10-27,0 days 15:59:22.248836,35059,25.59,25.58,3652,21373,-1170,530
12,ABB,2020-10-27,0 days 15:59:28.249353,36229,25.59,25.58,4015,19203,7266,-1170
13,ABB,2020-10-27,0 days 15:59:29.249247,35695,25.59,25.58,4015,20673,-534,7266
14,ABEV,2020-10-27,0 days 15:58:58.258216,114835,2.45,2.44,427772,190067,988,-2320
15,ABEV,2020-10-27,0 days 15:59:12.260052,115823,2.45,2.44,440855,137578,-7698,173
16,ABT,2020-10-27,0 days 15:55:00.248261,309036,108.59,108.58,210,108,12525,-45398
17,ABT,2020-10-27,0 days 15:55:06.248874,319061,108.59,108.57,980,100,-3864,3425
18,ABT,2020-10-27,0 days 15:55:07.248232,314025,108.55,108.53,200,300,7536,-3864
19,ABT,2020-10-27,0 days 15:55:44.254343,325341,108.5,108.47,100,302,-880,5616
20,ABT,2020-10-27,0 days 15:55:52.251681,326221,108.46,108.45,101,177,769,-716
21,ABT,2020-10-27,0 days 15:58:05.256798,367130,108.52,108.5,100,193,-1355,7110
22,ABT,2020-10-27,0 days 15:58:06.256338,359986,108.5,108.45,220,100,10585,-1355
23,ABT,2020-10-27,0 days 15:59:09.260297,381839,108.46,108.37,560,100,-136216,3247
24,ABT,2020-10-27,0 days 15:59:23.261106,533278,108.45,108.43,192,320,6581,-111810
25,ABT,2020-10-27,0 days 15:59:24.259658,537608,108.53,108.5,120,689,-854,6581
26,ABT,2020-10-27,0 days 15:59:25.260128,538162,108.53,108.51,135,200,1446,-854
27,ABT,2020-10-27,0 days 15:59:27.260445,531829,108.52,108.47,100,100,-6390,1446
28,ABT,2020-10-27,0 days 15:59:28.260027,530919,108.52,108.48,120,100,2826,-6390
29,ABT,2020-10-27,0 days 15:59:40.260916,549819,108.51,108.49,100,400,13107,-1902
30,ABT,2020-10-27,0 days 15:59:41.261792,563672,108.54,108.51,400,210,-9297,13107
31,ABT,2020-10-27,0 days 15:59:42.260784,562074,108.52,108.51,325,327,718,-9297
32,ABT,2020-10-27,0 days 15:59:45.263131,565984,108.55,108.53,500,300,-4163,3817
33,ABT,2020-10-27,0 days 15:59:46.261872,565467,108.55,108.54,252,100,1326,-4163
34,ACB,2020-10-27,0 days 15:57:05.236428,75620,4.0,3.99,93783,25549,-33221,47779
35,ACB,2020-10-27,0 days 15:57:06.237033,70341,3.99,3.98,38330,26290,5279,-33221
36,ACB,2020-10-27,0 days 15:58:02.238083,75477,3.99,3.98,69216,11536,-59,6755
37,ACB,2020-10-27,0 days 15:58:04.238362,70336,3.99,3.98,89216,10236,2355,-59
38,ACI,2020-10-27,0 days 15:55:41.251652,63882,14.91,14.9,2981,1150,-11,1041
39,ACI,2020-10-27,0 days 15:55:44.254423,61893,14.91,14.9,3427,1216,1989,-11
40,ACI,2020-10-27,0 days 15:59:13.260372,68698,14.89,14.88,567,900,-14194,225
41,ACI,2020-10-27,0 days 15:59:14.259758,68166,14.89,14.87,1167,3700,332,-14194
42,ADM,2020-10-27,0 days 15:55:00.243026,258254,50.48,50.47,881,1571,15,-82049
43,ADM,2020-10-27,0 days 15:55:04.242352,277469,50.48,50.47,590,1204,-45685,15
44,ADM,2020-10-27,0 days 15:55:17.243560,267560,50.47,50.46,900,2300,9909,-54991
45,ADM,2020-10-27,0 days 15:55:18.243322,264569,50.48,50.47,400,1573,-2991,9909
46,ADM,2020-10-27,0 days 15:57:37.244275,310177,50.4,50.39,1431,1473,329,-5071
47,ADM,2020-10-27,0 days 15:59:04.248026,315526,50.44,50.43,561,1829,4189,-4222
48,ADM,2020-10-27,0 days 15:59:05.249110,312215,50.45,50.44,1601,1527,-1920,4189
49,ADM,2020-10-27,0 days 15:59:08.248053,309308,50.43,50.42,1409,129,-2935,2065
50,ADM,2020-10-27,0 days 15:59:22.248937,295569,50.43,50.42,1643,229,15705,-3895
51,ADM,2020-10-27,0 days 15:59:23.249591,325474,50.43,50.42,605,1237,-3772,15705
52,ADM,2020-10-27,0 days 15:59:46.250389,359703,50.4,50.39,1784,639,7964,-7703
53,ADM,2020-10-27,0 days 15:59:47.250262,356783,50.41,50.4,675,1139,-6221,7964
54,ADT,2020-10-27,0 days 15:52:37.246273,66811,7.2,7.19,10392,7267,799,-2493
55,ADT,2020-10-27,0 days 15:55:00.249614,144304,7.18,7.17,9069,3891,-2992,799
56,ADT,2020-10-27,0 days 15:55:55.251586,144684,7.18,7.17,10402,1800,-2612,388
57,ADT,2020-10-27,0 days 15:57:47.255330,167904,7.16,7.15,17781,4700,10,-8255
58,ADT,2020-10-27,0 days 15:57:50.258468,165514,7.16,7.15,17481,5145,-2390,8610
59,ADT,2020-10-27,0 days 15:59:04.259261,166604,7.16,7.15,14881,6802,3040,-2960
60,ADT,2020-10-27,0 days 15:59:05.259728,164844,7.16,7.15,13981,6102,-1760,3040
61,ADT,2020-10-27,0 days 15:59:13.260569,166604,7.16,7.15,16092,8049,11706,-1679
62,AEG,2020-10-27,0 days 15:59:36.243527,12647,2.82,2.81,312917,18086,1235,-3165
63,AEO,2020-10-27,0 days 15:57:36.514268,85126,13.91,13.9,7082,2290,736,-664
64,AEO,2020-10-27,0 days 15:57:37.514184,82962,13.91,13.9,7018,2590,-2164,736
65,AEO,2020-10-27,0 days 15:58:11.516172,86265,13.91,13.9,5563,3782,3997,-1497
66,AEO,2020-10-27,0 days 15:58:12.515988,84362,13.91,13.9,4363,5282,-1903,3997
67,AEO,2020-10-27,0 days 15:58:59.518681,86265,13.91,13.9,1315,5581,238,-884
68,AEO,2020-10-27,0 days 15:59:00.518550,84603,13.92,13.91,3217,5500,-1662,238
69,AEO,2020-10-27,0 days 15:59:11.518544,87882,13.92,13.91,2100,6749,14328,-1704
70,AEO,2020-10-27,0 days 15:59:48.507870,106553,13.93,13.92,300,6967,-3039,26
71,AES,2020-10-27,0 days 15:55:00.242308,319179,20.35,20.34,2787,9524,40268,-161653
72,AES,2020-10-27,0 days 15:55:01.242383,304047,20.36,20.35,7072,5336,-15132,40268
73,AES,2020-10-27,0 days 15:56:44.245142,322430,20.35,20.34,9862,4315,533,-1517
74,AES,2020-10-27,0 days 15:59:02.247777,353727,20.35,20.34,4577,10497,16156,-2944
75,AES,2020-10-27,0 days 15:59:23.249390,350127,20.35,20.34,5406,12913,447,-3296
76,AES,2020-10-27,0 days 15:59:25.248957,348774,20.35,20.34,5393,11500,-1353,747
77,AES,2020-10-27,0 days 15:59:30.251744,350127,20.35,20.34,6393,9600,5055,-1353
78,AES,2020-10-27,0 days 15:59:31.248992,349282,20.35,20.34,9402,10500,-845,5055
79,AFL,2020-10-27,0 days 15:59:41.244829,369988,35.45,35.44,1878,208,-2793,4807
80,AFL,2020-10-27,0 days 16:00:00.243986,375139,35.41,35.35,200,100,233,-12367
81,AGI,2020-10-27,0 days 15:59:45.118710,141341,8.86,8.85,10192,41388,-3715,1285
82,AIG,2020-10-27,0 days 15:55:29.244356,359693,31.21,31.2,5315,400,3103,-1797
83,AIG,2020-10-27,0 days 15:55:30.244141,351896,31.21,31.2,5620,300,-7797,3103
84,AIG,2020-10-27,0 days 15:55:55.244824,361012,31.18,31.17,2500,3079,153,-4138
85,AIG,2020-10-27,0 days 15:56:02.245572,360887,31.17,31.16,400,3100,-125,153
86,AIG,2020-10-27,0 days 15:56:08.244911,361012,31.17,31.16,5924,2573,433,-125
87,AIG,2020-10-27,0 days 15:56:10.244939,361445,31.18,31.17,2872,3841,-1903,433
88,AIG,2020-10-27,0 days 15:57:34.244066,369132,31.22,31.21,5076,3408,2661,-5539
89,AIG,2020-10-27,0 days 15:57:35.244013,363793,31.22,31.21,4576,3308,-5339,2661
90,AIG,2020-10-27,0 days 15:58:12.246434,369736,31.18,31.17,9109,4287,21056,-2371
91,AIG,2020-10-27,0 days 15:58:13.246385,365292,31.18,31.17,9109,3962,-5225,21056
92,AIG,2020-10-27,0 days 15:59:04.248043,373876,31.19,31.18,7709,5816,697,-1703
93,AIG,2020-10-27,0 days 15:59:05.249124,371973,31.19,31.18,7809,6416,-1694,697
94,AIG,2020-10-27,0 days 15:59:07.249545,373667,31.19,31.18,9009,6706,3094,-1694
95,AIG,2020-10-27,0 days 15:59:08.248069,374561,31.19,31.18,9309,5416,-1509,3094
96,AIG,2020-10-27,0 days 15:59:46.250610,545164,31.24,31.23,4982,5527,6466,-6395
97,AIG,2020-10-27,0 days 15:59:50.258180,482644,31.21,31.19,5999,6690,-60213,178
98,AIV,2020-10-27,0 days 15:55:54.102270,88492,32.03,32.02,450,766,-1022,990
99,AIV,2020-10-27,0 days 15:55:55.102738,86914,32.03,32.02,450,743,1578,-1022
100,AIV,2020-10-27,0 days 15:56:06.102528,88492,32.02,32.01,1746,100,-140,1578
101,AIV,2020-10-27,0 days 15:56:07.102561,87032,32.02,32.01,1746,100,1460,-140
102,AIV,2020-10-27,0 days 15:58:12.107629,93992,31.97,31.95,700,694,-783,517
103,AIV,2020-10-27,0 days 15:58:13.107344,92964,31.97,31.96,800,300,928,-783
104,AIV,2020-10-27,0 days 15:59:14.109743,93006,31.97,31.96,100,1017,-738,930
105,AIV,2020-10-27,0 days 15:59:32.111104,106203,31.94,31.93,1205,700,1042,-3381
106,AIV,2020-10-27,0 days 15:59:33.111200,105445,31.94,31.93,635,700,-1148,1042
107,ALK,2020-10-27,0 days 15:55:00.106007,75411,37.49,37.48,939,1411,510,-5396
108,ALK,2020-10-27,0 days 15:57:38.113181,82408,37.48,37.46,600,307,-561,239
109,ALK,2020-10-27,0 days 15:57:40.112152,81469,37.48,37.46,500,417,939,-161
110,ALK,2020-10-27,0 days 15:57:42.111642,82408,37.48,37.46,400,856,-261,939
111,ALK,2020-10-27,0 days 15:57:43.111865,81569,37.48,37.46,601,956,839,-261
112,ALK,2020-10-27,0 days 15:57:48.112248,83173,37.48,37.46,601,707,-92,743
113,ALK,2020-10-27,0 days 15:57:49.112148,82965,37.48,37.46,601,807,208,-92
114,ALK,2020-10-27,0 days 15:57:50.112560,83173,37.48,37.47,100,300,-92,208
115,ALK,2020-10-27,0 days 15:57:51.112827,82439,37.48,37.47,500,200,734,-92
116,ALK,2020-10-27,0 days 15:57:54.112191,87373,37.48,37.47,1020,140,-921,634
117,ALK,2020-10-27,0 days 15:58:12.114675,88494,37.47,37.46,200,400,1023,-477
118,ALK,2020-10-27,0 days 15:58:13.115442,87617,37.47,37.46,400,200,-877,1023
119,ALK,2020-10-27,0 days 15:59:44.116192,96923,37.48,37.46,784,799,11319,-1187
120,ALLY,2020-10-27,0 days 15:57:35.514210,146396,27.39,27.38,2686,2901,32,-449
121,ALLY,2020-10-27,0 days 15:57:37.514197,145828,27.39,27.38,2566,4664,-568,732
122,ALLY,2020-10-27,0 days 15:57:49.515125,146538,27.38,27.37,860,3473,390,-10
123,ALLY,2020-10-27,0 days 15:58:14.515812,147041,27.37,27.36,1631,4029,-1700,300
124,ALLY,2020-10-27,0 days 15:58:15.515818,146904,27.37,27.36,1646,4109,137,-1700
125,ALLY,2020-10-27,0 days 15:58:24.515874,146641,27.37,27.36,517,4313,-263,2437
126,ALLY,2020-10-27,0 days 15:58:55.517578,148146,27.39,27.38,1890,4372,1208,-320
127,ALLY,2020-10-27,0 days 15:58:56.517025,146554,27.39,27.38,2190,3685,-792,1208
128,ALLY,2020-10-27,0 days 15:59:23.505876,387545,27.34,27.33,8277,800,763,-13913
129,ALLY,2020-10-27,0 days 15:59:44.506559,388445,27.34,27.33,9451,300,5,-6664
130,AM,2020-10-27,0 days 15:55:00.217772,131523,6.36,6.35,5576,14381,2548,-65934
131,AM,2020-10-27,0 days 15:58:11.223607,134926,6.35,6.34,7106,13584,-1105,2595
132,AM,2020-10-27,0 days 15:58:12.223609,132331,6.35,6.34,6300,13797,2595,-1105
133,AM,2020-10-27,0 days 15:58:17.223512,134926,6.35,6.34,6840,12484,-1105,2595
134,AM,2020-10-27,0 days 15:58:18.223827,132331,6.35,6.34,6673,12397,2595,-1105
135,AM,2020-10-27,0 days 15:58:27.223903,134926,6.35,6.34,6034,13077,-105,2595
136,AM,2020-10-27,0 days 15:58:31.224385,132731,6.35,6.34,2447,10690,2195,-105
137,AM,2020-10-27,0 days 15:59:31.224806,134767,6.37,6.36,4930,9431,394,-106
138,AM,2020-10-27,0 days 15:59:32.224380,135161,6.37,6.36,5456,9656,-6106,394
139,AM,2020-10-27,0 days 15:59:45.228074,141567,6.37,6.36,15887,1223,2094,-2906
140,AMC,2020-10-27,0 days 15:55:00.248067,40687,2.81,2.8,13002,12723,373,-15696
141,AMC,2020-10-27,0 days 15:59:21.259962,39737,2.79,2.78,3800,3083,3114,-3086
142,AMC,2020-10-27,0 days 15:59:36.259802,42851,2.79,2.78,3300,11842,-843,1157
143,AMCR,2020-10-27,0 days 15:55:46.234092,958166,10.59,10.58,16628,20558,-428,6872
144,AMCR,2020-10-27,0 days 15:55:47.233927,952294,10.59,10.58,17228,22358,5872,-428
145,AMCR,2020-10-27,0 days 15:57:34.236978,962966,10.59,10.58,5983,27664,-3464,3036
146,AMCR,2020-10-27,0 days 15:57:36.237005,949330,10.59,10.58,13926,18335,13636,-2364
147,AMCR,2020-10-27,0 days 15:59:48.244275,1117594,10.57,10.56,34893,11764,1120,-21164
148,AMWL,2020-10-27,0 days 15:59:20.249862,16644,30.79,30.6,800,248,-2420,500
149,AMWL,2020-10-27,0 days 15:59:21.250125,16364,30.79,30.67,800,200,280,-2420
150,AMWL,2020-10-27,0 days 15:59:39.249878,16744,30.78,30.6,500,248,-2620,280
151,AMWL,2020-10-27,0 days 15:59:40.250266,16464,30.7,30.6,800,248,180,-2620
152,AMWL,2020-10-27,0 days 15:59:46.251276,16644,30.7,30.61,800,300,-340,180
153,AMWL,2020-10-27,0 days 15:59:47.250636,16384,30.7,30.6,800,100,260,-340
154,AMX,2020-10-27,0 days 15:56:44.220755,26197,12.39,12.38,9301,10209,377,-1673
155,AMX,2020-10-27,0 days 15:56:45.220991,25374,12.39,12.38,9216,10209,-823,377
156,AMX,2020-10-27,0 days 15:57:36.222071,26197,12.39,12.38,15775,3733,5356,-7444
157,AMX,2020-10-27,0 days 15:57:37.222033,25453,12.39,12.38,16373,3133,-744,5356
158,AMX,2020-10-27,0 days 15:57:40.221694,26197,12.39,12.38,12002,11273,156,-744
159,AMX,2020-10-27,0 days 15:57:41.222370,19653,12.39,12.38,12087,8893,-6544,156
160,AMX,2020-10-27,0 days 15:58:07.223349,30627,12.39,12.38,17604,8847,1300,-7027
161,AMX,2020-10-27,0 days 15:58:08.223177,29527,12.39,12.38,17604,8847,-1100,1300
162,AMX,2020-10-27,0 days 15:59:01.226652,30627,12.39,12.38,17001,7555,5565,-7135
163,AMX,2020-10-27,0 days 15:59:02.225675,30092,12.39,12.38,17180,6977,-535,5565
164,AMX,2020-10-27,0 days 15:59:17.224942,30594,12.39,12.38,10530,15726,1586,-214
165,APLE,2020-10-27,0 days 15:59:32.110950,91103,9.99,9.98,6198,1707,2427,-379
166,APLE,2020-10-27,0 days 15:59:33.111113,89630,9.99,9.98,3684,2294,-1173,2427
167,APLE,2020-10-27,0 days 15:59:46.111903,90803,9.99,9.98,4740,2972,2847,-173
168,AR,2020-10-27,0 days 15:55:00.242256,138680,3.65,3.64,11622,20024,182574,-10211
169,AR,2020-10-27,0 days 15:56:09.244430,321597,3.65,3.64,20988,12900,-102494,182506
170,AR,2020-10-27,0 days 15:56:10.244284,304091,3.65,3.64,20288,12900,17506,-102494
171,AR,2020-10-27,0 days 15:56:12.244893,321597,3.65,3.64,26631,12600,-2239,17036
172,AR,2020-10-27,0 days 15:56:13.244474,305936,3.65,3.64,26524,9327,15661,-2239
173,AR,2020-10-27,0 days 15:58:01.246948,307448,3.66,3.65,19341,24215,-888,13102
174,AR,2020-10-27,0 days 15:58:02.245174,296236,3.66,3.65,22641,27615,11212,-888
175,AR,2020-10-27,0 days 15:59:40.250261,308448,3.66,3.65,48448,11843,5166,-39634
176,ARMK,2020-10-27,0 days 15:55:27.239390,67103,28.84,28.81,1227,200,1618,-3220
177,ARMK,2020-10-27,0 days 15:55:28.240113,65721,28.84,28.81,1179,200,-1382,1618
178,ARMK,2020-10-27,0 days 15:55:34.239465,67103,28.82,28.81,513,206,2692,-1382
179,ARMK,2020-10-27,0 days 15:55:35.239496,66095,28.82,28.81,613,306,-1008,2692
180,ARMK,2020-10-27,0 days 15:57:22.241357,72397,28.81,28.78,300,600,-981,2319
181,ARMK,2020-10-27,0 days 15:59:31.246884,100448,28.78,28.76,500,300,-1615,1523
182,ARMK,2020-10-27,0 days 15:59:40.247635,102825,28.77,28.75,588,715,3523,-1615
183,ARMK,2020-10-27,0 days 15:59:41.248522,101248,28.77,28.75,388,815,-815,3523
184,ARMK,2020-10-27,0 days 15:59:46.248093,103118,28.77,28.76,100,710,1559,-1331
185,ARMK,2020-10-27,0 days 15:59:47.247649,101677,28.77,28.76,100,710,-1640,1559
186,AROC,2020-10-27,0 days 15:55:29.243137,53889,5.71,5.7,4120,2800,959,-1641
187,AROC,2020-10-27,0 days 15:55:30.242985,50948,5.71,5.7,4020,2800,-2941,959
188,AU,2020-10-27,0 days 15:55:00.242753,37988,24.69,24.68,2781,3793,-16655,15573
189,AU,2020-10-27,0 days 15:55:20.243702,37943,24.68,24.67,1908,5600,45,-455
190,AU,2020-10-27,0 days 15:56:02.245501,37588,24.71,24.7,1016,4310,-1339,117
191,AU,2020-10-27,0 days 15:56:45.245663,38727,24.73,24.72,3800,1300,415,-1139
192,AU,2020-10-27,0 days 15:57:22.242954,39218,24.73,24.72,4027,200,-109,191
193,AU,2020-10-27,0 days 15:57:25.243633,42927,24.73,24.72,4002,201,1230,-109
194,AU,2020-10-27,0 days 15:57:39.244039,44157,24.72,24.71,2502,2600,-70,630
195,AU,2020-10-27,0 days 15:57:40.243984,43627,24.72,24.71,2802,2400,530,-70
196,AU,2020-10-27,0 days 15:59:03.248359,45383,24.71,24.7,1153,4319,-46,196
197,AVTR,2020-10-27,0 days 15:59:32.248789,492706,24.44,24.43,1615,579,11486,-1997
198,AVTR,2020-10-27,0 days 15:59:33.248479,491792,24.44,24.43,338,300,-914,11486
199,AVTR,2020-10-27,0 days 15:59:47.250256,500223,24.47,24.45,1200,2231,-421,10479
200,AVTR,2020-10-27,0 days 15:59:48.249978,500644,24.46,24.45,176,931,9343,-421
201,AXP,2020-10-27,0 days 15:55:44.101914,220134,95.12,95.11,722,400,-5123,3363
202,AXP,2020-10-27,0 days 15:59:10.111755,292433,94.99,94.98,265,572,8918,-446
203,AXP,2020-10-27,0 days 15:59:11.109758,288451,94.99,94.98,609,500,-3682,8918
204,AXP,2020-10-27,0 days 15:59:39.111443,300162,94.96,94.95,400,1481,14344,-5424
205,AXP,2020-10-27,0 days 15:59:40.112330,298606,94.97,94.95,1200,2006,-1556,14344
206,AXP,2020-10-27,0 days 15:59:46.111819,281544,95.02,94.98,200,1021,-22710,15665
207,AXP,2020-10-27,0 days 15:59:52.112373,303154,94.94,94.91,318,100,17699,-2216
208,AXTA,2020-10-27,0 days 15:56:01.219898,273852,25.45,25.44,3959,607,-81,89
209,AXTA,2020-10-27,0 days 15:56:11.219756,274582,25.45,25.44,3268,1470,1264,-81
210,AXTA,2020-10-27,0 days 15:56:44.220742,275846,25.43,25.42,3408,612,-403,1446
211,AXTA,2020-10-27,0 days 15:56:45.220980,273349,25.43,25.42,3132,612,2497,-403
212,AXTA,2020-10-27,0 days 15:57:34.221813,276146,25.43,25.42,1907,1245,-103,1397
213,AXTA,2020-10-27,0 days 15:57:35.221796,274749,25.43,25.42,2007,1559,1397,-103
214,AXTA,2020-10-27,0 days 15:57:40.221678,274152,25.43,25.42,1567,2390,-1797,4197
215,AXTA,2020-10-27,0 days 15:57:41.222347,273049,25.43,25.42,1767,2190,1103,-1797
216,AXTA,2020-10-27,0 days 15:58:16.223311,275676,25.45,25.44,1101,1947,28,-772
217,AXTA,2020-10-27,0 days 15:58:22.223567,274525,25.45,25.44,1487,1995,1179,-2321
218,AXTA,2020-10-27,0 days 15:58:32.224071,275704,25.44,25.43,730,2515,-1021,379
219,AXTA,2020-10-27,0 days 15:58:33.224230,275325,25.44,25.43,1030,2515,379,-1021
220,AXTA,2020-10-27,0 days 15:58:35.224311,275704,25.44,25.43,1130,2215,-621,379
221,AXTA,2020-10-27,0 days 15:58:36.223910,275325,25.44,25.43,485,2615,379,-621
222,AXTA,2020-10-27,0 days 15:58:55.224257,276525,25.46,25.45,1885,2225,44,-1401
223,AXTA,2020-10-27,0 days 15:59:28.224735,288272,25.44,25.43,1794,1500,-716,1784
224,AXTA,2020-10-27,0 days 15:59:40.225294,286272,25.43,25.41,3308,2400,-113,3787
225,AXTA,2020-10-27,0 days 15:59:43.224590,286685,25.42,25.41,2159,1589,209,-113
226,BA,2020-10-27,0 days 15:55:57.511961,200638,155.5,155.45,500,274,-2065,535
227,BA,2020-10-27,0 days 15:56:28.512802,204912,155.22,155.18,700,400,10233,-1156
228,BA,2020-10-27,0 days 15:56:30.512630,202145,155.23,155.18,1600,200,-2764,1076
229,BA,2020-10-27,0 days 15:56:49.513625,204424,155.23,155.19,100,100,-888,9121
230,BA,2020-10-27,0 days 15:56:54.513710,204424,155.22,155.21,300,200,-888,8812
231,BA,2020-10-27,0 days 15:56:56.513767,203869,155.16,155.12,700,200,1155,-888
232,BA,2020-10-27,0 days 15:56:57.513368,203124,155.16,155.14,176,100,-745,1155
233,BA,2020-10-27,0 days 15:57:05.514115,210969,155.16,155.13,1200,1500,455,-8288
234,BA,2020-10-27,0 days 15:57:06.514468,209631,155.15,155.11,1500,1448,-1338,455
235,BA,2020-10-27,0 days 15:57:19.514498,212412,155.17,155.15,1500,300,12319,-16560
236,BA,2020-10-27,0 days 15:57:21.513516,209531,155.14,155.11,100,200,-1438,162
237,BA,2020-10-27,0 days 15:57:27.514756,210969,155.16,155.11,100,400,162,-1881
238,BA,2020-10-27,0 days 15:57:28.513392,209531,155.17,155.14,400,600,-1438,162
239,BA,2020-10-27,0 days 15:58:07.515698,216606,155.06,155.03,2402,200,260,-1840
240,BA,2020-10-27,0 days 15:58:08.516134,214866,155.05,155.03,100,300,-1740,260
241,BA,2020-10-27,0 days 15:58:28.516223,213266,155.1,155.05,700,600,-3919,81
242,BA,2020-10-27,0 days 15:58:38.515492,220382,155.18,155.15,200,300,1289,-9154
243,BA,2020-10-27,0 days 15:58:39.516021,218371,155.18,155.16,100,500,-2011,1289
244,BA,2020-10-27,0 days 15:58:44.516714,217185,155.11,155.06,100,300,1186,-2014
245,BA,2020-10-27,0 days 15:58:45.516140,215271,155.1,155.06,100,500,-1914,1186
246,BA,2020-10-27,0 days 15:58:52.516855,221101,155.18,155.14,500,600,670,-6173
247,BA,2020-10-27,0 days 15:58:53.516708,218771,155.17,155.15,400,600,-2330,670
248,BA,2020-10-27,0 days 15:59:04.517923,222353,155.15,155.11,400,791,718,-3225
249,BA,2020-10-27,0 days 15:59:06.517403,216471,155.17,155.14,100,500,-1556,5044
250,BA,2020-10-27,0 days 15:59:15.506416,231356,155.2,155.17,600,1084,37789,-4498
251,BA,2020-10-27,0 days 15:59:37.506833,239145,155.28,155.25,777,100,-76,3214
252,BA,2020-10-27,0 days 15:59:40.507359,239221,155.28,155.25,500,400,14,-76
253,BA,2020-10-27,0 days 15:59:41.506867,239135,155.28,155.26,1072,100,-86,14
254,BA,2020-10-27,0 days 15:59:45.508511,239221,155.25,155.21,400,100,9522,-86
255,BABA,2020-10-27,0 days 15:56:14.109828,482180,318.34,318.28,600,400,-1305,2661
256,BABA,2020-10-27,0 days 15:56:15.109597,481085,318.33,318.28,600,300,1095,-1305
257,BABA,2020-10-27,0 days 15:57:17.109671,484180,318.28,318.24,100,404,-297,20903
258,BABA,2020-10-27,0 days 15:59:03.117017,548753,317.53,317.5,100,300,6040,-7442
259,BABA,2020-10-27,0 days 15:59:04.116497,558573,317.57,317.51,500,200,-46242,6040
260,BAC,2020-10-27,0 days 15:55:00.217373,2584510,23.9,23.89,41732,114631,-42713,165802
261,BAC,2020-10-27,0 days 15:55:01.217253,2571323,23.9,23.89,62374,76686,3136,-42713
262,BAC,2020-10-27,0 days 15:58:00.224630,2821360,23.83,23.82,30176,94049,-38727,11416
263,BAC,2020-10-27,0 days 15:58:02.223094,2809787,23.83,23.82,90549,91351,14321,-26427
264,BAC,2020-10-27,0 days 15:58:15.223939,2813615,23.83,23.82,131515,38159,-9172,13828
265,BAC,2020-10-27,0 days 15:58:16.223311,2799787,23.83,23.82,148542,13184,13828,-9172
266,BAC,2020-10-27,0 days 15:58:32.224071,2813615,23.83,23.82,123470,45196,-12772,11128
267,BAC,2020-10-27,0 days 15:58:33.224239,2799987,23.83,23.82,123350,50569,13628,-12772
268,BAC,2020-10-27,0 days 15:58:35.224311,2813615,23.83,23.82,124250,45777,-12872,13628
269,BAC,2020-10-27,0 days 15:58:36.223910,2799987,23.83,23.82,125950,52377,13628,-12872
270,BAC,2020-10-27,0 days 15:58:47.225380,2816081,23.85,23.84,167927,110272,-50476,19358
271,BAC,2020-10-27,0 days 15:58:48.224852,2768157,23.85,23.84,173227,93787,40364,-50476
272,BAC,2020-10-27,0 days 15:59:00.227352,2808521,23.85,23.84,139280,76152,-73742,30644
273,BAC,2020-10-27,0 days 15:59:10.226289,3039786,23.83,23.82,194939,31319,52515,-272350
274,BAC,2020-10-27,0 days 15:59:12.225859,3027301,23.83,23.82,203784,33427,-12485,8415
275,BAC,2020-10-27,0 days 15:59:45.228030,3425313,23.84,23.83,11200,248334,-9924,79462
276,BAC,2020-10-27,0 days 15:59:46.225961,3441337,23.84,23.83,3100,242571,14024,-9924
277,BAM,2020-10-27,0 days 15:59:46.248672,27687,31.85,31.84,200,7134,1848,-452
278,BAM,2020-10-27,0 days 15:59:47.247938,27335,31.85,31.84,200,7134,-196,1848
279,BAX,2020-10-27,0 days 15:55:06.248920,160697,80.68,80.67,100,100,2427,-160
280,BAX,2020-10-27,0 days 15:55:18.249926,162024,80.67,80.66,500,502,-80,20
281,BAX,2020-10-27,0 days 15:56:12.252170,169943,80.57,80.55,200,294,-345,64
282,BAX,2020-10-27,0 days 15:56:37.253014,170147,80.52,80.49,300,703,-141,959
283,BAX,2020-10-27,0 days 15:57:28.253525,169927,80.51,80.49,100,200,-416,184
284,BAX,2020-10-27,0 days 15:57:34.254514,170543,80.52,80.5,100,500,1484,-416
285,BAX,2020-10-27,0 days 15:57:50.258349,179713,80.54,80.52,100,100,-630,670
286,BAX,2020-10-27,0 days 15:57:52.255142,178848,80.54,80.52,591,300,1065,-735
287,BAX,2020-10-27,0 days 15:58:15.256635,182277,80.55,80.53,700,328,-1465,1436
288,BAX,2020-10-27,0 days 15:58:18.256717,183742,80.55,80.53,100,573,235,-365
289,BAX,2020-10-27,0 days 15:58:19.259078,183677,80.57,80.54,400,500,-65,235
290,BAX,2020-10-27,0 days 15:58:27.256914,183677,80.54,80.51,514,315,-65,335
291,BAX,2020-10-27,0 days 15:58:30.258119,183742,80.57,80.54,410,290,835,-65
292,BAX,2020-10-27,0 days 15:58:31.257604,180837,80.56,80.55,300,500,-2905,835
293,BAX,2020-10-27,0 days 15:59:01.259883,184143,80.59,80.57,100,100,-1043,4741
294,BAX,2020-10-27,0 days 15:59:02.259548,183716,80.58,80.54,100,300,427,-1043
295,BAX,2020-10-27,0 days 15:59:06.259481,183655,80.6,80.56,815,100,77,-401
296,BAX,2020-10-27,0 days 15:59:11.259492,183495,80.59,80.54,100,364,337,-1363
297,BAX,2020-10-27,0 days 15:59:13.260325,183832,80.6,80.56,400,100,-3993,4937
298,BAX,2020-10-27,0 days 15:59:14.259758,183525,80.6,80.54,100,272,307,-3993
299,BAX,2020-10-27,0 days 15:59:23.261189,184495,80.59,80.56,100,100,380,-83
300,BAX,2020-10-27,0 days 15:59:34.259723,186875,80.58,80.54,100,648,-2520,380
301,BAX,2020-10-27,0 days 15:59:35.260530,186695,80.57,80.52,550,200,3080,-2520
302,BAX,2020-10-27,0 days 15:59:44.261315,181375,80.67,80.6,200,200,-23578,480
303,BB,2020-10-27,0 days 15:59:01.250588,31247,4.86,4.85,80258,46176,-893,1578
304,BB,2020-10-27,0 days 15:59:23.250495,32140,4.86,4.85,100554,29105,83,-793
305,BBD,2020-10-27,0 days 15:59:26.242395,505212,3.91,3.9,286030,551672,51475,-13625
306,BBD,2020-10-27,0 days 15:59:27.243655,491587,3.91,3.9,275730,551072,-13625,51475
307,BBD,2020-10-27,0 days 15:59:47.243564,505212,3.91,3.9,255133,539066,23201,-10125
308,BBD,2020-10-27,0 days 15:59:48.244605,497313,3.91,3.9,254833,539066,-7899,23201
309,BBVA,2020-10-27,0 days 15:59:36.249347,32256,2.82,2.81,760601,211489,-2844,8987
310,BCS,2020-10-27,0 days 15:59:36.110821,78022,5.49,5.48,158319,123644,-14347,17053
311,BCS,2020-10-27,0 days 15:59:37.111001,77069,5.49,5.48,158319,123644,953,-14347
312,BCS,2020-10-27,0 days 15:59:47.111696,78022,5.49,5.48,134795,135544,-19309,953
313,BCS,2020-10-27,0 days 15:59:48.111802,77831,5.49,5.48,134395,135544,191,-19309
314,BE,2020-10-27,0 days 15:59:46.114999,69349,15.43,15.42,200,200,-1048,3012
315,BE,2020-10-27,0 days 15:59:47.115434,68697,15.42,15.41,2200,300,652,-1048
316,BEN,2020-10-27,0 days 15:55:42.511661,212559,19.76,19.75,4808,900,813,-887
317,BEN,2020-10-27,0 days 15:55:43.511400,214072,19.76,19.75,5108,1600,-1972,813
318,BEN,2020-10-27,0 days 15:55:48.512056,216044,19.76,19.75,8315,1749,3534,-20
319,BEN,2020-10-27,0 days 15:57:36.514152,240322,19.77,19.76,3803,3591,-1125,4675
320,BEN,2020-10-27,0 days 15:59:01.517683,252810,19.76,19.75,4126,2647,-14890,10439
321,BEN,2020-10-27,0 days 15:59:02.519194,267700,19.76,19.75,4726,2863,19010,-14890
322,BEST,2020-10-27,0 days 15:59:01.250728,56582,2.75,2.74,7781,8892,-7726,9874
323,BEST,2020-10-27,0 days 15:59:02.251342,55808,2.75,2.74,7881,7792,4374,-7726
324,BHC,2020-10-27,0 days 15:55:00.107149,99576,17.82,17.81,2930,2999,-3208,35313
325,BHC,2020-10-27,0 days 15:56:08.110203,114052,17.79,17.78,3748,28412,2158,-3564
326,BHC,2020-10-27,0 days 15:56:09.110267,110610,17.79,17.78,3748,28412,-3442,2158
327,BHC,2020-10-27,0 days 15:57:27.110876,109110,17.77,17.76,3562,5600,-2968,1532
328,BHC,2020-10-27,0 days 15:59:12.117089,109710,17.76,17.75,8390,1911,-2640,1331
329,BHC,2020-10-27,0 days 15:59:47.115812,112150,17.75,17.74,6495,5495,3174,-2140
330,BHC,2020-10-27,0 days 15:59:48.115555,110824,17.75,17.74,6400,6095,-1326,3174
331,BHP,2020-10-27,0 days 15:59:46.507600,42178,49.75,49.74,100,6054,-669,1300
332,BHP,2020-10-27,0 days 15:59:48.507832,41347,49.76,49.75,1600,2654,831,-669
333,BJ,2020-10-27,0 days 15:55:06.217211,73571,39.33,39.32,601,1700,2379,-1533
334,BJ,2020-10-27,0 days 15:55:07.217262,72450,39.33,39.32,200,1520,-1121,2379
335,BJ,2020-10-27,0 days 15:59:17.224902,115564,39.33,39.32,1128,355,1367,-5191
336,BJ,2020-10-27,0 days 15:59:21.225095,114201,39.33,39.32,1128,559,-1363,1537
337,BJ,2020-10-27,0 days 15:59:46.225742,120154,39.33,39.32,806,346,377,-1472
338,BK,2020-10-27,0 days 15:59:31.117068,442104,35.55,35.54,2900,4249,251,-2399
339,BK,2020-10-27,0 days 15:59:48.115175,463524,35.58,35.57,9769,4800,-1112,21888
340,BK,2020-10-27,0 days 15:59:49.115235,463193,35.58,35.57,9649,2700,331,-1112
341,BKD,2020-10-27,0 days 15:58:15.256715,68140,3.32,3.31,16982,1500,1,-2399
342,BKD,2020-10-27,0 days 15:58:27.256949,63641,3.32,3.3,23828,15500,-4199,1
343,BKD,2020-10-27,0 days 15:59:41.261936,71240,3.32,3.31,21798,2198,2822,-578
344,BKD,2020-10-27,0 days 15:59:42.260974,70062,3.32,3.31,21498,2198,-878,2822
345,BKD,2020-10-27,0 days 15:59:46.262198,71240,3.32,3.31,19148,6925,1922,-878
346,BKD,2020-10-27,0 days 15:59:47.261337,70262,3.32,3.31,21848,6925,-678,1922
347,BKR,2020-10-27,0 days 15:55:00.099295,312031,14.2,14.19,8609,3961,-148989,31239
348,BKR,2020-10-27,0 days 15:55:01.099159,308220,14.2,14.19,5851,5203,3811,-148989
349,BKR,2020-10-27,0 days 15:57:44.105132,490696,14.18,14.17,6477,3500,16818,-682
350,BKR,2020-10-27,0 days 15:57:49.105324,510824,14.18,14.17,9266,5510,-4972,12128
351,BKR,2020-10-27,0 days 15:57:50.106001,494496,14.18,14.17,9266,5510,16328,-4972
352,BKR,2020-10-27,0 days 15:59:02.109902,510982,14.17,14.16,5381,6899,-1945,6857
353,BKR,2020-10-27,0 days 15:59:20.109758,510982,14.16,14.15,10894,3100,-352,3427
354,BKR,2020-10-27,0 days 15:59:33.111113,510970,14.16,14.15,11738,3720,10911,-1053
355,BMY,2020-10-27,0 days 15:55:00.507939,583917,58.74,58.73,662,4105,21524,-31857
356,BMY,2020-10-27,0 days 15:58:14.515767,675412,58.72,58.71,3050,1800,-477,2823
357,BMY,2020-10-27,0 days 15:58:16.516188,663089,58.72,58.71,2832,7486,10414,-2286
358,BMY,2020-10-27,0 days 15:58:21.515549,673503,58.73,58.72,2378,3956,-4378,9922
359,BMY,2020-10-27,0 days 15:58:22.515918,661781,58.73,58.72,3489,3864,11722,-4378
360,BMY,2020-10-27,0 days 15:59:09.518711,698276,58.73,58.72,4407,849,-827,9281
361,BMY,2020-10-27,0 days 15:59:10.519226,697503,58.71,58.7,3084,1900,773,-827
362,BMY,2020-10-27,0 days 15:59:46.507516,780491,58.75,58.73,4600,6899,24931,-18877
363,BMY,2020-10-27,0 days 15:59:51.508583,769165,58.75,58.74,3684,3800,39351,-36624
364,BOX,2020-10-27,0 days 15:57:41.222292,101928,16.21,16.2,930,3769,43852,-5848
365,BOX,2020-10-27,0 days 15:57:42.221859,101780,16.21,16.2,1630,2400,-148,43852
366,BOX,2020-10-27,0 days 15:57:48.222034,101928,16.21,16.2,1730,1300,152,-648
367,BOX,2020-10-27,0 days 15:57:50.222294,101680,16.21,16.2,1530,1400,-248,352
368,BOX,2020-10-27,0 days 15:58:09.223850,101928,16.21,16.2,2432,300,592,-308
369,BOX,2020-10-27,0 days 15:58:10.223657,101620,16.21,16.2,2687,100,-308,592
370,BOX,2020-10-27,0 days 15:58:11.223531,101928,16.21,16.2,2098,587,192,-308
371,BOX,2020-10-27,0 days 15:58:12.223521,101620,16.21,16.2,1485,1087,-308,192
372,BOX,2020-10-27,0 days 15:58:14.223812,102543,16.21,16.2,1386,887,477,-346
373,BOX,2020-10-27,0 days 15:58:15.223881,102220,16.21,16.2,1386,687,-323,477
374,BOX,2020-10-27,0 days 15:58:34.223658,102543,16.21,16.2,986,1144,477,-323
375,BOX,2020-10-27,0 days 15:58:35.224244,102220,16.21,16.2,1138,1344,-323,477
376,BOX,2020-10-27,0 days 15:58:58.224533,102543,16.21,16.2,1206,1149,675,-325
377,BOX,2020-10-27,0 days 15:58:59.226036,101918,16.21,16.2,906,1969,-625,675
378,BOX,2020-10-27,0 days 15:59:01.226430,102543,16.21,16.2,1006,2369,275,-625
379,BOX,2020-10-27,0 days 15:59:02.225473,102438,16.21,16.2,806,2369,-105,275
380,BOX,2020-10-27,0 days 15:59:04.225244,104343,16.21,16.2,832,1569,1453,-105
381,BP,2020-10-27,0 days 15:55:44.242470,151758,15.4,15.39,27010,38382,-1019,2503
382,BP,2020-10-27,0 days 15:55:45.239595,145477,15.4,15.39,31210,38082,6281,-1019
383,BRK.B,2020-10-27,0 days 15:58:17.247961,409460,206.88,206.85,300,100,33717,-15388
384,BRK.B,2020-10-27,0 days 15:58:18.247647,408277,206.88,206.85,500,196,-1183,33717
385,BRK.B,2020-10-27,0 days 15:59:23.250441,432458,207.01,206.95,100,331,7574,-10154
386,BRK.B,2020-10-27,0 days 15:59:24.248956,431995,207.01,206.94,100,400,-463,7574
387,BRK.B,2020-10-27,0 days 15:59:30.253225,432458,206.97,206.91,100,1832,22,-977
388,BRK.B,2020-10-27,0 days 15:59:32.248805,432313,206.95,206.91,100,1471,-145,11106
389,BRK.B,2020-10-27,0 days 15:59:35.249229,432458,206.93,206.85,100,100,340,-145
390,BSX,2020-10-27,0 days 15:57:34.244814,641478,36.05,36.04,11595,1736,-2702,6398
391,BSX,2020-10-27,0 days 15:57:35.244448,634280,36.05,36.04,6504,5087,7198,-2702
392,BSX,2020-10-27,0 days 15:58:12.246881,660878,36.05,36.04,8776,1305,-15277,16213
393,BSX,2020-10-27,0 days 15:58:13.246940,653217,36.05,36.04,9238,1443,7661,-15277
394,BSX,2020-10-27,0 days 15:58:15.246914,660878,36.05,36.04,8538,822,-139,7661
395,BSX,2020-10-27,0 days 15:58:18.246283,650917,36.05,36.04,11232,695,9961,-139
396,BSX,2020-10-27,0 days 15:59:09.249343,774664,36.09,36.08,5700,1254,-7250,4712
397,BSX,2020-10-27,0 days 15:59:10.249999,763438,36.07,36.06,400,4875,11226,-7250
398,BSX,2020-10-27,0 days 15:59:28.247585,774664,36.08,36.07,6054,1948,-9476,1413
399,BSX,2020-10-27,0 days 15:59:31.248646,784540,36.06,36.05,2331,3500,1002,-4676
400,BSX,2020-10-27,0 days 15:59:32.247366,785542,36.06,36.05,5542,1666,-17966,1002
401,BWA,2020-10-27,0 days 15:55:01.106396,505521,37.57,37.56,1217,600,40,-360
402,BWA,2020-10-27,0 days 15:55:46.109587,505561,37.56,37.55,1406,619,-1312,188
403,BWA,2020-10-27,0 days 15:55:47.109596,506173,37.56,37.54,2280,1100,586,-1312
404,BWA,2020-10-27,0 days 15:57:37.111362,522528,37.52,37.51,200,1726,2656,-1544
405,BWA,2020-10-27,0 days 15:57:39.111619,520984,37.52,37.51,400,1300,-1244,2956
406,BWA,2020-10-27,0 days 15:57:51.112739,526533,37.52,37.51,300,1281,251,-102
407,BWA,2020-10-27,0 days 15:57:52.112231,524584,37.52,37.51,300,1281,-349,251
408,BWA,2020-10-27,0 days 15:58:16.114236,525428,37.52,37.51,202,1200,2269,-4336
409,BWA,2020-10-27,0 days 15:58:17.114402,523797,37.52,37.51,202,1200,-936,2269
410,BWA,2020-10-27,0 days 15:59:07.117106,542259,37.56,37.55,167,1385,3292,-3371
411,BWA,2020-10-27,0 days 15:59:08.116829,540451,37.56,37.55,367,1085,-1808,3292
412,BWA,2020-10-27,0 days 15:59:15.117027,541759,37.55,37.54,335,100,4679,-1408
413,BWA,2020-10-27,0 days 15:59:16.116678,540338,37.56,37.54,400,417,-1421,4679
414,BWA,2020-10-27,0 days 15:59:48.115010,552731,37.57,37.55,500,351,-485,14915
415,BWA,2020-10-27,0 days 15:59:57.116991,548443,37.57,37.53,1300,1000,-5273,4169
416,BWA,2020-10-27,0 days 15:59:58.115961,544274,37.56,37.52,500,200,4169,-5273
417,BX,2020-10-27,0 days 15:59:46.251314,170616,51.92,51.88,1384,300,4333,-1480
418,BX,2020-10-27,0 days 15:59:47.250676,168887,51.92,51.9,1100,200,-1729,4333
419,C,2020-10-27,0 days 15:57:35.221654,890182,41.99,41.98,13477,2225,-2114,38018
420,C,2020-10-27,0 days 15:57:36.221981,889096,41.98,41.97,9863,4802,1086,-2114
421,C,2020-10-27,0 days 15:57:58.222219,899046,42.01,42.0,12851,5399,-62121,81579
422,C,2020-10-27,0 days 15:58:49.224385,930372,41.99,41.98,8969,4100,1210,-19989
423,C,2020-10-27,0 days 15:59:08.225228,1046047,41.96,41.95,8508,7069,-25361,302
424,C,2020-10-27,0 days 15:59:28.224549,1107648,41.94,41.93,12530,3100,-8968,3897
425,C,2020-10-27,0 days 15:59:31.224668,1116616,41.93,41.92,11050,1893,503,-4568
426,C,2020-10-27,0 days 15:59:33.224451,1106569,41.93,41.92,13233,1966,-7147,13953
427,CARR,2020-10-27,0 days 15:55:01.240743,186289,33.52,33.51,2832,2908,1283,-2717
428,CARR,2020-10-27,0 days 15:55:45.242873,189517,33.51,33.5,4142,1303,-2600,1400
429,CARR,2020-10-27,0 days 15:55:46.243003,188117,33.51,33.5,4145,4003,1400,-2600
430,CARR,2020-10-27,0 days 15:55:57.243586,189529,33.51,33.5,4585,4144,-138,1121
431,CARR,2020-10-27,0 days 15:55:58.243145,189067,33.51,33.5,3745,4143,462,-138
432,CARR,2020-10-27,0 days 15:57:53.247306,196810,33.52,33.51,1899,935,315,-185
433,CARR,2020-10-27,0 days 15:57:54.247456,196325,33.52,33.51,1160,1301,-85,315
434,CARR,2020-10-27,0 days 15:58:02.248227,197410,33.53,33.52,1500,901,15,-485
435,CARR,2020-10-27,0 days 15:58:03.248602,196825,33.53,33.52,1500,501,-85,15
436,CARR,2020-10-27,0 days 15:59:03.249967,205107,33.53,33.52,882,600,4522,-1256
437,CARR,2020-10-27,0 days 15:59:07.250261,203629,33.54,33.52,900,600,-6386,9865
438,CARR,2020-10-27,0 days 15:59:14.250767,238032,33.56,33.54,2200,1700,49,-6203
439,CARR,2020-10-27,0 days 15:59:19.249614,238081,33.57,33.55,1155,1500,-130351,1949
440,CARR,2020-10-27,0 days 15:59:20.249862,234432,33.57,33.55,700,645,3649,-130351
441,CARR,2020-10-27,0 days 15:59:23.250694,244581,33.57,33.55,600,600,-3389,2415
442,CARR,2020-10-27,0 days 15:59:26.249136,243708,33.58,33.56,100,800,873,-70727
443,CARR,2020-10-27,0 days 15:59:28.249272,244128,33.55,33.52,700,300,-62942,92911
444,CARR,2020-10-27,0 days 15:59:29.248960,239470,33.51,33.49,100,900,4658,-62942
445,CARR,2020-10-27,0 days 15:59:32.249066,245448,33.52,33.5,1192,600,-18964,1278
446,CARR,2020-10-27,0 days 15:59:33.248869,247246,33.52,33.49,1112,1676,9702,-18964
447,CARR,2020-10-27,0 days 15:59:48.250387,263786,33.62,33.6,300,200,-165802,147198
448,CAT,2020-10-27,0 days 15:55:01.240720,183880,158.24,158.21,158,100,1333,-1038
449,CAT,2020-10-27,0 days 15:56:15.243716,186066,158.17,158.13,500,100,-26571,286
450,CAT,2020-10-27,0 days 15:57:26.245042,210659,157.93,157.88,548,200,2134,-1466
451,CAT,2020-10-27,0 days 15:57:27.246302,208693,157.93,157.88,548,200,-1966,2134
452,CAT,2020-10-27,0 days 15:57:34.246437,211759,157.9,157.86,500,400,134,-1795
453,CAT,2020-10-27,0 days 15:57:35.246002,210093,157.92,157.89,141,376,-1666,134
454,CAT,2020-10-27,0 days 15:57:38.246439,211759,157.91,157.87,303,200,134,-1195
455,CAT,2020-10-27,0 days 15:57:39.246012,210821,157.92,157.89,100,100,-1338,134
456,CAT,2020-10-27,0 days 15:57:42.246658,212159,157.97,157.9,100,100,662,-1338
457,CAT,2020-10-27,0 days 15:57:44.246604,211393,157.93,157.88,385,100,-366,2534
458,CAT,2020-10-27,0 days 15:57:45.247055,211759,157.93,157.88,385,100,934,-366
459,CAT,2020-10-27,0 days 15:57:46.247170,211593,157.93,157.88,385,100,-166,934
460,CAT,2020-10-27,0 days 15:57:47.247695,213159,157.93,157.88,385,100,234,-166
461,CAT,2020-10-27,0 days 15:57:49.247607,213393,157.93,157.88,201,100,-2692,234
462,CAT,2020-10-27,0 days 15:57:52.247201,213085,158.0,157.95,200,400,165,-1035
463,CAT,2020-10-27,0 days 15:58:00.249674,208102,157.98,157.95,480,611,-4383,117
464,CAT,2020-10-27,0 days 15:58:22.248449,232653,158.0,157.96,100,400,3780,-1942
465,CAT,2020-10-27,0 days 15:58:23.248220,231033,157.99,157.91,400,455,-1620,3780
466,CAT,2020-10-27,0 days 15:58:35.248629,232653,158.05,157.99,254,765,1551,-1578
467,CAT,2020-10-27,0 days 15:58:36.248371,230675,158.05,157.99,254,867,-1978,1551
468,CAT,2020-10-27,0 days 15:58:43.249062,233253,158.05,158.0,363,900,2314,-2049
469,CAT,2020-10-27,0 days 15:58:44.248564,231633,158.05,158.02,363,588,-2485,2314
470,CAT,2020-10-27,0 days 15:59:00.253710,234997,158.12,158.03,200,100,1543,-377
471,CAT,2020-10-27,0 days 15:59:03.249939,222909,158.17,158.1,100,100,-1863,692
472,CAT,2020-10-27,0 days 15:59:07.250247,224299,158.23,158.11,200,600,73,-1562
473,CAT,2020-10-27,0 days 15:59:08.250728,225072,158.18,158.11,100,600,-999,73
474,CAT,2020-10-27,0 days 15:59:11.250440,227091,158.16,158.1,500,400,-254,520
475,CAT,2020-10-27,0 days 15:59:26.249136,245554,158.1,158.03,386,200,527,-1492
476,CAT,2020-10-27,0 days 15:59:28.249250,245018,158.03,157.96,286,200,-536,593
477,CAT,2020-10-27,0 days 15:59:30.253738,244954,158.02,157.95,843,100,183,-536
478,CAT,2020-10-27,0 days 15:59:32.249066,252437,158.01,157.91,1679,100,-1900,183
479,CAT,2020-10-27,0 days 15:59:44.249701,240506,157.99,157.91,100,200,-13831,1365
480,CAT,2020-10-27,0 days 15:59:46.251192,254937,158.1,158.01,400,434,3939,-1402
481,CAT,2020-10-27,0 days 15:59:47.250606,251926,158.12,158.02,400,634,-3011,3939
482,CAT,2020-10-27,0 days 15:59:57.244299,253837,157.99,157.87,1000,100,12780,-297
483,CAT,2020-10-27,0 days 15:59:58.244302,253969,158.02,157.85,100,300,-368,12780
484,CAT,2020-10-27,0 days 15:59:59.243527,253837,158.02,157.84,159,155,13551,-368
485,CCC,2020-10-27,0 days 15:56:44.244341,28825,30.29,30.25,512,200,-740,583
486,CCC,2020-10-27,0 days 15:56:45.244478,28365,30.29,30.25,512,200,460,-740
487,CCC,2020-10-27,0 days 15:57:47.247654,28825,30.41,30.33,1100,210,-1140,60
488,CCC,2020-10-27,0 days 15:57:48.246903,28565,30.41,30.32,1100,300,260,-1140
489,CCC,2020-10-27,0 days 15:58:30.249629,28925,30.32,30.27,128,100,-23,1477
490,CCC,2020-10-27,0 days 15:58:31.249204,28548,30.32,30.29,128,400,377,-23
491,CCC,2020-10-27,0 days 15:59:06.250286,28925,30.31,30.29,400,100,-670,30
492,CCC,2020-10-27,0 days 15:59:07.250178,28695,30.31,30.24,400,600,230,-670
493,CCC,2020-10-27,0 days 15:59:17.249775,29268,30.29,30.22,200,161,-84,373
494,CCC,2020-10-27,0 days 15:59:18.249382,29152,30.29,30.22,200,161,16,-84
495,CCC,2020-10-27,0 days 15:59:21.250037,29268,30.29,30.21,200,600,-224,116
496,CCC,2020-10-27,0 days 15:59:22.249700,29192,30.29,30.21,100,900,76,-224
497,CCC,2020-10-27,0 days 15:59:37.249595,29068,30.39,30.27,300,200,-424,76
498,CCC,2020-10-27,0 days 15:59:38.248756,28992,30.36,30.27,600,200,76,-424
499,CCEP,2020-10-27,0 days 15:56:43.235497,80569,38.05,38.04,100,704,-24711,289
500,CCEP,2020-10-27,0 days 15:57:59.237534,102272,38.06,38.04,275,600,1011,-1489
501,CCEP,2020-10-27,0 days 15:58:19.240230,104564,38.06,38.04,273,200,-608,692
502,CCEP,2020-10-27,0 days 15:58:20.238913,103272,38.1,38.05,600,220,1192,-608
503,CCEP,2020-10-27,0 days 15:58:28.241019,104464,38.11,38.05,400,500,-8,492
504,CCEP,2020-10-27,0 days 15:58:29.240637,104072,38.11,38.05,400,500,392,-8
505,CCEP,2020-10-27,0 days 15:59:09.242560,94002,38.09,38.06,292,1702,-5605,523
506,CCEP,2020-10-27,0 days 15:59:17.241898,104707,38.09,38.07,391,100,384,-5844
507,CCEP,2020-10-27,0 days 15:59:28.242521,105091,38.11,38.09,471,200,-1028,23
508,CCEP,2020-10-27,0 days 15:59:29.242134,104919,38.11,38.06,352,100,172,-1028
509,CCEP,2020-10-27,0 days 15:59:47.243399,105881,38.14,38.1,100,784,-603,1497
510,CCEP,2020-10-27,0 days 15:59:55.245517,105881,38.17,38.1,600,284,-277,329
511,CDE,2020-10-27,0 days 15:55:00.243095,111605,7.8,7.79,5693,3273,-26655,19996
512,CDE,2020-10-27,0 days 15:55:01.242587,110960,7.8,7.79,5693,3473,645,-26655
513,CDE,2020-10-27,0 days 15:55:06.242516,111605,7.8,7.79,6401,2513,-1586,645
514,CDE,2020-10-27,0 days 15:55:45.244781,115391,7.8,7.79,7101,3423,614,-986
515,CDE,2020-10-27,0 days 15:58:56.246964,115971,7.8,7.79,3945,3800,423,-477
516,CDE,2020-10-27,0 days 15:59:45.252888,118714,7.79,7.78,2484,6647,-4573,427
517,CFG,2020-10-27,0 days 15:59:07.259493,224211,26.69,26.68,3458,3711,4441,-3836
518,CFG,2020-10-27,0 days 15:59:08.259166,221818,26.69,26.68,4277,3376,-2393,4441
519,CFG,2020-10-27,0 days 15:59:09.260551,224211,26.69,26.67,17332,4100,812,-2393
520,CFG,2020-10-27,0 days 15:59:12.260169,222253,26.68,26.67,5575,1400,-1958,2063
521,CFG,2020-10-27,0 days 15:59:15.259634,224211,26.68,26.67,2399,6258,23564,-1958
522,CFG,2020-10-27,0 days 15:59:16.259795,224075,26.69,26.68,4390,2841,-136,23564
523,CFG,2020-10-27,0 days 15:59:18.259556,226511,26.68,26.67,5965,1190,464,-2236
524,CFG,2020-10-27,0 days 15:59:19.259782,226275,26.68,26.67,5400,1090,-236,464
525,CFG,2020-10-27,0 days 15:59:32.259832,226272,26.68,26.67,1505,7256,-239,1161
526,CFG,2020-10-27,0 days 15:59:40.261106,226511,26.67,26.66,5287,4410,1011,-239
527,CGC,2020-10-27,0 days 15:55:24.219077,22370,18.73,18.72,305,2510,-322,278
528,CGC,2020-10-27,0 days 15:56:44.220725,23932,18.74,18.72,2363,2333,991,-259
529,CGC,2020-10-27,0 days 15:59:32.224262,24494,18.68,18.67,1477,1720,-162,138
530,CHGG,2020-10-27,0 days 15:55:02.232649,195998,77.51,77.42,200,300,37989,-11339
531,CHGG,2020-10-27,0 days 15:55:03.232325,233987,77.48,77.42,300,400,-11339,37989
532,CHGG,2020-10-27,0 days 15:56:38.235630,200003,77.47,77.43,610,700,34862,-14096
533,CHGG,2020-10-27,0 days 15:57:04.236624,234965,77.4,77.34,425,300,-14450,34862
534,CIT,2020-10-27,0 days 15:59:42.249838,185907,28.62,28.6,300,1000,6201,-3294
535,CIT,2020-10-27,0 days 15:59:43.249211,183308,28.61,28.6,100,400,-2599,6201
536,CIT,2020-10-27,0 days 15:59:48.250431,183876,28.63,28.62,400,400,-2326,3974
537,CIT,2020-10-27,0 days 16:00:00.249573,184417,28.65,28.53,800,1200,2398,-2012
538,CL,2020-10-27,0 days 15:55:00.242341,168259,78.98,78.97,300,1161,411,-78559
539,CL,2020-10-27,0 days 15:55:01.242429,166070,79.0,78.99,1725,100,-2189,411
540,CL,2020-10-27,0 days 15:55:59.244569,173000,78.89,78.87,1012,300,-218,1990
541,CL,2020-10-27,0 days 15:56:30.244962,174425,78.84,78.83,402,1602,656,-1244
542,CL,2020-10-27,0 days 15:56:31.245356,172681,78.84,78.83,402,400,-1916,656
543,CL,2020-10-27,0 days 15:57:30.243769,177664,78.8,78.79,323,2170,217,-2183
544,CL,2020-10-27,0 days 15:57:31.244209,176081,78.81,78.79,2350,1200,-1583,217
545,CL,2020-10-27,0 days 15:57:42.244029,177889,78.83,78.82,962,2530,92,-1008
546,CL,2020-10-27,0 days 15:57:43.244036,176981,78.83,78.82,949,2540,-908,92
547,CL,2020-10-27,0 days 15:57:47.244736,177889,78.83,78.82,849,1014,192,-308
548,CL,2020-10-27,0 days 15:57:48.244100,177481,78.83,78.82,849,1924,-408,192
549,CL,2020-10-27,0 days 15:58:32.246123,182909,78.85,78.84,1730,300,135,-1365
550,CL,2020-10-27,0 days 15:58:33.246802,181944,78.85,78.84,1730,300,-965,135
551,CL,2020-10-27,0 days 15:59:04.247832,183136,78.86,78.85,625,700,583,-717
552,CL,2020-10-27,0 days 15:59:27.249713,211106,78.88,78.87,968,300,-717,956
553,CL,2020-10-27,0 days 15:59:32.249402,208367,78.89,78.88,1200,402,-3456,1983
554,CL,2020-10-27,0 days 15:59:46.250103,213817,78.89,78.87,200,900,4922,-1480
555,CL,2020-10-27,0 days 15:59:47.250043,213939,78.9,78.88,200,400,-1635,4922
556,CL,2020-10-27,0 days 15:59:49.250350,216944,78.91,78.89,300,100,3,-1705
557,CL,2020-10-27,0 days 15:59:50.257365,213339,78.88,78.87,100,600,-3605,3
558,CL,2020-10-27,0 days 15:59:51.255763,216944,78.85,78.84,300,400,1095,-3605
559,CLDR,2020-10-27,0 days 15:55:42.244816,93057,9.97,9.96,4260,4722,112,-3355
560,CLDR,2020-10-27,0 days 15:55:43.244570,89779,9.97,9.96,2952,5022,-3278,112
561,CLDR,2020-10-27,0 days 15:56:44.245222,93057,9.96,9.95,4914,6823,1645,-405
562,CLDR,2020-10-27,0 days 15:56:45.245609,90302,9.96,9.95,4614,7123,-2755,1645
563,CLDR,2020-10-27,0 days 15:59:14.248698,125357,9.96,9.95,5737,3012,17244,-3659
564,CLDR,2020-10-27,0 days 15:59:15.249136,123301,9.96,9.95,5137,4126,-2056,17244
565,CLF,2020-10-27,0 days 15:55:53.239721,160900,8.38,8.37,21734,8654,1141,-3442
566,CLF,2020-10-27,0 days 15:55:54.240044,159821,8.37,8.36,7888,24387,-1079,1141
567,CLF,2020-10-27,0 days 15:58:01.245788,166421,8.36,8.35,20683,19052,-2847,1953
568,CLF,2020-10-27,0 days 15:59:14.247031,188990,8.36,8.35,5895,30296,21133,-3237
569,CLF,2020-10-27,0 days 15:59:18.245998,183723,8.36,8.35,10779,30085,-1115,4085
570,CLF,2020-10-27,0 days 15:59:39.248183,185598,8.36,8.35,22430,33188,42425,-1875
571,CLF,2020-10-27,0 days 15:59:40.247885,184723,8.36,8.35,31389,20765,-875,42425
572,CLNY,2020-10-27,0 days 15:58:57.107898,216774,3.51,3.5,27900,16312,-4940,6260
573,CLNY,2020-10-27,0 days 15:59:38.110434,221714,3.52,3.51,26841,47614,14175,-725
574,CLNY,2020-10-27,0 days 15:59:39.111407,217789,3.52,3.51,26841,47305,-3925,14175
575,CLNY,2020-10-27,0 days 15:59:47.111696,221714,3.52,3.51,30990,23414,15404,-775
576,CLNY,2020-10-27,0 days 15:59:48.111802,220118,3.52,3.51,31690,23414,-1596,15404
577,CLR,2020-10-27,0 days 15:57:03.103065,61562,12.93,12.92,2820,536,778,-722
578,CLR,2020-10-27,0 days 15:57:04.104541,60940,12.93,12.92,2086,836,-622,778
579,CLR,2020-10-27,0 days 15:57:30.104962,62812,12.93,12.92,1667,1689,1528,-672
580,CLR,2020-10-27,0 days 15:57:31.104366,62040,12.93,12.92,1367,1789,-772,1528
581,CLR,2020-10-27,0 days 15:58:10.107035,65010,12.93,12.92,3140,736,90,-1412
582,CLR,2020-10-27,0 days 15:58:13.107247,63062,12.93,12.92,2748,936,49,-462
583,CLR,2020-10-27,0 days 15:58:14.107331,62711,12.93,12.92,2648,800,-351,49
584,CLR,2020-10-27,0 days 15:58:19.108130,63062,12.93,12.92,2689,600,249,-351
585,CLR,2020-10-27,0 days 15:58:20.107211,62711,12.93,12.92,2489,1600,-351,249
586,CNC,2020-10-27,0 days 15:59:01.259942,221485,64.26,64.22,300,100,12845,-13455
587,CNC,2020-10-27,0 days 15:59:10.260152,229819,64.05,64.02,100,100,-13958,5990
588,CNC,2020-10-27,0 days 15:59:30.264516,246356,64.17,64.12,100,681,14683,-3017
589,CNC,2020-10-27,0 days 15:59:31.261669,244639,64.1,64.05,100,100,-1717,14683
590,CNC,2020-10-27,0 days 15:59:32.259733,245526,64.1,64.05,300,360,10113,-1717
591,CNC,2020-10-27,0 days 15:59:38.259953,240339,64.11,64.02,200,647,-5187,1213
592,CNC,2020-10-27,0 days 15:59:39.261860,245526,64.03,64.0,800,1600,40013,-5187
593,CNC,2020-10-27,0 days 15:59:46.261966,241139,64.05,64.04,100,600,-5077,985
594,CNC,2020-10-27,0 days 15:59:47.261171,246007,64.11,64.04,200,600,1719,-5077
595,CNC,2020-10-27,0 days 15:59:50.268263,244521,64.09,64.01,100,300,-842,558
596,CNC,2020-10-27,0 days 15:59:53.263487,245363,64.09,64.01,100,200,858,-842
597,CNC,2020-10-27,0 days 15:59:57.262057,234321,64.12,64.02,200,100,-50142,858
598,CNP,2020-10-27,0 days 15:55:00.232219,191404,22.34,22.33,919,5144,54977,-14786
599,CNP,2020-10-27,0 days 15:58:02.237611,233068,22.31,22.3,6041,3263,-11763,3080
600,CNP,2020-10-27,0 days 15:58:03.237632,232354,22.31,22.3,8446,2663,714,-11763
601,CNP,2020-10-27,0 days 15:58:58.240019,233846,22.32,22.31,5883,2529,-639,437
602,CNP,2020-10-27,0 days 15:58:59.241397,229085,22.31,22.3,8563,3916,4761,-639
603,CNP,2020-10-27,0 days 15:59:28.242023,267473,22.33,22.32,5700,6811,-74,5761
604,CNP,2020-10-27,0 days 15:59:45.244687,263179,22.35,22.34,1600,7271,4894,-16342
605,CNP,2020-10-27,0 days 15:59:46.243814,268073,22.36,22.35,9800,2661,-7207,4894
606,CNP,2020-10-27,0 days 15:59:47.242840,270768,22.36,22.35,10109,2200,5056,-7207
607,CNQ,2020-10-27,0 days 15:55:00.508408,29678,16.45,16.44,11400,2116,-3724,7637
608,CNQ,2020-10-27,0 days 15:55:06.508409,33302,16.45,16.43,15410,11633,3619,-3624
609,CNQ,2020-10-27,0 days 15:58:52.516855,39605,16.43,16.42,12062,2772,-2531,890
610,CNQ,2020-10-27,0 days 15:59:46.507729,52323,16.39,16.38,300,19086,-750,780
611,CNQ,2020-10-27,0 days 15:59:47.507709,51873,16.39,16.38,900,18082,150,-750
612,CNX,2020-10-27,0 days 15:55:00.237186,176831,10.4,10.39,1509,4126,-5709,31555
613,CNX,2020-10-27,0 days 15:59:08.246871,190096,10.43,10.42,4026,8003,40567,-5339
614,COF,2020-10-27,0 days 15:56:31.240252,237364,74.22,74.2,663,200,4693,-4107
615,COF,2020-10-27,0 days 15:56:32.240118,216947,74.22,74.2,400,200,-20403,4693
616,COF,2020-10-27,0 days 15:59:32.246706,311927,74.16,74.14,241,305,4344,-654
617,COF,2020-10-27,0 days 15:59:33.246703,306771,74.18,74.15,100,700,-5156,4344
618,COG,2020-10-27,0 days 15:55:54.102247,287441,19.1,19.09,6976,2648,2860,-1953
619,COG,2020-10-27,0 days 15:55:55.102738,281601,19.1,19.09,7076,2548,-5840,2860
620,COG,2020-10-27,0 days 15:59:16.109923,337379,19.08,19.07,4925,3200,2649,-1951
621,COG,2020-10-27,0 days 15:59:31.111501,339582,19.08,19.07,8385,2307,-1759,2004
622,COG,2020-10-27,0 days 15:59:35.110300,341341,19.08,19.07,9400,2250,741,-1759
623,COG,2020-10-27,0 days 15:59:36.110961,341082,19.08,19.07,11200,2150,-259,741
624,COG,2020-10-27,0 days 15:59:43.111143,341242,19.07,19.06,7675,2655,522,-259
625,COG,2020-10-27,0 days 15:59:44.110675,341064,19.08,19.07,4100,7821,-178,522
626,COG,2020-10-27,0 days 15:59:45.113849,341542,19.08,19.07,2912,7821,2124,-178
627,COP,2020-10-27,0 days 15:56:01.110198,1944346,30.36,30.35,3180,4200,-1860,32540
628,COP,2020-10-27,0 days 15:56:02.110461,1929806,30.36,30.35,5370,2015,14540,-1860
629,COP,2020-10-27,0 days 15:58:12.114762,1974186,30.34,30.33,4000,1500,-4068,15632
630,COP,2020-10-27,0 days 15:58:13.115491,1959754,30.34,30.32,8439,6718,20086,-4068
631,COP,2020-10-27,0 days 15:59:46.115217,1999891,30.28,30.27,600,4946,-30859,27395
632,COTY,2020-10-27,0 days 15:55:41.242991,161072,3.09,3.08,69784,43958,-1920,1140
633,COTY,2020-10-27,0 days 15:55:42.243349,154292,3.09,3.08,69784,43958,6780,-1920
634,COTY,2020-10-27,0 days 15:56:31.243951,161072,3.09,3.08,65030,46635,-501,6115
635,COTY,2020-10-27,0 days 15:56:32.244390,110573,3.09,3.08,65030,36935,50499,-501
636,COTY,2020-10-27,0 days 15:59:11.250202,163491,3.09,3.08,69107,89855,-900,15208
637,CPB,2020-10-27,0 days 15:56:46.253030,136086,48.21,48.2,100,400,229,-1171
638,CPB,2020-10-27,0 days 15:56:47.252833,134815,48.22,48.2,586,1265,-1171,229
639,CPB,2020-10-27,0 days 15:57:35.254351,136086,48.22,48.2,869,300,615,-1485
640,CPB,2020-10-27,0 days 15:57:36.254785,135801,48.22,48.21,400,400,-285,615
641,CPB,2020-10-27,0 days 15:58:12.256704,135222,48.22,48.21,1147,714,-1079,6581
642,CPB,2020-10-27,0 days 15:59:07.259203,138151,48.25,48.24,1093,300,3688,-1397
643,CPB,2020-10-27,0 days 15:59:08.258907,136739,48.25,48.24,1093,300,-3050,3688
644,CPB,2020-10-27,0 days 15:59:15.259325,139889,48.24,48.22,713,100,1727,-3150
645,CPB,2020-10-27,0 days 15:59:27.260270,142722,48.24,48.23,600,300,-164,223
646,CPRI,2020-10-27,0 days 15:50:02.228847,40989,22.77,22.76,2650,1300,-179,21
647,CPRI,2020-10-27,0 days 15:55:00.236868,99463,22.68,22.67,2182,440,-3393,2621
648,CPRI,2020-10-27,0 days 15:59:23.242935,119237,22.67,22.66,5278,1598,-9113,507
649,CPRI,2020-10-27,0 days 15:59:24.242348,128350,22.67,22.65,5332,1800,728,-9113
650,CPRI,2020-10-27,0 days 15:59:26.242324,126178,22.66,22.65,3520,813,-572,828
651,CRK,2020-10-27,0 days 15:55:38.219668,43701,5.5,5.49,5371,4847,-619,1081
652,CRK,2020-10-27,0 days 15:55:39.219399,42520,5.5,5.49,4871,5115,1181,-619
653,CRK,2020-10-27,0 days 15:59:45.228074,57025,5.48,5.47,1035,4102,-1664,536
654,CRM,2020-10-27,0 days 15:55:17.233385,271643,250.81,250.78,1019,264,172,-192
655,CRM,2020-10-27,0 days 15:55:18.233219,270815,250.81,250.78,1003,364,-828,172
656,CRM,2020-10-27,0 days 15:56:01.234705,273811,250.72,250.62,100,246,771,-629
657,CRM,2020-10-27,0 days 15:56:02.234524,271882,250.72,250.62,100,385,-1929,771
658,CRM,2020-10-27,0 days 15:56:34.234891,272264,250.52,250.41,435,100,333,-484
659,CRM,2020-10-27,0 days 15:56:35.234879,271997,250.52,250.43,435,100,-228,333
660,CRM,2020-10-27,0 days 15:57:26.236213,274578,250.59,250.51,179,106,919,-381
661,CRM,2020-10-27,0 days 15:57:27.237326,274097,250.55,250.51,167,104,-481,919
662,CRM,2020-10-27,0 days 15:57:34.237012,273764,250.48,250.43,100,200,1333,-117
663,CRM,2020-10-27,0 days 15:57:35.237082,273497,250.51,250.46,100,101,-267,1333
664,CRM,2020-10-27,0 days 15:57:42.237131,273764,250.49,250.44,100,100,133,-317
665,CRM,2020-10-27,0 days 15:57:43.237222,271597,250.58,250.47,100,200,-4381,133
666,CRM,2020-10-27,0 days 15:58:01.238866,279291,250.53,250.46,300,100,2125,-775
667,CRM,2020-10-27,0 days 15:58:02.237941,278616,250.5,250.42,200,100,-311,2125
668,CRM,2020-10-27,0 days 15:58:03.238049,277983,250.53,250.47,100,193,633,-311
669,CRM,2020-10-27,0 days 15:58:04.238237,277416,250.56,250.47,100,100,-567,633
670,CRM,2020-10-27,0 days 15:58:09.238934,277983,250.57,250.5,266,210,1033,-567
671,CRM,2020-10-27,0 days 15:58:10.239086,277434,250.51,250.47,200,206,-859,1033
672,CRM,2020-10-27,0 days 15:58:13.239338,278293,250.54,250.48,110,100,1041,-859
673,CRM,2020-10-27,0 days 15:58:14.238925,277634,250.51,250.42,200,100,-1483,1041
674,CRM,2020-10-27,0 days 15:58:16.238942,283060,250.47,250.4,100,100,1074,-1240
675,CRM,2020-10-27,0 days 15:58:17.238658,281934,250.47,250.4,100,100,-1087,1074
676,CRM,2020-10-27,0 days 15:58:29.240550,283060,250.51,250.42,146,300,374,-1087
677,CRM,2020-10-27,0 days 15:58:30.241150,281934,250.51,250.42,255,100,-1126,374
678,CRM,2020-10-27,0 days 15:58:33.240195,283060,250.48,250.41,200,200,1424,-676
679,CRM,2020-10-27,0 days 15:58:34.239651,281984,250.51,250.42,300,400,-1037,1424
680,CRM,2020-10-27,0 days 15:58:44.240163,285929,250.51,250.46,125,333,95,-1305
681,CRM,2020-10-27,0 days 15:58:45.240286,285024,250.51,250.46,125,233,-905,95
682,CRM,2020-10-27,0 days 15:59:41.244951,317563,250.41,250.32,100,200,2354,-2310
683,CRM,2020-10-27,0 days 15:59:42.243305,311517,250.41,250.33,225,407,-6410,2354
684,CRM,2020-10-27,0 days 15:59:45.245202,317966,250.51,250.4,100,300,467,-1290
685,CRM,2020-10-27,0 days 15:59:48.244313,316133,250.5,250.43,600,200,-1833,1006
686,CS,2020-10-27,0 days 15:59:36.249446,39024,10.35,10.34,78564,39424,-4198,5102
687,CS,2020-10-27,0 days 15:59:37.249693,38722,10.35,10.34,78564,39224,302,-4198
688,CS,2020-10-27,0 days 15:59:46.251240,39024,10.35,10.34,85774,3969,-1398,302
689,CUK,2020-10-27,0 days 15:56:44.244406,18190,11.83,11.82,3179,1297,-1285,765
690,CUK,2020-10-27,0 days 15:56:45.244527,17675,11.83,11.82,3179,1259,515,-1285
691,CUK,2020-10-27,0 days 15:57:11.245590,18190,11.82,11.81,569,4040,-585,515
692,CUK,2020-10-27,0 days 15:57:12.244592,17875,11.82,11.81,569,3940,315,-585
693,CUK,2020-10-27,0 days 15:58:52.249646,18290,11.82,11.81,681,5815,-2089,5
694,CUK,2020-10-27,0 days 15:59:25.249273,23410,11.82,11.81,1199,7211,471,-2427
695,CVS,2020-10-27,0 days 15:55:00.248350,284219,58.28,58.27,700,1507,45871,-86013
696,CVS,2020-10-27,0 days 15:55:04.248911,330368,58.24,58.23,600,1776,-34251,46349
697,CVS,2020-10-27,0 days 15:55:05.248240,326219,58.23,58.22,200,1960,4149,-34251
698,CVS,2020-10-27,0 days 15:55:06.248920,330368,58.23,58.22,300,2160,-2784,4149
699,CVS,2020-10-27,0 days 15:55:07.248232,328152,58.23,58.22,100,2215,2216,-2784
700,CVS,2020-10-27,0 days 15:55:41.251612,332037,58.2,58.19,2257,200,-21405,2354
701,CVS,2020-10-27,0 days 15:55:42.251204,330742,58.2,58.19,1757,508,1295,-21405
702,CVS,2020-10-27,0 days 15:55:52.251697,331292,58.19,58.18,2631,302,-833,1295
703,CVS,2020-10-27,0 days 15:55:53.251983,330125,58.19,58.18,2181,402,1167,-833
704,CVS,2020-10-27,0 days 15:56:05.252138,331338,58.19,58.18,2584,500,-4187,13
705,CVS,2020-10-27,0 days 15:56:06.251796,330225,58.18,58.17,800,1900,1113,-4187
706,CVS,2020-10-27,0 days 15:56:13.252384,331338,58.19,58.18,1600,100,-386,2414
707,CVS,2020-10-27,0 days 15:56:14.252498,330224,58.19,58.18,1200,200,1114,-386
708,CVS,2020-10-27,0 days 15:56:31.252596,333838,58.18,58.17,2600,402,-1495,1214
709,CVS,2020-10-27,0 days 15:57:36.254896,342535,58.18,58.17,3023,200,1689,-881
710,CVS,2020-10-27,0 days 15:57:37.254994,342402,58.18,58.17,3023,200,-1633,1689
711,CVS,2020-10-27,0 days 15:57:42.254464,344035,58.16,58.15,1000,1305,367,-933
712,CVS,2020-10-27,0 days 15:57:43.254614,343102,58.16,58.15,1200,903,-933,367
713,CVS,2020-10-27,0 days 15:57:44.254584,344035,58.16,58.15,2200,500,967,-933
714,CVS,2020-10-27,0 days 15:57:45.254763,343166,58.16,58.15,2200,400,-769,967
715,CVS,2020-10-27,0 days 15:57:49.256961,344635,58.16,58.15,629,4397,2231,-769
716,CVS,2020-10-27,0 days 15:58:13.257310,345423,58.16,58.15,1800,500,11,-3001
717,CVS,2020-10-27,0 days 15:58:15.256635,345134,58.16,58.15,2180,154,-2927,11
718,CVS,2020-10-27,0 days 15:59:07.259381,350932,58.17,58.16,1204,500,543,-977
719,CVS,2020-10-27,0 days 15:59:11.259492,352917,58.15,58.14,714,1400,-1259,2241
720,CVS,2020-10-27,0 days 15:59:23.261152,404927,58.14,58.13,300,2099,29,-2362
721,CVS,2020-10-27,0 days 15:59:24.259705,404956,58.17,58.16,600,800,-671,29
722,CVS,2020-10-27,0 days 15:59:32.259696,405627,58.17,58.16,1700,814,1655,-463
723,CVS,2020-10-27,0 days 15:59:43.259842,336026,58.17,58.16,600,2200,-71506,72319
724,CVS,2020-10-27,0 days 15:59:44.261261,407532,58.15,58.14,1900,1098,79664,-71506
725,CVS,2020-10-27,0 days 15:59:46.261926,360184,58.17,58.16,537,1414,-48158,31720
726,CVS,2020-10-27,0 days 15:59:47.261134,408506,58.16,58.15,2000,200,76478,-48158
727,CVS,2020-10-27,0 days 15:59:48.261005,360794,58.19,58.18,700,1300,-52703,76478
728,CVS,2020-10-27,0 days 15:59:51.265016,410997,58.15,58.14,946,300,45587,-32625
729,CVX,2020-10-27,0 days 15:59:15.249833,1233482,69.72,69.71,1800,700,-134504,65188
730,CVX,2020-10-27,0 days 15:59:38.248858,1417131,69.54,69.53,900,2960,-6139,12461
731,CVX,2020-10-27,0 days 15:59:45.252209,1352149,69.56,69.55,300,1120,-100299,75893
732,CX,2020-10-27,0 days 15:58:07.515047,36245,3.97,3.96,33022,56810,-1247,977
733,CX,2020-10-27,0 days 15:58:52.516720,37492,3.97,3.96,25075,57721,4938,-933
734,CX,2020-10-27,0 days 15:59:36.506885,43072,3.98,3.97,14775,85267,-1921,4079
735,CX,2020-10-27,0 days 15:59:37.506624,42793,3.98,3.97,15964,81467,279,-1921
736,CXO,2020-10-27,0 days 15:56:24.102999,94548,43.83,43.81,4000,1195,-2934,566
737,CXO,2020-10-27,0 days 15:59:07.109294,100347,43.78,43.76,1000,612,1116,-968
738,CXO,2020-10-27,0 days 15:59:08.109491,98763,43.78,43.76,1000,612,-1584,1116
739,CXO,2020-10-27,0 days 15:59:32.111025,106209,43.74,43.72,893,100,1913,-1392
740,CXO,2020-10-27,0 days 15:59:33.111153,105522,43.74,43.72,793,400,-687,1913
741,CXO,2020-10-27,0 days 15:59:40.112413,106156,43.71,43.69,400,400,-53,947
742,CXO,2020-10-27,0 days 15:59:46.111952,106209,43.72,43.7,120,700,707,-53
743,CXO,2020-10-27,0 days 15:59:47.111878,97582,43.73,43.7,505,700,-8627,707
744,CXO,2020-10-27,0 days 15:59:51.113471,106566,43.72,43.69,675,300,5850,-2727
745,CXW,2020-10-27,0 days 15:55:00.242911,55376,6.05,6.04,5283,4578,13097,-7732
746,CXW,2020-10-27,0 days 15:55:01.242574,53173,6.05,6.04,5484,4678,-2203,13097
747,CXW,2020-10-27,0 days 15:59:15.249213,76360,6.01,6.0,5640,2824,-974,2026
748,DAL,2020-10-27,0 days 15:56:31.252688,222482,30.74,30.73,6299,4194,-1437,8763
749,DAL,2020-10-27,0 days 15:57:01.253626,222053,30.74,30.73,8979,3578,710,-890
750,DAL,2020-10-27,0 days 15:58:27.256949,270032,30.72,30.71,3025,6743,-5196,1004
751,DAL,2020-10-27,0 days 15:59:40.261087,303397,30.71,30.7,4300,9327,43584,-4652
752,DAL,2020-10-27,0 days 15:59:51.265172,314263,30.71,30.7,9193,2430,41113,-6138
753,DB,2020-10-27,0 days 15:55:00.249630,46723,9.26,9.25,24825,49683,6414,-6871
754,DB,2020-10-27,0 days 15:57:25.253853,53137,9.26,9.25,47530,17108,-2050,757
755,DB,2020-10-27,0 days 15:59:17.259822,59185,9.26,9.25,63595,41298,8933,-18079
756,DB,2020-10-27,0 days 15:59:36.260121,68261,9.26,9.25,65961,44758,-7624,9076
757,DB,2020-10-27,0 days 15:59:37.260607,67785,9.26,9.25,65961,44758,476,-7624
758,DBI,2020-10-27,0 days 15:56:44.220681,65884,5.06,5.05,8066,5789,1002,-1048
759,DBI,2020-10-27,0 days 15:56:45.220875,63586,5.06,5.05,7484,6007,-2298,1002
760,DD,2020-10-27,0 days 15:59:22.248957,207113,57.34,57.32,100,100,27161,-21950
761,DDD,2020-10-27,0 days 15:55:00.242012,82729,6.32,6.31,11414,4115,13877,-26866
762,DFS,2020-10-27,0 days 15:59:58.244255,256021,65.28,65.24,800,400,1231,-1549
763,DHF,2020-10-27,0 days 15:59:36.249403,660,2.71,2.7,19483,16111,-100,300
764,DHF,2020-10-27,0 days 15:59:37.249660,560,2.71,2.7,23892,15811,100,-100
765,DHI,2020-10-27,0 days 15:56:01.101718,408678,69.26,69.24,216,100,4316,-38884
766,DHI,2020-10-27,0 days 15:56:02.102396,396994,69.27,69.25,100,423,-11684,4316
767,DHI,2020-10-27,0 days 15:57:35.104602,410078,69.15,69.14,200,400,1916,-484
768,DHI,2020-10-27,0 days 15:57:36.104764,403794,69.17,69.16,400,1001,-6284,1916
769,DHI,2020-10-27,0 days 15:57:37.104260,410078,69.17,69.16,400,800,116,-6284
770,DHI,2020-10-27,0 days 15:57:40.104533,390894,69.17,69.16,380,736,-19184,216
771,DHI,2020-10-27,0 days 15:59:01.109306,412076,69.2,69.18,100,100,814,-16413
772,DHI,2020-10-27,0 days 15:59:05.108854,407125,69.26,69.24,200,300,-5408,28715
773,DHI,2020-10-27,0 days 15:59:21.108434,414947,69.16,69.14,864,300,3631,-569
774,DHI,2020-10-27,0 days 15:59:22.109913,413051,69.16,69.15,778,100,-1896,3631
775,DHR,2020-10-27,0 days 15:55:00.237045,163575,240.34,240.28,598,300,28294,-16818
776,DHR,2020-10-27,0 days 15:57:49.243191,220919,239.93,239.89,100,303,-5457,9023
777,DHR,2020-10-27,0 days 15:59:24.246199,229232,239.63,239.55,100,100,-1935,1297
778,DHR,2020-10-27,0 days 15:59:25.246915,226667,239.63,239.52,100,100,2565,-1935
779,DHR,2020-10-27,0 days 15:59:28.246932,229232,239.63,239.52,100,100,-1942,865
780,DHR,2020-10-27,0 days 15:59:29.246692,226674,239.63,239.52,100,100,2558,-1942
781,DHR,2020-10-27,0 days 15:59:31.246897,229232,239.6,239.49,300,200,-3444,758
782,DHR,2020-10-27,0 days 15:59:32.246615,228776,239.59,239.49,400,200,456,-3444
783,DHR,2020-10-27,0 days 15:59:35.246810,229232,239.59,239.49,200,100,-1344,556
784,DHR,2020-10-27,0 days 15:59:36.247193,226976,239.59,239.55,100,116,2256,-1344
785,DHR,2020-10-27,0 days 15:59:37.246861,229232,239.59,239.49,200,100,-1444,2256
786,DHR,2020-10-27,0 days 15:59:38.246030,228876,239.59,239.49,200,100,356,-1444
787,DHR,2020-10-27,0 days 15:59:45.249440,229245,239.81,239.59,100,520,5562,-613
788,DHR,2020-10-27,0 days 15:59:46.248093,234707,239.89,239.79,100,920,-2468,5562
789,DHR,2020-10-27,0 days 15:59:49.247553,234466,239.97,239.89,100,300,241,-559
790,DHT,2020-10-27,0 days 15:56:44.252782,40312,5.02,5.01,22997,4785,-46,2004
791,DHT,2020-10-27,0 days 15:59:13.260372,44710,5.02,5.0,13467,37338,1577,-1517
792,DHT,2020-10-27,0 days 15:59:36.260020,45916,5.0,4.99,17528,5000,-440,1160
793,DHT,2020-10-27,0 days 15:59:45.263255,46016,5.0,4.99,34595,2661,-140,60
794,DIS,2020-10-27,0 days 15:55:01.248865,334196,123.38,123.36,953,100,5696,-2204
795,DIS,2020-10-27,0 days 15:57:33.254266,351574,123.28,123.27,100,157,-110,1875
796,DIS,2020-10-27,0 days 15:57:36.254987,347684,123.29,123.28,318,200,3775,-5310
797,DIS,2020-10-27,0 days 15:58:03.255975,354750,123.31,123.3,1466,407,-5184,4977
798,DIS,2020-10-27,0 days 15:58:04.256334,351034,123.31,123.3,1689,531,3716,-5184
799,DIS,2020-10-27,0 days 15:58:19.259162,353984,123.32,123.31,100,826,-556,210
800,DIS,2020-10-27,0 days 15:58:20.257094,351540,123.31,123.3,100,1446,2444,-556
801,DIS,2020-10-27,0 days 15:58:34.257171,351540,123.34,123.33,1000,444,2282,-76
802,DIS,2020-10-27,0 days 15:59:01.260113,355522,123.37,123.35,917,1050,-149,615
803,DIS,2020-10-27,0 days 15:59:03.259254,355618,123.36,123.35,607,300,3125,-149
804,DIS,2020-10-27,0 days 15:59:06.259574,358743,123.37,123.35,1088,1103,-1175,3125
805,DIS,2020-10-27,0 days 15:59:08.259131,358247,123.36,123.35,457,903,496,-1102
806,DIS,2020-10-27,0 days 15:59:14.259856,358743,123.35,123.33,400,400,-1956,2602
807,DIS,2020-10-27,0 days 15:59:15.259604,358499,123.35,123.33,800,200,444,-1956
808,DIS,2020-10-27,0 days 15:59:19.259782,359105,123.34,123.33,200,200,-8361,502
809,DIS,2020-10-27,0 days 15:59:23.261341,386014,123.34,123.29,100,558,2074,-519
810,DIS,2020-10-27,0 days 15:59:26.260394,387926,123.35,123.33,200,475,-446,1912
811,DIS,2020-10-27,0 days 15:59:28.260196,388372,123.36,123.35,357,100,221,-446
812,DKS,2020-10-27,0 days 15:57:25.243662,308172,57.67,57.64,100,619,-120,1171
813,DKS,2020-10-27,0 days 15:59:36.249511,323432,57.63,57.61,100,982,-3867,533
814,DOW,2020-10-27,0 days 15:59:28.246948,862196,46.57,46.55,600,400,47069,-4611
815,DOW,2020-10-27,0 days 15:59:29.246724,860065,46.58,46.56,200,300,-2131,47069
816,DOW,2020-10-27,0 days 15:59:32.246669,861296,46.56,46.55,210,204,9479,-17237
817,DUK,2020-10-27,0 days 15:55:00.107165,182649,93.12,93.11,200,200,28605,-107444
818,DUK,2020-10-27,0 days 15:55:01.106512,172454,93.19,93.12,100,1455,-10195,28605
819,DUK,2020-10-27,0 days 15:56:25.110943,205998,93.09,93.07,300,301,7440,-2420
820,DUK,2020-10-27,0 days 15:56:26.110732,204255,93.1,93.08,445,560,-1743,7440
821,DUK,2020-10-27,0 days 15:59:15.117239,210345,93.1,93.06,100,230,4557,-9705
822,DUK,2020-10-27,0 days 15:59:16.116836,198746,93.11,93.09,100,230,-11599,4557
823,DUK,2020-10-27,0 days 15:59:24.116681,210345,93.12,93.08,100,300,36,-164
824,DUK,2020-10-27,0 days 15:59:32.117058,208175,93.09,93.07,300,125,-2170,7830
825,DVN,2020-10-27,0 days 15:59:07.246549,588310,8.7,8.69,18418,15595,1629,-3543
826,DXC,2020-10-27,0 days 15:59:23.249637,166242,17.86,17.85,400,1981,21591,-28349
827,DXC,2020-10-27,0 days 15:59:24.248729,165833,17.87,17.86,1053,2160,-209,21591
828,DXC,2020-10-27,0 days 15:59:31.249254,166242,17.87,17.86,1273,658,2892,-474
829,DXC,2020-10-27,0 days 15:59:46.250639,167129,17.86,17.85,1559,1474,-963,1337
830,EIX,2020-10-27,0 days 15:58:34.515743,286532,57.9,57.89,1529,313,789,-7911
831,EIX,2020-10-27,0 days 15:58:35.515709,280021,57.9,57.89,1443,600,-5911,789
832,EIX,2020-10-27,0 days 15:58:36.515961,275034,57.9,57.89,1443,400,4987,-5911
833,EIX,2020-10-27,0 days 15:58:37.515882,269721,57.91,57.9,500,200,-5313,4987
834,EIX,2020-10-27,0 days 15:58:42.515945,275034,57.91,57.89,600,318,3956,-5344
835,EIX,2020-10-27,0 days 15:58:43.516009,268921,57.91,57.9,600,100,-6113,3956
836,EIX,2020-10-27,0 days 15:59:05.518379,276334,57.9,57.87,1417,100,6588,-4827
837,EIX,2020-10-27,0 days 15:59:06.517286,272053,57.9,57.89,796,210,-3681,6588
838,EIX,2020-10-27,0 days 15:59:12.519228,287450,57.88,57.85,1623,5100,1172,-1728
839,EIX,2020-10-27,0 days 15:59:15.506136,287225,57.87,57.85,200,200,-1156,1544
840,EIX,2020-10-27,0 days 15:59:27.505924,288381,57.89,57.85,400,100,246,-1203
841,EIX,2020-10-27,0 days 15:59:32.506621,291527,57.87,57.85,110,100,-3211,246
842,EIX,2020-10-27,0 days 15:59:45.508153,294738,57.85,57.81,200,100,2479,-2261
843,EIX,2020-10-27,0 days 15:59:48.507645,292585,57.89,57.83,300,100,-2395,3505
844,EMR,2020-10-27,0 days 15:55:45.244640,267458,67.03,67.01,1100,600,1331,-10969
845,EMR,2020-10-27,0 days 15:56:14.244733,270602,67.02,67.01,1260,210,-2572,1928
846,EMR,2020-10-27,0 days 15:59:12.248599,286395,67.04,67.03,242,300,3038,-6969
847,EMR,2020-10-27,0 days 15:59:15.249003,289433,67.05,67.04,100,915,-4033,2031
848,EMR,2020-10-27,0 days 15:59:32.249337,301805,66.99,66.98,800,100,-1476,27224
849,EMR,2020-10-27,0 days 15:59:46.249997,303081,66.98,66.96,400,400,15578,-377
850,ENB,2020-10-27,0 days 15:59:39.117352,43400,28.33,28.32,12945,20999,1019,-1526
851,ENB,2020-10-27,0 days 15:59:40.117826,42719,28.33,28.32,11245,19199,-681,1019
852,ENB,2020-10-27,0 days 15:59:46.115197,43400,28.33,28.32,4569,16799,2019,-681
853,ENB,2020-10-27,0 days 15:59:47.115701,42995,28.33,28.32,5369,13471,-405,2019
854,EOG,2020-10-27,0 days 15:55:14.108545,178715,34.74,34.73,3263,1486,-1670,4034
855,EOG,2020-10-27,0 days 15:55:15.108119,175185,34.73,34.72,3580,2622,3530,-1670
856,EOG,2020-10-27,0 days 15:57:49.112163,181352,34.7,34.69,2663,3716,-288,2112
857,EOG,2020-10-27,0 days 15:57:50.112570,179340,34.7,34.69,3163,1469,2412,-288
858,EOG,2020-10-27,0 days 15:59:00.118723,184616,34.7,34.69,781,1728,-36,55
859,EOG,2020-10-27,0 days 15:59:02.117561,166798,34.71,34.7,7468,494,294,-36
860,EOG,2020-10-27,0 days 15:59:04.117036,168292,34.71,34.7,6423,1291,-106,1494
861,EOG,2020-10-27,0 days 15:59:35.116496,276862,34.62,34.61,400,2075,-7030,4747
862,EPD,2020-10-27,0 days 15:59:16.224769,334875,17.3,17.29,6264,12260,-3206,54894
863,EPD,2020-10-27,0 days 15:59:46.225474,348646,17.29,17.28,10943,5771,6487,-2771
864,EPD,2020-10-27,0 days 15:59:47.225492,348133,17.29,17.28,12043,7041,-7754,6487
865,EQH,2020-10-27,0 days 15:59:10.260112,199657,18.54,18.53,3541,1074,3166,-2354
866,EQH,2020-10-27,0 days 15:59:11.259492,197223,18.54,18.53,3297,1074,-2434,3166
867,EQH,2020-10-27,0 days 15:59:45.263168,202146,18.53,18.52,3251,400,1264,-1319
868,EQH,2020-10-27,0 days 15:59:47.261134,200900,18.53,18.52,6307,100,-1146,8054
869,EQNR,2020-10-27,0 days 15:59:36.243606,31757,13.43,13.42,27731,24239,-5920,6980
870,EQNR,2020-10-27,0 days 15:59:37.242785,31377,13.43,13.42,27731,23539,380,-5920
871,EQR,2020-10-27,0 days 15:58:41.248116,200906,49.78,49.77,1589,2032,87,-213
872,EQR,2020-10-27,0 days 15:59:40.250463,229048,49.77,49.75,1261,300,675,-2596
873,EQT,2020-10-27,0 days 15:58:06.256484,177846,16.2,16.19,4400,800,562,-2338
874,EQT,2020-10-27,0 days 15:58:07.256808,167908,16.2,16.19,4500,1100,-8138,562
875,EQT,2020-10-27,0 days 15:59:11.259672,168558,16.17,16.16,3765,300,-5296,6904
876,EQT,2020-10-27,0 days 15:59:48.261252,176555,16.18,16.16,2500,3401,-1671,40271
877,ET,2020-10-27,0 days 15:56:30.219477,222848,5.66,5.65,44623,80680,-6831,44869
878,ET,2020-10-27,0 days 15:59:33.223966,246391,5.66,5.65,7486,134815,-6946,53654
879,ET,2020-10-27,0 days 15:59:46.225249,253337,5.66,5.65,17050,95186,12100,-1946
880,ET,2020-10-27,0 days 15:59:47.224917,249437,5.66,5.65,40730,94522,-3900,12100
881,ETRN,2020-10-27,0 days 15:55:00.098970,89659,7.83,7.82,10409,7378,1612,-5268
882,ETRN,2020-10-27,0 days 15:55:24.100563,91271,7.83,7.82,10567,10664,-1388,1612
883,ETRN,2020-10-27,0 days 15:55:44.100570,97065,7.83,7.82,5867,8984,3406,-4988
884,ETRN,2020-10-27,0 days 15:55:45.101935,96471,7.83,7.82,5912,8884,-594,3406
885,ETRN,2020-10-27,0 days 15:56:08.100514,98971,7.83,7.82,5650,7671,1166,-440
886,ETRN,2020-10-27,0 days 15:56:09.100912,98337,7.83,7.82,5650,7771,-634,1166
887,ETRN,2020-10-27,0 days 15:57:32.103310,112750,7.83,7.82,5983,4200,1787,-484
888,ETRN,2020-10-27,0 days 15:58:52.107854,108873,7.82,7.81,5624,4815,3183,-701
889,ETRN,2020-10-27,0 days 15:58:53.106930,105756,7.82,7.81,5741,4515,-3117,3183
890,ETRN,2020-10-27,0 days 15:58:59.108590,108873,7.82,7.81,5124,6399,2137,-3117
891,ETRN,2020-10-27,0 days 15:59:09.109709,111283,7.82,7.81,4068,7784,-40501,1821
892,ETRN,2020-10-27,0 days 15:59:10.111445,109284,7.82,7.81,3968,7184,1999,-40501
893,ETRN,2020-10-27,0 days 15:59:37.110652,112861,7.83,7.82,6817,3900,2022,-555
894,ETRN,2020-10-27,0 days 15:59:38.109376,112583,7.83,7.82,5617,3900,-278,2022
895,EV,2020-10-27,0 days 15:55:00.238392,49879,60.19,60.18,1355,1017,-1000,1172
896,EV,2020-10-27,0 days 15:57:40.242312,53535,60.14,60.12,1207,944,-497,303
897,EV,2020-10-27,0 days 15:59:11.246597,56209,60.15,60.14,300,200,729,-142
898,EV,2020-10-27,0 days 15:59:12.246759,55438,60.15,60.14,300,200,-771,729
899,EV,2020-10-27,0 days 15:59:47.247938,55738,60.13,60.11,700,435,-471,529
900,EW,2020-10-27,0 days 15:56:21.512999,223409,76.67,76.62,200,395,-2053,2247
901,EW,2020-10-27,0 days 15:57:35.514187,229259,76.55,76.53,368,100,-1263,37
902,EW,2020-10-27,0 days 15:57:36.514268,230522,76.55,76.51,468,300,1037,-1263
903,EW,2020-10-27,0 days 15:57:37.514184,230059,76.55,76.51,468,452,-463,1037
904,EW,2020-10-27,0 days 15:57:39.514026,230522,76.55,76.52,200,100,1837,-463
905,EW,2020-10-27,0 days 15:57:41.514212,228059,76.56,76.52,500,377,-2463,437
906,EW,2020-10-27,0 days 15:57:44.514398,230522,76.54,76.51,360,100,1037,-163
907,EW,2020-10-27,0 days 15:57:45.514764,230359,76.53,76.5,360,110,-163,1037
908,EW,2020-10-27,0 days 15:57:47.514311,230522,76.55,76.51,200,300,1637,-2963
909,EW,2020-10-27,0 days 15:57:49.515093,228959,76.56,76.53,500,100,-1563,937
910,EW,2020-10-27,0 days 15:57:53.514946,230896,76.56,76.53,1000,100,763,-2937
911,EW,2020-10-27,0 days 15:57:54.514985,224559,76.57,76.52,100,300,-6337,763
912,EW,2020-10-27,0 days 15:57:56.514837,230896,76.57,76.52,200,245,463,-1337
913,EW,2020-10-27,0 days 15:57:57.515025,229959,76.57,76.54,100,221,-937,463
914,EW,2020-10-27,0 days 15:58:09.518316,230758,76.52,76.49,400,200,632,-2582
915,EW,2020-10-27,0 days 15:58:10.516500,228890,76.54,76.49,500,400,-1868,632
916,EW,2020-10-27,0 days 15:58:18.516068,237673,76.53,76.49,691,400,622,-1478
917,EW,2020-10-27,0 days 15:58:19.516079,237095,76.53,76.49,391,669,-578,622
918,EW,2020-10-27,0 days 15:58:31.515726,237673,76.53,76.49,200,172,422,-578
919,EW,2020-10-27,0 days 15:58:32.515659,236395,76.53,76.49,300,278,-1278,422
920,EW,2020-10-27,0 days 15:58:35.515774,237673,76.51,76.49,700,664,922,-1278
921,EW,2020-10-27,0 days 15:58:36.516023,236395,76.5,76.49,700,701,-1278,922
922,EW,2020-10-27,0 days 15:59:02.519273,237868,76.55,76.5,200,600,15951,-317
923,EW,2020-10-27,0 days 15:59:41.506849,300533,76.5,76.44,1405,232,-860,29038
924,EW,2020-10-27,0 days 15:59:42.507281,299893,76.48,76.42,655,400,3268,-860
925,EW,2020-10-27,0 days 15:59:43.506367,298961,76.48,76.43,405,250,-1578,3268
926,EW,2020-10-27,0 days 15:59:45.508424,299891,76.48,76.42,755,238,9461,-786
927,EW,2020-10-27,0 days 15:59:46.507641,290552,76.5,76.43,1128,997,-10329,9461
928,EW,2020-10-27,0 days 15:59:49.507877,301161,76.47,76.41,550,1025,8191,-1509
929,EW,2020-10-27,0 days 15:59:50.510013,300841,76.47,76.41,400,1100,-320,8191
930,EW,2020-10-27,0 days 15:59:57.507511,288752,76.5,76.41,900,100,-12709,2780
931,FCAU,2020-10-27,0 days 15:58:36.114841,49358,12.91,12.9,23148,13838,-1313,2887
932,FCAU,2020-10-27,0 days 15:58:37.114997,46871,12.91,12.9,22736,15038,2387,-1313
933,FCAU,2020-10-27,0 days 15:59:46.115249,49298,12.91,12.9,15655,19559,-2918,882
934,FCAU,2020-10-27,0 days 15:59:47.115812,48316,12.91,12.9,15755,19559,982,-2918
935,FCX,2020-10-27,0 days 15:55:44.247894,350626,17.75,17.74,11327,25879,-90493,85048
936,FCX,2020-10-27,0 days 15:55:45.244685,346319,17.75,17.74,13427,21884,4307,-90493
937,FCX,2020-10-27,0 days 15:56:08.244800,350626,17.75,17.74,19826,15816,-14897,4307
938,FCX,2020-10-27,0 days 15:56:09.245059,348123,17.75,17.74,17029,20051,2503,-14897
939,FCX,2020-10-27,0 days 15:56:12.244963,350626,17.75,17.74,19029,17551,-14357,2503
940,FCX,2020-10-27,0 days 15:56:13.244544,342283,17.75,17.74,19629,17451,8343,-14357
941,FCX,2020-10-27,0 days 15:58:11.245833,371202,17.73,17.72,12436,27973,-9817,9641
942,FCX,2020-10-27,0 days 15:59:24.248545,377375,17.74,17.73,7075,28503,-3143,581
943,FCX,2020-10-27,0 days 15:59:31.249058,380740,17.74,17.73,34899,12556,11491,-1365
944,FCX,2020-10-27,0 days 15:59:32.249439,376031,17.74,17.73,35399,12856,-4709,11491
945,FCX,2020-10-27,0 days 15:59:36.249381,380740,17.74,17.73,40757,10345,3891,-4709
946,FDX,2020-10-27,0 days 15:57:36.514130,155242,274.71,274.61,320,100,204,-696
947,FDX,2020-10-27,0 days 15:57:37.514060,152446,274.71,274.61,320,100,-2796,204
948,FDX,2020-10-27,0 days 15:57:49.514995,155242,274.65,274.62,395,100,1748,-1252
949,FDX,2020-10-27,0 days 15:57:50.514960,152390,274.77,274.66,100,100,-2852,1748
950,FDX,2020-10-27,0 days 15:58:32.515050,155975,274.9,274.72,200,376,363,-637
951,FDX,2020-10-27,0 days 15:58:33.515130,153138,274.74,274.72,200,300,-2837,363
952,FDX,2020-10-27,0 days 15:59:40.507087,167928,274.54,274.41,700,200,7665,-1469
953,FDX,2020-10-27,0 days 15:59:41.506665,166791,274.54,274.39,420,100,-1137,7665
954,FDX,2020-10-27,0 days 15:59:45.508153,167930,274.71,274.56,150,100,726,-895
955,FDX,2020-10-27,0 days 15:59:48.507645,166705,274.71,274.6,100,209,-1225,975
956,FE,2020-10-27,0 days 15:55:01.237797,819231,33.47,33.46,700,2061,2993,-22707
957,FE,2020-10-27,0 days 15:55:56.239827,831276,33.47,33.46,4820,1500,-337,1163
958,FE,2020-10-27,0 days 15:55:57.240004,828613,33.47,33.46,5124,1500,2663,-337
959,FE,2020-10-27,0 days 15:56:02.239685,822927,33.46,33.45,903,869,-4186,2663
960,FE,2020-10-27,0 days 15:56:03.239572,820913,33.46,33.45,1003,869,2014,-4186
961,FE,2020-10-27,0 days 15:56:30.240354,811937,33.43,33.42,1854,900,-9476,1424
962,FE,2020-10-27,0 days 15:56:31.240288,810913,33.43,33.42,1954,1006,1024,-9476
963,FE,2020-10-27,0 days 15:57:34.242644,831170,33.43,33.42,1509,972,-316,1584
964,FE,2020-10-27,0 days 15:57:50.245074,901186,33.42,33.41,1273,1900,982,-8718
965,FE,2020-10-27,0 days 15:57:51.242702,895268,33.42,33.41,1286,1600,-5718,982
966,FE,2020-10-27,0 days 15:57:58.243815,901186,33.42,33.41,1964,360,1182,-5718
967,FE,2020-10-27,0 days 15:57:59.243996,895268,33.42,33.41,1968,360,-5718,1182
968,FE,2020-10-27,0 days 15:59:20.246669,900895,33.4,33.39,200,2095,728,-395
969,FE,2020-10-27,0 days 15:59:23.247545,898023,33.4,33.39,160,2031,-2872,3728
970,FE,2020-10-27,0 days 15:59:47.247741,928599,33.44,33.43,335,800,-1373,29375
971,FE,2020-10-27,0 days 15:59:52.247664,902449,33.37,33.36,200,600,13837,-2863
972,FEAC,2020-10-27,0 days 15:59:46.251240,5645,12.05,12.0,200,753,-33,307
973,FEAC,2020-10-27,0 days 15:59:48.250387,5378,12.05,12.0,200,600,267,-33
974,FEAC,2020-10-27,0 days 15:59:54.244194,5645,12.05,11.9,200,1100,-290,567
975,FEAC,2020-10-27,0 days 15:59:55.243552,5078,12.05,11.99,200,192,567,-290
976,FHN,2020-10-27,0 days 15:57:34.243962,347007,10.17,10.16,39353,8657,6948,-3468
977,FHN,2020-10-27,0 days 15:57:35.243941,345055,10.17,10.16,37653,8757,-168,6948
978,FHN,2020-10-27,0 days 15:58:35.246376,348312,10.17,10.16,24880,16670,13930,-15670
979,FHN,2020-10-27,0 days 15:58:36.246135,332642,10.17,10.16,24080,15570,-15670,13930
980,FHN,2020-10-27,0 days 15:59:12.248700,350776,10.18,10.17,28878,4653,7022,-1191
981,FIS,2020-10-27,0 days 15:59:23.116275,180524,137.88,137.8,200,100,2422,-4778
982,FIS,2020-10-27,0 days 15:59:24.116504,180346,137.84,137.78,100,100,-178,2422
983,FIS,2020-10-27,0 days 15:59:31.117026,180524,137.8,137.75,200,100,950,-178
984,FIS,2020-10-27,0 days 15:59:33.117079,180474,137.8,137.77,692,100,-50,150
985,FIS,2020-10-27,0 days 15:59:35.116435,180524,137.8,137.74,100,200,1150,-1450
986,FIS,2020-10-27,0 days 15:59:36.116605,180474,137.8,137.74,100,200,-50,1150
987,FIS,2020-10-27,0 days 15:59:40.117699,180524,137.8,137.75,100,500,250,-50
988,FIS,2020-10-27,0 days 15:59:45.118527,180524,137.87,137.79,100,832,189,-1118
989,FIT,2020-10-27,0 days 15:59:02.110073,388798,6.98,6.97,75202,16709,14611,-6720
990,FIT,2020-10-27,0 days 15:59:03.109655,385209,6.98,6.97,74644,16651,-349,14611
991,FIT,2020-10-27,0 days 15:59:48.112014,393293,6.98,6.97,32375,53168,-1905,8095
992,FLR,2020-10-27,0 days 15:59:14.225965,74904,11.3,11.29,600,3536,2058,-1241
993,FLR,2020-10-27,0 days 15:59:15.224772,73962,11.3,11.29,100,4236,-742,2058
994,FLR,2020-10-27,0 days 15:59:33.224548,74988,11.29,11.28,1910,1847,1007,-347
995,FLR,2020-10-27,0 days 15:59:34.225283,74295,11.29,11.28,3000,2052,-493,1007
996,FNB,2020-10-27,0 days 15:56:30.220299,114096,7.37,7.36,19800,15335,273,-6527
997,FNB,2020-10-27,0 days 15:57:04.221438,104269,7.37,7.36,24076,9467,-9827,273
998,FNB,2020-10-27,0 days 15:59:41.225093,123712,7.36,7.35,15411,21385,-1785,6515
999,FNB,2020-10-27,0 days 15:59:46.225703,125578,7.36,7.35,23578,12997,3213,-1866
1000,FNB,2020-10-27,0 days 15:59:47.225599,124091,7.36,7.35,22578,12997,-1487,3213
1001,FRO,2020-10-27,0 days 15:56:44.110271,36266,6.05,6.04,4709,4306,1131,-919
1002,FRO,2020-10-27,0 days 15:56:45.110840,35497,6.05,6.04,4936,4306,-769,1131
1003,FRO,2020-10-27,0 days 15:57:25.110672,36366,6.05,6.04,6817,2799,331,-769
1004,FRO,2020-10-27,0 days 15:57:26.110999,35597,6.05,6.04,6817,2799,-669,331
1005,FRO,2020-10-27,0 days 15:59:14.116904,36366,6.04,6.03,5878,4743,2408,-1153
1006,FRO,2020-10-27,0 days 15:59:36.116481,38774,6.04,6.03,12092,2800,-1148,1552
1007,FRO,2020-10-27,0 days 15:59:37.115672,38722,6.04,6.03,12092,2700,52,-1148
1008,FRO,2020-10-27,0 days 15:59:38.115901,38774,6.04,6.03,12092,2700,-248,52
1009,FRO,2020-10-27,0 days 15:59:39.116953,38722,6.04,6.03,12092,2705,52,-248
1010,FSLY,2020-10-27,0 days 15:55:00.507821,86339,74.49,74.43,100,200,-4650,30365
1011,FSLY,2020-10-27,0 days 15:57:31.513581,91138,74.43,74.37,300,101,1902,-1238
1012,FSLY,2020-10-27,0 days 15:57:32.513561,90240,74.4,74.37,234,200,-898,1902
1013,FSLY,2020-10-27,0 days 15:57:34.513795,91140,74.42,74.38,300,100,400,-400
1014,FSLY,2020-10-27,0 days 15:57:35.514067,90840,74.42,74.38,302,100,-300,400
1015,FSLY,2020-10-27,0 days 15:57:36.514130,91140,74.42,74.38,202,200,500,-300
1016,FSLY,2020-10-27,0 days 15:57:38.514410,88200,74.46,74.41,100,100,-2940,600
1017,FSLY,2020-10-27,0 days 15:57:42.514705,91140,74.45,74.41,200,141,1060,-340
1018,FSLY,2020-10-27,0 days 15:57:43.514026,91000,74.49,74.42,500,100,-140,1060
1019,FSLY,2020-10-27,0 days 15:58:00.516361,92420,74.49,74.42,200,100,180,-720
1020,FSLY,2020-10-27,0 days 15:58:16.516168,81500,74.54,74.43,200,135,-1860,3140
1021,FSLY,2020-10-27,0 days 15:58:17.516031,81360,74.54,74.48,200,100,140,-1860
1022,FSLY,2020-10-27,0 days 15:58:19.516003,81500,74.54,74.48,200,100,-460,140
1023,FSLY,2020-10-27,0 days 15:58:20.516687,81360,74.54,74.49,200,100,140,-460
1024,FSLY,2020-10-27,0 days 15:58:42.515989,81500,74.55,74.46,200,202,-1860,340
1025,FSLY,2020-10-27,0 days 15:58:43.516215,81360,74.55,74.46,200,202,140,-1860
1026,FSLY,2020-10-27,0 days 15:58:47.517201,80872,74.58,74.53,100,200,-488,140
1027,FSLY,2020-10-27,0 days 15:58:48.518310,80860,74.59,74.54,100,100,24,-488
1028,FSLY,2020-10-27,0 days 15:58:49.516403,80256,74.6,74.54,400,100,-604,24
1029,FSLY,2020-10-27,0 days 15:58:51.516342,80860,74.6,74.5,200,500,1152,-104
1030,FSLY,2020-10-27,0 days 15:58:58.517545,81512,74.52,74.46,300,203,-227,152
1031,FSLY,2020-10-27,0 days 15:59:04.517775,81739,74.6,74.43,300,800,149,-461
1032,FSLY,2020-10-27,0 days 15:59:05.518379,81688,74.6,74.52,300,200,-51,149
1033,FSLY,2020-10-27,0 days 15:59:32.506621,85606,74.55,74.39,400,700,-1722,478
1034,FSLY,2020-10-27,0 days 15:59:33.506416,85328,74.55,74.39,570,700,1422,-1722
1035,FSLY,2020-10-27,0 days 15:59:43.506273,86750,74.52,74.39,400,700,-978,322
1036,FSLY,2020-10-27,0 days 15:59:44.506435,86428,74.52,74.39,400,700,2522,-978
1037,FSLY,2020-10-27,0 days 15:59:45.508153,88050,74.52,74.39,400,700,-4060,2522
1038,FSM,2020-10-27,0 days 15:59:45.252923,89621,7.22,7.21,17000,58320,-2734,1466
1039,FSM,2020-10-27,0 days 15:59:46.250639,87055,7.22,7.21,12900,58620,2874,-2734
1040,FTCH,2020-10-27,0 days 15:55:38.219655,30165,29.08,29.06,1145,1974,-433,267
1041,FTCH,2020-10-27,0 days 15:56:45.220968,30165,29.02,29.01,300,616,-849,181
1042,FTCH,2020-10-27,0 days 15:57:25.222041,31014,29.02,29.01,500,200,1151,-749
1043,FTCH,2020-10-27,0 days 15:57:31.221659,34008,29.02,29.01,700,453,-606,151
1044,FTCH,2020-10-27,0 days 15:57:32.221633,33714,29.02,29.01,500,1153,323,-606
1045,FTCH,2020-10-27,0 days 15:58:10.223720,35414,29.02,29.01,700,200,-1384,100
1046,FTCH,2020-10-27,0 days 15:58:59.226095,37674,29.0,28.99,300,979,99,-1346
1047,FTI,2020-10-27,0 days 15:56:25.252200,328167,5.71,5.7,38351,30945,-2164,336
1048,FTI,2020-10-27,0 days 15:56:30.252624,330331,5.71,5.7,38979,31219,3036,-2164
1049,FTI,2020-10-27,0 days 15:57:34.254475,339125,5.71,5.7,58593,5886,13942,-1801
1050,FTI,2020-10-27,0 days 15:58:12.256794,363367,5.71,5.7,63924,4717,-35719,12499
1051,FTI,2020-10-27,0 days 15:59:23.261122,439296,5.71,5.7,39699,39587,45224,-52876
1052,FTI,2020-10-27,0 days 15:59:24.259658,435820,5.71,5.7,39599,42187,-3476,45224
1053,FTI,2020-10-27,0 days 15:59:31.261629,439296,5.71,5.7,42317,42144,15502,-3476
1054,FTI,2020-10-27,0 days 15:59:32.259696,437098,5.71,5.7,45017,44760,-2198,15502
1055,FTI,2020-10-27,0 days 15:59:43.259842,439296,5.71,5.7,51390,21357,7102,-2498
1056,FUBO,2020-10-27,0 days 15:55:33.245041,3496,13.76,13.68,700,1200,258,-867
1057,FUBO,2020-10-27,0 days 15:56:16.244607,3676,13.76,13.68,400,1200,148,-677
1058,FUBO,2020-10-27,0 days 15:58:19.247092,3676,13.76,13.68,492,1300,448,-752
1059,FUBO,2020-10-27,0 days 15:59:17.248588,3876,13.78,13.73,700,400,11084,-124
1060,GE,2020-10-27,0 days 15:57:34.246376,2332258,7.14,7.13,252017,76783,2452,-18180
1061,GE,2020-10-27,0 days 15:58:21.248460,2348605,7.14,7.13,267815,49335,1343,-40957
1062,GE,2020-10-27,0 days 15:59:04.250005,2330190,7.13,7.12,209417,137400,-8929,60371
1063,GE,2020-10-27,0 days 15:59:08.250674,2610328,7.13,7.12,246079,110900,-258815,29084
1064,GEO,2020-10-27,0 days 15:55:00.237079,96286,8.3,8.29,1840,2792,-1554,104
1065,GEO,2020-10-27,0 days 15:55:07.236939,95240,8.29,8.28,2461,4469,1046,-1554
1066,GEO,2020-10-27,0 days 15:55:08.236957,93986,8.29,8.28,3028,4465,-1254,1046
1067,GEO,2020-10-27,0 days 15:56:30.240235,89640,8.29,8.28,4014,2705,4607,-1193
1068,GEO,2020-10-27,0 days 15:56:31.240252,88947,8.29,8.28,3264,2705,-693,4607
1069,GEO,2020-10-27,0 days 15:57:28.241656,102725,8.29,8.28,4868,2176,1822,-2543
1070,GEO,2020-10-27,0 days 15:57:29.241540,100847,8.29,8.28,4868,2176,-1878,1822
1071,GEO,2020-10-27,0 days 15:58:15.245411,108716,8.29,8.28,5128,3332,2223,-3577
1072,GEO,2020-10-27,0 days 15:58:16.244533,105839,8.29,8.28,5228,3032,-1532,2223
1073,GEO,2020-10-27,0 days 15:59:05.246752,124076,8.29,8.28,2970,3351,2713,-9742
1074,GFI,2020-10-27,0 days 15:59:13.249394,352512,11.62,11.61,6114,18138,-4479,23425
1075,GFI,2020-10-27,0 days 15:59:46.250437,331304,11.62,11.61,15642,13456,21208,-6796
1076,GGB,2020-10-27,0 days 15:55:00.508709,106934,4.18,4.17,4819,136091,8835,-4463
1077,GGB,2020-10-27,0 days 15:55:46.511579,128775,4.19,4.18,134081,81320,-42976,68308
1078,GGB,2020-10-27,0 days 15:55:47.511650,118851,4.19,4.18,134081,88120,9924,-42976
1079,GGB,2020-10-27,0 days 15:59:09.518919,133970,4.19,4.18,8490,191171,-3547,6341
1080,GGB,2020-10-27,0 days 15:59:10.519469,130717,4.19,4.18,14390,190487,753,-3547
1081,GGB,2020-10-27,0 days 15:59:36.507153,131470,4.2,4.19,89834,122915,-3447,11153
1082,GGB,2020-10-27,0 days 15:59:47.507734,129617,4.2,4.19,87585,122490,3283,-11317
1083,GIS,2020-10-27,0 days 15:59:11.241737,259570,61.09,61.08,747,2647,-889,1262
1084,GIS,2020-10-27,0 days 15:59:13.242667,260898,61.09,61.08,144,3107,3142,-889
1085,GIS,2020-10-27,0 days 15:59:21.242539,264040,61.12,61.11,900,1870,-2536,1042
1086,GIS,2020-10-27,0 days 15:59:22.242584,261376,61.12,61.11,900,1131,2664,-2536
1087,GIS,2020-10-27,0 days 15:59:45.245437,288910,61.11,61.09,900,2800,-10605,1957
1088,GIS,2020-10-27,0 days 15:59:47.243527,287971,61.1,61.09,284,1800,1119,-2281
1089,GIS,2020-10-27,0 days 15:59:52.244246,283071,61.11,61.09,1500,300,6019,-18851
1090,GIS,2020-10-27,0 days 15:59:55.245618,264220,61.13,61.12,119,2700,-18951,6019
1091,GLW,2020-10-27,0 days 15:55:00.237202,246814,32.94,32.93,1223,2930,816,-43507
1092,GLW,2020-10-27,0 days 15:55:29.239893,248540,32.92,32.91,1192,2604,-3589,16
1093,GLW,2020-10-27,0 days 15:56:15.239766,258008,32.85,32.84,1706,699,1070,-1530
1094,GLW,2020-10-27,0 days 15:56:44.240527,262675,32.83,32.82,1267,823,-2136,467
1095,GLW,2020-10-27,0 days 15:56:45.240837,262411,32.83,32.82,997,822,264,-2136
1096,GLW,2020-10-27,0 days 15:56:55.241231,257878,32.83,32.82,309,300,-2733,264
1097,GLW,2020-10-27,0 days 15:57:02.241472,260611,32.83,32.82,1362,912,232,-2433
1098,GLW,2020-10-27,0 days 15:58:02.244465,279703,32.75,32.74,200,713,-8937,3288
1099,GLW,2020-10-27,0 days 15:58:05.244688,276111,32.76,32.75,802,1185,7530,-2808
1100,GLW,2020-10-27,0 days 15:58:11.244832,283789,32.73,32.71,428,600,2152,-4548
1101,GLW,2020-10-27,0 days 15:58:18.245232,283641,32.77,32.76,100,441,-677,1623
1102,GLW,2020-10-27,0 days 15:58:20.245007,277818,32.78,32.77,332,100,923,-2777
1103,GLW,2020-10-27,0 days 15:58:30.245468,273018,32.8,32.79,586,1327,633,-3967
1104,GLW,2020-10-27,0 days 15:59:10.246981,279329,32.8,32.79,635,200,-74,126
1105,GLW,2020-10-27,0 days 15:59:11.246447,279103,32.8,32.79,697,100,226,-74
1106,GLW,2020-10-27,0 days 15:59:13.247106,279329,32.8,32.79,397,100,-18357,226
1107,GLW,2020-10-27,0 days 15:59:19.246590,295986,32.78,32.77,1098,100,8733,-11567
1108,GLW,2020-10-27,0 days 15:59:20.246701,284819,32.78,32.77,1098,725,-11167,8733
1109,GLW,2020-10-27,0 days 15:59:31.247112,308309,32.8,32.79,929,500,766,-3934
1110,GLW,2020-10-27,0 days 15:59:41.248665,307675,32.85,32.84,600,2900,-52234,161
1111,GLW,2020-10-27,0 days 15:59:42.247642,306286,32.85,32.83,2700,750,1389,-52234
1112,GLW,2020-10-27,0 days 15:59:43.247144,309075,32.84,32.83,100,601,-1242,1389
1113,GLW,2020-10-27,0 days 15:59:44.248373,311386,32.82,32.81,200,231,4834,-1242
1114,GLW,2020-10-27,0 days 15:59:45.249591,316220,32.82,32.81,208,200,-253,4834
1115,GLW,2020-10-27,0 days 15:59:47.247823,315620,32.81,32.8,524,300,16923,-3740
1116,GLW,2020-10-27,0 days 15:59:57.247028,331092,32.85,32.83,298,400,51,-4049
1117,GLW,2020-10-27,0 days 15:59:58.247208,327043,32.87,32.85,100,1000,-4049,51
1118,GLW,2020-10-27,0 days 15:59:59.245914,331092,32.85,32.83,300,300,51,-4049
1119,GM,2020-10-27,0 days 15:55:00.242308,465294,34.95,34.94,6674,4224,6388,-45584
1120,GM,2020-10-27,0 days 15:55:29.244258,473082,34.93,34.92,8225,3300,-4500,1887
1121,GM,2020-10-27,0 days 15:55:30.244070,464382,34.93,34.92,11386,904,8700,-4500
1122,GM,2020-10-27,0 days 15:56:30.244943,476263,34.9,34.89,6738,6948,-54450,4950
1123,GM,2020-10-27,0 days 15:56:31.245322,473713,34.9,34.89,11601,1204,2550,-54450
1124,GM,2020-10-27,0 days 15:59:06.248370,544568,34.92,34.91,3399,6999,-16042,1698
1125,GM,2020-10-27,0 days 15:59:07.249340,540210,34.92,34.91,3599,8022,4358,-16042
1126,GM,2020-10-27,0 days 15:59:47.250043,558608,34.91,34.9,2600,8300,-183,15512
1127,GME,2020-10-27,0 days 15:56:05.252138,64021,12.72,12.71,2675,1400,2182,-1258
1128,GME,2020-10-27,0 days 15:56:34.252766,62860,12.71,12.7,5374,5104,-1161,2279
1129,GME,2020-10-27,0 days 15:59:12.259990,66280,12.71,12.7,100,6140,-2433,959
1130,GOLD,2020-10-27,0 days 15:56:34.252952,168198,27.09,27.08,35666,3859,8001,-1953
1131,GOLD,2020-10-27,0 days 15:56:35.252690,158799,27.09,27.08,31269,4184,-6153,8001
1132,GOLD,2020-10-27,0 days 15:58:08.256169,168198,27.1,27.09,24513,13613,2509,-1613
1133,GOLD,2020-10-27,0 days 15:58:15.256715,160007,27.1,27.09,21295,22463,-4945,2509
1134,GOLD,2020-10-27,0 days 15:58:24.258551,168198,27.1,27.09,22295,17208,2509,-4945
1135,GOLD,2020-10-27,0 days 15:58:30.258195,160007,27.09,27.08,23024,18053,-4945,2509
1136,GOLD,2020-10-27,0 days 15:58:44.257472,168198,27.1,27.09,16046,22557,2509,-10691
1137,GOLD,2020-10-27,0 days 15:59:01.260131,187439,27.12,27.11,22123,6300,-11575,3642
1138,GOLD,2020-10-27,0 days 15:59:09.260506,191527,27.12,27.11,9310,22913,2112,-567
1139,GOLD,2020-10-27,0 days 15:59:21.260271,193282,27.12,27.11,12800,46991,702,-827
1140,GOLD,2020-10-27,0 days 15:59:22.260093,184884,27.12,27.11,8400,38991,-8398,702
1141,GPK,2020-10-27,0 days 15:55:47.234021,64475,13.79,13.78,13172,5298,3685,-1359
1142,GPK,2020-10-27,0 days 15:56:34.234983,70474,13.78,13.77,9246,8903,-3754,1046
1143,GPK,2020-10-27,0 days 15:56:35.234950,65428,13.78,13.77,7946,8903,5046,-3754
1144,GPK,2020-10-27,0 days 15:57:47.237606,70474,13.78,13.77,7043,8931,-554,46
1145,GPS,2020-10-27,0 days 15:57:05.103559,151774,20.4,20.39,3384,3228,-1468,1032
1146,GPS,2020-10-27,0 days 15:57:06.103486,147342,20.4,20.39,2984,3128,4432,-1468
1147,GPS,2020-10-27,0 days 15:57:36.105126,156977,20.4,20.39,7429,2102,-360,240
1148,GPS,2020-10-27,0 days 15:57:37.104575,152537,20.4,20.39,8163,2007,5040,-360
1149,GPS,2020-10-27,0 days 15:57:46.105637,157577,20.39,20.38,7814,941,-60,240
1150,GPS,2020-10-27,0 days 15:57:50.106072,153337,20.39,20.38,7614,1124,4240,-60
1151,GPS,2020-10-27,0 days 15:59:08.109491,131255,20.4,20.39,6243,954,-7904,822
1152,GPS,2020-10-27,0 days 15:59:40.112434,178101,20.36,20.35,8103,1000,7,-1098
1153,GPS,2020-10-27,0 days 15:59:47.111919,178308,20.36,20.35,2002,2800,-6561,207
1154,GS,2020-10-27,0 days 15:57:07.243784,158253,195.92,195.89,476,543,-15332,21268
1155,GS,2020-10-27,0 days 15:57:08.241895,156185,195.91,195.89,420,300,2068,-15332
1156,GS,2020-10-27,0 days 15:57:12.241870,157365,195.92,195.9,145,900,-720,780
1157,GS,2020-10-27,0 days 15:57:13.241651,155585,195.91,195.88,200,620,2637,-720
1158,GS,2020-10-27,0 days 15:57:40.243339,158523,195.8,195.77,1097,404,-947,2408
1159,GS,2020-10-27,0 days 15:57:41.244237,157770,195.8,195.76,585,804,753,-947
1160,GS,2020-10-27,0 days 15:57:50.247137,158432,195.92,195.86,400,600,-117,720
1161,GS,2020-10-27,0 days 15:57:51.244642,157849,195.92,195.84,300,300,528,-117
1162,GS,2020-10-27,0 days 15:58:16.245068,161958,195.75,195.73,200,200,-2298,1902
1163,GS,2020-10-27,0 days 15:58:17.245256,161663,195.74,195.7,300,300,350,-2298
1164,GS,2020-10-27,0 days 15:58:19.245609,161958,195.79,195.77,200,600,-605,350
1165,GS,2020-10-27,0 days 15:58:25.245698,161903,195.82,195.77,100,200,-1260,1195
1166,GS,2020-10-27,0 days 15:58:26.245364,160963,195.81,195.77,443,503,940,-1260
1167,GS,2020-10-27,0 days 15:58:32.244858,161903,195.84,195.8,203,324,-360,2286
1168,GS,2020-10-27,0 days 15:58:33.245973,160963,195.83,195.8,100,527,886,-360
1169,GS,2020-10-27,0 days 15:58:48.246364,160163,195.88,195.83,100,710,737,-808
1170,GS,2020-10-27,0 days 15:59:14.248467,162456,195.92,195.84,200,200,62,-235
1171,GS,2020-10-27,0 days 15:59:22.248712,162449,195.91,195.88,100,200,-7,47
1172,GS,2020-10-27,0 days 15:59:23.249280,162456,195.92,195.88,198,700,1176,-7
1173,GS,2020-10-27,0 days 15:59:32.249316,163833,195.78,195.7,1678,100,-231,288
1174,GS,2020-10-27,0 days 15:59:33.249884,163164,195.76,195.7,832,500,669,-231
1175,GSK,2020-10-27,0 days 15:56:04.252433,121161,35.41,35.4,10800,5410,1258,-5884
1176,GSK,2020-10-27,0 days 15:56:05.252258,114919,35.41,35.4,9624,8423,-6242,1258
1177,GSK,2020-10-27,0 days 15:57:29.253669,116709,35.39,35.38,7492,7779,-6217,1483
1178,GSK,2020-10-27,0 days 15:59:23.261438,120167,35.41,35.4,9912,4541,-3459,1741
1179,GSK,2020-10-27,0 days 15:59:46.262495,123626,35.41,35.4,3700,11566,6658,-3681
1180,GSK,2020-10-27,0 days 15:59:47.261405,121684,35.41,35.4,1079,12266,-1942,6658
1181,GSX,2020-10-27,0 days 15:59:23.116182,57934,68.59,68.56,300,200,-1928,555
1182,GSX,2020-10-27,0 days 15:59:48.114962,59067,68.5,68.48,300,100,-235,2705
1183,HAL,2020-10-27,0 days 15:55:00.232604,393150,12.52,12.51,19731,9219,87378,-28876
1184,HAL,2020-10-27,0 days 15:56:21.234483,489368,12.51,12.5,15102,18996,-832,45318
1185,HAL,2020-10-27,0 days 15:56:22.234517,485500,12.51,12.5,17012,14006,3868,-832
1186,HAL,2020-10-27,0 days 15:57:16.235769,495265,12.5,12.49,20696,15971,-1785,3268
1187,HAL,2020-10-27,0 days 15:57:17.235710,491650,12.5,12.49,22186,15571,2868,-1785
1188,HAL,2020-10-27,0 days 15:58:30.241124,500828,12.5,12.49,13778,27360,6700,-7700
1189,HAL,2020-10-27,0 days 15:59:23.243039,604972,12.5,12.49,32348,6596,2180,-52328
1190,HAL,2020-10-27,0 days 15:59:32.242800,610052,12.5,12.49,22832,15925,-14594,2280
1191,HAL,2020-10-27,0 days 15:59:45.245161,625846,12.51,12.5,37213,7905,8988,-9994
1192,HBI,2020-10-27,0 days 15:55:00.243448,134735,17.52,17.51,4121,9051,-90,19224
1193,HBI,2020-10-27,0 days 15:56:06.244825,135835,17.49,17.48,5458,2752,-1347,753
1194,HBI,2020-10-27,0 days 15:56:07.244777,134282,17.49,17.48,5663,2852,1553,-1347
1195,HBI,2020-10-27,0 days 15:57:37.244307,137368,17.49,17.48,7695,3789,-64,536
1196,HBI,2020-10-27,0 days 15:57:40.243984,137432,17.49,17.48,5817,6000,536,-1264
1197,HBI,2020-10-27,0 days 15:57:45.244855,137970,17.49,17.48,5417,5300,-1662,836
1198,HBI,2020-10-27,0 days 15:57:46.244336,137232,17.49,17.48,5417,4052,738,-1662
1199,HBI,2020-10-27,0 days 15:58:02.245352,135521,17.49,17.48,5210,4666,-1820,629
1200,HBI,2020-10-27,0 days 15:58:03.245703,133452,17.49,17.48,5310,4166,2069,-1820
1201,HBI,2020-10-27,0 days 15:59:07.249545,142013,17.5,17.49,6295,3457,-7598,1180
1202,HBI,2020-10-27,0 days 15:59:23.249611,193651,17.5,17.49,1674,16064,-2328,3133
1203,HBI,2020-10-27,0 days 15:59:34.249052,191522,17.5,17.49,1659,15821,2429,-5071
1204,HBI,2020-10-27,0 days 15:59:45.252905,193373,17.5,17.49,1111,14290,-923,3184
1205,HD,2020-10-27,0 days 15:55:56.251616,285689,277.2,277.08,100,100,147,-306
1206,HD,2020-10-27,0 days 15:55:57.251853,285854,277.2,277.05,293,1300,-1321,147
1207,HD,2020-10-27,0 days 15:56:14.252540,286552,277.04,276.98,411,200,514,-1353
1208,HD,2020-10-27,0 days 15:56:15.252202,284966,277.04,276.98,411,330,-1553,514
1209,HD,2020-10-27,0 days 15:57:32.254114,285799,276.75,276.69,316,102,1164,-504
1210,HD,2020-10-27,0 days 15:57:33.254206,285763,276.75,276.69,316,202,-4,1164
1211,HD,2020-10-27,0 days 15:57:34.254514,286342,276.75,276.69,416,102,1221,-4
1212,HD,2020-10-27,0 days 15:57:35.254514,285063,276.75,276.69,414,100,-867,1221
1213,HD,2020-10-27,0 days 15:57:37.255040,285930,276.7,276.62,320,200,1333,-3734
1214,HD,2020-10-27,0 days 15:57:38.255212,283263,276.7,276.57,400,100,-2634,1333
1215,HD,2020-10-27,0 days 15:57:44.254622,285930,276.73,276.66,200,100,573,-1267
1216,HD,2020-10-27,0 days 15:57:45.254811,284803,276.73,276.69,200,301,-1127,573
1217,HD,2020-10-27,0 days 15:58:31.257604,303176,277.12,277.06,244,200,328,-2894
1218,HD,2020-10-27,0 days 15:58:32.257353,300504,277.12,277.06,444,400,-2672,328
1219,HD,2020-10-27,0 days 15:58:55.257768,303385,277.12,277.08,340,525,153,-2894
1220,HD,2020-10-27,0 days 15:58:57.258078,303538,277.12,277.09,307,275,-3028,153
1221,HD,2020-10-27,0 days 15:59:18.259458,310364,277.14,277.03,200,300,1233,-2021
1222,HD,2020-10-27,0 days 15:59:20.259661,308778,277.14,277.09,434,120,-1852,814
1223,HD,2020-10-27,0 days 15:59:27.260471,313952,277.19,277.08,300,156,3267,-148
1224,HD,2020-10-27,0 days 15:59:28.260101,313419,277.19,277.08,300,100,-3948,3267
1225,HD,2020-10-27,0 days 15:59:30.264534,313984,277.16,277.13,247,100,2635,-748
1226,HD,2020-10-27,0 days 15:59:36.260020,319157,277.13,277.01,300,100,-608,1551
1227,HD,2020-10-27,0 days 15:59:38.259953,319421,277.08,277.0,200,493,36,-308
1228,HD,2020-10-27,0 days 15:59:41.261884,317357,276.98,276.94,400,200,-183,1603
1229,HD,2020-10-27,0 days 15:59:46.261966,317640,277.06,276.87,100,600,5317,-63
1230,HD,2020-10-27,0 days 15:59:47.261171,317357,277.02,276.95,100,199,-1016,5317
1231,HD,2020-10-27,0 days 15:59:55.263075,317252,277.05,276.79,300,300,-388,5421
1232,HD,2020-10-27,0 days 15:59:57.262057,311831,277.05,276.79,300,300,7016,-388
1233,HES,2020-10-27,0 days 15:56:08.110094,196066,37.37,37.36,400,274,470,-3603
1234,HES,2020-10-27,0 days 15:56:09.110178,192936,37.38,37.37,603,100,-3130,470
1235,HES,2020-10-27,0 days 15:56:59.112642,195423,37.35,37.33,2208,200,-1666,2134
1236,HES,2020-10-27,0 days 15:57:18.110204,197089,37.33,37.32,1305,287,2559,-1983
1237,HES,2020-10-27,0 days 15:57:20.110576,195545,37.33,37.32,200,287,-1544,2456
1238,HES,2020-10-27,0 days 15:57:29.110819,191845,37.37,37.36,100,676,-5844,1856
