,Symbol,Timestamp,TIME,iPaired,Ask_P,Bid_P,Ask_S,Bid_S,iShares,PreviShares
0,ABB,2020-06-23,0 days 15:56:22.309209,28421,21.98,21.97,25867,21052,-87,513
1,ABB,2020-06-23,0 days 15:56:23.311668,27308,21.98,21.97,25867,21052,1113,-87
2,ABB,2020-06-23,0 days 15:59:07.711027,28421,21.96,21.95,27857,18037,-1078,88
3,ABB,2020-06-23,0 days 15:59:08.714271,27699,21.96,21.95,28457,19237,1167,-1078
4,ABB,2020-06-23,0 days 15:59:18.737539,29984,21.96,21.95,28344,18218,-326,885
5,ABB,2020-06-23,0 days 15:59:19.738949,28210,21.96,21.95,29253,19318,1774,-326
6,ABBV,2020-06-23,0 days 15:58:01.608878,650430,97.34,97.32,2312,1728,7878,-33522
7,ABBV,2020-06-23,0 days 15:58:02.611253,615255,97.35,97.34,800,300,-35175,7878
8,ABBV,2020-06-23,0 days 15:58:09.628036,650943,97.32,97.31,222,448,3,-15132
9,ABBV,2020-06-23,0 days 15:58:43.710445,655102,97.39,97.37,200,907,476,-1046
10,ABBV,2020-06-23,0 days 15:59:00.752570,655980,97.4,97.39,490,500,-592,1523
11,ABBV,2020-06-23,0 days 15:59:03.759732,656572,97.4,97.38,890,1005,8936,-564
12,ABEV,2020-06-23,0 days 15:58:57.639541,116225,2.72,2.71,537952,883381,48188,-19112
13,ABEV,2020-06-23,0 days 15:59:36.725684,175371,2.72,2.71,85239,1267452,-47407,58393
14,ABEV,2020-06-23,0 days 15:59:37.728215,172378,2.72,2.71,86239,1212352,2993,-47407
15,ABEV,2020-06-23,0 days 15:59:38.732753,175371,2.72,2.71,70839,1213202,-1227,2993
16,ABEV,2020-06-23,0 days 15:59:48.753920,175198,2.72,2.71,31043,1432795,173,-1227
17,ABT,2020-06-23,0 days 15:59:07.666506,451273,91.26,91.24,1660,1243,138,-10869
18,ABT,2020-06-23,0 days 15:59:08.669756,451411,91.27,91.26,801,400,-635,138
19,ABT,2020-06-23,0 days 15:59:13.680711,471178,91.26,91.25,400,500,473,-11527
20,ABT,2020-06-23,0 days 15:59:16.684848,510763,91.27,91.26,738,573,-815,43756
21,ABT,2020-06-23,0 days 15:59:17.680723,511478,91.26,91.25,1772,170,6,-815
22,ABT,2020-06-23,0 days 15:59:29.707029,511592,91.29,91.27,1150,803,-830,1570
23,ABT,2020-06-23,0 days 15:59:30.710000,512422,91.28,91.26,1701,1081,1570,-830
24,ABT,2020-06-23,0 days 15:59:50.759371,514892,91.24,91.23,1953,800,-2300,1900
25,ABT,2020-06-23,0 days 15:59:51.761523,517192,91.24,91.23,2017,557,1204,-2300
26,ABT,2020-06-23,0 days 15:59:59.781377,517592,91.29,91.27,1364,1300,2658,-15939
27,ABT,2020-06-23,0 days 16:00:00.782066,506932,91.3,91.27,9332,1300,-10739,2658
28,ACB,2020-06-23,0 days 15:57:42.500571,169612,13.51,13.49,900,1400,-768,632
29,ACB,2020-06-23,0 days 15:57:43.504025,168880,13.51,13.49,900,1400,1432,-768
30,ACB,2020-06-23,0 days 15:59:25.748882,173167,13.55,13.54,100,3425,-852,226
31,ACB,2020-06-23,0 days 15:59:27.754324,170519,13.59,13.56,4900,1625,392,-1408
32,ACB,2020-06-23,0 days 15:59:59.831522,169819,13.58,13.57,5198,3481,1092,-5583
33,ACN,2020-06-23,0 days 15:55:00.110625,275180,207.53,207.48,205,125,4651,-10811
34,ACN,2020-06-23,0 days 15:57:37.490487,283908,207.59,207.52,200,225,-499,2946
35,ACN,2020-06-23,0 days 15:57:38.492824,280707,207.57,207.54,200,235,3201,-499
36,ACN,2020-06-23,0 days 15:57:43.503934,283908,207.66,207.62,100,525,-2213,2301
37,ACN,2020-06-23,0 days 15:57:49.519170,282421,207.62,207.58,129,225,1487,-2213
38,ACN,2020-06-23,0 days 15:57:57.538327,282850,207.68,207.64,400,225,1058,-1342
39,ACN,2020-06-23,0 days 15:58:02.552146,283908,207.62,207.58,200,537,-1242,422
40,ACN,2020-06-23,0 days 15:58:03.553795,282750,207.64,207.6,200,425,1158,-1242
41,ACN,2020-06-23,0 days 15:58:07.563781,283939,207.63,207.59,125,425,-4511,11103
42,ACN,2020-06-23,0 days 15:58:08.568082,282450,207.61,207.58,200,800,1489,-4511
43,ACN,2020-06-23,0 days 15:58:15.583174,291333,207.62,207.61,350,500,-517,2883
44,ACN,2020-06-23,0 days 15:58:16.585493,290819,207.62,207.59,402,424,514,-517
45,ACN,2020-06-23,0 days 15:58:19.592339,291338,207.63,207.6,500,433,-7281,2633
46,ACN,2020-06-23,0 days 15:58:20.598003,289819,207.69,207.65,319,425,1519,-7281
47,ACN,2020-06-23,0 days 15:58:43.650367,291338,207.65,207.59,100,325,-6678,3665
48,ACN,2020-06-23,0 days 15:58:44.653099,289816,207.64,207.59,226,325,1522,-6678
49,ACN,2020-06-23,0 days 15:58:52.673464,291338,207.73,207.67,530,325,-1915,5222
50,ACN,2020-06-23,0 days 15:58:53.676679,289453,207.72,207.67,100,225,1885,-1915
51,ACN,2020-06-23,0 days 15:59:05.704546,291503,207.66,207.61,630,572,-3026,4615
52,ACN,2020-06-23,0 days 15:59:08.713958,292576,207.65,207.61,400,125,3990,-81
53,ACN,2020-06-23,0 days 15:59:10.718066,296566,207.63,207.51,249,100,-3379,390
54,ACN,2020-06-23,0 days 15:59:13.725062,300532,207.61,207.51,325,100,1671,-6668
55,ACN,2020-06-23,0 days 15:59:17.733725,302203,207.59,207.53,425,300,-1198,516
56,ACN,2020-06-23,0 days 15:59:18.737143,300301,207.59,207.53,326,300,1902,-1198
57,ACN,2020-06-23,0 days 15:59:23.748160,302403,207.5,207.44,525,429,-7325,6502
58,ACN,2020-06-23,0 days 15:59:24.750298,300828,207.48,207.44,584,349,1575,-7325
59,ACN,2020-06-23,0 days 15:59:30.764848,304437,207.47,207.42,106,625,-5591,6409
60,ACN,2020-06-23,0 days 15:59:31.767379,304228,207.47,207.44,150,100,209,-5591
61,ACN,2020-06-23,0 days 15:59:36.778918,304437,207.44,207.41,274,471,-5591,609
62,ACN,2020-06-23,0 days 15:59:44.798929,305144,207.44,207.42,487,363,-684,160
63,ACN,2020-06-23,0 days 15:59:55.825934,307512,207.44,207.37,100,3045,-3905,6288
64,ADS,2020-06-23,0 days 15:59:15.799379,172505,48.64,48.63,100,300,26899,-24604
65,ADS,2020-06-23,0 days 15:59:16.800309,170737,48.69,48.66,1064,300,-1768,26899
66,ADS,2020-06-23,0 days 15:59:29.831634,174105,48.74,48.71,1096,391,7271,-2558
67,AEE,2020-06-23,0 days 15:55:00.074118,196421,69.95,69.92,200,570,1029,-36734
68,AEE,2020-06-23,0 days 15:57:37.444749,198961,69.97,69.96,137,691,-446,2055
69,AEE,2020-06-23,0 days 15:57:38.446743,196107,69.97,69.96,200,702,2854,-446
70,AEE,2020-06-23,0 days 15:57:45.463810,199194,69.99,69.98,251,409,-713,787
71,AEE,2020-06-23,0 days 15:57:46.467025,196307,69.99,69.97,614,300,2887,-713
72,AEE,2020-06-23,0 days 15:59:05.659899,202405,70.01,69.99,510,1476,-5715,1285
73,AEE,2020-06-23,0 days 15:59:07.666685,207474,70.01,69.99,576,632,603,-5870
74,AEE,2020-06-23,0 days 15:59:08.669926,208694,70.01,69.99,679,620,-27181,603
75,AEE,2020-06-23,0 days 15:59:10.673328,246135,70.01,69.99,1061,715,459,-24081
76,AEE,2020-06-23,0 days 15:59:12.678087,246594,70.01,69.99,861,610,-271,340
77,AEE,2020-06-23,0 days 15:59:27.702181,250336,70.01,69.99,688,2370,199,-3518
78,AEE,2020-06-23,0 days 15:59:43.741086,249018,70.01,70.0,1231,1200,-1318,5182
79,AEE,2020-06-23,0 days 15:59:45.750433,250336,70.01,70.0,1867,290,4051,-1318
80,AEE,2020-06-23,0 days 15:59:46.750825,249287,70.01,70.0,1667,550,-1449,4051
81,AEE,2020-06-23,0 days 15:59:47.753017,250836,70.01,70.0,1493,300,3486,-1449
82,AEE,2020-06-23,0 days 15:59:49.756531,250244,70.01,70.0,1289,456,-592,3808
83,AEG,2020-06-23,0 days 15:58:48.661432,20155,3.09,3.08,79467,194395,1695,-1946
84,AEG,2020-06-23,0 days 15:59:05.701914,21850,3.09,3.08,115296,184302,-2313,1695
85,AEO,2020-06-23,0 days 15:59:48.878809,376890,12.08,12.07,27465,37771,-9489,1911
86,AEP,2020-06-23,0 days 15:59:21.690126,247112,80.96,80.95,212,602,-410,390
87,AEP,2020-06-23,0 days 15:59:30.710179,247614,80.95,80.93,1300,595,-72,192
88,AEP,2020-06-23,0 days 15:59:42.740195,247639,80.95,80.92,500,438,-47,317
89,AEP,2020-06-23,0 days 15:59:56.774128,253417,80.99,80.95,398,876,-141,1583
90,AEP,2020-06-23,0 days 15:59:59.781687,252534,80.95,80.93,4150,546,1083,-141
91,AES,2020-06-23,0 days 15:58:43.650873,618015,13.86,13.85,18554,15325,7924,-12813
92,AES,2020-06-23,0 days 15:58:44.653988,602239,13.86,13.85,17309,25160,-15776,7924
93,AES,2020-06-23,0 days 15:59:08.714135,633349,13.86,13.85,11428,27547,20226,-20549
94,AES,2020-06-23,0 days 15:59:18.737415,621451,13.86,13.85,17525,25165,-2398,6902
95,AES,2020-06-23,0 days 15:59:24.750480,636549,13.86,13.85,22455,27747,7402,-14998
96,AES,2020-06-23,0 days 15:59:25.752676,633151,13.86,13.85,16680,30210,-3398,7402
97,AES,2020-06-23,0 days 15:59:40.789611,636549,13.86,13.85,25596,32940,1914,-3396
98,AFL,2020-06-23,0 days 15:59:07.707629,524244,36.42,36.41,300,3101,21508,-29972
99,AFL,2020-06-23,0 days 15:59:08.709809,517052,36.44,36.43,800,2301,-7260,21508
100,AFL,2020-06-23,0 days 15:59:10.714518,524312,36.44,36.43,3123,1727,18097,-6892
101,AFL,2020-06-23,0 days 15:59:11.716401,522309,36.44,36.43,2638,2970,-2498,18097
102,AFL,2020-06-23,0 days 15:59:15.725364,524739,36.42,36.41,1898,2000,10368,-717
103,AFL,2020-06-23,0 days 15:59:16.727516,524539,36.42,36.41,698,3390,-295,10368
104,AFL,2020-06-23,0 days 15:59:19.734200,524927,36.42,36.41,2877,1000,2412,-388
105,AFL,2020-06-23,0 days 15:59:20.736900,521432,36.42,36.41,757,3164,-3495,2412
106,AFL,2020-06-23,0 days 15:59:39.782680,525390,36.39,36.38,2276,6036,-105,1895
107,AFL,2020-06-23,0 days 15:59:48.804621,525895,36.39,36.38,400,3389,295,-405
108,AFL,2020-06-23,0 days 15:59:50.810643,523002,36.39,36.38,2300,3035,-2493,295
109,AG,2020-06-23,0 days 15:58:17.588399,52705,9.31,9.3,53237,17487,1156,-732
110,AG,2020-06-23,0 days 15:58:18.590777,50261,9.31,9.3,51737,17487,-2444,1156
111,AGI,2020-06-23,0 days 15:57:49.579270,192865,8.56,8.55,41125,16450,341,-1559
112,AGI,2020-06-23,0 days 15:59:07.771576,194725,8.56,8.55,20088,34107,-2932,668
113,AGI,2020-06-23,0 days 15:59:08.773474,197657,8.56,8.55,19888,32906,2157,-2932
114,AIG,2020-06-23,0 days 15:55:06.125579,458686,32.08,32.07,1700,1269,15860,-24340
115,AIG,2020-06-23,0 days 15:55:07.127949,456246,32.08,32.07,1110,1306,-2440,15860
116,AIG,2020-06-23,0 days 15:55:40.208831,458986,32.08,32.07,1471,5125,7062,-2038
117,AIG,2020-06-23,0 days 15:55:41.211020,456648,32.08,32.07,1296,6785,-2338,7062
118,AIG,2020-06-23,0 days 15:57:02.406988,459131,32.06,32.05,1674,1760,5581,-1328
119,AIG,2020-06-23,0 days 15:57:03.408260,457212,32.06,32.05,410,2560,-1919,5581
120,AIG,2020-06-23,0 days 15:57:36.488919,459131,32.06,32.05,6661,1300,2342,-1458
121,AIG,2020-06-23,0 days 15:57:37.490820,457373,32.06,32.05,5963,696,-1758,2342
122,AIG,2020-06-23,0 days 15:57:41.500514,459131,32.06,32.05,1758,1300,442,-1722
123,AIG,2020-06-23,0 days 15:57:43.504982,453409,32.06,32.05,560,3057,-5722,5142
124,AIG,2020-06-23,0 days 15:58:02.552953,468631,32.07,32.06,2315,800,755,-2345
125,AIG,2020-06-23,0 days 15:58:03.554911,466086,32.07,32.06,4075,500,-845,755
126,AIG,2020-06-23,0 days 15:58:06.561663,457615,32.06,32.05,1063,1000,-1516,7248
127,AIG,2020-06-23,0 days 15:58:10.571704,459131,32.06,32.05,978,1500,1748,-1516
128,AIG,2020-06-23,0 days 15:58:11.574684,457615,32.06,32.05,1902,1100,-1516,1748
129,AIG,2020-06-23,0 days 15:58:43.651024,468629,32.06,32.05,677,1364,1649,-3353
130,AIG,2020-06-23,0 days 15:58:44.654174,466714,32.06,32.05,119,1764,-1915,1649
131,AIG,2020-06-23,0 days 15:59:00.694561,468966,32.07,32.06,1400,1571,-326,4836
132,AIG,2020-06-23,0 days 15:59:06.708891,477901,32.06,32.05,1634,1000,7151,-8070
133,AIG,2020-06-23,0 days 15:59:07.711370,477388,32.06,32.05,1438,800,-513,7151
134,AIG,2020-06-23,0 days 15:59:09.715959,483003,32.06,32.04,1738,1897,1194,-91
135,AIG,2020-06-23,0 days 15:59:38.785702,484832,32.06,32.04,1400,1235,-34173,1616
136,ALK,2020-06-23,0 days 15:56:40.412947,129934,36.93,36.92,400,316,94,-1015
137,ALK,2020-06-23,0 days 15:56:45.425217,129728,36.94,36.92,700,616,-206,94
138,ALK,2020-06-23,0 days 15:58:43.710409,133004,36.9,36.89,674,700,3277,-277
139,ALK,2020-06-23,0 days 15:58:44.712579,124968,36.94,36.92,889,700,-8036,3277
140,ALK,2020-06-23,0 days 15:59:14.787457,137674,36.9,36.89,100,1194,1324,-866
141,ALK,2020-06-23,0 days 15:59:50.871647,134829,36.88,36.87,400,1413,-2443,3157
142,ALLY,2020-06-23,0 days 15:59:44.868198,451634,19.41,19.4,4485,7996,717,-1573
143,AMC,2020-06-23,0 days 15:55:00.073637,68280,5.1,5.09,2400,7376,-730,13244
144,AMC,2020-06-23,0 days 15:55:10.090211,66264,5.1,5.09,7955,8747,2016,-730
145,AMC,2020-06-23,0 days 15:55:11.092802,65780,5.1,5.09,7742,7587,-484,2016
146,AMC,2020-06-23,0 days 15:57:57.492995,68258,5.1,5.09,5693,5588,-726,774
147,AMC,2020-06-23,0 days 15:57:59.497686,68984,5.1,5.09,5093,6189,474,-726
148,AMC,2020-06-23,0 days 15:58:00.501052,68258,5.1,5.09,6184,6914,-726,474
149,AMC,2020-06-23,0 days 15:58:21.551641,68457,5.1,5.09,3403,7889,-527,873
150,AMC,2020-06-23,0 days 15:59:51.761373,80830,5.1,5.09,12434,19182,8237,-3945
151,AMCR,2020-06-23,0 days 15:55:49.229309,747574,10.25,10.24,23783,16457,60630,-24270
152,AMCR,2020-06-23,0 days 15:55:50.231342,731004,10.25,10.24,24674,19657,-16570,60630
153,AMCR,2020-06-23,0 days 15:57:50.520292,748604,10.25,10.24,51230,26747,554,-18646
154,AMCR,2020-06-23,0 days 15:57:51.522649,731558,10.25,10.24,52030,27793,-17046,554
155,AMCR,2020-06-23,0 days 15:59:15.725395,785299,10.24,10.23,47612,28921,-1883,34117
156,AMRX,2020-06-23,0 days 15:59:05.702051,211645,5.07,5.06,15716,5906,-2234,8996
157,AMRX,2020-06-23,0 days 15:59:09.712388,203878,5.06,5.05,5039,7301,7767,-5633
158,AMT,2020-06-23,0 days 15:59:05.704936,248914,265.15,265.08,639,200,6417,-5915
159,AMT,2020-06-23,0 days 15:59:06.708776,246831,265.2,265.16,100,400,-6111,6417
160,AMT,2020-06-23,0 days 15:59:07.711312,252942,265.2,265.15,109,100,1278,-6111
161,AMT,2020-06-23,0 days 15:59:08.714515,250820,265.2,265.15,109,303,-5010,1278
162,AMT,2020-06-23,0 days 15:59:13.725463,256978,265.14,265.08,125,100,984,-716
163,AMT,2020-06-23,0 days 15:59:19.739105,254307,265.1,265.03,123,100,1862,-838
164,AMT,2020-06-23,0 days 15:59:20.741850,252233,265.15,265.08,484,325,-2074,1862
165,AMT,2020-06-23,0 days 15:59:35.777537,251679,264.85,264.82,300,264,2194,-106
166,AMT,2020-06-23,0 days 15:59:36.779495,250473,264.86,264.82,525,264,-1206,2194
167,AMT,2020-06-23,0 days 15:59:42.794305,248679,264.81,264.76,652,474,2005,-1106
168,AMT,2020-06-23,0 days 15:59:43.796985,247547,264.81,264.77,408,100,-4132,2005
169,AMT,2020-06-23,0 days 15:59:45.802232,248679,264.8,264.76,279,100,1805,-895
170,AMT,2020-06-23,0 days 15:59:46.804030,247584,264.79,264.71,145,200,-1095,1805
171,AMT,2020-06-23,0 days 15:59:49.811451,248679,264.8,264.72,125,125,1805,-1232
172,AMT,2020-06-23,0 days 15:59:50.815589,236084,264.85,264.73,100,125,-12595,1805
173,ANF,2020-06-23,0 days 15:59:07.783741,120137,10.76,10.75,14646,9898,4869,-6061
174,ANF,2020-06-23,0 days 15:59:08.785785,118206,10.76,10.75,12084,11297,-2225,4869
175,ANF,2020-06-23,0 days 15:59:38.853631,120731,10.76,10.75,16067,5643,4226,-1774
176,ANF,2020-06-23,0 days 15:59:39.856097,119457,10.76,10.75,14004,7711,-974,4226
177,APLE,2020-06-23,0 days 15:59:15.826764,432573,10.21,10.2,13055,700,120193,-48964
178,APLE,2020-06-23,0 days 15:59:16.827967,428666,10.22,10.21,6027,3700,-5707,120193
179,APLE,2020-06-23,0 days 15:59:17.829933,442773,10.2,10.19,7500,5401,734,-5707
180,APLE,2020-06-23,0 days 15:59:20.837237,441087,10.2,10.19,6102,6101,-1686,39214
181,APLE,2020-06-23,0 days 15:59:23.844080,442773,10.2,10.19,10002,4654,7814,-1686
182,APLE,2020-06-23,0 days 15:59:24.846512,441087,10.2,10.19,7302,4754,-1686,7814
183,APLE,2020-06-23,0 days 15:59:42.891526,442773,10.2,10.19,7411,7498,1519,-504
184,APTV,2020-06-23,0 days 15:56:49.525250,202320,78.78,78.76,675,100,935,-1556
185,APTV,2020-06-23,0 days 15:56:50.527579,200455,78.78,78.77,100,300,-1865,935
186,APTV,2020-06-23,0 days 15:58:46.809050,210014,78.75,78.7,760,200,623,-1777
187,APTV,2020-06-23,0 days 15:58:47.811122,207737,78.75,78.7,760,200,-2277,623
188,APTV,2020-06-23,0 days 15:58:58.838132,212414,78.73,78.71,560,200,3947,-3662
189,APTV,2020-06-23,0 days 15:59:05.855194,219689,78.77,78.73,544,200,-573,264
190,APTV,2020-06-23,0 days 15:59:07.860359,220732,78.76,78.73,600,300,457,-573
191,ARES,2020-06-23,0 days 15:57:34.482349,257693,38.81,38.8,5422,2500,3996,-1404
192,ARES,2020-06-23,0 days 15:59:05.704063,263159,38.81,38.8,7906,6096,-1195,4643
193,ARES,2020-06-23,0 days 15:59:06.707729,260454,38.81,38.8,7887,5861,2705,-1195
194,ARES,2020-06-23,0 days 15:59:19.738263,263559,38.81,38.8,4270,5922,-4401,2474
195,ARES,2020-06-23,0 days 15:59:20.740698,254960,38.81,38.8,4370,5642,8599,-4401
196,ARES,2020-06-23,0 days 15:59:49.810567,265510,38.83,38.82,549,150,614,-5586
197,ARMK,2020-06-23,0 days 15:55:35.256564,467941,23.98,23.97,527,1800,10333,-3336
198,ARMK,2020-06-23,0 days 15:55:36.258825,465874,24.0,23.99,300,1446,-2084,10333
199,ARMK,2020-06-23,0 days 15:55:37.260940,467958,24.0,23.99,300,1740,770,-2084
200,ARMK,2020-06-23,0 days 15:55:38.263281,466128,23.99,23.98,300,500,-1830,770
201,ARMK,2020-06-23,0 days 15:57:33.539599,481392,23.98,23.97,1491,3646,2746,-2954
202,ARMK,2020-06-23,0 days 15:57:34.541909,478838,23.99,23.98,1022,1490,-2554,2746
203,ARMK,2020-06-23,0 days 15:57:42.561237,487792,23.99,23.98,2820,667,2846,-8954
204,ARMK,2020-06-23,0 days 15:57:43.563465,485438,23.99,23.98,2009,767,-2354,2846
205,ARMK,2020-06-23,0 days 15:58:11.632058,487792,23.99,23.98,2091,889,2912,-2188
206,ARMK,2020-06-23,0 days 15:58:12.634322,485604,23.99,23.98,2091,1085,-2188,2912
207,ARMK,2020-06-23,0 days 15:58:14.638492,487792,23.99,23.98,2740,885,2912,-2188
208,ARMK,2020-06-23,0 days 15:58:15.642070,485604,23.99,23.98,2140,1385,-2188,2912
209,ARMK,2020-06-23,0 days 15:58:45.714325,534011,23.97,23.96,1934,1561,9473,-9296
210,ARMK,2020-06-23,0 days 15:58:46.716582,529984,23.97,23.96,2034,1561,-4027,9473
211,ARMK,2020-06-23,0 days 15:59:06.766909,533741,23.99,23.98,600,1109,25196,-2586
212,ARMK,2020-06-23,0 days 15:59:07.771035,518237,24.0,23.99,2215,978,-15504,25196
213,ARMK,2020-06-23,0 days 15:59:10.776970,557707,23.99,23.98,600,213,9730,-22391
214,ARMK,2020-06-23,0 days 15:59:11.779366,555037,23.99,23.98,1068,193,-2670,9730
215,ARMK,2020-06-23,0 days 15:59:26.812629,565153,24.06,24.04,2857,558,3308,-617
216,ARMK,2020-06-23,0 days 15:59:34.833094,570594,24.06,24.04,3114,1106,-501,8141
217,ATI,2020-06-23,0 days 15:57:04.485157,73087,10.08,10.07,10546,4925,-1311,464
218,ATI,2020-06-23,0 days 15:57:05.487381,72498,10.08,10.07,11498,4525,489,-1311
219,ATI,2020-06-23,0 days 15:57:08.494349,69263,10.08,10.07,9888,4853,-2935,489
220,ATI,2020-06-23,0 days 15:58:47.733984,71166,10.08,10.07,11100,7712,2505,-3115
221,ATI,2020-06-23,0 days 15:58:56.756203,73811,10.1,10.09,4603,5903,-34,2645
222,ATI,2020-06-23,0 days 15:59:04.775275,76445,10.1,10.09,12021,4100,2670,-34
223,ATI,2020-06-23,0 days 15:59:05.778150,79115,10.1,10.09,11001,4019,-1930,2670
224,ATI,2020-06-23,0 days 15:59:06.781057,82245,10.1,10.09,12932,4236,570,-1930
225,ATI,2020-06-23,0 days 15:59:39.856097,85434,10.09,10.08,4381,9611,-2197,695
226,ATI,2020-06-23,0 days 15:59:40.859396,85331,10.09,10.08,7981,6111,203,-2197
227,ATUS,2020-06-23,0 days 15:59:35.846426,810555,24.61,24.6,13901,851,668,-332
228,ATUS,2020-06-23,0 days 15:59:37.850911,804523,24.6,24.59,5601,8130,-6032,9268
229,AU,2020-06-23,0 days 15:57:15.436936,76816,29.06,29.05,384,7732,-2799,1013
230,AU,2020-06-23,0 days 15:57:16.440107,75915,29.06,29.05,584,6732,901,-2799
231,AU,2020-06-23,0 days 15:58:33.627849,77127,29.04,29.03,8226,1596,-158,1342
232,AU,2020-06-23,0 days 15:58:34.629549,75885,29.04,29.03,7486,1381,1242,-158
233,AU,2020-06-23,0 days 15:59:02.698690,77127,29.05,29.04,2292,4100,-155,2145
234,AUY,2020-06-23,0 days 15:55:00.170728,119463,5.27,5.26,324380,272758,8409,-21000
235,AUY,2020-06-23,0 days 15:57:09.481997,130813,5.27,5.26,333206,422763,-971,4442
236,AUY,2020-06-23,0 days 15:58:51.729123,131784,5.26,5.25,466323,563164,4057,-7864
237,AVTR,2020-06-23,0 days 15:58:29.598793,863673,17.79,17.78,9387,9447,-56998,98919
238,AXP,2020-06-23,0 days 15:59:04.801467,329560,99.51,99.5,920,153,-86,19792
239,AXP,2020-06-23,0 days 15:59:05.803094,329758,99.48,99.46,100,1301,4637,-86
240,AXP,2020-06-23,0 days 15:59:07.808262,334539,99.5,99.48,900,595,-2436,1397
241,AXP,2020-06-23,0 days 15:59:08.811376,337564,99.49,99.48,987,542,6348,-2436
242,AXP,2020-06-23,0 days 15:59:09.813461,347152,99.49,99.47,1080,105,-8094,6348
243,AXP,2020-06-23,0 days 15:59:19.834718,354308,99.46,99.44,361,203,5230,-3506
244,AXP,2020-06-23,0 days 15:59:20.837143,350438,99.48,99.46,100,500,-8754,5230
245,AXP,2020-06-23,0 days 15:59:29.858823,355296,99.45,99.43,300,500,4242,-5054
246,AXP,2020-06-23,0 days 15:59:38.880979,360815,99.42,99.4,200,1377,-23521,286
247,AXP,2020-06-23,0 days 15:59:39.882891,360636,99.41,99.4,500,400,179,-23521
248,AXP,2020-06-23,0 days 15:59:42.891494,360815,99.4,99.39,1894,499,-573,119
249,AXP,2020-06-23,0 days 15:59:43.892859,360755,99.41,99.4,241,962,60,-573
250,AXP,2020-06-23,0 days 15:59:44.894790,360815,99.4,99.39,199,486,-282,60
251,AXP,2020-06-23,0 days 15:59:46.899694,360617,99.39,99.37,604,3246,25095,-1502
252,AXP,2020-06-23,0 days 15:59:50.910845,360711,99.39,99.38,556,100,104,-20296
253,AZN,2020-06-23,0 days 15:59:04.853241,72749,54.24,54.23,700,3251,-895,132
254,AZN,2020-06-23,0 days 15:59:05.855222,71129,54.24,54.23,300,3211,1102,-895
255,AZUL,2020-06-23,0 days 15:55:43.171261,26083,13.04,13.03,1836,2109,-707,131
256,AZUL,2020-06-23,0 days 15:55:44.174162,24990,13.04,13.03,2236,2281,1093,-707
257,AZUL,2020-06-23,0 days 15:57:26.418157,26672,13.03,13.02,1905,11290,-5925,641
258,AZUL,2020-06-23,0 days 15:57:28.422882,24839,13.03,13.02,1805,11203,1833,-1267
259,AZUL,2020-06-23,0 days 15:57:54.485624,26672,13.03,13.02,762,9350,-267,333
260,AZUL,2020-06-23,0 days 15:57:55.489871,24839,13.03,13.02,762,9350,1833,-267
261,AZUL,2020-06-23,0 days 15:58:26.563969,26672,13.05,13.03,1000,2504,-762,1538
262,AZUL,2020-06-23,0 days 15:58:27.566390,26634,13.05,13.03,1000,2504,38,-762
263,BA,2020-06-23,0 days 15:55:00.185204,305907,187.88,187.8,100,1100,4251,-30680
264,BA,2020-06-23,0 days 15:55:01.187991,305258,187.84,187.8,400,300,-649,4251
265,BA,2020-06-23,0 days 15:57:38.566123,318468,188.24,188.2,300,300,1411,-1589
266,BA,2020-06-23,0 days 15:57:39.568737,316879,188.22,188.19,200,200,-2589,1411
267,BA,2020-06-23,0 days 15:57:51.597624,327782,188.16,188.13,500,400,1497,-5389
268,BA,2020-06-23,0 days 15:57:52.599444,325379,188.13,188.08,800,248,-5503,1497
269,BA,2020-06-23,0 days 15:58:04.629063,331795,188.07,188.03,100,300,2998,-3266
270,BA,2020-06-23,0 days 15:58:05.632592,329393,188.06,188.01,760,251,-2402,2998
271,BA,2020-06-23,0 days 15:58:11.645806,324593,188.06,188.02,100,300,-7202,3099
272,BA,2020-06-23,0 days 15:58:46.731425,333117,188.13,188.11,100,300,660,-1293
273,BA,2020-06-23,0 days 15:58:47.734048,326777,188.15,188.11,325,457,-6340,660
274,BA,2020-06-23,0 days 15:58:58.761086,340803,188.23,188.22,300,300,165,-3187
275,BA,2020-06-23,0 days 15:59:00.766149,337307,188.22,188.18,352,286,-5503,4090
276,BA,2020-06-23,0 days 15:59:01.767598,338960,188.13,188.11,500,725,1947,-5503
277,BA,2020-06-23,0 days 15:59:02.770303,337307,188.19,188.15,400,300,-1654,1947
278,BA,2020-06-23,0 days 15:59:07.783883,340448,188.09,188.06,1093,110,88,-1433
279,BA,2020-06-23,0 days 15:59:08.785877,339653,188.08,188.05,300,100,-795,88
280,BA,2020-06-23,0 days 15:59:19.807900,344228,188.07,188.04,209,572,63,-463
281,BA,2020-06-23,0 days 15:59:39.856139,335691,187.99,187.96,700,1543,-2999,701
282,BA,2020-06-23,0 days 15:59:40.859472,338690,187.99,187.96,715,1851,601,-2999
283,BA,2020-06-23,0 days 15:59:43.865728,334791,187.94,187.91,343,312,-199,5301
284,BA,2020-06-23,0 days 15:59:45.870942,332742,187.84,187.83,100,125,22172,-199
285,BA,2020-06-23,0 days 15:59:47.875339,329191,187.96,187.91,151,1065,-4799,14524
286,BA,2020-06-23,0 days 15:59:48.878867,333990,187.9,187.83,500,151,19724,-4799
287,BA,2020-06-23,0 days 15:59:53.891470,332742,187.89,187.85,900,100,15972,-4899
288,BABA,2020-06-23,0 days 15:59:46.860416,423771,228.72,228.68,223,667,10185,-4209
289,BABA,2020-06-23,0 days 15:59:50.871310,407456,228.8,228.78,100,256,-16402,4498
290,BBD,2020-06-23,0 days 15:59:46.799910,995059,4.17,4.16,46973,537285,-52292,2981
291,BBD,2020-06-23,0 days 15:59:47.801769,984151,4.17,4.16,55083,515785,10908,-52292
292,BBVA,2020-06-23,0 days 15:58:48.645005,32595,3.52,3.51,454605,95979,3479,-2533
293,BBVA,2020-06-23,0 days 15:59:36.750461,38954,3.52,3.51,456619,99295,-4124,5576
294,BBY,2020-06-23,0 days 15:55:09.088786,174433,85.77,85.74,233,797,3983,-417
295,BBY,2020-06-23,0 days 15:55:10.090705,173816,85.78,85.76,200,493,-617,3983
296,BBY,2020-06-23,0 days 15:55:27.133119,178833,85.81,85.79,704,590,2583,-1017
297,BBY,2020-06-23,0 days 15:55:28.135595,178216,85.81,85.79,804,490,-617,2583
298,BBY,2020-06-23,0 days 15:55:51.190837,179093,85.78,85.77,200,659,4586,-564
299,BBY,2020-06-23,0 days 15:55:52.193015,178879,85.8,85.79,100,398,-214,4586
300,BBY,2020-06-23,0 days 15:56:01.214687,179093,85.82,85.8,822,310,1986,-214
301,BBY,2020-06-23,0 days 15:56:04.221605,179779,85.82,85.8,1222,410,-104,86
302,BBY,2020-06-23,0 days 15:56:11.239015,179983,85.79,85.78,110,100,1896,-204
303,BBY,2020-06-23,0 days 15:57:27.420237,182335,85.85,85.84,514,789,-2,398
304,BBY,2020-06-23,0 days 15:57:28.422820,182137,85.85,85.84,100,700,198,-2
305,BBY,2020-06-23,0 days 15:57:36.444779,185235,85.86,85.84,1191,823,-203,197
306,BBY,2020-06-23,0 days 15:57:40.451547,186038,85.85,85.83,300,300,1497,-103
307,BBY,2020-06-23,0 days 15:57:42.456628,187435,85.85,85.84,302,1380,-103,397
308,BBY,2020-06-23,0 days 15:57:44.461475,187638,85.85,85.84,1200,2520,1397,-103
309,BBY,2020-06-23,0 days 15:57:45.463775,188935,85.85,85.84,200,900,-303,1397
310,BBY,2020-06-23,0 days 15:57:50.476243,192638,85.85,85.84,615,300,397,-503
311,BBY,2020-06-23,0 days 15:57:51.478441,188735,85.87,85.85,880,300,-3903,397
312,BBY,2020-06-23,0 days 15:57:57.493279,195838,85.88,85.86,200,1907,497,-1303
313,BBY,2020-06-23,0 days 15:57:58.495291,193335,85.88,85.86,200,2307,-2503,497
314,BBY,2020-06-23,0 days 15:58:04.510450,196438,85.84,85.83,245,100,2802,-1503
315,BBY,2020-06-23,0 days 15:58:10.525638,192038,85.83,85.81,600,472,3802,-598
316,BBY,2020-06-23,0 days 15:58:11.527625,190940,85.83,85.81,700,472,-2098,3802
317,BBY,2020-06-23,0 days 15:58:14.535452,195238,85.81,85.8,100,845,602,-598
318,BBY,2020-06-23,0 days 15:58:15.537623,194840,85.82,85.81,100,212,-398,602
319,BBY,2020-06-23,0 days 15:58:29.571360,208923,85.83,85.82,402,2654,1367,-145
320,BBY,2020-06-23,0 days 15:58:41.600926,211159,85.83,85.81,309,300,-5164,236
321,BBY,2020-06-23,0 days 15:58:42.602836,209823,85.82,85.81,200,200,1336,-5164
322,BBY,2020-06-23,0 days 15:58:50.623975,208159,85.86,85.84,200,300,-3625,575
323,BBY,2020-06-23,0 days 15:58:51.626337,207284,85.86,85.84,648,300,875,-3625
324,BE,2020-06-23,0 days 15:59:27.815392,373398,9.02,9.01,7815,20330,-3037,1339
325,BE,2020-06-23,0 days 15:59:43.853774,368062,9.02,9.01,3517,16621,5360,-10364
326,BEN,2020-06-23,0 days 15:55:46.296999,202952,21.58,21.57,2300,1000,643,-2157
327,BEN,2020-06-23,0 days 15:55:47.298759,200095,21.58,21.57,2300,500,-657,643
328,BEN,2020-06-23,0 days 15:58:51.743361,212332,21.57,21.56,900,6663,-3868,932
329,BEN,2020-06-23,0 days 15:59:07.783741,224003,21.57,21.56,2512,4744,19375,-7194
330,BEN,2020-06-23,0 days 15:59:08.785785,207078,21.57,21.56,2212,6598,-11725,19375
331,BEN,2020-06-23,0 days 15:59:34.845039,234878,21.56,21.55,2944,6528,-1955,1245
332,BEN,2020-06-23,0 days 15:59:48.878677,236933,21.56,21.55,4880,5578,147,-1464
333,BEN,2020-06-23,0 days 15:59:49.880925,235980,21.56,21.55,5280,6351,-953,147
334,BHC,2020-06-23,0 days 15:56:22.369084,31234,19.59,19.58,3104,3552,-196,404
335,BHC,2020-06-23,0 days 15:56:23.371597,30530,19.59,19.58,3324,3352,704,-196
336,BK,2020-06-23,0 days 15:57:32.538121,890699,38.76,38.75,5253,834,6440,-1360
337,BK,2020-06-23,0 days 15:58:29.676599,917736,38.77,38.76,4321,2359,-12043,12531
338,BK,2020-06-23,0 days 15:59:27.815351,946615,38.74,38.73,2059,4685,-809,2999
339,BKD,2020-06-23,0 days 15:58:19.547387,116855,2.87,2.86,41401,45449,50,-526
340,BKD,2020-06-23,0 days 15:58:27.566390,111505,2.87,2.86,29394,56171,-5350,50
341,BKD,2020-06-23,0 days 15:59:05.659966,141755,2.87,2.86,46517,19051,8923,-4881
342,BKD,2020-06-23,0 days 15:59:06.661996,138478,2.87,2.86,44289,20727,-3277,8923
343,BKR,2020-06-23,0 days 15:55:00.210348,2050813,15.5,15.49,2148,11056,186175,-733611
344,BKR,2020-06-23,0 days 15:56:01.357155,2236988,15.51,15.5,2659,8949,-4468,99532
345,BKR,2020-06-23,0 days 15:56:02.359201,2210556,15.51,15.5,2959,8952,26432,-4468
346,BKR,2020-06-23,0 days 15:57:20.547570,2242488,15.52,15.51,7276,8671,-22100,21788
347,BKR,2020-06-23,0 days 15:57:21.549779,2239398,15.52,15.51,5975,9871,3090,-22100
348,BKR,2020-06-23,0 days 15:57:46.610898,2245022,15.54,15.53,5583,12772,2766,-46434
349,BKR,2020-06-23,0 days 15:57:51.622437,2248490,15.54,15.53,3795,10135,-6932,1959
350,BKR,2020-06-23,0 days 15:57:52.624392,2243422,15.54,15.53,3900,20090,5068,-6932
351,BKR,2020-06-23,0 days 15:57:57.636535,2248490,15.53,15.52,4400,3106,-6432,9268
352,BKR,2020-06-23,0 days 15:57:58.638697,2247022,15.53,15.52,2300,8646,1468,-6432
353,BKR,2020-06-23,0 days 15:59:16.827967,2340049,15.52,15.51,3300,4685,-46330,106567
354,BKR,2020-06-23,0 days 15:59:46.899760,2352364,15.54,15.53,4401,8201,6560,-7820
355,BMY,2020-06-23,0 days 15:59:45.870848,1651278,58.41,58.4,4143,1100,1859,-14788
356,BMY,2020-06-23,0 days 15:59:49.880925,1630447,58.4,58.39,1062,3400,-16850,37444
357,BOX,2020-06-23,0 days 15:56:08.426582,155699,20.77,20.76,1618,2424,1254,-1246
358,BOX,2020-06-23,0 days 15:56:09.429525,154153,20.78,20.77,3133,2350,-1546,1254
359,BOX,2020-06-23,0 days 15:57:38.644027,156186,20.8,20.79,15787,4547,1040,-1460
360,BOX,2020-06-23,0 days 15:57:39.647420,154926,20.8,20.79,17169,3715,-1260,1040
361,BOX,2020-06-23,0 days 15:58:44.804102,156186,20.8,20.79,4868,3970,691,-809
362,BOX,2020-06-23,0 days 15:58:45.807425,154977,20.8,20.79,5068,3887,-809,691
363,BOX,2020-06-23,0 days 15:59:08.863087,167776,20.81,20.8,5858,5439,213,-70
364,BOX,2020-06-23,0 days 15:59:11.870293,167989,20.81,20.8,6648,5678,-1784,213
365,BOX,2020-06-23,0 days 15:59:15.879587,173008,20.81,20.8,7790,2702,1463,-1919
366,BOX,2020-06-23,0 days 15:59:16.881792,171371,20.81,20.8,8068,3749,-1437,1463
367,BOX,2020-06-23,0 days 15:59:47.955408,172408,20.79,20.78,14750,7896,1068,-648
368,BOX,2020-06-23,0 days 15:59:49.964739,171992,20.79,20.78,14080,9166,-416,1184
369,BP,2020-06-23,0 days 15:58:19.651689,88707,24.21,24.2,20774,30420,-1395,2073
370,BP,2020-06-23,0 days 15:58:20.655130,87602,24.21,24.2,16976,36020,1005,-1395
371,BP,2020-06-23,0 days 15:58:51.729155,88607,24.21,24.2,27831,14468,-3017,1005
372,BP,2020-06-23,0 days 15:58:52.731389,78624,24.21,24.2,27042,17039,9983,-3017
373,BP,2020-06-23,0 days 15:59:50.872657,98928,24.18,24.17,23451,25500,-153,8399
374,BRK.B,2020-06-23,0 days 15:57:29.452392,1060770,180.98,180.97,261,999,2718,-97282
375,BRK.B,2020-06-23,0 days 15:57:30.454708,1058185,181.07,181.03,475,500,-2697,2718
376,BRK.B,2020-06-23,0 days 15:57:55.516678,1067370,181.01,180.97,300,700,14735,-75998
377,BRK.B,2020-06-23,0 days 15:57:56.518890,1060002,181.03,180.97,300,1100,-20123,14735
378,BRK.B,2020-06-23,0 days 15:58:02.533789,1059903,180.94,180.91,434,200,2002,-7265
379,BRK.B,2020-06-23,0 days 15:58:14.564039,1061847,180.93,180.9,200,701,-56,944
380,BRK.B,2020-06-23,0 days 15:58:15.565629,1061603,180.96,180.91,1100,600,244,-56
381,BRK.B,2020-06-23,0 days 15:58:19.574223,1061847,180.94,180.9,1021,411,-6256,244
382,BRK.B,2020-06-23,0 days 15:58:40.624550,1091603,180.93,180.92,300,110,57648,-18852
383,BRK.B,2020-06-23,0 days 15:59:19.709666,1107352,181.08,181.02,200,700,-68590,44525
384,BRK.B,2020-06-23,0 days 15:59:21.714219,1130385,181.02,180.97,224,400,77167,-23090
385,BRK.B,2020-06-23,0 days 15:59:23.718794,1110752,181.05,180.99,1000,500,-68033,41570
386,BRK.B,2020-06-23,0 days 15:59:24.720956,1117585,181.05,180.99,1400,600,93470,-68033
387,BRK.B,2020-06-23,0 days 15:59:26.725191,1110752,181.05,181.01,700,100,-68290,44770
388,BRK.B,2020-06-23,0 days 15:59:30.736374,1118385,181.02,180.97,1100,200,93670,-20390
389,BRK.B,2020-06-23,0 days 15:59:32.739921,1110752,181.02,180.97,828,535,-63733,49270
390,BRK.B,2020-06-23,0 days 15:59:39.757949,1111453,181.03,181.02,772,290,-67589,45470
391,BRK.B,2020-06-23,0 days 15:59:40.760355,1118663,180.97,180.94,200,616,95053,-67589
392,BRK.B,2020-06-23,0 days 15:59:41.761992,1111607,181.04,181.02,373,559,-60878,95053
393,BRK.B,2020-06-23,0 days 15:59:44.769332,1110963,180.95,180.91,300,600,1730,-125284
394,BRX,2020-06-23,0 days 15:56:43.434411,286892,13.01,13.0,8304,16813,-738,165
395,BRX,2020-06-23,0 days 15:56:44.437609,285630,13.01,13.0,10354,13896,1262,-738
396,BRX,2020-06-23,0 days 15:57:41.572965,287636,13.02,13.01,5166,30403,-1394,806
397,BRX,2020-06-23,0 days 15:57:42.575108,284830,13.02,13.01,5566,28829,2806,-1394
398,BRX,2020-06-23,0 days 15:57:52.599474,287636,13.02,13.01,7571,27049,-994,506
399,BRX,2020-06-23,0 days 15:58:00.620859,285420,13.01,13.0,13346,5149,2216,-1184
400,BRX,2020-06-23,0 days 15:59:07.783883,303474,13.01,13.0,17212,14401,2379,-1558
401,BRX,2020-06-23,0 days 15:59:08.785877,305853,13.01,13.0,15971,14091,-421,2379
402,BRX,2020-06-23,0 days 15:59:09.788685,304174,13.01,13.0,16687,12912,2879,-421
403,BRX,2020-06-23,0 days 15:59:13.798120,307053,13.01,13.0,15501,12345,-12364,379
404,BSX,2020-06-23,0 days 15:55:36.180888,580665,36.32,36.31,7428,3205,-820,3345
405,BSX,2020-06-23,0 days 15:55:37.183077,578485,36.32,36.31,9728,201,2180,-820
406,BSX,2020-06-23,0 days 15:55:47.207467,580765,36.31,36.3,7694,2508,-2794,2280
407,BSX,2020-06-23,0 days 15:57:18.425274,586372,36.3,36.29,5362,4268,-10999,933
408,BSX,2020-06-23,0 days 15:57:19.428069,585071,36.3,36.29,4762,4455,1301,-10999
409,BSX,2020-06-23,0 days 15:57:38.473610,591505,36.3,36.29,4345,6727,267,-4833
410,BSX,2020-06-23,0 days 15:58:43.631000,660841,36.32,36.31,5001,5161,-1860,6406
411,BSX,2020-06-23,0 days 15:58:44.633550,656001,36.32,36.31,5501,3739,4740,-1860
412,BSX,2020-06-23,0 days 15:58:47.641084,647538,36.32,36.31,3665,6341,-8463,4740
413,BSX,2020-06-23,0 days 15:58:48.643366,641801,36.32,36.31,4464,6361,5737,-8463
414,BSX,2020-06-23,0 days 15:59:00.674178,650133,36.31,36.3,3235,8800,-11550,7449
415,BSX,2020-06-23,0 days 15:59:14.707716,696406,36.3,36.29,2649,6149,-2013,1649
416,BSX,2020-06-23,0 days 15:59:15.699777,695619,36.3,36.29,4049,6349,8898,-2013
417,BSX,2020-06-23,0 days 15:59:18.705172,705917,36.3,36.29,4349,6977,-710,1398
418,BSX,2020-06-23,0 days 15:59:19.708179,704727,36.3,36.29,3345,7882,1190,-710
419,BSX,2020-06-23,0 days 15:59:27.726808,705917,36.3,36.29,5616,6583,-11529,1090
420,BSX,2020-06-23,0 days 15:59:28.728783,705546,36.3,36.29,6716,3891,371,-11529
421,BVN,2020-06-23,0 days 15:55:19.113508,76847,9.46,9.45,6294,5937,1485,-332
422,BVN,2020-06-23,0 days 15:57:40.451686,77447,9.46,9.45,10336,1491,1,-399
423,BVN,2020-06-23,0 days 15:58:51.626482,77847,9.46,9.45,6960,3900,254,-380
424,BVN,2020-06-23,0 days 15:58:52.627185,75909,9.46,9.45,5860,3950,-1938,254
425,BVN,2020-06-23,0 days 15:59:10.673435,81201,9.45,9.44,2552,8570,1080,-420
426,BWA,2020-06-23,0 days 15:59:43.853642,241075,35.46,35.44,400,200,-9036,5210
427,BWA,2020-06-23,0 days 15:59:50.871459,213668,35.43,35.42,400,1300,-33443,4757
428,BX,2020-06-23,0 days 15:57:18.427154,192812,57.01,57.0,1600,2010,651,-119
429,BX,2020-06-23,0 days 15:57:19.429562,188563,57.01,57.0,900,2510,-4249,651
430,BX,2020-06-23,0 days 15:58:29.599145,193132,57.04,57.03,1800,653,21105,-381
431,BX,2020-06-23,0 days 15:58:30.601517,190249,57.06,57.05,1800,549,-2883,21105
432,BX,2020-06-23,0 days 15:59:01.677308,194854,57.07,57.06,1300,200,5161,-3367
433,C,2020-06-23,0 days 15:55:56.397447,1656382,53.05,53.04,5209,1292,-40366,44263
434,C,2020-06-23,0 days 15:56:02.412170,1649776,53.04,53.03,5253,3293,6606,-3866
435,C,2020-06-23,0 days 15:56:17.448166,1658182,53.04,53.03,2931,5558,-17894,8306
436,C,2020-06-23,0 days 15:56:58.546805,1676326,53.01,53.0,5769,9800,56,-44
437,C,2020-06-23,0 days 15:58:19.743260,1795533,53.06,53.05,4000,12063,-12051,8949
438,C,2020-06-23,0 days 15:59:02.847675,1966032,53.04,53.03,3712,2900,27898,-77143
439,C,2020-06-23,0 days 15:59:03.850568,1994130,53.04,53.03,6828,500,-40526,27898
440,C,2020-06-23,0 days 15:59:19.888169,2019891,53.01,53.0,6843,5260,-9464,45953
441,C,2020-06-23,0 days 15:59:36.930419,2055061,52.96,52.95,14376,8516,20843,-10057
442,C,2020-06-23,0 days 15:59:37.931162,2049313,52.96,52.95,13636,10683,-3448,20843
443,C,2020-06-23,0 days 15:59:42.943262,2055061,52.96,52.95,7632,8500,6700,-20157
444,C,2020-06-23,0 days 15:59:43.946175,2046661,52.97,52.96,3050,4139,-8400,6700
445,C,2020-06-23,0 days 15:59:53.970405,2087849,52.94,52.93,2990,1200,10786,-9714
446,C,2020-06-23,0 days 15:59:55.976287,2078135,52.95,52.94,8008,3600,-9714,50193
447,CAG,2020-06-23,0 days 15:55:00.171452,661151,34.19,34.18,2110,2967,47080,-214667
448,CAG,2020-06-23,0 days 15:56:09.338488,703322,34.22,34.21,2576,4274,972,-1224
449,CAG,2020-06-23,0 days 15:56:38.407937,704294,34.24,34.23,4842,3315,-3473,7227
450,CAG,2020-06-23,0 days 15:56:39.410217,702667,34.24,34.23,4752,4255,1627,-3473
451,CAG,2020-06-23,0 days 15:57:38.552267,695967,34.24,34.23,200,3719,157586,-92567
452,CAG,2020-06-23,0 days 15:57:39.555310,454800,34.26,34.25,1652,13624,-249267,157586
453,CAG,2020-06-23,0 days 15:58:38.698033,702167,34.24,34.23,1027,4020,67291,-247062
454,CARR,2020-06-23,0 days 15:55:00.096307,536466,22.45,22.44,602,1842,4213,-144258
455,CARR,2020-06-23,0 days 15:55:01.098786,532879,22.46,22.45,1375,300,-3587,4213
456,CARR,2020-06-23,0 days 15:56:31.314172,543871,22.42,22.41,6499,1237,6438,-1566
457,CARR,2020-06-23,0 days 15:56:32.317145,541909,22.42,22.41,6813,937,-1962,6438
458,CARR,2020-06-23,0 days 15:58:39.622912,551997,22.41,22.4,4020,1960,-2878,222
459,CARR,2020-06-23,0 days 15:58:43.632574,554875,22.41,22.4,4651,2527,14271,-2878
460,CARR,2020-06-23,0 days 15:58:44.635167,552646,22.41,22.4,3551,2527,-2229,14271
461,CARR,2020-06-23,0 days 15:59:14.709534,602301,22.42,22.41,2995,1955,5298,-6419
462,CARR,2020-06-23,0 days 15:59:44.769658,601568,22.4,22.39,900,2701,-355,3545
463,CARR,2020-06-23,0 days 15:59:48.779981,601923,22.4,22.39,2053,2359,4331,-355
464,CARR,2020-06-23,0 days 15:59:50.786092,590908,22.4,22.39,2099,1995,-11015,2979
465,CAT,2020-06-23,0 days 15:55:08.114022,293767,126.36,126.31,647,354,1158,-642
466,CAT,2020-06-23,0 days 15:55:36.182466,293767,126.4,126.36,159,300,19,-323
467,CAT,2020-06-23,0 days 15:56:04.248885,299788,126.38,126.34,842,200,-31,546
468,CAT,2020-06-23,0 days 15:56:06.254054,299819,126.36,126.34,279,202,80,-31
469,CAT,2020-06-23,0 days 15:56:13.271014,299324,126.41,126.38,200,300,-495,80
470,CAT,2020-06-23,0 days 15:56:14.273398,298819,126.41,126.37,200,368,505,-495
471,CAT,2020-06-23,0 days 15:56:23.294798,297524,126.42,126.39,246,408,-1295,505
472,CAT,2020-06-23,0 days 15:56:24.298360,297219,126.42,126.39,487,200,305,-1295
473,CAT,2020-06-23,0 days 15:56:34.322108,299374,126.43,126.39,100,300,-46,529
474,CAT,2020-06-23,0 days 15:56:35.323945,298920,126.41,126.38,244,300,454,-46
475,CAT,2020-06-23,0 days 15:57:04.395121,299998,126.41,126.37,200,300,-3172,78
476,CAT,2020-06-23,0 days 15:57:05.398481,299670,126.41,126.37,493,200,328,-3172
477,CAT,2020-06-23,0 days 15:57:09.406562,299998,126.42,126.39,100,300,-172,403
478,CAT,2020-06-23,0 days 15:57:10.408906,299670,126.39,126.38,100,100,328,-172
479,CAT,2020-06-23,0 days 15:57:24.441281,301898,126.35,126.31,400,1260,-72,503
480,CAT,2020-06-23,0 days 15:57:25.444486,301470,126.33,126.31,200,364,428,-72
481,CAT,2020-06-23,0 days 15:57:41.482415,302473,126.33,126.31,300,100,-3256,644
482,CAT,2020-06-23,0 days 15:57:42.484572,301929,126.34,126.31,162,100,544,-3256
483,CAT,2020-06-23,0 days 15:57:50.504124,302473,126.35,126.32,500,107,-2456,444
484,CAT,2020-06-23,0 days 15:57:52.508951,301129,126.37,126.33,600,640,1344,-3556
485,CAT,2020-06-23,0 days 15:57:54.513500,302473,126.35,126.31,400,300,-826,1344
486,CAT,2020-06-23,0 days 15:57:55.516886,302399,126.37,126.33,408,740,74,-826
487,CAT,2020-06-23,0 days 15:57:56.519119,302473,126.37,126.33,205,500,-2626,74
488,CAT,2020-06-23,0 days 15:57:58.523618,302399,126.37,126.35,303,440,74,-3026
489,CAT,2020-06-23,0 days 15:58:43.632574,308876,126.27,126.24,400,300,-2409,653
490,CAT,2020-06-23,0 days 15:58:44.635167,308785,126.27,126.24,500,600,91,-2409
491,CAT,2020-06-23,0 days 15:59:07.691996,313354,126.28,126.23,464,700,875,-498
492,CAT,2020-06-23,0 days 15:59:45.772582,314193,126.15,126.12,431,700,5962,-7681
493,CAT,2020-06-23,0 days 15:59:56.799095,315192,126.26,126.21,100,1500,-11781,2043
494,CCC,2020-06-23,0 days 15:55:00.095464,46248,22.21,22.2,9380,4281,-71817,26642
495,CCC,2020-06-23,0 days 15:55:01.098603,44065,22.21,22.2,9480,4481,2183,-71817
496,CCC,2020-06-23,0 days 15:55:36.182368,46248,22.21,22.2,12318,5027,-716,2163
497,CCC,2020-06-23,0 days 15:55:37.184519,44364,22.21,22.2,12527,5205,1884,-716
498,CCC,2020-06-23,0 days 15:59:02.680151,46248,22.26,22.25,5765,5342,-1439,397
499,CCC,2020-06-23,0 days 15:59:03.682430,45087,22.26,22.25,6523,5742,1161,-1439
500,CCC,2020-06-23,0 days 15:59:08.694809,46248,22.26,22.25,6705,3933,-986,1161
501,CCC,2020-06-23,0 days 15:59:09.696995,45234,22.26,22.25,7323,3933,1014,-986
502,CCC,2020-06-23,0 days 15:59:23.718928,46941,22.26,22.25,4577,5714,-593,1707
503,CCC,2020-06-23,0 days 15:59:24.721237,44634,22.26,22.25,5395,4714,2307,-593
504,CCI,2020-06-23,0 days 15:55:00.260902,261784,165.68,165.57,700,125,4847,-42572
505,CCI,2020-06-23,0 days 15:55:01.264417,258350,165.79,165.71,210,327,-3434,4847
506,CCI,2020-06-23,0 days 15:57:46.663136,262752,165.84,165.78,523,325,477,-896
507,CCI,2020-06-23,0 days 15:57:47.665791,260529,165.84,165.78,1078,325,-2223,477
508,CCI,2020-06-23,0 days 15:58:59.840870,263047,165.74,165.71,300,404,683,-1952
509,CCI,2020-06-23,0 days 15:59:00.843203,258554,165.77,165.73,297,100,-4493,683
510,CCI,2020-06-23,0 days 15:59:29.912078,268662,165.72,165.69,525,196,-274,2826
511,CCI,2020-06-23,0 days 15:59:33.921711,268936,165.67,165.57,1025,625,3726,-174
512,CCI,2020-06-23,0 days 15:59:47.955408,270343,165.63,165.59,1369,725,-48,352
513,CCI,2020-06-23,0 days 15:59:49.964780,270391,165.6,165.57,225,119,352,-48
514,CCL,2020-06-23,0 days 15:59:59.781585,3968656,18.05,18.03,13573,57500,-233457,9251
515,CDE,2020-06-23,0 days 15:58:15.583671,202165,4.88,4.87,53535,50738,4943,-3657
516,CDE,2020-06-23,0 days 15:59:03.699700,213111,4.88,4.87,49174,34136,-28347,8960
517,CDE,2020-06-23,0 days 15:59:04.702324,211158,4.88,4.87,49074,33536,1953,-28347
518,CDE,2020-06-23,0 days 15:59:05.704936,213111,4.88,4.87,51307,36136,-2157,1953
519,CDE,2020-06-23,0 days 15:59:08.714460,201291,4.88,4.87,52027,33335,11820,-6580
520,CDE,2020-06-23,0 days 15:59:17.734163,217911,4.88,4.87,60802,22374,-12587,15692
521,CDE,2020-06-23,0 days 15:59:18.737663,216798,4.88,4.87,60345,19279,1113,-12587
522,CDE,2020-06-23,0 days 15:59:37.782439,218611,4.87,4.86,53532,61910,-17387,1113
523,CDE,2020-06-23,0 days 15:59:41.792080,218058,4.87,4.86,45820,62036,553,-5447
524,CFG,2020-06-23,0 days 15:55:00.074690,403278,25.79,25.78,2877,4688,13973,-105683
525,CFG,2020-06-23,0 days 15:55:01.071089,396651,25.8,25.79,4048,3866,-6627,13973
526,CFG,2020-06-23,0 days 15:57:34.437571,409880,25.81,25.8,6394,3332,285,-1415
527,CFG,2020-06-23,0 days 15:57:39.449531,403365,25.81,25.8,10052,5074,-6735,285
528,CFG,2020-06-23,0 days 15:59:05.660031,409814,25.81,25.8,17321,835,9002,-3827
529,CFG,2020-06-23,0 days 15:59:06.662078,407216,25.81,25.8,14701,2602,-2598,9002
530,CFG,2020-06-23,0 days 15:59:07.666846,411843,25.81,25.8,15701,3102,6796,-2598
531,CFG,2020-06-23,0 days 15:59:08.670125,409939,25.81,25.8,15801,1072,-1904,6796
532,CFG,2020-06-23,0 days 15:59:14.683524,411843,25.81,25.8,14034,3081,556,-382
533,CFG,2020-06-23,0 days 15:59:16.685239,410999,25.81,25.8,11304,6971,-2316,11956
534,CFG,2020-06-23,0 days 15:59:17.680982,413315,25.81,25.8,14700,6241,447,-2316
535,CFG,2020-06-23,0 days 15:59:29.707217,408262,25.81,25.8,13714,5612,-5053,447
536,CFG,2020-06-23,0 days 15:59:30.710179,413315,25.81,25.8,18222,1538,466,-5053
537,CFG,2020-06-23,0 days 15:59:40.735597,411062,25.8,25.79,7015,7723,-2253,1755
538,CFG,2020-06-23,0 days 15:59:48.754205,413915,25.8,25.79,4936,2136,5308,-384
539,CFG,2020-06-23,0 days 15:59:50.760021,412451,25.8,25.79,5053,7489,-864,2772
540,CGC,2020-06-23,0 days 15:57:18.595470,11293,17.26,17.25,500,1200,2819,-238
541,CGC,2020-06-23,0 days 15:58:49.816135,18670,17.25,17.24,9064,566,-1410,658
542,CGC,2020-06-23,0 days 15:59:56.978001,20275,17.25,17.24,3827,1579,-3443,1317
543,CHGG,2020-06-23,0 days 15:57:36.487784,93909,66.79,66.78,400,993,-323,577
544,CHGG,2020-06-23,0 days 15:57:37.490095,93332,66.78,66.76,1100,660,577,-323
545,CHGG,2020-06-23,0 days 15:58:35.629831,94109,66.79,66.78,300,1970,-1794,564
546,CHGG,2020-06-23,0 days 15:58:36.632158,93603,66.79,66.78,400,2070,506,-1794
547,CHGG,2020-06-23,0 days 15:58:38.637169,91168,66.78,66.77,1420,498,-2635,306
548,CHGG,2020-06-23,0 days 15:58:39.639326,90903,66.76,66.75,754,100,265,-2635
549,CHGG,2020-06-23,0 days 15:58:58.685289,94857,66.78,66.77,1578,1004,-34,266
550,CHGG,2020-06-23,0 days 15:58:59.688365,94291,66.78,66.77,1578,1000,566,-34
551,CHGG,2020-06-23,0 days 15:59:00.691675,95054,66.78,66.77,702,2554,-261,566
552,CHGG,2020-06-23,0 days 15:59:01.692145,94615,66.8,66.79,500,1758,439,-261
553,CHGG,2020-06-23,0 days 15:59:05.702098,94786,66.8,66.79,1154,541,-409,92
554,CHGG,2020-06-23,0 days 15:59:14.724238,109909,66.72,66.7,941,1206,7426,-9089
555,CHGG,2020-06-23,0 days 15:59:15.725731,109335,66.73,66.71,200,200,-574,7426
556,CHGG,2020-06-23,0 days 15:59:17.729574,112034,66.72,66.7,500,954,2230,-474
557,CHGG,2020-06-23,0 days 15:59:18.732355,111464,66.72,66.7,1254,300,-570,2230
558,CHGG,2020-06-23,0 days 15:59:27.754324,112034,66.71,66.69,1465,2649,950,-370
559,CHGG,2020-06-23,0 days 15:59:28.755605,111584,66.71,66.69,1283,2549,-450,950
560,CHGG,2020-06-23,0 days 15:59:38.781214,112034,66.71,66.69,1030,3325,15950,-450
561,CHGG,2020-06-23,0 days 15:59:39.783135,111784,66.73,66.71,577,11051,-350,15950
562,CHGG,2020-06-23,0 days 15:59:42.789579,112134,66.73,66.71,474,9428,2863,-350
563,CHGG,2020-06-23,0 days 15:59:55.822225,121538,66.74,66.71,1372,9120,-7566,8644
564,CHWY,2020-06-23,0 days 15:59:18.886954,236326,48.87,48.84,200,423,2623,-2165
565,CHWY,2020-06-23,0 days 15:59:48.959413,240295,48.88,48.87,4041,479,-1784,566
566,CHWY,2020-06-23,0 days 15:59:49.964900,225595,48.88,48.87,3961,479,14700,-1784
567,CHX,2020-06-23,0 days 15:55:00.095890,143250,10.37,10.36,2393,4107,3790,-64398
568,CHX,2020-06-23,0 days 15:55:01.098716,138040,10.37,10.36,200,4907,-5210,3790
569,CHX,2020-06-23,0 days 15:55:09.116262,144150,10.37,10.36,1800,5918,928,-5210
570,CHX,2020-06-23,0 days 15:55:10.118648,139478,10.37,10.36,1310,6218,-3772,928
571,CHX,2020-06-23,0 days 15:58:08.550186,143288,10.39,10.38,3189,2200,-4577,7723
572,CHX,2020-06-23,0 days 15:59:40.760646,163206,10.38,10.37,2620,9729,3647,-2053
573,CHX,2020-06-23,0 days 15:59:41.762200,160753,10.38,10.37,2720,9629,-1353,3647
574,CHX,2020-06-23,0 days 15:59:44.769625,162106,10.38,10.37,3090,8568,623,-1353
575,CHX,2020-06-23,0 days 15:59:48.779885,159629,10.38,10.37,4380,8323,-1577,623
576,CIG,2020-06-23,0 days 15:55:19.156812,148743,2.24,2.23,160978,145908,812,-11326
577,CIG,2020-06-23,0 days 15:55:20.158893,138855,2.24,2.23,160978,145408,-9888,812
578,CIG,2020-06-23,0 days 15:59:05.701882,170748,2.24,2.23,267994,51802,2606,-11893
579,CIG,2020-06-23,0 days 15:59:08.709955,162945,2.24,2.23,305277,50521,-6803,5597
580,CIM,2020-06-23,0 days 15:59:15.701489,853428,10.25,10.24,22989,20052,-547350,81977
581,CIT,2020-06-23,0 days 15:56:22.309209,81814,22.54,22.53,1012,880,-453,147
582,CIT,2020-06-23,0 days 15:56:23.311668,79267,22.54,22.53,1391,1755,2547,-453
583,CIT,2020-06-23,0 days 15:57:35.485923,81814,22.52,22.51,200,1785,-105,907
584,CIT,2020-06-23,0 days 15:57:51.524931,82814,22.54,22.53,300,1742,-15,285
585,CIT,2020-06-23,0 days 15:57:53.529384,80229,22.54,22.53,800,1862,2585,-15
586,CIT,2020-06-23,0 days 15:58:52.673615,83008,22.51,22.5,435,600,-34,95
587,CIT,2020-06-23,0 days 15:58:53.676838,80942,22.51,22.5,100,800,2066,-34
588,CIT,2020-06-23,0 days 15:59:04.702164,83008,22.5,22.49,200,6657,-818,866
589,CIT,2020-06-23,0 days 15:59:06.708587,81989,22.5,22.49,200,6675,8953,-1981
590,CIT,2020-06-23,0 days 15:59:13.725250,90942,22.5,22.49,1046,6369,-2498,130
591,CIT,2020-06-23,0 days 15:59:14.728992,86457,22.5,22.49,1110,6369,4485,-2498
592,CIT,2020-06-23,0 days 15:59:17.733974,90942,22.51,22.49,256,7589,-425,75
593,CIT,2020-06-23,0 days 15:59:22.745478,91367,22.51,22.49,362,6984,992,-425
594,CIT,2020-06-23,0 days 15:59:32.770332,92359,22.51,22.49,567,7585,-214,186
595,CIT,2020-06-23,0 days 15:59:42.794183,92359,22.5,22.49,100,100,-524,976
596,CL,2020-06-23,0 days 15:55:00.110762,403455,72.9,72.89,600,1442,-59373,41484
597,CL,2020-06-23,0 days 15:55:01.115449,396628,72.87,72.86,1600,400,6827,-59373
598,CL,2020-06-23,0 days 15:57:44.507796,403926,72.93,72.92,1298,5270,-2143,5157
599,CL,2020-06-23,0 days 15:57:45.509900,397469,72.93,72.92,1349,4470,6357,-2143
600,CL,2020-06-23,0 days 15:57:52.527159,403826,72.93,72.92,822,5541,-4743,3957
601,CL,2020-06-23,0 days 15:57:53.529345,399969,72.93,72.92,925,4841,3857,-4743
602,CL,2020-06-23,0 days 15:57:57.539238,403826,72.93,72.92,1499,6533,-2420,3380
603,CL,2020-06-23,0 days 15:57:58.541722,399946,72.93,72.92,1199,5733,3880,-2420
604,CL,2020-06-23,0 days 15:59:06.708461,424987,72.89,72.88,100,2150,-6252,2824
605,CL,2020-06-23,0 days 15:59:07.710946,411139,72.89,72.88,100,1340,13848,-6252
606,CL,2020-06-23,0 days 15:59:11.720026,449064,72.91,72.9,700,975,-10491,20209
607,CL,2020-06-23,0 days 15:59:12.722862,443255,72.9,72.88,1809,1278,5809,-10491
608,CL,2020-06-23,0 days 15:59:18.737461,458797,72.92,72.91,802,2117,-4986,13314
609,CL,2020-06-23,0 days 15:59:23.748304,454683,72.91,72.89,1900,1247,4314,-86
610,CL,2020-06-23,0 days 15:59:27.757983,458997,72.91,72.9,857,1389,-2266,4314
611,CLDR,2020-06-23,0 days 15:55:00.110958,282693,12.7,12.69,14320,5000,4846,-13970
612,CLDR,2020-06-23,0 days 15:55:01.115534,281339,12.7,12.69,17233,5000,-1354,4846
613,CLDR,2020-06-23,0 days 15:56:06.270725,283061,12.71,12.7,11938,14255,2968,-632
614,CLDR,2020-06-23,0 days 15:56:07.273247,282029,12.71,12.7,11038,17140,-1032,2968
615,CLDR,2020-06-23,0 days 15:57:36.488803,297863,12.71,12.7,16833,4680,1521,-2379
616,CLDR,2020-06-23,0 days 15:57:37.490677,296184,12.71,12.7,17737,3086,-1679,1521
617,CLDR,2020-06-23,0 days 15:58:48.663264,290903,12.69,12.68,18896,12272,2143,-2972
618,CLDR,2020-06-23,0 days 15:59:06.708587,344159,12.69,12.68,13361,13792,-3692,3847
619,CLDR,2020-06-23,0 days 15:59:23.748376,347851,12.68,12.67,21368,7022,2323,-1377
620,CLDR,2020-06-23,0 days 15:59:24.750544,342874,12.68,12.67,20468,6842,-4977,2323
621,CLDR,2020-06-23,0 days 15:59:34.774975,347851,12.68,12.67,26709,3210,175,-25
622,CLF,2020-06-23,0 days 15:55:43.275558,255395,5.71,5.7,54685,60484,2667,-533
623,CLF,2020-06-23,0 days 15:55:44.278352,251962,5.71,5.7,56685,57284,-3433,2667
624,CLF,2020-06-23,0 days 15:59:53.878949,263751,5.7,5.69,119138,76198,-3020,29095
625,CLGX,2020-06-23,0 days 15:57:04.510384,579626,52.68,52.66,300,200,746,-1430
626,CLGX,2020-06-23,0 days 15:57:05.512452,576772,52.68,52.66,300,400,-2454,746
627,CLGX,2020-06-23,0 days 15:57:48.615053,640326,52.9,52.89,200,100,10656,-8561
628,CLGX,2020-06-23,0 days 15:57:51.622437,650782,52.91,52.9,500,400,-44,3756
629,CLGX,2020-06-23,0 days 15:57:52.624354,648326,52.92,52.9,327,800,2456,-44
630,CLGX,2020-06-23,0 days 15:59:18.834050,715672,53.12,53.11,1036,200,6310,-9716
631,CLGX,2020-06-23,0 days 15:59:36.875710,715823,53.15,53.12,10301,200,-1758,4451
632,CLGX,2020-06-23,0 days 15:59:37.877950,717531,53.15,53.12,10201,200,4451,-1758
633,CLGX,2020-06-23,0 days 15:59:39.882958,715823,53.14,53.13,800,100,-1758,4451
634,CLGX,2020-06-23,0 days 15:59:52.915266,715202,53.16,53.11,52861,100,1881,-41929
635,CLNY,2020-06-23,0 days 15:55:49.328216,559579,2.65,2.64,44049,40000,3444,-2456
636,CLNY,2020-06-23,0 days 15:57:09.522086,563023,2.65,2.64,41330,38262,-291,3153
637,CLNY,2020-06-23,0 days 15:57:57.636465,536414,2.65,2.64,25051,48169,26609,-291
638,CLNY,2020-06-23,0 days 15:59:46.899666,593328,2.64,2.63,34483,37582,-2683,95
639,CLNY,2020-06-23,0 days 15:59:47.902080,593111,2.64,2.63,31504,37558,217,-2683
640,CLR,2020-06-23,0 days 15:58:47.758178,173592,16.89,16.88,3488,4112,6966,-3620
641,CLR,2020-06-23,0 days 15:58:48.760566,156858,16.89,16.88,2988,4312,-16634,6966
642,CLR,2020-06-23,0 days 15:59:06.805390,175045,16.89,16.88,2100,2283,15770,-2909
643,CLR,2020-06-23,0 days 15:59:07.808262,173315,16.89,16.88,2100,2389,-2383,15770
644,CMA,2020-06-23,0 days 15:59:42.851330,262129,39.85,39.84,100,1595,-161,335
645,CMA,2020-06-23,0 days 15:59:50.871459,252187,39.85,39.84,104,4957,-13308,692
646,CMCM,2020-06-23,0 days 15:59:36.750323,8198,1.96,1.95,6005,12988,-281,519
647,CMCM,2020-06-23,0 days 15:59:37.752946,8079,1.96,1.95,6105,12625,119,-281
648,CNC,2020-06-23,0 days 15:58:50.623975,427042,63.84,63.83,110,210,514,-3586
649,CNC,2020-06-23,0 days 15:58:52.627069,411156,63.88,63.86,300,959,-15886,1914
650,CNC,2020-06-23,0 days 15:59:15.684142,435449,63.86,63.85,130,1692,5781,-15970
651,CNC,2020-06-23,0 days 15:59:16.684934,427862,63.87,63.86,300,200,-7587,5781
652,CNC,2020-06-23,0 days 15:59:33.717118,435449,63.85,63.84,300,500,2647,-1453
653,CNC,2020-06-23,0 days 15:59:41.737533,435449,63.85,63.83,966,1216,4735,-8215
654,CNK,2020-06-23,0 days 15:59:04.762290,274919,14.06,14.05,4881,900,320,-362
655,CNK,2020-06-23,0 days 15:59:05.765261,270649,14.06,14.05,4949,498,-4270,320
656,CNK,2020-06-23,0 days 15:59:20.799052,273736,14.05,14.04,3091,1531,-4024,4876
657,CNK,2020-06-23,0 days 15:59:39.844495,268768,14.03,14.02,2510,3418,-2092,4308
658,CNK,2020-06-23,0 days 15:59:40.847824,271160,14.02,14.01,1551,4946,788,-2092
659,CNK,2020-06-23,0 days 15:59:43.853903,265548,14.02,14.01,348,7428,-2112,4388
660,CNP,2020-06-23,0 days 15:55:00.109419,1098060,18.15,18.14,3935,15996,34590,-31373
661,CNP,2020-06-23,0 days 15:57:34.481615,1125486,18.18,18.17,10435,21814,-6520,3580
662,CNP,2020-06-23,0 days 15:57:40.495150,1121806,18.18,18.17,11665,13693,4348,-5852
663,CNP,2020-06-23,0 days 15:57:41.497760,1126154,18.18,18.17,8961,21155,-352,4348
664,CNP,2020-06-23,0 days 15:57:46.510164,1133506,18.18,18.17,8970,17784,4448,-2652
665,CNP,2020-06-23,0 days 15:57:47.512227,1126154,18.18,18.17,7470,23646,-7352,4448
666,CNP,2020-06-23,0 days 15:57:50.519702,1133631,18.18,18.17,9064,21929,16746,-7477
667,CNP,2020-06-23,0 days 15:57:58.538662,1150530,18.19,18.18,12971,16022,-2501,2699
668,CNP,2020-06-23,0 days 15:58:00.545931,1153031,18.19,18.18,13495,18171,16802,-2501
669,CNP,2020-06-23,0 days 15:58:01.547805,1149533,18.19,18.18,13295,19871,-3498,16802
670,CNP,2020-06-23,0 days 15:58:05.555866,1143831,18.18,18.17,4370,16349,6602,-2598
671,CNP,2020-06-23,0 days 15:58:06.558516,1142033,18.18,18.17,4070,18822,-1798,6602
672,CNP,2020-06-23,0 days 15:58:19.589984,1145855,18.18,18.17,8533,18675,-1781,1042
673,CNP,2020-06-23,0 days 15:58:30.617399,1147636,18.18,18.17,8340,17780,30655,-1781
674,CNP,2020-06-23,0 days 15:59:07.707029,1240063,18.2,18.19,17000,19082,-2164,54855
675,CNP,2020-06-23,0 days 15:59:08.709226,1238555,18.19,18.18,7100,21563,1508,-2164
676,CNP,2020-06-23,0 days 15:59:12.718037,1240063,18.19,18.18,7029,27788,-2564,2608
677,CNP,2020-06-23,0 days 15:59:14.723446,1222063,18.19,18.18,9510,16839,18000,-13566
678,CNP,2020-06-23,0 days 15:59:28.754689,1240063,18.18,18.17,10477,17700,-614,9467
679,CNP,2020-06-23,0 days 15:59:46.799053,1238754,18.18,18.17,21571,10905,1309,-1391
680,CNP,2020-06-23,0 days 15:59:56.823875,1240063,18.18,18.17,16202,24229,-1957,4543
681,CNQ,2020-06-23,0 days 15:58:25.679906,46711,17.85,17.84,2627,6900,357,-663
682,CNQ,2020-06-23,0 days 15:58:26.682657,44768,17.85,17.84,3801,6700,-1843,357
683,CNQ,2020-06-23,0 days 15:59:27.826980,47206,17.84,17.83,3375,4600,4920,-308
684,CNQ,2020-06-23,0 days 15:59:28.829051,46126,17.85,17.84,8062,3401,-1080,4920
685,CNX,2020-06-23,0 days 15:59:05.764519,227462,9.23,9.22,11807,7879,772,-4925
686,CNX,2020-06-23,0 days 15:59:22.803447,228186,9.22,9.21,2401,3790,466,-2691
687,CNX,2020-06-23,0 days 15:59:26.812693,224504,9.22,9.21,4447,4002,-3682,3018
688,CNX,2020-06-23,0 days 15:59:48.866222,227522,9.23,9.22,6687,1499,-2364,636
689,COF,2020-06-23,0 days 15:55:39.266129,195494,69.61,69.6,549,200,2422,-3578
690,COF,2020-06-23,0 days 15:55:40.268270,192916,69.64,69.6,810,590,-2578,2422
691,COF,2020-06-23,0 days 15:57:16.498116,195658,69.62,69.59,646,600,233,-78
692,COF,2020-06-23,0 days 15:57:17.500636,193391,69.62,69.59,546,600,-2267,233
693,COF,2020-06-23,0 days 15:57:34.541951,195658,69.6,69.59,400,514,333,-1967
694,COF,2020-06-23,0 days 15:57:35.544740,193791,69.61,69.59,601,514,-1867,333
695,COF,2020-06-23,0 days 15:57:36.546957,195658,69.61,69.59,601,513,33,-1867
696,COF,2020-06-23,0 days 15:57:48.575719,195052,69.59,69.57,330,302,547,-1853
697,COF,2020-06-23,0 days 15:57:49.578263,193948,69.59,69.57,670,201,-1104,547
698,COF,2020-06-23,0 days 15:57:57.597485,195052,69.62,69.61,100,201,747,-1353
699,COF,2020-06-23,0 days 15:57:58.600155,192999,69.64,69.62,442,400,-2053,747
700,COF,2020-06-23,0 days 15:58:06.619583,194008,69.61,69.59,1300,300,-1766,534
701,COF,2020-06-23,0 days 15:58:34.688180,197783,69.57,69.55,200,701,-1839,561
702,COF,2020-06-23,0 days 15:59:02.756245,200581,69.62,69.6,452,200,2478,-126
703,COF,2020-06-23,0 days 15:59:39.844660,200377,69.56,69.52,400,2049,-9380,420
704,COF,2020-06-23,0 days 15:59:40.847409,209757,69.56,69.52,400,1874,1670,-9380
705,COF,2020-06-23,0 days 15:59:50.872539,204379,69.58,69.52,300,400,-6230,3329
706,COG,2020-06-23,0 days 15:59:15.826822,621608,18.2,18.19,494,5889,49694,-26806
707,COG,2020-06-23,0 days 15:59:16.827999,611902,18.22,18.21,5201,1670,-9706,49694
708,COG,2020-06-23,0 days 15:59:44.894852,623907,18.19,18.18,4720,3280,-4289,6711
709,COG,2020-06-23,0 days 15:59:50.910996,588370,18.19,18.18,1700,7400,-39826,1875
710,COP,2020-06-23,0 days 15:59:15.787175,647575,43.71,43.7,911,1220,165495,-29926
711,COP,2020-06-23,0 days 15:59:16.789316,730978,43.8,43.79,5000,100,-3054,165495
712,COP,2020-06-23,0 days 15:59:17.791526,726732,43.8,43.79,3867,500,3815,-3054
713,COTY,2020-06-23,0 days 15:59:15.701454,3743429,4.65,4.64,97913,50471,388201,-25549
714,CPB,2020-06-23,0 days 15:55:36.154961,291306,49.17,49.16,1728,400,-944,2892
715,CPB,2020-06-23,0 days 15:55:37.156343,285950,49.15,49.13,995,1963,5356,-944
716,CPB,2020-06-23,0 days 15:58:52.626961,302112,49.14,49.13,1631,300,-150,576
717,CPB,2020-06-23,0 days 15:59:01.648875,298035,49.17,49.16,906,446,687,-2513
718,CPB,2020-06-23,0 days 15:59:05.659669,302122,49.17,49.16,666,763,-794,702
719,CPB,2020-06-23,0 days 15:59:07.666397,299683,49.15,49.13,1148,500,2439,-16861
720,CPB,2020-06-23,0 days 15:59:08.669652,305975,49.12,49.11,1200,100,-55773,2439
721,CPRI,2020-06-23,0 days 15:58:45.713393,178712,16.33,16.32,4800,1400,15360,-4019
722,CPRI,2020-06-23,0 days 15:58:46.715673,175572,16.34,16.33,2969,2431,-4040,15360
723,CPRI,2020-06-23,0 days 15:59:01.753363,182462,16.32,16.31,2282,2448,1110,-6890
724,CPRI,2020-06-23,0 days 15:59:03.757914,176053,16.32,16.31,3054,1746,-6428,1291
725,CPRI,2020-06-23,0 days 15:59:05.764132,182997,16.32,16.31,2354,2611,5261,-1241
726,CPRI,2020-06-23,0 days 15:59:06.766797,173958,16.32,16.31,1755,2913,-9039,5261
727,CPRI,2020-06-23,0 days 15:59:40.846184,190712,16.32,16.31,2545,14815,1048,-4251
728,CPRI,2020-06-23,0 days 15:59:45.857635,189984,16.32,16.31,3434,1632,-728,3672
729,CRK,2020-06-23,0 days 15:59:16.882009,28925,4.57,4.56,15102,3971,-253,2063
730,CRK,2020-06-23,0 days 15:59:39.936281,29178,4.56,4.55,8036,700,2063,-453
731,CRM,2020-06-23,0 days 15:59:10.714602,500649,189.22,189.2,458,1526,-5877,4412
732,CRM,2020-06-23,0 days 15:59:15.725472,503801,189.18,189.14,673,200,-117,583
733,CRM,2020-06-23,0 days 15:59:18.732153,504609,189.15,189.13,424,1893,-998,477
734,CRM,2020-06-23,0 days 15:59:19.734321,501607,189.15,189.13,402,1893,3002,-998
735,CS,2020-06-23,0 days 15:59:07.691996,53940,10.37,10.36,64571,86194,5227,-3096
736,CS,2020-06-23,0 days 15:59:08.695026,52967,10.37,10.36,63321,94000,-973,5227
737,CTL,2020-06-23,0 days 15:57:02.363155,821938,10.13,10.12,59982,22713,3429,-18771
738,CTL,2020-06-23,0 days 15:57:03.364339,795667,10.13,10.12,53982,23213,-26271,3429
739,CTL,2020-06-23,0 days 15:59:02.651949,826759,10.13,10.12,64246,20351,13650,-44824
740,CTL,2020-06-23,0 days 15:59:48.754205,861917,10.11,10.1,79824,24020,-4029,22387
741,CTVA,2020-06-23,0 days 15:59:15.786952,531796,27.41,27.4,1681,2992,39272,-19630
742,CTVA,2020-06-23,0 days 15:59:16.789056,522068,27.44,27.43,300,2202,-9728,39272
743,CTVA,2020-06-23,0 days 15:59:19.796518,532093,27.43,27.41,1600,1819,257,-9346
744,CTVA,2020-06-23,0 days 15:59:23.805682,523750,27.44,27.43,1500,958,-8343,257
745,CTVA,2020-06-23,0 days 15:59:38.842314,524375,27.44,27.43,300,1437,-7714,586
746,CUK,2020-06-23,0 days 15:55:13.125905,11614,14.89,14.88,2536,915,548,-952
747,CUK,2020-06-23,0 days 15:55:14.128806,11462,14.89,14.88,800,915,-152,548
748,CUK,2020-06-23,0 days 15:56:33.319322,11696,14.94,14.93,1410,827,352,-648
749,CUK,2020-06-23,0 days 15:56:34.322144,11548,14.94,14.93,1010,927,-148,352
750,CUK,2020-06-23,0 days 15:58:50.650289,11796,14.96,14.95,3243,1325,894,-148
751,CUK,2020-06-23,0 days 15:59:07.692057,12850,14.97,14.96,3292,1125,-412,254
752,CUK,2020-06-23,0 days 15:59:08.695107,12762,14.97,14.96,3292,1125,391,-412
753,CVE,2020-06-23,0 days 15:55:49.213390,39201,4.71,4.7,71740,444878,-1108,804
754,CVS,2020-06-23,0 days 15:59:15.684103,460522,64.47,64.46,2700,2164,48301,-737
755,CVS,2020-06-23,0 days 15:59:16.684881,449473,64.53,64.52,950,991,-11202,48301
756,CVS,2020-06-23,0 days 15:59:30.710000,460963,64.47,64.46,1279,1014,-2755,10045
757,CVS,2020-06-23,0 days 15:59:33.717118,465443,64.45,64.44,1100,1215,4620,-4480
758,CVS,2020-06-23,0 days 15:59:34.720900,463628,64.45,64.44,1775,1315,-3115,4620
759,CVS,2020-06-23,0 days 15:59:47.752910,466843,64.44,64.42,700,375,7711,-11689
760,CVS,2020-06-23,0 days 15:59:49.756433,465345,64.44,64.43,300,796,-1398,3102
761,CVX,2020-06-23,0 days 15:59:15.701931,1034868,91.26,91.25,412,1300,158407,-115832
762,CVX,2020-06-23,0 days 15:59:50.786156,1097437,91.48,91.46,1056,1381,-3902,21518
763,CVX,2020-06-23,0 days 15:59:53.792258,1099839,91.46,91.44,1680,2808,3023,-938
764,CWH,2020-06-23,0 days 15:58:08.550057,32030,27.22,27.21,2367,3473,-51,998
765,CWH,2020-06-23,0 days 15:58:09.550787,31602,27.22,27.21,4627,2771,428,-51
766,CWH,2020-06-23,0 days 15:58:49.648178,32030,27.19,27.18,7569,11911,-6131,397
767,CX,2020-06-23,0 days 15:58:48.735918,132747,2.89,2.88,145553,244639,3997,-11492
768,CX,2020-06-23,0 days 15:59:08.785644,191929,2.89,2.88,148471,230315,-3930,7264
769,CXO,2020-06-23,0 days 15:55:00.210456,291206,54.95,54.9,100,900,771,-22924
770,CXO,2020-06-23,0 days 15:56:24.413008,348933,54.78,54.75,300,700,-5387,3913
771,CXO,2020-06-23,0 days 15:59:17.829978,357745,54.75,54.74,440,1138,3953,-868
772,CXO,2020-06-23,0 days 15:59:18.834083,357998,54.77,54.74,200,2738,-887,3953
773,CXW,2020-06-23,0 days 15:59:07.711226,115910,9.72,9.71,3700,6348,1136,-2063
774,D,2020-06-23,0 days 15:55:43.275419,352374,82.85,82.84,786,466,138,-360
775,D,2020-06-23,0 days 15:55:44.278269,287512,82.87,82.85,400,623,-65701,138
776,D,2020-06-23,0 days 15:58:28.673507,358923,82.81,82.79,1448,756,164,-49836
777,D,2020-06-23,0 days 15:58:29.675648,338587,82.81,82.8,548,401,-20336,164
778,D,2020-06-23,0 days 15:59:06.766976,373473,82.8,82.79,818,100,10590,-11102
779,D,2020-06-23,0 days 15:59:08.772628,393029,82.79,82.78,400,917,-6244,12856
780,D,2020-06-23,0 days 15:59:09.774754,390073,82.79,82.78,100,453,14508,-6244
781,D,2020-06-23,0 days 15:59:10.777035,404981,82.8,82.79,732,100,-5612,14508
782,D,2020-06-23,0 days 15:59:11.779421,402386,82.8,82.79,957,405,2795,-5612
783,D,2020-06-23,0 days 15:59:17.791292,442888,82.8,82.79,873,980,-2203,6850
784,D,2020-06-23,0 days 15:59:39.844690,393037,82.84,82.83,1114,268,-66054,5546
785,D,2020-06-23,0 days 15:59:40.847409,389023,82.79,82.78,1029,704,75876,-66054
786,D,2020-06-23,0 days 15:59:41.848701,397612,82.82,82.81,508,372,-58025,75876
787,D,2020-06-23,0 days 15:59:58.890065,400556,82.81,82.8,300,16100,-45680,4320
788,D,2020-06-23,0 days 15:59:59.895581,446236,82.81,82.77,4115,16503,4320,-45680
789,D,2020-06-23,0 days 16:00:00.895662,400556,82.82,82.77,26294,16303,-45680,4320
790,DB,2020-06-23,0 days 15:55:00.074944,51860,9.56,9.55,24051,157189,-8775,7644
791,DB,2020-06-23,0 days 15:56:08.231690,59289,9.57,9.56,116429,102186,560,-1640
792,DB,2020-06-23,0 days 15:57:27.420344,60949,9.56,9.55,131502,117231,-817,1560
793,DBD,2020-06-23,0 days 15:55:35.180359,50710,6.35,6.34,6446,1904,-1182,4998
794,DBD,2020-06-23,0 days 15:57:29.453430,57236,6.35,6.34,8225,1076,194,-726
795,DBD,2020-06-23,0 days 15:58:08.550152,56655,6.34,6.33,3349,11219,-541,159
796,DBD,2020-06-23,0 days 15:58:19.575155,57196,6.34,6.33,5450,10531,567,-541
797,DBD,2020-06-23,0 days 15:58:20.580115,56763,6.34,6.33,4544,8631,-433,567
798,DBD,2020-06-23,0 days 15:58:53.660092,59247,6.35,6.34,4592,5316,254,-355
799,DBI,2020-06-23,0 days 15:55:17.303241,151699,6.97,6.96,6411,5286,-10769,72625
800,DBI,2020-06-23,0 days 15:55:18.305581,144868,6.97,6.96,7217,3840,6725,-10769
801,DBI,2020-06-23,0 days 15:55:52.387636,151585,6.98,6.97,6761,3800,-1830,5657
802,DBI,2020-06-23,0 days 15:55:53.390162,146615,6.98,6.97,6297,3316,4970,-1830
803,DBI,2020-06-23,0 days 15:59:38.934760,152108,6.95,6.94,11501,3829,-7633,1127
804,DBI,2020-06-23,0 days 15:59:39.936135,150941,6.95,6.94,13311,2600,1167,-7633
805,DBI,2020-06-23,0 days 15:59:45.950658,151141,6.95,6.94,4998,9896,959,-1533
806,DD,2020-06-23,0 days 15:56:20.304779,734641,53.08,53.07,1156,500,-235,24765
807,DD,2020-06-23,0 days 15:56:54.386257,735113,52.99,52.98,1908,707,423,-266
808,DD,2020-06-23,0 days 15:57:04.412443,735536,53.0,52.99,2360,500,-1206,423
809,DD,2020-06-23,0 days 15:57:34.483446,725642,52.99,52.98,1449,900,10409,-791
810,DD,2020-06-23,0 days 15:57:36.488919,735351,53.0,52.99,4889,200,-6491,9703
811,DD,2020-06-23,0 days 15:57:37.490820,726249,52.99,52.97,883,549,9102,-6491
812,DD,2020-06-23,0 days 15:57:39.496019,735351,52.99,52.97,1980,449,-5498,1802
813,DD,2020-06-23,0 days 15:57:40.497858,727942,52.99,52.98,1300,600,7409,-5498
814,DD,2020-06-23,0 days 15:57:41.500488,735345,53.0,52.99,1246,600,-1397,7409
815,DD,2020-06-23,0 days 15:57:42.502880,728542,53.0,52.99,1646,600,6803,-1397
816,DD,2020-06-23,0 days 15:57:46.513384,735345,53.0,52.98,3950,1207,-5791,3009
817,DD,2020-06-23,0 days 15:57:48.517808,689905,53.0,52.98,5019,1000,45440,-3597
818,DD,2020-06-23,0 days 15:59:08.714557,749795,53.02,53.0,1398,500,-49901,850
819,DD,2020-06-23,0 days 15:59:48.810232,879995,52.97,52.95,718,1439,-4817,783
820,DDD,2020-06-23,0 days 15:59:05.703977,87042,7.02,7.01,15274,11070,-2894,1836
821,DDD,2020-06-23,0 days 15:59:15.729233,91135,7.02,7.01,13197,9313,1314,-4093
822,DDD,2020-06-23,0 days 15:59:45.801337,89368,7.01,7.0,13786,26292,-1159,3633
823,DHT,2020-06-23,0 days 15:55:00.074003,474223,5.24,5.23,9501,13517,44318,-8681
824,DHT,2020-06-23,0 days 15:55:01.070939,473141,5.24,5.23,9293,13587,-1082,44318
825,DHT,2020-06-23,0 days 15:58:48.617502,474223,5.24,5.23,16910,20142,254,-468
826,DHT,2020-06-23,0 days 15:58:49.621419,473239,5.24,5.23,15410,20146,-984,254
827,DHT,2020-06-23,0 days 15:58:53.634174,474223,5.24,5.23,16267,18502,12016,-984
828,DIS,2020-06-23,0 days 15:58:14.535578,460260,116.55,116.54,3055,300,2308,-3655
829,DIS,2020-06-23,0 days 15:58:21.552091,460760,116.56,116.55,1611,400,1108,-4992
830,DIS,2020-06-23,0 days 15:59:55.769703,556631,116.55,116.52,1599,8711,-828,5572
831,DIS,2020-06-23,0 days 15:59:57.775055,557943,116.6,116.57,1463,10459,2972,-1212
832,DIS,2020-06-23,0 days 15:59:58.778003,560915,116.61,116.6,500,11214,-3628,2972
833,DIS,2020-06-23,0 days 15:59:59.781620,557559,116.59,116.52,11810,1900,3356,-3628
834,DKS,2020-06-23,0 days 15:56:10.280835,98620,41.49,41.48,466,966,8479,-906
835,DKS,2020-06-23,0 days 15:56:11.282873,96399,41.51,41.49,100,1887,-2221,8479
836,DKS,2020-06-23,0 days 15:57:10.425867,96466,41.46,41.45,397,1513,1104,-1781
837,DKS,2020-06-23,0 days 15:57:11.428492,94970,41.47,41.46,700,754,-1496,1104
838,DKS,2020-06-23,0 days 15:59:03.699700,103451,41.42,41.41,1068,263,-235,51
839,DKS,2020-06-23,0 days 15:59:05.704936,103773,41.42,41.4,964,400,5263,-322
840,DKS,2020-06-23,0 days 15:59:06.708776,103836,41.43,41.42,314,1165,-2401,5263
841,DKS,2020-06-23,0 days 15:59:08.714515,107223,41.47,41.44,710,1500,18601,-2401
842,DLR,2020-06-23,0 days 15:57:32.576194,836237,142.14,142.08,1227,200,-7319,481
843,DLR,2020-06-23,0 days 15:57:33.578313,834956,142.08,142.02,200,100,3381,-7319
844,DLR,2020-06-23,0 days 15:57:42.600198,839637,142.09,142.05,300,340,-219,2681
845,DLR,2020-06-23,0 days 15:57:46.610782,839256,142.05,142.01,200,294,14281,-219
846,DLR,2020-06-23,0 days 15:57:47.613510,839137,142.04,142.0,300,200,-119,14281
847,DLR,2020-06-23,0 days 15:57:49.616663,839256,142.02,141.97,422,202,2081,-7519
848,DLR,2020-06-23,0 days 15:57:56.633918,841156,142.01,141.98,600,200,4681,-4519
849,DLR,2020-06-23,0 days 15:58:01.649640,840156,141.98,141.95,756,200,581,-2819
850,DLR,2020-06-23,0 days 15:58:53.773078,857308,142.03,141.98,300,100,-7204,4016
851,DLR,2020-06-23,0 days 15:58:54.775468,853612,142.03,141.98,300,533,3696,-7204
852,DLR,2020-06-23,0 days 15:59:17.829767,879923,142.02,141.99,1044,634,-25,173
853,DLR,2020-06-23,0 days 15:59:19.834634,873048,141.98,141.95,300,172,6940,-25
854,DLR,2020-06-23,0 days 15:59:55.921924,892049,142.02,141.95,400,2300,-9901,18477
855,DOW,2020-06-23,0 days 15:59:09.774719,369825,41.41,41.4,976,1125,-11540,18174
856,DOW,2020-06-23,0 days 15:59:50.872505,370723,41.36,41.35,817,912,-14664,18136
857,DRE,2020-06-23,0 days 15:58:43.750852,474812,35.43,35.42,1659,3246,772,-6658
858,DRE,2020-06-23,0 days 15:58:44.751170,465784,35.43,35.42,800,3034,-10928,772
859,DRE,2020-06-23,0 days 15:59:17.829978,488130,35.41,35.4,2386,900,93,-1424
860,DRE,2020-06-23,0 days 15:59:28.856157,486381,35.42,35.41,862,1947,-1749,1351
861,DRE,2020-06-23,0 days 15:59:46.899760,487330,35.4,35.39,2551,1417,-833,967
862,DRE,2020-06-23,0 days 15:59:47.902164,488163,35.4,35.39,2351,1213,86,-833
863,DRE,2020-06-23,0 days 15:59:48.905214,487929,35.4,35.39,2251,1407,-234,86
864,DRH,2020-06-23,0 days 15:55:00.110802,199342,5.57,5.56,14498,14142,3610,-55868
865,DRH,2020-06-23,0 days 15:55:01.115449,191152,5.57,5.56,13729,14542,-8190,3610
866,DRH,2020-06-23,0 days 15:58:48.663226,202936,5.62,5.61,28611,16479,20868,-4726
867,DRH,2020-06-23,0 days 15:58:49.665432,196304,5.62,5.61,26521,19886,-6632,20868
868,DRH,2020-06-23,0 days 15:59:17.733942,253287,5.6,5.59,11065,19741,4443,-19257
869,DRH,2020-06-23,0 days 15:59:18.737506,246030,5.6,5.59,6816,20241,-7257,4443
870,DRH,2020-06-23,0 days 15:59:45.802034,253787,5.6,5.59,10566,16581,1922,-1657
871,DRH,2020-06-23,0 days 15:59:48.809723,250481,5.6,5.59,12004,14663,-2806,3401
872,DRI,2020-06-23,0 days 15:59:09.865763,178136,75.34,75.32,687,100,7641,-3557
873,DS,2020-06-23,0 days 15:59:39.844690,16000,2.15,2.14,13535,6498,3531,-169
874,DS,2020-06-23,0 days 15:59:40.847445,15731,2.15,2.14,15138,5895,-269,3531
875,DUK,2020-06-23,0 days 15:59:15.787175,545836,81.81,81.79,600,1000,132441,-44410
876,DVN,2020-06-23,0 days 15:55:01.174097,254850,12.34,12.33,5802,10056,6283,-1117
877,DVN,2020-06-23,0 days 15:57:56.595156,266612,12.39,12.38,8603,14934,3432,-268
878,DXC,2020-06-23,0 days 15:59:05.704991,360420,16.27,16.26,1026,4133,19964,-4320
879,DXC,2020-06-23,0 days 15:59:06.708891,358584,16.28,16.27,5825,600,-4736,19964
880,DXC,2020-06-23,0 days 15:59:20.741910,379628,16.26,16.25,2254,3300,-2868,3532
881,DXC,2020-06-23,0 days 15:59:40.789814,386596,16.27,16.26,10622,2243,1774,-876
882,DXC,2020-06-23,0 days 15:59:43.796985,384982,16.28,16.26,13813,2500,-1614,2886
883,DXC,2020-06-23,0 days 15:59:46.804057,385196,16.27,16.26,12613,1407,-1400,2300
884,DXC,2020-06-23,0 days 15:59:47.806841,386596,16.27,16.26,13073,787,284,-1400
885,DXC,2020-06-23,0 days 15:59:49.811478,382604,16.26,16.25,13520,4800,-92,5554
886,EAT,2020-06-23,0 days 15:55:00.184973,63744,25.62,25.61,1941,836,3400,-10380
887,EAT,2020-06-23,0 days 15:55:01.187932,63244,25.62,25.61,1892,1136,-500,3400
888,EAT,2020-06-23,0 days 15:55:44.291837,66493,25.66,25.65,802,1000,2788,-376
889,EAT,2020-06-23,0 days 15:55:45.294015,66081,25.66,25.65,1202,258,-412,2788
890,EAT,2020-06-23,0 days 15:56:02.334901,67047,25.65,25.64,698,1500,541,-459
891,EAT,2020-06-23,0 days 15:56:03.337513,66588,25.64,25.63,200,622,-459,541
892,EAT,2020-06-23,0 days 15:57:11.501855,68390,25.7,25.69,800,1304,1353,-502
893,EAT,2020-06-23,0 days 15:57:12.504042,67943,25.71,25.7,300,600,-447,1353
894,EAT,2020-06-23,0 days 15:58:51.743361,68075,25.75,25.74,2357,700,339,-261
895,ED,2020-06-23,0 days 15:59:51.913428,130542,70.93,70.9,2593,925,-3716,236
896,EGO,2020-06-23,0 days 15:56:22.459934,44750,9.32,9.31,12044,14424,466,-134
897,EGO,2020-06-23,0 days 15:56:23.462949,43316,9.32,9.31,10944,14624,-1434,466
898,EIX,2020-06-23,0 days 15:55:00.184571,1456578,55.72,55.71,200,200,978,-6391
899,EIX,2020-06-23,0 days 15:55:18.228796,1457556,55.75,55.72,300,747,-1122,778
900,EIX,2020-06-23,0 days 15:55:19.231040,1455078,55.75,55.72,300,747,2478,-1122
901,EIX,2020-06-23,0 days 15:57:07.492464,1474789,55.73,55.71,538,1012,-5269,5947
902,EIX,2020-06-23,0 days 15:58:30.692579,1540733,55.76,55.75,980,1400,1813,-30087
903,EIX,2020-06-23,0 days 15:59:23.817693,1565401,55.74,55.72,2062,300,7534,-1306
904,ELAN,2020-06-23,0 days 15:55:01.187867,1164266,22.59,22.58,404,3200,-121287,596699
905,ELAN,2020-06-23,0 days 15:56:01.332454,1286853,22.63,22.62,3447,2200,14619,-61781
906,ELAN,2020-06-23,0 days 15:56:02.334857,1265172,22.63,22.62,2254,2520,-21681,14619
907,ELAN,2020-06-23,0 days 15:59:03.772535,1302955,22.65,22.64,1087,700,38268,-11167
908,ELAN,2020-06-23,0 days 15:59:04.775163,1238747,22.65,22.64,800,231,-64208,38268
909,ELAN,2020-06-23,0 days 15:59:08.785709,1314855,22.64,22.63,1899,394,53329,-20547
910,EMR,2020-06-23,0 days 15:59:21.743578,311154,61.83,61.81,687,399,2196,-2304
911,EMR,2020-06-23,0 days 15:59:22.745408,308850,61.83,61.81,662,699,-2304,2196
912,EMR,2020-06-23,0 days 15:59:24.750433,311154,61.82,61.81,525,199,2196,-2204
913,EMR,2020-06-23,0 days 15:59:25.752605,308950,61.82,61.81,500,227,-2204,2196
914,EMR,2020-06-23,0 days 15:59:27.757916,311154,61.82,61.81,745,239,6296,-2204
915,EMR,2020-06-23,0 days 15:59:31.767430,308350,61.83,61.82,671,510,-3104,2196
916,EMR,2020-06-23,0 days 15:59:33.772905,311654,61.82,61.81,142,722,2096,-3304
917,EMR,2020-06-23,0 days 15:59:42.794076,311654,61.82,61.81,100,714,2896,-3204
918,ENB,2020-06-23,0 days 15:59:06.767939,83299,30.98,30.97,7351,7840,901,-2683
919,ENB,2020-06-23,0 days 15:59:07.771612,81357,30.98,30.97,7951,6840,-1942,901
920,ENIA,2020-06-23,0 days 15:56:22.459960,27256,7.76,7.75,9114,15606,-364,236
921,ENIA,2020-06-23,0 days 15:56:23.462979,26320,7.76,7.75,9114,15606,936,-364
922,ENIA,2020-06-23,0 days 15:58:49.816199,27256,7.76,7.75,6633,16760,-989,502
923,ENIA,2020-06-23,0 days 15:58:50.818604,26445,7.76,7.75,6633,16660,811,-989
924,ENLC,2020-06-23,0 days 15:55:39.161862,64901,2.72,2.71,4700,36068,228,-1843
925,ENLC,2020-06-23,0 days 15:55:53.195489,61559,2.72,2.71,3100,34468,-3342,5258
926,EOG,2020-06-23,0 days 15:59:15.787038,863885,52.33,52.32,100,859,121829,-264763
927,EOG,2020-06-23,0 days 15:59:16.789233,835142,52.47,52.46,1200,155,-29305,121829
928,EOG,2020-06-23,0 days 15:59:24.808336,864661,52.48,52.47,300,220,2616,-16584
929,EOG,2020-06-23,0 days 15:59:45.858676,868763,52.47,52.46,880,220,-4319,3102
930,EOG,2020-06-23,0 days 15:59:46.860707,873082,52.47,52.45,800,400,11284,-4319
931,EOG,2020-06-23,0 days 15:59:50.871713,849024,52.47,52.45,896,204,-24058,4884
932,EPD,2020-06-23,0 days 15:55:00.260805,110771,19.09,19.08,9588,10542,-6273,983
933,EQH,2020-06-23,0 days 15:59:06.661777,613020,19.67,19.66,900,993,-48322,85
934,EQH,2020-06-23,0 days 15:59:07.666538,612446,19.66,19.65,2870,3219,5651,-48322
935,EQH,2020-06-23,0 days 15:59:18.682450,634352,19.64,19.63,300,2883,-5943,4423
936,EQH,2020-06-23,0 days 15:59:19.685056,629595,19.64,19.63,735,2983,4757,-5943
937,EQH,2020-06-23,0 days 15:59:39.733362,636941,19.65,19.64,1000,9412,-11789,5211
938,EQH,2020-06-23,0 days 15:59:40.735446,633530,19.65,19.64,319,8710,3411,-11789
939,EQNR,2020-06-23,0 days 15:59:08.710152,37816,14.87,14.86,23482,38253,7209,-9175
940,EQNR,2020-06-23,0 days 15:59:09.712353,37125,14.87,14.86,22183,39020,-691,7209
941,EQR,2020-06-23,0 days 15:57:18.444243,185645,58.77,58.75,435,1349,31,-541
942,EQR,2020-06-23,0 days 15:57:19.446641,185076,58.78,58.76,300,984,-569,31
943,EQR,2020-06-23,0 days 15:57:51.525006,185176,58.77,58.76,2005,645,-469,1731
944,EQR,2020-06-23,0 days 15:57:53.529417,185645,58.77,58.76,5157,645,231,-469
945,EQR,2020-06-23,0 days 15:57:55.534759,185176,58.78,58.77,1240,409,-469,931
946,EQR,2020-06-23,0 days 15:58:10.571675,185945,58.81,58.8,200,100,1469,-531
947,EQR,2020-06-23,0 days 15:58:11.574614,185414,58.81,58.8,220,300,-231,1469
948,EQR,2020-06-23,0 days 15:58:35.631853,185639,58.83,58.82,200,460,235,-771
949,EQR,2020-06-23,0 days 15:58:38.639771,182174,58.82,58.81,200,200,-157,343
950,EQR,2020-06-23,0 days 15:58:53.676907,183031,58.9,58.87,300,311,250,-157
951,EQR,2020-06-23,0 days 15:58:54.678732,182881,58.89,58.87,200,555,-150,250
952,EQR,2020-06-23,0 days 15:58:57.686392,183031,58.87,58.86,300,876,1950,-350
953,EQR,2020-06-23,0 days 15:58:58.687810,182881,58.87,58.86,300,669,-150,1950
954,EQR,2020-06-23,0 days 15:59:06.708675,190146,58.87,58.86,870,291,184,-251
955,EQR,2020-06-23,0 days 15:59:08.714366,189933,58.85,58.84,100,507,-969,1987
956,EQR,2020-06-23,0 days 15:59:18.737626,191215,58.82,58.81,400,294,1086,-538
957,EQR,2020-06-23,0 days 15:59:19.739021,189001,58.83,58.82,114,294,-1514,1086
958,EQR,2020-06-23,0 days 15:59:48.809900,189101,58.8,58.78,624,522,-434,6066
959,EQR,2020-06-23,0 days 15:59:50.815180,184271,58.79,58.78,332,200,4830,-434
960,EROS,2020-06-23,0 days 15:59:01.767381,37822,3.16,3.15,22353,34435,-5148,6652
961,EROS,2020-06-23,0 days 15:59:02.770100,37270,3.16,3.15,23541,24521,552,-5148
962,EROS,2020-06-23,0 days 15:59:06.780854,38084,3.16,3.15,23706,32456,-2387,814
963,EROS,2020-06-23,0 days 15:59:07.783581,34371,3.16,3.15,22441,33721,3713,-2387
964,EROS,2020-06-23,0 days 15:59:39.855951,38093,3.16,3.15,22652,32333,-4965,135
965,EROS,2020-06-23,0 days 15:59:40.859254,37958,3.16,3.15,20452,29733,135,-4965
966,ESRT,2020-06-23,0 days 15:55:40.267787,183955,6.86,6.85,11362,17146,894,-1106
967,ESRT,2020-06-23,0 days 15:58:45.714998,194232,6.85,6.84,21709,5411,-1522,2829
968,ESRT,2020-06-23,0 days 15:59:05.764964,197279,6.84,6.83,5105,32007,-505,2000
969,ESRT,2020-06-23,0 days 15:59:06.767658,206184,6.84,6.83,7512,31407,795,-505
970,ESRT,2020-06-23,0 days 15:59:38.841447,206979,6.84,6.83,13467,31633,-205,195
971,ESRT,2020-06-23,0 days 15:59:48.866013,206484,6.84,6.83,10948,29193,495,-205
972,ET,2020-06-23,0 days 15:59:15.879081,171979,7.84,7.83,65058,113332,67005,-3495
973,ET,2020-06-23,0 days 15:59:43.945791,230582,7.86,7.85,31671,62427,-40526,47474
974,ET,2020-06-23,0 days 15:59:44.948348,228208,7.86,7.85,27771,62527,2374,-40526
975,ETN,2020-06-23,0 days 15:55:00.073926,239998,87.27,87.24,300,650,2316,-35845
976,ETN,2020-06-23,0 days 15:55:01.070900,237014,87.27,87.26,100,500,-2984,2316
977,ETN,2020-06-23,0 days 15:56:31.287023,238899,87.27,87.26,574,100,-2686,14
978,ETN,2020-06-23,0 days 15:57:37.444717,241585,87.24,87.23,200,200,99,-16
979,ETN,2020-06-23,0 days 15:57:43.458876,237984,87.27,87.24,500,714,-3601,99
980,ETN,2020-06-23,0 days 15:57:51.478441,241585,87.26,87.25,600,400,399,-3601
981,ETN,2020-06-23,0 days 15:57:52.480466,239484,87.26,87.25,602,200,-2101,399
982,ETN,2020-06-23,0 days 15:57:54.485591,241585,87.25,87.24,900,700,1499,-2101
983,ETN,2020-06-23,0 days 15:57:55.489835,239484,87.26,87.25,406,500,-2101,1499
984,ETN,2020-06-23,0 days 15:58:42.602836,241446,87.29,87.27,400,200,1079,-1121
985,ETN,2020-06-23,0 days 15:58:43.605117,241235,87.29,87.26,600,400,-211,1079
986,ETN,2020-06-23,0 days 15:59:07.666585,242818,87.26,87.23,270,1308,6193,-1338
987,ETN,2020-06-23,0 days 15:59:08.669824,242011,87.25,87.23,300,906,-28423,6193
988,ETN,2020-06-23,0 days 15:59:36.725651,275358,87.17,87.16,446,1044,-1069,2731
989,ETN,2020-06-23,0 days 15:59:50.759441,273278,87.13,87.12,200,2296,-3149,231
990,ETRN,2020-06-23,0 days 15:55:25.269837,523010,8.49,8.48,22350,19376,2837,-4563
991,ETRN,2020-06-23,0 days 15:55:26.274549,516147,8.49,8.48,21350,18876,-6863,2837
992,ETRN,2020-06-23,0 days 15:59:40.886514,565144,8.5,8.49,12209,32976,10674,-326
993,ETRN,2020-06-23,0 days 15:59:41.887077,562118,8.5,8.49,12209,33815,-3026,10674
994,ETRN,2020-06-23,0 days 15:59:44.893642,565285,8.5,8.49,12346,34877,12480,-3167
995,ETRN,2020-06-23,0 days 15:59:45.897464,563065,8.51,8.5,21290,16634,-2220,12480
996,EVRG,2020-06-23,0 days 15:59:06.708807,262971,59.77,59.75,284,566,5292,-26004
997,EVRG,2020-06-23,0 days 15:59:07.711312,257963,59.77,59.75,478,600,-5008,5292
998,EVRG,2020-06-23,0 days 15:59:46.804030,255595,59.7,59.68,1145,200,-10663,3691
999,EVRI,2020-06-23,0 days 15:59:14.683524,40840,6.22,6.21,1867,5616,965,-255
1000,EW,2020-06-23,0 days 15:59:15.799622,395941,70.75,70.71,782,1600,131480,-22804
1001,EW,2020-06-23,0 days 15:59:45.870881,455313,70.74,70.71,575,800,-4757,13091
1002,EW,2020-06-23,0 days 15:59:48.878771,460070,70.74,70.71,1565,249,2667,-173
1003,F,2020-06-23,0 days 15:58:43.750883,1351168,6.17,6.16,975420,469791,-12551,6520
1004,FCAU,2020-06-23,0 days 15:57:17.501522,76042,10.22,10.21,12410,41465,2200,-400
1005,FCAU,2020-06-23,0 days 15:58:48.722715,78242,10.22,10.21,8500,47792,-1641,1808
1006,FCAU,2020-06-23,0 days 15:58:49.724915,76783,10.22,10.21,8500,46692,1459,-1641
1007,FCAU,2020-06-23,0 days 15:59:46.860778,79782,10.19,10.18,43685,12903,259,-1841
1008,FCAU,2020-06-23,0 days 15:59:47.863192,80441,10.19,10.18,42256,13101,-1484,259
1009,FCAU,2020-06-23,0 days 15:59:49.868175,80028,10.19,10.18,37648,27599,413,-1187
1010,FCX,2020-06-23,0 days 15:59:23.748338,1464945,11.09,11.08,102764,74469,3694,-30473
1011,FCX,2020-06-23,0 days 15:59:46.803897,1450614,11.1,11.09,153686,73038,-18189,2865
1012,FE,2020-06-23,0 days 15:55:00.170759,351508,38.86,38.85,1883,7680,2634,-44479
1013,FE,2020-06-23,0 days 15:55:27.236808,354150,38.85,38.84,2729,1740,-1558,2642
1014,FE,2020-06-23,0 days 15:55:28.239577,351808,38.85,38.84,2821,2514,2342,-1558
1015,FE,2020-06-23,0 days 15:55:36.258862,354150,38.85,38.84,1636,5399,-334,2142
1016,FE,2020-06-23,0 days 15:55:37.260958,352084,38.85,38.84,1436,5347,2066,-334
1017,FE,2020-06-23,0 days 15:58:13.636695,358157,38.86,38.85,4307,3952,-2513,1487
1018,FE,2020-06-23,0 days 15:58:14.639435,356870,38.86,38.85,5107,3220,1287,-2513
1019,FE,2020-06-23,0 days 15:58:46.716629,356327,38.84,38.83,800,5552,1830,-3470
1020,FE,2020-06-23,0 days 15:58:50.726862,361157,38.84,38.83,2278,6148,-2870,2330
1021,FE,2020-06-23,0 days 15:58:51.729155,355027,38.84,38.83,5898,5303,6130,-2870
1022,FE,2020-06-23,0 days 15:58:53.734279,358157,38.85,38.84,1400,3712,-4046,1830
1023,FE,2020-06-23,0 days 15:58:54.736602,356803,38.85,38.84,1356,3694,1354,-4046
1024,FE,2020-06-23,0 days 15:59:15.786870,358922,38.84,38.83,3401,1435,2732,-2468
1025,FE,2020-06-23,0 days 15:59:17.791336,361654,38.84,38.83,6597,2335,-2717,232
1026,FE,2020-06-23,0 days 15:59:44.856569,364371,38.81,38.8,4896,5067,1129,-1168
1027,FET,2020-06-23,0 days 15:57:49.578347,12146,0.6,0.59,1200,26108,-1199,219
1028,FET,2020-06-23,0 days 15:58:37.695316,0,0.6,0.59,2812,25708,12146,-1799
1029,FET,2020-06-23,0 days 15:59:14.786405,11546,0.6,0.59,2876,25708,-8155,12146
1030,FET,2020-06-23,0 days 15:59:31.823765,6356,0.6,0.59,1800,25708,5190,-8155
1031,FET,2020-06-23,0 days 15:59:32.826140,11546,0.6,0.59,1800,25708,-8155,5190
1032,FET,2020-06-23,0 days 15:59:59.892845,6356,0.6,0.59,1953,9208,5490,-8155
1033,FET,2020-06-23,0 days 16:00:00.892933,11546,0.6,0.59,385,9208,-8155,5490
1034,FHN,2020-06-23,0 days 15:55:04.120483,242367,10.29,10.28,33997,14107,4058,-6389
1035,FHN,2020-06-23,0 days 15:55:05.123153,237525,10.29,10.28,38796,11307,-4842,4058
1036,FHN,2020-06-23,0 days 15:58:45.655891,253108,10.28,10.27,8823,51217,2456,-3370
1037,FHN,2020-06-23,0 days 15:58:46.658084,251364,10.28,10.27,7231,51017,-1744,2456
1038,FHN,2020-06-23,0 days 15:58:51.670796,244464,10.29,10.28,31335,14774,-4425,3975
1039,FHN,2020-06-23,0 days 15:59:05.704746,250153,10.29,10.28,39415,17551,446,-4770
1040,FHN,2020-06-23,0 days 15:59:07.711027,250599,10.29,10.28,38122,12649,-2634,446
1041,FHN,2020-06-23,0 days 15:59:13.725284,250950,10.28,10.27,35072,40152,-2756,4744
1042,FHN,2020-06-23,0 days 15:59:40.789643,256506,10.29,10.28,25703,51846,2071,-3230
1043,FHN,2020-06-23,0 days 15:59:41.791981,254477,10.29,10.28,40187,29372,-2029,2071
1044,FIS,2020-06-23,0 days 15:55:29.243459,206884,137.77,137.76,100,320,98,-1602
1045,FIS,2020-06-23,0 days 15:55:30.246377,206882,137.83,137.8,400,500,-2,98
1046,FIS,2020-06-23,0 days 15:55:34.253786,206884,137.85,137.83,300,100,3975,-2
1047,FIS,2020-06-23,0 days 15:56:16.354640,213456,137.82,137.79,500,207,-275,1
1048,FIS,2020-06-23,0 days 15:56:17.356871,212931,137.82,137.79,400,504,525,-275
1049,FIS,2020-06-23,0 days 15:57:23.516447,213626,137.84,137.81,653,500,-5,495
1050,FIS,2020-06-23,0 days 15:57:32.538121,213631,137.83,137.82,485,400,2095,-5
1051,FIS,2020-06-23,0 days 15:57:33.540424,210752,137.82,137.81,201,300,-4379,2095
1052,FIS,2020-06-23,0 days 15:57:34.542801,209131,137.81,137.8,543,105,1621,-4379
1053,FIS,2020-06-23,0 days 15:57:51.583963,219345,137.82,137.8,300,300,-1286,1114
1054,FIS,2020-06-23,0 days 15:57:54.591519,218831,137.79,137.77,538,290,794,-306
1055,FIS,2020-06-23,0 days 15:57:59.603120,218025,137.83,137.82,173,305,-606,5694
1056,FIS,2020-06-23,0 days 15:58:00.607777,217131,137.82,137.8,320,100,17456,-606
1057,FIS,2020-06-23,0 days 15:58:20.655626,229331,137.9,137.87,100,414,1838,-862
1058,FIS,2020-06-23,0 days 15:58:52.732225,246769,137.96,137.92,200,300,-1142,1358
1059,FIS,2020-06-23,0 days 15:58:53.734992,244361,137.95,137.92,100,300,2408,-1142
1060,FIS,2020-06-23,0 days 15:59:07.771384,259755,137.95,137.93,623,779,-4106,11194
1061,FIS,2020-06-23,0 days 15:59:08.773253,256903,137.94,137.93,213,100,13976,-4106
1062,FIS,2020-06-23,0 days 15:59:09.775734,270879,137.95,137.93,100,400,-10973,13976
1063,FIS,2020-06-23,0 days 15:59:10.777584,267786,137.94,137.92,574,224,3093,-10973
1064,FIS,2020-06-23,0 days 15:59:28.816939,274764,137.94,137.91,407,602,-397,611
1065,FIT,2020-06-23,0 days 15:59:15.826907,1051103,6.41,6.4,22654,35086,-300123,329535
1066,FL,2020-06-23,0 days 15:55:25.232149,187490,30.18,30.17,200,500,4274,-5126
1067,FL,2020-06-23,0 days 15:55:26.234982,183264,30.18,30.17,600,442,-4226,4274
1068,FL,2020-06-23,0 days 15:56:16.354707,187890,30.18,30.17,913,559,959,-2241
1069,FL,2020-06-23,0 days 15:56:17.356952,184149,30.18,30.17,713,1063,-3741,959
1070,FL,2020-06-23,0 days 15:57:09.483247,188118,30.16,30.15,300,959,180,-1676
1071,FL,2020-06-23,0 days 15:57:18.504513,184970,30.16,30.15,1026,966,-3148,180
1072,FL,2020-06-23,0 days 15:59:06.767939,197463,30.18,30.16,584,662,-1025,186
1073,FL,2020-06-23,0 days 15:59:54.880982,209889,30.15,30.12,5300,5043,13713,-2142
1074,FND,2020-06-23,0 days 15:58:57.686423,63087,58.36,58.33,711,342,87,-334
1075,FND,2020-06-23,0 days 15:58:59.690259,63174,58.35,58.33,300,306,-618,87
1076,FND,2020-06-23,0 days 15:59:02.698690,63822,58.36,58.34,1176,552,1752,-618
1077,FND,2020-06-23,0 days 15:59:03.699631,61874,58.36,58.34,1579,600,-1748,1752
1078,FND,2020-06-23,0 days 15:59:05.704850,64171,58.37,58.34,616,400,10491,-48
1079,FND,2020-06-23,0 days 15:59:06.708710,51462,58.39,58.36,600,467,-13009,10491
1080,FND,2020-06-23,0 days 15:59:07.711182,65071,58.39,58.36,900,300,591,-13009
1081,FND,2020-06-23,0 days 15:59:08.714366,62694,58.38,58.36,700,206,-1777,591
1082,FNF,2020-06-23,0 days 15:59:05.704887,237811,31.73,31.72,1885,1412,2116,-4173
1083,FRO,2020-06-23,0 days 15:55:44.277574,33091,7.51,7.5,12201,11638,-989,1181
1084,FRO,2020-06-23,0 days 15:55:45.279407,31980,7.51,7.5,12901,11884,1111,-989
1085,FRO,2020-06-23,0 days 15:58:06.620160,32108,7.53,7.52,41311,10377,983,-117
1086,FRO,2020-06-23,0 days 15:59:01.755172,33165,7.52,7.51,5328,15532,-3325,5075
1087,FRO,2020-06-23,0 days 15:59:02.757294,32690,7.52,7.51,5328,14232,475,-3325
1088,FSLY,2020-06-23,0 days 15:57:44.581725,102613,75.88,75.84,304,495,-2223,177
1089,FSLY,2020-06-23,0 days 15:57:45.582621,98236,75.89,75.85,200,175,4377,-2223
1090,FSLY,2020-06-23,0 days 15:59:06.780887,103352,75.85,75.82,350,395,-3178,2676
1091,FSLY,2020-06-23,0 days 15:59:07.783677,99292,75.84,75.8,520,800,4060,-3178
1092,FSLY,2020-06-23,0 days 15:59:15.799345,103352,75.83,75.81,102,100,-32623,2098
1093,FSLY,2020-06-23,0 days 15:59:17.802550,130475,75.81,75.76,127,175,1785,-9117
1094,FSLY,2020-06-23,0 days 15:59:43.865663,134297,75.76,75.74,200,100,-52,1148
1095,FSLY,2020-06-23,0 days 15:59:44.868096,134349,75.76,75.75,180,1679,8,-52
1096,FSM,2020-06-23,0 days 15:55:00.111997,17017,4.96,4.95,90823,7900,192,-2279
1097,FTCH,2020-06-23,0 days 15:55:42.363641,63026,15.98,15.97,1041,2849,-35,365
1098,FTCH,2020-06-23,0 days 15:58:11.723923,70671,15.95,15.94,800,1101,-36,464
1099,FTCH,2020-06-23,0 days 15:58:12.726307,70107,15.95,15.94,900,1101,564,-36
1100,FTCH,2020-06-23,0 days 15:58:13.729175,70671,15.95,15.94,1300,1801,-136,564
1101,FTCH,2020-06-23,0 days 15:58:14.730982,70107,15.95,15.94,1600,1201,564,-136
1102,FTCH,2020-06-23,0 days 15:58:17.738986,70671,15.95,15.94,1300,1564,-636,564
1103,FTCH,2020-06-23,0 days 15:58:18.741330,69207,15.95,15.94,1400,1564,1464,-636
1104,FTCH,2020-06-23,0 days 15:58:50.818553,66508,15.95,15.94,2744,1347,-2392,340
1105,FTCH,2020-06-23,0 days 15:59:45.950753,74271,15.91,15.9,1331,1500,1356,-178
1106,FTI,2020-06-23,0 days 15:59:04.657091,249690,7.75,7.74,13801,28504,-20582,7244
1107,FTI,2020-06-23,0 days 15:59:08.669788,270772,7.75,7.74,18901,27180,23032,-21082
1108,FTI,2020-06-23,0 days 15:59:27.702106,295781,7.76,7.75,8949,36493,-17196,22904
1109,FTI,2020-06-23,0 days 15:59:28.704748,293677,7.76,7.75,8949,34781,2104,-17196
1110,FTI,2020-06-23,0 days 15:59:33.717087,298481,7.76,7.75,28168,21621,-14296,22704
1111,FTI,2020-06-23,0 days 15:59:35.723382,273077,7.76,7.75,31539,4302,22704,-396
1112,FTI,2020-06-23,0 days 15:59:46.750686,300510,7.74,7.73,16214,30046,3307,-5229
1113,FTV,2020-06-23,0 days 15:59:15.684568,433063,68.52,68.51,600,408,-161871,19770
1114,GDDY,2020-06-23,0 days 15:58:59.688297,212047,82.73,82.72,400,202,7623,-10044
1115,GDDY,2020-06-23,0 days 15:59:00.691560,208570,82.74,82.73,313,600,-3477,7623
1116,GDDY,2020-06-23,0 days 15:59:11.716556,215532,82.73,82.69,1148,300,-1623,5477
1117,GDDY,2020-06-23,0 days 15:59:15.725541,217155,82.7,82.68,991,646,7113,-1581
1118,GDDY,2020-06-23,0 days 15:59:16.727691,216168,82.7,82.68,1102,819,-987,7113
1119,GDDY,2020-06-23,0 days 15:59:17.729472,217155,82.7,82.68,1216,819,5858,-987
1120,GDDY,2020-06-23,0 days 15:59:18.732268,212086,82.7,82.68,1316,1065,-5061,5858
1121,GDDY,2020-06-23,0 days 15:59:19.734431,217147,82.68,82.67,400,3874,135,-5061
1122,GDDY,2020-06-23,0 days 15:59:20.737042,216682,82.69,82.68,331,674,-465,135
1123,GDDY,2020-06-23,0 days 15:59:23.744844,217155,82.69,82.68,673,436,1354,-165
1124,GDDY,2020-06-23,0 days 15:59:24.746063,215482,82.69,82.67,773,3674,-1665,1354
1125,GDDY,2020-06-23,0 days 15:59:28.755542,217147,82.69,82.67,333,3474,503,-78
1126,GDDY,2020-06-23,0 days 15:59:29.758628,216950,82.69,82.67,550,3374,-197,503
1127,GDDY,2020-06-23,0 days 15:59:39.783070,216950,82.7,82.67,443,3684,-197,303
1128,GDDY,2020-06-23,0 days 15:59:40.786479,217147,82.69,82.67,200,1770,338,-197
1129,GDDY,2020-06-23,0 days 15:59:41.787768,216985,82.69,82.67,321,1470,-162,338
1130,GE,2020-06-23,0 days 15:59:15.701605,8377258,7.02,7.01,510726,212764,-175367,186693
1131,GFI,2020-06-23,0 days 15:57:03.408221,157208,9.08,9.07,32559,62180,-961,1394
1132,GFI,2020-06-23,0 days 15:59:07.711312,162098,9.07,9.06,67147,50309,-3627,3018
1133,GFI,2020-06-23,0 days 15:59:08.714515,157925,9.07,9.06,68447,49209,4173,-3627
1134,GFI,2020-06-23,0 days 15:59:15.730108,162098,9.07,9.06,68709,46844,-24744,4173
1135,GFI,2020-06-23,0 days 15:59:16.732041,159942,9.07,9.06,72809,44209,2156,-24744
1136,GFI,2020-06-23,0 days 15:59:44.799183,162098,9.07,9.06,41508,53492,-5338,869
1137,GFI,2020-06-23,0 days 15:59:45.802232,161136,9.07,9.06,25345,55592,962,-5338
1138,GFI,2020-06-23,0 days 15:59:46.804030,162098,9.07,9.06,23261,55292,-7213,962
1139,GFI,2020-06-23,0 days 15:59:47.806815,161511,9.07,9.06,34981,52992,587,-7213
1140,GIS,2020-06-23,0 days 15:56:32.333288,324300,61.03,61.02,1560,950,784,-416
1141,GIS,2020-06-23,0 days 15:56:33.335420,320584,61.04,61.03,2291,800,-3716,784
1142,GIS,2020-06-23,0 days 15:58:17.586119,325519,61.03,61.02,4593,2206,255,-2313
1143,GIS,2020-06-23,0 days 15:58:18.588079,322274,61.03,61.02,4593,2711,-3245,255
1144,GIS,2020-06-23,0 days 15:59:06.705630,332042,61.04,61.03,1300,2074,1945,-2577
1145,GIS,2020-06-23,0 days 15:59:08.710152,326991,61.04,61.03,1073,2218,-19004,627
1146,GIS,2020-06-23,0 days 15:59:09.712353,345995,61.04,61.03,2564,882,8896,-19004
1147,GIS,2020-06-23,0 days 15:59:10.714816,343791,61.04,61.03,2564,782,-3467,8896
1148,GIS,2020-06-23,0 days 15:59:19.734474,347831,61.03,61.02,500,1072,230,-170
1149,GIS,2020-06-23,0 days 15:59:20.737182,346351,61.03,61.02,1834,672,-1480,230
1150,GIS,2020-06-23,0 days 15:59:38.781185,334779,61.03,61.01,1850,2162,-13052,548
1151,GLW,2020-06-23,0 days 15:55:00.170825,2690509,26.89,26.88,4971,5519,59081,-1125251
1152,GLW,2020-06-23,0 days 15:57:10.484695,2757759,26.9,26.89,2004,16157,-48792,4120
1153,GLW,2020-06-23,0 days 15:57:11.487215,2741051,26.9,26.89,10473,7455,16708,-48792
1154,GLW,2020-06-23,0 days 15:57:42.561357,2746789,26.9,26.89,4671,22354,18740,-2760
1155,GLW,2020-06-23,0 days 15:57:45.568355,2745729,26.91,26.9,4358,17267,-40260,48240
1156,GLW,2020-06-23,0 days 15:57:46.571360,2732689,26.91,26.9,4784,16791,13040,-40260
1157,GLW,2020-06-23,0 days 15:57:52.585347,2741929,26.93,26.92,4000,10203,-18260,42340
1158,GLW,2020-06-23,0 days 15:57:53.587883,2732189,26.93,26.92,9722,7353,9740,-18260
1159,GLW,2020-06-23,0 days 15:58:54.736650,2746931,26.91,26.9,3345,11078,591,-3309
1160,GLW,2020-06-23,0 days 15:59:05.764563,2782210,26.89,26.88,10631,6727,-94686,12083
1161,GLW,2020-06-23,0 days 15:59:06.767004,2776919,26.88,26.87,11572,6627,5570,-94686
1162,GLW,2020-06-23,0 days 15:59:27.815272,2803652,26.89,26.88,12895,3887,-7580,1302
1163,GLW,2020-06-23,0 days 15:59:28.817242,2796932,26.89,26.88,14435,3387,6720,-7580
1164,GLW,2020-06-23,0 days 15:59:46.861049,2797912,26.89,26.88,8876,8656,5696,-11604
1165,GLW,2020-06-23,0 days 15:59:47.863773,2805456,26.89,26.88,1840,13999,-940,5696
1166,GM,2020-06-23,0 days 15:59:49.811186,820410,26.26,26.25,14148,6385,1213,-34528
1167,GM,2020-06-23,0 days 15:59:50.814924,712748,26.26,26.25,15343,12966,-107662,1213
1168,GME,2020-06-23,0 days 15:57:03.364147,740044,4.86,4.85,25954,17072,3499,-4653
1169,GME,2020-06-23,0 days 15:57:04.366941,727331,4.86,4.85,25554,19972,-12694,3499
1170,GME,2020-06-23,0 days 15:59:08.669756,741810,4.85,4.84,24312,18306,37687,-9446
1171,GME,2020-06-23,0 days 15:59:09.671321,731697,4.85,4.84,25012,17816,-10455,37687
1172,GNW,2020-06-23,0 days 15:59:08.670011,336465,2.61,2.6,53027,59992,6729,-15625
1173,GNW,2020-06-23,0 days 15:59:09.671484,323894,2.61,2.6,55891,62492,-12571,6729
1174,GNW,2020-06-23,0 days 15:59:32.714320,338168,2.61,2.6,62009,69875,4283,-417
1175,GNW,2020-06-23,0 days 15:59:33.717188,309751,2.61,2.6,62086,71375,-28417,4283
1176,GOLD,2020-06-23,0 days 15:58:05.513238,385250,25.73,25.72,44947,22743,-12142,135658
1177,GOLD,2020-06-23,0 days 15:59:21.690064,395524,25.73,25.72,10242,38683,-5430,24370
1178,GOLD,2020-06-23,0 days 15:59:29.707177,400954,25.73,25.72,38087,12072,144270,-16338
1179,GOLD,2020-06-23,0 days 15:59:30.710145,395824,25.73,25.72,33687,19533,-5130,144270
1180,GOLD,2020-06-23,0 days 15:59:46.750861,395024,25.7,25.69,19977,30778,-3457,3970
1181,GPK,2020-06-23,0 days 15:59:04.699188,435592,13.75,13.74,25575,23593,3915,-3802
1182,GPK,2020-06-23,0 days 15:59:05.702098,436660,13.75,13.74,25175,25553,-9632,3915
1183,GPS,2020-06-23,0 days 15:55:05.222458,391856,11.52,11.51,20056,14000,189,-111
1184,GPS,2020-06-23,0 days 15:55:26.275823,387056,11.52,11.51,35445,5017,4689,-4711
1185,GPS,2020-06-23,0 days 15:55:52.335807,395087,11.51,11.5,46024,11504,-20731,5555
1186,GPS,2020-06-23,0 days 15:55:53.338154,392418,11.51,11.5,44224,10704,2669,-20731
1187,GPS,2020-06-23,0 days 15:57:04.510420,395112,11.52,11.51,17885,25606,-3106,2494
1188,GPS,2020-06-23,0 days 15:57:05.512519,393118,11.52,11.51,20199,23410,1994,-3106
1189,GPS,2020-06-23,0 days 15:57:37.588854,440504,11.53,11.52,27254,17665,-7437,5534
1190,GPS,2020-06-23,0 days 15:57:38.591187,435741,11.53,11.52,28754,17665,4763,-7437
1191,GPS,2020-06-23,0 days 15:57:40.595506,340804,11.53,11.52,27029,17486,-46637,4763
1192,GPS,2020-06-23,0 days 15:57:52.624420,445241,11.52,11.51,41734,5583,5163,-47137
1193,GPS,2020-06-23,0 days 15:58:00.647122,450404,11.51,11.5,33959,6580,-937,863
1194,GPS,2020-06-23,0 days 15:58:01.649838,445741,11.5,11.49,29076,14300,4663,-937
1195,GPS,2020-06-23,0 days 15:58:34.727074,450517,11.51,11.5,29797,11111,-2279,5421
1196,GPS,2020-06-23,0 days 15:58:35.729161,445996,11.51,11.5,38507,4415,4521,-2279
1197,GPS,2020-06-23,0 days 15:59:02.795982,452940,11.51,11.5,23535,25176,-282,2270
1198,GRUB,2020-06-23,0 days 15:57:25.534001,52328,70.08,70.06,740,600,2746,-270
1199,GRUB,2020-06-23,0 days 15:58:17.660445,72086,70.22,70.21,4686,1100,288,-2508
1200,GRUB,2020-06-23,0 days 15:58:18.663090,69874,70.22,70.21,4686,1100,-712,288
1201,GRUB,2020-06-23,0 days 15:58:58.761054,66198,70.13,70.09,1084,600,-262,238
1202,GSK,2020-06-23,0 days 15:55:00.074900,29317,41.63,41.62,306,7915,-1397,2974
1203,GSK,2020-06-23,0 days 15:59:07.666846,33143,41.61,41.6,9450,2171,7067,-866
1204,GSK,2020-06-23,0 days 15:59:08.670204,32410,41.61,41.6,6216,6862,-809,7067
1205,GSK,2020-06-23,0 days 15:59:11.675993,33719,41.61,41.6,8973,1671,767,-1309
1206,GSK,2020-06-23,0 days 15:59:12.678221,33086,41.61,41.6,8473,1671,-633,767
1207,GSK,2020-06-23,0 days 15:59:18.682622,33719,41.61,41.6,8191,3869,334,-233
1208,GSK,2020-06-23,0 days 15:59:19.685266,33153,41.61,41.6,7591,4269,-566,334
1209,GSX,2020-06-23,0 days 15:55:36.258889,65881,58.52,58.49,691,300,2097,-17703
1210,GSX,2020-06-23,0 days 15:56:03.322527,67988,58.54,58.5,700,300,-24549,3572
1211,GSX,2020-06-23,0 days 15:56:04.325052,66837,58.54,58.5,705,200,1151,-24549
1212,GSX,2020-06-23,0 days 15:56:21.366333,67337,58.53,58.51,800,700,1231,-24069
1213,GSX,2020-06-23,0 days 15:57:04.470107,68568,58.51,58.49,153,600,-24469,3652
1214,GSX,2020-06-23,0 days 15:57:05.473079,67437,58.51,58.49,153,600,1131,-24469
1215,GSX,2020-06-23,0 days 15:57:29.530159,67490,58.51,58.49,1192,902,1078,-24622
1216,GSX,2020-06-23,0 days 15:58:19.651921,71368,58.53,58.51,200,200,-26568,2453
1217,GSX,2020-06-23,0 days 15:58:20.655480,70136,58.53,58.5,248,600,432,-26568
1218,GSX,2020-06-23,0 days 15:58:52.732104,72868,58.52,58.49,700,900,-26254,1867
1219,GSX,2020-06-23,0 days 15:58:53.734859,71622,58.52,58.5,906,400,346,-26254
1220,GSX,2020-06-23,0 days 15:59:03.759497,75989,58.51,58.49,300,565,-8611,2667
1221,GSX,2020-06-23,0 days 15:59:04.761942,73900,58.5,58.48,674,202,2089,-8611
1222,GSX,2020-06-23,0 days 15:59:05.764913,75989,58.5,58.48,574,202,-812,2089
1223,GSX,2020-06-23,0 days 15:59:22.802872,72058,58.58,58.5,1033,100,-27078,1943
1224,GSX,2020-06-23,0 days 15:59:23.805380,55536,58.51,58.47,414,696,20543,-27078
1225,GSX,2020-06-23,0 days 15:59:29.819632,72958,58.53,58.5,100,300,-26178,1943
1226,GSX,2020-06-23,0 days 15:59:36.836720,54836,58.51,58.49,100,134,21243,-7778
1227,GSX,2020-06-23,0 days 15:59:39.844184,72958,58.54,58.5,400,6602,-26778,1343
1228,HAL,2020-06-23,0 days 15:59:15.725429,1450140,12.99,12.98,5417,61180,90756,-43931
1229,HAL,2020-06-23,0 days 15:59:16.727553,1398898,13.02,13.01,11591,36014,-80542,90756
