,Symbol,Timestamp,TIME,iPaired,Ask_P,Bid_P,Ask_S,Bid_S,iShares,PreviShares
0,A,2020-02-27,0 days 15:55:51.684558,288640,77.93,77.9,400,610,8927,-4546
1,A,2020-02-27,0 days 15:55:52.686315,287067,77.93,77.9,400,510,-1573,8927
2,A,2020-02-27,0 days 15:57:39.944993,290088,77.68,77.67,200,200,1018,-1982
3,A,2020-02-27,0 days 15:57:40.946961,289706,77.68,77.67,1000,300,-382,1018
4,A,2020-02-27,0 days 15:57:43.954526,290088,77.68,77.66,188,700,518,-382
5,A,2020-02-27,0 days 15:57:44.956726,288406,77.67,77.65,177,1300,-2263,518
6,A,2020-02-27,0 days 15:57:50.971779,290789,77.64,77.63,200,100,717,-2283
7,A,2020-02-27,0 days 15:58:43.099611,295287,77.61,77.59,1654,200,-4568,232
8,A,2020-02-27,0 days 15:59:27.206528,343777,77.57,77.56,245,276,-2957,9743
9,A,2020-02-27,0 days 15:59:36.227117,349367,77.53,77.5,1464,3686,-4411,7
10,A,2020-02-27,0 days 15:59:38.232556,353778,77.52,77.5,677,3482,1889,-3211
11,A,2020-02-27,0 days 15:59:39.235123,353667,77.52,77.5,917,4372,-211,1889
12,A,2020-02-27,0 days 15:59:43.245060,357178,77.51,77.5,928,3805,1193,-1211
13,A,2020-02-27,0 days 15:59:44.246825,356571,77.51,77.5,1728,2515,-607,1193
14,A,2020-02-27,0 days 15:59:46.251992,357178,77.5,77.48,399,100,896,-407
15,AA,2020-02-27,0 days 15:55:41.333954,369643,13.57,13.56,2751,4600,-270,430
16,AA,2020-02-27,0 days 15:56:02.382397,369497,13.58,13.57,5648,5924,146,-270
17,AA,2020-02-27,0 days 15:57:56.658916,382057,13.55,13.54,11360,5677,-267,1633
18,AA,2020-02-27,0 days 15:57:58.664612,380324,13.55,13.54,10760,5917,1333,-667
19,AA,2020-02-27,0 days 15:59:03.822011,385465,13.53,13.52,2200,8011,792,-8
20,AA,2020-02-27,0 days 15:59:41.915839,525608,13.45,13.44,9334,26725,245,-1255
21,AA,2020-02-27,0 days 15:59:42.919060,495114,13.46,13.45,3000,6910,-42767,245
22,ABB,2020-02-27,0 days 15:55:00.114574,25935,22.02,22.01,17509,8440,1433,-1387
23,ABB,2020-02-27,0 days 15:59:04.708665,31633,21.96,21.95,17450,15911,-1658,1572
24,ABB,2020-02-27,0 days 15:59:05.711953,28091,21.96,21.95,19158,15266,3542,-1658
25,ABB,2020-02-27,0 days 15:59:06.714753,31633,21.97,21.96,3599,28731,-2560,3542
26,ABB,2020-02-27,0 days 15:59:07.715351,27793,21.97,21.96,3125,28331,3840,-2560
27,ABB,2020-02-27,0 days 15:59:08.718912,31633,21.97,21.96,8197,27231,-1160,3840
28,ABB,2020-02-27,0 days 15:59:14.733683,30993,21.97,21.96,6833,27166,404,-11123
29,ABB,2020-02-27,0 days 15:59:48.815383,33169,21.96,21.95,22412,15466,-124,576
30,ABB,2020-02-27,0 days 15:59:50.821530,31693,21.95,21.94,28065,12400,1476,-124
31,ABBV,2020-02-27,0 days 15:57:34.496147,998076,85.67,85.65,800,512,-8721,2800
32,ABBV,2020-02-27,0 days 15:57:36.500994,1006797,85.67,85.65,100,354,2279,-8721
33,ABBV,2020-02-27,0 days 15:57:37.503083,1002276,85.68,85.66,600,301,-4521,2279
34,ABBV,2020-02-27,0 days 15:57:38.505788,1006797,85.68,85.66,500,23,1100,-4521
35,ABBV,2020-02-27,0 days 15:57:39.508275,1005797,85.71,85.67,300,507,-1000,1100
36,ABBV,2020-02-27,0 days 15:57:41.513265,1006797,85.68,85.66,100,766,5200,-6700
37,ABBV,2020-02-27,0 days 15:57:42.515614,1002176,85.68,85.66,300,255,-4621,5200
38,ABBV,2020-02-27,0 days 15:58:02.565895,1008685,85.66,85.64,400,200,1299,-7991
39,ABBV,2020-02-27,0 days 15:58:09.581776,1009585,85.61,85.6,100,140,17500,-3235
40,ABBV,2020-02-27,0 days 15:58:10.584373,999885,85.61,85.6,364,3100,-9700,17500
41,ABBV,2020-02-27,0 days 15:58:29.630283,1009000,85.53,85.51,1500,1000,-899,13565
42,ABBV,2020-02-27,0 days 15:58:49.679140,1018199,85.52,85.51,409,400,8065,-10135
43,ABBV,2020-02-27,0 days 15:58:50.681025,997264,85.59,85.57,300,100,-20935,8065
44,ABBV,2020-02-27,0 days 15:59:04.716379,1022480,85.65,85.63,569,400,3266,-19130
45,ABBV,2020-02-27,0 days 15:59:31.781973,1089329,85.6,85.58,444,740,-10244,28428
46,ABBV,2020-02-27,0 days 15:59:44.813807,1101621,85.64,85.57,519,623,17011,-5203
47,ABBV,2020-02-27,0 days 15:59:45.817652,1095408,85.6,85.57,349,486,-6313,17011
48,ABBV,2020-02-27,0 days 15:59:47.820377,1101721,85.55,85.5,600,2037,61040,-4022
49,ABC,2020-02-27,0 days 15:57:52.087733,239567,86.84,86.79,400,190,587,-1013
50,ABC,2020-02-27,0 days 15:57:53.089872,235554,86.84,86.79,695,199,-4013,587
51,ABC,2020-02-27,0 days 15:58:10.131806,239073,86.79,86.73,455,200,306,-2694
52,ABC,2020-02-27,0 days 15:58:11.136247,233179,86.79,86.74,200,174,-6694,306
53,ABC,2020-02-27,0 days 15:59:19.296801,259614,87.02,87.01,400,497,528,-366
54,ABC,2020-02-27,0 days 15:59:31.326588,261317,87.0,86.96,100,600,-226,339
55,ABC,2020-02-27,0 days 15:59:34.334011,261335,86.98,86.93,200,100,882,-226
56,ABC,2020-02-27,0 days 15:59:36.338870,261228,86.98,86.93,500,300,-3278,193
57,ABC,2020-02-27,0 days 15:59:42.354213,264506,86.92,86.88,300,1305,79,-661
58,ABC,2020-02-27,0 days 15:59:57.390366,262531,86.59,86.56,3104,1103,295,-1505
59,ABEV,2020-02-27,0 days 15:57:37.413962,4120044,3.26,3.25,204800,228926,-13292,15608
60,ABT,2020-02-27,0 days 15:57:21.375054,843086,79.59,79.58,600,500,1466,-16219
61,ABT,2020-02-27,0 days 15:57:22.377466,835952,79.59,79.58,2650,100,-7134,1466
62,ABT,2020-02-27,0 days 15:57:50.445375,843166,79.47,79.46,1074,512,780,-7720
63,ABT,2020-02-27,0 days 15:57:51.447681,836846,79.46,79.45,600,900,-6320,780
64,ABT,2020-02-27,0 days 15:58:05.482904,843202,79.45,79.44,108,600,2307,-6581
65,ABT,2020-02-27,0 days 15:58:06.485769,838016,79.45,79.44,608,900,-5186,2307
66,ABT,2020-02-27,0 days 15:58:29.541409,835751,79.36,79.34,400,1700,-4511,1932
67,ABT,2020-02-27,0 days 15:58:43.574508,838651,79.38,79.36,890,700,-4011,6089
68,ABT,2020-02-27,0 days 15:58:50.591836,837251,79.37,79.36,200,580,-5411,6389
69,ABT,2020-02-27,0 days 15:59:01.618711,845962,79.4,79.39,1408,190,15019,-6311
70,ABT,2020-02-27,0 days 15:59:02.621153,839481,79.46,79.45,400,300,-6481,15019
71,ABT,2020-02-27,0 days 15:59:05.628995,847070,79.48,79.46,400,1600,22200,-7353
72,ABT,2020-02-27,0 days 15:59:06.631648,844770,79.5,79.48,1000,800,-4442,22200
73,ABT,2020-02-27,0 days 15:59:40.713393,950342,79.35,79.34,500,1804,-43096,43699
74,ABT,2020-02-27,0 days 15:59:45.725019,994825,79.32,79.31,2100,385,37298,-2009
75,ABT,2020-02-27,0 days 15:59:50.736662,983268,79.27,79.25,698,600,-10157,2943
76,ABT,2020-02-27,0 days 15:59:51.737272,993425,79.25,79.24,398,3315,31,-10157
77,ACM,2020-02-27,0 days 15:55:00.123232,109511,46.35,46.33,510,928,-1152,12662
78,ACM,2020-02-27,0 days 15:55:37.213450,110864,46.36,46.34,437,1055,517,-1353
79,ACM,2020-02-27,0 days 15:55:38.216627,109881,46.36,46.34,600,1155,-983,517
80,ACM,2020-02-27,0 days 15:56:45.376826,111164,46.32,46.31,933,502,4617,-283
81,ACM,2020-02-27,0 days 15:56:46.379045,110481,46.32,46.31,766,740,-683,4617
82,ACM,2020-02-27,0 days 15:57:03.421364,111487,46.31,46.3,267,304,864,-336
83,ACM,2020-02-27,0 days 15:57:04.423506,111390,46.31,46.3,220,550,-117,864
84,ACM,2020-02-27,0 days 15:57:37.503083,111307,46.22,46.2,1507,401,383,-317
85,ACM,2020-02-27,0 days 15:57:39.508275,111290,46.22,46.21,1208,134,-17,483
86,ACM,2020-02-27,0 days 15:57:41.513245,111307,46.26,46.24,400,123,83,-17
87,ACM,2020-02-27,0 days 15:58:05.572141,112090,46.23,46.22,330,1172,-1112,271
88,ACM,2020-02-27,0 days 15:58:06.575665,111802,46.23,46.22,600,1072,288,-1112
89,ACM,2020-02-27,0 days 15:58:14.594085,112090,46.24,46.23,700,200,-12,188
90,ACM,2020-02-27,0 days 15:58:15.597167,111802,46.24,46.23,200,500,88,-12
91,ACM,2020-02-27,0 days 15:58:36.647914,115890,46.22,46.2,727,400,-1412,88
92,ACM,2020-02-27,0 days 15:59:04.716339,117512,46.23,46.21,1405,492,1490,-406
93,ACM,2020-02-27,0 days 15:59:06.722817,117156,46.23,46.21,721,704,-140,1344
94,ACM,2020-02-27,0 days 15:59:19.752236,118356,46.21,46.2,304,400,-1997,3
95,ACM,2020-02-27,0 days 15:59:28.773946,121950,46.2,46.19,823,738,7306,-294
96,ACN,2020-02-27,0 days 15:59:37.789316,410357,186.79,186.72,190,1703,-11309,7591
97,ACN,2020-02-27,0 days 15:59:48.815169,421666,186.78,186.72,622,1691,2210,-2490
98,ACN,2020-02-27,0 days 15:59:49.817899,419776,186.73,186.69,466,10,-1890,2210
99,ACN,2020-02-27,0 days 15:59:58.840030,421598,186.52,186.39,965,1000,3050,-884
100,ADM,2020-02-27,0 days 15:55:01.117120,379039,37.84,37.83,1260,1100,561,-10402
101,ADM,2020-02-27,0 days 15:55:02.118854,378800,37.84,37.83,2960,917,-239,561
102,ADM,2020-02-27,0 days 15:55:13.146347,378955,37.84,37.83,1600,864,-204,596
103,ADM,2020-02-27,0 days 15:55:53.243550,379499,37.83,37.82,1005,819,160,-640
104,ADM,2020-02-27,0 days 15:55:54.245409,379259,37.83,37.82,305,2582,-240,160
105,ADM,2020-02-27,0 days 15:56:05.271704,378709,37.84,37.83,3640,699,-790,110
106,ADM,2020-02-27,0 days 15:57:18.449173,403462,37.77,37.76,1706,1016,262,-8138
107,ADM,2020-02-27,0 days 15:57:31.480031,405764,37.76,37.75,5724,859,-301,514
108,ADM,2020-02-27,0 days 15:57:32.482791,405365,37.76,37.75,7509,759,399,-301
109,ADM,2020-02-27,0 days 15:58:30.624544,429609,37.67,37.66,208,1800,-1583,2711
110,ADM,2020-02-27,0 days 15:58:31.627236,427098,37.68,37.67,1019,1266,2511,-1583
111,ADM,2020-02-27,0 days 15:58:35.636226,429609,37.67,37.66,500,1466,-1983,7417
112,ADM,2020-02-27,0 days 15:58:36.639161,427098,37.67,37.66,800,1966,11811,-1983
113,ADM,2020-02-27,0 days 15:59:04.708739,438416,37.67,37.66,93,5267,-3252,1197
114,ADM,2020-02-27,0 days 15:59:06.715199,438247,37.69,37.68,1016,251,924,-9025
115,ADM,2020-02-27,0 days 15:59:08.719015,440571,37.68,37.67,900,1900,-24296,924
116,ADM,2020-02-27,0 days 15:59:45.809629,478061,37.63,37.62,1771,1447,7733,-5851
117,ADNT,2020-02-27,0 days 15:56:12.406433,152882,24.12,24.1,68,505,1324,-2171
118,ADNT,2020-02-27,0 days 15:56:13.408793,151106,24.13,24.12,330,200,-1776,1324
119,ADNT,2020-02-27,0 days 15:57:21.575252,154642,24.09,24.07,714,66,1307,-1793
120,ADNT,2020-02-27,0 days 15:57:22.577747,152749,24.09,24.07,2970,13,-1893,1307
121,ADNT,2020-02-27,0 days 15:59:08.834152,156906,24.08,24.06,1951,100,69026,-266
122,ADSW,2020-02-27,0 days 15:59:16.289816,439085,33.0,32.99,2992,25787,19564,-35494
123,ADSW,2020-02-27,0 days 15:59:17.292873,425849,33.01,33.0,5282,28006,-13236,19564
124,ADSW,2020-02-27,0 days 15:59:31.326741,441130,33.01,33.0,12379,19491,28619,-10436
125,ADSW,2020-02-27,0 days 15:59:32.329422,433449,33.02,33.01,6724,12336,-5636,28619
126,ADSW,2020-02-27,0 days 15:59:39.346460,439485,33.01,33.0,44969,9800,6250,-109
127,ADSW,2020-02-27,0 days 15:59:42.354260,436023,33.01,33.0,56010,3500,-2856,16339
128,ADSW,2020-02-27,0 days 15:59:47.365745,438879,33.0,32.99,39000,5611,6827,-3053
129,ADSW,2020-02-27,0 days 15:59:48.368958,435206,33.0,32.99,23645,7474,-3673,6827
130,AEE,2020-02-27,0 days 15:59:42.717468,379421,81.72,81.69,329,185,9849,-7567
131,AEE,2020-02-27,0 days 15:59:43.719815,369974,81.75,81.71,672,320,-9706,9849
132,AEE,2020-02-27,0 days 15:59:44.722392,379421,81.72,81.7,900,10,13153,-9706
133,AEE,2020-02-27,0 days 15:59:45.725163,374987,81.75,81.7,564,750,-4693,13153
134,AEE,2020-02-27,0 days 15:59:58.754316,379421,81.62,81.57,3722,830,3734,-10511
135,AEG,2020-02-27,0 days 15:55:00.071809,27983,3.52,3.51,173920,136627,-50424,13351
136,AEG,2020-02-27,0 days 15:59:36.742324,79232,3.51,3.5,440510,180183,19158,-22542
137,AEG,2020-02-27,0 days 15:59:37.746778,78090,3.51,3.5,439010,180543,-1142,19158
138,AEM,2020-02-27,0 days 15:56:51.391468,51735,49.28,49.27,206,1,1959,-1141
139,AEM,2020-02-27,0 days 15:59:14.741816,54274,49.31,49.28,600,600,-2962,20
140,AEM,2020-02-27,0 days 15:59:15.744176,49936,49.31,49.28,600,600,4338,-2962
141,AEM,2020-02-27,0 days 15:59:39.801513,54808,49.37,49.36,100,102,5453,-4647
142,AEM,2020-02-27,0 days 15:59:44.813807,55608,49.44,49.4,964,411,253,-4147
143,AEM,2020-02-27,0 days 15:59:51.830630,55861,49.44,49.39,1500,300,-2147,2253
144,AEM,2020-02-27,0 days 15:59:57.845701,58008,49.4,49.39,500,510,2253,-2847
145,AEO,2020-02-27,0 days 15:59:11.139558,293320,12.85,12.84,28982,4143,31678,-52931
146,AEO,2020-02-27,0 days 15:59:12.142127,288198,12.86,12.85,8167,10700,-5122,31678
147,AEO,2020-02-27,0 days 15:59:19.158935,298279,12.87,12.86,14295,11136,10690,-3206
148,AEO,2020-02-27,0 days 15:59:20.160944,292569,12.87,12.86,12795,10836,-5710,10690
149,AEO,2020-02-27,0 days 15:59:31.190517,321899,12.86,12.85,19646,7700,4412,-38110
150,AEO,2020-02-27,0 days 15:59:32.190890,318211,12.86,12.85,13103,11500,-3688,4412
151,AEP,2020-02-27,0 days 15:59:01.618909,599235,92.02,92.01,2054,247,16657,-27977
152,AEP,2020-02-27,0 days 15:59:02.621376,594886,92.05,92.03,1022,400,-4349,16657
153,AEP,2020-02-27,0 days 15:59:05.629334,596659,92.06,92.05,200,500,27829,-6049
154,AEP,2020-02-27,0 days 15:59:06.631954,592888,92.07,92.05,773,1545,-4103,27829
155,AEP,2020-02-27,0 days 15:59:18.661370,641319,92.08,92.06,2045,300,109,-3185
156,AEP,2020-02-27,0 days 15:59:24.674634,633277,92.03,92.0,740,1500,-8042,17404
157,AEP,2020-02-27,0 days 15:59:32.694667,644243,92.07,92.05,221,100,41571,-6631
158,AER,2020-02-27,0 days 15:55:00.558503,94164,52.28,52.24,674,105,-4397,40236
159,AER,2020-02-27,0 days 15:56:34.786848,96141,52.23,52.22,2,225,238,-262
160,AER,2020-02-27,0 days 15:57:52.977659,102679,52.14,52.13,814,429,-39,61
161,AER,2020-02-27,0 days 15:58:05.007528,102718,52.15,52.14,100,403,34,-139
162,AER,2020-02-27,0 days 15:58:06.009769,102652,52.15,52.14,100,303,-66,34
163,AER,2020-02-27,0 days 15:58:13.026902,102552,52.14,52.13,314,45,-166,134
164,AER,2020-02-27,0 days 15:58:25.057188,102718,52.14,52.12,640,200,261,-139
165,AER,2020-02-27,0 days 15:58:26.059254,102579,52.14,52.12,540,500,-139,261
166,AER,2020-02-27,0 days 15:58:47.109182,102918,52.18,52.15,1600,599,61,-39
167,AER,2020-02-27,0 days 15:59:09.163347,108548,52.22,52.19,502,100,32805,-619
168,AES,2020-02-27,0 days 15:55:00.114347,633256,18.33,18.32,3145,2400,4500,-14984
169,AES,2020-02-27,0 days 15:55:01.116924,637756,18.33,18.32,7386,3400,-1628,4500
170,AES,2020-02-27,0 days 15:57:34.487651,698656,18.28,18.27,20139,800,2056,-2744
171,AES,2020-02-27,0 days 15:57:36.492553,695812,18.28,18.27,22179,269,-2844,1756
172,AES,2020-02-27,0 days 15:57:40.502045,698656,18.27,18.26,18253,597,2756,-2044
173,AES,2020-02-27,0 days 15:57:41.504491,696312,18.27,18.26,19604,107,-2344,2756
174,AES,2020-02-27,0 days 15:57:42.506954,698656,18.26,18.25,19155,960,2456,-2344
175,AES,2020-02-27,0 days 15:57:43.509136,696712,18.27,18.26,8157,5108,-1944,2456
176,AES,2020-02-27,0 days 15:58:36.638945,732892,18.32,18.31,8172,9466,-4127,773
177,AES,2020-02-27,0 days 15:59:05.711787,780968,18.33,18.32,10394,6862,563,-6402
178,AES,2020-02-27,0 days 15:59:08.718798,784301,18.33,18.32,14498,6498,-57877,757
179,AES,2020-02-27,0 days 15:59:32.778257,954036,18.3,18.29,6331,1723,60731,-207369
180,AES,2020-02-27,0 days 15:59:33.779529,940167,18.3,18.29,6752,1723,-13869,60731
181,AES,2020-02-27,0 days 15:59:37.789415,954036,18.3,18.29,8769,500,4631,-10569
182,AES,2020-02-27,0 days 15:59:39.794116,947649,18.34,18.33,2500,800,-6387,5913
183,AFL,2020-02-27,0 days 16:00:00.798704,1036657,44.41,44.4,15930,10458,14219,-10141
184,AGI,2020-02-27,0 days 15:57:01.416196,44564,5.98,5.97,9183,10870,262,-882
185,AGI,2020-02-27,0 days 15:57:02.419987,43526,5.98,5.97,9683,10870,-1038,262
186,AGI,2020-02-27,0 days 15:58:39.654717,53228,6.01,6.0,6268,13090,398,-2102
187,AGI,2020-02-27,0 days 15:58:40.657758,51626,6.01,6.0,6268,14773,-1602,398
188,AGI,2020-02-27,0 days 15:59:03.713941,53228,6.02,6.01,5299,14561,169,-2302
189,AGI,2020-02-27,0 days 15:59:05.719726,53397,6.01,6.0,20850,7300,-431,169
190,AGN,2020-02-27,0 days 15:59:39.718373,593857,190.03,189.97,200,440,70,-30
191,AGN,2020-02-27,0 days 15:59:45.732833,592157,189.96,189.9,994,800,1770,-130
192,AGN,2020-02-27,0 days 15:59:46.734627,590846,190.01,189.9,704,410,-3211,1770
193,AGN,2020-02-27,0 days 15:59:58.765659,590409,189.7,189.56,2800,900,709,-10047
194,AIG,2020-02-27,0 days 15:56:45.367818,550446,43.57,43.56,1138,3835,35416,-4384
195,AIG,2020-02-27,0 days 15:56:46.370604,547262,43.58,43.57,1051,2909,-3184,35416
196,AIG,2020-02-27,0 days 15:56:54.389911,551246,43.56,43.55,1906,1307,3869,-229
197,AIG,2020-02-27,0 days 15:56:56.394726,549281,43.56,43.55,2236,1396,-1805,5947
198,AIG,2020-02-27,0 days 15:57:00.404598,552631,43.56,43.55,2219,761,932,-300
199,AIG,2020-02-27,0 days 15:57:01.408280,551834,43.56,43.55,2531,1058,-797,932
200,AIG,2020-02-27,0 days 15:57:13.437128,551995,43.52,43.51,1849,91,-674,926
201,AIG,2020-02-27,0 days 15:57:20.454311,552669,43.52,43.51,1981,1352,902,-674
202,AIG,2020-02-27,0 days 15:57:41.504623,558669,43.48,43.47,442,800,1166,-34
203,AIG,2020-02-27,0 days 15:57:46.516609,558435,43.49,43.48,706,1733,-270,1630
204,AIG,2020-02-27,0 days 15:57:53.534175,559293,43.49,43.48,1653,1207,2047,-353
205,AIG,2020-02-27,0 days 15:57:54.536922,556740,43.49,43.48,1865,1505,-2553,2047
206,AIG,2020-02-27,0 days 15:57:58.546712,559293,43.49,43.48,2526,1005,7907,-101
207,AIG,2020-02-27,0 days 15:58:06.569139,564809,43.47,43.46,784,2335,-173,10472
208,AIG,2020-02-27,0 days 15:58:14.586102,564509,43.46,43.45,600,500,-799,586
209,AIG,2020-02-27,0 days 15:58:31.627314,574565,43.43,43.41,1618,4059,-1443,12057
210,AIG,2020-02-27,0 days 15:58:33.631904,570208,43.44,43.42,1918,800,401,-4299
211,AIG,2020-02-27,0 days 15:58:45.664595,575209,43.46,43.45,800,515,-599,1001
212,AIG,2020-02-27,0 days 15:58:51.675257,575209,43.45,43.44,400,1878,-609,991
213,AIG,2020-02-27,0 days 15:58:52.677208,572595,43.46,43.44,1928,499,1414,-609
214,AIG,2020-02-27,0 days 15:59:04.708742,590995,43.49,43.48,1073,2618,1674,-9993
215,AIG,2020-02-27,0 days 15:59:08.719041,594188,43.49,43.48,365,1810,-59742,318
216,AIG,2020-02-27,0 days 15:59:41.799313,651582,43.47,43.46,1100,911,7328,-159
217,AIG,2020-02-27,0 days 15:59:42.801769,628792,43.5,43.48,762,900,-29020,7328
218,AIV,2020-02-27,0 days 16:00:00.398477,346005,49.55,49.51,3192,60,8648,-1652
219,AL,2020-02-27,0 days 15:55:18.575529,112099,37.79,37.77,64,100,31814,-7222
220,AL,2020-02-27,0 days 15:55:19.578095,70413,37.79,37.77,26,1,-41686,31814
221,AL,2020-02-27,0 days 15:55:29.602434,112099,37.75,37.74,748,2,26114,-36586
222,AL,2020-02-27,0 days 15:55:30.605018,108313,37.75,37.74,848,2,-3786,26114
223,AL,2020-02-27,0 days 15:58:53.094145,125655,37.58,37.54,600,200,331,-169
224,AL,2020-02-27,0 days 15:58:56.100838,124686,37.66,37.64,800,153,-969,331
225,AL,2020-02-27,0 days 15:59:19.158715,124404,37.63,37.58,601,530,3516,-1414
226,AL,2020-02-27,0 days 15:59:20.160740,122320,37.63,37.58,702,430,-2084,3516
227,AL,2020-02-27,0 days 15:59:33.193077,120208,37.58,37.54,302,100,-1843,3557
228,ALB,2020-02-27,0 days 15:56:03.711755,123580,81.1,81.06,505,376,-4218,1282
229,ALB,2020-02-27,0 days 15:56:13.736085,127671,81.07,81.04,75,263,847,-1291
230,ALB,2020-02-27,0 days 15:56:14.737531,124418,81.12,81.09,200,108,-3380,847
231,ALB,2020-02-27,0 days 15:56:52.829036,127798,81.13,81.1,1027,1208,52,-1163
232,ALB,2020-02-27,0 days 15:56:57.842448,131999,81.13,81.1,347,1627,5070,-529
233,ALB,2020-02-27,0 days 15:58:22.046836,133511,80.95,80.9,800,308,-2022,3478
234,ALB,2020-02-27,0 days 15:58:23.049373,133133,80.95,80.9,805,400,278,-2022
235,ALB,2020-02-27,0 days 15:58:36.081941,133133,80.94,80.9,301,508,5278,-722
236,ALB,2020-02-27,0 days 15:59:02.146144,138051,80.93,80.91,232,492,-892,708
237,ALB,2020-02-27,0 days 15:59:03.147773,137443,80.97,80.92,600,873,508,-892
238,ALB,2020-02-27,0 days 15:59:08.160629,138082,81.01,80.98,700,316,-391,16
239,ALB,2020-02-27,0 days 15:59:37.229455,149517,80.89,80.85,505,228,266,-2363
240,ALB,2020-02-27,0 days 15:59:40.237733,149315,80.88,80.85,125,500,-1402,127
241,ALB,2020-02-27,0 days 15:59:41.240714,149617,80.91,80.83,206,364,1298,-1402
242,ALB,2020-02-27,0 days 15:59:43.244782,149415,80.91,80.83,206,498,-1402,98
243,ALB,2020-02-27,0 days 15:59:45.249444,149617,80.88,80.84,406,400,3385,-202
244,ALB,2020-02-27,0 days 15:59:47.253934,158605,80.87,80.86,406,255,-12,6246
245,ALB,2020-02-27,0 days 15:59:48.256403,158117,80.87,80.86,2386,55,388,-12
246,ALC,2020-02-27,0 days 15:56:45.294788,21372,61.64,61.62,1646,640,366,-634
247,ALC,2020-02-27,0 days 15:56:46.297903,20838,61.64,61.62,1746,540,-534,366
248,ALC,2020-02-27,0 days 15:57:57.468237,21753,61.59,61.58,3255,1276,615,-585
249,ALC,2020-02-27,0 days 15:57:58.471352,21168,61.59,61.58,3355,1276,-585,615
250,ALC,2020-02-27,0 days 15:58:05.488170,21753,61.59,61.57,2135,6677,337,-2285
251,ALC,2020-02-27,0 days 15:58:06.490881,21351,61.59,61.57,2535,6687,-402,337
252,ALC,2020-02-27,0 days 15:58:34.558849,21753,61.57,61.56,1000,1566,495,-105
253,ALC,2020-02-27,0 days 15:58:35.560939,20948,61.57,61.56,1000,1666,-805,495
254,ALC,2020-02-27,0 days 15:59:14.657799,28330,61.56,61.55,508,1519,3721,-1420
255,ALC,2020-02-27,0 days 15:59:15.659306,27951,61.56,61.55,600,1519,-517,3721
256,ALC,2020-02-27,0 days 15:59:28.694102,28928,61.55,61.53,400,4753,1015,-323
257,ALC,2020-02-27,0 days 15:59:33.708228,28263,61.55,61.53,316,3937,-665,335
258,ALK,2020-02-27,0 days 15:55:00.123227,121945,53.23,53.19,400,100,1780,-4770
259,ALK,2020-02-27,0 days 15:59:02.711365,138403,52.99,52.98,32,300,-1098,2112
260,ALK,2020-02-27,0 days 15:59:07.724876,136985,53.03,52.99,300,711,17,-2982
261,ALK,2020-02-27,0 days 15:59:08.726615,137402,53.03,52.99,500,712,-1162,17
262,ALK,2020-02-27,0 days 15:59:09.728991,136764,53.03,52.99,400,1612,238,-1162
263,ALK,2020-02-27,0 days 15:59:16.744264,135669,53.05,53.03,350,400,321,-679
264,ALK,2020-02-27,0 days 15:59:18.749780,136190,53.05,53.03,551,1100,-200,221
265,ALK,2020-02-27,0 days 15:59:19.752236,135718,53.05,53.03,556,1002,472,-200
266,ALK,2020-02-27,0 days 15:59:50.829055,139076,52.98,52.92,103,3021,14012,-642
267,ALL,2020-02-27,0 days 15:57:41.504530,310844,110.16,110.11,570,375,70,-4130
268,ALL,2020-02-27,0 days 15:57:45.514037,307892,110.15,110.12,37,300,-2966,34
269,ALL,2020-02-27,0 days 15:57:57.544089,310858,110.15,110.1,2306,573,296,-4704
270,ALL,2020-02-27,0 days 15:57:59.550316,307754,110.14,110.1,1,574,-3104,396
271,ALL,2020-02-27,0 days 15:59:01.800758,313480,110.21,110.18,100,300,2994,-5806
272,ALL,2020-02-27,0 days 15:59:02.702517,310474,110.21,110.18,34,700,-3006,2994
273,ALL,2020-02-27,0 days 15:59:05.711906,313480,110.24,110.21,200,300,12708,-3401
274,ALL,2020-02-27,0 days 15:59:06.714753,312841,110.27,110.21,200,1019,-639,12708
275,ALL,2020-02-27,0 days 15:59:11.726264,323955,110.26,110.23,359,300,706,-2584
276,ALL,2020-02-27,0 days 15:59:15.736934,324090,110.33,110.27,200,1016,-1548,484
277,ALL,2020-02-27,0 days 15:59:23.754717,321730,110.25,110.24,58,9,-2369,1209
278,ALL,2020-02-27,0 days 15:59:31.774368,324009,110.22,110.16,870,21,13121,-569
279,ALL,2020-02-27,0 days 15:59:32.778320,324130,110.19,110.16,349,21,-439,13121
280,ALL,2020-02-27,0 days 15:59:35.784257,322930,110.14,110.09,540,975,-839,3261
281,ALL,2020-02-27,0 days 15:59:39.794210,323769,110.11,110.06,400,1250,9261,-239
282,ALL,2020-02-27,0 days 15:59:40.797688,322830,110.11,110.06,950,1100,-939,9261
283,ALL,2020-02-27,0 days 15:59:43.803326,325493,110.1,110.05,540,490,35437,-11039
284,ALL,2020-02-27,0 days 15:59:44.807035,314930,110.11,110.09,100,97,-11335,35437
285,ALL,2020-02-27,0 days 15:59:48.815337,324651,110.06,110.01,400,2190,-642,267
286,ALL,2020-02-27,0 days 15:59:49.818113,325293,110.05,110.01,90,1755,8458,-642
287,ALLY,2020-02-27,0 days 15:55:40.629148,269378,25.42,25.41,11776,3135,106,-1494
288,ALLY,2020-02-27,0 days 15:56:55.810460,256443,25.43,25.42,17401,7166,-12935,708
289,ALLY,2020-02-27,0 days 15:59:41.213359,312467,25.41,25.4,11584,16498,444,-1050
290,ALLY,2020-02-27,0 days 15:59:46.224633,309045,25.41,25.4,12652,8289,-422,6261
291,AMCR,2020-02-27,0 days 15:59:03.660536,2220755,9.48,9.47,52587,22882,61461,-2822
292,AMCR,2020-02-27,0 days 16:00:00.798787,2358192,9.47,9.46,117900,232312,82830,-35070
293,AMH,2020-02-27,0 days 15:55:00.063443,146641,25.87,25.86,700,1800,6970,-10613
294,AMH,2020-02-27,0 days 15:57:14.365906,181070,25.84,25.83,1697,1200,-2043,1139
295,AMH,2020-02-27,0 days 15:58:06.490804,188492,25.78,25.77,1010,100,598,-8322
296,AMH,2020-02-27,0 days 15:58:07.493040,187090,25.78,25.77,1000,480,-1402,598
297,AMH,2020-02-27,0 days 15:59:02.626684,187792,25.81,25.8,600,600,1329,-1822
298,AMH,2020-02-27,0 days 15:59:03.629353,186121,25.8,25.79,1049,1319,-10874,1329
299,AMH,2020-02-27,0 days 15:59:22.675262,195832,25.76,25.75,997,1000,489,-311
300,AMH,2020-02-27,0 days 15:59:24.680235,194501,25.76,25.75,2935,1187,-1331,489
301,AMH,2020-02-27,0 days 15:59:29.692784,195832,25.74,25.73,3004,775,514,-1331
302,AMH,2020-02-27,0 days 15:59:30.697693,194346,25.74,25.73,2835,670,-1486,514
303,AMH,2020-02-27,0 days 15:59:35.708173,195428,25.7,25.69,1000,813,318,-382
304,AMH,2020-02-27,0 days 15:59:39.718250,194842,25.69,25.68,305,900,-586,7314
305,AMH,2020-02-27,0 days 15:59:47.737219,195428,25.69,25.68,1923,1477,316,-586
306,AMT,2020-02-27,0 days 15:57:41.504623,281647,233.48,233.41,13,55,1662,-2938
307,AMT,2020-02-27,0 days 15:57:42.507114,278009,233.48,233.41,538,97,-3638,1662
308,AMT,2020-02-27,0 days 15:57:47.520029,281818,233.4,233.28,634,905,91,-1851
309,AMT,2020-02-27,0 days 15:57:50.526962,281726,233.49,233.45,4,6,-134,8
310,AMT,2020-02-27,0 days 15:57:58.546712,281860,233.53,233.44,708,881,886,-4434
311,AMT,2020-02-27,0 days 15:57:59.550375,279046,233.53,233.44,908,781,-2814,886
312,AMT,2020-02-27,0 days 15:58:29.622364,283522,233.56,233.5,200,5,1157,-143
313,AMT,2020-02-27,0 days 15:58:30.624563,279079,233.59,233.54,3,200,-4443,1157
314,AMT,2020-02-27,0 days 15:58:41.650767,283522,233.65,233.54,305,200,257,-43
315,AMT,2020-02-27,0 days 15:58:42.653179,281479,233.63,233.55,75,965,-2043,257
316,AMT,2020-02-27,0 days 15:58:49.670464,282305,233.55,233.45,825,196,174,-2143
317,AMT,2020-02-27,0 days 15:58:50.672384,278379,233.58,233.53,200,505,-5143,174
318,AMT,2020-02-27,0 days 15:59:03.705845,281954,233.8,233.71,10,275,5235,-2344
319,AMT,2020-02-27,0 days 15:59:05.712248,272489,233.9,233.8,600,275,-9852,21887
320,AMT,2020-02-27,0 days 15:59:09.721217,311820,233.88,233.79,695,211,3835,-19036
321,AMT,2020-02-27,0 days 15:59:10.724326,301255,233.85,233.8,70,405,-10565,3835
322,AMT,2020-02-27,0 days 15:59:11.726682,311806,233.83,233.73,247,300,6149,-10565
323,AMT,2020-02-27,0 days 15:59:12.728153,309455,233.78,233.73,178,419,-2351,6149
324,AMT,2020-02-27,0 days 15:59:23.754849,311884,233.74,233.69,530,369,1174,-1040
325,AMT,2020-02-27,0 days 15:59:24.757133,309758,233.73,233.61,75,500,-2126,1174
326,AMT,2020-02-27,0 days 15:59:28.767262,311509,233.61,233.56,208,343,2349,-1326
327,AMT,2020-02-27,0 days 15:59:29.769531,310075,233.57,233.49,200,110,-1392,2349
328,AMT,2020-02-27,0 days 15:59:32.778580,311467,233.51,233.44,445,301,1718,-282
329,AMT,2020-02-27,0 days 15:59:33.779722,309985,233.47,233.36,490,200,-1440,1718
330,AMT,2020-02-27,0 days 15:59:37.789579,313394,233.35,233.25,790,80,928,-3009
331,AMT,2020-02-27,0 days 15:59:39.794356,312410,233.37,233.32,264,58,-984,1016
332,AMT,2020-02-27,0 days 15:59:46.810682,313694,233.36,233.21,446,891,3749,-3999
333,AMT,2020-02-27,0 days 15:59:47.813442,312429,233.32,233.21,665,316,-1265,3749
334,AMT,2020-02-27,0 days 15:59:49.818260,313521,233.27,233.16,865,305,2448,-1165
335,AMT,2020-02-27,0 days 15:59:50.821855,303179,233.26,233.17,651,462,-10342,2448
336,AMX,2020-02-27,0 days 15:55:09.254482,640475,15.99,15.98,3589,17959,-176,1624
337,AMX,2020-02-27,0 days 15:55:10.257659,639051,15.99,15.98,8489,14981,1424,-176
338,AMX,2020-02-27,0 days 15:59:03.822071,649026,15.95,15.94,32555,5843,-26445,1204
339,ANF,2020-02-27,0 days 15:55:00.531129,125966,13.23,13.22,3901,1300,823,-1495
340,ANF,2020-02-27,0 days 15:55:37.622266,126789,13.25,13.24,725,5330,-898,323
341,ANF,2020-02-27,0 days 15:55:38.624156,126487,13.25,13.24,625,5630,302,-898
342,ANF,2020-02-27,0 days 15:55:39.626660,126789,13.26,13.25,4249,252,-109,302
343,ANF,2020-02-27,0 days 15:55:40.629101,126598,13.25,13.24,300,5530,191,-109
344,ANF,2020-02-27,0 days 15:56:08.696147,126789,13.25,13.24,4866,1520,-712,191
345,ANF,2020-02-27,0 days 15:56:09.698711,125801,13.23,13.22,296,3000,988,-712
346,ANF,2020-02-27,0 days 15:56:36.763713,130062,13.24,13.23,3009,2096,-39,461
347,ANF,2020-02-27,0 days 15:56:37.766223,129701,13.24,13.23,4203,1162,361,-39
348,ANF,2020-02-27,0 days 15:56:54.807742,130562,13.24,13.23,3465,5899,-3685,115
349,ANF,2020-02-27,0 days 15:56:55.810402,130447,13.24,13.23,4065,5299,115,-3685
350,ANF,2020-02-27,0 days 15:57:00.823223,130762,13.24,13.23,4725,6199,-1485,315
351,ANF,2020-02-27,0 days 15:57:10.847574,170595,13.23,13.22,3854,1300,4075,-2233
352,ANF,2020-02-27,0 days 15:59:44.219642,181672,13.2,13.19,6960,9665,10994,-1993
353,ANTM,2020-02-27,0 days 15:57:18.368546,128399,259.55,259.38,209,104,275,-278
354,ANTM,2020-02-27,0 days 15:57:19.370370,126055,259.44,259.33,100,793,-2344,275
355,ANTM,2020-02-27,0 days 15:57:39.418818,128988,259.0,258.91,105,100,168,-632
356,ANTM,2020-02-27,0 days 15:57:40.420930,126556,258.99,258.78,130,200,-2432,168
357,ANTM,2020-02-27,0 days 15:57:57.462252,128988,258.79,258.65,412,102,2783,-77
358,ANTM,2020-02-27,0 days 15:57:58.464863,127171,258.79,258.66,322,202,-1817,2783
359,ANTM,2020-02-27,0 days 15:59:47.728385,161983,258.36,258.25,200,500,-419,6314
360,ANTM,2020-02-27,0 days 15:59:48.730647,162402,258.33,258.25,300,24,283,-419
361,ANTM,2020-02-27,0 days 15:59:50.737068,153320,258.3,258.11,300,2253,-8982,387
362,AOS,2020-02-27,0 days 15:55:01.117098,289765,40.27,40.23,821,426,-195,1226
363,AOS,2020-02-27,0 days 15:55:02.118832,287760,40.27,40.23,821,657,1905,-195
364,AOS,2020-02-27,0 days 15:55:38.206880,289665,40.28,40.27,93,987,-1090,210
365,AOS,2020-02-27,0 days 15:55:39.210048,288353,40.29,40.27,400,911,1212,-1090
366,AOS,2020-02-27,0 days 15:57:06.419632,292608,40.25,40.23,500,900,-6177,2723
367,AOS,2020-02-27,0 days 15:57:07.423254,291285,40.25,40.23,700,432,1423,-6177
368,AOS,2020-02-27,0 days 15:57:09.427583,292808,40.25,40.24,589,600,-3177,1423
369,AOS,2020-02-27,0 days 15:57:10.430491,291835,40.24,40.23,100,732,924,-3177
370,AOS,2020-02-27,0 days 15:58:03.559657,295475,40.15,40.13,719,200,-619,1181
371,AOS,2020-02-27,0 days 15:58:26.614824,294907,40.19,40.17,103,899,268,-232
372,AOS,2020-02-27,0 days 15:58:46.663555,295375,40.16,40.14,355,1167,-1432,668
373,AOS,2020-02-27,0 days 15:58:47.665763,295307,40.16,40.14,455,1867,68,-1432
374,AOS,2020-02-27,0 days 15:59:46.810618,312316,40.14,40.12,86,515,2879,-670
375,AOS,2020-02-27,0 days 15:59:48.815441,315095,40.19,40.15,1540,200,-2670,179
376,AOS,2020-02-27,0 days 15:59:49.818241,314616,40.15,40.12,100,599,479,-2670
377,AOS,2020-02-27,0 days 15:59:50.821619,315095,40.17,40.12,800,466,-321,479
378,APA,2020-02-27,0 days 15:55:00.529764,581386,25.17,25.16,841,77,-5771,36701
379,APA,2020-02-27,0 days 15:55:03.538951,575628,25.19,25.18,731,1751,2258,-142
380,APA,2020-02-27,0 days 15:55:26.594327,575708,25.18,25.17,1217,439,2219,-281
381,APA,2020-02-27,0 days 15:55:32.609018,578327,25.18,25.17,1711,2558,-943,2219
382,APA,2020-02-27,0 days 15:55:33.611320,576070,25.17,25.16,801,1500,3069,-943
383,APA,2020-02-27,0 days 15:59:19.157689,667203,25.1,25.09,135,1175,-23411,3717
384,APA,2020-02-27,0 days 15:59:23.167015,678442,25.1,25.09,1336,2099,4061,-1839
385,APA,2020-02-27,0 days 15:59:27.176993,672342,25.1,25.09,900,1200,10161,-5839
386,APA,2020-02-27,0 days 15:59:48.229377,684878,25.13,25.12,1054,309,-2002,2059
387,APH,2020-02-27,0 days 15:59:44.807035,388220,92.69,92.65,296,1013,667,-1641
388,APH,2020-02-27,0 days 15:59:45.809529,386987,92.69,92.66,363,100,-1233,667
389,APH,2020-02-27,0 days 15:59:46.810585,388220,92.68,92.65,552,560,168,-1233
390,APH,2020-02-27,0 days 15:59:47.813391,386788,92.68,92.65,471,560,-1432,168
391,APHA,2020-02-27,0 days 15:59:39.235088,12525,3.51,3.5,52061,58697,2982,-218
392,APHA,2020-02-27,0 days 15:59:40.237962,12307,3.51,3.5,48761,56597,-218,2982
393,APLE,2020-02-27,0 days 15:57:51.085007,304423,13.18,13.17,18587,6110,80,-55220
394,APLE,2020-02-27,0 days 15:57:52.087815,170703,13.18,13.17,19485,6098,-133720,80
395,APLE,2020-02-27,0 days 15:57:59.104692,304423,13.17,13.16,9601,6706,52880,-87020
396,APLE,2020-02-27,0 days 15:58:00.108435,290903,13.17,13.16,5401,8504,-13520,52880
397,APLE,2020-02-27,0 days 15:59:41.351762,317691,13.16,13.15,14560,8425,4264,-2347
398,APLE,2020-02-27,0 days 15:59:42.354260,316055,13.16,13.15,10081,9045,-1636,4264
399,APO,2020-02-27,0 days 15:56:02.682130,64172,42.71,42.69,701,231,1188,-1812
400,APO,2020-02-27,0 days 15:56:03.684263,62560,42.71,42.69,1000,100,-1612,1188
401,APO,2020-02-27,0 days 15:59:48.229653,70015,42.36,42.35,45,110,-430,170
402,APTV,2020-02-27,0 days 15:57:45.631929,153074,78.54,78.52,600,173,79,-938
403,APTV,2020-02-27,0 days 15:57:46.634673,152253,78.54,78.52,600,573,-821,79
404,APTV,2020-02-27,0 days 15:57:56.658885,149853,78.52,78.51,450,664,-3296,4
405,APTV,2020-02-27,0 days 15:57:57.661694,153149,78.52,78.49,1061,300,2064,-3296
406,APTV,2020-02-27,0 days 15:57:58.664551,151958,78.51,78.49,300,200,-1191,2064
407,APTV,2020-02-27,0 days 15:58:01.672772,153149,78.5,78.48,400,1000,10,-1091
408,APTV,2020-02-27,0 days 15:58:03.677222,151959,78.45,78.41,800,300,-190,510
409,APTV,2020-02-27,0 days 15:58:09.692010,151874,78.42,78.4,608,100,-275,425
410,APTV,2020-02-27,0 days 15:58:29.739294,151009,78.34,78.31,200,400,-194,6
411,APTV,2020-02-27,0 days 15:58:40.765701,151703,78.35,78.34,100,202,706,-294
412,APTV,2020-02-27,0 days 15:58:41.767755,151609,78.37,78.34,800,666,-94,706
413,APTV,2020-02-27,0 days 15:58:49.787318,151703,78.32,78.31,200,406,806,-394
414,APTV,2020-02-27,0 days 15:59:47.930959,223514,78.06,78.04,500,600,536,-2507
415,APTV,2020-02-27,0 days 15:59:48.932874,221052,78.1,78.04,400,300,-2462,536
416,ARI,2020-02-27,0 days 15:59:02.819524,252633,16.7,16.69,5274,13312,-6685,7058
417,ARI,2020-02-27,0 days 15:59:03.821874,248018,16.7,16.69,8116,13930,3415,-6685
418,ARMK,2020-02-27,0 days 15:55:00.558217,363066,35.73,35.69,400,210,-799,54377
419,ARMK,2020-02-27,0 days 15:56:08.724145,364055,35.66,35.64,1206,100,435,-129
420,ARMK,2020-02-27,0 days 15:57:46.962103,382462,35.68,35.67,1400,500,-907,7993
421,ARMK,2020-02-27,0 days 15:57:47.964129,380669,35.7,35.69,800,400,1393,-907
422,ARMK,2020-02-27,0 days 15:57:50.971556,381262,35.72,35.71,500,378,-1109,793
423,ARMK,2020-02-27,0 days 15:57:51.974502,379571,35.72,35.71,600,478,891,-1109
424,ARMK,2020-02-27,0 days 15:59:05.153518,392762,35.73,35.72,4137,963,-9540,19543
425,ARNC,2020-02-27,0 days 15:55:00.071569,575017,30.42,30.41,700,1760,12397,-42146
426,ARNC,2020-02-27,0 days 15:57:01.364336,574331,30.45,30.44,2980,6209,14282,-1418
427,ARNC,2020-02-27,0 days 15:59:10.678124,624052,30.42,30.41,2460,2418,-113602,9006
428,ARNC,2020-02-27,0 days 15:59:11.681040,620654,30.4,30.39,335,2100,5898,-113602
429,ARNC,2020-02-27,0 days 15:59:16.692474,623952,30.44,30.43,3602,500,-1033,4198
430,ARNC,2020-02-27,0 days 15:59:18.695205,621385,30.43,30.42,1500,2622,2567,-1833
431,ARNC,2020-02-27,0 days 15:59:27.717568,633665,30.43,30.42,2770,23,-389,531
432,ARNC,2020-02-27,0 days 15:59:30.728108,634975,30.4,30.39,394,2000,10190,-1310
433,ARNC,2020-02-27,0 days 15:59:39.749191,660022,30.4,30.39,3064,930,9863,-6137
434,ARNC,2020-02-27,0 days 15:59:40.753289,671029,30.4,30.39,1364,3030,-1593,9863
435,ARNC,2020-02-27,0 days 15:59:44.761718,661022,30.41,30.4,2029,1331,461,-10601
436,ASB,2020-02-27,0 days 15:59:16.692962,292303,17.56,17.55,5808,1200,17983,-1163
437,ATH,2020-02-27,0 days 15:59:15.694448,214207,43.31,43.26,330,731,3201,-65127
438,ATH,2020-02-27,0 days 15:59:16.691740,211808,43.31,43.26,295,831,-2399,3201
439,ATH,2020-02-27,0 days 15:59:31.730915,218619,43.34,43.3,300,100,545,-4855
440,ATH,2020-02-27,0 days 15:59:38.747032,218180,43.29,43.26,1060,299,-439,2161
441,ATH,2020-02-27,0 days 15:59:47.768251,218619,43.29,43.28,740,121,2541,-5759
442,ATH,2020-02-27,0 days 15:59:48.770706,217760,43.27,43.2,2019,151,-859,2541
443,ATH,2020-02-27,0 days 15:59:49.773154,218619,43.25,43.2,846,151,341,-859
444,ATH,2020-02-27,0 days 15:59:50.776115,205660,43.23,43.17,1176,3400,-12959,341
445,ATH,2020-02-27,0 days 15:59:51.777413,218619,43.2,43.16,3307,506,6402,-12959
446,ATI,2020-02-27,0 days 15:59:17.153848,181852,17.78,17.77,1602,600,727,-5053
447,ATI,2020-02-27,0 days 15:59:18.156319,178779,17.79,17.78,952,1547,-3073,727
448,ATI,2020-02-27,0 days 15:59:19.158875,181852,17.76,17.74,484,500,2527,-3073
449,ATI,2020-02-27,0 days 15:59:20.160828,176679,17.75,17.74,100,1187,-5173,2527
450,ATI,2020-02-27,0 days 15:59:40.210688,178941,17.75,17.74,700,928,-3338,4462
451,ATI,2020-02-27,0 days 15:59:43.217796,183779,17.75,17.73,1954,3160,2667,-1350
452,ATI,2020-02-27,0 days 15:59:45.222689,183432,17.75,17.73,1754,720,-447,2667
453,ATUS,2020-02-27,0 days 15:58:02.972773,404835,26.36,26.35,3571,1346,3186,-15214
454,ATUS,2020-02-27,0 days 15:58:03.975874,401046,26.36,26.35,3274,1210,-3789,3186
455,ATUS,2020-02-27,0 days 15:58:56.100838,404618,26.35,26.34,632,4100,-4317,4083
456,ATUS,2020-02-27,0 days 15:59:24.170234,425960,26.34,26.33,763,7440,9127,-14673
457,ATUS,2020-02-27,0 days 15:59:32.190706,465450,26.31,26.3,3002,900,1513,-37187
458,AU,2020-02-27,0 days 15:57:58.546644,327122,19.46,19.45,1900,8309,478,-2122
459,AU,2020-02-27,0 days 15:57:59.550351,312400,19.47,19.46,1300,6569,-14722,478
460,AU,2020-02-27,0 days 15:58:08.571815,320122,19.47,19.46,2000,3200,4294,-1406
461,AU,2020-02-27,0 days 15:58:09.573792,319416,19.45,19.44,1707,12351,-706,4294
462,AU,2020-02-27,0 days 15:58:43.656440,318616,19.42,19.41,9999,1181,-43,2093
463,AU,2020-02-27,0 days 15:59:10.724282,322296,19.44,19.43,4400,7732,4435,-1081
464,AU,2020-02-27,0 days 15:59:18.742275,321531,19.45,19.44,5590,1805,-2102,609
465,AU,2020-02-27,0 days 15:59:19.744991,323633,19.45,19.44,900,5335,598,-2102
466,AU,2020-02-27,0 days 15:59:20.748280,322931,19.45,19.44,1200,7270,-702,598
467,AU,2020-02-27,0 days 15:59:36.786711,324020,19.48,19.47,1800,6996,330,-670
468,AUY,2020-02-27,0 days 15:55:09.581105,3091790,4.05,4.04,216693,21247,-7888,10812
469,AVTR,2020-02-27,0 days 15:58:56.610047,106620,16.02,16.01,13618,1429,3902,-5098
470,AVTR,2020-02-27,0 days 15:58:57.613057,102722,16.02,16.01,13488,2512,-3898,3902
471,AVX,2020-02-27,0 days 15:59:46.927783,61568,21.74,21.73,12238,6365,680,-2320
472,AVX,2020-02-27,0 days 15:59:48.932975,62248,21.74,21.73,10442,8565,-615,380
473,AVX,2020-02-27,0 days 15:59:49.943696,61763,21.74,21.73,7692,9750,485,-615
474,AVYA,2020-02-27,0 days 15:55:35.126881,102894,12.38,12.37,8756,2124,-344,1812
475,AVYA,2020-02-27,0 days 15:55:36.129048,101238,12.38,12.37,7056,2624,1656,-344
476,AVYA,2020-02-27,0 days 15:56:08.206029,102894,12.38,12.37,7563,3445,-4359,146
477,AVYA,2020-02-27,0 days 15:56:09.208914,101753,12.38,12.37,7363,3674,1141,-4359
478,AVYA,2020-02-27,0 days 15:56:51.309743,103394,12.38,12.37,7187,4126,-616,3484
479,AVYA,2020-02-27,0 days 15:56:52.311935,102010,12.38,12.37,8887,4226,1384,-616
480,AVYA,2020-02-27,0 days 15:57:02.336850,103394,12.38,12.37,7544,4012,-990,1114
481,AVYA,2020-02-27,0 days 15:57:03.343055,102284,12.38,12.37,6644,4012,1110,-990
482,AVYA,2020-02-27,0 days 15:58:03.483493,104101,12.33,12.32,9603,8594,-1182,981
483,AVYA,2020-02-27,0 days 15:58:04.485421,102883,12.33,12.32,9403,8694,1218,-1182
484,AVYA,2020-02-27,0 days 15:58:10.501280,104101,12.33,12.32,11841,8304,-741,2084
485,AVYA,2020-02-27,0 days 15:58:11.502984,103042,12.33,12.32,11541,10937,1059,-741
486,AVYA,2020-02-27,0 days 15:59:10.648744,104701,12.33,12.32,6174,10225,-42360,585
487,AXL,2020-02-27,0 days 15:59:11.168512,281482,6.2,6.19,6231,4458,12920,-28008
488,AXL,2020-02-27,0 days 15:59:12.170927,276702,6.2,6.19,6570,6499,-4780,12920
489,AXL,2020-02-27,0 days 15:59:19.187567,281482,6.2,6.19,14237,1641,2633,-2383
490,AXL,2020-02-27,0 days 15:59:20.189496,276615,6.2,6.19,11594,5089,-2470,2633
491,AXL,2020-02-27,0 days 15:59:43.245003,276488,6.19,6.18,10610,9410,-2343,14957
492,AXP,2020-02-27,0 days 15:56:13.849824,590611,113.31,113.28,400,200,2938,-5362
493,AXP,2020-02-27,0 days 15:56:14.852160,583417,113.35,113.33,10,200,-8259,2938
494,AXP,2020-02-27,0 days 15:57:18.005920,602426,113.23,113.18,876,800,15410,-1395
495,AXP,2020-02-27,0 days 15:57:38.053023,621068,113.15,113.13,502,15,-294,1606
496,AXP,2020-02-27,0 days 15:57:39.057214,619362,113.13,113.1,735,200,1606,-294
497,AXP,2020-02-27,0 days 15:57:40.058804,621168,113.1,113.07,315,145,-1794,1606
498,AXP,2020-02-27,0 days 15:57:41.060413,619462,113.1,113.09,400,200,4206,-1794
499,AXP,2020-02-27,0 days 15:57:59.104651,641360,113.09,113.05,628,600,-6729,7511
500,AXP,2020-02-27,0 days 15:58:00.108385,637689,113.1,113.05,802,818,3439,-6729
501,AXP,2020-02-27,0 days 15:58:33.188906,652359,113.0,112.98,29,361,-242,3658
502,AXP,2020-02-27,0 days 15:58:34.191052,647701,113.01,113.0,29,200,2082,-242
503,AXP,2020-02-27,0 days 15:58:53.235926,646060,113.02,113.0,400,12,-2951,925
504,AXP,2020-02-27,0 days 15:58:54.238126,642111,113.02,112.98,100,986,3949,-2951
505,AXP,2020-02-27,0 days 15:58:59.251058,641660,113.07,113.05,700,161,-451,3749
506,AXP,2020-02-27,0 days 15:59:00.261972,638111,113.04,113.03,462,100,7849,-451
507,AXP,2020-02-27,0 days 15:59:31.326670,736877,113.03,112.99,600,600,3706,-20767
508,AXP,2020-02-27,0 days 15:59:38.344381,763554,112.96,112.94,401,230,-426,974
509,AXP,2020-02-27,0 days 15:59:39.346407,763980,112.95,112.93,1980,376,1071,-426
510,AXP,2020-02-27,0 days 15:59:41.351715,758055,112.99,112.96,676,303,-5925,4792
511,AXTA,2020-02-27,0 days 15:59:30.888820,333702,25.6,25.59,2697,200,-8733,1507
512,AXTA,2020-02-27,0 days 15:59:38.908940,337157,25.59,25.58,6909,4274,-5444,21
513,AYR,2020-02-27,0 days 15:58:13.592057,69757,31.86,31.85,14449,10535,-278,1056
514,AYR,2020-02-27,0 days 15:58:14.594131,68835,31.86,31.85,14149,11335,922,-278
515,AYR,2020-02-27,0 days 15:59:19.752335,70070,31.86,31.85,12883,8744,-3533,922
516,AYR,2020-02-27,0 days 15:59:20.754223,69703,31.86,31.85,13483,10831,54,-3533
517,AYR,2020-02-27,0 days 15:59:38.799309,70070,31.86,31.85,16155,2493,-1436,221
518,AZN,2020-02-27,0 days 15:59:58.955594,159382,45.11,45.1,3100,600,-7650,10381
519,AZN,2020-02-27,0 days 15:59:59.960892,154696,45.07,45.06,18765,5004,4686,-7650
520,BA,2020-02-27,0 days 15:56:04.686748,318775,289.48,289.3,102,10,909,-3184
521,BA,2020-02-27,0 days 15:56:05.689200,315784,289.48,289.3,4,234,-2991,909
522,BA,2020-02-27,0 days 15:56:20.726440,318768,289.43,289.29,96,25,1016,-4099
523,BA,2020-02-27,0 days 15:56:21.727806,315684,289.47,289.29,100,59,-3084,1016
524,BA,2020-02-27,0 days 15:57:13.854734,319402,289.25,289.13,401,100,11838,-509
525,BA,2020-02-27,0 days 15:57:14.856692,319540,289.26,289.12,201,30,-62,11838
526,BA,2020-02-27,0 days 15:57:17.863886,319939,289.2,289.08,203,134,-5463,337
527,BA,2020-02-27,0 days 15:57:18.866379,319802,289.2,289.08,406,10,400,-5463
528,BA,2020-02-27,0 days 15:57:35.906989,328195,288.87,288.78,2,205,-1807,1593
529,BA,2020-02-27,0 days 15:57:36.909747,327602,288.86,288.8,1,41,493,-1807
530,BA,2020-02-27,0 days 15:57:37.911921,327637,288.97,288.85,347,1,-2265,493
531,BA,2020-02-27,0 days 15:57:39.916971,327702,288.9,288.79,19,100,2609,-65
532,BA,2020-02-27,0 days 15:57:44.928419,327937,288.95,288.8,119,131,-1106,935
533,BA,2020-02-27,0 days 15:57:45.931018,329043,288.95,288.81,323,46,1594,-1106
534,BA,2020-02-27,0 days 15:57:47.936078,327911,288.85,288.8,29,25,-2732,1168
535,BA,2020-02-27,0 days 15:57:48.938424,329043,288.69,288.6,40,463,2055,-2732
536,BA,2020-02-27,0 days 15:57:49.940961,330098,288.69,288.61,40,100,-1382,2055
537,BA,2020-02-27,0 days 15:57:52.948294,329043,288.75,288.62,200,548,3455,-445
538,BA,2020-02-27,0 days 15:57:53.950890,330098,288.7,288.62,100,249,-645,3455
539,BA,2020-02-27,0 days 15:57:54.954069,329880,288.69,288.6,402,262,274,-645
540,BA,2020-02-27,0 days 15:57:56.957825,329454,288.75,288.67,520,100,-689,174
541,BA,2020-02-27,0 days 15:57:59.965898,335143,288.82,288.77,200,10,731,-1269
542,BA,2020-02-27,0 days 15:58:04.977898,335952,288.82,288.73,200,35,-10241,1072
543,BA,2020-02-27,0 days 15:58:08.139028,338015,288.71,288.6,9,20,1037,-363
544,BA,2020-02-27,0 days 15:58:17.007236,336749,288.57,288.5,417,15,-1331,1753
545,BA,2020-02-27,0 days 15:58:18.010195,335480,288.55,288.45,100,604,1750,-1331
546,BA,2020-02-27,0 days 15:58:25.028197,337330,288.39,288.32,200,100,-750,1672
547,BA,2020-02-27,0 days 15:58:26.030005,336980,288.42,288.32,100,400,350,-750
548,BA,2020-02-27,0 days 15:58:35.052268,337330,288.42,288.37,190,526,-1350,456
549,BA,2020-02-27,0 days 15:58:36.054074,336980,288.44,288.4,100,901,250,-1350
550,BA,2020-02-27,0 days 15:58:39.060718,337046,288.51,288.37,241,128,-1234,250
551,BA,2020-02-27,0 days 15:58:40.065722,342980,288.48,288.37,125,147,2750,-1234
552,BA,2020-02-27,0 days 15:58:46.077781,345246,288.52,288.41,143,720,-634,1150
553,BA,2020-02-27,0 days 15:58:47.080127,344280,288.54,288.47,12,500,866,-634
554,BA,2020-02-27,0 days 15:59:01.114580,346430,288.49,288.41,707,100,-124,172
555,BA,2020-02-27,0 days 15:59:04.121852,345453,288.58,288.5,5,400,593,-45
556,BA,2020-02-27,0 days 15:59:07.129448,345077,288.77,288.64,300,200,-4339,380
557,BA,2020-02-27,0 days 15:59:08.131676,345020,288.91,288.64,927,446,57,-4339
558,BA,2020-02-27,0 days 15:59:09.134105,346608,288.57,288.45,401,10,-81698,57
559,BABA,2020-02-27,0 days 15:59:50.828597,1121175,205.08,205.04,600,1131,-26268,3679
560,BABA,2020-02-27,0 days 15:59:56.842302,1167859,205.04,205.01,100,7830,1479,-26268
561,BAC,2020-02-27,0 days 15:59:08.834174,7779413,29.09,29.08,50601,49800,35957,-61692
562,BAC,2020-02-27,0 days 15:59:09.836468,7763570,29.09,29.08,25307,63627,-15843,35957
563,BAC,2020-02-27,0 days 15:59:14.849985,7726274,29.1,29.09,25230,55382,-53249,2330
564,BAC,2020-02-27,0 days 15:59:26.878202,7779604,29.1,29.09,20142,54885,63639,-129
565,BAC,2020-02-27,0 days 15:59:28.883350,7772431,29.1,29.09,29964,56087,-7173,37739
566,BAM,2020-02-27,0 days 15:57:04.860670,757605,60.93,60.91,302,436,294,-902
567,BAM,2020-02-27,0 days 15:57:36.938331,757489,60.96,60.95,777,300,-123,5577
568,BAM,2020-02-27,0 days 15:57:37.939795,757612,60.96,60.95,1077,509,5154,-123
569,BAM,2020-02-27,0 days 15:57:38.943614,753866,60.96,60.94,1177,400,-3746,5154
570,BAM,2020-02-27,0 days 15:57:56.986793,757612,60.94,60.93,400,800,5560,-3540
571,BAM,2020-02-27,0 days 15:57:57.989136,754072,60.94,60.93,403,800,-3540,5560
572,BAM,2020-02-27,0 days 15:58:05.007722,757612,60.95,60.93,1001,601,1060,-3140
573,BAM,2020-02-27,0 days 15:58:07.011908,754172,60.95,60.93,1702,568,-3440,1260
574,BAM,2020-02-27,0 days 15:58:40.093492,757109,60.91,60.89,2533,1064,463,-2740
575,BAM,2020-02-27,0 days 15:58:41.095876,753972,60.91,60.89,2533,1064,-2637,463
576,BAM,2020-02-27,0 days 15:59:48.256853,783569,60.84,60.83,200,1996,-1587,55
577,BAX,2020-02-27,0 days 15:56:54.309179,313337,84.73,84.71,650,524,15673,-3506
578,BAX,2020-02-27,0 days 15:56:55.311868,311917,84.73,84.71,244,711,-1666,15673
579,BAX,2020-02-27,0 days 15:57:35.408863,319422,84.6,84.58,46,200,297,-3003
580,BAX,2020-02-27,0 days 15:57:36.411168,318019,84.6,84.58,381,93,-1403,297
581,BAX,2020-02-27,0 days 15:57:57.462220,318848,84.53,84.51,300,4,3329,-2071
582,BAX,2020-02-27,0 days 15:57:58.464799,315377,84.55,84.52,650,182,-3471,3329
583,BAX,2020-02-27,0 days 15:58:06.485823,318848,84.54,84.53,158,1000,3450,-131
584,BAX,2020-02-27,0 days 15:58:07.487873,317998,84.55,84.54,495,602,-850,3450
585,BAX,2020-02-27,0 days 15:58:08.492155,318848,84.53,84.49,168,215,1950,-850
586,BAX,2020-02-27,0 days 15:58:09.492673,316598,84.52,84.49,200,315,-2250,1950
587,BAX,2020-02-27,0 days 15:58:22.524795,318698,84.51,84.48,416,3803,-302,898
588,BAX,2020-02-27,0 days 15:58:45.580324,324100,84.49,84.47,948,435,1698,-802
589,BAX,2020-02-27,0 days 15:58:46.582391,320498,84.5,84.49,795,400,-3602,1698
590,BAX,2020-02-27,0 days 15:58:49.590125,324100,84.5,84.44,700,23,1198,-1302
591,BAX,2020-02-27,0 days 15:58:50.591916,323098,84.49,84.44,23,823,-1002,1198
592,BAX,2020-02-27,0 days 15:59:05.629049,323798,84.51,84.5,3006,1547,1079,-1166
593,BAX,2020-02-27,0 days 15:59:06.631721,322277,84.55,84.52,98,598,-1521,1079
594,BAX,2020-02-27,0 days 15:59:32.694511,373902,84.44,84.4,812,100,2678,-36022
595,BAX,2020-02-27,0 days 15:59:33.701276,369580,84.44,84.37,937,5816,-41822,2678
596,BAX,2020-02-27,0 days 15:59:38.709288,373502,84.43,84.38,1000,223,8356,-35422
597,BAX,2020-02-27,0 days 15:59:48.730482,371737,84.41,84.37,1031,613,-1864,4136
598,BB,2020-02-27,0 days 15:55:01.044729,70686,5.17,5.16,50008,15747,-48907,39563
599,BB,2020-02-27,0 days 15:55:02.046576,67293,5.17,5.16,64108,7050,3393,-48907
600,BB,2020-02-27,0 days 15:58:59.618848,75316,5.14,5.13,45370,62124,3917,-1483
601,BBD,2020-02-27,0 days 15:59:15.694722,1073544,6.73,6.72,232765,294057,35845,-45492
602,BBL,2020-02-27,0 days 15:55:01.039141,25902,38.09,38.08,6453,3525,-10344,12166
603,BBL,2020-02-27,0 days 15:55:02.039092,25546,38.08,38.07,6253,3900,356,-10344
604,BBL,2020-02-27,0 days 15:57:59.467015,28324,38.05,38.04,1900,7169,-3713,387
605,BBL,2020-02-27,0 days 15:58:00.472322,27937,38.05,38.04,4553,6169,387,-3713
606,BBL,2020-02-27,0 days 15:59:00.617119,29966,38.0,37.99,3798,3726,-3439,633
607,BBL,2020-02-27,0 days 15:59:02.621108,29805,38.01,38.0,4253,4501,61,-339
608,BBL,2020-02-27,0 days 15:59:06.631648,29866,38.02,38.01,100,8924,-4789,61
609,BBL,2020-02-27,0 days 15:59:32.694361,35695,37.97,37.96,3700,2202,187,-541
610,BBVA,2020-02-27,0 days 15:59:03.629472,112443,4.89,4.88,392341,38593,-7539,4722
611,BBVA,2020-02-27,0 days 15:59:04.631756,65282,4.89,4.88,402491,37468,46761,-7539
612,BBVA,2020-02-27,0 days 15:59:17.663952,112043,4.89,4.88,360708,63572,-36139,46761
613,BBVA,2020-02-27,0 days 15:59:18.667466,108282,4.89,4.88,381458,48392,3761,-36139
614,BBY,2020-02-27,0 days 15:55:01.039297,229713,78.57,78.54,3,1055,-26206,32740
615,BBY,2020-02-27,0 days 15:55:02.039211,225919,78.6,78.58,695,7,3794,-26206
616,BBY,2020-02-27,0 days 15:56:52.304127,245524,78.6,78.58,852,105,-821,2179
617,BBY,2020-02-27,0 days 15:56:53.307027,241045,78.6,78.58,1052,120,4482,-821
618,BBY,2020-02-27,0 days 15:56:56.314279,246722,78.58,78.56,301,502,-15640,2933
619,BBY,2020-02-27,0 days 15:56:57.316699,243124,78.58,78.56,801,98,4598,-15640
620,BBY,2020-02-27,0 days 15:57:17.366108,256060,78.52,78.5,1700,3270,-2046,2854
621,BBY,2020-02-27,0 days 15:57:18.368403,252906,78.5,78.49,700,109,3154,-2046
622,BBY,2020-02-27,0 days 15:58:52.596934,275838,78.37,78.34,202,500,-7303,2597
623,BBY,2020-02-27,0 days 15:58:53.598952,269341,78.36,78.34,538,300,6597,-7303
624,BBY,2020-02-27,0 days 15:59:07.633578,274709,78.48,78.45,800,500,-15,209
625,BBY,2020-02-27,0 days 15:59:09.638650,273288,78.48,78.44,110,724,1321,-26191
626,BBY,2020-02-27,0 days 15:59:28.684342,273921,78.44,78.4,217,1224,-193,1014
627,BBY,2020-02-27,0 days 15:59:29.686780,273987,78.42,78.41,1800,1629,34,-193
628,BCE,2020-02-27,0 days 15:56:08.235102,15268,45.69,45.68,2830,1202,374,-220
629,BCE,2020-02-27,0 days 15:56:09.238486,14942,45.69,45.68,2930,1302,-326,374
630,BCE,2020-02-27,0 days 15:57:06.378211,18045,45.68,45.67,2566,2560,26,-584
631,BCE,2020-02-27,0 days 15:57:15.398363,17271,45.67,45.66,4029,700,-483,317
632,BCE,2020-02-27,0 days 15:59:06.667474,21474,45.66,45.65,809,2302,829,-3252
633,BCE,2020-02-27,0 days 15:59:07.669262,20803,45.66,45.65,6,3215,-671,829
634,BCE,2020-02-27,0 days 15:59:11.681040,21474,45.65,45.64,99,2860,1603,-472
635,BCE,2020-02-27,0 days 15:59:12.683832,20977,45.66,45.65,2901,802,-497,1603
636,BCE,2020-02-27,0 days 15:59:19.698880,21474,45.65,45.64,2300,300,190,-397
637,BCE,2020-02-27,0 days 15:59:20.700896,20964,45.65,45.64,696,2200,-510,190
638,BCS,2020-02-27,0 days 15:59:36.338870,101312,7.86,7.85,150018,101993,-18450,21850
639,BCS,2020-02-27,0 days 15:59:37.341652,100162,7.86,7.85,155118,101793,1150,-18450
640,BCS,2020-02-27,0 days 15:59:40.350221,101612,7.86,7.85,154626,117699,-3872,1150
641,BDN,2020-02-27,0 days 15:57:36.492732,302422,13.92,13.91,20690,5409,-1970,4930
642,BDN,2020-02-27,0 days 15:57:37.494710,294392,13.92,13.91,25639,2989,8030,-1970
643,BDN,2020-02-27,0 days 15:59:00.697997,301988,13.96,13.95,21517,12867,-2,5605
644,BDN,2020-02-27,0 days 15:59:05.712315,299145,13.95,13.94,21738,5700,5559,-2
645,BDN,2020-02-27,0 days 15:59:06.715311,304704,13.95,13.94,16058,12392,-133,5559
646,BDN,2020-02-27,0 days 15:59:11.726747,302110,13.95,13.94,22046,13235,2594,-133
647,BDN,2020-02-27,0 days 15:59:15.737801,304704,13.95,13.94,18131,16727,-2197,2594
648,BDN,2020-02-27,0 days 15:59:16.738786,302501,13.95,13.94,22741,14527,2203,-2197
649,BDN,2020-02-27,0 days 15:59:17.740970,304704,13.95,13.94,21348,15127,-7164,2203
650,BDN,2020-02-27,0 days 15:59:18.742324,303068,13.95,13.94,22938,14637,1636,-7164
651,BDN,2020-02-27,0 days 15:59:33.779751,355204,13.92,13.91,17924,13471,-1778,3136
652,BDX,2020-02-27,0 days 15:55:01.117120,230032,244.03,243.71,106,100,1866,-17238
653,BDX,2020-02-27,0 days 15:56:57.397145,234200,244.17,244.04,590,10,-190,759
654,BDX,2020-02-27,0 days 15:56:58.399507,232590,244.15,244.04,403,10,1610,-190
655,BDX,2020-02-27,0 days 15:57:42.507114,259600,244.02,244.0,321,50,-1366,234
656,BDX,2020-02-27,0 days 15:57:48.522359,236566,244.04,244.01,302,100,934,-766
657,BDX,2020-02-27,0 days 15:58:38.643744,263565,243.82,243.72,2109,411,-4149,951
658,BDX,2020-02-27,0 days 15:58:39.647225,260762,243.82,243.72,2609,513,2803,-4149
659,BDX,2020-02-27,0 days 15:59:02.702733,263396,243.75,243.69,100,300,-4307,751
660,BDX,2020-02-27,0 days 15:59:05.712166,262408,243.9,243.78,211,300,19,-1071
661,BDX,2020-02-27,0 days 15:59:08.719015,262434,243.94,243.8,200,200,-20827,25
662,BDX,2020-02-27,0 days 15:59:42.801740,283632,243.54,243.3,1400,200,1985,-420
663,BDX,2020-02-27,0 days 15:59:44.807104,282533,243.63,243.5,100,100,-2799,2585
664,BDX,2020-02-27,0 days 15:59:45.809629,285832,243.6,243.4,1580,200,1687,-2799
665,BE,2020-02-27,0 days 15:52:15.729410,10017,9.21,9.19,800,539,23478,-11908
666,BE,2020-02-27,0 days 15:53:29.907108,33495,9.21,9.17,1200,152,-7408,23678
667,BEN,2020-02-27,0 days 15:59:42.215787,506166,22.73,22.72,4134,4112,-7701,9799
668,BEN,2020-02-27,0 days 15:59:43.217819,513867,22.73,22.72,5733,867,1745,-7701
669,BEN,2020-02-27,0 days 15:59:46.224505,511582,22.71,22.7,7705,1002,-2285,11815
670,BERY,2020-02-27,0 days 15:55:47.229566,80495,37.61,37.6,2054,1600,-1152,648
671,BERY,2020-02-27,0 days 15:55:48.231256,79747,37.61,37.6,2054,1600,748,-1152
672,BERY,2020-02-27,0 days 15:57:10.430510,82963,37.63,37.62,1410,495,-973,1474
673,BERY,2020-02-27,0 days 15:57:14.439923,81436,37.63,37.62,1519,238,1527,-973
674,BERY,2020-02-27,0 days 15:59:01.800925,84614,37.6,37.59,1364,1343,-2152,1517
675,BERY,2020-02-27,0 days 15:59:02.702761,83966,37.6,37.59,1329,1603,648,-2152
676,BERY,2020-02-27,0 days 15:59:43.803452,83109,37.59,37.58,108,800,4068,-5151
677,BGG,2020-02-27,0 days 15:57:09.872694,63327,2.99,2.98,22176,3539,840,-1860
678,BGG,2020-02-27,0 days 15:57:10.875773,61567,2.99,2.98,22076,3439,-1760,840
679,BGG,2020-02-27,0 days 15:59:08.161373,63303,2.99,2.98,27759,13990,-1073,627
680,BGG,2020-02-27,0 days 15:59:19.187719,64376,2.99,2.98,34960,10836,4191,-1073
681,BGG,2020-02-27,0 days 15:59:20.189671,63767,2.99,2.98,33267,12456,-609,4191
682,BGG,2020-02-27,0 days 15:59:42.243108,63962,2.99,2.98,39001,14223,-414,2486
683,BGG,2020-02-27,0 days 15:59:43.245060,64376,2.99,2.98,37871,13961,4355,-414
684,BGG,2020-02-27,0 days 15:59:44.246825,64131,2.99,2.98,37771,14602,-245,4355
685,BGS,2020-02-27,0 days 15:56:48.375032,137891,14.28,14.27,12413,9943,-1584,2016
686,BGS,2020-02-27,0 days 15:56:49.379705,135296,14.28,14.27,13083,9988,2595,-1584
687,BGS,2020-02-27,0 days 15:57:03.412906,137901,14.28,14.27,12772,11110,-783,3417
688,BGS,2020-02-27,0 days 15:57:04.415000,138684,14.28,14.27,12472,15610,537,-783
689,BGS,2020-02-27,0 days 15:57:06.419605,143621,14.28,14.27,12373,16910,-1090,492
690,BGS,2020-02-27,0 days 15:58:49.670376,151987,14.28,14.27,16797,7335,4656,-8562
691,BHC,2020-02-27,0 days 15:55:38.216678,89492,22.6,22.59,1603,6524,-511,689
692,BHC,2020-02-27,0 days 15:55:39.219399,86603,22.6,22.59,1703,6224,2889,-511
693,BHC,2020-02-27,0 days 15:55:47.239005,89492,22.59,22.58,2834,4554,-11,2889
694,BHC,2020-02-27,0 days 15:56:19.314225,89503,22.6,22.59,600,7769,1189,-11
695,BHC,2020-02-27,0 days 15:57:00.413659,97132,22.57,22.56,6773,1901,-506,804
696,BHC,2020-02-27,0 days 15:57:01.416241,94138,22.57,22.56,7378,1501,3009,-506
697,BHC,2020-02-27,0 days 15:57:14.448270,97147,22.58,22.57,3687,5504,-953,1540
698,BHC,2020-02-27,0 days 15:57:15.450707,96051,22.58,22.57,3687,5304,1096,-953
699,BHC,2020-02-27,0 days 15:59:37.796123,117500,22.55,22.54,1044,7123,-12067,1279
700,BHC,2020-02-27,0 days 15:59:50.829377,111267,22.55,22.54,5444,850,6233,-667
701,BHP,2020-02-27,0 days 15:58:02.972932,50329,45.05,45.04,2681,2946,-173,845
702,BHP,2020-02-27,0 days 15:58:03.975958,48602,45.04,45.03,1925,6217,1727,-173
703,BHP,2020-02-27,0 days 15:58:05.981199,50329,45.04,45.03,2600,5517,-2052,517
704,BHP,2020-02-27,0 days 15:58:06.982818,48981,45.04,45.03,700,7717,1348,-2052
705,BHP,2020-02-27,0 days 15:58:36.054045,50850,45.0,44.99,1729,4161,-3706,1894
706,BHP,2020-02-27,0 days 15:58:37.055850,49956,45.0,44.99,1805,4437,894,-3706
707,BHP,2020-02-27,0 days 15:59:08.131624,50404,45.04,45.03,3082,500,-142,604
708,BIG,2020-02-27,0 days 15:56:48.384044,75593,22.47,22.46,2879,414,-1916,516
709,BIG,2020-02-27,0 days 15:56:49.387419,74609,22.47,22.46,2879,248,984,-1916
710,BIG,2020-02-27,0 days 15:56:58.408858,75693,22.47,22.46,3186,290,-216,1084
711,BIG,2020-02-27,0 days 15:56:59.411389,75209,22.47,22.46,3022,268,484,-216
712,BIG,2020-02-27,0 days 15:57:04.423478,75738,22.43,22.41,1220,300,-1397,621
713,BIG,2020-02-27,0 days 15:57:05.426294,75235,22.43,22.41,1867,300,458,-1397
714,BIG,2020-02-27,0 days 15:59:12.737167,94124,22.49,22.48,320,1499,-196,249
715,BIG,2020-02-27,0 days 15:59:19.752263,94320,22.49,22.47,6445,1531,1532,-196
716,BIG,2020-02-27,0 days 15:59:35.792301,94507,22.48,22.47,1072,869,-313,1366
717,BIG,2020-02-27,0 days 15:59:48.823307,94210,22.45,22.44,1924,605,342,-158
718,BJ,2020-02-27,0 days 15:59:16.854156,283750,19.73,19.72,169,1098,-1698,8855
719,BJ,2020-02-27,0 days 15:59:17.857532,282748,19.72,19.71,100,2324,902,-1698
720,BJ,2020-02-27,0 days 15:59:30.888771,286695,19.73,19.72,2906,367,-2055,2245
721,BJ,2020-02-27,0 days 15:59:34.899133,290450,19.73,19.71,2485,3479,645,-755
722,BJ,2020-02-27,0 days 15:59:38.908889,292695,19.74,19.71,1903,2555,-45,245
723,BJ,2020-02-27,0 days 15:59:58.955754,293169,19.72,19.7,900,55,726,-1851
724,BK,2020-02-27,0 days 15:56:45.376787,652676,41.15,41.14,500,1800,70464,-15236
725,BK,2020-02-27,0 days 15:56:46.379021,514640,41.15,41.14,4800,1450,-138036,70464
726,BK,2020-02-27,0 days 15:59:04.716265,690328,41.02,41.01,700,4311,60257,-10393
727,BK,2020-02-27,0 days 15:59:05.719675,633785,41.02,41.01,2971,2513,-56966,60257
728,BK,2020-02-27,0 days 15:59:23.761120,734808,41.04,41.03,4092,2802,-2965,1918
729,BK,2020-02-27,0 days 15:59:46.817850,743474,41.02,41.01,4300,2800,26229,-2987
730,BK,2020-02-27,0 days 15:59:47.820265,739403,41.02,41.01,3596,3313,-8245,26229
731,BK,2020-02-27,0 days 15:59:51.830552,749385,40.99,40.98,4400,1545,6089,-13523
732,BKD,2020-02-27,0 days 15:55:01.039579,295835,6.43,6.42,2000,2902,-2264,302
733,BKD,2020-02-27,0 days 15:55:02.039327,291699,6.43,6.42,2411,3779,4136,-2264
734,BKD,2020-02-27,0 days 15:56:21.229358,297467,6.44,6.43,4804,3717,-2316,1439
735,BKD,2020-02-27,0 days 15:56:22.231046,293883,6.44,6.43,5104,3517,3584,-2316
736,BKD,2020-02-27,0 days 15:56:55.311964,297580,6.44,6.43,6267,5123,-2555,3645
737,BKD,2020-02-27,0 days 15:56:56.314343,294535,6.44,6.43,6067,5123,3045,-2555
738,BKD,2020-02-27,0 days 15:58:13.502828,301506,6.42,6.41,12270,3804,-3041,1660
739,BKD,2020-02-27,0 days 15:58:14.506478,300747,6.42,6.41,12670,3904,759,-3041
740,BKD,2020-02-27,0 days 15:58:40.568049,299271,6.42,6.41,13277,4690,-1439,796
741,BKD,2020-02-27,0 days 15:58:41.570056,298610,6.42,6.41,13151,4287,661,-1439
742,BKR,2020-02-27,0 days 15:59:40.350257,770659,16.72,16.71,7584,15830,7758,-11927
743,BKR,2020-02-27,0 days 15:59:48.368958,772578,16.7,16.69,4417,9205,-6681,9719
744,BLL,2020-02-27,0 days 15:59:32.694667,721204,72.06,72.04,300,10,61002,-67025
745,BLL,2020-02-27,0 days 15:59:34.699972,719349,72.13,72.08,700,671,-1855,11145
746,BLL,2020-02-27,0 days 15:59:36.704725,722621,72.12,72.09,964,442,11160,-6293
747,BLL,2020-02-27,0 days 15:59:37.707472,716681,72.12,72.07,774,525,-9840,11160
748,BLL,2020-02-27,0 days 15:59:38.709447,727221,72.1,72.09,1000,98,4148,-9840
749,BLL,2020-02-27,0 days 15:59:39.711675,726609,72.12,72.08,1401,1100,-2212,4148
750,BLL,2020-02-27,0 days 15:59:43.719891,728959,72.16,72.11,1060,460,790,-3084
751,BLL,2020-02-27,0 days 15:59:44.722446,727594,72.16,72.12,1100,250,-3277,790
752,BMY,2020-02-27,0 days 15:57:58.963145,2499091,59.68,59.67,1800,1801,18013,-111556
753,BMY,2020-02-27,0 days 15:58:08.988704,2496509,59.73,59.72,1685,100,-10722,1446
754,BMY,2020-02-27,0 days 15:58:35.052225,2525277,59.69,59.68,1255,2099,-15349,4781
755,BMY,2020-02-27,0 days 15:58:46.077732,2545407,59.67,59.66,453,3700,-71,10227
756,BMY,2020-02-27,0 days 15:58:48.081874,2522278,59.67,59.66,1596,2810,3009,-20201
757,BMY,2020-02-27,0 days 15:58:53.094185,2522778,59.69,59.67,2338,1441,2509,-1791
758,BMY,2020-02-27,0 days 15:59:01.114550,2512681,59.71,59.7,3399,3248,104,-12294
759,BMY,2020-02-27,0 days 15:59:02.116684,2502017,59.74,59.73,3890,1127,-10664,104
760,BMY,2020-02-27,0 days 15:59:05.124775,2614657,59.74,59.73,1303,3800,8901,-4513
761,BMY,2020-02-27,0 days 15:59:09.134081,2627107,59.74,59.73,1500,1703,-8091,7650
762,BNS,2020-02-27,0 days 15:57:05.426322,35943,53.64,53.63,2283,802,1,-564
763,BNS,2020-02-27,0 days 15:57:14.448270,33844,53.61,53.6,1888,900,-2099,701
764,BNS,2020-02-27,0 days 15:59:09.729067,38481,53.55,53.54,1600,502,810,-953
765,BNS,2020-02-27,0 days 15:59:10.733093,36791,53.55,53.54,1000,1800,-1690,810
766,BNS,2020-02-27,0 days 15:59:15.744480,38481,53.56,53.55,445,1000,238,-362
767,BNS,2020-02-27,0 days 15:59:24.764225,34419,53.52,53.51,1152,200,-3574,626
768,BNS,2020-02-27,0 days 15:59:37.796123,37993,53.49,53.46,1256,900,933,-577
769,BNS,2020-02-27,0 days 15:59:38.799309,37592,53.49,53.47,2262,100,-401,933
770,BNS,2020-02-27,0 days 15:59:39.801552,37993,53.49,53.47,2262,100,79,-401
771,BNS,2020-02-27,0 days 15:59:46.818011,36714,53.44,53.43,210,795,-840,1410
772,BOX,2020-02-27,0 days 15:55:40.330604,282627,15.37,15.35,992,1400,2013,-4685
773,BOX,2020-02-27,0 days 15:55:41.333933,278840,15.37,15.36,892,1213,-3787,2013
774,BOX,2020-02-27,0 days 15:57:00.523262,291241,15.35,15.34,60,1427,2728,-1672
775,BOX,2020-02-27,0 days 15:57:01.525473,289369,15.36,15.35,1177,236,-1872,2728
776,BOX,2020-02-27,0 days 15:59:29.886223,306900,15.34,15.33,2641,1600,175,-1094
777,BOX,2020-02-27,0 days 15:59:51.940119,311295,15.31,15.3,2682,1381,1110,-8542
778,BP,2020-02-27,0 days 15:57:37.939725,298013,31.54,31.53,21484,4697,-1861,339
779,BP,2020-02-27,0 days 15:57:38.943558,282474,31.54,31.53,22200,3497,15539,-1861
780,BRFS,2020-02-27,0 days 15:59:09.163280,30802,6.2,6.19,59682,12444,-3483,641
781,BRK.B,2020-02-27,0 days 15:55:01.044598,1360619,208.37,208.31,100,71,1910,-105385
782,BRK.B,2020-02-27,0 days 15:55:02.046440,1356629,208.43,208.38,200,200,-3990,1910
783,BRK.B,2020-02-27,0 days 15:55:55.174489,1362766,208.47,208.43,147,104,5515,-4402
784,BRK.B,2020-02-27,0 days 15:55:56.176887,1359618,208.47,208.44,384,1860,-35257,5515
785,BRK.B,2020-02-27,0 days 15:57:05.345934,1411621,208.26,208.17,341,100,7550,-7898
786,BRK.B,2020-02-27,0 days 15:57:06.346970,1409212,208.26,208.17,841,100,-2409,7550
787,BRK.B,2020-02-27,0 days 15:57:14.364833,1411817,208.17,208.14,46,16,1571,-2129
788,BRK.B,2020-02-27,0 days 15:57:15.367843,1408984,208.15,208.1,200,154,-2833,1571
789,BRK.B,2020-02-27,0 days 15:58:08.496744,1431941,207.72,207.68,100,700,3434,-1755
790,BRK.B,2020-02-27,0 days 15:58:09.496578,1426786,207.73,207.69,100,600,-8955,3434
791,BRK.B,2020-02-27,0 days 15:58:29.545948,1435254,207.58,207.52,248,1500,4895,-854
792,BRK.B,2020-02-27,0 days 15:58:30.549071,1429077,207.58,207.53,100,1601,-7000,4895
793,BRK.B,2020-02-27,0 days 15:58:38.567228,1436077,207.64,207.6,300,13,846,-4154
794,BRK.B,2020-02-27,0 days 15:58:39.569715,1431119,207.68,207.64,83,2,-4958,846
795,BRK.B,2020-02-27,0 days 15:59:05.634147,1461560,207.86,207.84,1020,29,34798,-12471
796,BRK.B,2020-02-27,0 days 15:59:15.659202,1487705,208.07,208.04,2763,4,495,-4161
797,BRK.B,2020-02-27,0 days 15:59:19.668575,1487240,208.05,208.04,715,3,-465,6335
798,BRK.B,2020-02-27,0 days 15:59:20.670456,1481005,208.03,208.02,1300,1924,6735,-465
799,BRK.B,2020-02-27,0 days 15:59:47.735839,1647954,207.79,207.73,600,500,-20088,30317
800,BRK.B,2020-02-27,0 days 15:59:48.739956,1644442,207.79,207.75,989,38,3416,-20088
801,BRX,2020-02-27,0 days 15:59:21.163929,283600,18.41,18.4,2986,8381,600,-3572
802,BRX,2020-02-27,0 days 15:59:31.190791,279946,18.4,18.39,7832,1500,-3111,600
803,BRX,2020-02-27,0 days 15:59:33.193202,286600,18.4,18.39,890,9724,3646,-211
804,BRX,2020-02-27,0 days 15:59:38.205109,288368,18.39,18.38,4417,2307,-313,511
805,BSBR,2020-02-27,0 days 15:58:10.693992,36854,8.52,8.51,19611,19780,-628,1711
806,BSBR,2020-02-27,0 days 15:58:45.778371,34746,8.52,8.51,9584,26073,2108,-628
807,BSX,2020-02-27,0 days 15:58:22.528027,958232,38.06,38.05,2651,8104,1458,-6342
808,BSX,2020-02-27,0 days 15:58:23.530134,934090,38.06,38.05,4587,8004,-24142,1458
809,BSX,2020-02-27,0 days 15:58:37.564198,963332,38.06,38.05,5420,5049,5858,-20742
810,BSX,2020-02-27,0 days 15:58:38.566870,933990,38.06,38.05,3910,4985,-29342,5858
811,BSX,2020-02-27,0 days 15:59:04.629750,967480,38.09,38.08,4500,1389,33427,-17279
812,BSX,2020-02-27,0 days 15:59:05.632463,950027,38.09,38.08,1000,4406,-17453,33427
813,BSX,2020-02-27,0 days 15:59:32.698833,1086096,38.05,38.04,1526,8249,107662,-17705
814,BSX,2020-02-27,0 days 15:59:33.706935,1073858,38.06,38.05,2611,1755,-12238,107662
815,BSX,2020-02-27,0 days 15:59:34.703913,1086096,38.05,38.04,1600,8902,3382,-12238
816,BSX,2020-02-27,0 days 15:59:37.711379,1064246,38.05,38.04,2731,8103,-23750,12750
817,BSX,2020-02-27,0 days 15:59:41.720836,1082137,38.03,38.02,1400,4785,-13859,10251
818,BSX,2020-02-27,0 days 15:59:42.723511,1095996,38.0,37.99,1563,6257,17848,-13859
819,BTI,2020-02-27,0 days 15:56:59.847750,31823,40.53,40.52,1303,3404,-203,617
820,BTI,2020-02-27,0 days 15:57:00.851071,31596,40.53,40.52,1503,3004,227,-203
821,BTI,2020-02-27,0 days 15:59:14.175850,33869,40.4,40.39,700,3072,-14,114
822,BTI,2020-02-27,0 days 15:59:18.184964,33883,40.4,40.39,1176,2914,290,-14
823,BUD,2020-02-27,0 days 15:59:33.331721,115685,60.26,60.25,2151,2000,1655,-1245
824,BUD,2020-02-27,0 days 15:59:41.351917,117340,60.26,60.25,2585,5672,-215,55
825,BUD,2020-02-27,0 days 15:59:45.362012,116655,60.25,60.23,22846,700,685,-515
826,BVN,2020-02-27,0 days 15:55:38.127065,93146,12.36,12.35,5065,62204,32433,-4452
827,BVN,2020-02-27,0 days 15:55:39.129511,85679,12.36,12.35,6365,61221,-7467,32433
828,BVN,2020-02-27,0 days 15:57:04.341701,91746,12.35,12.34,5597,25724,484,-267
829,BVN,2020-02-27,0 days 15:59:03.624138,119485,12.36,12.35,8568,15131,10195,-1978
830,BVN,2020-02-27,0 days 15:59:04.626104,118380,12.36,12.35,11257,11457,-1105,10195
831,BVN,2020-02-27,0 days 15:59:13.650525,124368,12.36,12.35,12247,6884,1412,-5988
832,BWA,2020-02-27,0 days 15:58:05.571881,358752,30.66,30.65,3868,300,12497,-2004
833,BWA,2020-02-27,0 days 15:58:06.575493,340037,30.66,30.65,4729,1978,-18715,12497
834,BWA,2020-02-27,0 days 15:59:00.706377,367696,30.63,30.62,4578,1911,59255,-12047
835,BWA,2020-02-27,0 days 15:59:01.810844,362671,30.64,30.63,500,2100,-5025,59255
836,BWA,2020-02-27,0 days 15:59:04.716117,373196,30.66,30.65,1300,1422,10972,-7825
837,BWA,2020-02-27,0 days 15:59:05.719427,354068,30.66,30.65,1139,1800,-13746,10972
838,BWA,2020-02-27,0 days 15:59:21.756877,372013,30.65,30.64,1234,2358,75,-25
839,BWA,2020-02-27,0 days 15:59:23.761021,367388,30.65,30.64,3121,3158,-2725,1975
840,BX,2020-02-27,0 days 15:55:00.063687,371912,53.58,53.56,1150,1242,7635,-12691
841,BX,2020-02-27,0 days 15:58:37.566000,419825,53.31,53.3,799,2540,-1777,3523
842,BX,2020-02-27,0 days 15:58:38.568641,410802,53.3,53.29,796,1708,8023,-1777
843,BX,2020-02-27,0 days 15:59:08.642465,421595,53.39,53.37,776,1109,-298,6865
844,BX,2020-02-27,0 days 15:59:23.678385,422790,53.38,53.37,1385,798,10428,-1195
845,BX,2020-02-27,0 days 15:59:40.722741,438037,53.34,53.33,788,323,-255,4345
846,BXMT,2020-02-27,0 days 15:55:00.114680,89595,37.02,37.0,2003,1539,76,-23765
847,BXMT,2020-02-27,0 days 15:55:37.204529,100471,37.02,37.01,1206,2845,-1178,76
848,BXMT,2020-02-27,0 days 15:56:56.394689,104781,37.06,37.05,2532,3368,159,-50
849,BXMT,2020-02-27,0 days 15:56:57.397145,103640,37.06,37.05,1830,3568,-641,159
850,BXMT,2020-02-27,0 days 15:57:50.526935,105296,37.0,36.99,2707,2153,759,-610
851,BXMT,2020-02-27,0 days 15:57:51.529436,104355,37.0,36.99,1978,1928,-941,759
852,BXMT,2020-02-27,0 days 15:57:53.534146,103196,37.0,36.99,2878,2728,1159,-941
853,BXMT,2020-02-27,0 days 15:57:54.536922,102555,37.0,36.99,3078,2428,-641,1159
854,BXMT,2020-02-27,0 days 15:58:55.685583,103278,36.96,36.95,1533,3150,2823,-310
855,BXMT,2020-02-27,0 days 15:58:56.686999,102401,36.96,36.95,567,3350,-877,2823
856,BXMT,2020-02-27,0 days 15:59:12.728123,107520,36.98,36.97,1602,2063,1701,-2819
857,BXMT,2020-02-27,0 days 15:59:13.731332,106721,36.98,36.97,1202,2121,-799,1701
858,BXMT,2020-02-27,0 days 15:59:35.784410,108050,36.98,36.97,2310,233,924,-1476
859,BXMT,2020-02-27,0 days 15:59:36.786735,107674,36.97,36.96,2212,246,-106,924
860,BXMT,2020-02-27,0 days 15:59:45.809605,108580,36.97,36.96,2332,191,3450,-620
861,BXMT,2020-02-27,0 days 15:59:48.815441,108230,36.98,36.97,699,920,-350,3450
862,BXMT,2020-02-27,0 days 15:59:56.834059,108580,36.96,36.94,3295,19,150,-750
863,BYD,2020-02-27,0 days 15:55:00.058816,87939,26.83,26.82,300,100,605,-29512
864,BYD,2020-02-27,0 days 15:56:12.208569,88744,26.83,26.81,800,500,-1527,291
865,BYD,2020-02-27,0 days 15:56:13.210089,88371,26.83,26.81,2301,200,273,-1527
866,BYD,2020-02-27,0 days 15:57:06.340135,91819,26.76,26.75,1700,2407,-2298,953
867,BYD,2020-02-27,0 days 15:57:15.361133,94428,26.76,26.75,2302,2017,-71,890
868,BYD,2020-02-27,0 days 15:57:16.363953,91681,26.76,26.75,2302,2117,2647,-71
869,BYD,2020-02-27,0 days 15:57:31.400898,96128,26.77,26.76,800,1830,-1265,535
870,BYD,2020-02-27,0 days 15:57:32.401400,95293,26.77,26.76,1200,1374,323,-1265
871,BYD,2020-02-27,0 days 15:57:38.416934,96128,26.76,26.75,1156,1407,-465,323
872,BYD,2020-02-27,0 days 15:57:39.418818,95293,26.76,26.75,1434,883,835,-465
873,BYD,2020-02-27,0 days 15:58:12.500207,99830,26.66,26.65,3629,670,-816,1137
874,BYD,2020-02-27,0 days 15:58:13.502856,98846,26.66,26.65,2963,910,884,-816
875,BYD,2020-02-27,0 days 15:59:01.618909,96866,26.69,26.68,243,1497,205,-2275
876,BYD,2020-02-27,0 days 15:59:35.702762,118588,26.65,26.64,1932,309,-692,608
877,BYD,2020-02-27,0 days 15:59:45.725230,120480,26.66,26.65,2442,380,1769,-1248
878,C,2020-02-27,0 days 15:59:00.815123,1686932,64.46,64.45,3400,1020,9447,-41493
879,C,2020-02-27,0 days 15:59:01.890364,1650497,64.49,64.48,543,3645,-36435,9447
880,C,2020-02-27,0 days 15:59:11.847030,1695718,64.55,64.54,550,3223,-4816,11336
881,C,2020-02-27,0 days 15:59:24.873699,1707480,64.55,64.54,1652,3834,-3168,10032
882,C,2020-02-27,0 days 15:59:31.891322,1710598,64.53,64.52,1300,1382,31137,-241
883,C,2020-02-27,0 days 15:59:45.926086,1765478,64.54,64.53,1401,4997,-786,6580
884,C,2020-02-27,0 days 15:59:46.927597,1766264,64.53,64.52,2400,1190,114,-786
885,CAG,2020-02-27,0 days 15:55:00.122895,346677,26.45,26.44,1236,400,53678,-46449
886,CAG,2020-02-27,0 days 15:57:07.431627,520706,26.46,26.45,2540,2975,-297,2352
887,CAG,2020-02-27,0 days 15:59:03.713757,531782,26.45,26.44,1068,4111,-39805,4869
888,CAG,2020-02-27,0 days 15:59:04.716201,521387,26.43,26.42,340,2362,10395,-39805
889,CAG,2020-02-27,0 days 15:59:12.737061,533092,26.46,26.45,800,4001,-37724,1368
890,CAG,2020-02-27,0 days 15:59:13.738590,499316,26.45,26.44,4238,1593,33776,-37724
891,CAG,2020-02-27,0 days 15:59:26.769489,540596,26.45,26.44,3436,4629,-6225,10175
892,CAG,2020-02-27,0 days 15:59:27.770897,537221,26.45,26.44,4098,2538,3375,-6225
893,CAH,2020-02-27,0 days 15:59:31.731349,586809,52.36,52.33,1066,500,-1439,3671
894,CAH,2020-02-27,0 days 15:59:57.793672,613112,52.26,52.24,460,5655,-10102,5271
895,CARS,2020-02-27,0 days 15:57:00.851097,105965,8.28,8.27,10876,1907,1117,-542
896,CARS,2020-02-27,0 days 15:57:09.872720,107382,8.28,8.27,10415,1596,-3898,1302
897,CARS,2020-02-27,0 days 15:58:36.082370,111280,8.23,8.22,12516,1900,1263,-4137
898,CAT,2020-02-27,0 days 15:55:10.067715,746242,123.99,123.94,200,646,67,-733
899,CAT,2020-02-27,0 days 15:55:11.068861,741209,123.98,123.94,200,412,-4233,67
900,CAT,2020-02-27,0 days 15:55:56.177464,746800,123.98,123.93,200,300,1092,-1864
901,CAT,2020-02-27,0 days 15:55:57.179578,742392,123.98,123.95,100,252,-3608,1092
902,CAT,2020-02-27,0 days 15:56:58.326493,747540,123.97,123.92,2,785,7585,-2616
903,CAT,2020-02-27,0 days 15:56:59.328954,744325,123.97,123.94,2,300,-4180,7585
904,CAT,2020-02-27,0 days 15:57:05.346478,754858,123.9,123.85,500,6,650,-2550
905,CAT,2020-02-27,0 days 15:57:06.347260,752669,123.91,123.86,401,390,-5089,650
906,CAT,2020-02-27,0 days 15:57:19.378040,756374,123.85,123.81,537,100,2521,-90
907,CAT,2020-02-27,0 days 15:57:20.380754,746495,123.85,123.81,1230,300,-9879,2521
908,CAT,2020-02-27,0 days 15:57:23.388183,756374,123.83,123.8,182,142,21,-2590
909,CAT,2020-02-27,0 days 15:57:24.388397,753995,123.82,123.8,373,142,-2379,21
910,CAT,2020-02-27,0 days 15:57:34.413447,756374,123.76,123.72,396,26,1021,-2079
911,CAT,2020-02-27,0 days 15:57:35.415603,754695,123.73,123.69,248,5,-1679,1021
912,CAT,2020-02-27,0 days 15:57:36.417275,756374,123.72,123.67,120,55,1321,-1679
913,CAT,2020-02-27,0 days 15:57:38.423358,756064,123.72,123.67,337,377,-310,4621
914,CAT,2020-02-27,0 days 15:57:40.427051,756374,123.72,123.67,589,300,1121,-310
915,CAT,2020-02-27,0 days 15:57:42.431689,756064,123.7,123.67,580,100,-310,2321
916,CAT,2020-02-27,0 days 15:57:47.443617,756417,123.68,123.65,93,411,1647,-2553
917,CAT,2020-02-27,0 days 15:57:48.446997,755964,123.68,123.65,93,200,-453,1647
918,CAT,2020-02-27,0 days 15:57:50.451361,756417,123.7,123.65,711,595,47,-553
919,CAT,2020-02-27,0 days 15:57:52.456338,753164,123.68,123.65,260,480,-3253,3747
920,CAT,2020-02-27,0 days 15:57:53.458695,756417,123.69,123.64,704,194,1847,-3253
921,CAT,2020-02-27,0 days 15:57:56.465727,756064,123.66,123.61,419,685,-368,832
922,CAT,2020-02-27,0 days 15:58:05.488239,752604,123.65,123.63,106,200,-3962,4885
923,CAT,2020-02-27,0 days 15:58:08.497076,756605,123.62,123.57,383,200,8546,-501
924,CAT,2020-02-27,0 days 15:58:11.503054,758504,123.63,123.57,300,202,-6201,4846
925,CAT,2020-02-27,0 days 15:58:13.507992,756605,123.62,123.57,266,500,7446,-4701
926,CAT,2020-02-27,0 days 15:58:14.510330,760904,123.63,123.58,200,300,-18,7446
927,CAT,2020-02-27,0 days 15:58:45.585751,764094,123.61,123.59,255,110,-228,919
928,CAT,2020-02-27,0 days 15:58:46.587671,763322,123.59,123.55,291,204,1119,-228
929,CAT,2020-02-27,0 days 15:58:50.596854,765441,123.52,123.49,1,200,-81,2142
930,CAT,2020-02-27,0 days 15:58:51.599362,764522,123.55,123.49,781,300,819,-81
931,CAT,2020-02-27,0 days 15:58:55.608562,765341,123.54,123.52,93,300,-655,1068
932,CAT,2020-02-27,0 days 15:58:56.611440,764496,123.5,123.46,20,400,2068,-655
933,CAT,2020-02-27,0 days 15:58:58.616374,765341,123.55,123.54,700,200,-255,968
934,CAT,2020-02-27,0 days 15:58:59.618956,764496,123.56,123.49,744,424,2068,-255
935,CAT,2020-02-27,0 days 15:59:02.626899,765241,123.63,123.57,372,547,-400,923
936,CAT,2020-02-27,0 days 15:59:04.631824,763541,123.6,123.59,2,1,900,-547
937,CAT,2020-02-27,0 days 15:59:06.637344,762462,123.64,123.6,249,679,-1102,121
938,CAT,2020-02-27,0 days 15:59:10.648879,759048,123.66,123.62,300,85,1618,-4586
939,CAT,2020-02-27,0 days 15:59:14.657917,780898,123.67,123.6,275,300,1868,-7132
940,CAT,2020-02-27,0 days 15:59:19.668998,778797,123.48,123.46,32,53,-421,6079
941,CAT,2020-02-27,0 days 15:59:20.670759,779212,123.51,123.46,58,53,1041,-421
942,CAT,2020-02-27,0 days 15:59:29.692929,784687,123.51,123.48,480,10,366,-4057
943,CAT,2020-02-27,0 days 15:59:30.697954,783853,123.47,123.46,700,535,-634,366
944,CAT,2020-02-27,0 days 15:59:31.698609,784687,123.49,123.48,680,73,7932,-634
945,CAT,2020-02-27,0 days 15:59:32.701293,784819,123.51,123.45,840,246,-168,7932
946,CAT,2020-02-27,0 days 15:59:39.718408,792625,123.44,123.43,268,240,-8356,12912
947,CAT,2020-02-27,0 days 15:59:40.722638,792181,123.47,123.44,49,300,1044,-8356
948,CAT,2020-02-27,0 days 15:59:41.722993,793225,123.48,123.47,411,200,-2756,1044
949,CAT,2020-02-27,0 days 15:59:42.725702,792787,123.48,123.45,653,472,320,-2756
950,CAT,2020-02-27,0 days 15:59:43.727618,792907,123.49,123.45,95,1089,-1080,320
951,CAT,2020-02-27,0 days 15:59:45.732863,792887,123.49,123.45,743,844,420,-12780
952,CB,2020-02-27,0 days 15:59:58.254150,630696,150.08,150.07,1252,2468,2623,-3173
953,CBRE,2020-02-27,0 days 15:57:05.426322,274627,57.01,56.99,372,1514,1978,-4882
954,CBRE,2020-02-27,0 days 15:57:06.428607,267305,57.02,57.0,640,1000,-12622,1978
955,CBRE,2020-02-27,0 days 15:57:58.555364,285788,56.87,56.85,308,340,12,-4008
956,CBRE,2020-02-27,0 days 15:58:04.569588,277800,56.85,56.8,602,500,-6435,1665
957,CBRE,2020-02-27,0 days 15:59:49.825341,316825,56.62,56.57,652,2601,3473,-4649
958,CBRE,2020-02-27,0 days 15:59:50.829315,280718,56.62,56.59,2,406,-37500,3473
959,CC,2020-02-27,0 days 15:56:12.739288,264939,14.29,14.28,1607,5093,-36,1494
960,CC,2020-02-27,0 days 15:56:13.708396,263410,14.29,14.28,407,4586,1529,-36
961,CC,2020-02-27,0 days 15:58:34.048256,277632,14.21,14.2,4578,5628,-267,433
962,CC,2020-02-27,0 days 15:58:39.060695,277899,14.21,14.2,5017,6014,9633,-267
963,CC,2020-02-27,0 days 15:59:08.131502,294060,14.21,14.2,1172,6569,-1002,13154
964,CC,2020-02-27,0 days 15:59:09.133969,289069,14.21,14.2,1684,5471,3991,-1002
965,CC,2020-02-27,0 days 15:59:10.136212,294060,14.21,14.2,1784,4956,-20241,3991
966,CC,2020-02-27,0 days 15:59:11.139433,290605,14.21,14.2,3443,2855,3455,-20241
967,CC,2020-02-27,0 days 15:59:12.141782,294060,14.2,14.19,4480,4400,-90481,3455
968,CCC,2020-02-27,0 days 15:56:58.326384,77540,20.63,20.62,3688,766,-598,772
969,CCC,2020-02-27,0 days 15:56:59.328927,76738,20.63,20.62,3688,766,802,-598
970,CCC,2020-02-27,0 days 15:57:10.356038,77540,20.63,20.62,4078,2569,-672,40
971,CCC,2020-02-27,0 days 15:57:11.359161,76912,20.63,20.62,4078,2669,628,-672
972,CCC,2020-02-27,0 days 15:58:30.549221,78077,20.58,20.57,1616,989,-1651,749
973,CCC,2020-02-27,0 days 15:58:31.551496,77628,20.58,20.57,1616,1369,449,-1651
974,CCC,2020-02-27,0 days 15:58:49.594894,78277,20.58,20.57,3371,2266,-551,649
975,CCC,2020-02-27,0 days 15:59:03.629393,78277,20.56,20.55,2756,1294,-3620,349
976,CCI,2020-02-27,0 days 15:59:23.870709,342082,149.14,149.09,13,792,272,-1628
977,CCI,2020-02-27,0 days 15:59:24.873750,340454,149.14,149.09,90,504,-1628,272
978,CCI,2020-02-27,0 days 15:59:25.876343,342082,149.15,149.08,639,100,472,-1628
979,CCI,2020-02-27,0 days 15:59:28.883273,342323,149.14,149.03,260,509,-1060,272
980,CCI,2020-02-27,0 days 15:59:30.888684,343383,149.05,149.03,424,10,2040,-1060
981,CCI,2020-02-27,0 days 15:59:31.891411,339023,149.05,148.95,435,724,-4360,2040
982,CCI,2020-02-27,0 days 15:59:48.932825,351867,148.74,148.66,684,900,2472,-4628
983,CCI,2020-02-27,0 days 15:59:49.943473,348839,148.74,148.66,494,520,-3028,2472
984,CCJ,2020-02-27,0 days 15:57:08.381601,129877,8.31,8.3,11039,22480,3921,-7358
985,CCJ,2020-02-27,0 days 15:57:09.385322,128998,8.31,8.3,10239,24698,-879,3921
986,CCJ,2020-02-27,0 days 15:58:35.590449,130527,8.31,8.3,37354,13934,-7550,150
987,CCJ,2020-02-27,0 days 15:59:00.653534,132077,8.31,8.3,23334,27869,866,-2050
988,CCJ,2020-02-27,0 days 15:59:31.730870,145708,8.31,8.3,35260,19451,-11069,1031
989,CCJ,2020-02-27,0 days 15:59:32.733737,144677,8.31,8.3,37221,7890,1832,-11069
990,CCL,2020-02-27,0 days 15:56:27.243743,351321,32.06,32.05,2700,1916,-1889,6311
991,CCL,2020-02-27,0 days 15:56:28.245720,346910,32.06,32.05,2100,3316,4411,-1889
992,CCL,2020-02-27,0 days 15:57:09.355059,356662,32.04,32.03,4145,1272,-10715,4685
993,CCL,2020-02-27,0 days 15:57:10.349144,352577,32.03,32.02,2000,1500,3685,-10715
994,CCL,2020-02-27,0 days 15:58:17.512496,362982,32.02,32.01,15048,2809,-1172,228
995,CCL,2020-02-27,0 days 15:58:47.584548,365364,31.96,31.95,2800,2371,919,-571
996,CCL,2020-02-27,0 days 15:58:49.590176,366283,31.97,31.96,1401,2425,-2281,919
997,CCL,2020-02-27,0 days 15:58:51.594210,364364,31.97,31.96,2400,1100,419,-2581
998,CCL,2020-02-27,0 days 15:59:01.618905,366283,31.94,31.93,4493,2563,-392,3908
999,CCL,2020-02-27,0 days 15:59:03.624076,364175,31.96,31.95,2000,2766,3787,-3292
1000,CCL,2020-02-27,0 days 15:59:05.629240,368189,31.95,31.94,300,3752,-16547,3787
1001,CDE,2020-02-27,0 days 15:58:06.569104,225807,4.48,4.47,35051,48634,19794,-9406
1002,CDE,2020-02-27,0 days 15:58:07.570210,219101,4.48,4.47,35551,48634,-6706,19794
1003,CDE,2020-02-27,0 days 15:58:36.639161,233055,4.46,4.45,26211,27452,1346,-13954
1004,CDE,2020-02-27,0 days 15:58:37.642065,227001,4.46,4.45,32079,25695,-6054,1346
1005,CDE,2020-02-27,0 days 15:59:12.728153,241818,4.47,4.46,28190,47511,11118,-10917
1006,CDE,2020-02-27,0 days 15:59:13.731349,235936,4.47,4.46,26092,46591,-5882,11118
1007,CDE,2020-02-27,0 days 15:59:45.809629,250197,4.48,4.47,38714,47648,-2933,5467
1008,CF,2020-02-27,0 days 15:55:01.039297,163130,36.29,36.27,500,200,90477,-51973
1009,CF,2020-02-27,0 days 15:55:02.039172,162107,36.29,36.27,1000,200,-1023,90477
1010,CF,2020-02-27,0 days 15:55:57.171367,188106,36.38,36.36,816,432,18320,-3906
1011,CF,2020-02-27,0 days 15:56:15.214614,216692,36.36,36.35,309,500,-20821,28379
1012,CF,2020-02-27,0 days 15:56:16.216888,214113,36.36,36.35,346,500,2479,-20821
1013,CF,2020-02-27,0 days 15:59:05.629049,253596,36.3,36.29,1093,2580,-3466,5562
1014,CF,2020-02-27,0 days 15:59:06.631721,249762,36.32,36.3,403,2400,2634,-3466
1015,CF,2020-02-27,0 days 15:59:10.642983,252253,36.33,36.32,1477,2905,-1238,1691
1016,CF,2020-02-27,0 days 15:59:34.699810,471846,36.17,36.16,110,700,30,-2291
1017,CF,2020-02-27,0 days 15:59:39.711530,471846,36.17,36.16,310,15,7371,-13270
1018,CF,2020-02-27,0 days 15:59:40.713453,471617,36.18,36.17,110,1808,-229,7371
1019,CF,2020-02-27,0 days 15:59:42.717367,472246,36.2,36.18,600,890,14946,-11617
1020,CF,2020-02-27,0 days 15:59:43.719700,454592,36.2,36.19,1100,280,-17654,14946
1021,CF,2020-02-27,0 days 15:59:44.722291,472246,36.19,36.18,110,1201,1020,-17654
1022,CF,2020-02-27,0 days 15:59:48.730482,471352,36.18,36.17,3669,314,-894,9506
1023,CFG,2020-02-27,0 days 15:55:46.146146,287987,32.61,32.6,1400,4432,540,-2660
1024,CFG,2020-02-27,0 days 15:55:47.149841,285627,32.62,32.61,2533,3034,-2360,540
1025,CFG,2020-02-27,0 days 15:56:12.208569,287987,32.59,32.58,1375,3479,1203,-1671
1026,CFG,2020-02-27,0 days 15:56:13.210089,285390,32.62,32.61,2300,2494,-2597,1203
1027,CFG,2020-02-27,0 days 15:57:36.411259,291363,32.62,32.61,2816,3083,284,-1716
1028,CFG,2020-02-27,0 days 15:57:37.414064,289847,32.62,32.61,2616,2534,-1516,284
1029,CFG,2020-02-27,0 days 15:57:54.456118,291441,32.58,32.57,2905,1234,1332,-668
1030,CFG,2020-02-27,0 days 15:57:55.457807,290373,32.58,32.57,2410,2986,-1068,1332
1031,CFG,2020-02-27,0 days 15:58:01.473460,291441,32.57,32.56,2430,2570,852,-648
1032,CFG,2020-02-27,0 days 15:58:30.543409,293321,32.49,32.48,2006,2223,-2505,1195
1033,CFG,2020-02-27,0 days 15:58:37.560641,295321,32.51,32.5,1172,3933,-405,795
1034,CFG,2020-02-27,0 days 15:59:11.645408,359720,32.54,32.53,10181,1533,-28769,37163
1035,CFG,2020-02-27,0 days 15:59:12.648693,358882,32.51,32.5,4949,2183,1538,-28769
1036,CFG,2020-02-27,0 days 15:59:14.651165,360420,32.52,32.51,1700,4412,-762,1538
1037,CFG,2020-02-27,0 days 15:59:19.662546,362822,32.51,32.5,2574,4359,-560,240
1038,CFG,2020-02-27,0 days 15:59:36.704725,366577,32.48,32.47,5890,700,-5105,795
1039,CFX,2020-02-27,0 days 15:58:30.181911,74273,33.55,33.53,827,600,1622,-678
1040,CFX,2020-02-27,0 days 15:58:31.182720,72695,33.55,33.54,647,100,-1578,1622
1041,CFX,2020-02-27,0 days 15:59:07.268840,68883,33.6,33.58,1510,700,8712,-4400
1042,CFX,2020-02-27,0 days 15:59:08.271273,68095,33.61,33.59,901,380,-788,8712
1043,CFX,2020-02-27,0 days 15:59:25.311461,77265,33.61,33.59,724,877,1178,-4
1044,CFX,2020-02-27,0 days 15:59:26.313951,76243,33.61,33.59,825,789,-1022,1178
1045,CFX,2020-02-27,0 days 15:59:42.354213,77784,33.56,33.54,346,1395,-290,10
1046,CFX,2020-02-27,0 days 15:59:45.361795,78074,33.54,33.51,700,360,4322,-290
1047,CFX,2020-02-27,0 days 15:59:46.363711,77496,33.54,33.52,470,100,-578,4322
1048,CGC,2020-02-27,0 days 15:57:21.575223,28581,18.48,18.45,501,1993,1452,-5054
1049,CHD,2020-02-27,0 days 15:59:05.124800,267448,71.58,71.55,555,735,2809,-8496
1050,CHD,2020-02-27,0 days 15:59:06.137729,265957,71.59,71.57,850,207,-1391,2809
1051,CHD,2020-02-27,0 days 15:59:31.190658,282355,71.52,71.51,100,100,3302,-937
1052,CHD,2020-02-27,0 days 15:59:32.190869,280157,71.53,71.51,410,100,-2195,3302
1053,CHD,2020-02-27,0 days 15:59:42.215839,283751,71.56,71.54,400,184,327,-1873
1054,CHD,2020-02-27,0 days 15:59:43.217819,283696,71.56,71.54,400,95,-567,327
1055,CHD,2020-02-27,0 days 15:59:45.222689,286149,71.56,71.54,277,295,2547,-6306
1056,CHD,2020-02-27,0 days 15:59:46.224586,284596,71.55,71.52,400,100,-39,2547
1057,CHD,2020-02-27,0 days 15:59:49.232470,285252,71.53,71.51,135,100,2309,-4067
1058,CHD,2020-02-27,0 days 15:59:50.236476,269747,71.53,71.51,140,100,-15705,2309
1059,CHGG,2020-02-27,0 days 15:58:36.594595,146130,39.02,39.01,5049,636,-79,3821
1060,CHGG,2020-02-27,0 days 15:58:41.605712,136509,39.02,39.01,6167,424,3073,-6627
1061,CHGG,2020-02-27,0 days 15:59:01.655015,139582,39.02,39.01,6927,1147,-427,3073
1062,CHGG,2020-02-27,0 days 15:59:03.660750,138331,39.02,39.01,6596,1290,1251,-1249
1063,CHGG,2020-02-27,0 days 15:59:25.712935,148439,39.02,39.01,7536,1076,-1279,1808
1064,CHGG,2020-02-27,0 days 15:59:26.715384,147974,39.02,39.01,5988,1177,365,-1279
1065,CHGG,2020-02-27,0 days 15:59:37.746893,149363,39.07,39.04,495,320,-3476,1393
1066,CHGG,2020-02-27,0 days 15:59:38.747320,148839,39.06,39.02,1350,890,524,-3476
1067,CHGG,2020-02-27,0 days 15:59:40.753710,149563,39.04,39.01,1800,1208,-1464,4137
1068,CHGG,2020-02-27,0 days 15:59:41.754344,146726,39.02,39.0,1056,39541,2837,-1464
1069,CHGG,2020-02-27,0 days 15:59:42.756794,149663,39.02,39.0,2301,38593,-3474,2837
1070,CHGG,2020-02-27,0 days 15:59:43.759161,138927,39.02,39.0,2387,38508,10736,-3474
1071,CHGG,2020-02-27,0 days 15:59:45.763454,149563,39.04,39.01,600,603,-7831,836
1072,CHGG,2020-02-27,0 days 15:59:46.766084,149294,39.03,39.01,162,415,269,-7831
1073,CHWY,2020-02-27,0 days 15:55:47.347229,116308,30.13,30.09,521,854,-239,861
1074,CHWY,2020-02-27,0 days 15:55:48.349206,114347,30.13,30.09,521,803,1961,-239
1075,CHWY,2020-02-27,0 days 15:59:31.891593,124443,30.09,30.02,1286,603,1696,-136
1076,CHWY,2020-02-27,0 days 15:59:43.920652,123943,30.09,30.04,100,300,1896,-2936
1077,CI,2020-02-27,0 days 15:57:34.413447,211538,182.76,182.71,10,200,187,-1313
1078,CI,2020-02-27,0 days 15:57:38.423358,209119,182.71,182.67,176,200,-2419,1187
1079,CI,2020-02-27,0 days 15:57:46.441353,211538,182.71,182.64,16,2,81,-19
1080,CI,2020-02-27,0 days 15:57:51.454065,209519,182.67,182.58,300,97,-2019,181
1081,CI,2020-02-27,0 days 15:57:57.468294,211538,182.6,182.56,110,22,981,-1919
1082,CI,2020-02-27,0 days 15:57:58.471413,208919,182.6,182.55,11,322,-2619,981
1083,CI,2020-02-27,0 days 15:57:59.473011,211538,182.58,182.51,10,72,1861,-2619
1084,CI,2020-02-27,0 days 15:58:00.477351,210312,182.58,182.51,10,36,-1226,1861
1085,CI,2020-02-27,0 days 15:58:20.524843,211630,182.4,182.32,4,300,277,-2723
1086,CI,2020-02-27,0 days 15:58:21.527990,209307,182.39,182.32,200,454,-2323,277
1087,CI,2020-02-27,0 days 15:58:30.549331,208612,182.24,182.18,10,750,4595,-923
1088,CI,2020-02-27,0 days 15:58:31.551542,204407,182.29,182.19,12,1151,-7423,4595
1089,CI,2020-02-27,0 days 15:59:04.631855,215530,182.58,182.49,400,324,124,-120
1090,CI,2020-02-27,0 days 15:59:05.634544,215354,182.58,182.5,11,400,-230,124
1091,CI,2020-02-27,0 days 15:59:08.642465,217743,182.61,182.55,15,158,1105,-216
1092,CI,2020-02-27,0 days 15:59:09.644084,217548,182.61,182.56,15,302,-195,1105
1093,CI,2020-02-27,0 days 15:59:10.648908,217743,182.61,182.57,15,558,513,-195
1094,CI,2020-02-27,0 days 15:59:11.649781,248769,182.61,182.46,15,100,-1022,513
1095,CI,2020-02-27,0 days 15:59:43.727618,251824,182.17,182.14,346,38,65,-1435
1096,CI,2020-02-27,0 days 15:59:44.730318,249375,182.2,182.14,219,101,-2449,65
1097,CI,2020-02-27,0 days 15:59:49.743683,251205,182.02,181.91,600,500,3184,-616
1098,CIG,2020-02-27,0 days 15:57:06.378323,37071,3.03,3.02,219734,53316,-2497,2603
1099,CIG,2020-02-27,0 days 15:59:07.669308,43324,3.03,3.02,260685,72750,21646,-1873
1100,CIG,2020-02-27,0 days 15:59:11.681130,64850,3.03,3.02,258541,88922,-28655,21526
1101,CIM,2020-02-27,0 days 15:55:09.064140,218860,20.57,20.56,3761,7960,-2644,56
1102,CIM,2020-02-27,0 days 15:55:10.067641,215704,20.57,20.56,4313,7160,3156,-2644
1103,CIM,2020-02-27,0 days 15:59:16.660970,232445,20.51,20.5,13516,8173,-539,2083
1104,CIM,2020-02-27,0 days 15:59:42.725640,229525,20.51,20.5,9503,8794,-954,2733
1105,CIM,2020-02-27,0 days 15:59:45.732752,227265,20.51,20.5,6535,7755,2260,-3140
1106,CL,2020-02-27,0 days 15:59:38.791883,872970,70.25,70.24,2125,1715,121,-4551
1107,CL,2020-02-27,0 days 15:59:57.838311,882230,70.15,70.14,2218,200,12645,-9863
1108,CLF,2020-02-27,0 days 15:56:08.724270,439062,5.75,5.74,87207,20064,-1974,712
1109,CLF,2020-02-27,0 days 15:56:09.726548,428536,5.74,5.73,64071,60382,10526,-1974
1110,CLF,2020-02-27,0 days 15:57:00.851123,437137,5.75,5.74,62412,70455,-902,1169
1111,CLF,2020-02-27,0 days 15:57:02.855695,433428,5.75,5.74,68553,66070,3709,-902
1112,CLNY,2020-02-27,0 days 15:59:49.372560,333037,4.09,4.08,20674,18400,-8996,1304
1113,CLX,2020-02-27,0 days 15:55:56.695896,215686,168.94,168.89,314,302,9394,-1098
1114,CLX,2020-02-27,0 days 15:55:57.697823,212980,168.94,168.89,314,302,-2706,9394
1115,CLX,2020-02-27,0 days 15:56:05.717063,215686,168.85,168.78,422,261,1844,-1256
1116,CLX,2020-02-27,0 days 15:56:07.721258,213030,168.91,168.88,30,300,-16456,17644
1117,CLX,2020-02-27,0 days 15:56:09.726548,216875,168.91,168.88,89,205,555,-1545
1118,CLX,2020-02-27,0 days 15:56:10.730121,216430,168.91,168.86,30,221,-445,555
1119,CLX,2020-02-27,0 days 15:57:35.935657,228197,168.51,168.45,1,446,1914,-786
1120,CLX,2020-02-27,0 days 15:57:37.939795,227211,168.51,168.45,307,312,-677,23
1121,CLX,2020-02-27,0 days 15:57:38.943614,227888,168.5,168.45,759,112,123,-677
1122,CLX,2020-02-27,0 days 15:57:39.945050,227211,168.48,168.44,177,401,-677,123
1123,CLX,2020-02-27,0 days 15:57:41.949967,228688,168.46,168.44,159,300,123,-777
1124,CLX,2020-02-27,0 days 15:57:42.952830,228111,168.44,168.4,200,25,-577,123
1125,CLX,2020-02-27,0 days 15:57:44.956726,229229,168.43,168.4,1,21,282,-577
1126,CLX,2020-02-27,0 days 15:57:45.959612,228411,168.44,168.41,104,304,-818,282
1127,CLX,2020-02-27,0 days 15:57:46.962288,229229,168.44,168.41,83,217,582,-818
1128,CLX,2020-02-27,0 days 15:57:48.966978,227114,168.44,168.4,660,334,-871,882
1129,CLX,2020-02-27,0 days 15:57:51.974706,227985,168.43,168.38,463,102,767,-233
1130,CLX,2020-02-27,0 days 15:57:52.977680,227352,168.44,168.39,697,300,-633,767
1131,CLX,2020-02-27,0 days 15:57:54.981235,227985,168.44,168.39,797,403,167,-2433
1132,CLX,2020-02-27,0 days 15:57:55.983713,226252,168.4,168.37,100,12,-1733,167
1133,CLX,2020-02-27,0 days 15:58:03.001960,230125,168.46,168.43,120,200,1314,-1846
1134,CLX,2020-02-27,0 days 15:58:04.004506,228002,168.42,168.37,100,320,-623,1314
1135,CLX,2020-02-27,0 days 15:59:05.153854,238012,168.53,168.47,200,529,621,-500
1136,CLX,2020-02-27,0 days 15:59:11.168555,238921,168.59,168.57,50,417,-59,2841
1137,CLX,2020-02-27,0 days 15:59:12.171114,238644,168.58,168.54,100,160,177,-59
1138,CLX,2020-02-27,0 days 15:59:15.178879,238921,168.61,168.56,109,465,-323,377
1139,CLX,2020-02-27,0 days 15:59:16.179868,238644,168.62,168.57,426,359,277,-323
1140,CLX,2020-02-27,0 days 15:59:29.211482,246113,168.53,168.48,457,1141,-5485,1215
1141,CLX,2020-02-27,0 days 15:59:30.217875,243879,168.5,168.46,222,10,8634,-5485
1142,CLX,2020-02-27,0 days 15:59:46.251992,285623,168.73,168.69,1,40,-2263,626
1143,CLX,2020-02-27,0 days 15:59:47.254203,283786,168.73,168.69,514,450,1837,-2263
1144,CMA,2020-02-27,0 days 15:55:56.258854,226578,53.46,53.45,300,3,5291,-917
1145,CMA,2020-02-27,0 days 15:55:57.261429,224469,53.46,53.44,200,1595,-2109,5291
1146,CMA,2020-02-27,0 days 15:56:09.290208,226578,53.45,53.43,200,401,891,-1009
1147,CMA,2020-02-27,0 days 15:56:10.292437,224769,53.45,53.43,100,411,-1809,891
1148,CMA,2020-02-27,0 days 15:57:19.460307,227122,53.51,53.49,650,1411,295,-505
1149,CMA,2020-02-27,0 days 15:57:21.465064,226535,53.51,53.49,612,1911,-587,313
1150,CMA,2020-02-27,0 days 15:57:39.508140,230005,53.41,53.39,230,300,2630,-2087
1151,CMA,2020-02-27,0 days 15:57:40.510803,229435,53.41,53.39,10,427,-570,2630
1152,CMA,2020-02-27,0 days 15:57:44.520251,230005,53.41,53.39,5,532,842,-570
1153,CMA,2020-02-27,0 days 15:57:45.523576,229447,53.41,53.39,5,432,-558,842
1154,CMA,2020-02-27,0 days 15:57:50.534995,230031,53.41,53.39,550,322,244,-584
1155,CMA,2020-02-27,0 days 15:57:51.538006,229475,53.42,53.4,804,303,-556,244
1156,CMA,2020-02-27,0 days 15:57:53.542429,230031,53.42,53.4,604,403,344,-556
1157,CMA,2020-02-27,0 days 15:57:54.544925,229575,53.41,53.39,401,322,-456,344
1158,CMA,2020-02-27,0 days 15:58:04.569451,227565,53.35,53.33,100,500,-865,1235
1159,CMA,2020-02-27,0 days 15:58:35.644608,228380,53.29,53.27,204,317,-167,1333
1160,CMA,2020-02-27,0 days 15:58:58.701957,228280,53.28,53.27,134,459,-267,1333
1161,CMA,2020-02-27,0 days 15:59:04.716152,228547,53.3,53.28,987,1272,20,-68
1162,CMA,2020-02-27,0 days 15:59:12.737013,239808,53.32,53.3,149,566,-668,576
1163,CMA,2020-02-27,0 days 15:59:15.743894,240476,53.33,53.31,2103,1134,923,-668
1164,CMA,2020-02-27,0 days 15:59:16.744141,239699,53.33,53.32,2206,619,-777,923
1165,CMA,2020-02-27,0 days 15:59:20.754031,242583,53.31,53.3,200,105,916,-2884
1166,CMA,2020-02-27,0 days 15:59:21.756884,241799,53.3,53.29,200,248,-784,916
1167,CMA,2020-02-27,0 days 15:59:31.781755,247384,53.3,53.28,869,482,6147,-663
1168,CMS,2020-02-27,0 days 15:57:17.446592,385986,63.18,63.17,713,800,570,-530
1169,CMS,2020-02-27,0 days 15:57:20.454255,376720,63.2,63.19,300,700,-9266,3470
1170,CMS,2020-02-27,0 days 15:57:36.492677,385544,63.02,63.0,400,700,398,-5402
1171,CMS,2020-02-27,0 days 15:57:39.499662,377742,63.02,63.01,200,682,-7802,2398
1172,CMS,2020-02-27,0 days 15:57:50.526908,385686,63.0,62.98,400,556,56,-344
1173,CMS,2020-02-27,0 days 15:57:51.529406,377542,62.97,62.96,190,349,-8144,56
1174,CMS,2020-02-27,0 days 15:59:05.712015,459907,62.99,62.98,400,1115,5178,-7178
1175,CMS,2020-02-27,0 days 15:59:06.714926,449385,63.02,63.0,800,300,-10522,5178
1176,CMS,2020-02-27,0 days 15:59:36.786711,482420,62.88,62.87,430,1000,2442,-3419
1177,CMS,2020-02-27,0 days 15:59:42.801705,485101,62.86,62.85,200,25632,-5656,3044
1178,CMS,2020-02-27,0 days 15:59:48.815419,490757,62.86,62.85,473,15778,320,-4056
1179,CMS,2020-02-27,0 days 15:59:49.818225,483377,62.86,62.85,873,14605,-7380,320
1180,CNC,2020-02-27,0 days 15:55:01.039395,1018229,53.05,53.04,92,500,79019,-97911
1181,CNC,2020-02-27,0 days 15:55:02.039251,1010648,53.06,53.05,209,300,-7581,79019
1182,CNC,2020-02-27,0 days 15:55:38.126982,1058276,53.05,53.04,893,1200,11172,-80037
1183,CNC,2020-02-27,0 days 15:55:39.129455,1047148,53.05,53.04,427,1532,-11128,11172
1184,CNC,2020-02-27,0 days 15:56:59.321760,1061012,53.07,53.06,515,1268,2271,-1388
1185,CNC,2020-02-27,0 days 15:57:00.324578,1051283,53.07,53.06,1118,1008,-10629,2271
1186,CNC,2020-02-27,0 days 15:57:39.418770,1066901,52.95,52.93,900,309,1851,-2349
1187,CNC,2020-02-27,0 days 15:57:40.420878,1066152,52.94,52.92,14,696,-749,1851
1188,CNC,2020-02-27,0 days 15:57:41.424247,1066901,52.95,52.92,832,696,2051,-749
1189,CNC,2020-02-27,0 days 15:57:43.428157,1062552,52.95,52.93,1032,400,-4349,951
1190,CNC,2020-02-27,0 days 15:57:47.437971,1066901,52.92,52.9,300,410,751,-4149
1191,CNC,2020-02-27,0 days 15:57:48.440814,1063701,52.92,52.9,297,100,-3200,751
1192,CNC,2020-02-27,0 days 15:59:30.691522,1257733,52.82,52.81,559,2300,3769,-16888
1193,CNC,2020-02-27,0 days 15:59:38.709288,1268844,52.8,52.78,395,300,39679,-512
1194,CNC,2020-02-27,0 days 15:59:39.711574,1262229,52.8,52.78,200,858,-6615,39679
1195,CNC,2020-02-27,0 days 15:59:46.726413,1266872,52.75,52.74,426,200,433,-3039
1196,CNC,2020-02-27,0 days 15:59:48.730510,1260840,52.74,52.73,939,1200,-6032,768
1197,CNC,2020-02-27,0 days 15:59:49.733404,1266872,52.72,52.7,243,400,2968,-6032
1198,CNC,2020-02-27,0 days 15:59:50.736811,1224933,52.72,52.7,338,978,-41939,2968
1199,CNHI,2020-02-27,0 days 15:55:01.039105,235497,9.16,9.15,62776,41898,-101013,107796
1200,CNHI,2020-02-27,0 days 15:55:02.039034,226610,9.16,9.15,61876,42898,8887,-101013
1201,CNHI,2020-02-27,0 days 15:58:40.567825,238007,9.16,9.15,116836,47507,-2301,2114
1202,CNHI,2020-02-27,0 days 15:58:41.569942,230108,9.16,9.15,115836,47007,7899,-2301
1203,CNHI,2020-02-27,0 days 15:59:05.628895,240873,9.16,9.15,101246,54854,-23392,6934
1204,CNHI,2020-02-27,0 days 15:59:06.631615,236065,9.16,9.15,99032,66545,4808,-23392
1205,CNHI,2020-02-27,0 days 15:59:11.645173,240873,9.16,9.15,111435,61989,-10368,4808
1206,CNHI,2020-02-27,0 days 15:59:12.648315,237141,9.16,9.15,115978,61789,3732,-10368
1207,CNHI,2020-02-27,0 days 15:59:17.658006,256794,9.15,9.14,49256,80813,-38906,2569
1208,CNHI,2020-02-27,0 days 15:59:45.724917,314712,9.16,9.15,59427,106277,25805,-34319
1209,CNK,2020-02-27,0 days 15:58:31.635070,513271,25.21,25.2,3124,4436,-13089,5511
1210,CNK,2020-02-27,0 days 15:59:16.744308,577864,25.26,25.25,1485,1040,17761,-8903
1211,CNK,2020-02-27,0 days 15:59:32.783889,618206,25.24,25.23,200,795,-8096,6403
1212,CNK,2020-02-27,0 days 15:59:36.794064,633106,25.19,25.18,900,8567,-1842,1807
1213,CNK,2020-02-27,0 days 15:59:43.811840,626285,25.23,25.22,829,400,-15108,2840
1214,CNK,2020-02-27,0 days 15:59:44.813818,636994,25.19,25.18,1158,7384,10059,-15108
1215,CNK,2020-02-27,0 days 15:59:51.830683,647725,25.19,25.18,1810,4214,3098,-15933
1216,CNO,2020-02-27,0 days 15:55:01.039328,264288,16.66,16.65,3427,300,-67683,47252
1217,CNO,2020-02-27,0 days 15:55:04.044977,260771,16.66,16.65,1601,3000,3517,-1583
1218,CNO,2020-02-27,0 days 15:56:51.301987,270388,16.63,16.62,7377,1286,-774,4526
1219,CNO,2020-02-27,0 days 15:56:52.304127,267062,16.63,16.62,7817,1086,3126,-774
1220,CNO,2020-02-27,0 days 15:57:09.355044,272650,16.63,16.62,5846,4077,-66,234
1221,CNO,2020-02-27,0 days 15:57:10.349036,272812,16.63,16.62,5946,4103,3523,-66
1222,CNO,2020-02-27,0 days 15:59:12.648453,281930,16.59,16.58,12459,1300,-43179,391
1223,CNP,2020-02-27,0 days 15:55:00.071268,891117,24.29,24.28,1431,1400,-45265,81232
1224,CNP,2020-02-27,0 days 15:56:25.275975,936249,24.29,24.28,3000,6406,766,-334
1225,CNP,2020-02-27,0 days 15:56:26.277938,932715,24.29,24.28,2934,6806,-3534,766
1226,CNP,2020-02-27,0 days 15:56:34.297413,926049,24.29,24.28,1754,7979,6666,-3534
1227,CNP,2020-02-27,0 days 15:56:35.299610,923515,24.29,24.28,4326,5779,-2534,6666
1228,CNP,2020-02-27,0 days 15:56:59.358425,932549,24.32,24.31,1000,800,1446,-4854
1229,CNP,2020-02-27,0 days 15:57:01.363711,936786,24.31,24.3,519,9046,-473,2400
1230,CNP,2020-02-27,0 days 15:57:04.373140,941490,24.31,24.3,2034,9343,5096,-473
1231,CNP,2020-02-27,0 days 15:57:05.373898,940986,24.31,24.3,800,9672,-504,5096
1232,CNP,2020-02-27,0 days 15:57:09.384989,941490,24.3,24.29,4644,1472,1168,-104
1233,CNP,2020-02-27,0 days 15:57:51.483396,948963,24.29,24.28,1300,400,-2861,739
1234,CNP,2020-02-27,0 days 15:57:52.487006,948224,24.28,24.27,1548,1218,739,-2861
1235,CNP,2020-02-27,0 days 15:57:56.494896,948963,24.28,24.27,1699,3249,-5261,4339
1236,CNP,2020-02-27,0 days 15:57:57.497568,948224,24.28,24.27,2699,3249,739,-5261
1237,CNP,2020-02-27,0 days 15:58:04.516252,955003,24.28,24.27,2935,3584,-4661,1539
