,Symbol,Timestamp,TIME,iPaired,Ask_P,Bid_P,Ask_S,Bid_S,iShares,PreviShares
0,A,2020-02-06,0 days 15:55:33.241732,92732,84.79,84.78,656,902,260,-336
1,A,2020-02-06,0 days 15:57:07.469606,96355,84.81,84.8,196,669,-1691,310
2,A,2020-02-06,0 days 15:57:08.472156,96246,84.81,84.8,301,472,109,-1691
3,A,2020-02-06,0 days 15:57:14.485891,96455,84.81,84.79,201,896,-599,209
4,A,2020-02-06,0 days 15:57:15.489029,96412,84.82,84.8,103,709,43,-599
5,A,2020-02-06,0 days 15:57:49.570929,96455,84.82,84.81,300,388,-73,43
6,A,2020-02-06,0 days 15:58:03.605542,96739,84.83,84.82,556,804,-489,211
7,A,2020-02-06,0 days 15:58:04.608465,96528,84.83,84.82,474,1048,211,-489
8,A,2020-02-06,0 days 15:58:06.612891,96739,84.83,84.82,702,1148,-309,211
9,A,2020-02-06,0 days 15:59:31.820059,112171,84.83,84.81,593,1161,2587,-313
10,AA,2020-02-06,0 days 15:56:02.355995,267676,15.92,15.91,15457,5053,1193,-71107
11,AA,2020-02-06,0 days 15:56:11.377544,267687,15.91,15.9,15294,2456,-119,11
12,AA,2020-02-06,0 days 15:56:14.384666,267806,15.91,15.9,17342,2306,781,-119
13,AA,2020-02-06,0 days 15:57:41.595147,284296,15.9,15.89,1000,17295,-2132,668
14,AA,2020-02-06,0 days 15:57:42.597818,282328,15.9,15.89,1200,19295,1968,-2132
15,AA,2020-02-06,0 days 15:57:44.602213,284296,15.91,15.9,3600,13735,-832,1968
16,AA,2020-02-06,0 days 15:57:45.604762,282528,15.91,15.9,3100,14035,1768,-832
17,AA,2020-02-06,0 days 15:57:47.610019,284296,15.91,15.9,5003,14283,-5232,368
18,AA,2020-02-06,0 days 15:57:48.612441,283128,15.91,15.9,4303,13783,1168,-5232
19,AA,2020-02-06,0 days 15:57:49.614795,284296,15.91,15.9,6002,14398,-232,1168
20,AA,2020-02-06,0 days 15:57:50.617168,283228,15.91,15.9,4807,15138,1068,-232
21,AA,2020-02-06,0 days 15:58:04.652119,284296,15.91,15.9,5686,14691,-52,722
22,AA,2020-02-06,0 days 15:58:06.656859,283648,15.91,15.9,6186,15236,648,-952
23,AA,2020-02-06,0 days 15:58:09.664473,276796,15.91,15.9,8086,14793,-1352,6148
24,AA,2020-02-06,0 days 15:58:14.676318,278148,15.91,15.9,8286,13726,448,-1352
25,AA,2020-02-06,0 days 15:58:30.715730,278596,15.91,15.9,9971,17627,-1452,448
26,AA,2020-02-06,0 days 15:58:38.734623,280048,15.91,15.9,11161,17943,1948,-1452
27,AA,2020-02-06,0 days 15:59:34.869962,308133,15.9,15.89,18193,21703,-10722,878
28,AA,2020-02-06,0 days 15:59:35.871423,337555,15.9,15.89,18883,21475,2278,-10722
29,ABB,2020-02-06,0 days 15:58:52.643605,28718,24.74,24.73,31474,17859,6919,-2226
30,ABBV,2020-02-06,0 days 15:58:31.612338,730729,87.18,87.17,1404,600,5536,-664
31,ABBV,2020-02-06,0 days 15:58:53.665755,760465,87.16,87.15,686,2013,-17498,7942
32,ABBV,2020-02-06,0 days 15:58:54.668538,754463,87.16,87.15,794,1300,6002,-17498
33,ABBV,2020-02-06,0 days 15:59:05.695511,761842,87.17,87.16,1242,960,-4946,674
34,ABBV,2020-02-06,0 days 15:59:06.697280,758088,87.17,87.15,1300,2391,3754,-4946
35,ABBV,2020-02-06,0 days 15:59:11.708993,759472,87.2,87.19,34,1980,2270,-5460
36,ABBV,2020-02-06,0 days 15:59:22.735287,767148,87.22,87.21,100,120,-665,2935
37,ABBV,2020-02-06,0 days 15:59:25.742650,754789,87.24,87.21,800,900,13309,-10362
38,ABBV,2020-02-06,0 days 15:59:30.756145,769598,87.18,87.17,100,500,-20521,2738
39,ABBV,2020-02-06,0 days 15:59:33.763817,762219,87.17,87.16,700,920,7479,-1521
40,ABBV,2020-02-06,0 days 15:59:34.765680,769598,87.19,87.17,92,840,-27626,7479
41,ABBV,2020-02-06,0 days 15:59:39.778018,767224,87.16,87.14,1300,500,2474,-6426
42,ABBV,2020-02-06,0 days 15:59:40.780558,769698,87.18,87.16,563,600,-7026,2474
43,ABEV,2020-02-06,0 days 15:59:15.614816,1456997,3.9,3.89,719808,660211,449552,-64253
44,ABEV,2020-02-06,0 days 15:59:45.683980,1630018,3.91,3.9,742095,713296,-187910,138093
45,ABT,2020-02-06,0 days 15:57:05.302328,507348,89.39,89.38,1819,637,8641,-9500
46,ABT,2020-02-06,0 days 15:58:54.563481,576908,89.47,89.46,100,2784,-10407,26714
47,ABT,2020-02-06,0 days 15:58:55.566043,566615,89.49,89.47,800,1500,10293,-10407
48,ABT,2020-02-06,0 days 15:59:04.589351,577400,89.48,89.47,500,2001,-22588,9278
49,ABT,2020-02-06,0 days 15:59:05.591445,569459,89.48,89.46,1101,832,7941,-22588
50,ABT,2020-02-06,0 days 15:59:14.613371,570296,89.48,89.47,300,1024,-559,948
51,ABT,2020-02-06,0 days 15:59:16.612807,566594,89.48,89.47,427,1129,4824,-4676
52,ABT,2020-02-06,0 days 15:59:26.637352,576235,89.5,89.49,2918,503,-2508,3792
53,ABT,2020-02-06,0 days 15:59:27.639847,571904,89.49,89.48,600,1028,5631,-2508
54,ABT,2020-02-06,0 days 15:59:34.657290,577535,89.49,89.48,1330,916,-1884,4601
55,ABT,2020-02-06,0 days 15:59:35.659362,573919,89.48,89.47,717,500,3616,-1884
56,ABT,2020-02-06,0 days 15:59:46.685967,575699,89.51,89.5,3561,1897,557,-8643
57,ADM,2020-02-06,0 days 15:55:51.206282,233368,46.03,46.02,2731,2030,-1177,1993
58,ADM,2020-02-06,0 days 15:55:52.208401,233172,46.03,46.02,3231,1830,196,-1177
59,ADM,2020-02-06,0 days 15:56:04.237258,233468,46.02,46.01,1783,3819,-350,196
60,ADM,2020-02-06,0 days 15:56:05.240050,231718,46.02,46.01,1574,3519,1750,-350
61,ADM,2020-02-06,0 days 15:56:11.254272,233668,46.02,46.01,4834,700,-1110,940
62,ADM,2020-02-06,0 days 15:57:06.387777,237352,45.98,45.97,11883,2131,8824,-2176
63,ADM,2020-02-06,0 days 15:57:07.389711,235176,45.99,45.98,1110,5202,-2176,8824
64,ADM,2020-02-06,0 days 15:57:12.401450,237548,45.99,45.98,2610,4571,1528,-2372
65,ADM,2020-02-06,0 days 15:57:13.403693,237376,45.99,45.98,2810,4492,-172,1528
66,ADM,2020-02-06,0 days 15:57:32.449736,237638,46.0,45.99,6637,5980,438,-372
67,ADM,2020-02-06,0 days 15:57:33.452022,237376,46.0,45.99,6837,6280,-262,438
68,ADM,2020-02-06,0 days 15:57:59.515848,238568,45.99,45.98,6314,2700,2608,-1192
69,ADM,2020-02-06,0 days 15:58:00.517628,237376,45.99,45.98,6214,2900,-1192,2608
70,ADM,2020-02-06,0 days 15:59:04.674814,249724,45.98,45.97,4969,3308,1079,-2617
71,ADM,2020-02-06,0 days 15:59:05.676568,248303,45.98,45.97,9697,994,-1421,1079
72,ADM,2020-02-06,0 days 15:59:14.698409,251608,45.99,45.98,800,4547,267,-116
73,ADM,2020-02-06,0 days 15:59:18.706263,250921,46.0,45.99,4870,1474,-687,9113
74,ADM,2020-02-06,0 days 15:59:25.723288,252008,46.0,45.99,4271,2994,2239,-15
75,ADM,2020-02-06,0 days 15:59:29.733540,251411,46.0,45.99,4624,2809,-197,139
76,ADM,2020-02-06,0 days 15:59:43.768483,252387,46.0,45.99,5364,360,8024,-498
77,ADM,2020-02-06,0 days 15:59:49.783451,252155,46.0,45.99,3418,2438,-153,247
78,AEG,2020-02-06,0 days 15:59:36.721255,29485,4.28,4.27,298965,150362,-16952,23648
79,AEO,2020-02-06,0 days 15:55:00.520435,63979,14.68,14.67,16944,5983,3489,-453
80,AEO,2020-02-06,0 days 15:55:59.663031,67915,14.68,14.67,9251,27193,-3328,2472
81,AEO,2020-02-06,0 days 15:56:05.677251,63979,14.69,14.68,7698,25173,3936,-1864
82,AEO,2020-02-06,0 days 15:56:10.689385,67915,14.69,14.68,8009,25588,-1464,3936
83,AEO,2020-02-06,0 days 15:57:48.926907,73220,14.69,14.68,11413,21082,529,-2071
84,AEO,2020-02-06,0 days 15:58:03.963254,91749,14.69,14.68,11133,29782,-4690,529
85,AEO,2020-02-06,0 days 15:59:40.198190,109875,14.69,14.68,37709,17013,929,-1173
86,AEP,2020-02-06,0 days 15:55:01.005265,338632,102.31,102.29,200,28,34986,-104352
87,AEP,2020-02-06,0 days 15:55:02.004711,335043,102.32,102.3,200,836,-3589,34986
88,AEP,2020-02-06,0 days 15:55:59.143038,351883,102.36,102.35,100,502,17083,-3634
89,AEP,2020-02-06,0 days 15:56:00.145239,349966,102.36,102.35,200,982,-1917,17083
90,AEP,2020-02-06,0 days 15:56:02.149883,341650,102.36,102.35,1,1631,8316,-1917
91,AEP,2020-02-06,0 days 15:56:03.152419,340666,102.37,102.35,805,2013,-984,8316
92,AEP,2020-02-06,0 days 15:56:36.231342,341350,102.28,102.27,718,700,715,-2685
93,AEP,2020-02-06,0 days 15:56:37.233885,340465,102.28,102.27,818,800,-885,715
94,AEP,2020-02-06,0 days 15:57:02.295224,341450,102.31,102.3,664,1769,20262,-377
95,AEP,2020-02-06,0 days 15:57:03.297539,340912,102.32,102.31,297,696,-538,20262
96,AEP,2020-02-06,0 days 15:57:08.310171,342083,102.31,102.3,500,1304,18229,-1171
97,AEP,2020-02-06,0 days 15:57:15.324500,378602,102.32,102.31,810,931,-2001,5000
98,AEP,2020-02-06,0 days 15:57:33.367306,380603,102.33,102.32,200,77,1399,-2001
99,AEP,2020-02-06,0 days 15:57:34.369996,378902,102.34,102.33,700,393,-1701,1399
100,AEP,2020-02-06,0 days 15:57:38.379636,380603,102.34,102.33,770,948,1899,-4201
101,AEP,2020-02-06,0 days 15:57:39.382013,379502,102.34,102.33,673,1055,-1101,1899
102,AEP,2020-02-06,0 days 15:57:43.391486,379902,102.25,102.24,434,1780,-251,7999
103,AEP,2020-02-06,0 days 15:57:44.394693,380203,102.25,102.24,334,2267,399,-251
104,AEP,2020-02-06,0 days 15:58:05.445603,386053,102.25,102.24,300,1200,616,-51
105,AEP,2020-02-06,0 days 15:58:16.472680,405153,102.24,102.22,100,703,2644,-4006
106,AEP,2020-02-06,0 days 15:58:17.474375,400097,102.26,102.24,300,1000,-5056,2644
107,AEP,2020-02-06,0 days 15:58:28.501093,404697,102.27,102.25,750,500,-506,144
108,AEP,2020-02-06,0 days 15:59:03.586561,423428,102.27,102.26,800,110,23858,-1531
109,AEP,2020-02-06,0 days 15:59:04.589649,421486,102.29,102.27,503,772,-3142,23858
110,AEP,2020-02-06,0 days 15:59:06.593970,424775,102.29,102.27,1323,405,4751,-942
111,AEP,2020-02-06,0 days 15:59:15.615292,424786,102.26,102.24,411,500,811,-749
112,AEP,2020-02-06,0 days 15:59:16.612960,424597,102.26,102.24,611,399,-139,811
113,AEP,2020-02-06,0 days 15:59:18.617836,424736,102.24,102.22,796,547,4035,-139
114,AEP,2020-02-06,0 days 15:59:20.622914,424419,102.24,102.22,1296,600,-249,654
115,AEP,2020-02-06,0 days 15:59:29.644818,421902,102.25,102.23,400,1260,-3796,8604
116,AEP,2020-02-06,0 days 15:59:40.671724,426942,102.25,102.23,705,700,840,-340
117,AEP,2020-02-06,0 days 15:59:47.688616,430088,102.25,102.23,800,1228,1432,-4187
118,AES,2020-02-06,0 days 15:56:56.362478,623501,20.64,20.63,30630,6973,6231,-4569
119,AES,2020-02-06,0 days 15:56:57.364783,593559,20.64,20.63,18019,8780,-45527,6231
120,AES,2020-02-06,0 days 15:59:46.794077,741470,20.61,20.6,18976,21086,-10340,3857
121,AFL,2020-02-06,0 days 15:55:00.059947,366838,52.85,52.84,5800,2075,-13691,1766
122,AFL,2020-02-06,0 days 15:56:12.225474,380732,52.86,52.85,4085,7074,487,-13
123,AFL,2020-02-06,0 days 15:56:25.256662,381022,52.86,52.85,4778,8290,-2280,290
124,AFL,2020-02-06,0 days 15:59:05.645628,490616,52.84,52.83,3503,5446,15661,-2823
125,AFL,2020-02-06,0 days 15:59:06.648665,478577,52.84,52.83,3029,5093,-12039,15661
126,AFL,2020-02-06,0 days 15:59:20.686300,492683,52.84,52.83,2537,3093,218,-282
127,AFL,2020-02-06,0 days 15:59:25.693409,492901,52.84,52.83,3927,3369,-31545,218
128,AFL,2020-02-06,0 days 15:59:28.700637,525660,52.81,52.8,5648,1600,8483,-7240
129,AFL,2020-02-06,0 days 15:59:29.702407,524143,52.81,52.8,3327,2300,-817,8483
130,AFL,2020-02-06,0 days 15:59:43.737391,525070,52.79,52.78,7930,5804,-5940,8260
131,AFL,2020-02-06,0 days 15:59:48.749966,530967,52.78,52.77,1325,9565,-4959,2571
132,AG,2020-02-06,0 days 15:57:30.445240,37932,9.91,9.9,20167,29029,-336,1948
133,AG,2020-02-06,0 days 15:57:31.447360,36268,9.91,9.9,19667,29229,1664,-336
134,AG,2020-02-06,0 days 15:58:30.590393,39394,9.93,9.92,59409,7743,1407,-293
135,AG,2020-02-06,0 days 15:59:01.665738,43220,9.93,9.92,65407,564,-10232,3526
136,AIG,2020-02-06,0 days 15:57:02.377062,478299,53.58,53.57,7050,1212,8818,-39172
137,AIG,2020-02-06,0 days 15:57:03.379748,459432,53.58,53.57,5130,812,-17874,8818
138,AIG,2020-02-06,0 days 15:59:40.762541,587092,53.45,53.44,2680,6226,-2319,181
139,AIG,2020-02-06,0 days 15:59:42.766712,590111,53.45,53.44,1729,4983,1601,-2319
140,AIG,2020-02-06,0 days 15:59:46.794175,580049,53.45,53.44,2801,4626,-9362,10238
141,AIG,2020-02-06,0 days 15:59:47.777562,589411,53.45,53.44,4766,3451,73,-9362
142,AIG,2020-02-06,0 days 15:59:48.780895,587291,53.45,53.44,4266,3485,-2120,73
143,AKS,2020-02-06,0 days 15:59:15.824770,290711,3.05,3.04,94288,289773,17500,-6711
144,AKS,2020-02-06,0 days 15:59:16.824729,283011,3.05,3.04,95988,290106,-7700,17500
145,AKS,2020-02-06,0 days 15:59:29.856688,320828,3.05,3.04,63903,310700,976,-7024
146,AKS,2020-02-06,0 days 15:59:33.866698,321804,3.05,3.04,61859,323733,-1224,976
147,AKS,2020-02-06,0 days 15:59:38.879222,326793,3.05,3.04,139238,288280,22111,-4989
148,AKS,2020-02-06,0 days 15:59:39.881712,319504,3.05,3.04,141838,301780,-7289,22111
149,ALB,2020-02-06,0 days 15:55:17.201693,140689,87.14,87.13,200,10,12061,-37039
150,ALB,2020-02-06,0 days 15:55:18.203942,136688,87.17,87.15,100,559,-4001,12061
151,ALB,2020-02-06,0 days 15:59:09.766612,165923,87.1,87.09,1536,500,1520,-546
152,ALB,2020-02-06,0 days 15:59:10.768908,164143,87.1,87.09,1528,269,-1780,1520
153,ALB,2020-02-06,0 days 15:59:18.787357,168366,87.11,87.08,400,91,2077,-2423
154,ALB,2020-02-06,0 days 15:59:19.790245,168343,87.11,87.08,400,141,-18,2077
155,ALB,2020-02-06,0 days 15:59:20.793013,168366,87.11,87.09,100,304,786,-18
156,ALB,2020-02-06,0 days 15:59:22.797103,169252,87.12,87.09,390,559,-114,986
157,ALB,2020-02-06,0 days 15:59:28.811925,169366,87.12,87.1,442,300,2986,-2550
158,ALB,2020-02-06,0 days 15:59:46.856063,170568,87.06,87.02,205,1315,-286,858
159,ALB,2020-02-06,0 days 15:59:49.863057,171046,87.06,87.0,941,1601,122,-292
160,ALB,2020-02-06,0 days 15:59:50.865516,170968,87.06,87.0,2759,709,-78,122
161,ALB,2020-02-06,0 days 15:59:51.867292,171046,87.05,86.99,1003,1017,422,-78
162,ALL,2020-02-06,0 days 15:59:28.731408,254705,124.0,123.99,139,1257,6448,-1718
163,ALL,2020-02-06,0 days 15:59:29.733409,239253,124.0,123.98,300,1115,-15452,6448
164,ALL,2020-02-06,0 days 15:59:39.758933,254705,123.96,123.94,317,800,83,-547
165,ALL,2020-02-06,0 days 15:59:46.794110,247600,123.96,123.94,100,300,-7105,4111
166,ALLY,2020-02-06,0 days 15:59:49.219587,776874,32.65,32.64,4701,5266,4455,-4784
167,ALLY,2020-02-06,0 days 15:59:50.223375,708229,32.66,32.65,6346,1566,-68645,4455
168,AM,2020-02-06,0 days 15:59:19.832446,118613,4.98,4.97,40153,67438,-1662,806
169,AMC,2020-02-06,0 days 15:55:01.004197,80382,6.75,6.74,6669,12518,961,-5294
170,AMC,2020-02-06,0 days 15:55:02.004459,76643,6.75,6.74,6646,12618,-3739,961
171,AMCR,2020-02-06,0 days 15:58:56.623059,947082,11.0,10.99,60872,70980,-14589,19439
172,AMCR,2020-02-06,0 days 15:58:57.624896,929171,11.0,10.99,62372,71280,17911,-14589
173,AMCR,2020-02-06,0 days 15:58:59.630455,947082,11.0,10.99,62602,71080,-73914,17911
174,AMCR,2020-02-06,0 days 15:59:07.649614,1021842,11.0,10.99,8965,92170,379233,-70014
175,AMCR,2020-02-06,0 days 15:59:47.747568,1405403,11.01,11.0,28997,78580,-17508,2492
176,AMX,2020-02-06,0 days 15:56:43.455070,67295,16.86,16.85,7490,40652,-1000,1470
177,AMX,2020-02-06,0 days 15:56:44.456969,65095,16.86,16.85,7890,41009,908,-1000
178,AMX,2020-02-06,0 days 15:58:51.766110,68093,16.88,16.87,10865,39421,1119,-109
179,ANF,2020-02-06,0 days 15:57:02.815107,63485,17.02,17.01,5928,2772,-3427,91
180,ANF,2020-02-06,0 days 15:57:03.817532,63194,17.02,17.01,5728,3072,91,-3427
181,ANF,2020-02-06,0 days 15:58:00.957314,64493,17.0,16.99,3743,7687,-522,278
182,ANF,2020-02-06,0 days 15:58:01.958448,63915,17.0,16.99,4043,7987,578,-522
183,ANF,2020-02-06,0 days 15:58:05.968468,64602,17.0,16.99,3567,9822,-513,687
184,ANF,2020-02-06,0 days 15:58:06.971000,64015,17.0,16.99,3607,9923,587,-513
185,ANF,2020-02-06,0 days 15:58:29.023749,64602,17.01,17.0,2433,10011,-1013,587
186,ANF,2020-02-06,0 days 15:58:30.027457,64215,17.01,17.0,2764,9931,387,-1013
187,ANF,2020-02-06,0 days 15:59:01.101133,64522,17.01,17.0,3981,12341,-2302,3198
188,ANF,2020-02-06,0 days 15:59:02.103738,64264,17.01,17.0,3981,12070,158,-2302
189,ANF,2020-02-06,0 days 15:59:05.112293,65522,17.01,17.0,8972,11376,-148,158
190,ANF,2020-02-06,0 days 15:59:27.165150,65670,17.01,17.0,17715,3404,2193,-148
191,ANTM,2020-02-06,0 days 15:55:01.005140,153769,281.84,281.79,2,15,22957,-25887
192,ANTM,2020-02-06,0 days 15:55:02.004676,152510,281.97,281.89,331,35,-1259,22957
193,ANTM,2020-02-06,0 days 15:57:38.379636,169934,282.02,281.94,104,1001,2,-4398
194,ANTM,2020-02-06,0 days 15:57:39.382013,167336,282.05,281.97,14,335,-2798,2
195,ANTM,2020-02-06,0 days 15:59:06.593940,179483,282.06,282.02,700,100,1912,-3008
196,ANTM,2020-02-06,0 days 15:59:07.595946,178648,282.17,282.07,465,100,-2935,1912
197,ANTM,2020-02-06,0 days 15:59:17.615665,181661,282.14,282.07,387,400,1334,-637
198,ANTM,2020-02-06,0 days 15:59:18.617836,180795,282.14,282.08,343,2,-866,1334
199,ANTM,2020-02-06,0 days 15:59:22.627571,182161,282.13,282.05,390,421,154,-1366
200,ANTM,2020-02-06,0 days 15:59:24.632354,181440,282.23,282.11,365,220,-721,279
201,ANTM,2020-02-06,0 days 15:59:26.637564,184049,282.43,282.38,1050,200,16911,-721
202,ANTM,2020-02-06,0 days 15:59:43.679136,197745,282.49,282.42,99,800,-982,365
203,ANTM,2020-02-06,0 days 15:59:44.681713,193227,282.48,282.37,365,1100,5818,-982
204,APA,2020-02-06,0 days 15:59:17.138954,490260,29.04,29.03,15788,8766,164,-5822
205,APA,2020-02-06,0 days 15:59:18.142067,483716,29.04,29.03,15188,9150,-5944,164
206,APA,2020-02-06,0 days 15:59:27.163863,509390,29.01,29.0,4153,1644,2167,-933
207,APA,2020-02-06,0 days 15:59:30.173371,500591,29.02,29.01,2689,1463,-8799,28401
208,APA,2020-02-06,0 days 15:59:36.186535,509390,29.01,29.0,4403,1597,2807,-11893
209,APA,2020-02-06,0 days 15:59:43.203405,502397,29.0,28.99,5563,936,-4202,14356
210,APO,2020-02-06,0 days 15:55:19.566646,57962,46.98,46.97,4080,1915,-2253,1547
211,APO,2020-02-06,0 days 15:55:20.568971,56715,46.98,46.97,4080,2532,1247,-2253
212,APO,2020-02-06,0 days 15:55:53.649037,57962,46.97,46.96,1990,1617,-456,1044
213,APO,2020-02-06,0 days 15:55:54.651216,56918,46.97,46.96,4090,2017,1044,-456
214,APO,2020-02-06,0 days 15:59:19.145027,58559,47.05,47.04,1409,1001,991,-6209
215,APO,2020-02-06,0 days 15:59:32.177684,55854,47.05,47.03,700,406,4011,-16301
216,APO,2020-02-06,0 days 15:59:59.242208,59065,47.1,47.03,2790,7100,-17101,811
217,AR,2020-02-06,0 days 15:55:00.081935,483910,1.84,1.83,87345,56463,-2317,31829
218,AR,2020-02-06,0 days 15:55:01.085071,479627,1.84,1.83,87364,56463,4283,-2317
219,ARMK,2020-02-06,0 days 15:56:01.309512,247211,41.5,41.49,3527,480,3128,-25672
220,ARMK,2020-02-06,0 days 15:56:02.311549,238439,41.5,41.49,3727,480,-8772,3128
221,ARMK,2020-02-06,0 days 15:57:47.565806,263399,41.45,41.44,1101,600,2938,-1262
222,ARMK,2020-02-06,0 days 15:57:48.568737,261524,41.45,41.44,1248,700,-1875,2938
223,ARMK,2020-02-06,0 days 15:59:19.790322,264497,41.44,41.42,568,600,649,-124
224,ARMK,2020-02-06,0 days 15:59:23.799614,263646,41.45,41.43,1790,529,-851,649
225,ARMK,2020-02-06,0 days 15:59:26.807105,265214,41.43,41.42,23,2973,3732,-68
226,ARMK,2020-02-06,0 days 15:59:27.809756,253746,41.44,41.43,2303,224,-11468,3732
227,ARMK,2020-02-06,0 days 15:59:37.833604,265214,41.42,41.41,100,1785,3223,-4068
228,ARMK,2020-02-06,0 days 15:59:38.837579,262337,41.43,41.42,1888,400,-2877,3223
229,ARNC,2020-02-06,0 days 15:59:39.728120,332689,31.43,31.42,7955,6202,69,-264
230,ARNC,2020-02-06,0 days 15:59:41.733258,332079,31.43,31.42,9434,6762,-610,18
231,ARNC,2020-02-06,0 days 15:59:48.750012,332689,31.41,31.4,8044,10400,16742,-710
232,ARNC,2020-02-06,0 days 15:59:49.752886,331056,31.41,31.4,7560,10500,-1633,16742
233,ATI,2020-02-06,0 days 15:59:26.162516,147088,19.69,19.68,10544,1108,84,-225
234,ATI,2020-02-06,0 days 15:59:28.166863,146207,19.68,19.67,2507,1831,-881,84
235,ATI,2020-02-06,0 days 15:59:30.174810,147088,19.68,19.67,5046,2335,299,-486
236,ATI,2020-02-06,0 days 15:59:37.189592,143655,19.67,19.66,984,2417,-3433,899
237,ATUS,2020-02-06,0 days 15:55:00.519978,120775,28.29,28.28,6205,7250,-18402,48432
238,ATUS,2020-02-06,0 days 15:55:43.624234,145353,28.29,28.28,8189,5950,622,-14378
239,ATUS,2020-02-06,0 days 15:55:50.642198,145975,28.29,28.28,6891,7150,-778,622
240,ATUS,2020-02-06,0 days 15:55:51.643809,145453,28.29,28.28,7091,6550,522,-778
241,ATUS,2020-02-06,0 days 15:56:06.679422,148875,28.29,28.28,9891,5350,-7678,822
242,ATUS,2020-02-06,0 days 15:56:07.681980,148053,28.29,28.28,10591,8727,6518,-7678
243,ATUS,2020-02-06,0 days 15:58:18.999458,193983,28.29,28.28,14389,8446,-1036,5564
244,ATUS,2020-02-06,0 days 15:58:28.021611,191619,28.29,28.28,13899,9401,1064,-736
245,ATUS,2020-02-06,0 days 15:58:34.035286,193983,28.29,28.28,15242,7506,-2536,1064
246,ATUS,2020-02-06,0 days 15:59:06.114102,193983,28.29,28.28,11248,6597,-6392,668
247,ATUS,2020-02-06,0 days 15:59:25.160069,217188,28.28,28.27,7195,4310,-1161,39
248,ATUS,2020-02-06,0 days 15:59:32.177481,240449,28.28,28.27,15775,2401,11802,-398
249,AU,2020-02-06,0 days 15:58:44.624888,99995,19.42,19.41,19255,4492,1870,-2830
250,AU,2020-02-06,0 days 15:58:45.626608,96065,19.42,19.41,18909,4689,-3930,1870
251,AU,2020-02-06,0 days 15:59:18.706238,111481,19.39,19.38,8329,17317,1729,-1357
252,AU,2020-02-06,0 days 15:59:19.709098,108210,19.39,19.38,12529,17347,-3271,1729
253,AVYA,2020-02-06,0 days 15:55:01.027160,60148,12.7,12.69,10039,678,-19526,10114
254,AVYA,2020-02-06,0 days 15:56:11.192855,62507,12.7,12.69,9932,3611,160,-1546
255,AVYA,2020-02-06,0 days 15:57:14.344840,73678,12.7,12.69,2800,13231,-1129,171
256,AXP,2020-02-06,0 days 15:55:00.107782,154162,133.31,133.28,199,504,-532,30199
257,AXP,2020-02-06,0 days 15:55:01.111030,152094,133.31,133.28,199,812,2068,-532
258,AXP,2020-02-06,0 days 15:57:03.407059,168630,133.27,133.26,409,300,-982,119
259,AXP,2020-02-06,0 days 15:57:04.409854,166512,133.27,133.26,390,300,2118,-982
260,AXP,2020-02-06,0 days 15:57:32.477054,169025,133.26,133.25,370,415,-182,1549
261,AXP,2020-02-06,0 days 15:57:33.479248,166907,133.26,133.25,106,531,2018,-182
262,AXP,2020-02-06,0 days 15:58:06.559766,172725,133.27,133.26,643,20,-3080,1789
263,AXP,2020-02-06,0 days 15:58:07.563387,172636,133.27,133.25,405,1753,89,-3080
264,AXP,2020-02-06,0 days 15:58:44.651337,175199,133.29,133.28,292,40,-1853,47
265,AXP,2020-02-06,0 days 15:58:53.672949,175199,133.29,133.27,1002,298,-1374,519
266,AXP,2020-02-06,0 days 15:59:08.710566,175483,133.29,133.26,1034,1335,278,-322
267,AXP,2020-02-06,0 days 15:59:15.727428,182795,133.31,133.28,701,335,-591,2387
268,AXP,2020-02-06,0 days 15:59:16.729350,182676,133.31,133.28,738,335,119,-591
269,AXP,2020-02-06,0 days 15:59:19.736960,184400,133.29,133.27,423,233,-1177,119
270,AXP,2020-02-06,0 days 15:59:25.751499,184400,133.31,133.29,1921,400,-691,123
271,AXP,2020-02-06,0 days 15:59:26.754194,184233,133.28,133.27,533,293,167,-691
272,AXP,2020-02-06,0 days 15:59:40.788339,184594,133.28,133.26,694,4683,1306,-194
273,AXP,2020-02-06,0 days 15:59:45.799866,185900,133.28,133.26,1220,3777,-190,106
274,AZN,2020-02-06,0 days 15:58:08.661571,37644,50.02,50.01,5662,7538,4717,-2083
275,AZN,2020-02-06,0 days 15:58:09.664452,35561,50.02,50.01,5562,7894,-2083,4717
276,AZN,2020-02-06,0 days 15:59:20.834273,37479,50.04,50.03,7108,1368,908,-32
277,AZN,2020-02-06,0 days 15:59:21.837021,38387,50.04,50.03,6708,1268,-697,908
278,AZN,2020-02-06,0 days 15:59:28.853915,40484,50.04,50.03,4877,2611,106,-174
279,AZN,2020-02-06,0 days 15:59:29.856688,40390,50.04,50.03,4105,3811,-94,106
280,BA,2020-02-06,0 days 15:59:17.140190,191339,341.41,341.32,600,50,-1791,161
281,BA,2020-02-06,0 days 15:59:20.147449,190571,341.37,341.31,200,201,772,-632
282,BA,2020-02-06,0 days 15:59:25.160488,191343,341.42,341.35,200,760,-2117,472
283,BA,2020-02-06,0 days 15:59:26.162662,188260,341.4,341.36,403,290,3083,-2117
284,BA,2020-02-06,0 days 15:59:27.165246,191388,341.39,341.32,600,232,-172,3083
285,BA,2020-02-06,0 days 15:59:29.169438,189919,341.34,341.25,1100,1,1469,-172
286,BA,2020-02-06,0 days 15:59:38.192167,190972,341.35,341.3,414,29,511,-4089
287,BA,2020-02-06,0 days 15:59:49.219557,191783,341.43,341.34,254,504,-1730,270
288,BA,2020-02-06,0 days 15:59:50.223335,189772,341.43,341.34,264,704,2011,-1730
289,BA,2020-02-06,0 days 15:59:54.231898,191783,341.48,341.38,4187,700,-257,2011
290,BA,2020-02-06,0 days 15:59:56.235446,188913,341.48,341.38,3546,2952,2870,-257
291,BA,2020-02-06,0 days 16:00:00.245288,191783,341.46,341.34,6700,6364,-157,2870
292,BAC,2020-02-06,0 days 15:55:33.286020,4117343,34.69,34.68,118115,135145,50510,-221631
293,BAC,2020-02-06,0 days 15:55:34.288469,4097453,34.69,34.68,119027,134145,-19890,50510
294,BAC,2020-02-06,0 days 15:57:39.590135,4168798,34.66,34.65,155853,40427,7726,-21774
295,BAC,2020-02-06,0 days 15:57:40.592969,4160724,34.66,34.65,156243,38670,-6325,7726
296,BAC,2020-02-06,0 days 15:59:39.881766,4421468,34.69,34.68,130180,63545,-41298,4939
297,BAC,2020-02-06,0 days 15:59:47.898900,4462766,34.68,34.67,80941,123258,11111,-421
298,BAC,2020-02-06,0 days 15:59:49.903636,4407032,34.68,34.67,12006,132552,-10085,65463
299,BAC,2020-02-06,0 days 15:59:57.922218,4407168,34.67,34.66,55672,131780,2007,-3293
300,BAX,2020-02-06,0 days 15:59:06.593805,355701,93.34,93.3,638,300,-2028,10682
301,BAX,2020-02-06,0 days 15:59:07.595812,351513,93.33,93.29,378,1102,4188,-2028
302,BAX,2020-02-06,0 days 15:59:12.607831,353670,93.35,93.33,300,781,-1377,1257
303,BAX,2020-02-06,0 days 15:59:13.610052,351347,93.36,93.34,100,479,2323,-1377
304,BAX,2020-02-06,0 days 15:59:25.635211,355275,93.38,93.36,1840,1949,-3114,707
305,BAX,2020-02-06,0 days 15:59:34.657386,374179,93.34,93.31,370,800,269,-8159
306,BB,2020-02-06,0 days 15:59:26.665364,63063,6.15,6.14,145547,116367,3293,-35707
307,BB,2020-02-06,0 days 15:59:27.667859,33256,6.15,6.14,145528,114551,-29807,3293
308,BB,2020-02-06,0 days 15:59:36.690057,63063,6.15,6.14,157125,116349,23193,-27307
309,BB,2020-02-06,0 days 15:59:37.692363,61656,6.15,6.14,156125,112343,-1407,23193
310,BBVA,2020-02-06,0 days 15:59:36.690197,136895,5.56,5.55,296444,364206,-23867,37603
311,BBVA,2020-02-06,0 days 15:59:37.692438,134562,5.56,5.55,297744,361235,2333,-23867
312,BBVA,2020-02-06,0 days 15:59:47.716758,136895,5.56,5.55,313428,277220,-5393,11407
313,BBVA,2020-02-06,0 days 15:59:48.719148,134088,5.56,5.55,316432,301820,2807,-5393
314,BBY,2020-02-06,0 days 15:55:01.004489,130656,88.68,88.66,2933,300,11096,-13383
315,BBY,2020-02-06,0 days 15:55:02.004616,130152,88.68,88.66,3634,1200,-504,11096
316,BBY,2020-02-06,0 days 15:56:50.264830,134536,88.6,88.58,3596,200,-809,91
317,BBY,2020-02-06,0 days 15:56:55.277801,136052,88.59,88.58,1106,987,7542,-710
318,BBY,2020-02-06,0 days 15:57:00.290531,141827,88.59,88.57,4460,340,-1737,530
319,BBY,2020-02-06,0 days 15:57:42.389232,178765,88.63,88.62,2652,413,4354,-1173
320,BBY,2020-02-06,0 days 15:57:43.391379,173219,88.66,88.63,300,1086,-5546,4354
321,BBY,2020-02-06,0 days 15:59:02.583059,185048,88.62,88.6,1157,4278,1718,-3532
322,BBY,2020-02-06,0 days 15:59:03.586308,182466,88.63,88.62,1589,1180,-2582,1718
323,BBY,2020-02-06,0 days 15:59:30.647450,210394,88.7,88.68,4205,704,4170,-1830
324,BBY,2020-02-06,0 days 15:59:31.649617,210364,88.7,88.68,3661,704,-30,4170
325,BCS,2020-02-06,0 days 15:59:06.706068,45668,9.09,9.08,108050,92565,6570,-6180
326,BDX,2020-02-06,0 days 15:55:00.082383,151013,253.1,252.98,411,310,-5562,29966
327,BDX,2020-02-06,0 days 15:55:05.094546,125852,253.2,253.14,34,100,24861,-2865
328,BDX,2020-02-06,0 days 15:55:07.098939,150813,253.14,253.05,304,200,-3065,24861
329,BDX,2020-02-06,0 days 15:55:14.116727,125852,253.0,252.95,306,100,25645,-1610
330,BDX,2020-02-06,0 days 15:55:15.119036,151013,253.06,252.99,300,100,-2194,25645
331,BDX,2020-02-06,0 days 15:55:17.123992,125852,253.06,253.01,300,300,25261,-2194
332,BDX,2020-02-06,0 days 15:55:18.126394,151013,253.06,253.01,500,299,-2194,25261
333,BDX,2020-02-06,0 days 15:55:27.148183,151113,253.04,252.94,406,400,-3894,23945
334,BDX,2020-02-06,0 days 15:55:38.174587,127652,252.99,252.91,500,201,23845,-3510
335,BDX,2020-02-06,0 days 15:55:41.181989,150849,253.13,253.01,53,197,-7029,21645
336,BDX,2020-02-06,0 days 15:55:43.187014,129852,253.06,253.0,200,430,21297,-6058
337,BDX,2020-02-06,0 days 15:55:46.194100,151152,253.0,252.95,6,1,-6055,21300
338,BDX,2020-02-06,0 days 15:55:50.203672,129852,253.13,253.07,192,100,21200,-6155
339,BDX,2020-02-06,0 days 15:55:53.210782,151200,253.08,253.07,200,97,-6678,21348
340,BDX,2020-02-06,0 days 15:55:59.225266,129852,252.93,252.9,300,597,22132,-5223
341,BDX,2020-02-06,0 days 15:56:00.227978,151984,252.97,252.9,100,797,-5223,22132
342,BDX,2020-02-06,0 days 15:56:03.235066,129852,252.86,252.78,100,139,22332,-5323
343,BDX,2020-02-06,0 days 15:56:04.237258,152409,252.85,252.78,378,39,-4798,22332
344,BDX,2020-02-06,0 days 15:56:16.265782,153125,253.11,252.97,200,481,-4415,23657
345,BDX,2020-02-06,0 days 15:56:39.320883,129436,252.97,252.94,112,100,24173,-3231
346,BDX,2020-02-06,0 days 15:56:40.323804,153509,252.98,252.94,212,200,-3231,24173
347,BDX,2020-02-06,0 days 15:56:51.350300,153509,252.97,252.94,244,89,-3681,23657
348,BDX,2020-02-06,0 days 15:57:26.435607,156267,253.0,252.98,500,200,-6130,21108
349,BDX,2020-02-06,0 days 15:57:36.459409,156551,252.96,252.95,220,200,-9713,21492
350,BDX,2020-02-06,0 days 15:58:14.551742,161172,253.02,253.01,410,100,-14194,25747
351,BDX,2020-02-06,0 days 15:58:53.645967,162281,252.67,252.63,205,198,-9885,27256
352,BDX,2020-02-06,0 days 15:59:00.663184,140806,252.59,252.56,411,100,21766,-13866
353,BDX,2020-02-06,0 days 15:59:01.665754,162481,252.59,252.56,220,1210,-13866,21766
354,BDX,2020-02-06,0 days 15:59:02.668338,140806,252.57,252.56,78,971,33766,-13866
355,BDX,2020-02-06,0 days 15:59:12.692989,141103,252.65,252.63,335,138,34601,-24060
356,BDX,2020-02-06,0 days 15:59:27.728512,195538,252.82,252.77,465,766,-10365,52737
357,BDX,2020-02-06,0 days 15:59:39.759029,143300,252.58,252.46,800,2797,65844,-6194
358,BEN,2020-02-06,0 days 15:55:00.520288,225728,26.1,26.09,12567,7718,-4764,47141
359,BEN,2020-02-06,0 days 15:55:43.624253,226612,26.1,26.09,14339,8659,2796,-3442
360,BEN,2020-02-06,0 days 15:55:44.674594,223508,26.1,26.09,10414,9359,-3104,2796
361,BEN,2020-02-06,0 days 15:57:39.904512,244479,26.08,26.07,8459,4016,2196,-104
362,BEN,2020-02-06,0 days 15:57:40.906787,244375,26.08,26.07,11241,3918,-104,2196
363,BEN,2020-02-06,0 days 15:57:57.948572,241328,26.08,26.07,12819,2306,747,-2304
364,BEN,2020-02-06,0 days 15:57:58.950972,239275,26.08,26.07,10164,1955,-2053,747
365,BEN,2020-02-06,0 days 15:58:06.971000,247900,26.08,26.07,14461,797,2675,-3825
366,BEN,2020-02-06,0 days 15:58:07.973096,245418,26.08,26.07,13031,797,-2482,2675
367,BEN,2020-02-06,0 days 15:58:48.070338,246400,26.08,26.07,10641,4470,-1500,600
368,BEN,2020-02-06,0 days 15:58:49.072169,244996,26.08,26.07,12719,4133,804,-1500
369,BEN,2020-02-06,0 days 15:58:50.075088,243700,26.08,26.07,12800,4133,-1296,804
370,BEN,2020-02-06,0 days 15:59:05.112267,251401,26.09,26.08,4100,13121,17216,-2463
371,BEN,2020-02-06,0 days 15:59:06.114234,250817,26.09,26.08,3623,9254,-584,17216
372,BGS,2020-02-06,0 days 15:56:27.292150,88525,14.48,14.47,2049,2730,-1664,2436
373,BGS,2020-02-06,0 days 15:56:28.294954,88289,14.48,14.47,1649,2930,236,-1664
374,BGS,2020-02-06,0 days 15:56:46.338364,88525,14.48,14.47,1240,4135,-504,236
375,BGS,2020-02-06,0 days 15:57:19.418111,93489,14.48,14.47,600,6126,1136,-271
376,BGS,2020-02-06,0 days 15:59:10.688062,111757,14.48,14.47,1123,6453,265,-1535
377,BGS,2020-02-06,0 days 15:59:39.758889,112113,14.46,14.45,821,13679,-212,505
378,BHC,2020-02-06,0 days 15:55:59.244440,25434,28.93,28.92,3801,2169,1635,-465
379,BHC,2020-02-06,0 days 15:56:00.247256,25169,28.93,28.92,3901,1973,-265,1635
380,BHC,2020-02-06,0 days 15:57:05.404173,26802,28.92,28.91,4200,1485,367,-333
381,BHC,2020-02-06,0 days 15:57:06.406632,26469,28.92,28.91,5600,1205,-333,367
382,BHC,2020-02-06,0 days 15:57:36.478723,29857,28.92,28.91,1105,9648,13,-676
383,BHP,2020-02-06,0 days 15:56:25.725190,26051,52.53,52.52,1621,4750,-305,12
384,BHP,2020-02-06,0 days 15:56:26.727663,24656,52.53,52.52,1521,4950,1395,-305
385,BHP,2020-02-06,0 days 15:57:52.936214,27851,52.53,52.52,6350,6099,-45,355
386,BHP,2020-02-06,0 days 15:57:53.938420,27496,52.53,52.52,5621,6699,355,-45
387,BHP,2020-02-06,0 days 15:57:57.948572,27951,52.53,52.52,6721,5911,-45,355
388,BHP,2020-02-06,0 days 15:57:58.950972,27596,52.53,52.52,6621,5911,355,-45
389,BHP,2020-02-06,0 days 15:58:02.961035,27951,52.53,52.52,6822,6711,-45,355
390,BHP,2020-02-06,0 days 15:58:03.963254,27748,52.53,52.52,6522,6911,203,-45
391,BHP,2020-02-06,0 days 15:58:10.980694,28077,52.53,52.52,6021,7540,-96,1220
392,BHP,2020-02-06,0 days 15:58:11.982979,27473,52.53,52.52,6021,7640,604,-96
393,BHP,2020-02-06,0 days 15:59:18.143277,29116,52.56,52.55,2782,6000,-3204,55
394,BK,2020-02-06,0 days 15:56:59.389157,477699,47.53,47.52,8886,2700,-3955,1777
395,BK,2020-02-06,0 days 15:57:08.411618,481657,47.52,47.51,9064,878,5837,-1042
396,BK,2020-02-06,0 days 15:57:09.413949,479600,47.52,47.51,5547,4688,-2057,5837
397,BK,2020-02-06,0 days 15:57:10.416393,481810,47.52,47.51,5540,3578,238,-2057
398,BK,2020-02-06,0 days 15:57:11.418841,480048,47.52,47.51,6848,3678,-1609,238
399,BK,2020-02-06,0 days 15:58:49.656086,533629,47.53,47.52,3441,5877,5116,-2970
400,BK,2020-02-06,0 days 15:58:50.659478,526345,47.53,47.52,3541,5877,-2675,5116
401,BK,2020-02-06,0 days 15:59:40.780412,592414,47.55,47.54,6214,6008,-28519,21863
402,BK,2020-02-06,0 days 15:59:41.782589,564451,47.52,47.51,4400,3023,29060,-28519
403,BK,2020-02-06,0 days 15:59:44.789763,598333,47.52,47.51,5078,7863,-2959,2657
404,BK,2020-02-06,0 days 15:59:45.791715,595854,47.52,47.51,5678,7463,2479,-2959
405,BLL,2020-02-06,0 days 15:55:01.005201,327733,77.8,77.77,350,1055,182553,-261
406,BLL,2020-02-06,0 days 15:57:43.391486,353787,78.0,77.99,191,834,219506,-245994
407,BLL,2020-02-06,0 days 15:58:45.542364,451327,77.99,77.98,388,400,5351,-21509
408,BLL,2020-02-06,0 days 15:58:55.566098,456678,78.01,78.0,678,200,-247349,3351
409,BLL,2020-02-06,0 days 15:59:05.591942,551092,78.03,77.99,1698,450,-124622,37624
410,BLL,2020-02-06,0 days 15:59:28.642774,549401,78.03,77.99,2357,150,-134536,121368
411,BLL,2020-02-06,0 days 15:59:29.644818,435637,78.01,77.97,449,699,235440,-134536
412,BMY,2020-02-06,0 days 15:57:41.909720,1134273,67.03,67.02,1031,1531,-6490,10510
413,BMY,2020-02-06,0 days 15:57:42.911710,1120463,67.02,67.01,100,2400,13810,-6490
414,BMY,2020-02-06,0 days 15:58:23.009236,1126449,67.06,67.04,2623,1700,10652,-4748
415,BMY,2020-02-06,0 days 15:58:51.077075,1127757,67.06,67.05,756,800,9344,-62
416,BMY,2020-02-06,0 days 15:58:56.088943,1122558,67.08,67.07,300,1942,14443,-6057
417,BMY,2020-02-06,0 days 15:59:04.109055,1137592,67.09,67.08,1332,5867,-38776,2492
418,BMY,2020-02-06,0 days 15:59:05.112267,1177768,67.09,67.08,1638,4769,3874,-38776
419,BMY,2020-02-06,0 days 15:59:13.130975,1198219,67.1,67.09,200,2121,171,-129
420,BMY,2020-02-06,0 days 15:59:18.143233,1198090,67.09,67.08,1212,1415,-3736,7016
421,BMY,2020-02-06,0 days 15:59:19.144839,1194826,67.09,67.08,570,2156,3264,-3736
422,BMY,2020-02-06,0 days 15:59:20.147293,1198090,67.09,67.08,319,2056,-1398,3264
423,BMY,2020-02-06,0 days 15:59:21.149661,1195188,67.09,67.08,3528,2856,2902,-1398
424,BMY,2020-02-06,0 days 15:59:41.199743,1228945,67.05,67.04,1770,2161,3479,-5121
425,BMY,2020-02-06,0 days 15:59:49.219512,1231056,67.1,67.09,4317,1466,919,-3381
426,BOOT,2020-02-06,0 days 15:50:55.515487,30313,36.48,36.46,36,1174,-16509,8504
427,BOOT,2020-02-06,0 days 15:51:10.551106,21809,36.44,36.43,1076,500,9698,-15315
428,BOOT,2020-02-06,0 days 15:51:20.575265,30313,36.49,36.46,640,500,-16509,8504
429,BOOT,2020-02-06,0 days 15:54:00.958971,21809,36.47,36.44,539,400,9698,-15315
430,BOOT,2020-02-06,0 days 15:54:05.970575,31507,36.44,36.42,320,149,-15315,9698
431,BOOT,2020-02-06,0 days 15:55:06.115796,33328,36.51,36.48,200,2382,-15068,9945
432,BOOT,2020-02-06,0 days 15:55:10.125900,23383,36.5,36.48,100,1606,9945,-15068
433,BOOT,2020-02-06,0 days 15:55:23.157742,33328,36.49,36.47,100,200,-15068,9945
434,BOOT,2020-02-06,0 days 15:56:40.342702,36248,36.45,36.44,848,35,-13048,11671
435,BP,2020-02-06,0 days 15:55:04.171058,207872,36.86,36.85,11870,37968,-6992,9808
436,BP,2020-02-06,0 days 15:55:05.173575,198064,36.86,36.85,14441,35492,9808,-6992
437,BP,2020-02-06,0 days 15:55:59.304765,207872,36.88,36.87,17331,26532,-8196,9204
438,BP,2020-02-06,0 days 15:56:00.307640,198668,36.88,36.87,19402,26232,9204,-8196
439,BP,2020-02-06,0 days 15:57:48.568861,201918,36.89,36.88,18493,37795,3826,-294
440,BP,2020-02-06,0 days 15:59:24.802470,207450,36.89,36.88,8276,46903,-473,2986
441,BP,2020-02-06,0 days 15:59:25.804501,204045,36.89,36.88,7964,44464,3405,-473
442,BP,2020-02-06,0 days 15:59:39.838277,209830,36.88,36.87,9831,46623,-6619,5993
443,BP,2020-02-06,0 days 15:59:40.841190,199349,36.88,36.87,7057,46187,8101,-6619
444,BP,2020-02-06,0 days 15:59:42.846357,209830,36.88,36.87,8397,47926,-2406,2114
445,BP,2020-02-06,0 days 15:59:43.848218,200236,36.88,36.87,13430,42553,7214,-2406
446,BP,2020-02-06,0 days 15:59:48.860122,209830,36.88,36.87,35020,18194,-8090,5564
447,BP,2020-02-06,0 days 15:59:49.863231,207620,36.88,36.87,37324,11283,2210,-8090
448,BRK.B,2020-02-06,0 days 15:55:02.026999,332329,229.69,229.68,127,238,571,-37900
449,BRK.B,2020-02-06,0 days 15:57:02.315774,334640,229.66,229.64,225,166,2197,-75
450,BRK.B,2020-02-06,0 days 15:57:36.397007,343760,229.61,229.6,698,704,-3758,1642
451,BRK.B,2020-02-06,0 days 15:57:37.399516,342118,229.6,229.59,825,701,1542,-3758
452,BRK.B,2020-02-06,0 days 15:57:42.411914,350260,229.58,229.57,600,600,-358,3242
453,BRK.B,2020-02-06,0 days 15:57:43.414339,348018,229.58,229.57,600,600,2242,-358
454,BRK.B,2020-02-06,0 days 15:58:01.457670,350460,229.6,229.57,815,300,-558,2642
455,BRK.B,2020-02-06,0 days 15:58:02.460670,348303,229.59,229.57,300,505,2057,-558
456,BRK.B,2020-02-06,0 days 15:58:38.547164,345939,229.71,229.7,300,853,1265,-1035
457,BRK.B,2020-02-06,0 days 15:58:53.584146,347204,229.71,229.68,200,525,-22018,1265
458,BRK.B,2020-02-06,0 days 15:58:54.586687,369722,229.71,229.68,200,725,16182,-22018
459,BRK.B,2020-02-06,0 days 15:58:55.589130,367704,229.71,229.68,100,725,-1518,16182
460,BRK.B,2020-02-06,0 days 15:59:18.646049,369624,229.75,229.72,600,727,-1461,1439
461,BRK.B,2020-02-06,0 days 15:59:29.672633,371621,229.69,229.65,225,468,9286,-1569
462,BRK.B,2020-02-06,0 days 15:59:30.675937,371100,229.68,229.65,200,343,-208,9286
463,BRK.B,2020-02-06,0 days 15:59:37.692250,370531,229.64,229.62,92,414,-491,623
464,BRK.B,2020-02-06,0 days 15:59:42.704764,371208,229.65,229.64,103,100,23,-777
465,BRK.B,2020-02-06,0 days 15:59:44.708557,370331,229.65,229.64,200,100,-591,909
466,BRK.B,2020-02-06,0 days 15:59:45.712395,371022,229.67,229.64,200,103,401,-591
467,BRK.B,2020-02-06,0 days 15:59:46.713344,370323,229.66,229.63,19,100,-699,401
468,BRK.B,2020-02-06,0 days 15:59:49.722321,371022,229.65,229.6,425,228,201,-698
469,BRK.B,2020-02-06,0 days 15:59:50.725282,370823,229.66,229.61,500,400,-199,201
470,BRPM,2020-02-06,0 days 15:58:47.711744,3003,10.22,10.21,800,4401,1569,-2531
471,BRPM,2020-02-06,0 days 15:58:48.714191,2772,10.22,10.21,800,4401,-231,1569
472,BRX,2020-02-06,0 days 15:59:58.240569,460092,20.95,20.94,6249,2367,8118,-1440
473,BSX,2020-02-06,0 days 15:55:01.025623,384315,42.98,42.97,971,10181,-54439,55283
474,BSX,2020-02-06,0 days 15:55:02.025968,377654,42.99,42.98,3866,7252,6161,-54439
475,BSX,2020-02-06,0 days 15:56:02.169749,384557,43.03,43.02,2300,12049,-15167,7871
476,BSX,2020-02-06,0 days 15:56:03.172319,378124,43.03,43.02,2300,12049,4933,-15167
477,BSX,2020-02-06,0 days 15:59:04.610555,429744,43.03,43.02,13528,15075,-40337,5501
478,BSX,2020-02-06,0 days 15:59:16.639737,428872,43.03,43.02,11905,15314,872,-5528
479,BSX,2020-02-06,0 days 15:59:17.641755,429744,43.03,43.02,13126,13384,-10304,872
480,BSX,2020-02-06,0 days 15:59:22.654173,442848,43.03,43.02,16342,6884,996,-10804
481,BSX,2020-02-06,0 days 15:59:24.659224,443844,43.03,43.02,12898,12311,-775,996
482,BSX,2020-02-06,0 days 15:59:42.703274,451065,43.02,43.01,11497,11204,-4643,2118
483,BSX,2020-02-06,0 days 15:59:43.705586,451108,43.02,43.01,14422,11408,757,-4643
484,BSX,2020-02-06,0 days 15:59:45.711158,451865,43.02,43.01,13009,11608,-4862,757
485,BTU,2020-02-06,0 days 15:57:50.572940,114028,8.95,8.94,4212,2048,1175,-625
486,BTU,2020-02-06,0 days 15:57:51.573822,113303,8.95,8.94,4212,2048,-625,1175
487,BTU,2020-02-06,0 days 15:58:01.600138,115737,8.96,8.95,9307,4210,10266,-744
488,BTU,2020-02-06,0 days 15:58:02.600798,114703,8.96,8.95,9107,4407,-1034,10266
489,BTU,2020-02-06,0 days 15:58:06.612035,114596,8.96,8.95,11581,5526,407,-1034
490,BTU,2020-02-06,0 days 15:58:09.618623,111803,8.96,8.95,12081,5926,-393,1107
491,BTU,2020-02-06,0 days 15:58:11.622715,112196,8.96,8.95,11741,7226,1607,-393
492,BTU,2020-02-06,0 days 15:58:12.625594,111803,8.96,8.95,11741,7826,-393,1607
493,BTU,2020-02-06,0 days 15:58:30.668931,112196,8.96,8.95,13379,7429,1107,-393
494,BTU,2020-02-06,0 days 15:59:17.784063,129056,8.95,8.94,4332,1630,1095,-146
495,BTU,2020-02-06,0 days 15:59:19.790197,131051,8.95,8.94,3651,1390,-1336,3495
496,BTU,2020-02-06,0 days 15:59:20.792943,129987,8.95,8.94,3651,1290,1064,-1336
497,BTU,2020-02-06,0 days 15:59:28.811925,142251,8.95,8.94,800,1526,-1050,10574
498,BTU,2020-02-06,0 days 15:59:29.814196,142291,8.95,8.94,2500,2126,1123,-1050
499,BWA,2020-02-06,0 days 15:59:26.745014,338191,33.8,33.79,5718,5176,422,-1878
500,BX,2020-02-06,0 days 15:55:06.036830,57605,64.25,64.24,700,1499,1346,-1954
501,BX,2020-02-06,0 days 15:55:07.038894,57351,64.25,64.24,600,4699,-254,1346
502,BX,2020-02-06,0 days 15:55:20.071057,57605,64.25,64.24,1575,6333,6146,-1954
503,BX,2020-02-06,0 days 15:55:21.073217,55651,64.25,64.24,1975,6333,-1954,6146
504,BX,2020-02-06,0 days 15:57:47.424640,59031,64.21,64.2,2350,886,1597,-303
505,BX,2020-02-06,0 days 15:57:48.427706,58828,64.2,64.19,828,2300,-203,1597
506,BX,2020-02-06,0 days 15:57:53.438976,64631,64.21,64.2,3119,619,1514,-203
507,BX,2020-02-06,0 days 15:59:17.643546,69585,64.19,64.18,9357,280,-2234,940
508,BX,2020-02-06,0 days 15:59:27.668024,69143,64.18,64.17,2169,1045,442,-1258
509,C,2020-02-06,0 days 15:55:49.324582,2580384,79.04,79.03,8105,2402,5639,-3626
510,C,2020-02-06,0 days 15:55:50.327247,2578505,79.04,79.03,1486,9227,-1879,5639
511,C,2020-02-06,0 days 15:55:52.331737,2580384,79.04,79.03,1961,7192,20196,-1879
512,C,2020-02-06,0 days 15:55:53.334499,2579305,79.04,79.03,1200,7724,-1079,20196
513,C,2020-02-06,0 days 15:57:34.577684,2612489,78.99,78.98,12259,1101,7825,-4775
514,C,2020-02-06,0 days 15:57:35.580583,2610914,78.99,78.98,13619,447,-1575,7825
515,C,2020-02-06,0 days 15:57:46.607505,2612489,78.98,78.97,15313,647,15125,-617
516,C,2020-02-06,0 days 15:57:47.609898,2607314,78.99,78.98,6000,5462,-5175,15125
517,C,2020-02-06,0 days 15:59:41.885253,2719056,78.99,78.98,4180,13570,-4403,31204
518,C,2020-02-06,0 days 16:00:00.928508,2695508,78.97,78.96,24710,1091,24351,-2418
519,CAG,2020-02-06,0 days 15:55:00.101174,261011,32.09,32.08,2838,5100,-3327,65014
520,CAG,2020-02-06,0 days 15:56:37.334985,264860,32.11,32.1,10705,6796,6659,-596
521,CAG,2020-02-06,0 days 15:56:38.337896,264519,32.11,32.1,10496,7698,-296,6659
522,CAG,2020-02-06,0 days 15:57:05.404114,265044,32.1,32.09,15739,4504,1919,-581
523,CAG,2020-02-06,0 days 15:58:01.539679,298178,32.11,32.1,8879,3939,-754,3346
524,CAG,2020-02-06,0 days 15:58:02.541928,295432,32.11,32.1,8979,4040,2746,-754
525,CAG,2020-02-06,0 days 15:58:05.549643,298178,32.11,32.1,8478,4147,-54,2746
526,CAG,2020-02-06,0 days 15:58:11.564222,296182,32.11,32.1,9592,4429,2122,-5304
527,CAG,2020-02-06,0 days 15:58:53.665681,296478,32.1,32.09,11113,6250,-5478,1943
528,CAG,2020-02-06,0 days 15:59:32.759741,320097,32.09,32.08,16056,1175,-1484,3246
529,CAG,2020-02-06,0 days 15:59:33.763742,316981,32.08,32.07,6135,13739,1146,-1484
530,CAG,2020-02-06,0 days 15:59:43.787295,321603,32.09,32.08,10815,1750,1346,-654
531,CAG,2020-02-06,0 days 15:59:45.791660,322949,32.09,32.08,6352,4467,-1534,1346
532,CAG,2020-02-06,0 days 15:59:46.800444,321683,32.09,32.08,3577,4000,1266,-1534
533,CAG,2020-02-06,0 days 15:59:47.795157,322949,32.09,32.08,3155,4917,-1614,1266
534,CAG,2020-02-06,0 days 15:59:49.800072,321983,32.09,32.08,4531,5623,966,-2434
535,CAH,2020-02-06,0 days 15:58:03.495067,569330,58.33,58.31,426,291,11424,-6644
536,CAH,2020-02-06,0 days 15:58:04.497385,554354,58.33,58.31,426,413,-14976,11424
537,CAH,2020-02-06,0 days 15:59:21.684632,574345,58.36,58.35,400,2319,-8686,7640
538,CAH,2020-02-06,0 days 15:59:22.687653,583031,58.36,58.35,300,2220,2314,-8686
539,CAH,2020-02-06,0 days 15:59:35.718522,580698,58.36,58.33,1652,2445,-5631,8569
540,CAH,2020-02-06,0 days 15:59:38.726179,586329,58.33,58.3,1700,1904,30469,-5631
541,CAH,2020-02-06,0 days 15:59:45.742740,585234,58.31,58.29,2324,3155,-1640,6375
542,CAT,2020-02-06,0 days 15:55:00.028118,129595,137.13,137.12,77,100,-1924,18847
543,CAT,2020-02-06,0 days 15:55:01.027267,129019,137.14,137.12,428,306,576,-1924
544,CAT,2020-02-06,0 days 15:57:04.321483,131983,137.19,137.16,403,1146,-10549,951
545,CAT,2020-02-06,0 days 15:57:47.424640,143014,137.14,137.13,559,200,499,-1201
546,CAT,2020-02-06,0 days 15:57:49.429576,141313,137.13,137.12,500,2369,-1701,899
547,CAT,2020-02-06,0 days 15:57:56.446450,143014,137.13,137.11,1209,803,499,-701
548,CAT,2020-02-06,0 days 15:57:57.448845,142313,137.13,137.11,1209,903,-701,499
549,CAT,2020-02-06,0 days 15:58:03.463876,159514,137.14,137.13,550,735,2362,-901
550,CAT,2020-02-06,0 days 15:58:49.574931,144866,137.26,137.24,445,300,-474,189
551,CAT,2020-02-06,0 days 15:59:05.615367,153552,137.21,137.2,686,41,9231,-1513
552,CAT,2020-02-06,0 days 15:59:34.685644,163769,137.23,137.2,280,301,-559,2271
553,CAT,2020-02-06,0 days 15:59:35.688082,164328,137.21,137.18,1340,4,116,-559
554,CAT,2020-02-06,0 days 15:59:36.690304,163544,137.18,137.17,300,100,-384,116
555,CAT,2020-02-06,0 days 15:59:50.725680,164428,137.22,137.17,556,137,516,-1084
556,CAT,2020-02-06,0 days 15:59:51.726603,163872,137.34,137.27,600,100,-10800,516
557,CB,2020-02-06,0 days 15:55:00.520106,368072,163.08,163.04,300,120,-59318,52362
558,CB,2020-02-06,0 days 15:57:46.921459,427754,162.85,162.82,583,400,2205,-3295
559,CB,2020-02-06,0 days 15:57:47.924338,427559,162.85,162.82,991,400,-195,2205
560,CB,2020-02-06,0 days 15:57:48.926787,427754,162.83,162.81,500,307,605,-195
561,CB,2020-02-06,0 days 15:57:50.931647,425959,162.81,162.79,100,126,-1795,1605
562,CB,2020-02-06,0 days 15:58:46.065043,427754,162.87,162.86,313,23,842,-1858
563,CB,2020-02-06,0 days 15:58:47.067283,426096,162.87,162.86,304,23,-1658,842
564,CB,2020-02-06,0 days 15:59:04.108965,437473,163.05,163.01,865,688,87496,-2302
565,CC,2020-02-06,0 days 15:59:16.138309,288641,14.72,14.71,17753,9563,33374,-2153
566,CC,2020-02-06,0 days 15:59:17.140035,284005,14.73,14.72,3820,10651,-4636,33374
567,CC,2020-02-06,0 days 16:00:00.244699,306372,14.67,14.66,5100,122553,907,-893
568,CCC,2020-02-06,0 days 15:59:06.617154,160044,21.45,21.44,2644,2700,6478,-2313
569,CCC,2020-02-06,0 days 15:59:07.619367,155922,21.45,21.44,2644,2162,-4122,6478
570,CCC,2020-02-06,0 days 15:59:19.648894,155461,21.43,21.41,780,4300,-3566,2834
571,CCC,2020-02-06,0 days 15:59:45.712589,161810,21.42,21.41,443,11239,-2161,97
572,CCC,2020-02-06,0 days 15:59:58.742371,161901,21.39,21.37,3840,7196,-2070,9679
573,CCC,2020-02-06,0 days 16:00:00.747811,156022,21.39,21.37,3433,37417,9679,-2070
574,CCL,2020-02-06,0 days 15:56:02.149883,199793,43.87,43.86,2200,3487,24730,-4699
575,CCL,2020-02-06,0 days 15:56:03.152393,198323,43.87,43.86,1086,5202,-1470,24730
576,CCL,2020-02-06,0 days 15:56:28.212255,207282,43.85,43.84,3030,2618,4541,-2159
577,CCL,2020-02-06,0 days 15:56:29.214923,205123,43.85,43.84,3589,2718,-2159,4541
578,CCL,2020-02-06,0 days 15:57:11.317132,234943,43.83,43.82,5322,2203,519,-28690
579,CCL,2020-02-06,0 days 15:57:12.318978,230762,43.83,43.82,7681,2218,-4181,519
580,CCL,2020-02-06,0 days 15:57:29.357763,242525,43.83,43.82,6079,2868,5837,-8326
581,CCL,2020-02-06,0 days 15:57:30.360397,237662,43.83,43.82,5849,2662,-4863,5837
582,CDAY,2020-02-06,0 days 15:55:35.085243,53622,65.74,65.69,288,500,-6722,22901
583,CDAY,2020-02-06,0 days 15:56:01.147679,54942,65.75,65.72,171,2316,-10254,9595
584,CDAY,2020-02-06,0 days 15:56:38.236550,45711,65.88,65.85,225,711,8238,-16576
585,CDAY,2020-02-06,0 days 15:56:39.238467,53949,65.89,65.85,179,1556,-16576,8238
586,CDAY,2020-02-06,0 days 15:56:48.260198,45717,65.89,65.86,495,410,8232,-17394
587,CDAY,2020-02-06,0 days 15:56:51.268038,53949,65.89,65.86,212,1314,-17400,8232
588,CDAY,2020-02-06,0 days 15:56:55.277847,45717,65.89,65.87,300,340,8232,-17512
589,CDAY,2020-02-06,0 days 15:56:56.279946,53949,65.9,65.87,300,807,-17512,8232
590,CDAY,2020-02-06,0 days 15:56:57.282869,45717,65.88,65.87,300,875,8232,-17512
591,CF,2020-02-06,0 days 15:59:34.657331,427411,42.31,42.3,400,7131,7589,-11417
592,CF,2020-02-06,0 days 15:59:35.659408,417300,42.31,42.3,888,6387,-10111,7589
593,CF,2020-02-06,0 days 15:59:39.669203,427131,42.3,42.29,1119,871,4556,-7930
594,CF,2020-02-06,0 days 15:59:41.674198,420714,42.28,42.27,100,14705,-7710,9843
595,CF,2020-02-06,0 days 15:59:45.683932,430124,42.28,42.27,1256,1060,5410,-837
596,CF,2020-02-06,0 days 15:59:48.691079,428262,42.28,42.27,1212,674,-1662,10050
597,CFG,2020-02-06,0 days 15:55:01.005095,351582,38.76,38.75,4153,4885,1403,-61881
598,CFG,2020-02-06,0 days 15:55:02.004676,339985,38.76,38.75,3304,7539,-11597,1403
599,CFG,2020-02-06,0 days 15:57:03.297539,377294,38.77,38.76,10257,4809,514,-5570
600,CFG,2020-02-06,0 days 15:57:11.317132,365752,38.77,38.76,13981,3026,-11842,2658
601,CFG,2020-02-06,0 days 15:57:44.394693,377594,38.75,38.74,5163,9858,2458,-2342
602,CFG,2020-02-06,0 days 15:57:45.396373,366952,38.75,38.74,5527,10158,-10642,2458
603,CFG,2020-02-06,0 days 15:59:09.601294,358643,38.78,38.77,7217,4010,7648,-20452
604,CFG,2020-02-06,0 days 15:59:10.603223,351691,38.78,38.77,7821,3204,-5729,7648
605,CFG,2020-02-06,0 days 15:59:15.615151,357420,38.78,38.77,7679,7254,2478,-2227
606,CFG,2020-02-06,0 days 15:59:17.615665,361137,38.78,38.77,10215,2129,-24983,2517
607,CFG,2020-02-06,0 days 15:59:46.686072,384303,38.75,38.74,10877,4503,-3032,12668
608,CFG,2020-02-06,0 days 15:59:48.691273,387335,38.75,38.74,12263,4445,41,-154
609,CFG,2020-02-06,0 days 15:59:49.693940,384176,38.75,38.74,14633,1700,-3159,41
610,CGC,2020-02-06,0 days 15:55:00.204776,35007,21.12,21.11,1450,6520,1250,-5897
611,CGC,2020-02-06,0 days 15:55:19.251556,36257,21.16,21.15,1501,1100,-850,1250
612,CGC,2020-02-06,0 days 15:55:20.253980,36107,21.15,21.14,1500,814,150,-850
613,CGC,2020-02-06,0 days 15:55:39.300468,36257,21.15,21.14,2232,10007,-545,150
614,CGC,2020-02-06,0 days 15:55:40.303669,35702,21.15,21.14,2232,10007,555,-545
615,CGC,2020-02-06,0 days 15:59:45.895788,41745,21.18,21.16,5700,15018,177,-223
616,CGC,2020-02-06,0 days 16:00:00.928692,41922,21.18,21.16,37621,12518,-7323,547
617,CHK,2020-02-06,0 days 15:59:22.655722,2218033,0.54,0.53,520,225708,90313,-117421
618,CHL,2020-02-06,0 days 15:56:46.338275,23503,43.09,43.08,3780,600,198,-772
619,CHL,2020-02-06,0 days 15:59:05.676312,29468,43.09,43.08,3534,3490,-522,511
620,CHL,2020-02-06,0 days 15:59:06.678712,29190,43.09,43.08,3734,3490,278,-522
621,CHL,2020-02-06,0 days 15:59:20.712671,30893,43.1,43.09,672,4141,-396,1703
622,CHL,2020-02-06,0 days 15:59:21.714253,29989,43.1,43.09,655,3441,904,-396
623,CHL,2020-02-06,0 days 15:59:22.716135,30893,43.1,43.09,200,3541,-96,904
624,CHL,2020-02-06,0 days 15:59:50.786727,30455,43.12,43.11,5761,2700,438,-262
625,CI,2020-02-06,0 days 15:58:44.563140,142095,212.0,211.91,528,200,-5806,12543
626,CI,2020-02-06,0 days 15:58:45.565701,135811,211.95,211.87,200,4,6284,-5806
627,CI,2020-02-06,0 days 15:58:56.592834,142109,211.92,211.79,317,705,-3545,4298
628,CI,2020-02-06,0 days 15:58:57.594596,138554,211.92,211.79,817,1109,3555,-3545
629,CI,2020-02-06,0 days 15:59:12.631779,147282,211.85,211.79,16,400,-772,528
630,CI,2020-02-06,0 days 15:59:15.639167,145221,211.86,211.71,300,214,2169,-809
631,CI,2020-02-06,0 days 15:59:21.653931,147537,211.86,211.74,400,304,-1189,746
632,CI,2020-02-06,0 days 15:59:22.655942,143426,211.85,211.76,316,304,4211,-1189
633,CI,2020-02-06,0 days 15:59:25.663373,147537,211.91,211.83,200,202,-13962,1264
634,CI,2020-02-06,0 days 15:59:26.665669,144741,211.83,211.76,432,4,2918,-13962
635,CI,2020-02-06,0 days 15:59:39.697828,148797,211.84,211.77,1126,682,1400,-3800
636,CI,2020-02-06,0 days 15:59:45.712685,150497,211.9,211.81,100,400,-1425,1500
637,CI,2020-02-06,0 days 15:59:46.714473,149863,211.9,211.81,100,535,634,-1425
638,CI,2020-02-06,0 days 15:59:47.716814,150497,211.91,211.83,900,200,-795,634
639,CI,2020-02-06,0 days 15:59:49.722635,149842,211.92,211.87,148,42,655,-1392
640,CIG,2020-02-06,0 days 15:55:00.060109,170624,3.65,3.64,188030,81951,-4519,7781
641,CIG,2020-02-06,0 days 15:55:37.143723,175143,3.65,3.64,162065,144598,3181,-4319
642,CIG,2020-02-06,0 days 15:56:47.310022,178324,3.65,3.64,120300,199176,-525,3181
643,CIG,2020-02-06,0 days 15:57:02.347085,180049,3.65,3.64,118904,204062,8575,-1725
644,CL,2020-02-06,0 days 15:55:01.085110,243559,76.33,76.31,4112,7049,684,-1476
645,CL,2020-02-06,0 days 15:57:01.375342,247598,76.37,76.36,1754,7714,-271,554
646,CL,2020-02-06,0 days 15:57:03.379571,248269,76.37,76.36,2179,7239,569,-1471
647,CL,2020-02-06,0 days 15:57:11.399263,248838,76.37,76.36,3249,2198,-536,569
648,CL,2020-02-06,0 days 15:57:12.401428,248374,76.37,76.36,3868,1976,464,-536
649,CL,2020-02-06,0 days 15:58:08.537320,248841,76.39,76.38,3710,9155,-2913,612
650,CL,2020-02-06,0 days 15:58:29.588861,251754,76.39,76.38,1722,8033,1209,-96
651,CL,2020-02-06,0 days 15:59:05.676312,276597,76.36,76.35,5951,2140,12663,-4031
652,CL,2020-02-06,0 days 15:59:06.678674,276060,76.36,76.35,6017,478,-537,12663
653,CL,2020-02-06,0 days 15:59:09.685924,275879,76.37,76.36,1061,3138,1081,-548
654,CL,2020-02-06,0 days 15:59:10.688062,275504,76.37,76.36,695,4118,-375,1081
655,CL,2020-02-06,0 days 15:59:29.733380,283327,76.38,76.37,3305,1617,5017,-488
656,CL,2020-02-06,0 days 15:59:41.763623,285482,76.36,76.35,2078,507,5098,-5097
657,CLDR,2020-02-06,0 days 15:59:07.680911,109565,10.77,10.76,11787,28997,902,-9328
658,CLDR,2020-02-06,0 days 15:59:29.733481,118600,10.77,10.76,2750,24346,-5365,2007
659,CLDR,2020-02-06,0 days 15:59:30.737396,115293,10.77,10.76,3307,24229,3307,-5365
660,CLDR,2020-02-06,0 days 15:59:42.766542,118600,10.77,10.76,8299,26027,-840,2132
661,CLDR,2020-02-06,0 days 15:59:43.768408,118240,10.77,10.76,8199,25816,360,-840
662,CLF,2020-02-06,0 days 15:59:24.802607,173850,7.73,7.72,91170,31877,1911,-552
663,CLR,2020-02-06,0 days 15:57:55.532552,151878,27.33,27.32,10719,5378,-740,1560
664,CLR,2020-02-06,0 days 15:58:43.649052,155612,27.34,27.33,11006,3806,3410,-790
665,CLR,2020-02-06,0 days 15:58:45.653794,152422,27.34,27.33,11206,3900,-196,1004
666,CLR,2020-02-06,0 days 15:59:12.719736,153449,27.36,27.35,2759,1714,329,-226
667,CLR,2020-02-06,0 days 15:59:17.732121,147160,27.36,27.35,3699,2159,-6289,4811
668,CLR,2020-02-06,0 days 15:59:18.735133,153449,27.35,27.34,3400,7600,1360,-6289
669,CLR,2020-02-06,0 days 15:59:19.736960,152709,27.35,27.34,1116,8200,-740,1360
670,CLR,2020-02-06,0 days 15:59:21.741921,153449,27.35,27.34,900,7894,2391,-740
671,CLR,2020-02-06,0 days 15:59:22.744048,152940,27.36,27.34,4053,9794,-509,2391
672,CLR,2020-02-06,0 days 15:59:26.754194,156602,27.36,27.34,4552,9196,2138,-509
673,CLR,2020-02-06,0 days 15:59:27.756672,152640,27.36,27.34,4352,8902,-3962,2138
674,CLR,2020-02-06,0 days 15:59:36.777733,156802,27.35,27.34,2658,9110,1138,-162
675,CMA,2020-02-06,0 days 15:57:12.420914,146721,63.32,63.31,745,1041,414,-886
676,CMA,2020-02-06,0 days 15:57:13.423178,143635,63.32,63.31,745,941,-3086,414
677,CMA,2020-02-06,0 days 15:59:26.745014,153574,63.29,63.28,1329,1104,2647,-3253
678,CMA,2020-02-06,0 days 15:59:27.747616,147621,63.31,63.29,615,619,-5953,2647
679,CMA,2020-02-06,0 days 15:59:40.780364,153691,63.31,63.29,889,238,3792,-4594
680,CMA,2020-02-06,0 days 15:59:41.782492,152683,63.31,63.29,889,439,-900,3792
681,CMA,2020-02-06,0 days 15:59:44.789758,153700,63.31,63.28,577,1203,3083,-4203
682,CMA,2020-02-06,0 days 15:59:45.791621,152983,63.31,63.29,481,600,-600,3083
683,CMS,2020-02-06,0 days 15:56:09.249299,121356,67.37,67.36,1014,917,-33,684
684,CMS,2020-02-06,0 days 15:56:44.333524,120772,67.41,67.4,5253,472,584,-33
685,CMS,2020-02-06,0 days 15:56:49.345217,121356,67.41,67.4,4852,615,-198,304
686,CMS,2020-02-06,0 days 15:56:58.367452,119454,67.41,67.4,6545,216,1902,-298
687,CMS,2020-02-06,0 days 15:57:07.389694,130697,67.39,67.38,4167,598,-1004,2228
688,CMS,2020-02-06,0 days 15:57:08.392280,127701,67.39,67.38,4867,598,2996,-1004
689,CMS,2020-02-06,0 days 15:57:52.497793,132639,67.35,67.34,1,2150,-389,880
690,CMS,2020-02-06,0 days 15:57:53.500619,130728,67.35,67.34,1,2150,1911,-389
691,CMS,2020-02-06,0 days 15:58:08.537343,132639,67.36,67.35,4853,2910,-194,2189
692,CMS,2020-02-06,0 days 15:58:36.605056,125833,67.38,67.37,2178,1892,6579,-121
693,CMS,2020-02-06,0 days 15:58:53.645946,135151,67.38,67.37,1303,1828,-1944,2818
694,CMS,2020-02-06,0 days 15:58:54.648126,133595,67.38,67.37,1303,1928,356,-1944
695,CMS,2020-02-06,0 days 15:59:03.670748,134472,67.39,67.38,1014,2449,-2526,141
696,CMS,2020-02-06,0 days 15:59:04.674808,133498,67.39,67.38,620,2449,154,-2526
697,CMS,2020-02-06,0 days 15:59:13.695348,134395,67.4,67.39,1844,688,-63,133
698,CMS,2020-02-06,0 days 15:59:22.716208,156694,67.33,67.32,1619,1720,307,-1099
699,CMS,2020-02-06,0 days 15:59:26.726175,155737,67.34,67.33,2114,600,-3757,307
700,CMS,2020-02-06,0 days 15:59:42.766601,160884,67.33,67.32,1708,1831,1214,-947
701,CMS,2020-02-06,0 days 15:59:43.768459,160498,67.33,67.32,1458,2481,-386,1214
702,CMS,2020-02-06,0 days 15:59:45.773493,160884,67.33,67.32,1015,2011,1288,-386
703,CMS,2020-02-06,0 days 15:59:46.794153,160272,67.33,67.32,463,2429,-612,1288
704,CMS,2020-02-06,0 days 15:59:47.777510,160884,67.34,67.33,500,1603,549,-612
705,CMS,2020-02-06,0 days 15:59:48.780804,160686,67.34,67.33,46,2003,-198,549
706,CNC,2020-02-06,0 days 15:55:01.004586,578057,64.41,64.4,100,297,-32887,54076
707,CNC,2020-02-06,0 days 15:55:02.004645,576099,64.39,64.38,339,176,1958,-32887
708,CNC,2020-02-06,0 days 15:55:52.126049,578484,64.38,64.37,300,700,-80415,1285
709,CNC,2020-02-06,0 days 15:58:37.522525,699479,64.42,64.41,800,13,34835,-112665
710,CNC,2020-02-06,0 days 15:58:38.524673,688914,64.43,64.42,4,1965,-10565,34835
711,CNC,2020-02-06,0 days 15:58:44.539727,703379,64.45,64.44,91,1303,7546,-11054
712,CNC,2020-02-06,0 days 15:58:45.542298,695125,64.45,64.44,91,1922,-8254,7546
713,CNC,2020-02-06,0 days 15:59:17.615488,729325,64.42,64.4,896,760,4333,-6800
714,CNC,2020-02-06,0 days 15:59:18.617647,720396,64.45,64.42,700,1668,-12829,4333
715,CNC,2020-02-06,0 days 15:59:29.644688,751826,64.43,64.41,702,977,13243,-9821
716,CNC,2020-02-06,0 days 15:59:30.647495,744369,64.44,64.42,197,1641,-7457,13243
717,CNC,2020-02-06,0 days 15:59:34.657386,755726,64.45,64.43,1000,959,5614,-6633
718,CNC,2020-02-06,0 days 15:59:50.696800,754192,64.44,64.42,624,199,19935,-5229
719,CNP,2020-02-06,0 days 15:56:28.263669,355276,26.91,26.9,14562,8455,8167,-833
720,CNP,2020-02-06,0 days 15:56:29.266397,354443,26.91,26.9,14562,8868,-833,8167
721,CNP,2020-02-06,0 days 15:59:06.648059,507376,26.91,26.9,3975,17122,20952,-14646
722,CNP,2020-02-06,0 days 15:59:07.649066,499928,26.91,26.9,4068,17622,-6248,20952
723,CNP,2020-02-06,0 days 15:59:10.656215,503405,26.92,26.91,9260,14065,614,-768
724,CNP,2020-02-06,0 days 15:59:17.674043,503419,26.91,26.9,11770,6221,-164,2131
725,CNP,2020-02-06,0 days 15:59:31.708946,503406,26.89,26.88,18973,8718,-5077,25423
726,CNP,2020-02-06,0 days 15:59:49.752321,508191,26.88,26.87,4457,12158,-1882,2018
727,CNQ,2020-02-06,0 days 15:55:00.520435,21964,29.17,29.16,4940,11305,81,-11634
728,CNQ,2020-02-06,0 days 15:55:01.522690,21345,29.17,29.16,2635,16105,-619,81
729,CNQ,2020-02-06,0 days 15:56:04.675163,22004,29.16,29.15,2840,23432,1259,-59
730,CNQ,2020-02-06,0 days 15:56:05.677279,18763,29.16,29.15,2840,23432,-3241,1259
731,CNQ,2020-02-06,0 days 15:59:41.199843,25207,29.18,29.17,2339,25292,-185,5115
732,CNX,2020-02-06,0 days 15:56:07.323700,344628,7.56,7.55,19586,34360,-4289,2306
733,CNX,2020-02-06,0 days 15:56:08.326072,337217,7.56,7.55,19586,34160,7411,-4289
734,CNX,2020-02-06,0 days 15:59:16.782876,393871,7.57,7.56,12610,43655,-816,18878
735,CNX,2020-02-06,0 days 15:59:26.807210,395187,7.57,7.56,18317,34619,279,-761
736,CNX,2020-02-06,0 days 15:59:48.860073,393095,7.57,7.56,25350,19964,5101,-1199
737,COF,2020-02-06,0 days 15:55:45.271824,162404,103.55,103.53,500,933,3382,-218
738,COF,2020-02-06,0 days 15:55:46.273426,161186,103.55,103.54,200,14,-1218,3382
739,COF,2020-02-06,0 days 15:57:01.454661,162948,103.61,103.6,1654,461,1244,-1056
740,COF,2020-02-06,0 days 15:57:02.456806,161892,103.61,103.6,1854,431,-1092,1244
741,COF,2020-02-06,0 days 15:57:03.459454,163022,103.61,103.6,1665,183,643,-1092
742,COF,2020-02-06,0 days 15:57:04.462098,162165,103.61,103.6,1566,611,-857,643
743,COF,2020-02-06,0 days 15:57:36.539304,163022,103.61,103.6,439,152,543,-857
744,COF,2020-02-06,0 days 15:57:37.541575,162265,103.61,103.6,437,450,-757,543
745,COF,2020-02-06,0 days 15:57:38.543603,163022,103.61,103.6,437,450,2443,-757
746,COF,2020-02-06,0 days 15:57:40.548793,162565,103.61,103.6,571,750,-457,43
747,COF,2020-02-06,0 days 15:57:49.570835,163022,103.61,103.6,576,691,1443,-1357
748,COF,2020-02-06,0 days 15:57:50.573574,162665,103.61,103.6,576,714,-357,1443
749,COF,2020-02-06,0 days 15:57:53.580319,163022,103.61,103.6,582,1131,1043,-357
750,COF,2020-02-06,0 days 15:57:54.582872,162665,103.62,103.61,128,511,-357,1043
751,COF,2020-02-06,0 days 15:58:10.622195,164029,103.65,103.64,717,2030,464,-1036
752,COF,2020-02-06,0 days 15:59:05.757050,176501,103.68,103.67,2321,512,565,-2228
753,COF,2020-02-06,0 days 15:59:06.759603,172166,103.68,103.67,2857,566,-3835,565
754,COF,2020-02-06,0 days 15:59:16.782770,176886,103.68,103.67,1240,1854,2132,-1673
755,COF,2020-02-06,0 days 15:59:17.784885,175501,103.68,103.67,1281,980,-885,2132
756,COF,2020-02-06,0 days 15:59:27.809785,198112,103.62,103.61,903,100,596,-1704
757,COF,2020-02-06,0 days 15:59:29.814628,196908,103.61,103.6,654,278,-704,1096
758,COF,2020-02-06,0 days 15:59:42.846217,198262,103.58,103.56,1405,500,1113,-1211
759,COF,2020-02-06,0 days 15:59:43.848110,197075,103.58,103.56,1585,500,-1087,1113
760,COF,2020-02-06,0 days 15:59:45.853067,197862,103.56,103.54,1087,1782,1301,-180
761,COF,2020-02-06,0 days 15:59:46.856195,196839,103.58,103.57,151,702,-1023,1301
762,COF,2020-02-06,0 days 15:59:58.883576,200326,103.52,103.51,2700,2808,688,-712
763,COG,2020-02-06,0 days 15:56:59.397094,567764,14.8,14.79,31875,32426,129959,-4755
764,COG,2020-02-06,0 days 15:57:00.399336,563823,14.8,14.79,31675,32426,-3941,129959
765,COG,2020-02-06,0 days 15:58:05.557732,584457,14.8,14.79,46947,23519,219,-818
766,COG,2020-02-06,0 days 15:58:06.559806,579433,14.8,14.79,46987,23519,-5024,219
767,COG,2020-02-06,0 days 15:58:38.636734,587024,14.8,14.79,43709,24432,6015,-7485
768,COG,2020-02-06,0 days 15:58:39.639405,582139,14.8,14.79,43314,24457,-4885,6015
769,COG,2020-02-06,0 days 15:59:05.703948,596380,14.8,14.79,39424,23273,8614,-4123
770,COG,2020-02-06,0 days 15:59:06.706232,584952,14.8,14.79,37881,24373,-11428,8614
771,COG,2020-02-06,0 days 15:59:48.807393,609394,14.78,14.77,45999,3554,-279,1021
772,COTY,2020-02-06,0 days 15:55:01.026822,372542,12.12,12.11,10748,11714,-164356,105285
773,COTY,2020-02-06,0 days 15:55:02.027157,366098,12.12,12.11,14672,10371,6444,-164356
774,COTY,2020-02-06,0 days 15:56:02.170961,372732,12.13,12.12,13522,21790,-9170,4165
775,COTY,2020-02-06,0 days 15:56:03.173473,366602,12.13,12.12,12822,21010,6130,-9170
776,COTY,2020-02-06,0 days 15:56:04.175702,372732,12.13,12.12,12822,25624,-16223,6130
777,COTY,2020-02-06,0 days 15:56:05.177973,368655,12.13,12.12,13922,25824,4077,-16223
778,COTY,2020-02-06,0 days 15:56:53.293079,387133,12.13,12.12,22702,25188,-5922,2164
779,COTY,2020-02-06,0 days 15:56:54.296480,384055,12.13,12.12,23102,24888,3078,-5922
780,COTY,2020-02-06,0 days 15:56:57.303515,387226,12.13,12.12,22802,26884,-725,3171
781,COTY,2020-02-06,0 days 15:56:58.305718,384451,12.13,12.12,23202,26584,3381,-725
782,COTY,2020-02-06,0 days 15:58:43.560803,418887,12.13,12.12,25412,17408,-1,8099
783,COTY,2020-02-06,0 days 15:58:54.587169,401888,12.13,12.12,26567,17741,16999,-1
784,COTY,2020-02-06,0 days 15:59:01.604268,411687,12.13,12.12,26014,18770,-6809,391
785,COTY,2020-02-06,0 days 15:59:03.609616,407596,12.13,12.12,26514,18677,3091,-2409
786,COTY,2020-02-06,0 days 15:59:17.643341,425090,12.11,12.1,27959,4585,-43752,6119
787,CPG,2020-02-06,0 days 15:59:00.663184,7484,3.28,3.27,193147,66379,881,-619
788,CPG,2020-02-06,0 days 15:59:39.759029,9710,3.28,3.27,126392,150598,-1578,122
789,CPG,2020-02-06,0 days 15:59:40.762541,9588,3.28,3.27,112692,161953,122,-1578
790,CPRI,2020-02-06,0 days 15:57:08.470127,518411,31.57,31.56,2812,4068,-12127,4843
791,CPRI,2020-02-06,0 days 15:57:09.471912,515438,31.55,31.54,440,857,2973,-12127
792,CPRI,2020-02-06,0 days 15:59:17.782886,533444,31.5,31.48,1483,1009,-15249,18358
793,CPRI,2020-02-06,0 days 15:59:18.786755,532510,31.5,31.48,4055,930,934,-15249
794,CPRI,2020-02-06,0 days 15:59:25.802490,793044,31.47,31.45,1228,4975,-5355,634
795,CPRI,2020-02-06,0 days 15:59:42.844175,796916,31.41,31.4,3433,2450,368,-3440
796,CPRI,2020-02-06,0 days 15:59:44.848701,797944,31.41,31.4,314,2415,-1807,636
797,CPRI,2020-02-06,0 days 15:59:45.852246,796916,31.41,31.4,1103,1148,4098,-1807
798,CPRI,2020-02-06,0 days 15:59:47.855661,801783,31.4,31.39,700,400,-14869,4098
799,CRM,2020-02-06,0 days 15:55:00.060035,288001,186.44,186.39,421,400,-361273,1814
800,CRM,2020-02-06,0 days 15:59:29.702480,682224,186.77,186.76,100,120,1098,-251342
801,CRM,2020-02-06,0 days 15:59:30.706884,672710,186.79,186.77,737,114,-9826,1098
802,CRM,2020-02-06,0 days 15:59:34.715741,682536,186.78,186.77,719,1162,4390,-1226
803,CRM,2020-02-06,0 days 15:59:35.718293,681826,186.8,186.79,202,300,-727,4390
804,CRM,2020-02-06,0 days 15:59:37.722631,680236,186.74,186.69,1654,1548,2526,-599
805,CRM,2020-02-06,0 days 15:59:38.726010,679762,186.74,186.69,533,2087,-2574,2526
806,CRM,2020-02-06,0 days 15:59:40.730697,682653,186.78,186.75,400,48,206,-3277
807,CRM,2020-02-06,0 days 15:59:42.736287,682859,186.75,186.72,300,218,-1084,206
808,CRM,2020-02-06,0 days 15:59:47.747568,692552,186.74,186.72,1257,282,41382,-537
809,CS,2020-02-06,0 days 15:55:59.164152,26529,13.09,13.08,33545,94350,1117,-3984
810,CS,2020-02-06,0 days 15:56:45.274303,22546,13.1,13.09,108402,86697,-3983,1117
811,CS,2020-02-06,0 days 15:56:53.293526,26529,13.1,13.09,102458,86397,1320,-3983
812,CS,2020-02-06,0 days 15:58:50.577626,28283,13.1,13.09,130608,90459,-3574,1154
813,CS,2020-02-06,0 days 15:59:36.690304,35061,13.1,13.09,127481,98787,1525,-2751
814,CS,2020-02-06,0 days 15:59:37.692500,34786,13.1,13.09,125481,101037,-275,1525
815,CTL,2020-02-06,0 days 15:59:22.627571,1152588,14.52,14.51,10290,63562,-5744,17456
816,CTVA,2020-02-06,0 days 15:59:05.757318,922165,31.54,31.53,4917,3598,-2951,7849
817,CVS,2020-02-06,0 days 15:55:01.004489,353646,70.97,70.96,3193,773,-37547,36139
818,CVS,2020-02-06,0 days 15:55:42.101715,368999,71.02,71.01,1325,800,2409,-953
819,CVS,2020-02-06,0 days 15:56:02.149821,362150,70.98,70.97,2332,1400,-267,1395
820,CVS,2020-02-06,0 days 15:56:07.162286,363917,70.96,70.95,1815,485,611,-167
821,CVS,2020-02-06,0 days 15:56:08.164183,364155,70.95,70.94,1077,1724,-162,611
822,CVS,2020-02-06,0 days 15:56:09.167253,363917,70.95,70.94,1000,1024,238,-162
823,CVS,2020-02-06,0 days 15:57:01.292962,367452,70.91,70.9,200,12933,-273,1778
824,CVS,2020-02-06,0 days 15:57:03.297483,373507,70.92,70.9,1341,12200,549,-155
825,CVS,2020-02-06,0 days 15:57:36.374220,390723,70.91,70.9,1452,11051,-1184,1516
826,CVS,2020-02-06,0 days 15:57:37.377560,388707,70.91,70.9,1646,10751,2016,-1184
827,CVS,2020-02-06,0 days 15:57:38.379584,390723,70.91,70.9,1601,10747,-1184,2016
828,CVS,2020-02-06,0 days 15:57:39.381964,389607,70.91,70.9,1829,10747,1116,-1184
829,CVS,2020-02-06,0 days 15:57:42.389232,390723,70.93,70.92,500,420,-1684,4416
830,CVS,2020-02-06,0 days 15:57:43.391430,389807,70.93,70.92,1328,611,916,-1684
831,CVS,2020-02-06,0 days 15:58:57.571113,391869,70.91,70.9,204,4524,-27154,170
832,CVS,2020-02-06,0 days 15:59:44.681606,530410,70.89,70.88,4024,2668,1080,-206
833,CVX,2020-02-06,0 days 15:50:42.405322,1320624,109.56,109.55,1,275,20,-262
834,CVX,2020-02-06,0 days 15:55:00.028171,1426380,109.6,109.59,498,3,78552,-262
835,CVX,2020-02-06,0 days 15:57:23.366927,1512615,109.6,109.59,808,787,-4769,6931
836,CVX,2020-02-06,0 days 15:57:24.368978,1507684,109.6,109.59,962,807,4931,-4769
837,CVX,2020-02-06,0 days 15:57:38.402794,1512615,109.61,109.59,1300,906,-23569,4931
838,CVX,2020-02-06,0 days 15:57:39.405049,1508934,109.6,109.58,591,2163,3681,-23569
839,CVX,2020-02-06,0 days 15:57:41.410531,1513149,109.6,109.59,400,713,-1285,17181
840,CVX,2020-02-06,0 days 15:57:43.414978,1511334,109.6,109.59,12,981,1281,-9885
841,CVX,2020-02-06,0 days 15:57:44.417657,1512615,109.6,109.59,2,823,-619,1281
842,CVX,2020-02-06,0 days 15:57:45.419663,1509834,109.61,109.59,2086,427,2781,-619
843,CVX,2020-02-06,0 days 15:57:48.427706,1512615,109.61,109.59,1191,406,-9519,2781
844,CVX,2020-02-06,0 days 15:57:49.429576,1511534,109.61,109.59,800,541,1081,-9519
845,CVX,2020-02-06,0 days 15:57:57.448845,1513219,109.61,109.59,2204,922,-1315,2081
846,CVX,2020-02-06,0 days 15:57:58.451527,1511734,109.6,109.59,1202,311,1485,-1315
847,CVX,2020-02-06,0 days 15:58:05.469128,1513289,109.6,109.59,1329,1288,-10845,1555
848,CVX,2020-02-06,0 days 15:58:06.471352,1504673,109.6,109.59,1329,1191,8616,-10845
849,CVX,2020-02-06,0 days 15:58:11.483851,1517732,109.59,109.58,500,860,-3674,5821
850,CVX,2020-02-06,0 days 15:58:12.486330,1514806,109.59,109.58,600,1095,2926,-3674
851,CVX,2020-02-06,0 days 15:58:26.520248,1517732,109.6,109.59,1109,502,-8274,1992
852,CVX,2020-02-06,0 days 15:58:27.522169,1516306,109.6,109.59,1309,610,892,-8274
853,CVX,2020-02-06,0 days 15:58:45.565701,1517198,109.6,109.59,1153,766,-2308,892
854,CVX,2020-02-06,0 days 15:58:46.568125,1515906,109.6,109.59,1298,1270,1292,-2308
855,CVX,2020-02-06,0 days 15:58:53.585192,1517732,109.59,109.58,2373,723,-34293,1087
856,CX,2020-02-06,0 days 15:59:26.162206,302062,4.19,4.18,241175,122557,45097,-703
857,CXO,2020-02-06,0 days 15:55:00.107951,87971,80.6,80.59,634,210,-1400,27034
858,CXO,2020-02-06,0 days 15:55:01.111094,86894,80.6,80.59,747,510,1077,-1400
859,CXO,2020-02-06,0 days 15:55:50.230714,87762,80.67,80.66,330,625,-256,1344
860,CXO,2020-02-06,0 days 15:55:51.232863,86618,80.67,80.66,200,1100,1152,-256
861,CXO,2020-02-06,0 days 15:56:46.365063,88628,80.62,80.61,945,638,-1231,1369
862,CXO,2020-02-06,0 days 15:56:47.367387,87459,80.62,80.61,845,638,1169,-1231
863,CXO,2020-02-06,0 days 15:58:26.608219,94548,80.63,80.62,312,300,-671,594
864,CXO,2020-02-06,0 days 15:58:27.610599,93119,80.63,80.62,612,400,1429,-671
865,CXO,2020-02-06,0 days 15:58:30.617834,94548,80.63,80.62,843,1200,-1071,1429
866,CXO,2020-02-06,0 days 15:58:31.619912,93319,80.63,80.62,843,1400,1229,-1071
867,CXO,2020-02-06,0 days 15:58:56.681041,101448,80.63,80.62,3623,3463,-893,1729
868,CXO,2020-02-06,0 days 15:59:04.700487,104850,80.63,80.62,6540,2566,-3421,294
869,D,2020-02-06,0 days 15:56:54.437074,163846,85.3,85.29,945,19,-2567,213
870,D,2020-02-06,0 days 15:57:04.462098,166729,85.3,85.28,1147,1623,2335,-2396
871,D,2020-02-06,0 days 15:57:56.587589,178692,85.31,85.3,1016,900,-56,1144
872,D,2020-02-06,0 days 15:57:57.589988,177648,85.31,85.3,1517,201,1044,-56
873,D,2020-02-06,0 days 15:58:06.612794,178715,85.31,85.3,1320,1383,-7353,1067
874,D,2020-02-06,0 days 15:58:07.615210,178370,85.29,85.28,800,547,345,-7353
875,D,2020-02-06,0 days 15:58:11.624614,178928,85.3,85.29,301,2,-440,247
876,D,2020-02-06,0 days 15:58:12.627461,177468,85.31,85.3,966,500,1460,-440
877,D,2020-02-06,0 days 15:58:42.699659,180128,85.32,85.31,2150,19,-4940,360
878,D,2020-02-06,0 days 15:58:49.716421,178501,85.32,85.31,1147,600,427,-640
879,D,2020-02-06,0 days 15:58:53.726365,190281,85.32,85.31,952,919,-1208,680
880,D,2020-02-06,0 days 15:58:57.735706,191789,85.33,85.31,1412,900,5292,-1208
881,D,2020-02-06,0 days 15:58:58.738369,179081,85.33,85.31,911,1100,-12408,5292
882,D,2020-02-06,0 days 15:58:59.741231,191391,85.33,85.31,1512,1706,7490,-12408
883,D,2020-02-06,0 days 15:59:00.743886,189181,85.32,85.31,800,1035,-6865,7490
884,D,2020-02-06,0 days 15:59:03.751161,201346,85.33,85.32,1179,1749,10945,-7555
885,D,2020-02-06,0 days 15:59:05.757148,193011,85.33,85.32,1395,74,-8335,4941
886,DAL,2020-02-06,0 days 15:55:01.004991,316121,58.14,58.13,1901,372,5896,-16616
887,DAL,2020-02-06,0 days 15:55:08.019709,320521,58.16,58.15,481,1500,491,-409
888,DAL,2020-02-06,0 days 15:55:14.034984,319821,58.2,58.19,2231,1100,386,-214
889,DAL,2020-02-06,0 days 15:55:37.090111,321012,58.17,58.16,2669,1139,-2469,479
890,DAL,2020-02-06,0 days 15:55:38.092032,320781,58.16,58.15,600,2687,231,-2469
891,DAL,2020-02-06,0 days 15:56:04.154527,321323,58.17,58.16,2758,2827,-1993,135
892,DAL,2020-02-06,0 days 15:56:21.195251,325348,58.19,58.18,1937,619,2070,-3825
893,DAL,2020-02-06,0 days 15:56:54.275088,335916,58.18,58.16,3218,1965,3214,-793
894,DAL,2020-02-06,0 days 15:57:01.293041,342792,58.18,58.17,2357,1450,-11453,1320
895,DAL,2020-02-06,0 days 15:57:02.295205,342645,58.18,58.17,2803,799,147,-11453
896,DAL,2020-02-06,0 days 15:57:06.304627,343832,58.17,58.16,3091,663,-401,1187
897,DAL,2020-02-06,0 days 15:57:40.385285,353837,58.15,58.14,800,4551,-4396,759
898,DAL,2020-02-06,0 days 15:57:42.389303,352033,58.16,58.15,1374,3190,799,-101
899,DAL,2020-02-06,0 days 15:57:50.409364,352033,58.17,58.16,1800,305,799,-301
900,DAL,2020-02-06,0 days 15:57:53.415939,352832,58.16,58.15,400,1671,-301,799
901,DAL,2020-02-06,0 days 15:57:54.418028,352033,58.16,58.15,516,1971,799,-301
902,DAL,2020-02-06,0 days 15:58:52.558918,379479,58.19,58.18,111,2947,113,-127
903,DAL,2020-02-06,0 days 15:58:57.571149,379352,58.21,58.2,603,1300,-9976,2113
904,DAL,2020-02-06,0 days 15:58:58.573049,377228,58.21,58.2,1103,1220,2124,-9976
905,DAL,2020-02-06,0 days 15:59:04.589574,377031,58.23,58.22,1150,1000,-2063,618
906,DAL,2020-02-06,0 days 15:59:26.637535,404746,58.22,58.21,4562,700,4941,-1970
907,DB,2020-02-06,0 days 15:55:01.005201,224824,10.36,10.35,156072,171418,-76542,165346
908,DB,2020-02-06,0 days 15:55:02.004711,151966,10.36,10.35,175272,159945,72858,-76542
909,DB,2020-02-06,0 days 15:55:40.097230,258547,10.36,10.35,161872,187220,-46119,72858
910,DB,2020-02-06,0 days 15:55:41.100019,248166,10.36,10.35,158572,188211,10381,-46119
911,DB,2020-02-06,0 days 15:57:17.328855,265790,10.36,10.35,211802,178051,-1694,10015
912,DB,2020-02-06,0 days 15:57:18.331244,256484,10.36,10.35,204002,180717,9306,-1694
913,DB,2020-02-06,0 days 15:58:50.554105,280590,10.36,10.35,217550,191089,-15002,14406
914,DB,2020-02-06,0 days 15:58:51.556249,194192,10.36,10.35,216650,191289,86398,-15002
915,DD,2020-02-06,0 days 15:59:17.704058,1217148,53.77,53.76,3628,4085,-49165,211121
916,DD,2020-02-06,0 days 15:59:26.726222,1289804,53.8,53.79,2239,300,8558,-10342
917,DD,2020-02-06,0 days 15:59:39.759029,1297884,53.79,53.78,1998,2896,6081,-73
918,DD,2020-02-06,0 days 15:59:57.802348,1299177,53.83,53.82,2174,5303,-16841,3674
919,DDD,2020-02-06,0 days 15:55:37.171143,54826,12.1,12.09,3970,7972,-19774,625
920,DDD,2020-02-06,0 days 15:59:13.694227,83151,12.08,12.07,11244,5419,407,-457
921,DDD,2020-02-06,0 days 15:59:18.704978,93346,12.08,12.07,9138,4251,-4505,8495
922,DDD,2020-02-06,0 days 15:59:19.707647,91751,12.08,12.07,9930,4297,1095,-4505
923,DDD,2020-02-06,0 days 15:59:23.717437,97657,12.08,12.07,8491,7106,-1094,5406
924,DDD,2020-02-06,0 days 15:59:24.719661,95751,12.08,12.07,8691,6198,1406,-1094
925,DDD,2020-02-06,0 days 15:59:31.737769,102466,12.08,12.07,9991,22106,-3885,6215
926,DDD,2020-02-06,0 days 15:59:32.739971,100251,12.08,12.07,10909,21506,1715,-3885
927,DELL,2020-02-06,0 days 15:59:51.223299,204239,52.84,52.81,3922,597,13412,-35965
928,DELL,2020-02-06,0 days 15:59:53.227444,193868,52.88,52.84,421,497,-11571,13412
929,DFS,2020-02-06,0 days 15:55:01.027160,212854,76.47,76.45,800,857,24315,-12864
930,DFS,2020-02-06,0 days 15:55:41.123667,224811,76.47,76.45,314,878,-493,741
931,DFS,2020-02-06,0 days 15:55:43.125803,225304,76.48,76.47,565,13,5107,-493
932,DFS,2020-02-06,0 days 15:55:44.128076,224811,76.48,76.47,565,13,-493,5107
933,DFS,2020-02-06,0 days 15:56:02.171079,220470,76.49,76.48,323,1336,811,-423
934,DFS,2020-02-06,0 days 15:56:58.305832,221712,76.48,76.47,210,1093,-5991,791
935,DFS,2020-02-06,0 days 15:56:59.308518,221403,76.47,76.45,371,754,309,-5991
936,DFS,2020-02-06,0 days 15:57:03.318182,228212,76.47,76.45,119,1454,-1563,49
937,DFS,2020-02-06,0 days 15:59:27.667979,295904,76.44,76.43,1925,1200,1289,-4511
938,DFS,2020-02-06,0 days 15:59:33.682625,292890,76.42,76.41,800,1209,-2974,4586
939,DFS,2020-02-06,0 days 15:59:40.700345,296311,76.4,76.39,1000,821,279,-1921
940,DFS,2020-02-06,0 days 15:59:46.714454,294266,76.41,76.4,602,500,-2045,4555
941,DHF,2020-02-06,0 days 15:59:36.690242,2537,3.15,3.14,43501,17755,2063,-2537
942,DHF,2020-02-06,0 days 15:59:37.692438,2400,3.15,3.14,44901,18755,-137,2063
943,DHI,2020-02-06,0 days 15:55:00.107566,262957,60.65,60.64,3279,3154,-5736,21000
944,DHI,2020-02-06,0 days 15:55:01.110735,259593,60.65,60.64,3304,3554,3364,-5736
945,DHI,2020-02-06,0 days 15:57:38.491079,268329,60.65,60.64,8681,6526,-1993,3007
946,DHI,2020-02-06,0 days 15:57:40.496075,266322,60.65,60.64,10172,4439,2007,-2493
947,DHI,2020-02-06,0 days 15:59:04.700260,274519,60.64,60.63,8095,6008,814,-4781
948,DHI,2020-02-06,0 days 15:59:07.707807,276133,60.61,60.6,532,5138,-43612,2354
949,DHT,2020-02-06,0 days 15:55:01.004586,416976,5.65,5.64,3107,8170,-67136,78722
950,DHT,2020-02-06,0 days 15:55:02.004645,414712,5.65,5.64,4807,6516,2264,-67136
951,DHT,2020-02-06,0 days 15:58:07.450833,449932,5.66,5.65,20840,19673,637,-15563
952,DIS,2020-02-06,0 days 15:59:17.615579,666173,142.68,142.66,681,411,-15639,28685
953,DIS,2020-02-06,0 days 15:59:34.657457,690520,142.69,142.68,200,245,-269,5
954,DIS,2020-02-06,0 days 15:59:42.677211,690789,142.69,142.67,200,708,10,-1220
955,DIS,2020-02-06,0 days 15:59:43.679136,690799,142.69,142.67,92,1329,-514,10
956,DLPH,2020-02-06,0 days 15:55:59.251854,64011,14.98,14.97,1480,4759,-21900,500
957,DLPH,2020-02-06,0 days 15:59:20.740358,130214,14.99,14.98,1200,3496,622,-28811
958,DLPH,2020-02-06,0 days 15:59:22.743989,131470,14.99,14.98,2200,5509,-1124,1256
959,DLPH,2020-02-06,0 days 15:59:26.754058,132594,14.99,14.98,1400,19854,8576,-1124
960,DLPH,2020-02-06,0 days 15:59:27.756564,141170,14.99,14.98,1400,6635,-1224,8576
961,DLPH,2020-02-06,0 days 15:59:43.794349,138850,14.99,14.98,2745,17107,2320,-4880
962,DLPH,2020-02-06,0 days 15:59:49.809460,140999,14.99,14.98,4450,16094,171,-1929
963,DOC,2020-02-06,0 days 15:55:40.303697,386976,19.84,19.83,4032,8081,-2702,242
964,DOC,2020-02-06,0 days 15:55:41.306063,385378,19.84,19.83,4032,8081,1598,-2702
965,DOC,2020-02-06,0 days 15:56:27.416340,387876,19.83,19.82,7061,4982,-58210,1790
966,DOC,2020-02-06,0 days 15:57:53.624247,387947,19.84,19.83,5700,9149,1047,-26453
967,DOC,2020-02-06,0 days 15:58:05.654376,392594,19.84,19.83,5623,5573,-10171,3729
968,DOC,2020-02-06,0 days 15:58:06.656832,384623,19.84,19.83,6424,6094,7971,-10171
969,DOC,2020-02-06,0 days 15:58:09.664452,435794,19.84,19.83,9623,4529,-4729,1171
970,DOC,2020-02-06,0 days 15:58:59.786080,481454,19.84,19.83,5027,7235,16152,-35948
971,DOC,2020-02-06,0 days 15:59:00.788217,472906,19.84,19.83,4867,9336,-8548,16152
972,DOC,2020-02-06,0 days 15:59:23.842902,493801,19.83,19.82,7263,10256,-2203,10797
973,DOC,2020-02-06,0 days 15:59:42.887726,543375,19.84,19.83,8324,15537,13939,-3527
974,DOC,2020-02-06,0 days 15:59:43.890332,540714,19.84,19.83,11097,14342,-2661,13939
975,DOC,2020-02-06,0 days 15:59:45.895855,507775,19.83,19.82,16452,6881,43883,-2661
976,DOW,2020-02-06,0 days 15:59:30.816251,1035525,49.22,49.21,50,500,-163779,12485
977,DS,2020-02-06,0 days 15:55:00.161123,15939,3.57,3.56,3400,2762,-153,2455
978,DS,2020-02-06,0 days 15:58:51.721609,19085,3.57,3.56,3629,1138,2054,-3142
979,DS,2020-02-06,0 days 15:58:52.723613,18939,3.57,3.56,3629,1138,-142,2054
980,DS,2020-02-06,0 days 15:59:07.761716,19085,3.57,3.56,3960,1177,344,-352
981,DS,2020-02-06,0 days 15:59:20.793106,19085,3.57,3.56,5188,1296,180,-352
982,DT,2020-02-06,0 days 15:58:29.608351,39424,31.94,31.91,3500,600,-530,496
983,DT,2020-02-06,0 days 15:58:30.610302,37954,31.94,31.91,3600,1100,1470,-530
984,DT,2020-02-06,0 days 15:59:07.699557,34711,31.97,31.95,100,101,-6356,1405
985,DT,2020-02-06,0 days 15:59:08.702203,34166,31.98,31.94,5200,600,545,-6356
986,DT,2020-02-06,0 days 15:59:50.803648,41725,32.0,31.97,4370,521,-2428,1172
987,DT,2020-02-06,0 days 15:59:58.821862,40453,31.95,31.94,1100,800,1272,-2528
988,DUK,2020-02-06,0 days 15:57:01.394383,229549,96.98,96.97,1028,2120,8363,-715
989,DUK,2020-02-06,0 days 15:57:02.396786,220622,96.99,96.98,2703,100,-8927,8363
990,DUK,2020-02-06,0 days 15:57:04.401962,229549,96.99,96.98,1815,202,16846,-8733
991,DUK,2020-02-06,0 days 15:57:05.404173,226673,96.99,96.98,300,1204,-2876,16846
992,DUK,2020-02-06,0 days 15:57:42.493111,231882,97.0,96.99,2006,200,402,-3298
993,DUK,2020-02-06,0 days 15:57:43.495441,228584,96.99,96.98,700,900,-3298,402
994,DUK,2020-02-06,0 days 15:59:03.690604,251355,97.03,97.02,2595,558,2912,-9152
995,DUK,2020-02-06,0 days 15:59:04.693200,247287,97.03,97.02,2307,958,-4068,2912
996,DUK,2020-02-06,0 days 15:59:16.720262,253595,97.02,97.01,1386,700,3380,-6247
997,DUK,2020-02-06,0 days 15:59:17.723118,253378,97.01,97.0,1258,600,-217,3380
998,DUK,2020-02-06,0 days 15:59:19.727933,253710,97.0,96.99,1641,602,813,-117
999,DUK,2020-02-06,0 days 15:59:21.732902,250823,97.02,97.01,500,402,-2887,1313
1000,DUK,2020-02-06,0 days 15:59:45.791812,267151,96.99,96.98,227,1000,-369,1003
1001,DVN,2020-02-06,0 days 15:56:56.442641,741259,23.17,23.16,14145,6555,33110,-14990
1002,DVN,2020-02-06,0 days 15:56:57.444686,725923,23.17,23.16,8728,11617,-15636,33110
1003,DVN,2020-02-06,0 days 15:57:41.551428,742391,23.17,23.16,14379,8199,246,-8422
1004,DVN,2020-02-06,0 days 15:57:47.565932,725437,23.17,23.16,14803,7332,-16954,246
1005,DVN,2020-02-06,0 days 15:58:45.706973,744958,23.16,23.15,16636,18275,10326,-1220
1006,DVN,2020-02-06,0 days 15:58:46.709601,708884,23.16,23.15,14877,17375,-36074,10326
1007,DVN,2020-02-06,0 days 15:59:57.881934,764085,23.13,23.12,10846,13259,9984,-10999
1008,DXC,2020-02-06,0 days 15:55:00.082416,1029220,34.71,34.7,593,611,-70967,9926
1009,DXC,2020-02-06,0 days 15:57:22.425807,1108172,34.71,34.7,798,700,2084,-4348
1010,DXC,2020-02-06,0 days 15:57:23.428733,1105672,34.71,34.7,1368,600,-2500,2084
1011,DXC,2020-02-06,0 days 15:58:17.558971,1103782,34.69,34.68,245,1102,-3810,3890
1012,DXC,2020-02-06,0 days 15:58:42.619586,1104582,34.65,34.64,457,2384,-13510,1590
1013,DXC,2020-02-06,0 days 15:59:03.670799,1123469,34.66,34.65,4460,501,3344,-4707
1014,DXC,2020-02-06,0 days 15:59:04.674896,1120413,34.66,34.65,4450,646,-3056,3344
1015,DXC,2020-02-06,0 days 15:59:05.676649,1123469,34.66,34.65,5010,1069,5044,-3056
1016,DXC,2020-02-06,0 days 15:59:06.678969,1121013,34.66,34.65,2715,398,-2456,5044
1017,DXC,2020-02-06,0 days 15:59:48.780895,1200775,34.64,34.63,910,282,7134,-5466
1018,EGHT,2020-02-06,0 days 15:57:43.495441,71420,20.27,20.26,3305,1407,548,-852
1019,EGHT,2020-02-06,0 days 15:57:44.497764,70068,20.27,20.26,3305,1411,-1352,548
1020,EGHT,2020-02-06,0 days 15:57:45.500234,71420,20.27,20.26,3305,1513,48,-1352
1021,EGHT,2020-02-06,0 days 15:57:49.510298,70468,20.27,20.26,4001,2075,-952,348
1022,EGHT,2020-02-06,0 days 15:58:29.608382,72603,20.27,20.26,4598,3069,1276,-1624
1023,EGHT,2020-02-06,0 days 15:58:30.610302,71879,20.27,20.26,4294,2817,-724,1276
1024,EGHT,2020-02-06,0 days 15:59:05.695536,72284,20.27,20.26,6587,3961,1842,-265
1025,EGO,2020-02-06,0 days 15:59:26.849084,25351,6.78,6.77,4394,38157,-4466,730
1026,EGO,2020-02-06,0 days 15:59:27.851508,24921,6.78,6.77,4394,38157,430,-4466
1027,EL,2020-02-06,0 days 15:55:00.060422,200275,211.58,211.44,115,100,-2833,2400
1028,EL,2020-02-06,0 days 15:55:22.108318,203108,211.5,211.44,100,100,467,-2833
1029,EL,2020-02-06,0 days 15:55:48.168691,203648,211.8,211.74,4,200,-6,694
1030,EL,2020-02-06,0 days 15:55:58.193160,203854,211.9,211.79,100,2,1026,-115
1031,EL,2020-02-06,0 days 15:56:24.254758,203439,211.99,211.89,200,200,-515,526
1032,EL,2020-02-06,0 days 15:56:59.339628,205338,212.33,212.25,4,201,124,-185
1033,EL,2020-02-06,0 days 15:57:22.395340,207756,212.65,212.52,179,415,-92,108
1034,EL,2020-02-06,0 days 15:57:23.397837,207548,212.65,212.52,79,387,208,-92
1035,EL,2020-02-06,0 days 15:57:24.400551,203871,212.69,212.57,200,2,-3877,208
1036,EL,2020-02-06,0 days 15:57:30.414872,205848,212.62,212.47,209,100,3708,-77
1037,EL,2020-02-06,0 days 15:57:35.426694,203871,212.7,212.52,200,100,-3677,208
1038,EL,2020-02-06,0 days 15:57:44.448304,221748,212.79,212.65,500,200,1824,-1776
1039,EL,2020-02-06,0 days 15:57:45.450647,219972,212.78,212.7,100,12,-5776,1824
1040,EL,2020-02-06,0 days 15:58:11.515086,235281,212.52,212.4,856,300,-2803,1539
1041,EL,2020-02-06,0 days 15:58:50.608418,232240,212.67,212.49,300,305,7956,-888
1042,EL,2020-02-06,0 days 15:58:51.610775,228096,212.67,212.49,800,167,-4244,7956
1043,EL,2020-02-06,0 days 15:58:55.619988,231540,212.61,212.5,628,100,841,-3744
1044,EL,2020-02-06,0 days 15:58:56.623120,229881,212.61,212.5,1431,400,-6233,841
1045,EL,2020-02-06,0 days 15:59:04.643097,246814,212.18,212.09,3113,200,1748,-52
1046,EL,2020-02-06,0 days 15:59:05.645878,244262,212.17,212.08,419,800,-2452,1748
1047,EL,2020-02-06,0 days 15:59:18.677267,243915,211.94,211.87,750,1000,7463,-478
1048,EL,2020-02-06,0 days 15:59:19.679173,241862,211.94,211.87,1339,1042,-10820,7463
1049,EL,2020-02-06,0 days 15:59:22.687598,246241,211.9,211.82,459,200,4121,-2879
1050,EL,2020-02-06,0 days 15:59:23.689798,243962,211.9,211.82,445,193,-2879,4121
1051,EL,2020-02-06,0 days 15:59:43.737555,241148,211.73,211.61,506,100,-1568,2432
1052,ELAN,2020-02-06,0 days 15:59:27.165050,293684,31.66,31.65,795,2000,664,-72162
1053,ELAN,2020-02-06,0 days 15:59:28.166800,294348,31.67,31.66,438,2000,-939,664
1054,ELAN,2020-02-06,0 days 15:59:41.199659,308273,31.61,31.6,4224,2929,-1196,417
1055,ELAN,2020-02-06,0 days 15:59:47.213729,309229,31.63,31.61,2600,739,9760,-156
1056,ELAN,2020-02-06,0 days 15:59:49.219415,318910,31.63,31.62,2748,101,-11217,297
1057,ELAN,2020-02-06,0 days 15:59:51.223107,319127,31.65,31.64,3264,252,7897,-7683
1058,ELF,2020-02-06,0 days 15:56:43.300624,63444,18.97,18.96,2164,2869,-3868,332
1059,ELF,2020-02-06,0 days 15:56:44.302925,62412,18.97,18.96,2196,2024,1032,-3868
1060,ELF,2020-02-06,0 days 15:56:46.307817,63444,18.97,18.96,1996,2124,-253,1032
1061,ELF,2020-02-06,0 days 15:56:47.310089,63097,18.97,18.96,1996,2124,347,-253
1062,ELF,2020-02-06,0 days 15:57:10.366659,72544,18.95,18.94,712,1372,-984,676
1063,ELF,2020-02-06,0 days 15:57:11.369249,71828,18.95,18.94,812,1372,716,-984
1064,ELF,2020-02-06,0 days 15:58:45.596516,73944,18.95,18.94,812,2270,-4067,433
1065,ELF,2020-02-06,0 days 15:58:46.597930,72497,18.94,18.93,736,122,1447,-4067
1066,ELF,2020-02-06,0 days 15:59:04.643205,75730,18.94,18.93,1597,2660,-1216,1833
1067,ELF,2020-02-06,0 days 15:59:18.677364,76258,18.93,18.91,1798,450,-10523,1291
1068,ELF,2020-02-06,0 days 15:59:19.679240,75781,18.92,18.91,1258,900,477,-10523
1069,ELF,2020-02-06,0 days 15:59:20.686390,76258,18.92,18.91,2327,708,-1134,477
1070,ELF,2020-02-06,0 days 15:59:26.697305,76792,18.92,18.91,1658,806,2502,-534
1071,ELF,2020-02-06,0 days 15:59:27.699012,79294,18.92,18.91,856,1315,-178,2502
1072,ELF,2020-02-06,0 days 15:59:28.701045,78872,18.92,18.91,865,1315,422,-178
1073,ELF,2020-02-06,0 days 15:59:49.753156,80055,18.91,18.9,346,4645,-19,709
1074,ELF,2020-02-06,0 days 15:59:50.755876,79174,18.94,18.9,1500,4075,881,-19
1075,EMR,2020-02-06,0 days 15:55:42.184449,257419,75.33,75.32,1662,1499,44802,-4398
1076,EMR,2020-02-06,0 days 15:56:38.318403,305793,75.31,75.3,953,2180,-24825,34675
1077,EMR,2020-02-06,0 days 15:56:39.320269,302118,75.31,75.3,692,2316,3675,-24825
1078,EMR,2020-02-06,0 days 15:57:38.463897,308624,75.33,75.32,4097,494,-1644,1356
1079,EMR,2020-02-06,0 days 15:57:39.466620,305668,75.33,75.32,4187,473,2956,-1644
1080,EMR,2020-02-06,0 days 15:58:06.532975,307642,75.33,75.32,3975,1477,-3999,10001
1081,EMR,2020-02-06,0 days 15:58:07.535842,304941,75.33,75.32,3859,2565,2805,-3999
1082,EMR,2020-02-06,0 days 15:58:30.590277,306341,75.34,75.33,1600,1703,1608,-792
1083,EMR,2020-02-06,0 days 15:58:45.626500,308766,75.34,75.33,1001,766,-3605,10378
1084,EMR,2020-02-06,0 days 15:58:46.629044,307071,75.34,75.33,1101,1076,1695,-3605
1085,EMR,2020-02-06,0 days 15:58:53.645436,310407,75.35,75.34,2300,448,-9458,3336
1086,EMR,2020-02-06,0 days 15:58:54.647641,308865,75.35,75.34,2500,648,1542,-9458
1087,EMR,2020-02-06,0 days 15:59:03.670597,310995,75.35,75.34,2644,859,-12414,1552
1088,EMR,2020-02-06,0 days 15:59:09.685840,312421,75.35,75.34,1076,638,22,-236
1089,EMR,2020-02-06,0 days 15:59:10.687978,312443,75.35,75.34,1856,300,-49,22
1090,EMR,2020-02-06,0 days 15:59:13.695192,313914,75.35,75.33,2068,1229,68,-336
1091,EMR,2020-02-06,0 days 15:59:22.716055,326919,75.35,75.34,1160,500,1562,-306
1092,EMR,2020-02-06,0 days 15:59:29.733315,323813,75.35,75.34,2726,269,-2138,230
1093,EMR,2020-02-06,0 days 15:59:35.748908,328595,75.33,75.31,3042,1522,1118,-2707
1094,EMR,2020-02-06,0 days 15:59:36.751504,328013,75.33,75.31,1730,1322,-7,1118
1095,EMR,2020-02-06,0 days 15:59:41.763577,332648,75.32,75.31,1098,950,2365,-4635
1096,EMR,2020-02-06,0 days 15:59:42.766367,332013,75.34,75.33,1997,200,-2571,2365
1097,ENB,2020-02-06,0 days 15:59:01.685475,72355,42.11,42.1,33651,5600,-3427,3107
1098,ENB,2020-02-06,0 days 15:59:02.687960,70922,42.11,42.1,40267,4160,1433,-3427
1099,ENB,2020-02-06,0 days 15:59:12.711415,69698,42.11,42.1,39330,2146,-1504,1153
1100,ENLC,2020-02-06,0 days 15:59:03.586261,486510,5.11,5.1,28638,37687,-352,16776
1101,ENLC,2020-02-06,0 days 15:59:26.637352,475158,5.1,5.09,37195,31122,11352,-2838
1102,ENLC,2020-02-06,0 days 15:59:49.693748,512567,5.1,5.09,20611,43781,2307,-9693
1103,ENLC,2020-02-06,0 days 15:59:57.713604,514874,5.1,5.09,11756,45050,-4182,2627
1104,ENR,2020-02-06,0 days 15:55:40.303726,63192,51.81,51.78,1267,1990,112,-6
1105,ENR,2020-02-06,0 days 15:55:41.306092,62804,51.81,51.78,1267,2190,-388,112
1106,ENR,2020-02-06,0 days 15:55:54.336849,65892,51.82,51.79,377,1413,115,-385
1107,ENR,2020-02-06,0 days 15:57:02.500805,73598,51.73,51.7,627,610,-1797,600
1108,EOG,2020-02-06,0 days 15:57:00.391981,191280,75.9,75.88,900,400,-248,2144
1109,EOG,2020-02-06,0 days 15:57:01.394327,187128,75.9,75.88,800,1101,4269,-248
1110,EOG,2020-02-06,0 days 15:58:56.672996,198696,75.88,75.87,1690,1639,-10663,1556
1111,EOG,2020-02-06,0 days 15:58:57.675311,195959,75.87,75.86,2460,300,2737,-10663
1112,EOG,2020-02-06,0 days 15:59:40.780558,227597,75.9,75.88,202,322,-1942,1683
1113,EOG,2020-02-06,0 days 15:59:47.795211,228228,75.87,75.84,1484,906,-2176,824
1114,EOG,2020-02-06,0 days 15:59:50.803648,214104,75.87,75.84,1225,317,13493,-5907
1115,EPD,2020-02-06,0 days 15:58:38.734442,597751,25.8,25.79,7325,15471,-4241,30359
1116,EPD,2020-02-06,0 days 15:58:39.737376,582412,25.8,25.79,13675,8971,15339,-4241
1117,EPD,2020-02-06,0 days 15:59:51.907339,634350,25.77,25.76,16054,6543,-660,22210
1118,EQH,2020-02-06,0 days 15:59:05.591533,532817,25.74,25.73,12865,9776,1739,-20982
1119,EQH,2020-02-06,0 days 15:59:18.617606,536278,25.75,25.74,9106,8337,-5939,22810
1120,EQH,2020-02-06,0 days 15:59:29.644658,531691,25.74,25.73,8266,2835,-4626,2774
1121,EQH,2020-02-06,0 days 15:59:30.647450,536317,25.74,25.73,4969,7424,25274,-4626
1122,EQH,2020-02-06,0 days 15:59:31.649617,535147,25.74,25.73,8876,3172,-1170,25274
1123,EQH,2020-02-06,0 days 15:59:50.696723,533969,25.71,25.7,3576,4468,-8421,10779
1124,EQH,2020-02-06,0 days 15:59:57.713725,542390,25.7,25.69,5930,3079,12991,-1288
1125,EQNR,2020-02-06,0 days 15:59:20.686353,48850,17.92,17.91,18140,14071,232,-3847
1126,EQNR,2020-02-06,0 days 15:59:24.690952,49082,17.92,17.91,17788,12267,-1245,232
1127,EQT,2020-02-06,0 days 15:55:01.005140,493609,5.46,5.45,11779,32265,-43573,9176
1128,EQT,2020-02-06,0 days 15:59:01.580514,576007,5.45,5.44,56817,35151,2666,-522
1129,EQT,2020-02-06,0 days 15:59:02.583203,571273,5.45,5.44,55553,36646,-4734,2666
1130,EQT,2020-02-06,0 days 15:59:05.591784,576007,5.45,5.44,62450,31391,10214,-4354
1131,ES,2020-02-06,0 days 15:55:01.004363,124289,90.92,90.91,341,379,-20576,23317
1132,ES,2020-02-06,0 days 15:55:02.004498,122065,90.93,90.91,1607,380,2224,-20576
1133,ES,2020-02-06,0 days 15:57:02.295031,128410,90.93,90.92,780,1827,-16209,7921
1134,ES,2020-02-06,0 days 15:57:03.297417,127919,90.93,90.92,1180,1327,491,-16209
1135,ES,2020-02-06,0 days 15:57:55.420886,134119,90.92,90.91,400,501,1060,-240
1136,ES,2020-02-06,0 days 15:58:43.537332,135535,90.96,90.94,1207,3507,-1402,898
1137,ES,2020-02-06,0 days 15:58:45.542254,134737,90.95,90.94,200,3697,598,-302
1138,ES,2020-02-06,0 days 15:58:57.571046,135263,90.95,90.94,900,3500,-3881,119
1139,ES,2020-02-06,0 days 15:59:44.681553,154603,90.88,90.86,452,1400,-537,2363
1140,ES,2020-02-06,0 days 15:59:45.683865,155934,90.88,90.86,252,2120,243,-537
1141,ES,2020-02-06,0 days 15:59:49.693722,154787,90.9,90.87,906,1960,-353,447
1142,ET,2020-02-06,0 days 15:59:47.898595,1535751,12.72,12.71,67838,33945,-3624,13305
1143,ET,2020-02-06,0 days 15:59:48.900736,1530775,12.72,12.71,70971,16760,4976,-3624
1144,ETN,2020-02-06,0 days 15:56:57.282838,186954,102.7,102.67,400,600,1618,-82
1145,ETN,2020-02-06,0 days 15:57:33.367254,187761,102.68,102.67,912,1400,-586,1014
1146,ETN,2020-02-06,0 days 15:57:34.369962,186547,102.68,102.67,1012,1600,1214,-586
1147,ETN,2020-02-06,0 days 15:58:10.457971,187898,102.67,102.66,2350,1125,-8323,382
1148,ETN,2020-02-06,0 days 15:58:42.534922,188798,102.63,102.61,801,621,-6223,277
1149,ETN,2020-02-06,0 days 15:58:55.566098,192621,102.62,102.6,1556,609,1677,-123
1150,ETN,2020-02-06,0 days 15:59:26.637400,227023,102.66,102.64,1346,214,26,-322
1151,ETN,2020-02-06,0 days 15:59:35.659408,222646,102.6,102.58,1285,520,-1577,626
1152,ETN,2020-02-06,0 days 15:59:44.681606,223185,102.54,102.53,1240,597,1791,-2224
1153,ETN,2020-02-06,0 days 15:59:45.683932,221976,102.56,102.53,454,300,-1127,1791
1154,ETN,2020-02-06,0 days 15:59:46.686004,221503,102.54,102.52,302,643,473,-1127
1155,ETN,2020-02-06,0 days 15:59:47.688518,220576,102.58,102.55,525,200,-5570,473
1156,ETRN,2020-02-06,0 days 15:58:45.652265,262276,9.61,9.6,27099,8842,2609,-3291
1157,ETRN,2020-02-06,0 days 15:58:46.654523,259385,9.61,9.6,26199,9217,-2891,2609
1158,ETRN,2020-02-06,0 days 15:59:47.804648,267802,9.59,9.58,10475,983,4741,-5117
1159,EVRG,2020-02-06,0 days 15:59:25.723320,588709,71.43,71.42,1547,223,-4736,133775
1160,EVRG,2020-02-06,0 days 15:59:27.728512,590688,71.4,71.38,2453,1300,133,-1979
1161,EVRG,2020-02-06,0 days 15:59:30.737539,564674,71.42,71.41,399,370,-26347,14665
1162,EVRG,2020-02-06,0 days 15:59:42.766697,589958,71.38,71.37,296,3900,259,-4437
1163,EVRG,2020-02-06,0 days 15:59:44.771403,588393,71.38,71.37,105,4438,-1432,292
1164,EVRG,2020-02-06,0 days 15:59:45.773550,589925,71.38,71.37,300,3638,5255,-1432
1165,EVRG,2020-02-06,0 days 15:59:46.794161,586580,71.38,71.37,700,3345,-3345,5255
1166,FCAU,2020-02-06,0 days 15:59:38.775295,229888,13.71,13.7,22472,6261,7649,-7251
1167,FCAU,2020-02-06,0 days 15:59:45.791812,221566,13.69,13.68,29228,4300,-1022,6378
1168,FCX,2020-02-06,0 days 15:57:33.451998,1722757,12.33,12.32,37678,181158,-9682,5718
1169,FCX,2020-02-06,0 days 15:57:34.454656,1678439,12.33,12.32,38040,181884,44318,-9682
1170,FCX,2020-02-06,0 days 15:58:53.645889,1900332,12.33,12.32,116019,129472,-14854,30895
1171,FCX,2020-02-06,0 days 15:58:59.661172,1889581,12.33,12.32,110278,132539,10751,-14854
1172,FCX,2020-02-06,0 days 15:59:00.663059,1878332,12.33,12.32,108078,132712,-13960,10751
1173,FCX,2020-02-06,0 days 15:59:16.701155,1945879,12.34,12.33,120873,186480,256907,-7947
1174,FE,2020-02-06,0 days 15:55:00.161123,248776,51.37,51.36,7734,1075,-2565,46956
1175,FE,2020-02-06,0 days 15:55:40.258834,250338,51.35,51.34,11891,1964,224,-1087
1176,FE,2020-02-06,0 days 15:55:41.261167,250562,51.36,51.35,6305,3549,-779,224
1177,FE,2020-02-06,0 days 15:57:04.462137,264295,51.37,51.36,9699,3573,20090,-149
1178,FE,2020-02-06,0 days 15:57:05.464813,263310,51.37,51.36,8346,5683,-985,20090
1179,FE,2020-02-06,0 days 15:57:10.476392,264295,51.37,51.36,10767,2841,1287,-952
1180,FE,2020-02-06,0 days 15:57:11.478776,263482,51.37,51.36,10367,3541,-813,1287
1181,FE,2020-02-06,0 days 15:57:12.481164,264295,51.37,51.36,10897,3041,3487,-813
1182,FE,2020-02-06,0 days 15:57:13.483576,263882,51.37,51.36,10997,3041,-413,3487
1183,FE,2020-02-06,0 days 15:57:34.534202,264492,51.34,51.33,10115,4121,690,-110
1184,FE,2020-02-06,0 days 15:57:35.536953,264182,51.34,51.33,10115,4129,-310,690
1185,FE,2020-02-06,0 days 15:57:36.539304,264492,51.34,51.33,10115,4129,2190,-310
1186,FE,2020-02-06,0 days 15:57:37.541642,263382,51.34,51.33,12037,2129,-1110,2190
1187,FE,2020-02-06,0 days 15:58:06.612794,295512,51.32,51.31,15122,4000,-4670,888
1188,FE,2020-02-06,0 days 15:58:51.721649,255454,51.33,51.32,1233,8070,-12754,35346
1189,FE,2020-02-06,0 days 15:58:52.723613,266108,51.33,51.32,3524,2870,846,-12754
1190,FE,2020-02-06,0 days 15:58:53.726396,265054,51.33,51.32,1768,6274,-12402,846
1191,FE,2020-02-06,0 days 15:58:54.728610,278556,51.33,51.32,2368,5874,3198,-12402
1192,FE,2020-02-06,0 days 15:59:47.857723,386387,51.3,51.29,4810,4118,1569,-5305
1193,FE,2020-02-06,0 days 15:59:48.860073,383356,51.3,51.29,4949,2762,-4070,1569
1194,FG,2020-02-06,0 days 15:50:01.286739,90269,11.9,11.81,300,700,11811,-4991
1195,FG,2020-02-06,0 days 15:50:02.288551,84439,11.99,11.97,200,148,-13291,11811
1196,FG,2020-02-06,0 days 15:51:35.509756,90269,11.86,11.81,7,759,11811,-3150
1197,FG,2020-02-06,0 days 15:51:36.512417,93580,11.88,11.84,202,303,-3150,11811
1198,FG,2020-02-06,0 days 15:51:39.519441,96730,11.85,11.83,1500,301,5350,-3150
1199,FG,2020-02-06,0 days 15:51:42.526442,93580,11.85,11.81,900,312,-3150,5350
1200,FG,2020-02-06,0 days 15:51:43.528774,96730,11.84,11.8,200,250,5350,-3150
1201,FG,2020-02-06,0 days 15:51:51.547953,93580,11.86,11.83,790,400,-3150,11811
1202,FG,2020-02-06,0 days 15:51:58.564937,90269,11.83,11.8,200,900,11811,-3150
1203,FG,2020-02-06,0 days 15:52:32.646158,90269,11.82,11.81,16,139,11811,-3150
1204,FG,2020-02-06,0 days 15:52:56.703529,93580,11.85,11.82,100,1300,-3150,5350
1205,FG,2020-02-06,0 days 15:58:10.458065,120827,12.02,12.01,3446,141,1460,-7300
1206,FIS,2020-02-06,0 days 15:57:38.483825,284359,147.03,147.02,300,1500,2391,-2909
1207,FIS,2020-02-06,0 days 15:57:39.485908,282850,147.03,147.02,400,835,-1509,2391
1208,FIS,2020-02-06,0 days 15:57:41.490734,284359,147.03,147.02,600,835,691,-1509
1209,FIS,2020-02-06,0 days 15:57:42.493064,282850,147.03,147.02,400,1935,-1509,691
1210,FIS,2020-02-06,0 days 15:57:46.502537,284359,147.04,147.03,700,1818,691,-1509
1211,FIS,2020-02-06,0 days 15:57:47.505245,282850,147.04,147.03,700,1918,-1509,691
1212,FIS,2020-02-06,0 days 15:59:09.704828,302036,147.1,147.08,302,400,378,-2476
1213,FIS,2020-02-06,0 days 15:59:13.714072,299654,147.11,147.09,200,55,-2382,2878
1214,FIS,2020-02-06,0 days 15:59:18.725464,308073,147.1,147.09,1,234,229,-5774
1215,FIS,2020-02-06,0 days 15:59:20.731153,306302,147.13,147.1,3,200,-1783,217
1216,FIS,2020-02-06,0 days 15:59:21.732748,309085,147.13,147.1,3,300,5047,-1783
1217,FIS,2020-02-06,0 days 15:59:22.735269,299132,147.14,147.12,700,200,-8953,5047
1218,FIS,2020-02-06,0 days 15:59:25.742533,372166,147.17,147.15,640,400,4874,-3388
1219,FIS,2020-02-06,0 days 15:59:40.780412,376388,147.26,147.25,539,600,-5949,6251
1220,FIS,2020-02-06,0 days 15:59:41.782535,373637,147.29,147.26,1000,1000,2751,-5949
1221,FIS,2020-02-06,0 days 15:59:42.785080,376392,147.26,147.25,900,100,-4379,2751
1222,FIS,2020-02-06,0 days 15:59:43.787307,374171,147.26,147.25,900,281,2221,-4379
1223,FIS,2020-02-06,0 days 15:59:45.791715,376392,147.26,147.25,920,564,-6803,1881
1224,FIS,2020-02-06,0 days 15:59:46.800458,374695,147.28,147.26,120,100,1697,-6803
1225,FIS,2020-02-06,0 days 15:59:47.795157,376392,147.29,147.26,1100,527,-1324,1697
1226,FIS,2020-02-06,0 days 15:59:48.797771,377198,147.28,147.26,400,4395,6017,-1324
1227,FIS,2020-02-06,0 days 15:59:55.814073,383215,147.33,147.29,9,9172,-2083,1017
