,Symbol,Timestamp,TIME,iPaired,Ask_P,Bid_P,Ask_S,Bid_S,iShares,PreviShares
0,AA,2020-07-02,0 days 15:55:30.360438,148688,11.0,10.99,29751,14474,146,-2254
1,AA,2020-07-02,0 days 15:56:11.458961,148920,10.99,10.98,35665,9440,-342,308
2,AA,2020-07-02,0 days 15:58:45.821965,154862,10.97,10.96,52622,32055,1562,-7717
3,ABB,2020-07-02,0 days 15:59:02.723758,27030,23.41,23.4,37299,18400,-2433,5719
4,ABBV,2020-07-02,0 days 15:55:00.774656,455362,98.62,98.61,200,281,-22231,36927
5,ABBV,2020-07-02,0 days 15:55:05.783214,476313,98.57,98.55,1726,390,468,-1299
6,ABBV,2020-07-02,0 days 15:55:06.785556,474596,98.57,98.56,1260,300,-1798,468
7,ABBV,2020-07-02,0 days 15:55:11.801900,477034,98.59,98.58,800,100,3320,-1198
8,ABBV,2020-07-02,0 days 15:58:50.324963,528950,98.65,98.63,700,300,2416,-1907
9,ABBV,2020-07-02,0 days 15:59:11.378204,612016,98.7,98.68,1046,1197,903,-11062
10,ABBV,2020-07-02,0 days 15:59:15.387460,612561,98.72,98.71,598,289,-4297,679
11,ABBV,2020-07-02,0 days 15:59:16.386361,609158,98.73,98.72,441,459,3302,-4297
12,ABBV,2020-07-02,0 days 15:59:30.419968,623477,98.76,98.75,100,1001,4801,-1107
13,ABBV,2020-07-02,0 days 15:59:46.458030,615639,98.83,98.82,365,1547,10350,-5518
14,ABBV,2020-07-02,0 days 15:59:55.480557,641946,98.86,98.84,800,300,-2897,4262
15,ABEV,2020-07-02,0 days 15:59:09.967959,355327,2.66,2.65,62932,774398,-31009,547
16,ABEV,2020-07-02,0 days 15:59:10.969849,272136,2.66,2.65,63032,773322,92508,-31009
17,ABEV,2020-07-02,0 days 15:59:36.020666,364644,2.66,2.65,60970,880852,-64452,87448
18,ABEV,2020-07-02,0 days 15:59:43.035475,360196,2.67,2.66,1166598,380670,4448,-5052
19,ABEV,2020-07-02,0 days 15:59:45.045149,364644,2.66,2.65,975017,633646,-10852,4448
20,ABEV,2020-07-02,0 days 15:59:46.044895,360996,2.66,2.65,1115540,275816,3648,-10852
21,ABT,2020-07-02,0 days 15:55:00.362172,653616,92.11,92.1,100,200,16309,-80511
22,ABT,2020-07-02,0 days 15:57:21.704640,677320,92.05,92.03,667,1400,-59,107
23,ABT,2020-07-02,0 days 15:58:36.887305,679258,92.09,92.08,300,1920,-8021,1501
24,ABT,2020-07-02,0 days 15:58:37.889731,669279,92.09,92.07,601,1000,18000,-8021
25,ABT,2020-07-02,0 days 15:59:03.952135,688601,92.09,92.08,100,444,-789,6213
26,ABT,2020-07-02,0 days 15:59:04.957290,682734,92.1,92.09,2095,300,6656,-789
27,ABT,2020-07-02,0 days 15:59:07.962292,692090,92.09,92.08,304,428,-9795,9356
28,ABT,2020-07-02,0 days 15:59:08.968779,687385,92.1,92.09,1595,200,7205,-9795
29,ABT,2020-07-02,0 days 15:59:12.974822,694590,92.12,92.11,1900,300,-62,3889
30,ABT,2020-07-02,0 days 15:59:17.974249,682130,92.16,92.13,1067,1020,1615,-26785
31,ABT,2020-07-02,0 days 15:59:27.998140,684155,92.16,92.14,1169,100,-4642,2058
32,ABT,2020-07-02,0 days 15:59:29.000420,683097,92.17,92.16,3103,600,896,-4642
33,ABT,2020-07-02,0 days 15:59:32.009960,683993,92.2,92.19,400,200,-608,896
34,ABT,2020-07-02,0 days 15:59:33.010924,681497,92.17,92.15,200,1760,2496,-608
35,ABT,2020-07-02,0 days 15:59:40.031247,686125,92.2,92.19,396,1000,-230,2474
36,ABT,2020-07-02,0 days 15:59:41.032256,685151,92.17,92.16,600,300,1324,-230
37,ABT,2020-07-02,0 days 15:59:51.057931,686275,92.23,92.21,141,249,-4897,103
38,ABT,2020-07-02,0 days 15:59:52.059733,686372,92.21,92.19,200,780,103,-4897
39,ACB,2020-07-02,0 days 15:55:00.115258,24878,12.21,12.19,9277,3034,2006,-2399
40,ACB,2020-07-02,0 days 15:59:44.796858,29164,12.25,12.24,4215,200,1288,-2912
41,ACI,2020-07-02,0 days 15:58:02.804230,1994246,15.7,15.68,49625,100,872889,-629991
42,ACI,2020-07-02,0 days 15:59:06.961121,2042389,15.79,15.76,1001,1356,81759,-18241
43,ACI,2020-07-02,0 days 15:59:07.962322,2034348,15.8,15.78,5898,100,-8041,81759
44,ACI,2020-07-02,0 days 15:59:17.974321,2042511,15.83,15.8,492,1300,22924,-13076
45,ACI,2020-07-02,0 days 15:59:18.976743,2036735,15.83,15.8,100,3300,-5776,22924
46,ACI,2020-07-02,0 days 15:59:26.995872,1937791,15.83,15.8,400,3000,-104720,98180
47,ACI,2020-07-02,0 days 15:59:27.998212,2042511,15.83,15.8,400,100,91180,-104720
48,ACI,2020-07-02,0 days 15:59:29.000525,1938091,15.83,15.8,600,200,-104420,91180
49,ACI,2020-07-02,0 days 15:59:30.002897,2042511,15.83,15.8,617,100,89280,-104420
50,ACI,2020-07-02,0 days 15:59:31.008646,2038091,15.83,15.8,617,100,-4420,89280
51,ACI,2020-07-02,0 days 15:59:41.032375,2042511,15.83,15.8,2100,100,13778,-2820
52,ACI,2020-07-02,0 days 15:59:42.034334,2040389,15.8,15.79,3935,700,-2122,13778
53,ACN,2020-07-02,0 days 15:55:00.139261,262445,215.2,215.15,125,100,-80230,53958
54,ACN,2020-07-02,0 days 15:59:05.732288,361951,215.5,215.43,300,125,5516,-35499
55,ACN,2020-07-02,0 days 15:59:09.742440,365967,215.54,215.47,520,425,-405,295
56,ACN,2020-07-02,0 days 15:59:10.745042,367148,215.58,215.53,100,709,4349,-405
57,ACN,2020-07-02,0 days 15:59:13.751955,372323,215.59,215.58,358,460,-1499,75
58,ACN,2020-07-02,0 days 15:59:16.758414,372723,215.75,215.68,300,125,-5197,303
59,ACN,2020-07-02,0 days 15:59:17.759329,378920,215.72,215.68,100,150,15463,-5197
60,ACN,2020-07-02,0 days 15:59:30.790157,384331,215.84,215.82,365,100,-440,4394
61,ACN,2020-07-02,0 days 15:59:33.796872,384771,215.87,215.8,541,525,360,-440
62,ACN,2020-07-02,0 days 15:59:34.799864,384831,215.86,215.78,200,825,-139,360
63,ACN,2020-07-02,0 days 15:59:35.800831,381636,215.87,215.78,641,200,3495,-139
64,ACN,2020-07-02,0 days 15:59:47.830344,389315,215.77,215.74,238,100,14753,-766
65,AEG,2020-07-02,0 days 15:59:36.778327,6027,3.01,3.0,87607,293687,-303,497
66,AEG,2020-07-02,0 days 15:59:37.780182,5930,3.01,3.0,87607,269422,97,-303
67,AEO,2020-07-02,0 days 15:56:16.377037,152897,11.01,11.0,4509,10793,359,-5641
68,AEO,2020-07-02,0 days 15:56:33.418479,144416,11.01,11.0,7339,10309,-8481,359
69,AEO,2020-07-02,0 days 15:57:04.493356,152897,11.01,11.0,12126,11257,2109,-4186
70,AEO,2020-07-02,0 days 15:57:05.495095,149206,11.01,11.0,11404,8843,-3691,2109
71,AEO,2020-07-02,0 days 15:58:57.766018,158198,11.02,11.01,15391,4771,588,-3189
72,AEO,2020-07-02,0 days 15:58:58.767774,155445,11.02,11.01,9944,7668,-653,588
73,AEO,2020-07-02,0 days 15:59:38.864302,159646,11.02,11.01,20430,12647,202,-100
74,AEO,2020-07-02,0 days 15:59:41.870872,159183,11.02,11.01,13489,17223,-463,3437
75,AEP,2020-07-02,0 days 15:56:23.564965,156932,82.37,82.35,949,1433,187,-56
76,AEP,2020-07-02,0 days 15:56:33.588749,152229,82.37,82.36,308,1333,-4703,1797
77,AES,2020-07-02,0 days 15:57:04.439267,425118,14.47,14.46,15750,22150,1166,-9787
78,AES,2020-07-02,0 days 15:57:05.441234,408145,14.47,14.46,7689,25050,-16973,1166
79,AES,2020-07-02,0 days 15:59:02.723700,434628,14.45,14.44,6594,22373,16464,-5453
80,AES,2020-07-02,0 days 15:59:03.726258,424192,14.45,14.44,5811,22518,-9036,16464
81,AES,2020-07-02,0 days 15:59:06.734898,434628,14.45,14.44,7415,23082,48640,-6164
82,AES,2020-07-02,0 days 15:59:07.736688,371030,14.46,14.45,8516,27301,-63598,48640
83,AES,2020-07-02,0 days 15:59:15.756558,445524,14.47,14.46,6000,33395,22124,-14202
84,AES,2020-07-02,0 days 15:59:46.829159,447748,14.49,14.48,21723,23675,-5701,5524
85,AFL,2020-07-02,0 days 15:58:45.655380,403348,35.22,35.21,1400,2000,973,-1231
86,AFL,2020-07-02,0 days 15:58:46.657281,390621,35.24,35.23,447,3886,-12528,973
87,AFL,2020-07-02,0 days 15:59:10.716380,467682,35.22,35.21,901,3252,3101,-7861
88,AFL,2020-07-02,0 days 15:59:24.748780,468149,35.25,35.24,2952,1107,877,-2073
89,AFL,2020-07-02,0 days 15:59:42.792157,468149,35.3,35.29,1964,5489,582,-592
90,AFL,2020-07-02,0 days 15:59:43.794213,467773,35.32,35.31,5227,2600,-976,582
91,AFL,2020-07-02,0 days 15:59:44.796627,468749,35.32,35.31,3927,2407,2804,-976
92,AFL,2020-07-02,0 days 15:59:45.800617,472610,35.32,35.31,4096,2511,-8152,2804
93,AG,2020-07-02,0 days 15:55:00.139651,30334,9.52,9.51,10166,24222,7075,-3022
94,AG,2020-07-02,0 days 15:58:38.665371,33133,9.51,9.5,34382,43346,-1116,3820
95,AG,2020-07-02,0 days 15:58:48.690144,34249,9.51,9.5,39261,34209,653,-1116
96,AGI,2020-07-02,0 days 15:55:00.774598,25052,9.32,9.31,5926,35379,4240,-18353
97,AGI,2020-07-02,0 days 15:55:01.774235,12692,9.32,9.31,12226,39669,-12360,4240
98,AGI,2020-07-02,0 days 15:57:37.147762,26962,9.33,9.32,51346,3103,8945,-13370
99,AGI,2020-07-02,0 days 15:57:38.150353,25307,9.33,9.32,48591,8803,-1655,8945
100,AGI,2020-07-02,0 days 15:59:01.352362,26934,9.29,9.28,2801,75033,7587,-9713
101,AGI,2020-07-02,0 days 15:59:02.354758,26021,9.3,9.29,20951,51682,-2914,7587
102,AGI,2020-07-02,0 days 15:59:07.367662,29194,9.31,9.3,24913,69905,2130,-1014
103,AGI,2020-07-02,0 days 15:59:08.369664,28324,9.31,9.3,24213,69608,-621,2130
104,AIG,2020-07-02,0 days 15:58:37.662978,563891,29.88,29.87,1467,4240,4339,-5961
105,AIG,2020-07-02,0 days 15:58:38.665433,555130,29.9,29.89,900,4597,-8761,4339
106,AIG,2020-07-02,0 days 15:59:06.735246,584366,29.88,29.87,3168,4423,49851,-13551
107,AIG,2020-07-02,0 days 15:59:07.736910,579549,29.89,29.88,5735,1600,-4817,49851
108,AIG,2020-07-02,0 days 15:59:10.745551,586089,29.9,29.89,3691,3167,6969,-15416
109,AIG,2020-07-02,0 days 15:59:11.747452,577258,29.9,29.89,3011,3167,-8831,6969
110,AIG,2020-07-02,0 days 15:59:15.756940,586089,29.91,29.9,4301,2704,13648,-783
111,AIG,2020-07-02,0 days 15:59:16.758844,585937,29.91,29.9,2401,4138,-152,13648
112,AIG,2020-07-02,0 days 15:59:24.776353,586089,29.9,29.89,5074,1577,2148,-152
113,AIG,2020-07-02,0 days 15:59:32.796330,586089,29.93,29.92,2174,1558,947,-5153
114,AIG,2020-07-02,0 days 15:59:42.819841,587036,29.94,29.93,1382,3077,-753,347
115,AIG,2020-07-02,0 days 15:59:44.824286,588789,29.96,29.95,9117,100,1431,-1353
116,AIG,2020-07-02,0 days 15:59:50.841085,557545,29.93,29.92,8069,1279,-30244,251
117,ALK,2020-07-02,0 days 15:55:00.774289,119794,36.53,36.51,257,902,-13463,55149
118,ALK,2020-07-02,0 days 15:55:01.774144,117857,36.51,36.5,487,400,1937,-13463
119,ALK,2020-07-02,0 days 15:57:07.075483,125460,36.52,36.51,1000,1385,-570,1810
120,ALK,2020-07-02,0 days 15:57:08.077880,123630,36.52,36.5,1427,511,1830,-570
121,ALK,2020-07-02,0 days 15:58:41.303352,125827,36.51,36.5,1015,300,-9805,2204
122,ALK,2020-07-02,0 days 15:58:42.305428,124532,36.49,36.48,250,420,1295,-9805
123,ALK,2020-07-02,0 days 15:58:59.347125,125979,36.51,36.49,549,700,-6325,1999
124,ALK,2020-07-02,0 days 15:59:00.350115,126604,36.5,36.49,200,426,451,-6325
125,ALK,2020-07-02,0 days 15:59:06.366679,133491,36.49,36.48,916,592,-1369,113
126,ALK,2020-07-02,0 days 15:59:47.459253,139353,36.49,36.47,2390,1301,1075,-3001
127,ALLY,2020-07-02,0 days 15:55:00.194306,264661,19.38,19.37,6206,2837,-65142,31800
128,ALLY,2020-07-02,0 days 15:55:11.220468,297603,19.38,19.37,6862,5117,23582,-3042
129,ALLY,2020-07-02,0 days 15:55:12.223611,296985,19.39,19.38,500,6758,-618,23582
130,ALLY,2020-07-02,0 days 15:55:30.266935,297603,19.39,19.38,800,7346,482,-618
131,ALLY,2020-07-02,0 days 15:55:31.269124,297085,19.39,19.38,1360,7822,-518,482
132,ALLY,2020-07-02,0 days 15:55:37.283308,297603,19.39,19.38,3385,7346,363,-518
133,ALLY,2020-07-02,0 days 15:55:38.285631,297166,19.39,19.38,3985,6889,-437,363
134,ALLY,2020-07-02,0 days 15:55:40.291160,297603,19.39,19.38,1149,7813,3863,-437
135,ALLY,2020-07-02,0 days 15:55:41.294969,297166,19.4,19.39,2008,7950,-437,3863
136,ALLY,2020-07-02,0 days 15:56:17.379392,298430,19.44,19.43,5019,5466,2785,-337
137,ALLY,2020-07-02,0 days 15:56:18.381936,297815,19.44,19.43,5019,6966,-615,2785
138,ALLY,2020-07-02,0 days 15:56:37.428066,298430,19.44,19.43,6757,1069,2185,-3644
139,ALLY,2020-07-02,0 days 15:56:38.430796,297815,19.44,19.43,6557,1344,-615,2185
140,ALLY,2020-07-02,0 days 15:56:39.433209,298430,19.44,19.43,7052,881,685,-615
141,ALLY,2020-07-02,0 days 15:56:40.435484,298015,19.44,19.43,7052,881,-415,685
142,ALLY,2020-07-02,0 days 15:56:59.480485,301759,19.43,19.42,7211,3554,1756,-744
143,ALLY,2020-07-02,0 days 15:57:00.483620,301015,19.43,19.42,5111,6854,-744,1756
144,ALLY,2020-07-02,0 days 15:57:29.552880,300679,19.42,19.41,6750,1980,-515,885
145,ALLY,2020-07-02,0 days 15:57:36.570056,301194,19.42,19.41,19744,944,1585,-515
146,ALLY,2020-07-02,0 days 15:57:37.572485,300879,19.42,19.41,9186,1446,-315,1585
147,ALLY,2020-07-02,0 days 15:57:39.577354,301194,19.42,19.41,18557,1046,1485,-315
148,ALLY,2020-07-02,0 days 15:57:40.579440,299779,19.42,19.41,17130,1046,-1415,1485
149,ALLY,2020-07-02,0 days 15:58:16.665491,301624,19.42,19.41,8733,7988,-1751,1
150,ALLY,2020-07-02,0 days 15:59:39.865847,316546,19.47,19.46,7539,7140,16440,-1260
151,ALLY,2020-07-02,0 days 15:59:40.868676,315586,19.47,19.46,8434,7715,-960,16440
152,ALLY,2020-07-02,0 days 15:59:42.873517,316546,19.47,19.46,6800,6583,1386,-960
153,ALLY,2020-07-02,0 days 15:59:43.875652,315732,19.47,19.46,3400,8773,-814,1386
154,ALLY,2020-07-02,0 days 15:59:44.878044,316546,19.47,19.46,2688,9163,2335,-814
155,ALLY,2020-07-02,0 days 15:59:46.882512,316027,19.47,19.46,16356,6168,-519,1681
156,ALLY,2020-07-02,0 days 15:59:47.884450,316546,19.47,19.46,17419,6568,1466,-519
157,AM,2020-07-02,0 days 15:55:30.360451,162284,5.45,5.44,17144,9926,-446,3854
158,AM,2020-07-02,0 days 15:55:31.363479,158830,5.45,5.44,21489,9049,2054,-446
159,AMC,2020-07-02,0 days 15:56:35.593824,41332,4.52,4.51,10362,9295,2415,-4985
160,AMC,2020-07-02,0 days 15:56:39.603063,38837,4.52,4.51,10556,9428,-2495,1305
161,AMH,2020-07-02,0 days 15:59:04.680070,82806,27.5,27.49,2600,2092,5192,-863
162,AMH,2020-07-02,0 days 15:59:05.681025,81863,27.5,27.49,2700,3537,-943,5192
163,AMH,2020-07-02,0 days 15:59:08.690096,86443,27.49,27.48,1100,3929,1309,-2790
164,AMH,2020-07-02,0 days 15:59:09.691564,86152,27.5,27.49,3196,898,-291,1309
165,AMH,2020-07-02,0 days 15:59:13.700433,86443,27.49,27.48,890,3725,3203,-291
166,AMH,2020-07-02,0 days 15:59:14.703253,86346,27.49,27.48,990,3525,-97,3203
167,AMH,2020-07-02,0 days 15:59:21.717779,86443,27.5,27.49,100,3742,212,-788
168,AMH,2020-07-02,0 days 15:59:28.735457,85955,27.52,27.51,700,3984,-488,1912
169,AMRC,2020-07-02,0 days 15:59:08.369422,33195,28.19,28.18,1125,1105,1222,-378
170,AMRC,2020-07-02,0 days 15:59:09.372401,32317,28.19,28.18,933,1203,-878,1222
171,AMRC,2020-07-02,0 days 15:59:16.386131,33195,28.18,28.17,963,225,1673,-278
172,AMRC,2020-07-02,0 days 15:59:17.386786,32468,28.19,28.17,681,1527,-727,1673
173,AMRC,2020-07-02,0 days 15:59:56.481074,33195,28.19,28.17,1875,211,1575,-845
174,APG,2020-07-02,0 days 15:59:48.805878,72413,11.94,11.93,1089,2556,1759,-1141
175,APLE,2020-07-02,0 days 15:55:00.232599,63062,9.41,9.4,7604,4449,2616,-11825
176,APLE,2020-07-02,0 days 15:55:01.235665,62378,9.41,9.4,9504,4249,-684,2616
177,AR,2020-07-02,0 days 15:59:08.740425,361990,2.95,2.94,33537,82806,28718,-750
178,ARMK,2020-07-02,0 days 15:55:47.295818,122134,21.97,21.96,500,900,-632,1368
179,ARMK,2020-07-02,0 days 15:55:48.297408,120766,21.97,21.96,1389,590,1368,-632
180,ARMK,2020-07-02,0 days 15:57:04.481340,117785,21.95,21.94,3366,3158,-3189,1362
181,ARMK,2020-07-02,0 days 15:57:05.483288,116974,21.95,21.94,3866,2685,711,-3189
182,ARMK,2020-07-02,0 days 15:58:49.735128,122168,21.95,21.94,871,1934,-3287,981
183,ARMK,2020-07-02,0 days 15:58:50.735517,117755,21.95,21.94,1261,1434,4313,-3287
184,ARMK,2020-07-02,0 days 15:59:00.764034,122368,21.94,21.93,3100,1600,-374,305
185,ATH,2020-07-02,0 days 15:57:35.486256,143060,30.32,30.31,1719,747,535,-865
186,ATH,2020-07-02,0 days 15:57:36.488779,137595,30.32,30.31,1719,882,-5465,535
187,ATH,2020-07-02,0 days 15:59:13.722956,147120,30.36,30.35,800,538,-6069,1150
188,ATUS,2020-07-02,0 days 15:59:45.881363,285626,23.45,23.44,3305,9737,13754,-2841
189,ATUS,2020-07-02,0 days 15:59:46.882283,280580,23.46,23.45,9583,2200,-10566,13754
190,AU,2020-07-02,0 days 15:55:20.191775,30527,29.03,29.01,2400,2526,-196,604
191,AU,2020-07-02,0 days 15:57:39.521879,30906,29.01,29.0,2259,3004,214,-86
192,AU,2020-07-02,0 days 15:57:40.524535,30320,29.01,29.0,3778,3304,-586,214
193,AU,2020-07-02,0 days 15:57:47.541043,30906,29.01,29.0,5407,2069,14,-86
194,AU,2020-07-02,0 days 15:59:01.721860,31117,28.99,28.98,1860,1711,154,-181
195,AU,2020-07-02,0 days 15:59:07.736803,32171,28.99,28.98,1300,1736,-321,154
196,AU,2020-07-02,0 days 15:59:09.742775,40524,28.98,28.97,6800,600,6047,-8153
197,AU,2020-07-02,0 days 15:59:10.745410,39871,28.99,28.98,6908,106,-653,6047
198,AUY,2020-07-02,0 days 15:59:40.859532,252945,5.35,5.34,356914,551200,-3181,2119
199,AUY,2020-07-02,0 days 15:59:48.877547,250229,5.35,5.34,302627,532600,2716,-2084
200,AVTR,2020-07-02,0 days 15:57:02.382444,246717,17.54,17.53,3074,4110,-8267,3033
201,AVTR,2020-07-02,0 days 15:59:08.689963,279262,17.5,17.49,500,5395,-3055,7428
202,AVTR,2020-07-02,0 days 15:59:28.735253,274862,17.5,17.49,8522,4700,2186,-1714
203,AVTR,2020-07-02,0 days 15:59:39.764526,275835,17.52,17.5,1300,5150,-2227,2186
204,AVTR,2020-07-02,0 days 15:59:50.789118,266729,17.51,17.5,367,1843,18632,-21324
205,AVTR,2020-07-02,0 days 15:59:54.798216,287470,17.53,17.5,1700,4337,-4259,18632
206,AVTR,2020-07-02,0 days 15:59:57.803642,266729,17.53,17.5,726,9769,18632,-4259
207,AVYA,2020-07-02,0 days 15:58:52.648103,70629,12.74,12.73,1905,1700,750,-250
208,AVYA,2020-07-02,0 days 15:58:53.651100,69479,12.74,12.73,2005,1501,-1150,750
209,AVYA,2020-07-02,0 days 15:59:02.673373,70629,12.74,12.73,1769,1305,280,-504
210,AVYA,2020-07-02,0 days 15:59:03.676266,70182,12.74,12.73,2169,787,-447,280
211,AVYA,2020-07-02,0 days 15:59:04.680160,70629,12.74,12.73,2069,1623,2921,-447
212,AVYA,2020-07-02,0 days 15:59:05.681082,70150,12.74,12.73,1072,3038,-479,2921
213,AVYA,2020-07-02,0 days 15:59:15.704049,71946,12.74,12.73,2054,1770,1070,-596
214,AVYA,2020-07-02,0 days 15:59:16.706779,71416,12.75,12.74,1126,2637,-1030,1070
215,AXP,2020-07-02,0 days 15:59:15.834501,411550,94.14,94.13,100,1200,165364,-3683
216,AZN,2020-07-02,0 days 15:59:04.869677,79705,53.79,53.78,2035,3500,-150,11
217,AZN,2020-07-02,0 days 15:59:39.950790,79638,53.81,53.8,4228,7624,-1410,190
218,AZUL,2020-07-02,0 days 15:55:30.437300,27678,11.61,11.6,3202,400,-104,796
219,AZUL,2020-07-02,0 days 15:55:31.440483,26982,11.61,11.6,3202,400,696,-104
220,AZUL,2020-07-02,0 days 15:56:11.536042,27678,11.59,11.58,5838,1802,-602,298
221,AZUL,2020-07-02,0 days 15:56:12.539312,27180,11.59,11.58,7138,2023,498,-602
222,AZUL,2020-07-02,0 days 15:58:46.911406,29606,11.58,11.57,2400,5028,-5376,1128
223,AZUL,2020-07-02,0 days 15:58:47.914331,30782,11.58,11.57,2600,5228,4424,-5376
224,AZUL,2020-07-02,0 days 15:58:48.916397,29606,11.58,11.57,1800,5528,-1176,4424
225,BA,2020-07-02,0 days 15:55:00.193966,500135,180.81,180.77,100,221,65822,-47995
226,BA,2020-07-02,0 days 15:57:35.567517,515220,180.85,180.82,1095,510,-9724,476
227,BA,2020-07-02,0 days 15:57:43.586681,530044,180.83,180.81,200,988,3176,-1424
228,BA,2020-07-02,0 days 15:57:44.588602,528620,180.85,180.82,1188,640,-6524,3176
229,BA,2020-07-02,0 days 15:58:24.684590,560873,180.94,180.9,300,400,308,-4792
230,BA,2020-07-02,0 days 15:58:25.687232,556581,180.98,180.96,345,200,-4292,308
231,BA,2020-07-02,0 days 15:59:00.772398,561944,180.9,180.88,100,300,9184,-2776
232,BA,2020-07-02,0 days 15:59:27.836321,579257,180.95,180.91,100,300,-854,6046
233,BA,2020-07-02,0 days 15:59:34.853383,575311,180.95,180.93,100,290,3946,-854
234,BA,2020-07-02,0 days 15:59:45.881572,574854,180.91,180.88,1000,226,5063,-2135
235,BA,2020-07-02,0 days 15:59:50.893073,568617,180.9,180.85,578,1695,-7813,3487
236,BA,2020-07-02,0 days 16:00:00.916030,561374,180.9,180.78,12919,100,7243,-813
237,BABA,2020-07-02,0 days 15:59:10.376183,474191,223.54,223.49,322,542,-88,866
238,BABA,2020-07-02,0 days 15:59:12.380565,469037,223.5,223.48,450,195,514,-5011
239,BABA,2020-07-02,0 days 15:59:16.385583,469791,223.56,223.51,500,200,-3879,5912
240,BABA,2020-07-02,0 days 15:59:20.394196,474198,223.54,223.49,100,400,-1355,5260
241,BABA,2020-07-02,0 days 15:59:22.398002,469258,223.56,223.52,300,425,293,-6332
242,BABA,2020-07-02,0 days 15:59:29.416738,469791,223.54,223.48,200,364,-3932,5676
243,BABA,2020-07-02,0 days 15:59:30.419710,469123,223.5,223.41,1060,100,668,-3932
244,BABA,2020-07-02,0 days 15:59:33.425619,469791,223.51,223.46,500,200,-3932,998
245,BABA,2020-07-02,0 days 15:59:34.427650,469358,223.53,223.45,934,901,193,-3932
246,BABA,2020-07-02,0 days 15:59:47.458027,469791,223.54,223.51,1468,200,-1432,668
247,BABA,2020-07-02,0 days 15:59:48.462808,471781,223.45,223.44,1140,100,2417,-1432
248,BABA,2020-07-02,0 days 15:59:49.465715,474198,223.45,223.4,1892,805,-55,2417
249,BAC,2020-07-02,0 days 15:55:00.287879,3077383,23.27,23.26,45715,69365,-12358,997892
250,BAC,2020-07-02,0 days 15:56:13.463607,3104444,23.28,23.27,29272,92207,1766,-20283
251,BAC,2020-07-02,0 days 15:57:40.664690,3291457,23.27,23.26,117919,21176,-46434,4498
252,BAC,2020-07-02,0 days 15:57:56.703143,3361691,23.27,23.26,83632,54228,5698,-17634
253,BAC,2020-07-02,0 days 15:58:01.716265,3366141,23.28,23.27,103698,81841,-12850,24650
254,BAC,2020-07-02,0 days 15:58:02.718279,3334491,23.28,23.27,100298,85978,31650,-12850
255,BAC,2020-07-02,0 days 15:59:04.869838,3309554,23.29,23.28,63088,88789,7361,-1016
256,BAX,2020-07-02,0 days 15:55:00.362286,530706,87.06,87.05,604,600,1571,-86873
257,BAX,2020-07-02,0 days 15:55:01.364045,526577,87.09,87.06,500,410,-4129,1571
258,BAX,2020-07-02,0 days 15:57:36.741315,536185,86.95,86.93,900,425,1058,-4442
259,BAX,2020-07-02,0 days 15:57:37.743440,532443,86.95,86.93,904,525,-3742,1058
260,BAX,2020-07-02,0 days 15:57:43.757562,536185,86.95,86.94,1659,718,1335,-11865
261,BAX,2020-07-02,0 days 15:57:44.759773,534568,86.97,86.96,800,396,-1617,1335
262,BAX,2020-07-02,0 days 15:57:51.777076,537438,86.94,86.93,600,300,18513,-23865
263,BAX,2020-07-02,0 days 15:57:52.778787,537051,86.95,86.93,1158,700,-387,18513
264,BAX,2020-07-02,0 days 15:58:03.806465,537438,86.99,86.98,227,904,10575,-8625
265,BAX,2020-07-02,0 days 15:58:04.808940,531413,86.99,86.98,100,1262,-6025,10575
266,BAX,2020-07-02,0 days 15:58:11.826989,538361,87.0,86.99,400,907,8,-4792
267,BAX,2020-07-02,0 days 15:59:10.969849,556349,87.08,87.06,2394,829,8120,-433
268,BAX,2020-07-02,0 days 15:59:30.002863,566040,87.18,87.17,200,1506,-8268,2932
269,BAX,2020-07-02,0 days 15:59:31.008586,574308,87.17,87.15,300,437,1538,-8268
270,BAX,2020-07-02,0 days 15:59:32.010040,573846,87.2,87.19,400,100,-462,1538
271,BAX,2020-07-02,0 days 15:59:38.024164,574308,87.17,87.16,200,407,4538,-662
272,BAX,2020-07-02,0 days 15:59:40.031285,569146,87.21,87.19,4800,1469,-8562,5238
273,BAX,2020-07-02,0 days 15:59:41.032328,577708,87.17,87.16,100,112,3457,-8562
274,BB,2020-07-02,0 days 15:55:48.205264,25828,4.87,4.86,67153,187788,-244,136
275,BB,2020-07-02,0 days 15:58:14.557646,26072,4.86,4.85,47470,219938,1729,-244
276,BB,2020-07-02,0 days 15:58:47.636521,27801,4.87,4.86,80379,249079,-3215,1629
277,BB,2020-07-02,0 days 15:59:25.728199,34297,4.85,4.84,143217,113100,934,-3194
278,BB,2020-07-02,0 days 15:59:36.755203,38631,4.85,4.84,132258,166143,-3666,4334
279,BB,2020-07-02,0 days 15:59:37.757085,34297,4.85,4.84,132258,166143,7534,-3666
280,BBD,2020-07-02,0 days 15:59:01.694352,498550,3.93,3.92,993776,212222,-27145,245674
281,BBD,2020-07-02,0 days 15:59:02.696333,479595,3.93,3.92,1010776,207392,6366,-27145
282,BBD,2020-07-02,0 days 15:59:08.712238,498701,3.93,3.92,1000307,210076,-4530,6366
283,BBD,2020-07-02,0 days 15:59:10.716692,485931,3.93,3.92,998480,208076,30,-64530
284,BBD,2020-07-02,0 days 15:59:20.739629,485961,3.93,3.92,949034,345921,-5766,30
285,BBD,2020-07-02,0 days 15:59:21.741099,330827,3.93,3.92,950834,346521,155134,-5766
286,BBD,2020-07-02,0 days 15:59:44.796858,485961,3.93,3.92,1041271,221820,-4123,11434
287,BBD,2020-07-02,0 days 15:59:48.806236,478884,3.93,3.92,1299178,154928,7077,-4123
288,BBVA,2020-07-02,0 days 15:59:06.684578,16281,3.54,3.53,240384,396467,-2309,893
289,BBVA,2020-07-02,0 days 15:59:36.755260,18790,3.54,3.53,182222,462980,1591,-2309
290,BBVA,2020-07-02,0 days 15:59:37.757183,18581,3.54,3.53,181622,462980,-209,1591
291,BBY,2020-07-02,0 days 15:55:45.472748,156727,87.35,87.34,301,411,8335,-665
292,BBY,2020-07-02,0 days 15:56:21.560211,163582,87.36,87.34,814,1658,-8,737
293,BBY,2020-07-02,0 days 15:56:22.561800,162890,87.36,87.34,814,1858,592,-8
294,BBY,2020-07-02,0 days 15:57:09.677058,164596,87.35,87.33,300,666,-84,606
295,BBY,2020-07-02,0 days 15:57:10.679481,163980,87.35,87.33,747,600,616,-84
296,BBY,2020-07-02,0 days 15:57:36.741315,162075,87.37,87.36,523,3144,2421,-1679
297,BBY,2020-07-02,0 days 15:57:38.745634,165496,87.38,87.37,800,3813,-1179,721
298,BBY,2020-07-02,0 days 15:57:40.750672,163775,87.38,87.37,908,3613,1421,-79
299,BBY,2020-07-02,0 days 15:57:45.762568,165196,87.38,87.37,395,5019,-479,821
300,BBY,2020-07-02,0 days 15:57:46.764630,164875,87.38,87.37,295,4519,321,-479
301,BBY,2020-07-02,0 days 15:57:47.767031,165696,87.38,87.37,295,5019,-693,321
302,BBY,2020-07-02,0 days 15:57:49.771508,165189,87.39,87.37,300,3973,7,-793
303,BBY,2020-07-02,0 days 15:57:51.777040,165196,87.39,87.37,400,4973,-293,7
304,BBY,2020-07-02,0 days 15:57:52.778751,163389,87.39,87.37,500,4473,1807,-293
305,BBY,2020-07-02,0 days 15:58:22.852658,185929,87.53,87.52,200,233,3759,-1341
306,BBY,2020-07-02,0 days 15:59:00.944815,186507,87.45,87.44,417,903,1347,-4219
307,BBY,2020-07-02,0 days 15:59:04.957323,187640,87.51,87.49,400,1261,-7414,1133
308,BBY,2020-07-02,0 days 15:59:47.045062,203041,87.53,87.49,1300,800,2816,-7703
309,BBY,2020-07-02,0 days 15:59:49.050711,205957,87.51,87.49,300,300,-1469,2055
310,BBY,2020-07-02,0 days 15:59:50.061674,205626,87.51,87.49,350,300,331,-1469
311,BCE,2020-07-02,0 days 15:58:47.659779,25783,41.59,41.58,300,5791,-1909,1176
312,BCE,2020-07-02,0 days 15:58:48.662716,25292,41.59,41.58,300,6457,491,-1909
313,BCE,2020-07-02,0 days 15:58:52.672478,25783,41.59,41.58,746,5193,-88,491
314,BCE,2020-07-02,0 days 15:58:53.674244,25371,41.59,41.58,1246,4559,412,-88
315,BCE,2020-07-02,0 days 15:59:00.691842,25783,41.58,41.57,3300,1782,-6,412
316,BCE,2020-07-02,0 days 15:59:03.698805,25089,41.58,41.57,1600,4191,285,-415
317,BCE,2020-07-02,0 days 15:59:29.760307,28649,41.57,41.56,790,13328,77,-323
318,BDN,2020-07-02,0 days 15:59:07.736910,128607,10.82,10.81,4767,11780,10588,-80
319,BDN,2020-07-02,0 days 15:59:08.740920,132956,10.83,10.82,5200,13078,-151,10588
320,BDN,2020-07-02,0 days 15:59:10.745603,133107,10.83,10.82,9721,11024,184,-151
321,BDN,2020-07-02,0 days 15:59:17.759640,133035,10.84,10.83,15756,6386,-72,1228
322,BDN,2020-07-02,0 days 15:59:40.815143,134179,10.84,10.83,14256,10656,1206,-194
323,BDN,2020-07-02,0 days 15:59:41.816720,134085,10.84,10.83,14701,11756,-94,1206
324,BDN,2020-07-02,0 days 15:59:44.824286,137952,10.84,10.83,9195,14356,433,-367
325,BDN,2020-07-02,0 days 15:59:45.828839,137585,10.84,10.83,10695,14656,-4140,433
326,BDN,2020-07-02,0 days 15:59:46.829380,141725,10.84,10.83,17143,11756,936,-4140
327,BDN,2020-07-02,0 days 15:59:47.830561,141261,10.84,10.83,15843,13356,-1980,936
328,BEN,2020-07-02,0 days 15:57:35.567497,283486,20.33,20.32,5647,8513,-1071,1729
329,BEN,2020-07-02,0 days 15:57:36.570012,279157,20.33,20.32,6347,10824,4329,-1071
330,BEN,2020-07-02,0 days 15:59:30.843722,285757,20.36,20.35,3395,7150,1826,-2974
331,BEN,2020-07-02,0 days 15:59:42.873389,286372,20.38,20.37,7315,10553,1211,-4389
332,BEN,2020-07-02,0 days 15:59:46.882369,293236,20.38,20.37,7414,7938,-311,5654
333,BEN,2020-07-02,0 days 15:59:47.884340,292847,20.38,20.37,7574,5638,389,-311
334,BEN,2020-07-02,0 days 15:59:50.892683,286443,20.38,20.37,7732,4852,6793,-607
335,BHC,2020-07-02,0 days 15:55:00.775324,96824,18.42,18.41,4054,1200,21319,-67471
336,BHC,2020-07-02,0 days 15:55:01.774540,90843,18.42,18.41,4554,2340,-5981,21319
337,BHC,2020-07-02,0 days 15:59:38.438508,105664,18.36,18.35,17864,1189,37,-363
338,BHC,2020-07-02,0 days 15:59:48.463273,103627,18.36,18.35,12411,6569,-2037,7263
339,BK,2020-07-02,0 days 15:57:12.088569,348701,37.84,37.83,2475,2866,77,-1423
340,BK,2020-07-02,0 days 15:59:04.359327,366762,37.86,37.85,3128,4379,332,-9289
341,BK,2020-07-02,0 days 15:59:10.376654,395709,37.9,37.89,2200,3687,-1616,247
342,BK,2020-07-02,0 days 15:59:13.383669,394547,37.89,37.88,2600,2200,3912,-13038
343,BK,2020-07-02,0 days 15:59:32.423577,402633,37.94,37.93,3399,1842,-7111,1189
344,BK,2020-07-02,0 days 15:59:33.426148,402044,37.93,37.92,4748,600,589,-7111
345,BK,2020-07-02,0 days 15:59:44.452302,401344,37.94,37.93,4116,2713,289,-7411
346,BK,2020-07-02,0 days 15:59:56.481150,401533,37.95,37.94,4577,3774,-9211,1789
347,BKD,2020-07-02,0 days 15:56:41.609647,102093,3.04,3.03,17497,20502,3862,-4457
348,BKD,2020-07-02,0 days 15:57:14.687487,106169,3.04,3.03,9566,29909,-9288,4076
349,BKD,2020-07-02,0 days 15:59:01.948738,118822,3.04,3.03,15997,26939,24582,-1118
350,BKD,2020-07-02,0 days 15:59:03.952365,122104,3.04,3.03,17487,26584,-1218,782
351,BKD,2020-07-02,0 days 15:59:07.962450,123322,3.04,3.03,15511,28919,5182,-1218
352,BKD,2020-07-02,0 days 15:59:08.969027,122504,3.04,3.03,15166,33174,-818,5182
353,BKR,2020-07-02,0 days 15:55:37.323033,369310,15.4,15.39,11583,3802,-600,1177
354,BKR,2020-07-02,0 days 15:55:38.325696,365510,15.4,15.39,10823,2224,3800,-600
355,BKR,2020-07-02,0 days 15:55:53.361589,370397,15.42,15.41,10297,6185,-15213,4887
356,BKR,2020-07-02,0 days 15:56:27.443633,385145,15.41,15.4,5002,8706,693,-956
357,BKR,2020-07-02,0 days 15:56:28.445389,384538,15.41,15.4,7465,8191,-607,693
358,BKR,2020-07-02,0 days 15:56:50.498841,385803,15.41,15.4,8151,13531,635,-165
359,BKR,2020-07-02,0 days 15:56:51.501512,385338,15.41,15.4,6251,13931,-465,635
360,BKR,2020-07-02,0 days 15:58:13.695362,399225,15.43,15.42,11640,21394,183,-579
361,BKR,2020-07-02,0 days 15:58:14.697961,397408,15.43,15.42,4141,18694,-1817,183
362,BKR,2020-07-02,0 days 15:58:29.734041,403025,15.44,15.43,18028,10452,483,-2217
363,BKR,2020-07-02,0 days 15:58:30.736319,400808,15.44,15.43,19436,8752,-2217,483
364,BKR,2020-07-02,0 days 15:58:57.804307,397925,15.42,15.41,8293,3261,2883,-2217
365,BKR,2020-07-02,0 days 15:59:05.823090,399225,15.43,15.42,8980,11011,1801,-2
366,BKR,2020-07-02,0 days 15:59:19.844282,471261,15.41,15.4,3824,11780,-3124,4676
367,BLL,2020-07-02,0 days 15:59:45.045366,505159,71.79,71.76,2263,400,-1083,590
368,BLL,2020-07-02,0 days 15:59:46.045117,504242,71.72,71.7,483,300,1017,-1083
369,BMY,2020-07-02,0 days 15:59:05.785292,939364,59.17,59.16,3653,3555,-94059,30776
370,BMY,2020-07-02,0 days 15:59:06.787816,925513,59.11,59.1,6110,1600,14051,-94059
371,BMY,2020-07-02,0 days 15:59:25.832199,939351,59.13,59.12,7060,200,2686,-9127
372,BMY,2020-07-02,0 days 15:59:27.836267,942037,59.14,59.13,4948,2400,-9627,386
373,BMY,2020-07-02,0 days 15:59:50.892683,977899,59.12,59.11,1105,104,4617,-37268
374,BP,2020-07-02,0 days 15:55:00.182050,56324,23.4,23.39,21329,16398,2480,-3071
375,BP,2020-07-02,0 days 15:56:16.365812,59368,23.41,23.4,10963,45760,-46,726
376,BP,2020-07-02,0 days 15:59:02.767762,62242,23.4,23.39,14868,30700,1477,-473
377,BP,2020-07-02,0 days 15:59:35.846998,64685,23.41,23.4,19810,40510,2185,-215
378,BRK.B,2020-07-02,0 days 15:59:18.710986,1006139,178.76,178.72,469,908,2988,-15653
379,BRK.B,2020-07-02,0 days 15:59:19.713016,1003227,178.71,178.7,200,1205,-2912,2988
380,BRK.B,2020-07-02,0 days 15:59:23.721710,1006291,178.73,178.7,200,1100,2836,-4560
381,BRK.B,2020-07-02,0 days 15:59:24.727185,1004427,178.69,178.67,400,400,-1864,2836
382,BRK.B,2020-07-02,0 days 15:59:25.728108,1001540,178.65,178.61,700,300,4187,-1864
383,BRK.B,2020-07-02,0 days 15:59:26.729729,999127,178.69,178.65,700,100,-2413,4187
384,BRK.B,2020-07-02,0 days 15:59:47.780217,1007401,178.84,178.79,774,300,10226,-1523
385,BRK.B,2020-07-02,0 days 15:59:48.783323,1006216,178.85,178.82,1000,100,-8727,10226
386,BRX,2020-07-02,0 days 15:55:00.194216,106840,12.97,12.96,9148,3444,5256,-10166
387,BRX,2020-07-02,0 days 15:55:34.276389,121196,12.98,12.97,8701,4925,-1344,1656
388,BRX,2020-07-02,0 days 15:59:08.792513,137935,12.98,12.97,12919,4006,2224,-941
389,BSX,2020-07-02,0 days 15:55:24.148000,386215,35.38,35.37,6395,699,-3553,1947
390,BSX,2020-07-02,0 days 15:58:15.557816,406452,35.37,35.36,1400,5867,4804,-1156
391,BSX,2020-07-02,0 days 15:58:23.577443,400761,35.37,35.36,10846,1743,-1691,4804
392,BSX,2020-07-02,0 days 15:58:58.662347,398943,35.33,35.32,1926,2600,-499,3419
393,BSX,2020-07-02,0 days 15:59:04.678256,420298,35.37,35.36,3001,6635,3221,-6340
394,BSX,2020-07-02,0 days 15:59:05.679043,417019,35.38,35.37,5788,887,-7279,3221
395,BSX,2020-07-02,0 days 15:59:06.682621,424365,35.38,35.37,6522,1580,892,-7279
396,BTU,2020-07-02,0 days 15:57:06.483798,108803,2.76,2.75,22223,13373,3306,-654
397,BTU,2020-07-02,0 days 15:57:07.488168,100809,2.76,2.75,21221,14273,-7994,3306
398,BTU,2020-07-02,0 days 15:59:06.778669,96145,2.76,2.75,22229,15030,-16558,3242
399,BTU,2020-07-02,0 days 15:59:46.871097,112703,2.76,2.75,20681,12808,11005,-37714
400,BTU,2020-07-02,0 days 15:59:47.872519,109908,2.76,2.75,20181,13408,-2795,11005
401,BUD,2020-07-02,0 days 15:56:49.496784,52371,50.12,50.11,921,706,-10035,2464
402,BUD,2020-07-02,0 days 15:56:50.498895,49806,50.11,50.1,705,1308,2565,-10035
403,BUD,2020-07-02,0 days 15:58:41.763322,50425,50.16,50.14,5612,2010,1154,-1946
404,BUD,2020-07-02,0 days 15:59:03.816650,51538,50.15,50.14,300,675,-152,3004
405,BUD,2020-07-02,0 days 15:59:06.825323,51276,50.15,50.14,234,684,262,-152
406,BUD,2020-07-02,0 days 15:59:50.920001,50257,50.13,50.11,3410,100,1386,-1714
407,BWA,2020-07-02,0 days 15:55:00.774033,212898,35.25,35.24,800,103,21397,-43222
408,BWA,2020-07-02,0 days 15:55:01.773935,208195,35.24,35.23,100,1450,-4703,21397
409,BWA,2020-07-02,0 days 15:59:01.352137,236973,35.19,35.18,1909,1800,248,-2675
410,BWA,2020-07-02,0 days 15:59:02.354585,237221,35.19,35.18,2312,1275,-104,248
411,BWA,2020-07-02,0 days 15:59:24.404573,258609,35.17,35.16,2076,1118,78,-122
412,BWA,2020-07-02,0 days 15:59:32.423500,260371,35.2,35.19,1000,805,-438,2062
413,BWA,2020-07-02,0 days 15:59:42.447627,260809,35.2,35.19,1550,1832,629,-438
414,BWA,2020-07-02,0 days 15:59:44.452247,258387,35.2,35.19,1450,3457,-2422,560
415,BYD,2020-07-02,0 days 15:55:36.451636,71721,19.93,19.92,759,1009,950,-850
416,BYD,2020-07-02,0 days 15:56:05.521176,72671,19.94,19.93,1819,958,-78,900
417,BYD,2020-07-02,0 days 15:56:06.523639,71549,19.94,19.93,1719,1058,1122,-78
418,BYD,2020-07-02,0 days 15:58:44.905989,77123,19.91,19.9,2400,2072,-5533,2202
419,BYD,2020-07-02,0 days 15:58:45.909450,76456,19.91,19.9,2400,1543,667,-5533
420,BYD,2020-07-02,0 days 15:59:15.971297,79644,19.93,19.92,1202,857,-3,192
421,BYD,2020-07-02,0 days 15:59:36.020829,81056,19.93,19.92,1429,300,188,-1112
422,C,2020-07-02,0 days 15:59:05.872058,694083,50.45,50.44,1600,7590,21137,-49546
423,C,2020-07-02,0 days 15:59:20.904898,791909,50.5,50.49,2606,4152,-45414,11933
424,C,2020-07-02,0 days 15:59:21.907422,781621,50.5,50.49,6401,279,11015,-45414
425,C,2020-07-02,0 days 15:59:28.923616,793119,50.51,50.5,12600,4330,-6527,27690
426,C,2020-07-02,0 days 15:59:29.926706,791956,50.51,50.5,11598,4727,2423,-6527
427,C,2020-07-02,0 days 15:59:31.931995,794379,50.54,50.53,3000,2001,-1977,10923
428,C,2020-07-02,0 days 15:59:32.933180,784356,50.52,50.51,7700,1402,10323,-1977
429,C,2020-07-02,0 days 15:59:39.950707,812624,50.53,50.52,1100,6607,-15532,16468
430,C,2020-07-02,0 days 15:59:40.952858,799956,50.52,50.51,7082,1300,16573,-15532
431,CAG,2020-07-02,0 days 15:56:15.951816,304655,35.48,35.47,10378,2161,-15536,11384
432,CAG,2020-07-02,0 days 15:57:01.062845,316106,35.45,35.44,4089,3000,2700,-4910
433,CAG,2020-07-02,0 days 15:57:37.147701,317656,35.43,35.42,8323,4599,83,-317
434,CAG,2020-07-02,0 days 15:58:34.286006,320750,35.45,35.44,3283,6539,-1418,882
435,CAG,2020-07-02,0 days 15:59:07.367529,324282,35.44,35.43,5512,7198,-2788,316
436,CAG,2020-07-02,0 days 15:59:08.369494,323370,35.44,35.43,8090,6258,1758,-2788
437,CAG,2020-07-02,0 days 15:59:18.389682,408042,35.44,35.43,10520,9568,576,-2827
438,CAG,2020-07-02,0 days 15:59:22.399212,408618,35.44,35.43,10314,4043,-624,576
439,CAG,2020-07-02,0 days 15:59:46.457862,423336,35.44,35.43,7382,6988,683,-15218
440,CARR,2020-07-02,0 days 15:59:43.772481,411102,22.92,22.91,2364,4130,411,-7989
441,CARR,2020-07-02,0 days 15:59:44.775329,412033,22.94,22.92,3903,5938,-69,411
442,CARR,2020-07-02,0 days 15:59:47.780449,411102,22.9,22.89,2850,700,1031,-69
443,CAT,2020-07-02,0 days 15:55:00.090223,176142,127.61,127.59,100,200,705,-37956
444,CAT,2020-07-02,0 days 15:55:01.091798,173247,127.6,127.57,328,800,-2895,705
445,CAT,2020-07-02,0 days 15:56:24.291868,178265,127.53,127.49,400,900,1012,-2594
446,CAT,2020-07-02,0 days 15:56:25.294356,175877,127.53,127.49,800,800,-2388,1012
447,CAT,2020-07-02,0 days 15:58:17.564561,182833,127.53,127.51,193,496,2878,-3517
448,CAT,2020-07-02,0 days 15:58:18.566980,180511,127.54,127.52,193,900,-2322,2878
449,CAT,2020-07-02,0 days 15:58:41.621875,185733,127.58,127.57,300,1085,314,-2517
450,CAT,2020-07-02,0 days 15:58:53.651134,183040,127.59,127.57,551,500,-1593,607
451,CAT,2020-07-02,0 days 15:59:05.681162,185980,127.6,127.58,100,1057,12152,-1458
452,CAT,2020-07-02,0 days 15:59:06.684706,185397,127.64,127.62,100,600,-1540,12152
453,CAT,2020-07-02,0 days 15:59:08.690369,186937,127.64,127.63,100,400,6016,-1540
454,CAT,2020-07-02,0 days 15:59:35.752810,205052,127.83,127.79,546,725,4446,-6754
455,CAT,2020-07-02,0 days 15:59:40.765202,204898,127.82,127.78,100,2271,-154,6146
456,CAT,2020-07-02,0 days 15:59:41.766861,205052,127.82,127.8,105,700,446,-154
457,CAT,2020-07-02,0 days 15:59:43.772449,205498,127.84,127.83,1360,300,-2530,446
458,CAT,2020-07-02,0 days 15:59:46.779410,205152,127.81,127.76,1201,100,8946,-556
459,CAT,2020-07-02,0 days 15:59:50.789779,203198,127.77,127.71,432,1500,-1654,105
460,CC,2020-07-02,0 days 15:55:09.217813,66585,15.69,15.68,3700,3708,1439,-2661
461,CC,2020-07-02,0 days 15:55:10.217584,64324,15.69,15.68,4400,3808,-2261,1439
462,CC,2020-07-02,0 days 15:56:38.430602,68181,15.63,15.62,5416,1093,-1904,396
463,CC,2020-07-02,0 days 15:59:04.783372,69759,15.65,15.64,1941,4432,6407,-128
464,CC,2020-07-02,0 days 15:59:05.785200,66929,15.66,15.65,3437,6651,-8053,6407
465,CC,2020-07-02,0 days 15:59:40.868423,77329,15.67,15.66,680,8018,-875,14725
466,CC,2020-07-02,0 days 15:59:42.873304,78204,15.68,15.67,5500,2900,166,-575
467,CCL,2020-07-02,0 days 15:59:43.035610,494678,15.9,15.89,1535,23710,62,-238
468,CCL,2020-07-02,0 days 15:59:47.045196,494678,15.9,15.89,15110,11196,3308,-238
469,CCL,2020-07-02,0 days 15:59:49.050960,482286,15.9,15.89,19790,11002,-12392,3308
470,CDAY,2020-07-02,0 days 15:55:00.362650,51565,84.64,84.62,552,300,98,-12768
471,CDAY,2020-07-02,0 days 15:55:01.364153,51163,84.64,84.62,652,300,-402,98
472,CDAY,2020-07-02,0 days 15:59:07.962402,54316,84.69,84.66,100,100,431,-269
473,CDAY,2020-07-02,0 days 15:59:08.968946,54047,84.69,84.66,100,200,-269,431
474,CDAY,2020-07-02,0 days 15:59:40.031380,56681,84.75,84.69,200,700,9060,-140
475,CDAY,2020-07-02,0 days 15:59:41.032443,56441,84.76,84.72,400,429,-240,9060
476,CDAY,2020-07-02,0 days 15:59:46.044967,56395,84.72,84.66,400,400,46,-354
477,CDAY,2020-07-02,0 days 15:59:49.050916,55841,84.72,84.66,651,305,-554,46
478,CDE,2020-07-02,0 days 15:55:37.230166,183245,4.83,4.82,55485,23668,-1148,2797
479,CDE,2020-07-02,0 days 15:55:38.232719,174093,4.83,4.82,58185,21368,9152,-1148
480,CDE,2020-07-02,0 days 15:59:46.829370,197941,4.84,4.83,21036,78524,-1300,978
481,CDE,2020-07-02,0 days 15:59:48.833594,194941,4.84,4.83,18459,78124,3000,-1300
482,CF,2020-07-02,0 days 15:59:06.961084,268509,29.36,29.35,1186,1747,-3563,34845
483,CF,2020-07-02,0 days 15:59:09.967928,272872,29.35,29.34,943,429,1189,-3563
484,CF,2020-07-02,0 days 15:59:36.020628,273747,29.39,29.38,11998,486,1400,-4500
485,CF,2020-07-02,0 days 15:59:41.032328,275147,29.38,29.37,2725,736,-2463,895
486,CF,2020-07-02,0 days 15:59:48.052546,274010,29.39,29.38,11901,272,1137,-4763
487,CFG,2020-07-02,0 days 15:59:08.969109,477891,23.72,23.71,2800,5683,18248,-4119
488,CFG,2020-07-02,0 days 15:59:46.045106,581909,23.76,23.75,2266,4786,-6843,45246
489,CFG,2020-07-02,0 days 15:59:48.052723,582609,23.76,23.75,2169,4368,2100,-11900
490,CFG,2020-07-02,0 days 15:59:49.051011,583209,23.77,23.76,4373,4927,-14588,2100
491,CFG,2020-07-02,0 days 15:59:52.059932,569809,23.76,23.75,5700,100,14900,-1788
492,CGC,2020-07-02,0 days 15:56:05.444040,16001,16.47,16.46,700,300,301,-620
493,CGC,2020-07-02,0 days 15:56:06.446039,15502,16.47,16.46,1000,300,-499,301
494,CGC,2020-07-02,0 days 15:56:11.458907,16001,16.47,16.46,1100,502,401,-499
495,CGC,2020-07-02,0 days 15:56:12.460556,15502,16.47,16.46,1100,402,-499,401
496,CGC,2020-07-02,0 days 15:57:07.593444,16215,16.47,16.45,1100,2400,506,-415
497,CGC,2020-07-02,0 days 15:57:08.595985,15721,16.47,16.45,1100,2500,-494,506
498,CGC,2020-07-02,0 days 15:59:37.945279,16425,16.48,16.45,1515,1420,5052,-148
499,CGC,2020-07-02,0 days 15:59:38.948044,16177,16.48,16.45,5415,1440,-248,5052
500,CHWY,2020-07-02,0 days 15:59:39.950920,43700,47.09,47.07,17320,1868,6861,-139
501,CHWY,2020-07-02,0 days 15:59:44.962627,50400,47.08,47.07,549,913,161,-346
502,CHX,2020-07-02,0 days 15:56:38.326172,142219,9.72,9.71,7710,8281,3340,-5331
503,CHX,2020-07-02,0 days 15:56:39.328440,137359,9.72,9.71,7911,8281,-4860,3340
504,CI,2020-07-02,0 days 15:57:09.400400,92670,190.48,190.35,100,150,-1,199
505,CI,2020-07-02,0 days 15:57:14.411877,92671,190.41,190.25,100,100,99,-1
506,CI,2020-07-02,0 days 15:57:36.464897,92770,190.34,190.24,111,370,-429,471
507,CI,2020-07-02,0 days 15:57:37.466923,92199,190.31,190.24,154,610,571,-429
508,CI,2020-07-02,0 days 15:57:45.486632,93300,190.27,190.18,150,181,-699,701
509,CI,2020-07-02,0 days 15:57:46.488919,92599,190.25,190.15,152,150,701,-699
510,CI,2020-07-02,0 days 15:57:59.520780,92688,190.27,190.22,148,250,-1211,1589
511,CI,2020-07-02,0 days 15:58:00.525140,92099,190.34,190.25,132,150,589,-1211
512,CI,2020-07-02,0 days 15:58:02.528937,92688,190.38,190.26,100,220,-311,589
513,CI,2020-07-02,0 days 15:58:03.531256,92099,190.38,190.18,206,100,589,-311
514,CI,2020-07-02,0 days 15:58:12.552572,92895,190.27,190.18,351,100,-1204,696
515,CI,2020-07-02,0 days 15:58:13.555306,92488,190.34,190.22,102,150,407,-1204
516,CI,2020-07-02,0 days 15:58:19.570725,92384,190.34,190.28,103,213,511,-789
517,CI,2020-07-02,0 days 15:58:41.621891,92895,190.38,190.31,103,280,-1053,511
518,CI,2020-07-02,0 days 15:58:42.624212,92548,190.38,190.31,103,280,347,-1053
519,CI,2020-07-02,0 days 15:59:00.669507,92895,190.3,190.26,101,100,-1382,518
520,CI,2020-07-02,0 days 15:59:01.672260,91479,190.32,190.24,281,406,2316,-1382
521,CI,2020-07-02,0 days 15:59:02.673514,92895,190.35,190.28,250,300,-1484,2316
522,CI,2020-07-02,0 days 15:59:04.680267,92768,190.32,190.24,100,449,244,-1156
523,CI,2020-07-02,0 days 15:59:06.684706,93027,190.34,190.27,250,450,-387,259
524,CI,2020-07-02,0 days 15:59:07.687750,92814,190.34,190.26,368,300,213,-387
525,CI,2020-07-02,0 days 15:59:15.704151,92992,190.46,190.38,377,200,-26,74
526,CI,2020-07-02,0 days 15:59:22.720809,92965,190.46,190.41,250,131,27,-573
527,CI,2020-07-02,0 days 15:59:28.735589,92992,190.5,190.43,150,450,-473,627
528,CI,2020-07-02,0 days 15:59:29.737865,92965,190.52,190.43,100,450,27,-473
529,CI,2020-07-02,0 days 15:59:32.745828,93592,190.52,190.44,100,150,-1873,27
530,CI,2020-07-02,0 days 15:59:39.764863,93592,190.52,190.44,250,150,-573,927
531,CI,2020-07-02,0 days 15:59:40.765249,93465,190.52,190.44,1257,200,127,-573
532,CI,2020-07-02,0 days 15:59:53.795561,93592,190.52,190.46,100,882,-2617,327
533,CIG,2020-07-02,0 days 15:59:08.711956,158917,2.09,2.08,279132,258736,7582,-39352
534,CIG,2020-07-02,0 days 15:59:12.720763,173699,2.09,2.08,274925,259436,-26489,7582
535,CIM,2020-07-02,0 days 15:55:00.089447,88289,9.13,9.12,13155,17384,1348,-38572
536,CIM,2020-07-02,0 days 15:55:01.091667,86737,9.13,9.12,9711,22898,-1552,1348
537,CIM,2020-07-02,0 days 15:57:58.517938,88916,9.15,9.14,21842,30691,10650,-13950
538,CIM,2020-07-02,0 days 15:57:59.520699,74966,9.15,9.14,20442,32391,-13950,10650
539,CIM,2020-07-02,0 days 15:58:45.631722,93348,9.15,9.14,16658,47205,5916,-1857
540,CIM,2020-07-02,0 days 15:58:46.633894,81364,9.15,9.14,15779,47205,-11984,5916
541,CIM,2020-07-02,0 days 15:59:01.672025,94601,9.15,9.14,21102,44053,10263,-13237
542,CIM,2020-07-02,0 days 15:59:02.673321,93564,9.15,9.14,8762,53483,-1037,10263
543,CIM,2020-07-02,0 days 15:59:08.690129,102316,9.16,9.15,27932,19079,6200,-1352
544,CIM,2020-07-02,0 days 15:59:09.691564,101416,9.16,9.15,28632,15815,-900,6200
545,CIM,2020-07-02,0 days 15:59:10.693731,103422,9.16,9.15,26960,26929,894,-900
546,CIM,2020-07-02,0 days 15:59:11.695637,102716,9.16,9.15,25383,26329,-706,894
547,CIM,2020-07-02,0 days 15:59:15.703976,103422,9.16,9.15,22491,27047,496,-706
548,CIM,2020-07-02,0 days 15:59:16.706667,102818,9.16,9.15,13090,30100,-604,496
549,CIT,2020-07-02,0 days 15:55:25.200493,73913,19.52,19.51,1000,800,325,-375
550,CIT,2020-07-02,0 days 15:55:26.203260,73238,19.52,19.51,1100,500,-675,325
551,CIT,2020-07-02,0 days 15:56:33.363974,75213,19.56,19.55,2145,964,6,-803
552,CIT,2020-07-02,0 days 15:56:34.366506,74819,19.56,19.55,2145,1370,-394,6
553,CIT,2020-07-02,0 days 15:56:59.426776,75227,19.55,19.54,1658,600,592,-408
554,CIT,2020-07-02,0 days 15:57:00.429405,74819,19.55,19.54,860,1222,-408,592
555,CIT,2020-07-02,0 days 15:58:11.601289,76023,19.55,19.54,5122,558,216,-404
556,CIT,2020-07-02,0 days 15:58:12.602596,75639,19.55,19.54,1102,858,-384,216
557,CIT,2020-07-02,0 days 15:58:48.690064,77423,19.56,19.55,1962,524,5016,-1076
558,CIT,2020-07-02,0 days 15:58:49.692476,76739,19.56,19.55,1562,900,-684,5016
559,CIT,2020-07-02,0 days 15:59:04.729979,77575,19.53,19.52,1847,562,4512,-511
560,CIT,2020-07-02,0 days 15:59:05.732493,76564,19.54,19.53,339,2024,-2069,4512
561,CIT,2020-07-02,0 days 15:59:08.740543,79133,19.55,19.54,700,1922,3682,-269
562,CIT,2020-07-02,0 days 15:59:26.780478,87187,19.57,19.56,602,600,-1223,5748
563,CIT,2020-07-02,0 days 15:59:27.782666,86810,19.57,19.55,589,1326,377,-1223
564,CIT,2020-07-02,0 days 15:59:55.850856,87187,19.59,19.57,291,1779,-123,577
565,CL,2020-07-02,0 days 15:59:33.796939,383330,73.21,73.2,900,500,5676,-3724
566,CL,2020-07-02,0 days 15:59:46.829191,382449,73.24,73.23,200,700,4349,-6843
567,CLDR,2020-07-02,0 days 15:55:34.222803,186012,12.26,12.25,14031,6459,3774,-727
568,CLDR,2020-07-02,0 days 15:55:35.224930,179086,12.26,12.25,14031,4062,-6926,3774
569,CLDR,2020-07-02,0 days 15:59:04.730002,189510,12.27,12.26,11091,19138,9350,-6515
570,CLDR,2020-07-02,0 days 15:59:15.756640,252004,12.29,12.28,8986,16115,1816,-1044
571,CLDR,2020-07-02,0 days 15:59:21.769566,245606,12.29,12.28,4930,18029,-3898,4602
572,CLDR,2020-07-02,0 days 15:59:42.819716,245406,12.28,12.27,15240,36140,-4098,31802
573,CLDR,2020-07-02,0 days 15:59:45.828678,249504,12.28,12.27,17722,31132,1180,-1050
574,CLF,2020-07-02,0 days 15:58:16.655854,212544,5.4,5.39,69704,106789,-12455,2841
575,CLF,2020-07-02,0 days 15:58:17.659036,209599,5.4,5.39,73104,104899,1168,-12455
576,CLF,2020-07-02,0 days 15:59:09.785418,220026,5.4,5.39,95066,95213,-1207,2893
577,CLNY,2020-07-02,0 days 15:59:15.834501,692554,2.45,2.44,30712,58202,183536,-93666
578,CLNY,2020-07-02,0 days 15:59:16.837809,675404,2.46,2.45,25972,42643,-17150,183536
579,CLNY,2020-07-02,0 days 15:59:30.870351,706324,2.46,2.45,25351,40371,72580,-10420
580,CLNY,2020-07-02,0 days 15:59:31.873873,701604,2.46,2.45,25651,36518,-4720,72580
581,CLNY,2020-07-02,0 days 15:59:32.875036,706324,2.46,2.45,26451,30871,78280,-4720
582,CLR,2020-07-02,0 days 15:56:05.389827,193436,18.23,18.22,2710,2548,-2634,5737
583,CLR,2020-07-02,0 days 15:56:06.392505,190070,18.23,18.22,2710,2200,2566,-2634
584,CLR,2020-07-02,0 days 15:57:39.612325,209524,18.18,18.17,7150,11934,-846,354
585,CLR,2020-07-02,0 days 15:57:40.614957,205370,18.18,18.17,8426,12324,4154,-846
586,CLR,2020-07-02,0 days 15:58:23.719514,197933,18.22,18.21,2594,299,3853,-5747
587,CLR,2020-07-02,0 days 15:59:16.837809,295843,18.24,18.23,400,1461,4050,-56250
588,CLR,2020-07-02,0 days 15:59:36.884848,296430,18.26,18.25,854,3477,493,-8007
589,CLR,2020-07-02,0 days 15:59:37.886537,298482,18.26,18.25,1862,3978,-14306,493
590,CNC,2020-07-02,0 days 15:55:46.475455,196734,66.46,66.45,901,500,436,-464
591,CNC,2020-07-02,0 days 15:55:47.477671,195470,66.46,66.45,901,400,-1264,436
592,CNC,2020-07-02,0 days 15:56:51.632418,196976,66.46,66.45,2248,601,875,-320
593,CNC,2020-07-02,0 days 15:56:52.634518,195751,66.46,66.45,847,885,-1225,875
594,CNC,2020-07-02,0 days 15:57:31.728448,198067,66.4,66.39,646,100,284,-911
595,CNC,2020-07-02,0 days 15:57:32.731142,195351,66.39,66.38,100,780,-2716,284
596,CNC,2020-07-02,0 days 15:57:45.762603,200767,66.38,66.37,803,502,1384,-316
597,CNC,2020-07-02,0 days 15:57:57.791462,201962,66.36,66.35,713,400,1989,-6011
598,CNC,2020-07-02,0 days 15:58:01.802894,201962,66.39,66.38,500,312,289,-1711
599,CNC,2020-07-02,0 days 15:58:02.804196,200451,66.39,66.38,988,912,-1511,289
600,CNC,2020-07-02,0 days 15:59:29.000493,227068,66.55,66.51,400,653,-9360,988
601,CNC,2020-07-02,0 days 15:59:45.045149,236419,66.52,66.5,300,500,13293,-672
602,CNK,2020-07-02,0 days 15:55:00.775262,122321,12.28,12.27,5958,5662,24327,-32987
603,CNK,2020-07-02,0 days 15:55:01.774540,119448,12.28,12.27,5958,5619,-2873,24327
604,CNK,2020-07-02,0 days 15:58:48.320625,141923,12.3,12.29,3111,1570,4891,-4426
605,CNK,2020-07-02,0 days 15:58:49.322465,139514,12.3,12.29,3511,700,-2409,4891
606,CNP,2020-07-02,0 days 15:56:30.330131,429117,19.43,19.42,17390,20548,5735,-4365
607,CNP,2020-07-02,0 days 15:56:31.332381,410752,19.43,19.42,14119,22512,-18365,5735
608,CNP,2020-07-02,0 days 15:59:06.706036,462729,19.46,19.45,3858,24564,15341,-12389
609,CNP,2020-07-02,0 days 15:59:07.708012,450970,19.46,19.45,8622,23768,-7659,15341
610,CNP,2020-07-02,0 days 15:59:09.713528,462729,19.47,19.46,8914,21250,32163,-7659
611,CNP,2020-07-02,0 days 15:59:10.715815,452003,19.48,19.47,8567,24657,-10726,32163
612,CNP,2020-07-02,0 days 15:59:45.799857,490613,19.5,19.49,20122,15903,1771,-21329
613,CNQ,2020-07-02,0 days 15:58:13.658174,48983,17.72,17.71,12130,2680,169,-1090
614,CNQ,2020-07-02,0 days 15:58:14.660812,48252,17.72,17.71,5200,7891,-631,169
615,CNQ,2020-07-02,0 days 15:59:06.788018,48883,17.69,17.68,8627,7493,2268,-610
616,CNQ,2020-07-02,0 days 15:59:07.789389,48551,17.69,17.68,6327,13823,-332,2268
617,CNQ,2020-07-02,0 days 15:59:28.839527,49310,17.69,17.68,6371,12808,4609,-291
618,CNX,2020-07-02,0 days 15:58:44.723404,229882,8.77,8.76,6540,4680,-1962,8334
619,CNX,2020-07-02,0 days 15:58:45.726275,213144,8.77,8.76,7440,4068,14438,-1962
620,CNX,2020-07-02,0 days 15:59:10.788236,230982,8.76,8.75,2883,7050,-2257,4399
621,CNX,2020-07-02,0 days 15:59:11.790676,227039,8.76,8.75,2967,6152,1643,-2257
622,COF,2020-07-02,0 days 15:55:30.255680,279331,60.89,60.88,100,206,46010,-25290
623,COF,2020-07-02,0 days 15:57:40.567577,337351,61.01,61.0,900,100,-2467,5733
624,COF,2020-07-02,0 days 15:57:41.569758,332418,61.0,60.99,486,1576,4933,-2467
625,COF,2020-07-02,0 days 15:57:58.611136,333418,61.01,60.99,500,1725,4822,-2878
626,COF,2020-07-02,0 days 15:58:41.715901,331668,61.08,61.06,624,771,-2066,1778
627,COF,2020-07-02,0 days 15:58:42.718344,328034,61.08,61.06,686,971,3634,-2066
628,COF,2020-07-02,0 days 15:59:10.788183,334697,61.08,61.07,210,792,-10623,1224
629,COF,2020-07-02,0 days 15:59:11.790620,319520,61.08,61.06,110,862,15265,-10623
630,COF,2020-07-02,0 days 15:59:14.798134,335787,61.08,61.06,605,1229,-935,1126
631,COF,2020-07-02,0 days 15:59:16.802490,335961,61.1,61.09,603,1275,573,-135
632,COF,2020-07-02,0 days 15:59:44.867837,339254,61.16,61.15,2124,621,-62,1273
633,COG,2020-07-02,0 days 15:57:31.593260,408254,17.73,17.72,8386,4852,-2952,9708
634,COG,2020-07-02,0 days 15:57:32.595832,401099,17.73,17.72,11643,4313,6215,-2952
635,COG,2020-07-02,0 days 15:57:33.598188,399154,17.73,17.72,11207,4407,-1945,6215
636,COG,2020-07-02,0 days 15:59:21.848250,452077,17.74,17.73,4567,3003,-1647,1353
637,COG,2020-07-02,0 days 15:59:28.865576,452541,17.74,17.73,6377,2495,-1183,3717
638,COG,2020-07-02,0 days 15:59:48.914301,445384,17.74,17.73,1825,7191,-11740,26836
639,COG,2020-07-02,0 days 15:59:50.919416,440281,17.73,17.72,3626,16118,28136,-940
640,COP,2020-07-02,0 days 15:55:00.775091,435047,41.86,41.85,968,901,-11938,49539
641,COP,2020-07-02,0 days 15:55:01.774416,432085,41.85,41.84,913,701,2962,-11938
642,COP,2020-07-02,0 days 15:57:37.147784,456345,41.72,41.71,1124,2280,-4161,3839
643,COP,2020-07-02,0 days 15:57:38.150406,448506,41.72,41.71,801,1100,7839,-4161
644,COP,2020-07-02,0 days 15:57:39.152842,456345,41.73,41.72,637,1699,-461,7839
645,COP,2020-07-02,0 days 15:57:41.157457,452506,41.73,41.72,537,1920,3839,-161
646,COP,2020-07-02,0 days 15:57:51.182688,457845,41.72,41.71,600,2200,-133,4267
647,COP,2020-07-02,0 days 15:57:52.184009,453978,41.72,41.71,600,4400,3867,-133
648,COP,2020-07-02,0 days 15:58:01.207867,447545,41.77,41.76,500,3921,-9133,6567
649,COP,2020-07-02,0 days 15:58:02.209106,445878,41.77,41.76,1200,3021,1692,-9133
650,COP,2020-07-02,0 days 15:58:03.212677,447570,41.78,41.77,1201,133,-1208,1692
651,COP,2020-07-02,0 days 15:58:04.213904,442378,41.78,41.77,1401,800,5192,-1208
652,COP,2020-07-02,0 days 15:58:22.258460,447693,41.83,41.82,400,2400,349,-3951
653,COP,2020-07-02,0 days 15:58:41.303436,448142,41.82,41.81,1942,882,-3981,49
654,COP,2020-07-02,0 days 15:58:42.305479,447423,41.82,41.81,1990,300,719,-3981
655,COP,2020-07-02,0 days 15:58:59.347282,448747,41.79,41.78,1000,700,-2016,5679
656,COP,2020-07-02,0 days 15:59:00.350287,446959,41.78,41.77,1290,820,1788,-2016
657,COP,2020-07-02,0 days 15:59:01.352456,448747,41.8,41.79,1200,300,-483,1788
658,COP,2020-07-02,0 days 15:59:03.356509,449034,41.77,41.76,660,1246,184,-1787
659,COTY,2020-07-02,0 days 15:58:41.621732,321865,4.45,4.44,96673,40665,23296,-36486
660,COTY,2020-07-02,0 days 15:59:15.703915,385128,4.45,4.44,84727,61543,-1105,4019
661,COTY,2020-07-02,0 days 15:59:44.775139,377533,4.46,4.45,61530,168380,9735,-9865
662,CPRI,2020-07-02,0 days 15:59:04.772878,155688,15.23,15.22,993,2615,62,-7295
663,CPRI,2020-07-02,0 days 15:59:09.783323,155920,15.24,15.23,3743,2497,-1638,232
664,CPRI,2020-07-02,0 days 15:59:42.861948,155669,15.26,15.25,10109,1702,-2189,15411
665,CPRI,2020-07-02,0 days 15:59:44.865893,157858,15.26,15.25,9390,1600,198,-1189
666,CPRI,2020-07-02,0 days 15:59:48.877293,155556,15.24,15.23,1186,1103,-2002,1898
667,CRM,2020-07-02,0 days 15:59:04.701996,435507,192.59,192.54,200,760,909,-8924
668,CRM,2020-07-02,0 days 15:59:06.706676,434678,192.59,192.54,400,1000,-2924,5976
669,CRM,2020-07-02,0 days 15:59:39.786052,451445,192.68,192.59,200,1372,-148,112
670,CRM,2020-07-02,0 days 15:59:40.787466,451593,192.69,192.59,500,1172,2,-148
671,CRM,2020-07-02,0 days 15:59:41.789822,451595,192.71,192.65,300,1175,-4110,2
672,CRM,2020-07-02,0 days 15:59:45.800773,451605,192.63,192.53,1000,200,946,-4529
673,CRM,2020-07-02,0 days 15:59:50.812404,425451,192.55,192.5,300,505,-25882,1818
674,CS,2020-07-02,0 days 15:58:44.629230,49636,10.3,10.29,12761,107759,21893,-32559
675,CS,2020-07-02,0 days 15:58:45.631832,46077,10.3,10.29,7748,111717,-3559,21893
676,CS,2020-07-02,0 days 15:59:01.672260,49636,10.3,10.29,58863,82769,23260,-29540
677,CS,2020-07-02,0 days 15:59:02.673485,48226,10.3,10.29,52763,85369,-1981,23260
678,CS,2020-07-02,0 days 15:59:08.690369,50470,10.3,10.29,18778,116010,4354,-2244
679,CS,2020-07-02,0 days 15:59:09.691771,48824,10.3,10.29,18778,105510,-1646,4354
680,CUK,2020-07-02,0 days 15:55:30.163612,16537,12.74,12.73,7551,4331,74,-426
681,CUK,2020-07-02,0 days 15:55:31.165286,16211,12.74,12.73,8738,4331,-326,74
682,CUK,2020-07-02,0 days 15:57:12.407060,16537,12.74,12.73,3314,6315,810,-320
683,CUK,2020-07-02,0 days 15:57:13.409554,16247,12.74,12.73,3031,6315,-290,810
684,CVE,2020-07-02,0 days 15:58:47.636652,27273,4.76,4.75,166197,151427,-202,4377
685,CVE,2020-07-02,0 days 15:59:36.755348,29709,4.76,4.75,265286,46430,1864,-2336
686,CVE,2020-07-02,0 days 15:59:37.757249,29673,4.76,4.75,264089,44830,-36,1864
687,CVS,2020-07-02,0 days 15:59:09.967928,485546,64.64,64.63,1201,200,532,-4010
688,CVS,2020-07-02,0 days 15:59:10.969816,484178,64.65,64.64,766,575,-1368,532
689,CVS,2020-07-02,0 days 15:59:14.980656,487498,64.67,64.66,2262,100,1613,-1105
690,CVS,2020-07-02,0 days 15:59:22.985893,488651,64.71,64.69,2075,1373,-591,1010
691,CVS,2020-07-02,0 days 15:59:35.015970,490042,64.72,64.7,775,2572,2409,-10091
692,CVS,2020-07-02,0 days 15:59:40.031247,430951,64.75,64.74,175,982,-69591,4710
693,CVX,2020-07-02,0 days 15:55:00.090562,824727,88.43,88.42,200,804,-105876,180971
694,CVX,2020-07-02,0 days 15:55:41.189654,842284,88.23,88.21,1266,510,46743,-6631
695,CVX,2020-07-02,0 days 15:55:42.191572,841553,88.24,88.22,1000,1316,-731,46743
696,CVX,2020-07-02,0 days 15:57:37.466944,851950,88.25,88.24,489,800,33797,-51912
697,CVX,2020-07-02,0 days 15:57:48.493588,896259,88.25,88.24,600,300,-55683,42413
698,CVX,2020-07-02,0 days 15:58:45.631832,959693,88.37,88.36,200,400,1535,-2589
699,CVX,2020-07-02,0 days 15:58:46.633976,952328,88.37,88.36,600,200,-7365,1535
700,CVX,2020-07-02,0 days 15:58:57.662972,953862,88.26,88.24,100,1458,20889,-6814
701,CVX,2020-07-02,0 days 15:58:58.664473,943351,88.3,88.27,400,300,-10511,20889
702,CVX,2020-07-02,0 days 15:59:05.681219,961116,88.34,88.32,594,710,24506,-7879
703,CVX,2020-07-02,0 days 15:59:06.684737,954522,88.36,88.34,200,400,-9233,24506
704,CVX,2020-07-02,0 days 15:59:47.780449,1178746,88.27,88.26,337,200,5825,-12647
705,CVX,2020-07-02,0 days 15:59:48.784029,1161863,88.28,88.26,1151,272,-16883,5825
706,CX,2020-07-02,0 days 15:56:40.435274,268024,2.85,2.84,496195,236960,22362,-22638
707,CX,2020-07-02,0 days 15:56:41.439311,249586,2.85,2.84,499987,247760,-18438,22362
708,CX,2020-07-02,0 days 15:57:09.505409,268024,2.85,2.84,554990,93500,400,-18438
709,CX,2020-07-02,0 days 15:57:25.542689,268424,2.85,2.84,520758,70968,-1000,400
710,CX,2020-07-02,0 days 15:58:57.765694,269424,2.83,2.82,396349,249165,2176,-424
711,CX,2020-07-02,0 days 15:58:58.767527,252900,2.83,2.82,314050,314565,-16524,2176
712,CX,2020-07-02,0 days 15:59:07.789103,270484,2.83,2.82,350311,303265,13025,-17425
713,CX,2020-07-02,0 days 15:59:08.792229,259909,2.83,2.82,341811,310565,-10575,13025
714,CX,2020-07-02,0 days 15:59:48.886458,263660,2.83,2.82,554436,184521,-6824,1376
715,CXW,2020-07-02,0 days 15:55:00.140059,71337,9.53,9.52,3251,6581,3314,-3998
716,CXW,2020-07-02,0 days 15:55:30.212987,74651,9.52,9.51,2880,8500,-886,1314
717,CXW,2020-07-02,0 days 15:55:31.215363,73537,9.52,9.51,2980,7400,1114,-886
718,CXW,2020-07-02,0 days 15:58:44.680233,80870,9.53,9.52,3183,6556,-2251,1507
719,CXW,2020-07-02,0 days 15:58:45.683860,79621,9.53,9.52,3959,5066,1249,-2251
720,CXW,2020-07-02,0 days 15:59:09.742800,83035,9.53,9.52,3003,3805,-2701,199
721,CXW,2020-07-02,0 days 15:59:10.745431,82345,9.53,9.52,4552,2929,690,-2701
722,CXW,2020-07-02,0 days 15:59:18.762817,83035,9.53,9.52,1131,5409,-8207,75
723,CXW,2020-07-02,0 days 15:59:19.765000,82142,9.53,9.52,2931,4631,893,-8207
724,CXW,2020-07-02,0 days 15:59:46.829336,82942,9.55,9.54,4124,1067,93,-207
725,D,2020-07-02,0 days 15:55:06.199335,204179,82.62,82.6,200,2841,754,-73
726,D,2020-07-02,0 days 15:55:07.199222,200733,82.62,82.6,100,2641,-3446,754
727,D,2020-07-02,0 days 15:57:35.555102,204840,82.55,82.53,500,200,2301,-1527
728,D,2020-07-02,0 days 15:57:36.557583,202713,82.55,82.53,401,593,-2127,2301
729,D,2020-07-02,0 days 15:57:49.589607,204013,82.53,82.52,247,200,-705,1973
730,D,2020-07-02,0 days 15:58:05.628465,205238,82.56,82.54,400,872,197,-27
731,D,2020-07-02,0 days 15:58:06.631610,203760,82.56,82.54,501,827,-1478,197
732,D,2020-07-02,0 days 15:59:51.885789,221391,82.74,82.71,1501,150,563,-1537
733,DAL,2020-07-02,0 days 15:55:03.369071,286491,27.71,27.7,9431,16365,-4401,99
734,DAL,2020-07-02,0 days 15:55:27.430411,271092,27.7,27.69,17453,768,-2300,13300
735,DAL,2020-07-02,0 days 15:56:32.585864,291706,27.71,27.7,16829,7874,6841,-4659
736,DAL,2020-07-02,0 days 15:57:05.666036,272197,27.69,27.68,10203,13135,-2009,16191
737,DAL,2020-07-02,0 days 15:57:08.673290,274206,27.69,27.68,18284,12322,41108,-2009
738,DAL,2020-07-02,0 days 15:58:15.836218,309962,27.7,27.69,11736,12217,-1804,16829
739,DAL,2020-07-02,0 days 15:58:57.939599,292229,27.67,27.66,9614,12259,20956,-697
740,DB,2020-07-02,0 days 15:59:07.962557,74550,9.54,9.53,80801,189760,-4768,6154
741,DD,2020-07-02,0 days 15:59:15.756855,1107371,53.5,53.49,100,1300,253206,-74652
742,DELL,2020-07-02,0 days 15:55:33.274012,101275,53.81,53.79,708,906,3873,-527
743,DELL,2020-07-02,0 days 15:57:52.606979,110392,53.82,53.8,4417,6098,-280,320
744,DELL,2020-07-02,0 days 15:57:53.609298,109772,53.82,53.8,4417,6098,320,-280
745,DELL,2020-07-02,0 days 15:58:20.674659,110109,53.89,53.86,400,1000,-163,337
746,DELL,2020-07-02,0 days 15:58:21.677052,109772,53.89,53.86,600,2935,337,-163
747,DELL,2020-07-02,0 days 15:58:32.703972,110109,53.89,53.88,201,2416,-363,237
748,DELL,2020-07-02,0 days 15:59:12.801629,125474,53.85,53.83,974,200,-642,82
749,DELL,2020-07-02,0 days 15:59:29.841994,123804,53.83,53.81,1338,357,-812,1588
750,DELL,2020-07-02,0 days 15:59:37.860437,124316,53.82,53.79,600,400,88,-212
751,DELL,2020-07-02,0 days 15:59:45.881605,124904,53.81,53.8,300,164,-149,566
752,DELL,2020-07-02,0 days 15:59:48.887044,125053,53.81,53.77,1193,274,1151,-149
753,DELL,2020-07-02,0 days 15:59:50.893308,122704,53.79,53.76,1100,200,-2049,1451
754,DFS,2020-07-02,0 days 15:55:30.163536,194925,48.78,48.76,1381,300,2333,-377
755,DFS,2020-07-02,0 days 15:55:31.165223,194158,48.78,48.76,1381,401,-767,2333
756,DFS,2020-07-02,0 days 15:56:32.312219,195047,48.82,48.81,300,200,-260,640
757,DFS,2020-07-02,0 days 15:56:57.371347,195307,48.81,48.8,1661,280,1940,-160
758,DFS,2020-07-02,0 days 15:56:58.374148,195147,48.81,48.8,1525,280,-160,1940
759,DFS,2020-07-02,0 days 15:57:19.424223,195516,48.77,48.76,950,300,31,-369
760,DFS,2020-07-02,0 days 15:57:20.426945,195247,48.77,48.75,663,501,-269,31
761,DFS,2020-07-02,0 days 15:57:33.459090,195516,48.77,48.76,1108,400,1631,-269
762,DFS,2020-07-02,0 days 15:57:34.460407,195347,48.77,48.76,1037,400,-169,1631
763,DFS,2020-07-02,0 days 15:57:35.462294,196516,48.77,48.76,837,400,131,-169
764,DFS,2020-07-02,0 days 15:57:37.466889,197947,48.77,48.76,1041,200,-1469,131
765,DFS,2020-07-02,0 days 15:57:38.469891,195916,48.77,48.76,999,300,2031,-1469
766,DFS,2020-07-02,0 days 15:57:40.474478,199847,48.79,48.77,880,931,-1769,231
767,DFS,2020-07-02,0 days 15:58:02.528865,199947,48.81,48.8,799,700,-569,431
768,DFS,2020-07-02,0 days 15:58:03.531203,199516,48.81,48.8,630,800,131,-569
769,DFS,2020-07-02,0 days 15:58:06.538633,200239,48.82,48.8,765,1100,-462,338
770,DFS,2020-07-02,0 days 15:58:07.541005,199801,48.82,48.8,840,903,138,-462
771,DFS,2020-07-02,0 days 15:59:27.732740,274810,48.83,48.82,300,200,576,-1289
772,DFS,2020-07-02,0 days 15:59:28.735528,272186,48.85,48.84,200,1500,-3424,576
773,DFS,2020-07-02,0 days 15:59:45.778016,275659,48.86,48.85,113,400,325,-2970
774,DFS,2020-07-02,0 days 15:59:47.780367,273357,48.86,48.85,1065,329,-2253,11547
775,DHI,2020-07-02,0 days 15:59:15.834203,235023,54.07,54.06,1754,311,7908,-506
776,DHI,2020-07-02,0 days 15:59:28.865136,232207,54.07,54.06,500,500,-2189,511
777,DHI,2020-07-02,0 days 15:59:29.867829,234396,54.07,54.06,890,500,411,-2189
778,DHI,2020-07-02,0 days 15:59:39.891710,232307,54.08,54.07,600,1100,-2089,411
779,DHI,2020-07-02,0 days 15:59:40.895646,235196,54.08,54.07,1300,100,11,-2089
780,DHR,2020-07-02,0 days 15:58:59.760623,211831,179.15,179.09,200,340,1263,-20250
781,DHR,2020-07-02,0 days 15:59:01.765453,203637,179.23,179.2,504,400,-8194,810
782,DHR,2020-07-02,0 days 15:59:05.775573,213614,179.28,179.25,365,200,27113,-9977
783,DHR,2020-07-02,0 days 15:59:46.872823,250203,179.54,179.5,560,200,-4114,11207
784,DHT,2020-07-02,0 days 15:55:52.490311,84942,5.11,5.1,11857,15424,-934,1464
785,DHT,2020-07-02,0 days 15:55:53.492156,83276,5.11,5.1,11857,15424,1666,-934
786,DHT,2020-07-02,0 days 15:59:15.971050,91264,5.11,5.1,10764,20692,-5179,163
787,DIS,2020-07-02,0 days 15:59:16.972774,1444010,112.26,112.25,408,300,-122390,322346
788,DIS,2020-07-02,0 days 15:59:26.995944,1544331,112.16,112.15,100,200,-9110,8876
789,DIS,2020-07-02,0 days 15:59:31.008709,1554241,112.2,112.18,100,1500,1284,-7416
790,DIS,2020-07-02,0 days 15:59:32.010173,1536167,112.28,112.26,1200,1600,-28299,1284
791,DIS,2020-07-02,0 days 15:59:48.052696,1558821,112.17,112.16,1235,1021,10638,-9921
792,DNB,2020-07-02,0 days 15:55:00.362403,108741,27.01,27.0,2704,2420,-8034,12984
793,DNB,2020-07-02,0 days 15:59:49.050850,120800,27.2,27.11,882,100,364,-6236
794,DNB,2020-07-02,0 days 15:59:50.061817,112264,27.2,27.11,200,111,-8536,364
795,DOW,2020-07-02,0 days 15:59:28.829910,850228,41.53,41.52,1800,1498,-391,7478
796,DOW,2020-07-02,0 days 15:59:29.833015,842750,41.52,41.5,1565,2100,7478,-391
797,DRE,2020-07-02,0 days 15:55:34.315975,195580,36.17,36.16,2999,800,9665,-5726
798,DRE,2020-07-02,0 days 15:55:56.369138,171694,36.18,36.17,4334,1098,-5686,4014
799,DRE,2020-07-02,0 days 15:56:04.387611,213080,36.17,36.16,1700,2638,3614,-5686
800,DRE,2020-07-02,0 days 15:56:13.410412,171694,36.18,36.17,3200,1806,-41386,3614
801,DRE,2020-07-02,0 days 15:56:17.419323,222680,36.18,36.17,2792,2670,4523,-5177
802,DRE,2020-07-02,0 days 15:59:27.862827,242042,36.23,36.22,1800,1704,-1171,993
803,DRE,2020-07-02,0 days 15:59:29.868214,240013,36.24,36.23,500,3713,2029,-3371
804,DRE,2020-07-02,0 days 15:59:48.914301,240151,36.26,36.25,3055,2800,2552,-890
805,DRE,2020-07-02,0 days 15:59:49.916374,242703,36.26,36.25,2944,2793,-48,2552
806,DRE,2020-07-02,0 days 15:59:50.919396,241199,36.26,36.25,1662,2972,1504,-48
807,DRH,2020-07-02,0 days 15:55:00.139411,86250,5.34,5.33,9735,8839,6726,-24916
808,DRH,2020-07-02,0 days 15:55:25.200459,94196,5.34,5.33,10292,20134,-5854,8046
809,DRH,2020-07-02,0 days 15:55:26.203230,93450,5.34,5.33,10292,19134,746,-5854
810,DRH,2020-07-02,0 days 15:55:30.212905,94196,5.34,5.33,9092,19634,-2554,746
811,DRH,2020-07-02,0 days 15:55:31.215282,89550,5.34,5.33,9099,19634,4646,-2554
812,DRH,2020-07-02,0 days 15:59:08.740510,107424,5.35,5.34,22356,19957,-2455,549
813,DRH,2020-07-02,0 days 15:59:09.742604,106579,5.35,5.34,21656,22618,845,-2455
814,DRH,2020-07-02,0 days 15:59:14.754524,107424,5.35,5.34,23424,23305,-8087,845
815,DRH,2020-07-02,0 days 15:59:15.756573,105611,5.35,5.34,22919,22610,1813,-8087
816,DRI,2020-07-02,0 days 15:55:00.286843,112157,74.8,74.79,1145,598,21344,-28194
817,DRI,2020-07-02,0 days 15:55:35.372640,128519,74.9,74.89,2047,426,-3528,7294
818,DRI,2020-07-02,0 days 15:55:39.381391,132047,74.87,74.85,637,200,272,-3528
819,DRI,2020-07-02,0 days 15:55:40.384321,131619,74.87,74.85,697,300,-428,272
820,DRI,2020-07-02,0 days 15:55:45.396691,132047,74.87,74.86,1807,400,123,-428
821,DRI,2020-07-02,0 days 15:55:46.398480,131670,74.87,74.86,1907,400,-377,123
822,DRI,2020-07-02,0 days 15:56:14.464725,132971,74.83,74.8,2390,649,1013,-494
823,DRI,2020-07-02,0 days 15:56:15.468028,132684,74.83,74.8,2321,549,-7487,1013
824,DRI,2020-07-02,0 days 15:57:06.591250,140409,74.66,74.65,100,100,154,-146
825,DRI,2020-07-02,0 days 15:57:07.593057,139563,74.66,74.65,497,100,-846,154
826,DRI,2020-07-02,0 days 15:57:38.660137,149709,74.56,74.54,866,300,135,-565
827,DRI,2020-07-02,0 days 15:57:39.662712,148344,74.57,74.55,700,828,-1365,135
828,DRI,2020-07-02,0 days 15:57:45.676729,149709,74.53,74.52,200,314,635,-2665
829,DRI,2020-07-02,0 days 15:57:46.680176,148544,74.53,74.52,1517,200,-1165,635
830,DRI,2020-07-02,0 days 15:58:10.736969,149724,74.55,74.54,683,500,766,-1234
831,DRI,2020-07-02,0 days 15:58:11.741342,148490,74.57,74.56,2500,711,-1234,766
832,DT,2020-07-02,0 days 15:59:10.376781,131348,42.32,42.31,389,1196,-26496,3266
833,DT,2020-07-02,0 days 15:59:11.378234,128557,42.32,42.3,625,801,3470,-26496
834,DT,2020-07-02,0 days 15:59:42.447814,130705,42.34,42.32,369,592,380,-2622
835,DT,2020-07-02,0 days 15:59:46.458030,129689,42.36,42.35,300,100,-1916,380
836,DUK,2020-07-02,0 days 15:56:18.959038,225668,81.49,81.47,401,530,4202,-398
837,DUK,2020-07-02,0 days 15:56:19.961865,224570,81.49,81.48,100,802,-798,4202
838,DUK,2020-07-02,0 days 15:56:25.976484,225668,81.5,81.49,420,1100,2505,-1326
839,DUK,2020-07-02,0 days 15:56:26.978813,224074,81.51,81.5,600,300,-1594,2505
840,DUK,2020-07-02,0 days 15:57:38.150406,225768,81.51,81.49,4333,1224,1370,-630
841,DUK,2020-07-02,0 days 15:57:39.152842,225138,81.51,81.49,3733,1224,-630,1370
842,DUK,2020-07-02,0 days 15:57:40.156146,225768,81.51,81.49,4333,1224,1370,-630
843,DUK,2020-07-02,0 days 15:57:41.157457,225138,81.51,81.49,4033,1319,-630,1370
844,DUK,2020-07-02,0 days 15:57:46.170632,225768,81.48,81.47,641,201,3751,-1649
845,DUK,2020-07-02,0 days 15:58:16.242567,223526,81.52,81.51,200,1007,-3886,114
846,DUK,2020-07-02,0 days 15:58:43.307853,225990,81.55,81.54,1800,200,-1422,378
847,DUK,2020-07-02,0 days 15:59:03.356523,228487,81.57,81.56,672,853,566,-2430
848,DUK,2020-07-02,0 days 15:59:06.366894,259237,81.64,81.62,429,1234,2516,-1361
849,DUK,2020-07-02,0 days 15:59:12.381074,266290,81.69,81.67,200,614,213,-3540
850,DUK,2020-07-02,0 days 15:59:13.383846,266503,81.69,81.68,312,322,-1308,213
851,DUK,2020-07-02,0 days 15:59:14.385892,265127,81.71,81.69,750,929,1276,-1308
852,DUK,2020-07-02,0 days 15:59:29.417286,272333,81.79,81.77,500,498,1298,-602
853,DUK,2020-07-02,0 days 15:59:34.428195,272965,81.82,81.81,3600,800,-2168,432
854,DUK,2020-07-02,0 days 15:59:39.440250,272965,81.82,81.81,200,2390,-1368,3732
855,DUK,2020-07-02,0 days 15:59:47.459363,274746,81.83,81.82,500,180,1917,-1303
856,DVN,2020-07-02,0 days 15:58:36.704328,401689,11.24,11.23,24022,24663,-11503,1562
857,DVN,2020-07-02,0 days 15:58:37.706231,354592,11.24,11.23,23405,17129,47097,-11503
858,DVN,2020-07-02,0 days 15:59:34.845247,435117,11.23,11.22,15225,16059,4223,-1077
859,DVN,2020-07-02,0 days 15:59:44.868006,439340,11.23,11.22,17575,10728,-9701,2723
860,DVN,2020-07-02,0 days 15:59:45.870984,435641,11.23,11.22,22237,9628,3699,-9701
861,DXC,2020-07-02,0 days 15:59:44.824286,379228,16.17,16.16,2100,1171,2582,-1818
862,DXC,2020-07-02,0 days 15:59:48.833852,378210,16.16,16.15,1284,752,-1636,1264
863,EAT,2020-07-02,0 days 15:58:16.665464,79660,22.15,22.14,824,4649,-793,726
864,EAT,2020-07-02,0 days 15:58:17.669159,77653,22.15,22.14,824,4349,2007,-793
865,EAT,2020-07-02,0 days 15:58:50.747882,77342,22.16,22.15,3181,1558,1828,-1872
866,EAT,2020-07-02,0 days 15:59:04.783555,79170,22.16,22.15,775,712,-16237,400
867,EAT,2020-07-02,0 days 15:59:05.785396,73307,22.15,22.13,1488,716,6063,-16237
868,EAT,2020-07-02,0 days 15:59:34.853353,82150,22.15,22.14,1566,425,79,-621
869,EAT,2020-07-02,0 days 15:59:35.855353,82229,22.15,22.14,1738,353,-21,79
870,EB,2020-07-02,0 days 15:59:16.809694,50452,8.55,8.54,7897,900,439,-442
871,EB,2020-07-02,0 days 15:59:17.811984,49991,8.54,8.53,799,1205,-461,439
872,EGO,2020-07-02,0 days 15:56:11.458907,39648,9.66,9.65,28997,5508,703,-197
873,EGO,2020-07-02,0 days 15:56:12.460583,37951,9.66,9.65,28781,5308,-1697,703
874,EGO,2020-07-02,0 days 15:58:47.826783,41288,9.65,9.64,39170,1589,2057,-481
875,EGO,2020-07-02,0 days 15:58:48.828889,40045,9.65,9.64,38370,1589,-587,2057
876,EGO,2020-07-02,0 days 15:59:07.877398,40632,9.64,9.63,20893,16779,1766,-734
877,EGO,2020-07-02,0 days 15:59:08.880299,41198,9.64,9.63,19693,17279,-681,1766
878,EIX,2020-07-02,0 days 15:57:05.495006,194953,55.47,55.46,200,1009,443,-4875
879,EIX,2020-07-02,0 days 15:57:06.497362,191196,55.5,55.47,900,500,-3757,443
880,EIX,2020-07-02,0 days 15:57:37.572376,200351,55.47,55.45,638,200,345,-1555
881,EIX,2020-07-02,0 days 15:57:38.574526,196596,55.46,55.44,600,132,-3755,345
882,EIX,2020-07-02,0 days 15:57:46.593709,196996,55.44,55.43,234,680,-3355,145
883,EIX,2020-07-02,0 days 15:58:36.713547,197172,55.44,55.43,1073,611,2223,-3075
884,EIX,2020-07-02,0 days 15:58:37.715826,194295,55.44,55.42,1159,1454,-2877,2223
885,ELAN,2020-07-02,0 days 15:56:57.475866,650080,21.09,21.08,4193,500,99,-23701
886,ELAN,2020-07-02,0 days 15:56:59.480393,648279,21.09,21.08,4293,1770,-1801,399
887,ELAN,2020-07-02,0 days 15:57:31.557755,625502,21.12,21.11,3224,5578,6777,-1156
888,ELAN,2020-07-02,0 days 15:57:44.588515,652979,21.12,21.11,2683,6857,-13023,6977
889,ELAN,2020-07-02,0 days 15:57:45.592575,649902,21.12,21.11,2683,6777,3077,-13023
890,ELAN,2020-07-02,0 days 15:59:04.783409,664403,21.15,21.14,1528,1840,3339,-1861
891,ELAN,2020-07-02,0 days 15:59:31.847832,672034,21.18,21.17,3128,420,2589,-3411
892,ELAN,2020-07-02,0 days 15:59:42.873364,673156,21.18,21.17,717,2028,1440,-3833
893,ELAN,2020-07-02,0 days 15:59:47.884313,672787,21.19,21.18,3170,1400,-369,294
894,ELAN,2020-07-02,0 days 15:59:48.886582,671456,21.18,21.17,1319,1962,1331,-369
895,ELY,2020-07-02,0 days 15:56:35.342580,50646,16.97,16.96,2390,2730,162,-1138
896,ELY,2020-07-02,0 days 15:56:36.344948,50008,16.97,16.96,2390,2905,-638,162
897,ELY,2020-07-02,0 days 15:56:41.356544,50646,16.96,16.95,1415,4426,3611,-438
898,ELY,2020-07-02,0 days 15:56:42.359186,50457,16.96,16.95,706,4626,-89,3611
899,ELY,2020-07-02,0 days 15:58:45.654836,54365,16.98,16.97,500,3418,2721,-150
900,ELY,2020-07-02,0 days 15:58:46.656721,53886,16.99,16.98,1212,1900,-479,2721
901,ELY,2020-07-02,0 days 15:59:08.711750,57509,16.98,16.97,1161,5043,3063,-1137
902,ELY,2020-07-02,0 days 15:59:09.714032,55972,16.98,16.97,100,5073,-2643,3063
903,ELY,2020-07-02,0 days 15:59:10.716308,59015,16.98,16.97,926,4397,257,-2643
904,ELY,2020-07-02,0 days 15:59:11.718184,58572,16.98,16.97,1802,4997,-443,257
905,ELY,2020-07-02,0 days 15:59:16.730399,60881,16.98,16.97,919,6986,900,-2200
906,ELY,2020-07-02,0 days 15:59:17.730782,60281,16.98,16.97,560,8202,-1000,900
907,ELY,2020-07-02,0 days 15:59:23.745452,61581,17.0,16.99,1725,1032,200,-7200
908,ELY,2020-07-02,0 days 15:59:24.748198,60281,17.0,16.99,955,1554,-200,200
909,ELY,2020-07-02,0 days 15:59:28.758315,61581,17.0,16.99,2434,1432,44900,-200
910,ELY,2020-07-02,0 days 15:59:29.760014,60381,17.02,17.0,700,2402,-5007,44900
911,ELY,2020-07-02,0 days 15:59:30.762950,65388,17.0,16.99,800,3095,2493,-5007
912,ELY,2020-07-02,0 days 15:59:31.767919,64481,17.01,17.0,100,915,-1407,2493
913,ELY,2020-07-02,0 days 15:59:40.787050,71690,17.0,16.99,1702,12651,10891,-1709
914,EMR,2020-07-02,0 days 15:59:10.745137,231182,61.63,61.61,960,701,3238,-4021
915,EMR,2020-07-02,0 days 15:59:11.747191,222920,61.64,61.63,500,100,-8304,3238
916,EMR,2020-07-02,0 days 15:59:45.828583,237663,61.7,61.69,489,562,105,-3895
917,ENLC,2020-07-02,0 days 15:55:30.437209,299228,2.46,2.45,7329,21439,-4268,1732
918,ENLC,2020-07-02,0 days 15:55:31.440412,298096,2.46,2.45,7329,21439,1132,-4268
919,ENLC,2020-07-02,0 days 15:56:08.528728,299228,2.46,2.45,10597,17390,-2355,1132
920,ENLC,2020-07-02,0 days 15:56:09.530846,298583,2.46,2.45,10297,17090,645,-2355
921,ENLC,2020-07-02,0 days 15:59:09.967891,301844,2.47,2.46,23743,13398,-2475,425
922,ENLC,2020-07-02,0 days 15:59:20.982211,301519,2.47,2.46,21900,22435,325,-475
923,EOG,2020-07-02,0 days 15:58:41.303390,256590,50.57,50.56,554,794,-428,5172
924,EOG,2020-07-02,0 days 15:58:42.305454,251718,50.57,50.56,654,394,4872,-428
925,EOG,2020-07-02,0 days 15:59:15.387424,259417,50.54,50.53,200,616,-69110,511
926,EOG,2020-07-02,0 days 15:59:42.447814,308449,50.52,50.51,700,373,722,-3945
927,EOG,2020-07-02,0 days 15:59:45.457068,309171,50.51,50.5,600,729,-2105,356
928,EPD,2020-07-02,0 days 15:55:00.286935,215154,17.92,17.91,7915,7656,-81144,19973
929,EPD,2020-07-02,0 days 15:59:08.880186,296120,17.88,17.87,7150,200,4188,-2614
930,EPD,2020-07-02,0 days 15:59:09.881185,292827,17.88,17.87,6389,1200,-3293,4188
931,EPD,2020-07-02,0 days 15:59:27.921584,296120,17.87,17.86,5400,4000,5940,-511
932,EPD,2020-07-02,0 days 15:59:28.923616,291860,17.88,17.87,5200,3900,-4260,5940
933,EQH,2020-07-02,0 days 15:58:37.889764,336007,19.0,18.99,3029,3334,-2403,697
934,EQH,2020-07-02,0 days 15:58:38.891552,329510,19.0,18.99,3129,2539,6497,-2403
935,EQH,2020-07-02,0 days 15:59:16.972557,336456,19.02,19.01,1200,4275,-1186,1814
936,EQH,2020-07-02,0 days 15:59:30.002863,336456,19.01,19.0,434,2787,-251,3549
937,EQH,2020-07-02,0 days 15:59:33.010959,335407,19.02,19.01,3600,1031,1049,-3251
938,EQH,2020-07-02,0 days 15:59:40.031285,336456,19.02,19.01,770,10016,-2151,4049
939,EQH,2020-07-02,0 days 15:59:46.044864,340107,19.03,19.02,2094,1690,-96,5796
940,EQNR,2020-07-02,0 days 15:55:00.114607,28288,14.7,14.69,36481,11072,191,-3983
941,EQNR,2020-07-02,0 days 15:57:41.500570,31354,14.68,14.67,35517,30753,-129,71
942,EQT,2020-07-02,0 days 15:55:32.442409,291856,12.68,12.67,10808,10972,-25345,8312
943,EQT,2020-07-02,0 days 15:55:57.502310,306062,12.68,12.67,7314,4299,9565,-2577
944,EQT,2020-07-02,0 days 15:55:58.504369,304727,12.68,12.67,7314,4499,-1335,9565
945,EQT,2020-07-02,0 days 15:56:08.528856,306062,12.69,12.68,12760,13058,2360,-1335
946,EQT,2020-07-02,0 days 15:56:09.530968,305122,12.69,12.68,12460,12958,-940,2360
947,EQT,2020-07-02,0 days 15:56:59.651628,306522,12.65,12.64,19062,5771,-640,22709
948,EQT,2020-07-02,0 days 15:57:15.692362,307513,12.66,12.65,13040,7658,509,-1291
949,EQT,2020-07-02,0 days 15:57:16.692104,306722,12.66,12.65,10932,8787,-791,509
950,EQT,2020-07-02,0 days 15:57:34.735813,339484,12.65,12.64,17680,1985,439,-9961
951,EQT,2020-07-02,0 days 15:57:35.738232,335423,12.65,12.64,16680,1985,-7461,439
952,EQT,2020-07-02,0 days 15:57:38.745738,346184,12.65,12.64,20163,2368,1039,-10761
953,EQT,2020-07-02,0 days 15:57:39.749171,341623,12.65,12.64,17415,5368,-7761,1039
954,EQT,2020-07-02,0 days 15:59:07.962478,373083,12.67,12.66,8417,600,32296,-1565
955,ERJ,2020-07-02,0 days 15:55:06.199439,52681,6.06,6.05,22946,4918,10250,-13750
956,ERJ,2020-07-02,0 days 15:55:07.199300,51531,6.06,6.05,21646,5718,-1150,10250
957,ERJ,2020-07-02,0 days 15:55:30.255739,52681,6.04,6.03,18454,11210,650,-1150
958,ERJ,2020-07-02,0 days 15:55:31.258323,51631,6.04,6.03,18554,12910,-1050,650
959,ERJ,2020-07-02,0 days 15:58:05.628521,55211,6.06,6.05,23308,24547,5638,-10264
960,ERJ,2020-07-02,0 days 15:59:06.778928,57391,6.06,6.05,34282,21420,1458,-1142
961,ERJ,2020-07-02,0 days 15:59:07.780513,56589,6.06,6.05,34482,21020,-802,1458
962,EROS,2020-07-02,0 days 15:56:38.430492,27081,3.13,3.12,17615,9886,2457,-773
963,EROS,2020-07-02,0 days 15:56:39.433011,25938,3.13,3.12,17662,9886,-1143,2457
964,EROS,2020-07-02,0 days 15:57:04.493210,27081,3.13,3.12,18684,9532,1756,-1143
965,EROS,2020-07-02,0 days 15:57:05.494344,26137,3.13,3.12,18884,9200,-944,1756
966,ESRT,2020-07-02,0 days 15:55:01.773967,85567,7.15,7.14,5388,13027,69057,-32543
967,ESRT,2020-07-02,0 days 15:55:02.775507,79424,7.15,7.14,7091,14796,-6143,69057
968,ESRT,2020-07-02,0 days 15:55:08.790261,85567,7.15,7.14,8089,12096,18357,-6143
969,ESRT,2020-07-02,0 days 15:55:09.793037,81724,7.15,7.14,7889,12796,-3843,18357
970,ESRT,2020-07-02,0 days 15:56:08.935782,85567,7.15,7.14,14702,10731,461,-439
971,ESRT,2020-07-02,0 days 15:56:09.937416,82128,7.15,7.14,14802,10931,-3439,461
972,ESRT,2020-07-02,0 days 15:59:00.349984,88065,7.15,7.14,19299,15069,1865,-2100
973,ESRT,2020-07-02,0 days 15:59:01.352182,85830,7.16,7.15,22786,14370,-2235,1865
974,ESRT,2020-07-02,0 days 15:59:07.367505,88565,7.16,7.15,34940,4209,12295,-1335
975,ESRT,2020-07-02,0 days 15:59:08.369462,88982,7.16,7.15,34340,3509,-3383,12295
976,ET,2020-07-02,0 days 15:55:00.286753,739407,7.07,7.06,41924,27158,-20970,82337
977,ETN,2020-07-02,0 days 15:55:11.389069,177899,88.28,88.26,400,200,17261,-2160
978,ETN,2020-07-02,0 days 15:55:12.391862,175560,88.29,88.26,400,400,-2339,17261
979,ETN,2020-07-02,0 days 15:58:04.808940,179025,88.16,88.13,1002,500,285,-3315
980,ETN,2020-07-02,0 days 15:58:05.811456,176810,88.17,88.14,425,458,-2015,285
981,ETN,2020-07-02,0 days 15:58:41.898703,179943,88.22,88.19,602,508,69,-2032
982,ETN,2020-07-02,0 days 15:58:47.914297,180012,88.23,88.21,200,200,-231,69
983,ETN,2020-07-02,0 days 15:58:53.926885,179943,88.21,88.16,100,1081,69,-231
984,ETN,2020-07-02,0 days 15:58:58.949240,178012,88.21,88.17,400,500,-3442,369
985,ETN,2020-07-02,0 days 15:59:04.957371,181674,88.23,88.17,300,1116,4039,-925
986,ETN,2020-07-02,0 days 15:59:08.968823,232379,88.22,88.19,400,300,-2960,1249
987,ETN,2020-07-02,0 days 15:59:23.989361,236639,88.21,88.2,300,300,822,-3552
988,ETN,2020-07-02,0 days 15:59:24.992053,233043,88.2,88.19,510,100,-19307,822
989,ETRN,2020-07-02,0 days 15:57:42.618466,207872,8.7,8.69,25114,14510,-210,490
990,ETRN,2020-07-02,0 days 15:57:43.620948,203482,8.7,8.69,24145,15762,4390,-210
991,ETRN,2020-07-02,0 days 15:58:02.667128,203882,8.72,8.71,6189,7700,3990,-10
992,ETRN,2020-07-02,0 days 15:59:01.810845,207997,8.7,8.69,7707,11506,-797,7503
993,ETRN,2020-07-02,0 days 15:59:03.816043,208794,8.7,8.69,5717,8385,2056,-269
994,ETRN,2020-07-02,0 days 15:59:04.819618,210850,8.7,8.69,6017,8385,-12244,2056
995,ETRN,2020-07-02,0 days 15:59:05.822885,194994,8.7,8.69,7232,8985,15856,-12244
996,ETRN,2020-07-02,0 days 15:59:32.874171,235640,8.72,8.71,32794,2558,2103,-9497
997,ETRN,2020-07-02,0 days 15:59:44.903406,246543,8.72,8.71,34368,5539,-2035,1303
998,ETRN,2020-07-02,0 days 15:59:46.908911,244278,8.72,8.71,11033,10361,2379,-3035
999,EVRI,2020-07-02,0 days 15:56:09.531004,42355,5.33,5.32,4113,1000,-474,426
1000,EVRI,2020-07-02,0 days 15:56:10.533472,41929,5.33,5.32,4113,1000,426,-474
1001,EVRI,2020-07-02,0 days 15:59:09.968190,48184,5.31,5.3,2499,11656,-1139,561
1002,EVRI,2020-07-02,0 days 15:59:10.970084,47723,5.31,5.3,3203,11546,461,-1139
1003,FCAU,2020-07-02,0 days 15:55:00.775175,304280,9.96,9.95,45306,13495,-49895,282402
1004,FCAU,2020-07-02,0 days 15:55:01.774473,278395,9.95,9.94,32352,22155,32243,-49895
1005,FCAU,2020-07-02,0 days 15:58:28.272759,287590,9.96,9.95,36424,75674,26232,-668
1006,FCAU,2020-07-02,0 days 15:59:15.387479,314079,9.96,9.95,47573,49796,-265727,15475
1007,FDX,2020-07-02,0 days 15:55:00.193221,237611,155.65,155.62,200,761,-17203,40666
1008,FDX,2020-07-02,0 days 15:55:01.196481,237514,155.64,155.61,520,100,97,-17203
1009,FDX,2020-07-02,0 days 15:55:11.220365,241774,155.59,155.57,500,100,-40,97
1010,FDX,2020-07-02,0 days 15:55:22.247727,243714,155.53,155.5,400,102,260,-440
1011,FDX,2020-07-02,0 days 15:55:25.254745,243974,155.54,155.5,401,300,-1640,260
1012,FDX,2020-07-02,0 days 15:55:26.256857,243914,155.54,155.49,661,201,60,-1640
1013,FDX,2020-07-02,0 days 15:55:30.266825,246474,155.51,155.49,201,100,-648,252
1014,FDX,2020-07-02,0 days 15:55:31.269049,246222,155.5,155.48,461,518,252,-648
1015,FDX,2020-07-02,0 days 15:57:33.562620,248083,155.33,155.31,556,355,-4153,147
1016,FDX,2020-07-02,0 days 15:57:45.592575,253736,155.3,155.29,340,100,1892,-653
1017,FDX,2020-07-02,0 days 15:57:46.593709,252783,155.3,155.29,400,100,-953,1892
1018,FDX,2020-07-02,0 days 15:57:48.596833,253736,155.32,155.3,200,200,992,-953
1019,FDX,2020-07-02,0 days 15:57:49.599702,253128,155.34,155.31,400,700,-608,992
1020,FDX,2020-07-02,0 days 15:57:58.621027,254036,155.39,155.36,261,845,3092,-908
1021,FDX,2020-07-02,0 days 15:57:59.623403,253328,155.44,155.41,300,460,-708,3092
1022,FDX,2020-07-02,0 days 15:58:22.680559,259326,155.55,155.54,100,300,432,-1268
1023,FDX,2020-07-02,0 days 15:58:23.682214,258258,155.58,155.54,600,300,-1068,432
1024,FDX,2020-07-02,0 days 15:58:33.706344,259752,155.54,155.51,400,300,206,-694
1025,FDX,2020-07-02,0 days 15:58:34.708425,258658,155.54,155.51,410,400,-1094,206
1026,FDX,2020-07-02,0 days 15:58:46.737472,261645,155.49,155.47,112,508,913,-2987
1027,FDX,2020-07-02,0 days 15:58:47.739924,260358,155.49,155.47,300,434,-1287,913
1028,FDX,2020-07-02,0 days 15:58:52.752183,257319,155.46,155.44,306,100,3039,-1287
1029,FDX,2020-07-02,0 days 15:58:53.754418,256515,155.47,155.44,200,316,-804,3039
1030,FDX,2020-07-02,0 days 15:59:05.785231,260268,155.46,155.43,100,300,6675,-802
1031,FDX,2020-07-02,0 days 15:59:11.799075,272271,155.57,155.52,300,1061,-1370,145
1032,FDX,2020-07-02,0 days 15:59:12.801429,273641,155.57,155.52,300,1300,30,-1370
1033,FDX,2020-07-02,0 days 15:59:13.803952,273871,155.56,155.52,210,1525,-476,30
1034,FDX,2020-07-02,0 days 15:59:29.841816,274351,155.69,155.61,100,300,-4096,4
1035,FDX,2020-07-02,0 days 15:59:34.853280,276047,155.58,155.57,200,114,2104,-696
1036,FDX,2020-07-02,0 days 15:59:49.888993,270651,155.5,155.47,435,300,-2155,2171
1037,FDX,2020-07-02,0 days 15:59:50.892496,270880,155.49,155.45,200,445,1271,-2155
1038,FE,2020-07-02,0 days 15:59:15.801176,236864,39.86,39.85,1400,6548,71,-329
1039,FE,2020-07-02,0 days 15:59:16.802542,235762,39.88,39.87,2188,3800,-1102,71
1040,FE,2020-07-02,0 days 15:59:18.807210,236864,39.87,39.86,1100,3220,2935,-202
1041,FE,2020-07-02,0 days 15:59:47.874182,241164,39.91,39.9,853,5435,798,-540
1042,FHN,2020-07-02,0 days 15:57:09.451490,248185,9.22,9.21,36535,38802,576,-1024
1043,FHN,2020-07-02,0 days 15:57:44.533950,248761,9.22,9.21,48847,40009,-270,530
1044,FHN,2020-07-02,0 days 15:58:47.687320,259293,9.23,9.22,58662,21035,269,-6831
1045,FHN,2020-07-02,0 days 15:59:05.732493,272508,9.22,9.21,41180,62985,-21572,14390
1046,FHN,2020-07-02,0 days 15:59:06.734931,268480,9.22,9.21,29789,67792,4028,-21572
1047,FHN,2020-07-02,0 days 15:59:16.758631,269662,9.24,9.23,34649,48802,-2782,3864
1048,FHN,2020-07-02,0 days 15:59:56.852719,266243,9.25,9.24,22741,61602,-7501,4714
1049,FIS,2020-07-02,0 days 15:55:01.774069,237623,136.59,136.56,200,673,-13154,5946
1050,FIS,2020-07-02,0 days 15:55:02.775535,233877,136.62,136.57,415,500,3746,-13154
1051,FIS,2020-07-02,0 days 15:58:01.207701,243574,136.6,136.57,603,300,-2090,1110
1052,FIS,2020-07-02,0 days 15:58:02.208962,240364,136.6,136.57,945,1040,3210,-2090
1053,FIS,2020-07-02,0 days 15:59:02.354610,241404,136.64,136.61,100,719,2294,-3406
1054,FIS,2020-07-02,0 days 15:59:06.366630,243355,136.67,136.65,201,1034,-2060,2204
1055,FIS,2020-07-02,0 days 15:59:07.367560,241032,136.66,136.65,400,433,3823,-2060
1056,FIS,2020-07-02,0 days 15:59:10.376654,244855,136.69,136.66,1000,533,-3318,1217
1057,FIS,2020-07-02,0 days 15:59:32.423577,247006,136.75,136.72,100,100,-6617,183
1058,FIS,2020-07-02,0 days 15:59:39.440095,247607,136.7,136.68,100,1000,-2116,884
1059,FIT,2020-07-02,0 days 15:56:33.458517,112037,6.29,6.28,71577,75060,-20257,31122
1060,FIT,2020-07-02,0 days 15:56:34.459633,107894,6.29,6.28,73152,74151,4143,-20257
1061,FL,2020-07-02,0 days 15:55:00.775041,56116,29.34,29.33,683,570,13848,-19973
1062,FL,2020-07-02,0 days 15:55:01.774351,53864,29.34,29.33,1283,968,-2252,13848
1063,FL,2020-07-02,0 days 15:59:02.354811,63195,29.34,29.33,800,400,445,-11
1064,FL,2020-07-02,0 days 15:59:04.359486,63640,29.33,29.32,164,2015,-108,445
1065,FL,2020-07-02,0 days 15:59:08.369706,64048,29.35,29.34,1571,1800,617,-890
1066,FL,2020-07-02,0 days 15:59:13.383826,64165,29.38,29.37,803,252,-83,417
1067,FL,2020-07-02,0 days 15:59:57.483068,69314,29.4,29.38,3891,200,23951,-424
1068,FL,2020-07-02,0 days 15:59:59.486206,69990,29.4,29.39,140,607,-424,24051
1069,FLR,2020-07-02,0 days 15:59:20.905017,179079,11.71,11.7,1223,8279,252,-3599
1070,FLR,2020-07-02,0 days 15:59:33.935898,179331,11.72,11.71,3535,8236,-248,252
1071,FLR,2020-07-02,0 days 15:59:39.950790,179379,11.71,11.7,1556,5983,17800,-248
1072,FLR,2020-07-02,0 days 15:59:48.972962,177440,11.71,11.7,7766,3777,-1939,2761
1073,FNB,2020-07-02,0 days 15:59:05.872151,227722,7.04,7.03,40174,14721,-8616,6444
1074,FNB,2020-07-02,0 days 15:59:24.915587,237928,7.05,7.04,41038,10106,11465,-635
1075,FSLY,2020-07-02,0 days 15:59:15.809679,710818,84.75,84.74,6733,662,-32158,148851
1076,FSLY,2020-07-02,0 days 15:59:16.809843,708176,84.72,84.61,175,875,2642,-32158
1077,FSLY,2020-07-02,0 days 15:59:26.834025,710850,84.7,84.67,175,381,-33981,2424
1078,FSLY,2020-07-02,0 days 15:59:27.836240,707431,84.66,84.58,275,275,3819,-33981
1079,FSLY,2020-07-02,0 days 15:59:34.853296,706331,84.66,84.57,600,175,5001,-1840
1080,FSLY,2020-07-02,0 days 15:59:42.873330,714429,84.58,84.5,1401,1673,-6072,91
1081,FSLY,2020-07-02,0 days 15:59:43.875526,713201,84.58,84.5,1401,1673,1228,-6072
1082,FSLY,2020-07-02,0 days 15:59:44.877860,712129,84.61,84.5,850,1873,-2572,1228
1083,FSLY,2020-07-02,0 days 15:59:45.881428,707901,84.6,84.5,675,800,7328,-2572
1084,FSLY,2020-07-02,0 days 15:59:46.882309,712129,84.6,84.5,2658,600,-6007,7328
1085,FSLY,2020-07-02,0 days 15:59:49.889019,706405,84.5,84.48,175,800,8824,-13432
1086,FSLY,2020-07-02,0 days 15:59:51.895326,714429,84.56,84.48,295,300,-6388,9324
1087,FSLY,2020-07-02,0 days 15:59:54.901128,706705,84.5,84.47,999,500,8524,-2532
1088,FSLY,2020-07-02,0 days 15:59:57.909152,715229,84.5,84.48,1157,100,-10777,8524
1089,FTCH,2020-07-02,0 days 15:57:12.605658,75465,18.99,18.98,4291,3010,55,-570
1090,FTCH,2020-07-02,0 days 15:57:32.646149,71920,18.98,18.97,1818,4477,-2890,710
1091,FTCH,2020-07-02,0 days 15:59:39.950825,80277,18.98,18.97,3300,3097,12832,-2113
1092,FTCH,2020-07-02,0 days 15:59:42.957120,79522,18.98,18.97,1924,4225,1437,-713
1093,FTCH,2020-07-02,0 days 15:59:43.960324,78159,18.98,18.97,1575,4425,-1363,1437
1094,FTCH,2020-07-02,0 days 15:59:45.964932,79522,18.98,18.97,5076,4822,371,-1363
1095,FTCH,2020-07-02,0 days 15:59:49.979993,76245,18.98,18.97,8279,3243,-1267,523
1096,FTI,2020-07-02,0 days 15:59:04.957323,420948,7.28,7.27,24444,25010,193,-37240
1097,FTI,2020-07-02,0 days 15:59:05.958365,418571,7.28,7.27,21435,29910,-2377,193
1098,FTI,2020-07-02,0 days 15:59:14.980656,448145,7.28,7.27,30273,15997,-3654,7446
1099,FTI,2020-07-02,0 days 15:59:19.980218,451799,7.27,7.26,28498,46570,4346,-4354
1100,FTI,2020-07-02,0 days 15:59:20.982244,448486,7.27,7.26,22803,49854,-3313,4346
1101,FTI,2020-07-02,0 days 15:59:45.045110,451799,7.29,7.28,31319,8994,1895,-6616
1102,FTI,2020-07-02,0 days 15:59:46.044864,458594,7.28,7.27,28629,29716,-1071,1895
1103,FTI,2020-07-02,0 days 15:59:47.045027,459939,7.28,7.27,33710,28040,1721,-1071
1104,FTI,2020-07-02,0 days 15:59:49.050711,453860,7.28,7.27,30290,29358,-6079,1721
1105,FTV,2020-07-02,0 days 15:57:36.741383,197163,68.04,68.01,311,1678,-1025,1675
1106,FTV,2020-07-02,0 days 15:57:37.743508,190988,68.04,68.03,284,400,6175,-1025
1107,FTV,2020-07-02,0 days 15:59:12.974955,198432,68.1,68.09,100,601,-2244,1451
1108,FTV,2020-07-02,0 days 15:59:13.979087,197976,68.1,68.09,100,789,456,-2244
1109,FTV,2020-07-02,0 days 15:59:32.010106,198566,68.16,68.13,400,400,-710,190
1110,FTV,2020-07-02,0 days 15:59:33.011033,198276,68.14,68.12,100,200,290,-710
1111,FTV,2020-07-02,0 days 15:59:40.031350,198566,68.12,68.08,200,1000,-1010,1190
1112,GCI,2020-07-02,0 days 15:59:16.758779,65724,1.27,1.26,42816,142490,1472,-1870
1113,GFI,2020-07-02,0 days 15:59:44.824286,117377,9.28,9.27,22313,99880,7223,-2077
1114,GFI,2020-07-02,0 days 15:59:45.828828,115400,9.28,9.27,17105,107824,-1977,7223
1115,GGB,2020-07-02,0 days 15:59:01.774378,30041,2.95,2.94,346335,105992,214,-3089
1116,GIS,2020-07-02,0 days 15:59:05.704416,586938,61.5,61.49,2190,493,-55516,101207
1117,GIS,2020-07-02,0 days 15:59:06.706871,565191,61.44,61.42,200,1110,30947,-55516
1118,GIS,2020-07-02,0 days 15:59:10.716659,605253,61.43,61.41,1107,2237,-1241,13419
1119,GIS,2020-07-02,0 days 15:59:12.720924,589394,61.44,61.43,673,656,6859,-10241
1120,GIS,2020-07-02,0 days 15:59:20.739599,596407,61.47,61.45,661,450,-3116,2682
1121,GIS,2020-07-02,0 days 15:59:21.741072,590323,61.45,61.44,107,959,6084,-3116
1122,GIS,2020-07-02,0 days 15:59:23.746001,596407,61.47,61.45,828,699,-22084,5134
1123,GIS,2020-07-02,0 days 15:59:24.748917,594144,61.46,61.44,1425,200,2263,-22084
1124,GIS,2020-07-02,0 days 15:59:37.780250,596407,61.46,61.45,750,683,-137,163
1125,GIS,2020-07-02,0 days 15:59:48.806207,600664,61.48,61.47,641,250,-8940,2793
1126,GIS,2020-07-02,0 days 15:59:49.808939,598504,61.48,61.46,450,350,350,-8940
1127,GLW,2020-07-02,0 days 15:59:44.867919,430685,26.03,26.02,100,16711,2923,-989
1128,GM,2020-07-02,0 days 15:59:07.736688,1532849,25.27,25.26,14256,6150,-17093,23707
1129,GME,2020-07-02,0 days 15:59:40.031212,174542,4.31,4.3,24969,14050,8308,-6092
1130,GME,2020-07-02,0 days 15:59:43.035399,169372,4.31,4.3,28175,20677,-4870,469
1131,GME,2020-07-02,0 days 15:59:44.039075,174542,4.31,4.3,24535,21378,330,-4870
1132,GME,2020-07-02,0 days 15:59:46.044827,170672,4.31,4.3,22038,22393,-3570,5330
1133,GNW,2020-07-02,0 days 15:56:38.601574,255978,2.29,2.28,47397,59787,11198,-11642
1134,GNW,2020-07-02,0 days 15:56:39.603302,244076,2.29,2.28,31167,74046,-11902,11198
1135,GNW,2020-07-02,0 days 15:59:45.045281,269717,2.29,2.28,72085,111744,5013,-5114
1136,GNW,2020-07-02,0 days 15:59:46.045036,265130,2.29,2.28,72268,100148,-4587,5013
1137,GOL,2020-07-02,0 days 15:58:46.824218,18627,7.02,7.01,5305,11882,-1189,593
1138,GPN,2020-07-02,0 days 15:57:33.459123,175800,171.35,171.29,669,300,-358,342
1139,GPN,2020-07-02,0 days 15:57:34.460462,172858,171.35,171.3,1078,100,2942,-358
1140,GPN,2020-07-02,0 days 15:58:03.531268,175800,171.44,171.39,300,400,-559,41
1141,GPN,2020-07-02,0 days 15:58:04.533516,173259,171.38,171.32,200,300,2341,-559
1142,GPN,2020-07-02,0 days 15:58:18.566993,175856,171.5,171.46,100,300,-415,785
1143,GPN,2020-07-02,0 days 15:58:19.570738,173571,171.5,171.42,100,200,2285,-415
1144,GPN,2020-07-02,0 days 15:58:53.651170,176056,171.38,171.34,104,200,-449,59
1145,GPN,2020-07-02,0 days 15:58:54.654448,175751,171.42,171.34,200,400,305,-449
1146,GPN,2020-07-02,0 days 15:58:59.668505,176056,171.41,171.34,146,100,-49,2851
1147,GPN,2020-07-02,0 days 15:59:05.681280,170091,171.39,171.32,200,640,6837,-4609
1148,GPN,2020-07-02,0 days 15:59:08.690591,176928,171.38,171.32,400,500,-4590,937
1149,GPN,2020-07-02,0 days 15:59:09.691800,175223,171.38,171.33,300,400,1705,-4590
1150,GPN,2020-07-02,0 days 15:59:10.694008,176928,171.38,171.33,203,500,-3314,1705
1151,GPN,2020-07-02,0 days 15:59:11.695823,175942,171.38,171.34,203,400,986,-3314
1152,GPN,2020-07-02,0 days 15:59:12.699172,176933,171.43,171.39,100,462,-4255,986
1153,GPN,2020-07-02,0 days 15:59:32.745851,176833,171.46,171.44,100,100,-1688,612
1154,GPN,2020-07-02,0 days 15:59:40.765259,176833,171.46,171.44,100,1591,-1388,312
1155,GPN,2020-07-02,0 days 15:59:49.785801,175518,171.45,171.38,999,300,1443,-457
1156,GPN,2020-07-02,0 days 15:59:56.800418,176961,171.55,171.32,100,1100,-2171,3489
1157,GPS,2020-07-02,0 days 15:59:44.904334,753006,12.29,12.28,30050,20199,2466,-9493
1158,GPS,2020-07-02,0 days 15:59:46.909391,729745,12.29,12.28,32850,6089,-23668,2466
1159,GRUB,2020-07-02,0 days 15:58:44.732804,89684,69.88,69.85,371,500,2927,-2977
1160,GRUB,2020-07-02,0 days 15:58:45.735538,81811,69.92,69.89,200,400,-8673,2927
1161,GRUB,2020-07-02,0 days 15:59:40.868567,91974,69.96,69.92,513,2544,10921,-579
1162,GRUB,2020-07-02,0 days 15:59:41.870815,91095,69.96,69.92,326,2444,-887,10921
1163,GS,2020-07-02,0 days 15:55:00.139291,194980,197.45,197.38,100,100,37690,-3122
1164,GS,2020-07-02,0 days 15:57:05.440476,225954,197.41,197.35,400,100,-1692,957
1165,GS,2020-07-02,0 days 15:57:06.442494,224146,197.4,197.34,600,209,1808,-1692
1166,GS,2020-07-02,0 days 15:57:33.506508,228165,197.38,197.34,700,200,-512,1688
1167,GS,2020-07-02,0 days 15:57:34.509025,226577,197.38,197.34,900,220,1588,-512
1168,GS,2020-07-02,0 days 15:57:35.511936,228165,197.36,197.33,300,305,-612,1588
1169,GS,2020-07-02,0 days 15:57:36.513295,226777,197.37,197.35,200,100,1388,-612
1170,GS,2020-07-02,0 days 15:57:45.536479,228165,197.38,197.33,300,200,-1612,888
1171,GS,2020-07-02,0 days 15:57:46.538088,227077,197.38,197.33,793,200,1088,-1612
1172,GS,2020-07-02,0 days 15:57:55.559280,228165,197.36,197.34,916,303,-912,1088
1173,GS,2020-07-02,0 days 15:57:56.563118,227077,197.37,197.35,100,300,1088,-912
1174,GS,2020-07-02,0 days 15:58:01.575774,226822,197.43,197.42,100,207,943,-427
1175,GS,2020-07-02,0 days 15:58:04.583639,227765,197.44,197.42,200,549,-427,973
1176,GS,2020-07-02,0 days 15:58:05.585617,226792,197.44,197.42,300,449,973,-427
1177,GS,2020-07-02,0 days 15:58:12.602489,227767,197.46,197.42,100,342,-1055,975
1178,GS,2020-07-02,0 days 15:58:13.605174,227204,197.46,197.43,100,320,513,-1055
1179,GS,2020-07-02,0 days 15:58:50.693882,226523,197.43,197.39,100,100,433,-267
1180,GS,2020-07-02,0 days 15:59:05.732356,227691,197.41,197.35,500,652,-11506,658
1181,GS,2020-07-02,0 days 15:59:42.819566,260835,197.39,197.33,1100,203,117,-8867
1182,GS,2020-07-02,0 days 15:59:43.822500,260952,197.38,197.33,228,303,-83,117
1183,GS,2020-07-02,0 days 15:59:44.824017,261035,197.42,197.36,1300,100,117,-83
1184,GS,2020-07-02,0 days 15:59:47.830358,264118,197.35,197.31,1101,100,-3105,6642
1185,GS,2020-07-02,0 days 15:59:48.833262,267223,197.32,197.28,1000,167,689,-3105
1186,GS,2020-07-02,0 days 15:59:50.840143,265012,197.33,197.28,1418,315,-2211,189
1187,GSK,2020-07-02,0 days 15:58:06.814186,40330,41.17,41.16,12687,11341,-38,252
1188,GSK,2020-07-02,0 days 15:58:11.827117,37568,41.17,41.16,10253,13957,2762,-38
1189,GSK,2020-07-02,0 days 15:59:30.003010,42223,41.2,41.19,1422,8287,594,-2578
1190,GSK,2020-07-02,0 days 15:59:50.062682,42759,41.23,41.22,10510,6988,58,-262
1191,GSX,2020-07-02,0 days 15:55:00.773972,382275,64.08,63.9,400,900,-1442,331863
1192,GSX,2020-07-02,0 days 15:55:17.811872,383410,63.19,63.1,200,300,72,-728
1193,GSX,2020-07-02,0 days 15:55:18.813801,382882,63.14,63.05,800,2000,-528,72
1194,GSX,2020-07-02,0 days 15:57:15.094286,386926,62.38,62.31,841,12700,393,-9507
1195,GSX,2020-07-02,0 days 15:57:34.140741,391119,62.51,62.37,400,200,-6707,768
1196,GSX,2020-07-02,0 days 15:57:35.143048,390326,62.51,62.37,800,300,793,-6707
1197,GSX,2020-07-02,0 days 15:57:38.150185,387669,62.97,62.59,600,200,-9557,4993
1198,GSX,2020-07-02,0 days 15:57:56.194049,396126,63.06,62.95,400,3759,1693,-1807
1199,GSX,2020-07-02,0 days 15:57:57.195887,394319,63.11,63.0,200,980,-1807,1693
1200,GSX,2020-07-02,0 days 15:58:02.208895,396426,63.09,62.96,500,200,1693,-2207
1201,GSX,2020-07-02,0 days 15:58:03.212500,394619,63.09,62.96,800,760,-1807,1693
1202,GSX,2020-07-02,0 days 15:58:05.216504,396426,63.09,62.96,1915,1900,2793,-1807
1203,GSX,2020-07-02,0 days 15:58:06.218066,394619,63.09,62.96,915,900,-1807,2793
1204,GSX,2020-07-02,0 days 15:58:11.231135,389846,62.96,62.82,800,3100,9873,-2227
1205,GSX,2020-07-02,0 days 15:58:12.233407,388399,62.95,62.83,500,400,-9047,9873
1206,GSX,2020-07-02,0 days 15:58:13.236328,397446,62.95,62.83,700,100,1553,-9047
1207,GSX,2020-07-02,0 days 15:58:15.240774,388899,62.93,62.82,500,1275,-947,7653
1208,GSX,2020-07-02,0 days 15:58:21.254382,389846,62.89,62.85,304,164,7653,-1847
1209,GSX,2020-07-02,0 days 15:58:22.257967,388899,62.9,62.85,200,1603,-947,7653
1210,GSX,2020-07-02,0 days 15:58:25.264295,401246,63.08,62.95,700,500,1153,-9447
1211,GSX,2020-07-02,0 days 15:58:26.266469,398999,63.08,62.97,600,400,-2247,1153
1212,GSX,2020-07-02,0 days 15:58:29.273773,395599,63.0,62.85,400,200,-1847,1553
1213,GSX,2020-07-02,0 days 15:58:31.278753,389846,63.0,62.85,100,1300,7653,-1847
1214,GSX,2020-07-02,0 days 15:58:32.281010,388899,63.0,62.88,100,400,-947,7653
1215,GSX,2020-07-02,0 days 15:58:36.290952,393646,62.96,62.89,500,200,2553,-1847
1216,GSX,2020-07-02,0 days 15:58:37.293459,392112,62.96,62.89,700,300,-1534,2553
1217,GSX,2020-07-02,0 days 15:59:06.366468,419492,62.5,62.43,200,100,-95,6205
1218,GSX,2020-07-02,0 days 15:59:07.367447,419587,62.5,62.44,1200,500,1238,-95
1219,GSX,2020-07-02,0 days 15:59:11.377916,411250,62.5,62.44,976,1400,-8337,1238
1220,GSX,2020-07-02,0 days 15:59:12.380794,410787,62.47,62.39,876,9001,10038,-8337
1221,GSX,2020-07-02,0 days 15:59:28.418692,456765,62.47,62.43,901,132,-381,378
1222,GSX,2020-07-02,0 days 15:59:30.419778,436346,62.56,62.42,200,900,16269,-18606
1223,GSX,2020-07-02,0 days 15:59:34.427978,444040,62.55,62.41,1100,424,-10106,8419
1224,GSX,2020-07-02,0 days 15:59:35.430948,441446,62.55,62.5,500,738,2594,-10106
1225,GSX,2020-07-02,0 days 15:59:36.432583,439540,62.55,62.5,500,580,-1906,2594
1226,GSX,2020-07-02,0 days 15:59:37.436202,438046,62.55,62.5,900,580,1494,-1906
1227,GSX,2020-07-02,0 days 15:59:39.440013,430190,62.8,62.54,700,600,-8856,794
1228,GSX,2020-07-02,0 days 15:59:41.445130,419346,62.8,62.54,1200,600,319,-11681
1229,GSX,2020-07-02,0 days 15:59:42.447586,419674,62.8,62.54,1600,600,-3157,319
1230,GSX,2020-07-02,0 days 15:59:43.449443,419531,62.8,62.54,1600,600,143,-3157
1231,GSX,2020-07-02,0 days 15:59:45.456835,421274,62.77,62.68,900,800,-1289,143
1232,GSX,2020-07-02,0 days 15:59:46.457781,421263,62.76,62.68,400,400,11,-1289
1233,GSX,2020-07-02,0 days 15:59:47.459094,421274,62.76,62.69,100,500,-1940,11
1234,GSX,2020-07-02,0 days 15:59:48.462863,421014,62.76,62.7,100,1200,560,-1940
