,Symbol,Timestamp,TIME,iPaired,Ask_P,Bid_P,Ask_S,Bid_S,iShares,PreviShares
0,A,2020-02-05,0 days 15:55:00.169442,307955,84.83,84.81,441,934,4354,-53482
1,A,2020-02-05,0 days 15:55:01.171347,304184,84.84,84.82,1100,878,-3771,4354
2,AA,2020-02-05,0 days 15:55:40.308377,131947,15.76,15.75,15402,7869,18043,-3146
3,AA,2020-02-05,0 days 15:55:41.311312,130290,15.76,15.75,14102,8469,-1657,18043
4,AA,2020-02-05,0 days 15:55:51.334700,131947,15.76,15.75,14802,9104,2148,-1452
5,AA,2020-02-05,0 days 15:55:52.337294,130795,15.76,15.75,15002,8904,-1152,2148
6,AA,2020-02-05,0 days 15:56:12.385135,133192,15.76,15.75,18301,9639,1440,-1152
7,AA,2020-02-05,0 days 15:56:13.387555,132332,15.76,15.75,18301,9739,-860,1440
8,AA,2020-02-05,0 days 15:56:27.421252,131947,15.76,15.75,16270,13399,385,-860
9,AA,2020-02-05,0 days 15:56:28.423537,131232,15.76,15.75,6247,15873,-715,385
10,AA,2020-02-05,0 days 15:58:31.721903,154091,15.8,15.79,9697,6876,-2244,2256
11,AA,2020-02-05,0 days 15:59:13.824635,155210,15.8,15.79,6196,6309,-1872,3528
12,AA,2020-02-05,0 days 15:59:41.893533,159162,15.79,15.78,8165,12191,-1237,2663
13,AAN,2020-02-05,0 days 15:55:44.185188,88098,56.48,56.46,828,1,-102,4549
14,AAN,2020-02-05,0 days 15:55:52.204375,86100,56.48,56.46,831,1,1998,-902
15,AAN,2020-02-05,0 days 15:56:58.363571,91633,56.46,56.45,490,3536,-77,2859
16,AAN,2020-02-05,0 days 15:56:59.366106,89635,56.46,56.45,490,3572,1998,-77
17,AAN,2020-02-05,0 days 15:57:40.465151,91856,56.45,56.43,900,1303,-1679,21
18,AAN,2020-02-05,0 days 15:57:41.467783,90435,56.45,56.43,900,1303,1421,-1679
19,AAN,2020-02-05,0 days 15:59:06.676259,106511,56.46,56.45,943,857,-1295,1919
20,AAN,2020-02-05,0 days 15:59:07.677253,104706,56.45,56.44,804,580,1805,-1295
21,AAN,2020-02-05,0 days 15:59:33.741539,112886,56.57,56.55,1100,799,-967,233
22,AAN,2020-02-05,0 days 15:59:34.744119,109853,56.57,56.55,1190,1625,3033,-967
23,AAN,2020-02-05,0 days 15:59:36.749619,112886,56.58,56.56,614,751,-1067,1533
24,AAN,2020-02-05,0 days 15:59:37.752084,111853,56.55,56.54,114,144,1033,-1067
25,AAN,2020-02-05,0 days 15:59:40.759457,113386,56.56,56.54,813,1098,-567,619
26,AAN,2020-02-05,0 days 15:59:44.768301,112529,56.55,56.53,300,300,857,-1043
27,AAN,2020-02-05,0 days 15:59:47.775742,113386,56.55,56.52,997,90,-361,81
28,AAN,2020-02-05,0 days 15:59:48.778816,113383,56.55,56.52,997,90,3,-361
29,ABB,2020-02-05,0 days 15:55:00.105613,32144,25.16,25.15,5484,20056,2012,-13473
30,ABB,2020-02-05,0 days 15:59:20.735245,40972,25.15,25.14,22622,6533,6507,-625
31,ABB,2020-02-05,0 days 15:59:45.795894,52010,25.15,25.14,15984,11519,-474,1826
32,ABB,2020-02-05,0 days 15:59:48.803068,51384,25.15,25.14,16384,2719,626,-474
33,ABBV,2020-02-05,0 days 15:59:28.770895,815084,86.61,86.6,200,1300,-4310,151
34,ABBV,2020-02-05,0 days 15:59:29.772698,814933,86.6,86.59,1500,1232,151,-4310
35,ABBV,2020-02-05,0 days 15:59:30.776087,815084,86.61,86.6,800,600,-4310,151
36,ABBV,2020-02-05,0 days 15:59:49.821056,827805,86.64,86.63,500,1000,19087,-4345
37,ABBV,2020-02-05,0 days 15:59:50.824310,796692,86.64,86.62,922,390,-30002,19087
38,ABBV,2020-02-05,0 days 15:59:57.839283,826694,86.61,86.59,676,600,1905,-12294
39,ABBV,2020-02-05,0 days 15:59:58.840235,818827,86.64,86.62,200,80,-7867,1905
40,ABEV,2020-02-05,0 days 15:57:41.422546,213936,4.07,4.06,715821,610812,-6895,93105
41,ABEV,2020-02-05,0 days 15:57:52.449576,220831,4.07,4.06,742347,671916,305,-895
42,ABEV,2020-02-05,0 days 15:58:52.594958,233536,4.07,4.06,978836,275521,-55504,305
43,ABEV,2020-02-05,0 days 15:59:44.713587,327140,4.07,4.06,885600,825562,10195,-23705
44,ABT,2020-02-05,0 days 15:56:09.199707,825663,89.5,89.49,667,1502,-105,695
45,ABT,2020-02-05,0 days 15:56:10.202201,824890,89.5,89.49,300,700,773,-105
46,ABT,2020-02-05,0 days 15:57:23.378578,848989,89.56,89.55,704,428,1578,-465
47,ABT,2020-02-05,0 days 15:57:33.402951,850567,89.57,89.56,1086,400,-6583,1517
48,ABT,2020-02-05,0 days 15:57:34.405407,849450,89.57,89.55,1392,1110,1117,-6583
49,ABT,2020-02-05,0 days 15:57:36.410393,850967,89.57,89.56,782,1110,-5583,1517
50,ABT,2020-02-05,0 days 15:57:39.417344,850967,89.59,89.57,1014,1066,-1685,3415
51,ABT,2020-02-05,0 days 15:57:40.419780,849952,89.59,89.57,1044,966,1015,-1685
52,ABT,2020-02-05,0 days 15:57:44.429897,850667,89.58,89.57,200,796,-1185,615
53,ABT,2020-02-05,0 days 15:57:46.434397,849652,89.59,89.57,1339,1668,1015,-13685
54,ABT,2020-02-05,0 days 15:57:51.446966,850667,89.58,89.57,900,352,-4085,1015
55,ABT,2020-02-05,0 days 15:57:53.451225,849752,89.58,89.57,1344,552,915,-6685
56,ABT,2020-02-05,0 days 15:57:58.463829,850667,89.58,89.57,1639,1014,-1485,1015
57,ABT,2020-02-05,0 days 15:57:59.466468,849752,89.58,89.57,1734,852,915,-1485
58,ABT,2020-02-05,0 days 15:58:32.546182,855550,89.57,89.56,1692,600,572,-9528
59,ABT,2020-02-05,0 days 15:58:45.577653,874432,89.54,89.53,100,1323,-5600,11932
60,ABT,2020-02-05,0 days 15:58:56.603627,879850,89.57,89.56,676,832,398,-8202
61,ABT,2020-02-05,0 days 15:59:05.621462,884240,89.61,89.59,939,935,-278,984
62,ABT,2020-02-05,0 days 15:59:14.641773,889032,89.61,89.6,1139,29,4683,-669
63,ABT,2020-02-05,0 days 15:59:19.652472,893715,89.6,89.59,174,682,-1631,2369
64,ABT,2020-02-05,0 days 15:59:22.659551,897346,89.61,89.6,891,212,2524,-231
65,ABT,2020-02-05,0 days 15:59:37.696868,916252,89.59,89.58,936,154,1022,-946
66,ABT,2020-02-05,0 days 15:59:38.698982,915374,89.59,89.58,838,356,-878,1022
67,ABT,2020-02-05,0 days 15:59:40.704462,922752,89.59,89.58,156,1500,50,-7278
68,ACN,2020-02-05,0 days 15:55:00.105204,257324,212.04,212.02,24,100,-36582,70738
69,ACN,2020-02-05,0 days 15:57:46.505838,302814,212.02,211.99,122,302,1034,-1566
70,ACN,2020-02-05,0 days 15:57:47.508607,299148,212.02,211.99,133,303,-3666,1034
71,ACN,2020-02-05,0 days 15:57:49.513463,297014,211.99,211.94,1501,200,2134,-3666
72,ACN,2020-02-05,0 days 15:57:50.515998,293767,211.98,211.94,227,400,-3025,2134
73,ACN,2020-02-05,0 days 15:58:56.676067,307114,212.04,212.01,100,400,2491,-8134
74,ACN,2020-02-05,0 days 15:58:57.678215,306105,212.05,212.03,102,99,-609,2491
75,ACN,2020-02-05,0 days 15:59:04.697008,307950,212.06,212.04,263,196,6204,-4445
76,ACN,2020-02-05,0 days 15:59:06.702252,306054,212.05,212.02,200,3,-2225,804
77,ACN,2020-02-05,0 days 15:59:07.704150,307879,212.01,211.97,200,486,775,-2225
78,ACN,2020-02-05,0 days 15:59:08.706241,306254,212.01,211.96,1099,286,-1693,775
79,ACN,2020-02-05,0 days 15:59:15.723404,310142,212.16,212.14,140,10,51064,-3196
80,ACN,2020-02-05,0 days 15:59:52.812354,365680,212.2,212.15,307,902,-412,4182
81,ADM,2020-02-05,0 days 15:56:16.288575,282144,46.04,46.03,5843,7566,6693,-2427
82,ADM,2020-02-05,0 days 15:56:17.290579,272668,46.05,46.04,2758,6020,-9476,6693
83,ADM,2020-02-05,0 days 15:56:57.387747,305821,46.05,46.04,6450,2003,5080,-8711
84,ADM,2020-02-05,0 days 15:56:58.390398,297801,46.05,46.04,6770,3520,-8020,5080
85,ADM,2020-02-05,0 days 15:57:11.422549,308489,46.05,46.04,7971,2384,6097,-7799
86,ADM,2020-02-05,0 days 15:57:12.424854,302586,46.05,46.04,8141,2560,-5903,6097
87,ADM,2020-02-05,0 days 15:58:56.677061,314113,46.05,46.04,6988,1924,7826,-588
88,ADM,2020-02-05,0 days 15:58:57.678964,313839,46.05,46.04,7091,1854,-274,7826
89,ADM,2020-02-05,0 days 15:59:00.686906,314113,46.05,46.04,6234,3330,4769,-274
90,ADM,2020-02-05,0 days 15:59:01.689367,309782,46.06,46.05,909,5373,-4886,4769
91,ADM,2020-02-05,0 days 15:59:15.724341,375304,46.04,46.03,2977,5136,4764,-4733
92,ADM,2020-02-05,0 days 15:59:16.724588,370668,46.05,46.04,3500,2973,-6936,4764
93,ADM,2020-02-05,0 days 15:59:21.736996,377604,46.05,46.04,4608,3557,386,-2820
94,ADM,2020-02-05,0 days 15:59:23.741689,374290,46.05,46.04,4911,4530,-3314,386
95,ADM,2020-02-05,0 days 15:59:38.779406,377756,46.05,46.04,4493,7031,2022,-2659
96,ADM,2020-02-05,0 days 15:59:40.784286,376799,46.06,46.05,1368,7644,-1757,1792
97,ADM,2020-02-05,0 days 15:59:43.791049,380756,46.07,46.06,5254,4074,1286,-2657
98,ADM,2020-02-05,0 days 15:59:46.797899,377203,46.07,46.06,2720,5595,-2553,1247
99,ADM,2020-02-05,0 days 15:59:47.800295,379756,46.07,46.06,4000,3000,5701,-2553
100,ADM,2020-02-05,0 days 15:59:49.805300,377839,46.07,46.06,1481,4947,-1917,2883
101,ADM,2020-02-05,0 days 15:59:51.810219,379756,46.07,46.06,1596,3292,219,-1943
102,ADNT,2020-02-05,0 days 15:55:51.334700,83424,28.0,27.99,468,1310,-1130,370
103,ADNT,2020-02-05,0 days 15:55:52.337264,81754,28.0,27.99,470,1410,1670,-1130
104,ADNT,2020-02-05,0 days 15:57:07.518495,88942,28.03,28.02,757,1177,-1659,137
105,ADNT,2020-02-05,0 days 15:57:08.521979,87241,28.03,28.02,956,1187,4807,-1659
106,ADNT,2020-02-05,0 days 15:58:07.663871,94348,27.98,27.97,1018,2465,-1540,2664
107,ADNT,2020-02-05,0 days 15:58:08.666555,91988,27.98,27.97,818,3177,2360,-1540
108,AEO,2020-02-05,0 days 15:55:42.624349,195497,14.93,14.92,16500,10888,-12430,3646
109,AEO,2020-02-05,0 days 15:55:43.626574,195119,14.93,14.92,16800,10178,378,-12430
110,AEO,2020-02-05,0 days 15:55:48.638280,195497,14.93,14.92,16600,9883,-876,378
111,AEO,2020-02-05,0 days 15:55:49.640553,194273,14.93,14.92,3780,21428,1224,-876
112,AEO,2020-02-05,0 days 15:56:12.696045,195497,14.93,14.92,9807,14355,-76,924
113,AEO,2020-02-05,0 days 15:56:13.698553,194373,14.93,14.92,9907,14355,1124,-76
114,AEO,2020-02-05,0 days 15:58:10.982075,214775,14.93,14.92,8900,28629,-12,1980
115,AEO,2020-02-05,0 days 15:58:52.081916,226075,14.93,14.92,10656,47623,-2418,1242
116,AEO,2020-02-05,0 days 15:58:53.083406,217193,14.93,14.92,12537,46923,8882,-2418
117,AEO,2020-02-05,0 days 15:59:40.200580,282570,14.92,14.91,27699,49497,16837,-6746
118,AEO,2020-02-05,0 days 15:59:45.212294,297099,14.93,14.92,30963,18252,15628,-3292
119,AEP,2020-02-05,0 days 15:55:00.039927,448809,102.15,102.12,1769,2683,684,-182117
120,AEP,2020-02-05,0 days 15:55:09.055115,448432,102.1,102.06,282,1101,-681,74
121,AEP,2020-02-05,0 days 15:55:32.111395,452180,102.1,102.09,100,573,260,-440
122,AEP,2020-02-05,0 days 15:55:33.113229,451545,102.1,102.09,158,619,-635,260
123,AEP,2020-02-05,0 days 15:55:52.159074,451480,102.02,101.98,400,879,85,-615
124,AEP,2020-02-05,0 days 15:55:53.161635,451002,102.05,102.0,700,400,-478,85
125,AEP,2020-02-05,0 days 15:56:16.216440,451489,102.07,102.05,937,6,582,-331
126,AEP,2020-02-05,0 days 15:56:17.218501,451635,102.09,102.07,1103,700,-554,582
127,AEP,2020-02-05,0 days 15:56:20.225944,451489,102.0,101.99,100,1649,546,-154
128,AEP,2020-02-05,0 days 15:56:21.229142,451426,102.0,101.99,100,808,-63,546
129,AEP,2020-02-05,0 days 15:56:36.263808,452434,102.0,101.99,877,1505,-555,6437
130,AEP,2020-02-05,0 days 15:56:56.313505,452989,102.0,101.99,100,2529,3431,-555
131,AEP,2020-02-05,0 days 15:56:57.315752,452820,102.0,101.99,200,2435,-169,3431
132,AEP,2020-02-05,0 days 15:56:58.318407,452989,102.0,101.99,198,2535,2,-169
133,AEP,2020-02-05,0 days 15:56:59.320843,454091,102.0,101.99,300,2504,-152,2
134,AEP,2020-02-05,0 days 15:57:10.347888,458141,102.0,101.99,100,4829,33,-445
135,AEP,2020-02-05,0 days 15:57:11.351598,457674,102.0,101.99,200,4914,-467,33
136,AEP,2020-02-05,0 days 15:57:33.403020,458409,102.0,101.99,100,5668,265,-735
137,AEP,2020-02-05,0 days 15:58:09.491435,489827,102.1,102.08,501,535,2287,-3513
138,AEP,2020-02-05,0 days 15:59:12.638619,526960,102.01,102.0,200,2441,-3033,5957
139,AEP,2020-02-05,0 days 15:59:13.640746,522493,102.02,102.01,100,1327,4467,-3033
140,AEP,2020-02-05,0 days 15:59:42.708723,554024,102.0,101.99,100,4695,-1063,2440
141,AEP,2020-02-05,0 days 15:59:44.713662,550150,102.02,102.01,200,1100,1774,-5728
142,AEP,2020-02-05,0 days 15:59:45.715854,549024,102.03,102.02,300,809,-3094,1774
143,AFL,2020-02-05,0 days 15:55:00.077780,612372,53.13,53.12,2904,2890,279,-25607
144,AFL,2020-02-05,0 days 15:55:01.080961,612151,53.13,53.12,3762,2835,-221,279
145,AFL,2020-02-05,0 days 15:56:05.235726,614610,53.14,53.13,3577,5454,2524,-449
146,AFL,2020-02-05,0 days 15:56:53.350882,628102,53.18,53.17,4556,780,-8024,1037
147,AFL,2020-02-05,0 days 15:56:54.353090,627926,53.17,53.16,1211,2680,4748,-8024
148,AFL,2020-02-05,0 days 15:57:23.423981,636543,53.19,53.18,2428,2860,-79,322
149,AFL,2020-02-05,0 days 15:57:24.426614,635822,53.19,53.18,2434,3171,721,-79
150,AFL,2020-02-05,0 days 15:57:38.460252,643824,53.19,53.18,4319,3880,-4298,802
151,AFL,2020-02-05,0 days 15:57:39.462428,642422,53.19,53.18,6089,2597,1402,-4298
152,AFL,2020-02-05,0 days 15:57:49.487069,643824,53.18,53.17,5487,1800,-4398,1302
153,AFL,2020-02-05,0 days 15:57:50.489222,642322,53.18,53.17,5587,997,1502,-4398
154,AFL,2020-02-05,0 days 15:57:52.494005,637524,53.2,53.19,2805,846,-10598,1502
155,AFL,2020-02-05,0 days 15:58:14.548151,639547,53.21,53.2,6018,1213,-4816,984
156,AFL,2020-02-05,0 days 15:58:15.550484,638563,53.2,53.19,4093,1871,984,-4816
157,AFL,2020-02-05,0 days 15:59:02.664921,661768,53.22,53.21,4100,375,2000,-1015
158,AFL,2020-02-05,0 days 15:59:35.747157,762074,53.25,53.24,3803,4899,-14293,2966
159,AFL,2020-02-05,0 days 15:59:38.754376,757727,53.25,53.24,6151,1599,4347,-14293
160,AG,2020-02-05,0 days 15:58:57.678934,48087,9.74,9.73,57225,10022,-84,128
161,AG,2020-02-05,0 days 15:58:59.684171,45371,9.74,9.73,48639,24551,2016,-784
162,AG,2020-02-05,0 days 15:59:21.736977,48504,9.74,9.73,48790,9774,-1482,3133
163,AG,2020-02-05,0 days 15:59:22.739176,47186,9.74,9.73,48908,9786,1318,-1482
164,AIG,2020-02-05,0 days 15:59:47.800322,817190,52.49,52.48,1846,512,3926,-6086
165,AIG,2020-02-05,0 days 15:59:48.803196,810916,52.49,52.48,413,1612,-2374,3926
166,AKS,2020-02-05,0 days 15:56:54.486107,107040,3.09,3.08,217709,183023,-31515,1091
167,ALB,2020-02-05,0 days 15:55:00.168952,175398,87.24,87.22,186,304,-30790,16187
168,ALB,2020-02-05,0 days 15:56:16.352549,207088,87.32,87.31,397,309,623,-4354
169,ALB,2020-02-05,0 days 15:56:25.373285,196031,87.39,87.36,442,2,-11093,705
170,ALB,2020-02-05,0 days 15:57:06.474131,212792,87.31,87.29,304,500,2559,-26
171,ALB,2020-02-05,0 days 15:57:07.476854,206832,87.32,87.29,539,400,-5960,2559
172,ALB,2020-02-05,0 days 15:57:32.537231,213087,87.42,87.41,350,100,2697,-803
173,ALB,2020-02-05,0 days 15:57:33.538556,208184,87.43,87.42,1,200,-4903,2697
174,ALB,2020-02-05,0 days 15:59:09.774302,221609,87.42,87.39,200,610,108,-1992
175,ALB,2020-02-05,0 days 15:59:11.780840,222236,87.43,87.42,202,405,-1577,4
176,ALL,2020-02-05,0 days 15:56:56.385250,357225,124.54,124.52,513,520,-841,332
177,ALL,2020-02-05,0 days 15:56:57.387658,356466,124.54,124.52,829,820,759,-841
178,ALL,2020-02-05,0 days 15:56:58.390279,357225,124.54,124.52,329,720,-151,759
179,ALL,2020-02-05,0 days 15:57:00.395469,358003,124.57,124.54,320,873,322,-3454
180,ALL,2020-02-05,0 days 15:57:08.414966,360581,124.59,124.58,262,300,-927,473
181,ALL,2020-02-05,0 days 15:57:09.417533,359808,124.59,124.57,562,100,773,-927
182,ALL,2020-02-05,0 days 15:57:36.482715,360158,124.68,124.66,300,636,-227,373
183,ALL,2020-02-05,0 days 15:57:37.485324,360085,124.68,124.66,400,687,73,-227
184,ALL,2020-02-05,0 days 15:57:38.487222,363158,124.67,124.65,100,604,-3827,73
185,ALL,2020-02-05,0 days 15:57:53.523722,374383,124.69,124.67,526,250,473,-1027
186,ALL,2020-02-05,0 days 15:57:54.526583,373056,124.7,124.69,181,300,-1327,473
187,ALL,2020-02-05,0 days 15:58:05.553649,370758,124.65,124.63,404,300,-1225,4673
188,ALL,2020-02-05,0 days 15:58:08.560800,383983,124.69,124.65,1140,300,980,-1120
189,ALL,2020-02-05,0 days 15:58:20.590034,384963,124.62,124.61,426,461,-1020,1180
190,ALL,2020-02-05,0 days 15:58:21.592223,383783,124.62,124.61,428,680,1180,-1020
191,ALL,2020-02-05,0 days 15:58:39.635796,370963,124.68,124.66,153,100,-1122,1078
192,ALL,2020-02-05,0 days 15:58:56.677008,374785,124.69,124.68,374,200,3698,-1322
193,ALL,2020-02-05,0 days 15:58:57.678896,374183,124.69,124.68,574,900,-302,3698
194,ALL,2020-02-05,0 days 15:59:04.697299,375670,124.71,124.69,734,412,306,-587
195,ALL,2020-02-05,0 days 15:59:05.699724,369676,124.7,124.69,200,416,-5994,306
196,ALL,2020-02-05,0 days 15:59:08.707399,372868,124.64,124.63,200,100,2608,-192
197,ALL,2020-02-05,0 days 15:59:11.715092,373801,124.66,124.63,315,427,1284,-2512
198,ALL,2020-02-05,0 days 15:59:12.716640,373485,124.67,124.64,730,400,-2616,1284
199,ALL,2020-02-05,0 days 15:59:14.724221,376101,124.67,124.66,673,100,11056,-416
200,ALL,2020-02-05,0 days 15:59:38.779302,404480,124.79,124.75,341,267,-5184,3056
201,ALL,2020-02-05,0 days 15:59:42.788236,409780,124.76,124.75,62,100,-669,5631
202,ALL,2020-02-05,0 days 15:59:46.797813,402508,124.74,124.67,245,300,12972,-2209
203,ALLY,2020-02-05,0 days 15:56:11.694386,240872,32.86,32.85,466,10436,4944,-9321
204,ALLY,2020-02-05,0 days 15:58:27.020895,245010,32.88,32.87,9100,2711,4785,-8215
205,ALLY,2020-02-05,0 days 15:59:22.154715,254795,32.89,32.88,7445,6920,-2994,1306
206,ALLY,2020-02-05,0 days 15:59:23.157304,253289,32.89,32.88,9921,3005,1106,-2994
207,ALLY,2020-02-05,0 days 15:59:30.178159,256099,32.88,32.87,5812,5124,-2595,3101
208,ALLY,2020-02-05,0 days 15:59:48.218580,327118,32.9,32.89,11637,3401,5589,-54611
209,ALLY,2020-02-05,0 days 15:59:57.241252,331511,32.87,32.86,4036,5852,-3054,5289
210,AM,2020-02-05,0 days 15:57:32.578367,225835,5.32,5.31,7464,23538,7484,-13116
211,AM,2020-02-05,0 days 15:58:42.748626,225719,5.33,5.32,28463,45602,8856,-1281
212,AMC,2020-02-05,0 days 15:59:38.698691,37419,7.0,6.99,1259,14212,-331,143
213,AMCR,2020-02-05,0 days 15:55:00.077837,1304666,10.98,10.97,23384,18075,57769,-15689
214,AMCR,2020-02-05,0 days 15:57:11.395318,1436213,10.99,10.98,57197,31642,9087,-691
215,AMX,2020-02-05,0 days 15:57:22.553969,71315,17.17,17.16,19438,21966,-145,2964
216,AMX,2020-02-05,0 days 15:57:23.556439,68560,17.17,17.16,19838,21666,2755,-145
217,ANF,2020-02-05,0 days 15:56:04.676793,79850,16.92,16.91,1284,5314,-1768,1835
218,ANF,2020-02-05,0 days 15:56:05.679391,77018,16.92,16.91,1134,5314,2832,-1768
219,ANF,2020-02-05,0 days 15:58:00.958768,82896,16.91,16.9,10955,2762,-771,993
220,ANF,2020-02-05,0 days 15:58:01.960062,82267,16.91,16.9,12655,4730,629,-771
221,ANF,2020-02-05,0 days 15:58:05.971217,83053,16.91,16.9,15895,3250,-714,586
222,ANF,2020-02-05,0 days 15:58:06.972653,82467,16.91,16.9,15795,3707,586,-714
223,ANF,2020-02-05,0 days 15:58:29.025553,82896,16.91,16.9,18546,1746,-3071,429
224,ANF,2020-02-05,0 days 15:59:06.115952,85187,16.9,16.89,12955,4939,-1670,20
225,ANF,2020-02-05,0 days 15:59:27.167522,86868,16.92,16.91,903,10531,-436,1920
226,ANF,2020-02-05,0 days 15:59:28.169569,86604,16.92,16.91,629,11249,8564,-436
227,ANTM,2020-02-05,0 days 15:59:14.641974,236149,287.13,287.09,171,434,3024,-12967
228,ANTM,2020-02-05,0 days 15:59:15.643903,234573,287.16,287.13,121,1018,-2322,3024
229,APA,2020-02-05,0 days 15:55:14.555896,341348,28.99,28.98,3609,1676,-948,1157
230,APA,2020-02-05,0 days 15:55:15.558175,340878,28.99,28.98,3709,2866,470,-948
231,APA,2020-02-05,0 days 15:55:44.628525,341647,28.99,28.98,7604,3314,-5581,769
232,APA,2020-02-05,0 days 15:55:45.630373,341028,28.99,28.98,7004,3614,619,-5581
233,APA,2020-02-05,0 days 15:55:51.644928,341647,28.98,28.97,5495,1000,-481,619
234,APA,2020-02-05,0 days 15:55:52.647468,341128,28.98,28.97,5218,1700,519,-481
235,APA,2020-02-05,0 days 15:56:23.721860,343873,28.98,28.97,4300,6884,-3555,245
236,APA,2020-02-05,0 days 15:56:24.724512,340928,28.98,28.97,4004,7684,2945,-3555
237,APA,2020-02-05,0 days 15:56:56.801914,346947,28.98,28.97,3104,9700,-1846,2849
238,APA,2020-02-05,0 days 15:56:57.805008,346993,28.98,28.97,4744,9600,354,-1846
239,APA,2020-02-05,0 days 15:56:59.809401,351047,28.98,28.97,4054,10300,-356,554
240,APA,2020-02-05,0 days 15:58:56.090405,413348,28.95,28.94,4681,29384,544,-5748
241,APA,2020-02-05,0 days 15:58:59.097577,413892,28.95,28.94,4182,34584,-430,544
242,APA,2020-02-05,0 days 15:59:12.130160,451789,28.95,28.94,5966,32981,1257,-6797
243,APA,2020-02-05,0 days 15:59:15.137801,449712,28.95,28.94,5809,34311,-2077,1257
244,ARMK,2020-02-05,0 days 15:55:39.263981,130714,43.06,43.05,1853,2209,992,-1471
245,ARMK,2020-02-05,0 days 15:55:40.266265,128906,43.06,43.05,1883,2227,-1808,992
246,ARMK,2020-02-05,0 days 15:56:05.325494,130753,43.01,43.0,1900,1400,1792,-1318
247,ARMK,2020-02-05,0 days 15:56:06.327827,129345,43.01,43.0,1800,2800,-1408,1792
248,ARMK,2020-02-05,0 days 15:56:10.337617,130753,43.01,43.0,2846,3502,368,-378
249,ARMK,2020-02-05,0 days 15:56:11.340663,129421,43.01,43.0,3246,3502,-1332,368
250,ARMK,2020-02-05,0 days 15:56:47.427102,130814,43.02,43.01,3208,6273,966,-1603
251,ARMK,2020-02-05,0 days 15:56:48.429451,129480,43.02,43.01,3208,6273,-1334,966
252,ARMK,2020-02-05,0 days 15:57:01.461853,139614,43.02,43.01,2547,8422,4529,-1871
253,ARMK,2020-02-05,0 days 15:57:02.464245,137943,43.02,43.01,2835,8422,-1671,4529
254,ARMK,2020-02-05,0 days 15:57:11.486376,167411,43.03,43.02,957,500,-5057,35543
255,ARMK,2020-02-05,0 days 15:57:39.554046,172468,43.03,43.02,1543,1383,203,-1397
256,ARMK,2020-02-05,0 days 15:57:42.561333,168971,43.03,43.02,1966,400,-3497,1103
257,ARMK,2020-02-05,0 days 15:59:43.857409,188861,43.01,43.0,3125,1735,421,-1283
258,ARNC,2020-02-05,0 days 15:57:08.388482,314307,31.25,31.24,888,7224,101431,-97378
259,ARNC,2020-02-05,0 days 15:58:05.526338,346874,31.28,31.27,1982,5816,-1213,1705
260,ARNC,2020-02-05,0 days 15:58:41.613215,349187,31.28,31.27,3801,5833,5637,-2263
261,ARNC,2020-02-05,0 days 15:58:42.616482,347724,31.28,31.27,4215,5344,-363,5637
262,ARNC,2020-02-05,0 days 15:58:50.635527,323742,31.3,31.29,7006,1342,8937,-333
263,ARNC,2020-02-05,0 days 15:59:06.676216,325910,31.29,31.28,2400,5842,450,-550
264,ARNC,2020-02-05,0 days 15:59:07.677203,340535,31.29,31.28,4373,4081,-45505,450
265,ARNC,2020-02-05,0 days 15:59:17.701943,383004,31.28,31.27,8665,1336,-1989,2124
266,ARNC,2020-02-05,0 days 15:59:29.731565,378981,31.27,31.26,2800,8918,-310,4590
267,ARNC,2020-02-05,0 days 15:59:41.762000,386093,31.28,31.27,10907,196,99,-6112
268,ARNC,2020-02-05,0 days 15:59:50.782977,378790,31.27,31.26,6145,9019,-1999,1332
269,ARNC,2020-02-05,0 days 15:59:51.785094,380789,31.27,31.26,4193,10265,1555,-1999
270,ATI,2020-02-05,0 days 15:55:42.624331,111693,19.45,19.44,1698,4678,2891,-1191
271,ATI,2020-02-05,0 days 15:55:43.626574,108084,19.46,19.45,4636,1210,-3609,2891
272,ATUS,2020-02-05,0 days 15:56:11.694247,162133,27.77,27.76,5463,8798,8,-2193
273,ATUS,2020-02-05,0 days 15:56:21.717744,162141,27.77,27.76,7048,6172,-292,8
274,ATUS,2020-02-05,0 days 15:56:23.722690,162433,27.77,27.76,9251,6246,5108,-292
275,ATUS,2020-02-05,0 days 15:56:24.725251,157741,27.77,27.76,8951,6145,-4692,5108
276,ATUS,2020-02-05,0 days 15:57:55.945097,165889,27.77,27.76,4408,3537,635,-865
277,ATUS,2020-02-05,0 days 15:57:56.947504,164024,27.77,27.76,4408,3554,-1865,635
278,ATUS,2020-02-05,0 days 15:58:14.991382,163924,27.76,27.75,4352,14693,-549,651
279,AU,2020-02-05,0 days 15:56:33.329117,37545,19.38,19.37,5670,8035,-1648,442
280,AU,2020-02-05,0 days 15:57:45.504336,41434,19.39,19.38,2335,11948,201,-599
281,AU,2020-02-05,0 days 15:57:46.506858,38235,19.39,19.38,2335,11548,-3199,201
282,AU,2020-02-05,0 days 15:58:16.580404,42267,19.39,19.38,4565,16732,321,-479
283,AU,2020-02-05,0 days 15:58:17.582601,41888,19.39,19.38,4365,22185,-379,321
284,AU,2020-02-05,0 days 15:59:19.733200,49914,19.37,19.36,8966,7906,-421,380
285,AU,2020-02-05,0 days 15:59:27.751568,51690,19.37,19.36,6201,8168,524,-1776
286,AU,2020-02-05,0 days 15:59:28.754784,51114,19.37,19.36,3601,8268,-576,524
287,AU,2020-02-05,0 days 15:59:43.791068,51541,19.35,19.34,13945,11900,5473,-476
288,AVTR,2020-02-05,0 days 15:55:01.024263,141120,19.11,19.1,1819,600,-27065,78103
289,AVTR,2020-02-05,0 days 15:55:02.024200,137685,19.1,19.09,2120,1928,3435,-27065
290,AVTR,2020-02-05,0 days 15:58:46.565377,163679,19.11,19.1,4253,3534,-1963,7537
291,AVTR,2020-02-05,0 days 15:58:47.567778,159242,19.11,19.1,4253,3534,4437,-1963
292,AVTR,2020-02-05,0 days 15:59:19.646701,164518,19.1,19.09,2882,8060,-14420,4150
293,AVTR,2020-02-05,0 days 15:59:20.649097,162438,19.1,19.09,2814,7860,2080,-14420
294,AVTR,2020-02-05,0 days 15:59:22.653373,164518,19.1,19.09,3114,7860,-370,2080
295,AVTR,2020-02-05,0 days 15:59:26.663951,164888,19.1,19.09,6315,7664,760,-370
296,AVYA,2020-02-05,0 days 15:55:01.024800,52339,13.07,13.06,6119,312,5213,-9091
297,AVYA,2020-02-05,0 days 15:55:02.024505,50752,13.07,13.06,5919,312,-1587,5213
298,AVYA,2020-02-05,0 days 15:58:03.461972,66488,13.06,13.05,4328,1175,5610,-2090
299,AVYA,2020-02-05,0 days 15:58:04.465263,64998,13.06,13.05,4328,1175,-1938,5610
300,AVYA,2020-02-05,0 days 15:59:07.617467,66488,13.06,13.05,4954,5100,1308,-1490
301,AVYA,2020-02-05,0 days 15:59:08.619821,65496,13.06,13.05,5054,5008,-992,1308
302,AVYA,2020-02-05,0 days 15:59:39.697120,71453,13.07,13.06,5911,8858,3750,-2050
303,AXP,2020-02-05,0 days 15:55:00.110473,234499,133.63,133.62,14,400,108494,-17213
304,AXP,2020-02-05,0 days 15:59:35.778064,394577,133.74,133.73,10,500,-18983,54798
305,AXP,2020-02-05,0 days 15:59:45.801822,404354,133.63,133.61,499,150,622,-1287
306,AXP,2020-02-05,0 days 15:59:46.803508,404976,133.63,133.61,942,269,-978,622
307,AZN,2020-02-05,0 days 15:55:00.210431,52551,49.71,49.7,4605,8356,-2486,2428
308,AZN,2020-02-05,0 days 15:55:34.293967,50831,49.71,49.7,6006,10244,220,-986
309,AZN,2020-02-05,0 days 15:57:54.631302,51817,49.72,49.71,2212,7758,-579,421
310,AZN,2020-02-05,0 days 15:57:55.633600,51596,49.72,49.71,2412,8170,221,-579
311,AZN,2020-02-05,0 days 15:58:02.651856,52298,49.72,49.71,6215,5864,-498,702
312,AZN,2020-02-05,0 days 15:58:03.653801,51896,49.72,49.71,6815,5964,402,-498
313,AZN,2020-02-05,0 days 15:58:16.685368,53116,49.72,49.71,4513,7118,-131,769
314,AZN,2020-02-05,0 days 15:58:17.688017,52447,49.72,49.71,5213,6030,669,-131
315,AZN,2020-02-05,0 days 15:58:50.768217,52298,49.72,49.71,11302,4151,-287,431
316,AZN,2020-02-05,0 days 15:59:49.912527,70003,49.74,49.73,6294,2400,11200,-700
317,AZN,2020-02-05,0 days 15:59:50.916123,67903,49.74,49.73,3859,4440,-2100,11200
318,BA,2020-02-05,0 days 15:55:01.524189,141472,329.11,329.07,104,220,1421,-879
319,BABA,2020-02-05,0 days 15:59:58.839726,684203,220.29,220.2,37074,6300,-14136,10880
320,BABA,2020-02-05,0 days 15:59:59.849211,689560,220.22,220.2,283,2574,1601,-14136
321,BAC,2020-02-05,0 days 15:59:15.830030,3123989,34.71,34.7,38928,61642,612174,-63355
322,BAX,2020-02-05,0 days 15:59:05.621556,219509,91.22,91.19,6193,1143,17843,-1912
323,BAX,2020-02-05,0 days 15:59:47.720159,272017,91.28,91.25,1663,228,-2339,4488
324,BAX,2020-02-05,0 days 15:59:48.722733,263875,91.28,91.25,1723,616,8142,-2339
325,BB,2020-02-05,0 days 15:57:10.334024,45034,6.21,6.2,123968,58941,1510,-849
326,BB,2020-02-05,0 days 15:59:24.659992,48600,6.21,6.2,77515,117277,-6460,2202
327,BBD,2020-02-05,0 days 15:58:04.524146,772802,7.9,7.89,126892,81427,1054,-25646
328,BBD,2020-02-05,0 days 15:58:23.569875,743356,7.89,7.88,134063,37839,-29446,19554
329,BBY,2020-02-05,0 days 15:56:53.305852,201939,89.41,89.4,764,3108,-1324,4875
330,BBY,2020-02-05,0 days 15:56:54.308485,197764,89.41,89.4,764,3108,4248,-1324
331,BBY,2020-02-05,0 days 15:57:00.323946,216356,89.45,89.44,125,400,-2727,9277
332,BBY,2020-02-05,0 days 15:57:01.326077,212449,89.45,89.43,525,2942,3796,-2727
333,BBY,2020-02-05,0 days 15:58:34.551189,215588,89.49,89.46,1315,1212,3046,-1454
334,BBY,2020-02-05,0 days 15:59:15.643443,224911,89.48,89.45,989,1294,-797,2924
335,BBY,2020-02-05,0 days 15:59:18.650113,222522,89.48,89.46,200,928,2389,-3811
336,BBY,2020-02-05,0 days 15:59:22.659551,224911,89.49,89.47,665,466,-521,1754
337,BBY,2020-02-05,0 days 15:59:23.662043,225432,89.48,89.47,200,688,296,-521
338,BBY,2020-02-05,0 days 15:59:31.682640,226151,89.49,89.47,435,2364,-3213,668
339,BBY,2020-02-05,0 days 15:59:32.684472,224164,89.49,89.47,535,2062,1987,-3213
340,BCS,2020-02-05,0 days 15:56:58.396392,17718,8.99,8.98,113730,62171,822,-1178
341,BCS,2020-02-05,0 days 15:58:51.670061,18573,8.99,8.98,129862,68316,-9207,2295
342,BDN,2020-02-05,0 days 15:55:00.105966,33570,15.9,15.89,18371,11310,-1532,2235
343,BE,2020-02-05,0 days 15:59:26.765453,56254,9.42,9.41,1934,9739,-4163,5175
344,BE,2020-02-05,0 days 15:59:38.795799,56684,9.43,9.42,5700,3738,-1416,1167
345,BEN,2020-02-05,0 days 15:55:01.524140,153554,26.29,26.28,4855,5176,871,-900
346,BEN,2020-02-05,0 days 15:55:02.526411,152425,26.29,26.28,5355,3740,-1129,871
347,BEN,2020-02-05,0 days 15:55:31.597608,154360,26.28,26.27,5635,5449,4571,-1929
348,BEN,2020-02-05,0 days 15:55:32.599726,153231,26.28,26.27,5035,6019,-1129,4571
349,BEN,2020-02-05,0 days 15:56:16.705762,162779,26.28,26.27,6784,9021,14834,-1160
350,BEN,2020-02-05,0 days 15:56:17.707918,160413,26.28,26.27,6584,9021,-2366,14834
351,BEN,2020-02-05,0 days 15:56:54.797475,163789,26.29,26.28,6414,10516,3939,-2861
352,BEN,2020-02-05,0 days 15:56:55.800324,169792,26.29,26.28,6054,9616,-537,3939
353,BEN,2020-02-05,0 days 15:57:39.906217,173831,26.3,26.29,6104,15158,1561,-139
354,BEN,2020-02-05,0 days 15:58:30.028558,172443,26.3,26.29,10314,17741,-718,7282
355,BEN,2020-02-05,0 days 15:58:35.040457,173161,26.3,26.29,10203,18352,2982,-718
356,BEN,2020-02-05,0 days 15:59:01.103298,180310,26.3,26.29,3851,14783,-1754,7425
357,BEN,2020-02-05,0 days 15:59:02.106442,180024,26.3,26.29,864,22343,286,-1754
358,BEN,2020-02-05,0 days 15:59:03.108258,180310,26.3,26.29,2852,23184,-54,286
359,BEN,2020-02-05,0 days 15:59:04.110886,179864,26.3,26.29,2902,22486,446,-54
360,BEN,2020-02-05,0 days 15:59:24.159368,210543,26.32,26.31,8927,4627,102,-1618
361,BEN,2020-02-05,0 days 15:59:46.214054,211745,26.32,26.31,11100,4411,-395,148
362,BGG,2020-02-05,0 days 15:55:06.183471,74652,3.8,3.79,4337,4506,7422,-778
363,BHC,2020-02-05,0 days 15:57:11.437458,44731,29.01,29.0,4616,3104,-1304,996
364,BHC,2020-02-05,0 days 15:57:12.439982,43335,29.01,29.0,2916,4304,1396,-1304
365,BHC,2020-02-05,0 days 15:59:29.772749,52124,29.04,29.03,8920,4826,-258,968
366,BHC,2020-02-05,0 days 15:59:34.786475,51472,29.04,29.03,4960,14641,652,-348
367,BHC,2020-02-05,0 days 15:59:50.824378,50354,29.06,29.05,5700,4909,870,-330
368,BHP,2020-02-05,0 days 15:59:21.152310,36910,52.88,52.87,2223,4458,977,-1375
369,BHP,2020-02-05,0 days 15:59:22.154660,36367,52.88,52.87,1523,4858,-543,977
370,BHP,2020-02-05,0 days 15:59:40.200557,36910,52.89,52.88,5888,214,110,-116
371,BHP,2020-02-05,0 days 15:59:48.218519,36214,52.89,52.88,3793,2125,-696,804
372,BKR,2020-02-05,0 days 15:56:53.383272,340441,21.8,21.79,10745,16249,-142,1514
373,BKR,2020-02-05,0 days 15:57:53.528978,376180,21.82,21.81,8074,8300,-1683,1817
374,BKR,2020-02-05,0 days 15:58:10.571339,376180,21.82,21.81,9217,4020,-9,84
375,BKR,2020-02-05,0 days 15:58:12.576046,374989,21.82,21.81,9232,3007,1191,-809
376,BKR,2020-02-05,0 days 15:59:31.768309,473015,21.83,21.82,2998,20777,-19516,18609
377,BLL,2020-02-05,0 days 15:56:59.320843,333203,76.3,76.29,373,2500,698,-5118
378,BLL,2020-02-05,0 days 15:57:01.326220,327901,76.3,76.29,668,2812,-5341,659
379,BLL,2020-02-05,0 days 15:59:00.614477,345823,76.46,76.43,986,3089,-6374,1702
380,BLL,2020-02-05,0 days 15:59:04.625274,355928,76.46,76.43,911,3496,18846,-6905
381,BLL,2020-02-05,0 days 15:59:05.621753,350935,76.47,76.45,1400,504,-4993,18846
382,BMY,2020-02-05,0 days 15:59:45.212237,1413650,65.59,65.58,3429,2769,-3123,3350
383,BMY,2020-02-05,0 days 15:59:46.214054,1408758,65.55,65.54,6400,1290,17992,-3123
384,BOOT,2020-02-05,0 days 15:56:21.315719,47752,38.06,38.03,450,1364,-3011,29577
385,BOOT,2020-02-05,0 days 15:56:22.318064,41885,38.06,38.03,50,1726,5967,-3011
386,BOOT,2020-02-05,0 days 15:57:32.488048,52874,38.02,38.01,487,600,-12630,12489
387,BOOT,2020-02-05,0 days 15:58:16.594418,53680,38.08,38.07,1157,82,-20803,10672
388,BOOT,2020-02-05,0 days 15:58:17.596993,41408,38.08,38.07,1367,382,10672,-20803
389,BOOT,2020-02-05,0 days 15:59:39.797720,54413,38.13,38.12,5065,885,-341,860
390,BP,2020-02-05,0 days 15:56:12.342828,334573,37.72,37.71,20078,22902,1639,-7063
391,BP,2020-02-05,0 days 15:56:13.345776,320283,37.73,37.72,14647,19655,-14290,1639
392,BP,2020-02-05,0 days 15:59:46.864782,350359,37.69,37.68,20493,8957,-9698,6405
393,BRK.B,2020-02-05,0 days 15:55:41.119330,305498,228.32,228.31,929,801,-1317,7383
394,BRK.B,2020-02-05,0 days 15:55:43.122987,306815,228.31,228.3,1378,560,383,-1317
395,BRK.B,2020-02-05,0 days 15:55:44.126413,305598,228.3,228.29,1115,201,-1012,383
396,BRK.B,2020-02-05,0 days 15:55:49.137652,305228,228.29,228.27,1626,101,370,-1013
397,BRK.B,2020-02-05,0 days 15:55:50.141140,304198,228.29,228.27,1632,201,-1030,370
398,BRK.B,2020-02-05,0 days 15:57:51.432314,330057,228.36,228.35,423,404,-4714,786
399,BRK.B,2020-02-05,0 days 15:58:04.465098,333057,228.34,228.33,1327,30,-1714,786
400,BRK.B,2020-02-05,0 days 15:58:05.466999,334353,228.31,228.3,200,2,304,-1714
401,BRK.B,2020-02-05,0 days 15:58:06.469619,338597,228.32,228.28,502,501,-2258,304
402,BRK.B,2020-02-05,0 days 15:58:13.486627,339267,228.28,228.26,865,343,130,-670
403,BRK.B,2020-02-05,0 days 15:58:14.488795,337197,228.28,228.26,740,343,-2070,130
404,BRK.B,2020-02-05,0 days 15:58:55.586717,343555,228.31,228.29,300,852,6369,-2253
405,BRK.B,2020-02-05,0 days 15:59:06.615762,354306,228.38,228.35,464,1025,-375,4550
406,BRK.B,2020-02-05,0 days 15:59:07.617292,354598,228.37,228.34,200,303,2608,-375
407,BRK.B,2020-02-05,0 days 15:59:09.621932,352637,228.38,228.34,424,125,-1543,2757
408,BRK.B,2020-02-05,0 days 15:59:15.637603,359709,228.46,228.44,625,100,132874,-571
409,BRK.B,2020-02-05,0 days 15:59:45.710646,488973,228.59,228.57,20,199,-1952,1806
410,BRK.B,2020-02-05,0 days 15:59:46.712619,487496,228.6,228.57,398,200,1477,-1952
411,BRK.B,2020-02-05,0 days 15:59:47.715099,488973,228.59,228.57,10,118,-769,1477
412,BRPM,2020-02-05,0 days 15:56:01.316816,50000,10.22,10.21,300,4415,-4100,14200
413,BRPM,2020-02-05,0 days 15:56:02.318769,45400,10.22,10.21,300,4300,4600,-4100
414,BRX,2020-02-05,0 days 15:59:36.190132,752606,20.96,20.95,6412,12522,56517,-134276
415,BSX,2020-02-05,0 days 15:59:49.718421,1065100,42.59,42.58,2952,1881,-8212,7531
416,BSX,2020-02-05,0 days 15:59:50.719581,944813,42.58,42.57,700,2912,119487,-8212
417,BTE,2020-02-05,0 days 15:55:00.078002,6552,1.11,1.1,410793,76185,439,-1768
418,BTE,2020-02-05,0 days 15:59:00.659860,13345,1.11,1.1,371903,59110,-3908,6793
419,BTE,2020-02-05,0 days 15:59:43.765862,18049,1.11,1.1,365802,37047,2349,-4704
420,BTU,2020-02-05,0 days 15:55:01.170015,141004,9.4,9.39,11101,5421,-334,1066
421,BTU,2020-02-05,0 days 15:57:00.458914,142428,9.39,9.38,17167,12916,4033,-1782
422,BTU,2020-02-05,0 days 15:58:07.622844,147961,9.38,9.37,25813,17651,-679,13206
423,BTU,2020-02-05,0 days 15:58:08.625160,146840,9.38,9.37,25368,21728,1121,-679
424,BTU,2020-02-05,0 days 15:58:16.643363,147961,9.38,9.37,16343,10267,-1479,1121
425,BTU,2020-02-05,0 days 15:58:17.645651,146840,9.38,9.37,17943,9216,1121,-1479
426,BTU,2020-02-05,0 days 15:59:06.768440,155161,9.36,9.35,21143,24277,-11949,1421
427,BTU,2020-02-05,0 days 15:59:07.769051,149742,9.36,9.35,22120,18658,5419,-11949
428,BTU,2020-02-05,0 days 15:59:08.770905,155161,9.36,9.35,21276,19362,-481,5419
429,BTU,2020-02-05,0 days 15:59:09.773260,154642,9.36,9.35,21176,19262,519,-481
430,BTU,2020-02-05,0 days 15:59:13.784313,159306,9.35,9.34,7217,1260,-6110,1864
431,BTU,2020-02-05,0 days 15:59:15.788941,182916,9.35,9.34,5796,2373,1462,-1138
432,BTU,2020-02-05,0 days 15:59:42.854896,211661,9.32,9.31,700,30340,-1862,2162
433,BTU,2020-02-05,0 days 15:59:46.864396,209847,9.32,9.31,1982,30177,1814,-5886
434,BTU,2020-02-05,0 days 15:59:47.865640,211661,9.32,9.31,1982,30177,-1787,1814
435,BTU,2020-02-05,0 days 15:59:49.871166,210266,9.32,9.31,2005,28595,1395,-3305
436,BWA,2020-02-05,0 days 15:55:00.119584,212222,34.97,34.96,3381,1086,-46993,109523
437,BWA,2020-02-05,0 days 15:55:01.122307,211443,34.96,34.95,1777,1644,779,-46993
438,BWA,2020-02-05,0 days 15:55:48.236330,209880,34.96,34.95,7823,2081,-3384,816
439,BWA,2020-02-05,0 days 15:55:49.238760,209364,34.96,34.95,7822,1993,516,-3384
440,BWA,2020-02-05,0 days 15:56:53.392457,221233,34.95,34.94,2332,456,-973,539
441,BWA,2020-02-05,0 days 15:56:55.397729,221406,34.95,34.94,2732,2356,627,-2873
442,BWA,2020-02-05,0 days 15:57:08.430016,225110,34.97,34.96,1477,1735,-1982,104
443,BWA,2020-02-05,0 days 15:57:09.432163,224192,34.97,34.96,1282,3779,918,-1982
444,BWA,2020-02-05,0 days 15:57:40.506525,231907,34.99,34.98,4459,1038,-496,1504
445,BWA,2020-02-05,0 days 15:57:41.508937,230403,34.99,34.98,4298,1122,1504,-496
446,BWA,2020-02-05,0 days 15:57:49.528525,231907,34.99,34.98,4661,1708,-496,1504
447,BWA,2020-02-05,0 days 15:57:50.530751,230403,34.99,34.98,4861,2541,1504,-496
448,BWA,2020-02-05,0 days 15:59:04.711865,238636,35.0,34.99,2098,1577,-9638,2390
449,C,2020-02-05,0 days 15:59:36.880744,1432654,78.9,78.89,9153,1378,-93139,82001
450,C,2020-02-05,0 days 15:59:39.888561,1522459,78.88,78.87,4600,8000,11495,-93050
451,C,2020-02-05,0 days 15:59:44.900369,1523587,78.88,78.87,7744,2942,-9937,4599
452,CADE,2020-02-05,0 days 15:55:00.110666,100827,16.46,16.45,2555,3353,-27345,13992
453,CADE,2020-02-05,0 days 15:59:06.708333,123071,16.44,16.43,14291,9571,-55210,1601
454,CAG,2020-02-05,0 days 15:56:36.351532,256563,32.65,32.64,7342,9176,4812,-1488
455,CAG,2020-02-05,0 days 15:56:37.354239,253866,32.65,32.64,1916,8436,-2697,4812
456,CAG,2020-02-05,0 days 15:58:46.667218,285873,32.64,32.63,4849,17362,2354,-3446
457,CAG,2020-02-05,0 days 15:58:47.669334,281810,32.64,32.63,5048,16516,-4063,2354
458,CAG,2020-02-05,0 days 15:58:55.688773,282319,32.64,32.63,5942,16008,7633,-509
459,CAG,2020-02-05,0 days 15:58:56.691385,280952,32.64,32.63,5811,16962,-1367,7633
460,CAG,2020-02-05,0 days 15:59:02.707169,282838,32.64,32.63,7011,12185,294,-1886
461,CAG,2020-02-05,0 days 15:59:07.719281,281038,32.64,32.63,5804,12540,-1893,8307
462,CAG,2020-02-05,0 days 15:59:14.737902,285991,32.66,32.65,8360,1801,41341,-2073
463,CAT,2020-02-05,0 days 15:55:01.024941,146506,137.25,137.23,1200,915,401,-2599
464,CAT,2020-02-05,0 days 15:55:15.057045,147305,137.17,137.15,534,50,-634,431
465,CAT,2020-02-05,0 days 15:55:16.058916,147039,137.18,137.15,130,250,266,-634
466,CAT,2020-02-05,0 days 15:55:36.107243,147621,137.16,137.15,559,300,-1018,382
467,CAT,2020-02-05,0 days 15:55:37.109753,147439,137.16,137.15,659,682,182,-1018
468,CAT,2020-02-05,0 days 15:55:38.111999,148521,137.16,137.15,660,682,-118,182
469,CAT,2020-02-05,0 days 15:56:02.169505,148997,137.13,137.12,2267,2,524,-191
470,CAT,2020-02-05,0 days 15:56:03.171960,148821,137.13,137.12,2067,2,-176,524
471,CAT,2020-02-05,0 days 15:56:06.179157,148997,137.13,137.11,2367,456,324,-176
472,CAT,2020-02-05,0 days 15:56:07.181523,148921,137.13,137.12,1967,401,-76,324
473,CAT,2020-02-05,0 days 15:56:16.203198,150739,137.19,137.16,800,1652,260,-118
474,CAT,2020-02-05,0 days 15:56:22.217610,165199,137.21,137.18,400,253,-1554,160
475,CAT,2020-02-05,0 days 15:58:56.590220,176603,137.22,137.2,900,1461,6505,-2242
476,CAT,2020-02-05,0 days 15:58:57.592389,174208,137.24,137.22,24,1250,-2395,6505
477,CAT,2020-02-05,0 days 15:59:11.629076,183396,137.29,137.26,500,140,42594,-1130
478,CB,2020-02-05,0 days 15:56:04.676793,213248,165.18,165.13,994,545,3591,-4486
479,CB,2020-02-05,0 days 15:56:05.679319,209633,165.18,165.15,825,200,-3615,3591
480,CB,2020-02-05,0 days 15:56:16.705735,213348,165.21,165.17,208,300,3054,-1215
481,CB,2020-02-05,0 days 15:56:17.707918,204702,165.24,165.2,104,600,-8646,3054
482,CB,2020-02-05,0 days 15:56:22.719953,213876,165.24,165.22,302,200,1642,-2946
483,CB,2020-02-05,0 days 15:56:23.722706,207212,165.24,165.19,1046,300,-6236,1642
484,CB,2020-02-05,0 days 15:56:54.797439,213348,165.18,165.15,266,437,767,-1296
485,CB,2020-02-05,0 days 15:56:55.800324,211315,165.18,165.15,266,337,-1933,767
486,CB,2020-02-05,0 days 15:57:03.820524,217164,165.3,165.24,833,101,28718,-1665
487,CB,2020-02-05,0 days 15:59:05.114741,252177,165.27,165.24,241,1353,-4967,1302
488,CB,2020-02-05,0 days 15:59:06.115816,244795,165.24,165.22,200,8,7382,-4967
489,CB,2020-02-05,0 days 15:59:18.144671,277148,165.28,165.26,501,249,-5322,2266
490,CB,2020-02-05,0 days 15:59:19.147381,275270,165.28,165.26,721,157,3942,-5322
491,CB,2020-02-05,0 days 15:59:22.154633,279712,165.28,165.25,459,23,-4858,12042
492,CB,2020-02-05,0 days 15:59:23.157200,278424,165.28,165.25,861,210,2088,-4858
493,CB,2020-02-05,0 days 15:59:35.187519,289916,165.33,165.3,2063,1256,-2108,1828
494,CC,2020-02-05,0 days 15:57:35.896539,165885,14.8,14.79,4858,1300,2482,-4118
495,CC,2020-02-05,0 days 15:57:36.899030,164167,14.8,14.79,8418,2200,-1718,2482
496,CC,2020-02-05,0 days 15:59:06.115762,168835,14.87,14.86,5183,7574,10851,-6568
497,CC,2020-02-05,0 days 15:59:07.118055,165486,14.87,14.86,6653,6674,-3349,10851
498,CC,2020-02-05,0 days 15:59:48.218362,174864,14.82,14.81,5859,7800,-501,7599
499,CCJ,2020-02-05,0 days 15:55:00.077737,21530,8.76,8.75,16988,20344,-2082,4654
500,CCJ,2020-02-05,0 days 15:57:00.368268,23635,8.76,8.75,12884,36513,810,-1063
501,CCJ,2020-02-05,0 days 15:59:36.748960,30124,8.78,8.77,58834,29237,1640,-1360
502,CCJ,2020-02-05,0 days 15:59:37.751644,28764,8.78,8.77,58134,27937,-4960,1640
503,CCL,2020-02-05,0 days 15:56:27.243767,241817,44.16,44.15,4356,5326,2748,-3252
504,CCL,2020-02-05,0 days 15:56:28.245646,238165,44.16,44.15,4661,4926,-3652,2748
505,CCL,2020-02-05,0 days 15:56:56.313441,241826,44.16,44.15,2437,5476,3644,-2269
506,CCL,2020-02-05,0 days 15:56:57.315725,238870,44.16,44.15,2637,5776,-2956,3644
507,CCL,2020-02-05,0 days 15:57:00.324004,241826,44.16,44.15,3237,6275,73,-2936
508,CCL,2020-02-05,0 days 15:57:01.326201,241899,44.16,44.15,3337,6375,-688,73
509,CCL,2020-02-05,0 days 15:58:36.556474,257956,44.19,44.18,694,2987,1441,-3059
510,CCL,2020-02-05,0 days 15:58:37.558570,253697,44.19,44.18,1750,3087,-4259,1441
511,CCL,2020-02-05,0 days 15:58:50.590979,252913,44.19,44.18,4687,1009,832,-4211
512,CCL,2020-02-05,0 days 15:58:51.592146,250285,44.19,44.18,7039,700,-1909,832
513,CCL,2020-02-05,0 days 15:59:22.659627,349958,44.18,44.17,8039,8375,5862,-1709
514,CCL,2020-02-05,0 days 15:59:23.662142,341620,44.18,44.17,7443,8789,-8338,5862
515,CCL,2020-02-05,0 days 15:59:26.670281,349958,44.18,44.17,8407,7935,8505,-7795
516,CCL,2020-02-05,0 days 15:59:27.672118,342663,44.18,44.17,8387,8246,-7295,8505
517,CDAY,2020-02-05,0 days 15:58:34.551189,136834,73.53,73.47,510,1051,-344,56
518,CDAY,2020-02-05,0 days 15:58:35.553583,136478,73.53,73.47,610,1051,356,-344
519,CDAY,2020-02-05,0 days 15:58:48.584843,137534,73.46,73.38,400,392,-3963,1850
520,CDAY,2020-02-05,0 days 15:58:49.587789,136297,73.46,73.38,734,392,1237,-3963
521,CDAY,2020-02-05,0 days 15:59:05.621638,137673,73.45,73.38,537,919,-7067,2789
522,CDAY,2020-02-05,0 days 15:59:06.624498,136940,73.43,73.35,403,325,6746,-7067
523,CDAY,2020-02-05,0 days 15:59:09.630700,137673,73.43,73.36,808,1304,-5367,946
524,CDAY,2020-02-05,0 days 15:59:15.643600,137573,73.47,73.43,200,245,-6967,946
525,CDAY,2020-02-05,0 days 15:59:16.645397,137240,73.48,73.43,650,473,433,-6967
526,CDAY,2020-02-05,0 days 15:59:19.652588,143686,73.48,73.37,576,204,-3305,8246
527,CDAY,2020-02-05,0 days 15:59:30.679874,138981,73.48,73.37,532,953,-13302,611
528,CDAY,2020-02-05,0 days 15:59:41.707055,143010,73.48,73.42,467,860,-19246,11667
529,CDAY,2020-02-05,0 days 15:59:42.708674,137456,73.48,73.4,567,50,5654,-19246
530,CDAY,2020-02-05,0 days 15:59:54.737082,143010,73.53,73.27,178,8966,-19346,3567
531,CDE,2020-02-05,0 days 15:55:51.228791,112344,6.15,6.14,18337,40662,1081,-1919
532,CDE,2020-02-05,0 days 15:55:52.231139,110925,6.15,6.14,22714,35332,-1419,1081
533,CDE,2020-02-05,0 days 15:57:07.412457,115544,6.15,6.14,22821,44338,4275,-1525
534,CDE,2020-02-05,0 days 15:57:08.415076,113919,6.15,6.14,22621,44638,-1625,4275
535,CDE,2020-02-05,0 days 15:58:03.549029,129862,6.16,6.15,37355,42713,4857,-2025
536,CF,2020-02-05,0 days 15:55:01.037972,229955,42.62,42.61,909,2977,41327,-23030
537,CF,2020-02-05,0 days 15:55:02.038258,229782,42.64,42.63,1203,300,-173,41327
538,CF,2020-02-05,0 days 15:57:00.323946,268470,42.72,42.71,504,2117,273,-5347
539,CF,2020-02-05,0 days 15:57:01.326123,267142,42.72,42.71,1294,2644,-1328,273
540,CF,2020-02-05,0 days 15:57:07.340507,268489,42.71,42.7,803,2275,3364,-2134
541,CF,2020-02-05,0 days 15:57:08.343365,268253,42.71,42.7,603,2753,-7647,3364
542,CF,2020-02-05,0 days 15:58:07.486727,289534,42.69,42.68,978,515,3388,-5436
543,CF,2020-02-05,0 days 15:58:10.494138,272189,42.67,42.66,1511,400,-5489,8211
544,CF,2020-02-05,0 days 15:59:11.637682,307849,42.72,42.71,841,660,15177,-3647
545,CF,2020-02-05,0 days 15:59:27.672053,327250,42.71,42.7,1188,2002,-372,401
546,CFG,2020-02-05,0 days 15:55:32.111370,218490,39.45,39.44,6036,5453,5348,-1752
547,CFG,2020-02-05,0 days 15:55:33.113229,216938,39.45,39.44,5436,7100,-1552,5348
548,CFG,2020-02-05,0 days 15:56:54.308532,220413,39.46,39.45,4678,6163,8005,-1982
549,CFG,2020-02-05,0 days 15:56:55.311530,219718,39.46,39.45,4675,6826,-695,8005
550,CFG,2020-02-05,0 days 15:58:08.488935,235728,39.48,39.47,7910,6961,-2330,424
551,CFG,2020-02-05,0 days 15:58:58.608595,235799,39.46,39.45,8740,9423,-1405,1695
552,CFG,2020-02-05,0 days 15:59:04.625238,243215,39.48,39.47,2426,10730,9937,-1497
553,CFG,2020-02-05,0 days 15:59:05.621753,242552,39.48,39.47,724,12728,-1162,9937
554,CFG,2020-02-05,0 days 15:59:19.652648,267175,39.5,39.49,5132,11826,-1715,1905
555,CFG,2020-02-05,0 days 15:59:20.655293,265490,39.5,39.49,4732,12378,1685,-1715
556,CFG,2020-02-05,0 days 15:59:27.672148,268502,39.5,39.49,4489,10888,-11688,3012
557,CFG,2020-02-05,0 days 15:59:28.675159,267790,39.5,39.49,6035,9598,712,-11688
558,CGC,2020-02-05,0 days 15:58:14.680701,43036,21.63,21.62,4112,1503,32637,-2163
559,CGC,2020-02-05,0 days 15:59:34.877615,60864,21.67,21.66,1000,9300,-134,666
560,CHD,2020-02-05,0 days 15:56:07.686532,133418,74.26,74.25,1101,879,873,-3246
561,CHD,2020-02-05,0 days 15:56:09.688725,130048,74.24,74.22,66,1622,-2230,1359
562,CHD,2020-02-05,0 days 15:56:10.691383,132278,74.24,74.22,306,1200,551,-2230
563,CHD,2020-02-05,0 days 15:56:11.694360,131848,74.24,74.22,806,1322,-430,551
564,CHD,2020-02-05,0 days 15:56:12.696045,132278,74.24,74.22,751,1562,428,-430
565,CHD,2020-02-05,0 days 15:56:13.698519,130506,74.25,74.23,1301,850,-1772,428
566,CHD,2020-02-05,0 days 15:56:16.705762,132278,74.25,74.23,1202,950,228,-1772
567,CHD,2020-02-05,0 days 15:56:17.707918,130506,74.25,74.23,1002,1272,-1772,228
568,CHD,2020-02-05,0 days 15:57:55.945222,138145,74.24,74.23,991,155,91,-2209
569,CHD,2020-02-05,0 days 15:58:00.958789,136136,74.25,74.24,296,706,-2009,91
570,CHD,2020-02-05,0 days 15:58:04.967479,138145,74.25,74.24,525,452,5890,-1981
571,CHD,2020-02-05,0 days 15:58:05.971217,136635,74.25,74.24,725,558,-1510,5890
572,CHD,2020-02-05,0 days 15:58:26.018044,139795,74.24,74.23,1166,341,1990,-1610
573,CHD,2020-02-05,0 days 15:58:27.020867,138185,74.24,74.23,1166,346,-1610,1990
574,CHD,2020-02-05,0 days 15:59:05.114948,146701,74.28,74.27,1017,3,3386,-2479
575,CHD,2020-02-05,0 days 15:59:06.115981,145787,74.28,74.27,954,348,-914,3386
576,CHD,2020-02-05,0 days 15:59:12.131200,146866,74.28,74.26,788,994,394,-1048
577,CHD,2020-02-05,0 days 15:59:13.133011,145960,74.28,74.26,688,1320,-906,394
578,CHD,2020-02-05,0 days 15:59:15.138873,147458,74.28,74.26,1008,1051,16939,-906
579,CHL,2020-02-05,0 days 15:55:07.122289,15483,41.79,41.78,3334,3521,632,-212
580,CHL,2020-02-05,0 days 15:57:22.448759,15601,41.78,41.77,2800,4433,7485,-13
581,CHS,2020-02-05,0 days 15:58:23.602613,114289,4.27,4.26,40074,32103,4381,-3619
582,CHS,2020-02-05,0 days 15:58:46.657945,102629,4.27,4.26,22817,51619,-17660,4981
583,CHS,2020-02-05,0 days 15:58:47.660358,99589,4.27,4.26,23617,50319,3040,-17660
584,CHS,2020-02-05,0 days 15:59:27.758044,133313,4.27,4.26,20708,45508,-636,5464
585,CHS,2020-02-05,0 days 15:59:35.778254,128049,4.27,4.26,35288,54879,5872,-28
586,CHWY,2020-02-05,0 days 15:55:00.210798,23120,26.91,26.89,326,201,-232,12645
587,CHWY,2020-02-05,0 days 15:56:15.392241,24970,26.89,26.87,980,822,413,-287
588,CHWY,2020-02-05,0 days 15:56:16.394726,24683,26.88,26.87,100,129,-287,413
589,CHWY,2020-02-05,0 days 15:58:38.738726,32731,26.9,26.88,826,348,756,-844
590,CHWY,2020-02-05,0 days 15:58:39.741525,30387,26.9,26.87,972,700,-2344,756
591,CI,2020-02-05,0 days 15:57:33.389060,101343,206.21,206.19,417,100,-52,1048
592,CI,2020-02-05,0 days 15:57:36.396626,99951,206.21,206.18,513,1410,1392,-52
593,CI,2020-02-05,0 days 15:57:38.401016,101343,206.21,206.18,313,1410,-508,492
594,CI,2020-02-05,0 days 15:57:39.403490,101151,206.21,206.18,313,1419,192,-508
595,CI,2020-02-05,0 days 15:57:41.408298,101343,206.21,206.18,313,1488,-808,192
596,CI,2020-02-05,0 days 15:57:42.411219,100604,206.21,206.16,421,140,739,-808
597,CI,2020-02-05,0 days 15:58:42.556501,101758,206.09,206.03,8,111,-46,954
598,CI,2020-02-05,0 days 15:58:43.558439,100504,206.09,206.03,204,111,1254,-46
599,CI,2020-02-05,0 days 15:59:04.610203,110706,206.19,206.15,700,1662,-4423,1486
600,CI,2020-02-05,0 days 15:59:05.612752,109839,206.15,206.09,290,944,867,-4423
601,CI,2020-02-05,0 days 15:59:10.625251,109969,206.13,206.05,249,990,-1228,2001
602,CI,2020-02-05,0 days 15:59:11.629109,109074,206.14,206.09,100,120,25543,-1228
603,CI,2020-02-05,0 days 15:59:35.686420,135137,206.27,206.21,927,594,-3831,650
604,CI,2020-02-05,0 days 15:59:39.697176,133548,206.31,206.27,106,100,1289,-2111
605,CI,2020-02-05,0 days 15:59:47.715381,134537,206.41,206.29,46,1135,-616,1289
606,CI,2020-02-05,0 days 15:59:48.717513,133753,206.41,206.29,46,935,784,-616
607,CIG,2020-02-05,0 days 15:55:00.077963,100201,3.71,3.7,25540,382590,-29334,99758
608,CIG,2020-02-05,0 days 15:59:11.687775,449191,3.72,3.71,541481,233821,2317,-35276
609,CL,2020-02-05,0 days 15:59:36.774531,554453,75.76,75.75,1629,2616,4448,-7007
610,CL,2020-02-05,0 days 15:59:38.779226,551383,75.8,75.79,2109,1045,-3470,472
611,CLDR,2020-02-05,0 days 15:55:51.228764,83722,10.6,10.59,10311,11983,2209,-91
612,CLDR,2020-02-05,0 days 15:55:52.231111,83031,10.6,10.59,10311,12083,-691,2209
613,CLDR,2020-02-05,0 days 15:57:57.533563,85504,10.61,10.6,11851,13007,727,-273
614,CLDR,2020-02-05,0 days 15:57:58.535989,84731,10.61,10.6,12080,13207,-773,727
615,CLDR,2020-02-05,0 days 15:59:10.712169,100217,10.6,10.59,7188,25273,9142,-4022
616,CLDR,2020-02-05,0 days 15:59:11.715165,89903,10.6,10.59,7093,25021,-10314,9142
617,CLDR,2020-02-05,0 days 15:59:13.719298,100217,10.6,10.59,7012,25633,10540,-2214
618,CLDR,2020-02-05,0 days 15:59:14.724258,95957,10.6,10.59,7712,24733,-4260,10540
619,CLF,2020-02-05,0 days 15:56:07.330954,264156,7.82,7.81,60723,25914,-4790,3487
620,CLF,2020-02-05,0 days 15:56:08.333620,258246,7.82,7.81,58500,26309,5910,-4790
621,CLF,2020-02-05,0 days 15:57:52.585693,248663,7.83,7.82,50849,51481,3982,-16318
622,CLNY,2020-02-05,0 days 15:55:10.135494,71440,4.83,4.82,20434,8984,-988,3942
623,CLNY,2020-02-05,0 days 15:56:29.325732,71440,4.83,4.82,23447,10935,-1988,812
624,CLNY,2020-02-05,0 days 15:56:57.393625,72428,4.82,4.81,26250,8094,1512,-988
625,CLNY,2020-02-05,0 days 15:58:24.604725,90037,4.82,4.81,24507,21099,-3873,2009
626,CLNY,2020-02-05,0 days 15:58:25.607379,88710,4.82,4.81,24460,20999,1327,-3873
627,CLNY,2020-02-05,0 days 15:59:27.757927,93997,4.83,4.82,1300,33739,7627,-973
628,CLNY,2020-02-05,0 days 15:59:28.760711,101624,4.83,4.82,1100,33745,-1873,7627
629,CLNY,2020-02-05,0 days 15:59:42.793961,101597,4.84,4.83,14605,34503,27,-11873
630,CLR,2020-02-05,0 days 15:55:43.215419,123419,28.43,28.42,2457,1278,-437,363
631,CLR,2020-02-05,0 days 15:55:44.217511,123056,28.43,28.42,2657,2278,363,-437
632,CLR,2020-02-05,0 days 15:56:05.267389,123419,28.42,28.41,2688,3633,-823,325
633,CLR,2020-02-05,0 days 15:57:00.401036,126869,28.44,28.43,3049,3338,1788,-2325
634,CLR,2020-02-05,0 days 15:57:02.405721,128657,28.44,28.43,5349,2247,-2135,165
635,CLR,2020-02-05,0 days 15:57:03.408640,127644,28.44,28.43,4340,3347,1013,-2135
636,CLR,2020-02-05,0 days 15:57:17.442010,128761,28.44,28.43,6674,2899,-2625,979
637,CLR,2020-02-05,0 days 15:57:45.509528,138486,28.44,28.43,7728,4645,828,-1325
638,CLR,2020-02-05,0 days 15:58:06.561446,141514,28.42,28.41,4004,1675,-4695,860
639,CLR,2020-02-05,0 days 15:58:07.563719,139709,28.42,28.41,4504,1125,1405,-4695
640,CLR,2020-02-05,0 days 15:58:19.592755,142014,28.41,28.4,3875,492,-315,385
641,CLR,2020-02-05,0 days 15:58:20.595298,141329,28.41,28.4,3765,892,685,-315
642,CLR,2020-02-05,0 days 15:58:57.684707,139614,28.44,28.43,1088,1002,-560,740
643,CLR,2020-02-05,0 days 15:58:58.687010,138674,28.44,28.43,2262,602,940,-560
644,CLR,2020-02-05,0 days 15:59:05.705782,140814,28.44,28.43,2525,1831,-13597,441
645,CLR,2020-02-05,0 days 15:59:11.721433,154311,28.42,28.41,1579,1149,90,-423
646,CLR,2020-02-05,0 days 15:59:12.722450,153401,28.42,28.41,2162,1256,-910,90
647,CLR,2020-02-05,0 days 15:59:13.725237,156423,28.42,28.41,2362,956,6578,-910
648,CLR,2020-02-05,0 days 15:59:14.730334,153101,28.42,28.41,2876,1259,-3322,6578
649,CLR,2020-02-05,0 days 15:59:17.732726,158536,28.42,28.41,4412,1158,865,-2435
650,CLR,2020-02-05,0 days 15:59:18.735762,158401,28.42,28.41,4315,1158,-135,865
651,CLR,2020-02-05,0 days 15:59:25.753386,158597,28.42,28.41,4996,1553,6404,-9635
652,CLR,2020-02-05,0 days 15:59:26.755303,157301,28.42,28.41,2503,1453,-4496,6404
653,CLR,2020-02-05,0 days 15:59:27.757927,166104,28.42,28.41,2835,1448,397,-4496
654,CLR,2020-02-05,0 days 15:59:28.760711,164001,28.42,28.41,2735,1548,-2103,397
655,CLR,2020-02-05,0 days 15:59:29.762746,166104,28.42,28.41,3417,1444,497,-2103
656,CLR,2020-02-05,0 days 15:59:30.765894,164001,28.42,28.41,3023,2352,-2103,497
657,CLX,2020-02-05,0 days 15:55:07.186804,107399,165.55,165.52,158,756,-76,724
658,CLX,2020-02-05,0 days 15:55:08.188776,107077,165.55,165.52,160,756,322,-76
659,CLX,2020-02-05,0 days 15:55:14.203746,107399,165.52,165.47,140,401,-801,312
660,CLX,2020-02-05,0 days 15:55:15.206338,107200,165.51,165.47,142,502,199,-801
661,CLX,2020-02-05,0 days 15:56:13.345806,109642,165.45,165.42,279,229,-608,224
662,CLX,2020-02-05,0 days 15:56:14.348030,109550,165.43,165.41,100,246,92,-608
663,CLX,2020-02-05,0 days 15:57:21.510272,116807,165.39,165.36,215,30,-479,176
664,CLX,2020-02-05,0 days 15:57:22.512961,116457,165.41,165.37,650,100,350,-479
665,CLX,2020-02-05,0 days 15:57:58.600300,116807,165.44,165.41,439,435,-528,472
666,CLX,2020-02-05,0 days 15:57:59.602704,116335,165.44,165.41,540,569,472,-528
667,CLX,2020-02-05,0 days 15:58:08.625354,125792,165.43,165.4,100,200,-1095,9405
668,CLX,2020-02-05,0 days 15:58:09.627778,124687,165.43,165.4,89,232,1105,-1095
669,CLX,2020-02-05,0 days 15:59:10.777771,120609,165.54,165.52,4,320,2413,-87
670,CLX,2020-02-05,0 days 15:59:11.781483,141822,165.46,165.4,516,1573,-397,2413
671,CLX,2020-02-05,0 days 15:59:24.811452,143170,165.45,165.41,508,656,144,-295
672,CLX,2020-02-05,0 days 15:59:38.845960,140914,165.42,165.41,2,100,-1015,1385
673,CLX,2020-02-05,0 days 15:59:44.860235,140355,165.4,165.38,513,100,-224,1476
674,CMA,2020-02-05,0 days 15:55:00.119619,100958,64.36,64.35,116,204,-377,24084
675,CMA,2020-02-05,0 days 15:55:01.122307,99058,64.35,64.34,302,301,1900,-377
676,CMA,2020-02-05,0 days 15:55:02.125602,98658,64.34,64.31,602,603,-400,1900
677,CMA,2020-02-05,0 days 15:55:32.197792,102719,64.35,64.34,735,83,2727,-1073
678,CMA,2020-02-05,0 days 15:55:33.200175,101946,64.35,64.34,835,83,-973,2727
679,CMA,2020-02-05,0 days 15:56:29.335151,105935,64.37,64.36,300,519,1050,-2150
680,CMA,2020-02-05,0 days 15:56:30.337439,105085,64.38,64.37,305,300,-850,1050
681,CMA,2020-02-05,0 days 15:56:54.395574,106435,64.33,64.32,200,514,1899,-378
682,CMA,2020-02-05,0 days 15:57:54.540463,111871,64.4,64.39,601,580,1808,-1692
683,CMA,2020-02-05,0 days 15:57:55.542992,110779,64.4,64.39,601,580,-1092,1808
684,CMA,2020-02-05,0 days 15:58:05.567767,111871,64.39,64.38,700,4900,572,-1192
685,CMA,2020-02-05,0 days 15:58:06.570162,111193,64.39,64.38,360,5400,-678,572
686,CMA,2020-02-05,0 days 15:58:38.647819,111209,64.39,64.38,182,4678,-662,6758
687,CMA,2020-02-05,0 days 15:58:55.688773,112102,64.39,64.38,821,2271,939,-311
688,CMA,2020-02-05,0 days 15:59:06.717235,126231,64.4,64.39,345,583,1897,-4803
689,CMA,2020-02-05,0 days 15:59:07.719281,124928,64.4,64.39,493,683,-1303,1897
690,CMA,2020-02-05,0 days 15:59:10.726820,124144,64.42,64.4,611,699,4529,-1400
691,CMA,2020-02-05,0 days 15:59:12.731176,129873,64.42,64.4,711,803,-1272,4322
692,CMA,2020-02-05,0 days 15:59:13.734203,131445,64.42,64.4,711,907,628,-1272
693,CMI,2020-02-05,0 days 15:56:58.496239,131290,166.29,166.25,496,983,-6352,1982
694,CMI,2020-02-05,0 days 15:56:59.499036,127470,166.24,166.22,222,133,4129,-6352
695,CMI,2020-02-05,0 days 15:59:30.866934,139786,166.45,166.41,710,600,-1713,236
696,CMI,2020-02-05,0 days 15:59:31.868760,137499,166.44,166.41,10,1636,2287,-1713
697,CMI,2020-02-05,0 days 15:59:36.880864,139789,166.4,166.36,921,221,-1268,966
698,CMI,2020-02-05,0 days 15:59:37.883430,140757,166.35,166.32,100,304,332,-1268
699,CMI,2020-02-05,0 days 15:59:38.903240,139789,166.36,166.32,22,924,-1068,332
700,CMI,2020-02-05,0 days 15:59:39.888670,131157,166.36,166.32,22,1024,8632,-1068
701,CMI,2020-02-05,0 days 15:59:58.931941,139189,166.45,166.38,1419,1151,-545,9483
702,CMI,2020-02-05,0 days 16:00:00.936531,130606,166.38,166.37,2313,12933,9183,-1831
703,CMS,2020-02-05,0 days 15:55:33.185271,206536,67.94,67.92,1455,1928,-48,52
704,CMS,2020-02-05,0 days 15:55:35.189978,202884,67.94,67.92,1455,1929,3652,-1148
705,CMS,2020-02-05,0 days 15:56:05.261910,206736,67.92,67.91,1579,1362,-994,3506
706,CMS,2020-02-05,0 days 15:56:06.264443,203530,67.92,67.91,1489,1514,3206,-994
707,CMS,2020-02-05,0 days 15:57:10.419904,217518,67.94,67.93,1751,547,-174,1732
708,CMS,2020-02-05,0 days 15:57:24.453630,214248,67.92,67.91,1357,1320,3270,-330
709,CMS,2020-02-05,0 days 15:59:03.694066,220968,67.95,67.94,1351,200,2137,-1493
710,CMS,2020-02-05,0 days 15:59:14.724534,235166,67.94,67.93,2050,202,-1677,4642
711,CMS,2020-02-05,0 days 15:59:16.724537,236866,67.93,67.92,1870,200,400,-1700
712,CMS,2020-02-05,0 days 15:59:17.726890,237266,67.94,67.92,1484,1213,-5613,400
713,CNC,2020-02-05,0 days 15:55:01.038042,370982,65.99,65.98,100,100,39060,-23201
714,CNC,2020-02-05,0 days 15:55:44.140354,392787,66.02,66.01,570,1509,-3058,553
715,CNC,2020-02-05,0 days 15:56:55.311439,398899,66.03,66.02,800,700,9051,-641
716,CNC,2020-02-05,0 days 15:56:56.313372,396614,66.03,66.02,500,760,-2285,9051
717,CNC,2020-02-05,0 days 15:57:21.374117,415693,66.1,66.08,1601,2196,521,-4479
718,CNC,2020-02-05,0 days 15:57:22.376557,411514,66.11,66.1,1024,1100,-4179,521
719,CNC,2020-02-05,0 days 15:57:50.444930,416814,66.03,66.02,1678,200,-4496,4804
720,CNC,2020-02-05,0 days 15:58:07.486777,413910,66.02,66.01,599,602,14466,-5528
721,CNC,2020-02-05,0 days 15:58:08.488912,409776,66.05,66.04,200,2300,-4134,14466
722,CNC,2020-02-05,0 days 15:58:55.601511,424808,66.06,66.05,576,2411,1823,-4245
723,CNC,2020-02-05,0 days 15:58:58.608566,424808,66.06,66.05,1937,3386,1323,-9977
724,CNC,2020-02-05,0 days 15:58:59.611738,421531,66.06,66.05,5251,3938,-3277,1323
725,CNC,2020-02-05,0 days 15:59:10.633382,471758,66.06,66.05,1971,2474,34174,-9645
726,CNC,2020-02-05,0 days 15:59:11.637768,467932,66.08,66.06,2000,1002,-3977,34174
727,CNC,2020-02-05,0 days 15:59:23.662084,473117,66.06,66.05,2208,1858,2713,-487
728,CNC,2020-02-05,0 days 15:59:37.697009,472435,66.06,66.05,2560,2105,-845,11691
729,CNC,2020-02-05,0 days 15:59:40.704555,473431,66.08,66.07,447,654,72,-964
730,CNC,2020-02-05,0 days 15:59:41.707019,472403,66.12,66.11,200,832,-2228,72
731,CNC,2020-02-05,0 days 15:59:43.711059,472024,66.04,66.03,100,3200,3393,-2128
732,CNC,2020-02-05,0 days 15:59:49.725607,475216,66.09,66.08,1200,300,-659,441
733,CNP,2020-02-05,0 days 15:56:16.261477,400010,26.75,26.74,8642,12350,2974,-6234
734,CNP,2020-02-05,0 days 15:56:17.263653,389284,26.75,26.74,9567,14113,-10726,2974
735,CNP,2020-02-05,0 days 15:58:40.610502,431424,26.75,26.74,12444,11663,2426,-7174
736,CNP,2020-02-05,0 days 15:58:41.612963,421450,26.75,26.74,12242,12163,-9974,2426
737,CNP,2020-02-05,0 days 15:58:56.648969,426939,26.75,26.74,14765,13417,3212,-5191
738,CNP,2020-02-05,0 days 15:58:57.651336,418151,26.75,26.74,14351,13217,-8900,3212
739,CNP,2020-02-05,0 days 15:59:04.669598,427943,26.76,26.75,10517,21489,34798,-9772
740,CNP,2020-02-05,0 days 15:59:05.671878,424221,26.76,26.75,9996,22134,-3722,34798
741,CNP,2020-02-05,0 days 15:59:15.696499,428310,26.76,26.75,13518,19659,35889,-3569
742,CNP,2020-02-05,0 days 15:59:16.698998,427399,26.76,26.75,12120,21675,-911,35889
743,CNP,2020-02-05,0 days 15:59:19.705803,428310,26.76,26.75,13080,19943,3784,-911
744,CNP,2020-02-05,0 days 15:59:20.708129,427694,26.76,26.75,15194,12734,-616,3784
745,CNP,2020-02-05,0 days 15:59:43.765032,432816,26.76,26.75,21481,14452,620,-2653
746,CNQ,2020-02-05,0 days 15:55:45.631155,42573,29.22,29.21,11415,11134,-1063,559
747,CNQ,2020-02-05,0 days 15:56:56.802852,43670,29.23,29.22,12652,8508,1881,-985
748,CNQ,2020-02-05,0 days 15:58:51.079668,54774,29.23,29.22,8085,14466,-3671,947
749,CNQ,2020-02-05,0 days 15:58:52.081953,54245,29.23,29.22,8733,14666,529,-3671
750,CNX,2020-02-05,0 days 15:55:44.276113,447095,7.97,7.96,18219,16860,-16227,21622
751,CNX,2020-02-05,0 days 15:55:45.278082,432322,7.97,7.96,20419,17160,14773,-16227
752,CNX,2020-02-05,0 days 15:56:54.444278,447095,7.97,7.96,27984,3878,-8438,2862
753,CNX,2020-02-05,0 days 15:56:55.447056,434533,7.97,7.96,29584,4404,12562,-8438
754,CNX,2020-02-05,0 days 15:58:46.717342,455179,7.97,7.96,14001,31710,-4913,8155
755,CNX,2020-02-05,0 days 15:58:47.720061,431992,7.97,7.96,14001,31410,23187,-4913
756,COF,2020-02-05,0 days 15:56:58.454345,172301,104.67,104.65,756,698,509,-1161
757,COF,2020-02-05,0 days 15:56:59.456851,169029,104.67,104.65,919,693,-3042,509
758,COF,2020-02-05,0 days 15:58:56.741631,174352,104.7,104.69,312,719,2554,-5138
759,COF,2020-02-05,0 days 15:58:57.743768,165983,104.71,104.7,220,557,-8369,2554
760,COF,2020-02-05,0 days 15:59:15.789357,175509,104.75,104.72,3413,1151,6973,-421
761,COF,2020-02-05,0 days 15:59:33.832831,181505,104.75,104.74,236,340,-84,316
762,COF,2020-02-05,0 days 15:59:37.843332,186183,104.74,104.72,456,450,4389,-3
763,COF,2020-02-05,0 days 15:59:39.848185,188972,104.76,104.72,1443,1150,-3603,589
764,COF,2020-02-05,0 days 15:59:45.863337,189472,104.75,104.72,404,1133,-141,3459
765,COG,2020-02-05,0 days 15:59:39.787282,645007,14.85,14.84,42746,7360,-850,2878
766,COG,2020-02-05,0 days 15:59:48.809849,634957,14.85,14.84,16411,24457,8777,-1950
767,COP,2020-02-05,0 days 15:56:01.268366,600862,58.61,58.6,303,2256,-4778,44022
768,COP,2020-02-05,0 days 15:56:02.269994,587255,58.61,58.6,1402,1000,13607,-4778
769,COP,2020-02-05,0 days 15:59:05.715175,729735,58.74,58.73,4369,3912,-11041,56609
770,COP,2020-02-05,0 days 15:59:06.717455,708717,58.71,58.7,100,2200,21918,-11041
771,COP,2020-02-05,0 days 15:59:21.753457,763651,58.73,58.72,3513,1932,-18645,33197
772,COP,2020-02-05,0 days 15:59:22.755844,753296,58.73,58.72,788,4934,10355,-18645
773,COP,2020-02-05,0 days 15:59:40.801042,775851,58.73,58.72,3632,707,-17217,6912
774,COP,2020-02-05,0 days 15:59:41.802796,769168,58.73,58.72,4390,300,6683,-17217
775,COTY,2020-02-05,0 days 15:57:49.427423,1078260,12.25,12.24,25193,9252,11712,-50497
776,COTY,2020-02-05,0 days 15:58:46.565860,1137878,12.19,12.18,29957,14150,-33774,41790
777,COTY,2020-02-05,0 days 15:58:47.568180,1106052,12.19,12.18,30273,14050,31826,-33774
778,COTY,2020-02-05,0 days 15:59:30.674890,1269842,12.19,12.18,31322,35931,-10128,32652
779,COTY,2020-02-05,0 days 15:59:31.677161,1250470,12.19,12.18,35572,40339,19372,-10128
780,CPE,2020-02-05,0 days 15:55:40.202255,529887,3.22,3.21,211883,77805,32909,-128299
781,CPE,2020-02-05,0 days 15:57:07.412335,579709,3.22,3.21,186884,121914,-8949,26422
782,CPG,2020-02-05,0 days 15:56:56.385360,4837,3.37,3.36,95077,173300,-4,2696
783,CPG,2020-02-05,0 days 15:58:51.664803,8338,3.37,3.36,104802,200300,346,-3501
784,CPG,2020-02-05,0 days 15:59:38.779406,17190,3.37,3.36,34514,258464,-1288,512
785,CPG,2020-02-05,0 days 15:59:39.781792,16678,3.37,3.36,37914,249364,512,-1288
786,CPG,2020-02-05,0 days 15:59:43.791049,17190,3.37,3.36,32714,285164,-208,512
787,CPG,2020-02-05,0 days 15:59:48.803172,16698,3.38,3.37,174590,156363,492,-208
788,CPRI,2020-02-05,0 days 15:57:08.477654,212195,33.26,33.25,6490,3186,1033,-2867
789,CPRI,2020-02-05,0 days 15:57:09.480384,209428,33.24,33.23,102,700,-1367,1033
790,CPRI,2020-02-05,0 days 15:57:38.550687,212276,33.26,33.25,7558,2877,1152,-2848
791,CPRI,2020-02-05,0 days 15:57:39.552831,209928,33.26,33.25,7558,2877,-2348,1152
792,CPRI,2020-02-05,0 days 15:58:05.617351,212276,33.31,33.3,1700,1909,1248,-2348
793,CPRI,2020-02-05,0 days 15:58:07.622694,210828,33.28,33.27,4302,1700,-1448,1952
794,CPRI,2020-02-05,0 days 15:58:13.635914,212276,33.28,33.27,5464,3205,352,-1448
795,CPRI,2020-02-05,0 days 15:58:14.638167,210828,33.28,33.27,5864,3105,-1448,352
796,CPRI,2020-02-05,0 days 15:58:19.651762,212276,33.25,33.24,1930,519,652,-648
797,CPRI,2020-02-05,0 days 15:59:01.752799,221676,33.25,33.24,1568,2108,712,-1181
798,CPRI,2020-02-05,0 days 15:59:13.784073,229900,33.26,33.25,1539,1740,2601,-6199
799,CPRI,2020-02-05,0 days 15:59:16.789913,227351,33.26,33.25,2992,534,-849,551
800,CRC,2020-02-05,0 days 15:57:45.609627,141545,7.37,7.36,6217,2945,-507,193
801,CRC,2020-02-05,0 days 15:57:46.611960,139552,7.37,7.36,5717,2945,1993,-507
802,CRC,2020-02-05,0 days 15:57:49.619214,141545,7.37,7.36,6420,2945,-807,1993
803,CRC,2020-02-05,0 days 15:57:50.622370,139752,7.37,7.36,6320,2845,1793,-807
804,CRC,2020-02-05,0 days 15:58:29.717084,141545,7.37,7.36,12410,2244,-1007,1793
805,CRC,2020-02-05,0 days 15:58:30.719376,140052,7.37,7.36,12210,2244,1493,-1007
806,CRC,2020-02-05,0 days 15:58:57.784683,141545,7.37,7.36,12469,2607,-1007,1093
807,CRC,2020-02-05,0 days 15:58:58.788385,140352,7.36,7.35,3675,2234,1193,-1007
808,CRM,2020-02-05,0 days 15:57:08.388522,367931,185.19,185.17,435,200,-2478,3959
809,CRM,2020-02-05,0 days 15:57:09.390650,365109,185.18,185.16,40,100,2822,-2478
810,CRM,2020-02-05,0 days 15:57:38.460284,367882,185.25,185.23,394,375,-4011,654
811,CRM,2020-02-05,0 days 15:57:39.462536,366893,185.25,185.23,547,10,968,-4011
812,CRM,2020-02-05,0 days 15:57:41.467783,367882,185.25,185.23,797,40,-411,768
813,CRM,2020-02-05,0 days 15:57:43.472534,366993,185.24,185.22,458,640,964,-36
814,CRM,2020-02-05,0 days 15:57:50.489555,368557,185.24,185.22,590,1106,-536,543
815,CRM,2020-02-05,0 days 15:57:52.494070,367593,185.24,185.22,463,958,943,-836
816,CRM,2020-02-05,0 days 15:58:18.557724,392238,185.24,185.22,18,1196,-55,3124
817,CRM,2020-02-05,0 days 15:58:27.579799,389118,185.23,185.21,747,187,3120,-980
818,CRM,2020-02-05,0 days 15:58:37.604241,392217,185.25,185.22,1163,509,-6301,3099
819,CRM,2020-02-05,0 days 15:58:38.606913,390018,185.25,185.22,1163,509,2199,-6301
820,CRM,2020-02-05,0 days 15:58:59.656936,403593,185.31,185.29,614,928,2863,-837
821,CS,2020-02-05,0 days 15:56:59.307007,48281,12.99,12.98,177944,13359,65,-1935
822,CS,2020-02-05,0 days 15:57:04.319095,48346,12.99,12.98,177744,16264,-35,65
823,CS,2020-02-05,0 days 15:59:36.689189,68682,12.99,12.98,195310,16350,4173,-7252
824,CS,2020-02-05,0 days 15:59:44.708464,67623,12.99,12.98,188419,11570,-1059,1766
825,CTL,2020-02-05,0 days 15:59:14.641974,650328,14.41,14.4,35411,40565,29716,-18334
826,CTL,2020-02-05,0 days 15:59:15.643743,634044,14.41,14.4,48050,38833,-16284,29716
827,CTL,2020-02-05,0 days 15:59:30.679892,654197,14.42,14.41,27364,86606,5347,-19353
828,CTL,2020-02-05,0 days 15:59:43.711142,648399,14.42,14.41,99304,254834,-10801,70299
829,CTLT,2020-02-05,0 days 15:58:29.676273,104091,59.17,59.16,4556,1475,-230,3572
830,CTLT,2020-02-05,0 days 15:58:30.678712,102121,59.17,59.16,4556,1575,1472,-230
831,CTLT,2020-02-05,0 days 15:59:45.863167,106469,59.27,59.25,138,476,-441,667
832,CTLT,2020-02-05,0 days 15:59:50.873949,105462,59.27,59.25,745,1898,1007,-1093
833,CTVA,2020-02-05,0 days 15:55:51.292584,506276,31.58,31.57,6005,6440,-538,1762
834,CTVA,2020-02-05,0 days 15:55:52.295084,499914,31.58,31.57,6524,6149,6362,-538
835,CTVA,2020-02-05,0 days 15:57:36.547020,544170,31.63,31.62,1678,9132,-362,8117
836,CTVA,2020-02-05,0 days 15:57:38.552029,541632,31.63,31.62,2410,8835,2417,-2162
837,CTVA,2020-02-05,0 days 15:58:30.678859,554938,31.64,31.63,3693,2910,96341,-138
838,CVE,2020-02-05,0 days 15:57:08.329140,38267,9.14,9.13,6853,164524,-5181,6019
839,CVNA,2020-02-05,0 days 15:56:53.383333,57892,89.47,89.43,437,302,-564,136
840,CVNA,2020-02-05,0 days 15:56:54.385906,57656,89.47,89.43,437,302,236,-564
841,CVNA,2020-02-05,0 days 15:57:08.421022,58856,89.47,89.43,839,581,-457,156
842,CVNA,2020-02-05,0 days 15:57:19.446579,58856,89.44,89.42,306,400,-57,143
843,CVNA,2020-02-05,0 days 15:57:20.449255,58813,89.44,89.42,380,400,43,-57
844,CVNA,2020-02-05,0 days 15:57:38.492460,58987,89.44,89.42,666,924,-126,74
845,CVNA,2020-02-05,0 days 15:57:39.494986,59713,89.45,89.43,969,202,674,-126
846,CVNA,2020-02-05,0 days 15:57:40.497723,60087,89.44,89.43,20,100,-26,674
847,CVNA,2020-02-05,0 days 15:57:45.509612,61513,89.45,89.43,857,114,274,-326
848,CVNA,2020-02-05,0 days 15:57:46.511906,61387,89.45,89.43,957,114,-26,274
849,CVNA,2020-02-05,0 days 15:57:52.526369,61713,89.43,89.4,204,2720,274,-126
850,CVNA,2020-02-05,0 days 15:57:58.541499,61350,89.42,89.4,514,1620,-163,37
851,CVNA,2020-02-05,0 days 15:58:01.549342,61313,89.35,89.31,305,800,37,-163
852,CVNA,2020-02-05,0 days 15:58:16.585594,62140,89.43,89.39,1078,1835,1010,-190
853,CVNA,2020-02-05,0 days 15:58:17.590313,62050,89.43,89.39,1178,1835,-90,1010
854,CVNA,2020-02-05,0 days 15:58:40.643882,62687,89.45,89.43,559,300,-953,247
855,CVNA,2020-02-05,0 days 15:58:43.651045,64540,89.43,89.37,621,19,47,-153
856,CVNA,2020-02-05,0 days 15:58:56.682318,64587,89.49,89.4,600,200,-553,147
857,CVNA,2020-02-05,0 days 15:58:57.684798,64440,89.49,89.41,736,312,147,-553
858,CVNA,2020-02-05,0 days 15:59:01.695918,64587,89.49,89.43,738,414,-26,174
859,CVNA,2020-02-05,0 days 15:59:02.698529,64513,89.49,89.43,738,1245,74,-26
860,CVNA,2020-02-05,0 days 15:59:03.699957,64587,89.52,89.48,400,316,-1426,74
861,CVNA,2020-02-05,0 days 15:59:23.747806,67333,89.57,89.53,377,100,-2065,161
862,CVNA,2020-02-05,0 days 15:59:25.753644,72272,89.57,89.52,778,700,665,-265
863,CVNA,2020-02-05,0 days 15:59:29.762855,73138,89.6,89.53,500,200,-2400,635
864,CVNA,2020-02-05,0 days 15:59:35.778436,76538,89.6,89.54,448,1448,13210,-600
865,CVS,2020-02-05,0 days 15:55:01.037972,399432,70.39,70.38,1859,1348,32926,-33777
866,CVS,2020-02-05,0 days 15:55:03.040386,394820,70.35,70.34,1460,200,-4607,32926
867,CVS,2020-02-05,0 days 15:56:26.241095,414219,70.4,70.39,1120,1808,93,-11207
868,CVS,2020-02-05,0 days 15:56:32.255955,414212,70.43,70.42,1600,535,-7,93
869,CVS,2020-02-05,0 days 15:56:36.263719,414219,70.43,70.42,2188,3628,7593,-7
870,CVS,2020-02-05,0 days 15:56:37.266105,407912,70.43,70.42,2388,3628,-6307,7593
871,CVS,2020-02-05,0 days 15:56:54.308485,414218,70.41,70.4,2937,1271,17119,-5306
872,CVS,2020-02-05,0 days 15:56:55.311439,407837,70.42,70.41,1591,448,-6381,17119
873,CVS,2020-02-05,0 days 15:58:18.513892,439204,70.46,70.45,2540,200,975,-2725
874,CVS,2020-02-05,0 days 15:58:19.515384,433179,70.46,70.45,2460,100,-6025,975
875,CVS,2020-02-05,0 days 15:58:46.580254,456304,70.45,70.44,7774,1801,1485,-7415
876,CVS,2020-02-05,0 days 15:58:47.582345,450989,70.45,70.44,8876,2601,-5315,1485
877,CVS,2020-02-05,0 days 15:58:56.603669,460004,70.47,70.46,1852,700,12872,-5195
878,CVS,2020-02-05,0 days 15:58:57.606358,452776,70.46,70.45,300,1681,-3528,12872
879,CVS,2020-02-05,0 days 15:59:04.625095,457701,70.46,70.45,4019,6970,40619,-1142
880,CVS,2020-02-05,0 days 15:59:05.621506,454979,70.48,70.47,3500,1007,-7322,40619
881,CVS,2020-02-05,0 days 15:59:12.638350,480092,70.5,70.49,407,1750,57626,-8816
882,CVS,2020-02-05,0 days 15:59:44.713550,535650,70.57,70.56,9200,172,-214,1686
883,CVS,2020-02-05,0 days 15:59:45.715709,537864,70.56,70.55,1323,2484,3511,-214
884,CVS,2020-02-05,0 days 15:59:54.737003,538142,70.55,70.53,400,341,3233,-1467
885,CVX,2020-02-05,0 days 15:59:38.693904,888559,110.2,110.18,212,699,-2145,16270
886,CVX,2020-02-05,0 days 15:59:39.697176,877741,110.19,110.18,217,227,10918,-2145
887,CVX,2020-02-05,0 days 15:59:44.708464,888354,110.24,110.23,900,620,-22270,10535
888,CVX,2020-02-05,0 days 15:59:45.711033,881472,110.21,110.18,1100,476,7082,-22270
889,CVX,2020-02-05,0 days 15:59:47.715381,888554,110.21,110.2,707,451,-689,11910
890,CVX,2020-02-05,0 days 15:59:50.721721,880356,110.24,110.21,528,1179,7998,-7666
891,CVX,2020-02-05,0 days 15:59:57.740204,888154,110.29,110.27,4577,200,-10543,4521
892,CXO,2020-02-05,0 days 15:55:02.117244,153142,81.81,81.8,211,386,253,-847
893,CXO,2020-02-05,0 days 15:55:03.117286,148995,81.79,81.77,605,300,-3947,253
894,CXO,2020-02-05,0 days 15:56:54.385854,160466,81.77,81.76,202,100,3210,-1438
895,CXO,2020-02-05,0 days 15:56:55.388764,156376,81.8,81.78,300,300,-4681,3210
896,CXO,2020-02-05,0 days 15:58:46.657945,170285,81.75,81.73,770,442,3178,-1422
897,CXO,2020-02-05,0 days 15:58:47.660358,166663,81.75,81.73,767,442,-3622,3178
898,CXO,2020-02-05,0 days 15:59:08.713215,170552,81.72,81.71,200,407,620,-1477
899,CXO,2020-02-05,0 days 15:59:12.722535,169742,81.74,81.72,100,302,-1720,8199
900,CXO,2020-02-05,0 days 15:59:16.730685,170562,81.73,81.71,500,436,125,-1401
901,CXO,2020-02-05,0 days 15:59:18.735834,168687,81.73,81.71,604,350,-975,1025
902,CXO,2020-02-05,0 days 15:59:19.738742,169662,81.71,81.7,604,792,5089,-975
903,CXO,2020-02-05,0 days 15:59:20.742940,168651,81.72,81.71,200,606,-1011,5089
904,CXO,2020-02-05,0 days 15:59:28.760782,167623,81.72,81.71,152,200,-2039,461
905,CXO,2020-02-05,0 days 15:59:38.785202,167218,81.71,81.7,200,996,-2444,1956
906,CXO,2020-02-05,0 days 15:59:54.822726,172066,81.74,81.71,1143,600,264,-1762
907,CXO,2020-02-05,0 days 15:59:55.823650,171904,81.76,81.72,866,473,-1762,264
908,D,2020-02-05,0 days 15:56:10.337930,419361,84.89,84.88,710,586,-3882,822
909,D,2020-02-05,0 days 15:56:11.340760,417143,84.88,84.87,100,1171,2218,-3882
910,D,2020-02-05,0 days 15:56:56.449076,423164,84.88,84.87,1010,516,-4197,1326
911,D,2020-02-05,0 days 15:56:57.451880,421997,84.88,84.86,2986,1127,1167,-4197
912,D,2020-02-05,0 days 15:57:04.469114,437150,84.89,84.87,1152,809,-4747,2831
913,D,2020-02-05,0 days 15:57:05.471936,434497,84.89,84.87,1452,1009,2653,-4747
914,D,2020-02-05,0 days 15:57:33.539842,441233,84.9,84.89,1300,1316,-909,1691
915,D,2020-02-05,0 days 15:57:34.542184,438642,84.9,84.89,1665,516,2491,-909
916,D,2020-02-05,0 days 15:57:43.563927,449733,84.9,84.89,2599,681,-509,3691
917,D,2020-02-05,0 days 15:57:44.566227,446342,84.9,84.89,2915,786,3391,-509
918,D,2020-02-05,0 days 15:58:06.620394,449633,84.91,84.9,400,300,-2123,8733
919,D,2020-02-05,0 days 15:58:07.623233,447085,84.9,84.89,900,200,2248,-2123
920,D,2020-02-05,0 days 15:58:56.741662,466045,84.9,84.88,2654,834,-4611,10589
921,D,2020-02-05,0 days 15:58:57.743818,461685,84.9,84.88,2454,934,1860,-4611
922,D,2020-02-05,0 days 15:59:03.759561,463006,84.93,84.91,1478,804,-987,1121
923,D,2020-02-05,0 days 15:59:09.774396,463087,84.91,84.9,478,849,158,-542
924,D,2020-02-05,0 days 15:59:14.787465,519203,84.91,84.89,500,1527,-9362,3003
925,D,2020-02-05,0 days 15:59:39.848235,537970,84.93,84.92,500,482,411,-789
926,D,2020-02-05,0 days 15:59:42.855287,538381,84.93,84.92,623,1401,-389,182
927,D,2020-02-05,0 days 15:59:43.857499,538799,84.94,84.93,200,500,231,-389
928,DAL,2020-02-05,0 days 15:58:57.606431,428124,58.88,58.87,4508,4721,-7811,8974
929,DAL,2020-02-05,0 days 15:59:19.652618,441360,58.9,58.89,4549,2665,1780,-2430
930,DAL,2020-02-05,0 days 15:59:42.708674,437760,58.9,58.89,3609,303,45362,-238
931,DAL,2020-02-05,0 days 15:59:43.711142,434621,58.93,58.92,2894,902,-63784,45362
932,DAL,2020-02-05,0 days 15:59:45.715818,500333,58.9,58.89,2185,848,1889,-312
933,DAR,2020-02-05,0 days 15:55:00.210719,123003,28.81,28.8,2617,1509,-348,14776
934,DAR,2020-02-05,0 days 15:55:14.245195,122819,28.8,28.79,2826,1420,747,-172
935,DAR,2020-02-05,0 days 15:55:15.247682,122566,28.8,28.79,2826,1420,-253,747
936,DAR,2020-02-05,0 days 15:55:39.307199,122819,28.79,28.78,2775,1618,947,-253
937,DAR,2020-02-05,0 days 15:55:40.308377,121966,28.79,28.78,3175,1618,-853,947
938,DAR,2020-02-05,0 days 15:55:48.327434,122819,28.79,28.78,3474,2270,88,-853
939,DAR,2020-02-05,0 days 15:56:02.361227,121966,28.79,28.78,3499,2126,-853,88
940,DAR,2020-02-05,0 days 15:56:15.392241,124399,28.81,28.8,3170,2618,2567,-253
941,DAR,2020-02-05,0 days 15:56:26.428746,123819,28.8,28.79,1127,3000,304,-776
942,DAR,2020-02-05,0 days 15:56:27.421252,123623,28.8,28.79,927,3195,-196,304
943,DAR,2020-02-05,0 days 15:57:07.518495,123819,28.79,28.78,2889,4228,460,-169
944,DAR,2020-02-05,0 days 15:57:08.522003,122879,28.79,28.78,3389,4028,-940,460
945,DAR,2020-02-05,0 days 15:57:41.600144,124819,28.79,28.78,2311,3374,2613,-1087
946,DAR,2020-02-05,0 days 15:57:42.602449,123732,28.79,28.78,3311,2212,-1087,2613
947,DAR,2020-02-05,0 days 15:58:20.695216,125289,28.79,28.78,5387,3204,1539,-461
948,DAR,2020-02-05,0 days 15:58:21.697533,124828,28.79,28.78,5387,3205,-461,1539
949,DAR,2020-02-05,0 days 15:59:11.820116,127986,28.78,28.77,4203,3989,11,-689
950,DAR,2020-02-05,0 days 15:59:34.877788,158442,28.79,28.78,3500,3609,-4425,452
951,DB,2020-02-05,0 days 15:58:51.592176,75756,9.11,9.1,30697,260053,-16077,12392
952,DB,2020-02-05,0 days 15:59:36.694483,89977,9.11,9.1,16713,250288,4359,-7483
953,DB,2020-02-05,0 days 15:59:37.697196,80536,9.11,9.1,18213,237316,-11583,4359
954,DB,2020-02-05,0 days 15:59:43.711172,89977,9.11,9.1,20662,248522,2214,-383
955,DD,2020-02-05,0 days 15:55:00.105916,550403,54.2,54.19,1684,4771,304222,-44445
956,DD,2020-02-05,0 days 15:56:56.385360,855447,54.15,54.14,400,2203,-17591,108001
957,DD,2020-02-05,0 days 15:56:57.387747,841138,54.15,54.14,597,2203,21269,-17591
958,DD,2020-02-05,0 days 15:59:16.724804,1016872,54.13,54.12,2436,878,-207151,46088
959,DDD,2020-02-05,0 days 15:56:56.384234,136083,12.34,12.33,20616,2164,-19373,4365
960,DDD,2020-02-05,0 days 15:56:57.386688,134418,12.34,12.33,21287,700,1565,-19373
961,DDD,2020-02-05,0 days 15:59:13.718025,157912,12.34,12.33,22219,13946,-3110,3339
962,DDD,2020-02-05,0 days 15:59:14.721857,155522,12.34,12.33,23964,12647,1490,-3110
963,DDD,2020-02-05,0 days 15:59:29.755627,147222,12.34,12.33,17817,5478,9790,-7410
964,DEI,2020-02-05,0 days 15:55:00.120317,58608,42.37,42.36,458,300,5874,-6832
965,DEI,2020-02-05,0 days 15:59:36.790832,131230,42.48,42.47,1492,814,-57,643
966,DEI,2020-02-05,0 days 15:59:46.813367,130338,42.49,42.48,5369,2228,1505,-4460
967,DELL,2020-02-05,0 days 15:55:00.522159,85872,50.74,50.72,1264,742,-996,17985
968,DELL,2020-02-05,0 days 15:59:46.214130,112694,50.82,50.8,18,766,197,-249
969,DHF,2020-02-05,0 days 15:58:54.585036,2300,3.14,3.13,51608,110627,900,-1900
970,DHF,2020-02-05,0 days 15:59:36.689124,3200,3.14,3.13,66846,114838,-700,900
971,DHF,2020-02-05,0 days 15:59:37.692063,3100,3.14,3.13,66846,114838,100,-700
972,DHI,2020-02-05,0 days 15:57:37.490146,273026,59.56,59.55,2494,906,-364,4636
973,DHI,2020-02-05,0 days 15:57:38.492156,269490,59.56,59.55,2337,1548,3536,-364
974,DHI,2020-02-05,0 days 15:57:39.494322,273026,59.56,59.55,5837,1962,-664,3536
975,DHI,2020-02-05,0 days 15:57:40.497379,269202,59.56,59.55,8591,414,3824,-664
976,DHI,2020-02-05,0 days 15:58:28.614418,273026,59.58,59.57,1386,4407,-1505,4795
977,DHI,2020-02-05,0 days 15:58:29.616869,268831,59.58,59.57,1635,3308,4195,-1505
978,DHI,2020-02-05,0 days 15:58:41.645067,273066,59.59,59.58,3176,3536,-1965,4235
979,DHI,2020-02-05,0 days 15:58:42.648393,269531,59.59,59.58,3441,3396,3535,-1965
980,DHI,2020-02-05,0 days 15:59:04.702797,278809,59.61,59.6,4791,7675,-154,722
981,DHI,2020-02-05,0 days 15:59:16.730248,280016,59.62,59.61,2926,2018,184,-1116
982,DHI,2020-02-05,0 days 15:59:19.738364,280200,59.63,59.62,1747,1604,-11101,184
983,DHI,2020-02-05,0 days 15:59:20.742410,274701,59.62,59.61,2860,1968,5499,-11101
984,DHI,2020-02-05,0 days 15:59:23.747350,280215,59.62,59.61,244,2657,-3286,614
985,DHI,2020-02-05,0 days 15:59:24.749705,279501,59.62,59.61,1607,1492,714,-3286
986,DHI,2020-02-05,0 days 15:59:32.769903,281685,59.63,59.62,661,2176,480,-320
987,DHI,2020-02-05,0 days 15:59:35.777437,406465,59.68,59.67,4885,116,-13961,1880
988,DHI,2020-02-05,0 days 15:59:36.779767,392226,59.66,59.65,2263,1080,14239,-13961
989,DHI,2020-02-05,0 days 15:59:41.791986,406465,59.68,59.67,2559,1581,-27899,2195
990,DHI,2020-02-05,0 days 15:59:42.793705,405108,59.67,59.66,900,607,1357,-27899
991,DHI,2020-02-05,0 days 15:59:44.798922,434259,59.68,59.67,2357,2275,-713,32051
992,DHI,2020-02-05,0 days 15:59:46.803313,410927,59.67,59.66,1346,1275,120,-28680
993,DHI,2020-02-05,0 days 15:59:47.805763,411047,59.68,59.67,2184,1605,-2010,120
994,DHR,2020-02-05,0 days 15:56:18.357278,143851,162.66,162.65,131,400,2063,-37
995,DHR,2020-02-05,0 days 15:57:16.498167,171967,162.79,162.74,3014,1905,-139,76
996,DHR,2020-02-05,0 days 15:57:17.500524,168206,162.79,162.74,3014,1905,3761,-139
997,DHR,2020-02-05,0 days 15:57:51.583417,173063,162.69,162.65,348,700,-14561,3565
998,DHR,2020-02-05,0 days 15:58:05.618430,182113,162.59,162.57,261,400,208,-1903
999,DHR,2020-02-05,0 days 15:58:20.654784,182151,162.65,162.64,111,300,-62,228
1000,DHR,2020-02-05,0 days 15:58:21.656685,181113,162.65,162.64,172,100,1038,-62
1001,DHR,2020-02-05,0 days 15:58:50.727507,177045,162.67,162.65,605,1407,-7468,1438
1002,DHR,2020-02-05,0 days 15:58:51.729293,175739,162.66,162.65,2,763,1765,-7468
1003,DHR,2020-02-05,0 days 15:58:56.741600,187977,162.68,162.66,431,300,-6862,10787
1004,DHR,2020-02-05,0 days 15:58:57.743713,186339,162.69,162.68,400,401,1638,-6862
1005,DHR,2020-02-05,0 days 15:59:01.754121,187996,162.73,162.71,500,405,-443,2561
1006,DHR,2020-02-05,0 days 15:59:03.759519,183805,162.73,162.71,300,452,4812,-2359
1007,DHR,2020-02-05,0 days 15:59:05.765938,188389,162.73,162.71,605,1279,-4739,762
1008,DHR,2020-02-05,0 days 15:59:31.828447,231213,162.78,162.77,738,200,-1947,3053
1009,DHR,2020-02-05,0 days 15:59:32.830627,229265,162.79,162.78,2503,486,1948,-1947
1010,DHR,2020-02-05,0 days 15:59:39.848150,230518,162.82,162.81,202,1557,-650,1245
1011,DHR,2020-02-05,0 days 15:59:45.863302,232286,162.83,162.81,468,720,-381,1186
1012,DHR,2020-02-05,0 days 15:59:48.869152,231889,162.81,162.78,600,904,2199,-225
1013,DHT,2020-02-05,0 days 15:55:01.038080,196147,5.81,5.8,13314,14606,85510,-159253
1014,DHT,2020-02-05,0 days 15:55:02.038359,182257,5.81,5.8,13005,15006,-13890,85510
1015,DIS,2020-02-05,0 days 15:59:14.641923,841544,141.21,141.2,602,1763,50237,-227532
1016,DIS,2020-02-05,0 days 15:59:15.643700,829985,141.32,141.3,50,215,-23759,50237
1017,DIS,2020-02-05,0 days 15:59:35.691783,878970,141.36,141.35,638,10,28536,-8790
1018,DIS,2020-02-05,0 days 15:59:44.713633,878970,141.36,141.34,100,107,2130,-1870
1019,DIS,2020-02-05,0 days 15:59:45.715818,877200,141.36,141.34,292,131,-1770,2130
1020,DIS,2020-02-05,0 days 15:59:57.743183,878970,141.37,141.33,500,37,1116,-6988
1021,DIS,2020-02-05,0 days 15:59:58.744149,880086,141.37,141.34,2388,1100,-2684,1116
1022,DNR,2020-02-05,0 days 15:57:08.329119,594313,1.06,1.05,294303,50858,-16376,125151
1023,DNR,2020-02-05,0 days 15:59:06.616084,679339,1.06,1.05,380756,111764,4120,-33926
1024,DO,2020-02-05,0 days 15:55:00.120047,107212,4.92,4.91,18888,6494,-329,1167
1025,DO,2020-02-05,0 days 15:59:23.757960,144519,4.94,4.93,25484,17103,1145,-3455
1026,DO,2020-02-05,0 days 15:59:27.767559,145664,4.94,4.93,24357,14463,-5555,1145
1027,DO,2020-02-05,0 days 15:59:39.797805,152214,4.94,4.93,22918,14115,-1673,5927
1028,DOW,2020-02-05,0 days 15:56:35.398083,457666,49.57,49.56,2081,200,-6879,5250
1029,DOW,2020-02-05,0 days 15:56:36.400433,453545,49.56,49.55,500,2506,4121,-6879
1030,DOW,2020-02-05,0 days 15:57:53.587905,500817,49.53,49.52,3335,1837,-791,3485
1031,DOW,2020-02-05,0 days 15:57:54.590285,494108,49.53,49.52,3435,2237,6409,-791
1032,DOW,2020-02-05,0 days 15:58:42.708097,506001,49.5,49.49,2312,3607,-4547,1153
1033,DOW,2020-02-05,0 days 15:58:43.709881,488678,49.5,49.49,1652,600,17323,-4547
1034,DOW,2020-02-05,0 days 15:59:05.765995,513795,49.49,49.48,500,4003,5172,-28328
1035,DS,2020-02-05,0 days 15:58:51.729360,8799,3.61,3.6,2931,3592,-822,417
1036,DS,2020-02-05,0 days 15:59:10.777631,9526,3.6,3.59,2296,2984,173,-627
1037,DS,2020-02-05,0 days 15:59:11.780989,9499,3.6,3.59,2996,3175,-27,173
1038,DT,2020-02-05,0 days 15:57:08.430178,59532,31.81,31.78,1447,2077,-6710,8490
1039,DT,2020-02-05,0 days 15:57:09.432568,57142,31.81,31.79,1547,236,2390,-6710
1040,DT,2020-02-05,0 days 15:57:13.444334,59232,31.89,31.86,500,201,-64510,2591
1041,DT,2020-02-05,0 days 15:57:14.445378,57342,31.89,31.86,510,534,1790,-64510
1042,DT,2020-02-05,0 days 15:57:48.525899,59232,31.89,31.85,500,600,-67310,9790
1043,DT,2020-02-05,0 days 15:57:49.528590,57642,31.89,31.85,910,608,1490,-67310
1044,DT,2020-02-05,0 days 15:57:55.543101,59132,31.92,31.91,200,401,-1110,290
1045,DT,2020-02-05,0 days 15:57:56.545567,56342,31.92,31.91,200,304,2790,-1110
1046,DT,2020-02-05,0 days 15:59:07.719415,66580,31.95,31.94,380,215,-445,4055
1047,DT,2020-02-05,0 days 15:59:09.724342,65238,31.96,31.95,300,315,1342,-445
1048,DT,2020-02-05,0 days 15:59:16.741504,65980,31.95,31.93,592,226,-61,855
1049,DT,2020-02-05,0 days 15:59:22.755844,63298,31.94,31.92,200,201,2682,-218
1050,DT,2020-02-05,0 days 15:59:45.812512,67611,31.95,31.91,100,413,-2853,301
1051,DT,2020-02-05,0 days 15:59:48.818888,67307,31.95,31.92,100,269,304,-296
1052,DUK,2020-02-05,0 days 15:57:45.518801,511294,97.12,97.11,2300,823,468,-3632
1053,DUK,2020-02-05,0 days 15:57:46.521101,507311,97.13,97.12,2403,400,-3983,468
1054,DUK,2020-02-05,0 days 15:57:56.545567,511294,97.12,97.11,1323,1326,3717,-3583
1055,DUK,2020-02-05,0 days 15:57:57.547993,505602,97.13,97.12,2620,300,-5692,3717
1056,DUK,2020-02-05,0 days 15:58:01.558548,511294,97.13,97.12,2117,411,708,-5692
1057,DUK,2020-02-05,0 days 15:58:02.560615,507502,97.13,97.12,2516,811,-3792,708
1058,DUK,2020-02-05,0 days 15:58:05.567992,509404,97.13,97.12,1319,1806,4944,-1902
1059,DUK,2020-02-05,0 days 15:58:07.573034,506796,97.12,97.11,2802,418,-2608,976
1060,DUK,2020-02-05,0 days 15:58:14.589778,505796,97.1,97.09,1301,1163,-2308,3892
1061,DUK,2020-02-05,0 days 15:58:50.676848,510060,97.1,97.09,598,1218,216,-1328
1062,DUK,2020-02-05,0 days 15:58:51.679196,508710,97.1,97.09,498,1315,-1350,216
1063,DUK,2020-02-05,0 days 15:58:55.688891,511060,97.12,97.11,4001,458,4648,-2350
1064,DUK,2020-02-05,0 days 15:58:56.691472,506608,97.13,97.12,600,1315,-4452,4648
1065,DUK,2020-02-05,0 days 15:59:08.721650,510979,97.13,97.12,1658,904,31928,-1077
1066,DUK,2020-02-05,0 days 15:59:12.731365,518707,97.15,97.14,1546,1300,-28947,7627
1067,DVN,2020-02-05,0 days 15:55:41.269299,368896,23.42,23.41,12306,3697,-7794,5106
1068,DVN,2020-02-05,0 days 15:55:42.271120,366090,23.42,23.41,12404,2600,2806,-7794
1069,DVN,2020-02-05,0 days 15:56:10.338010,368896,23.42,23.41,5206,12410,-460,1450
1070,DVN,2020-02-05,0 days 15:56:11.340815,366356,23.42,23.41,3217,13110,4558,-460
1071,DVN,2020-02-05,0 days 15:56:30.386840,368154,23.44,23.43,1104,19207,1494,-7806
1072,DVN,2020-02-05,0 days 15:57:40.556985,395192,23.44,23.43,17040,5737,-180,4620
1073,DVN,2020-02-05,0 days 15:57:41.559039,394272,23.44,23.43,19159,6522,920,-180
1074,DVN,2020-02-05,0 days 15:57:55.592893,395258,23.43,23.42,16648,1065,-516,1784
1075,DVN,2020-02-05,0 days 15:57:56.595397,393474,23.43,23.42,14640,3756,1784,-516
1076,DVN,2020-02-05,0 days 15:58:08.625354,395648,23.42,23.41,13764,2000,7950,-7190
1077,DVN,2020-02-05,0 days 15:58:16.644927,405023,23.42,23.41,4514,12710,-1525,10175
1078,DVN,2020-02-05,0 days 15:58:17.647116,403448,23.42,23.41,3561,14472,375,-1525
1079,DVN,2020-02-05,0 days 15:59:06.769285,411498,23.43,23.42,20739,639,-33407,519
1080,DVN,2020-02-05,0 days 15:59:30.826141,435705,23.4,23.39,2148,13636,3617,-2149
1081,DVN,2020-02-05,0 days 15:59:42.855424,445066,23.41,23.4,12888,2023,360,-5492
1082,DVN,2020-02-05,0 days 15:59:43.857566,444426,23.41,23.4,10048,1187,-640,360
1083,DVN,2020-02-05,0 days 15:59:45.863445,445066,23.41,23.4,11162,1087,258,-540
1084,DXC,2020-02-05,0 days 15:56:58.390398,252991,34.48,34.47,3256,1298,3710,-2040
1085,DXC,2020-02-05,0 days 15:56:59.393308,246601,34.49,34.48,1700,1702,-6390,3710
1086,EAF,2020-02-05,0 days 15:58:08.625354,181813,11.4,11.39,18207,14392,3531,-5865
1087,EAF,2020-02-05,0 days 15:58:09.627750,176944,11.4,11.39,18207,14392,-4869,3531
1088,EAF,2020-02-05,0 days 15:58:45.714683,182113,11.4,11.39,18800,14223,2031,-5169
1089,EAF,2020-02-05,0 days 15:58:47.720099,158844,11.4,11.39,18800,14323,-2360,16640
1090,EAF,2020-02-05,0 days 15:59:06.769157,161204,11.4,11.39,12944,14793,29,-2062
1091,EAF,2020-02-05,0 days 15:59:22.806919,159792,11.4,11.39,4421,13401,-1412,688
1092,EAF,2020-02-05,0 days 15:59:28.821116,176471,11.4,11.39,5329,10655,8622,-2978
1093,EAF,2020-02-05,0 days 15:59:29.823590,175193,11.4,11.39,2220,4275,-1278,8622
1094,EAF,2020-02-05,0 days 15:59:43.857566,162771,11.37,11.36,1738,8951,2622,-978
1095,EDU,2020-02-05,0 days 15:57:43.564008,61261,131.59,131.57,3427,450,-94,106
1096,EDU,2020-02-05,0 days 15:57:44.566279,60085,131.59,131.57,3427,480,1176,-94
1097,EDU,2020-02-05,0 days 15:58:01.608442,61261,131.59,131.56,1571,811,-24,1176
1098,EDU,2020-02-05,0 days 15:58:15.642433,58062,131.59,131.56,1811,386,3199,-1
1099,EDU,2020-02-05,0 days 15:59:15.789617,61657,131.57,131.56,1024,710,-619,377
1100,EDU,2020-02-05,0 days 15:59:16.791543,61311,131.57,131.56,1024,965,346,-619
1101,EDU,2020-02-05,0 days 15:59:45.863445,61720,131.56,131.53,222,438,-1581,79
1102,EDU,2020-02-05,0 days 15:59:46.864875,61467,131.56,131.53,322,427,253,-1581
1103,EGHT,2020-02-05,0 days 15:55:00.120181,96260,20.8,20.79,2479,3023,3529,-12435
1104,EGHT,2020-02-05,0 days 15:56:30.337528,98829,20.78,20.77,5444,2518,-247,2453
1105,EGHT,2020-02-05,0 days 15:56:40.361451,99176,20.78,20.77,1072,3972,2953,-247
1106,EGHT,2020-02-05,0 days 15:56:53.392633,106829,20.79,20.78,892,1875,-547,253
1107,EGHT,2020-02-05,0 days 15:56:54.395719,107376,20.79,20.78,892,2496,2353,-547
1108,EGHT,2020-02-05,0 days 15:56:55.397874,106829,20.79,20.78,992,2496,-547,2353
1109,EGHT,2020-02-05,0 days 15:57:06.425295,110276,20.81,20.8,800,642,3969,-27
1110,EGHT,2020-02-05,0 days 15:57:07.427852,109845,20.81,20.8,1800,930,-431,3969
1111,EGHT,2020-02-05,0 days 15:57:49.528590,117974,20.8,20.79,1695,3755,957,-1043
1112,EGHT,2020-02-05,0 days 15:57:50.530871,116931,20.8,20.79,1742,3755,-1043,957
1113,EGHT,2020-02-05,0 days 15:58:09.578161,117774,20.8,20.79,3948,3899,699,-1201
1114,EGHT,2020-02-05,0 days 15:58:10.580226,116573,20.8,20.79,4048,4323,-1201,699
1115,EGHT,2020-02-05,0 days 15:59:28.770895,131514,20.78,20.77,4137,337,3005,-4390
1116,EGHT,2020-02-05,0 days 15:59:41.802796,140576,20.78,20.77,6682,2331,1443,-457
1117,EGHT,2020-02-05,0 days 15:59:42.804868,139419,20.78,20.77,7079,3531,-57,1443
1118,EGO,2020-02-05,0 days 15:55:33.291705,14525,6.59,6.58,40344,37218,10667,-1401
1119,EIX,2020-02-05,0 days 15:55:00.521494,186145,77.28,77.26,690,1091,-3991,1143
1120,EIX,2020-02-05,0 days 15:55:37.612365,191286,77.3,77.29,500,1400,2066,-446
1121,EIX,2020-02-05,0 days 15:55:38.613651,191052,77.3,77.29,400,1331,-234,2066
1122,EIX,2020-02-05,0 days 15:55:44.629246,191286,77.3,77.29,308,1408,151,-234
1123,EIX,2020-02-05,0 days 15:55:45.631085,191037,77.3,77.29,408,1408,-249,151
1124,EIX,2020-02-05,0 days 15:55:51.645645,191286,77.3,77.28,666,1053,809,-89
1125,EIX,2020-02-05,0 days 15:55:52.648164,191197,77.3,77.28,366,1140,-89,809
1126,EIX,2020-02-05,0 days 15:56:13.698399,192477,77.27,77.26,1118,1158,122,-277
1127,EIX,2020-02-05,0 days 15:56:14.700969,192299,77.26,77.25,118,387,-178,122
1128,EIX,2020-02-05,0 days 15:56:23.722690,192477,77.27,77.26,286,900,422,-178
1129,EIX,2020-02-05,0 days 15:56:24.725303,192299,77.27,77.26,396,1200,-178,422
1130,EIX,2020-02-05,0 days 15:56:53.794998,192477,77.31,77.3,518,1427,120,-180
1131,EIX,2020-02-05,0 days 15:56:54.797393,192597,77.31,77.3,518,1427,-1237,120
1132,EIX,2020-02-05,0 days 15:57:33.892106,197547,77.32,77.31,1394,1656,4770,-361
1133,EIX,2020-02-05,0 days 15:57:34.894262,196817,77.32,77.31,894,1756,-730,4770
1134,EIX,2020-02-05,0 days 15:57:39.906217,197547,77.32,77.31,1100,1181,1270,-2230
1135,EIX,2020-02-05,0 days 15:57:40.908481,197017,77.32,77.31,928,1268,-530,1270
1136,EIX,2020-02-05,0 days 15:57:50.935038,197947,77.3,77.29,882,213,1170,-630
1137,EIX,2020-02-05,0 days 15:57:52.937469,197417,77.3,77.29,840,534,-530,1170
1138,EIX,2020-02-05,0 days 15:57:55.945129,197947,77.31,77.3,800,408,1070,-530
1139,EIX,2020-02-05,0 days 15:57:56.947556,197417,77.3,77.29,1000,198,-530,1070
1140,EIX,2020-02-05,0 days 15:58:01.959975,197947,77.29,77.28,1171,613,1172,-528
1141,EIX,2020-02-05,0 days 15:58:02.962591,196319,77.29,77.28,1271,502,-1628,1172
1142,EIX,2020-02-05,0 days 15:58:04.967399,197947,77.29,77.28,1171,1089,772,-528
1143,EIX,2020-02-05,0 days 15:58:05.971140,197419,77.29,77.28,2519,663,-528,772
1144,EIX,2020-02-05,0 days 15:58:09.979739,201719,77.27,77.26,1101,498,-693,407
1145,EIX,2020-02-05,0 days 15:58:57.093236,203912,77.26,77.25,1628,998,654,-246
1146,EIX,2020-02-05,0 days 15:59:00.103851,205108,77.27,77.26,1703,179,-84,175
1147,EIX,2020-02-05,0 days 15:59:01.103219,204892,77.27,77.26,1403,408,216,-84
1148,EIX,2020-02-05,0 days 15:59:02.106385,205108,77.27,77.26,1155,823,-984,216
1149,EIX,2020-02-05,0 days 15:59:12.131064,220176,77.3,77.29,1303,1662,102,-1495
1150,EIX,2020-02-05,0 days 15:59:20.149790,219579,77.3,77.29,969,2192,-597,903
1151,EIX,2020-02-05,0 days 15:59:27.167426,220309,77.3,77.29,1405,2637,4311,-489
1152,EIX,2020-02-05,0 days 15:59:28.169407,220120,77.3,77.29,1296,2467,-189,4311
1153,EIX,2020-02-05,0 days 15:59:43.208207,221409,77.37,77.36,800,828,22,-235
1154,EL,2020-02-05,0 days 15:59:35.747405,196024,201.14,201.13,160,52,27728,-27096
1155,EL,2020-02-05,0 days 15:59:36.749833,185381,201.3,201.23,440,544,-10659,27728
1156,EL,2020-02-05,0 days 15:59:37.752295,196024,201.3,201.28,440,30,667,-10659
1157,EL,2020-02-05,0 days 15:59:38.754627,194570,201.35,201.3,96,44,-2441,667
1158,EL,2020-02-05,0 days 15:59:47.775770,199735,201.43,201.4,336,36,2781,-3068
1159,EL,2020-02-05,0 days 15:59:48.778946,198814,201.48,201.4,125,44,-921,2781
1160,ELAN,2020-02-05,0 days 15:55:00.521591,211929,31.61,31.6,4015,1,4123,-39525
1161,ELAN,2020-02-05,0 days 15:55:09.544401,216052,31.6,31.59,400,4844,-4064,3523
1162,ELAN,2020-02-05,0 days 15:55:10.547050,212816,31.6,31.59,4133,404,3236,-4064
1163,ELAN,2020-02-05,0 days 15:59:12.131064,236235,31.6,31.59,893,3485,-1966,3159
1164,ELAN,2020-02-05,0 days 15:59:13.132945,233501,31.6,31.59,897,3378,2734,-1966
1165,ELAN,2020-02-05,0 days 15:59:52.228362,245084,31.63,31.62,700,4462,-11020,2280
1166,ELAN,2020-02-05,0 days 15:59:56.238473,242488,31.6,31.59,3740,2497,7396,-11020
1167,ELAN,2020-02-05,0 days 15:59:57.241082,245084,31.63,31.62,3100,4900,-11020,7396
1168,EMR,2020-02-05,0 days 15:56:16.287862,307597,75.88,75.87,2375,1739,3325,-1943
1169,EMR,2020-02-05,0 days 15:56:17.290469,304823,75.88,75.87,141,2639,-2774,3325
1170,EMR,2020-02-05,0 days 15:56:45.358462,311090,75.9,75.89,3110,2651,6233,-2467
1171,EMR,2020-02-05,0 days 15:56:46.360002,309023,75.9,75.89,3010,2700,-2067,6233
1172,EMR,2020-02-05,0 days 15:58:55.674362,343164,76.0,75.99,2479,1555,5901,-4291
1173,EMR,2020-02-05,0 days 15:58:56.676935,340065,76.0,75.99,2292,1665,-3099,5901
1174,EMR,2020-02-05,0 days 15:59:09.708852,342297,75.99,75.97,1019,961,3717,-5868
1175,EMR,2020-02-05,0 days 15:59:10.711962,338814,75.98,75.97,1360,420,-2045,3717
1176,EMR,2020-02-05,0 days 15:59:23.741522,355926,75.98,75.97,1043,89,9503,-9811
1177,EMR,2020-02-05,0 days 15:59:24.743948,354829,75.98,75.97,745,550,-1097,9503
1178,EMR,2020-02-05,0 days 15:59:44.793351,387757,76.04,76.03,511,603,1642,-2194
1179,EMR,2020-02-05,0 days 15:59:48.802937,386738,76.05,76.04,378,900,-1019,2830
1180,ENB,2020-02-05,0 days 15:59:01.704157,82275,41.81,41.8,9009,40088,-7958,10342
1181,ENB,2020-02-05,0 days 15:59:06.717426,80772,41.84,41.83,14200,24031,3025,-311
1182,ENB,2020-02-05,0 days 15:59:11.730232,83797,41.85,41.84,38210,12114,-1520,825
1183,ENB,2020-02-05,0 days 15:59:12.731365,83117,41.85,41.84,38120,19624,680,-1520
1184,ENB,2020-02-05,0 days 15:59:25.763291,83797,41.85,41.84,46757,4805,-38,462
1185,ENLC,2020-02-05,0 days 15:55:01.037921,176937,5.16,5.15,13014,6430,-10179,11412
1186,ENLC,2020-02-05,0 days 15:55:51.156968,181109,5.17,5.16,18918,14311,-507,893
1187,ENLC,2020-02-05,0 days 15:57:03.331594,186197,5.17,5.16,9789,71136,3859,-3060
1188,ENLC,2020-02-05,0 days 15:58:24.527007,191415,5.17,5.16,18450,76696,-41382,5218
1189,ENLC,2020-02-05,0 days 15:59:39.702478,238846,5.18,5.17,24362,25834,7227,-18373
1190,ENLC,2020-02-05,0 days 15:59:40.704507,237473,5.18,5.17,23581,24232,-1373,7227
1191,ENR,2020-02-05,0 days 15:55:00.210742,113125,51.0,50.97,382,594,176,-24062
1192,ENR,2020-02-05,0 days 15:55:14.245195,113301,51.03,51.01,292,40,-2357,173
1193,ENR,2020-02-05,0 days 15:55:15.247682,113258,51.03,51.01,287,40,43,-2357
1194,ENR,2020-02-05,0 days 15:55:39.307199,113729,51.1,51.08,100,1358,-146,154
1195,ENR,2020-02-05,0 days 15:55:40.308377,113675,51.1,51.08,100,1361,54,-146
1196,ENR,2020-02-05,0 days 15:55:47.325212,67586,51.13,51.09,100,2079,-49830,411
1197,ENR,2020-02-05,0 days 15:55:56.346852,113375,51.07,51.05,200,300,4583,-46030
1198,ENR,2020-02-05,0 days 15:56:02.361227,117196,51.1,51.05,400,444,-279,483
1199,ENR,2020-02-05,0 days 15:56:03.363534,116775,51.1,51.05,609,444,421,-279
1200,ENR,2020-02-05,0 days 15:56:11.382825,117196,51.09,51.05,346,348,-294,421
1201,ENR,2020-02-05,0 days 15:56:12.385135,116790,51.09,51.05,355,348,406,-294
1202,ENR,2020-02-05,0 days 15:56:56.492066,122127,51.06,51.03,400,100,-42345,4637
1203,ENR,2020-02-05,0 days 15:58:00.647622,123561,50.96,50.95,803,301,-236,764
1204,ENR,2020-02-05,0 days 15:58:01.648857,122897,50.96,50.95,1287,412,664,-236
1205,ENR,2020-02-05,0 days 15:58:03.653828,123561,50.96,50.95,1287,455,-236,664
1206,ENR,2020-02-05,0 days 15:58:04.656778,122897,50.98,50.96,1159,29,664,-236
1207,ENR,2020-02-05,0 days 15:58:21.697561,124432,50.97,50.93,500,300,-170,930
1208,ENR,2020-02-05,0 days 15:58:22.699912,123702,50.97,50.93,400,300,730,-170
1209,ENR,2020-02-05,0 days 15:59:08.812919,146745,50.97,50.93,600,554,-57,1343
1210,ENR,2020-02-05,0 days 15:59:31.868809,145790,50.99,50.96,985,307,762,-938
1211,ENR,2020-02-05,0 days 15:59:55.926501,148903,51.04,50.93,200,3800,-39034,11866
1212,EOG,2020-02-05,0 days 15:57:06.425295,369971,77.03,77.02,948,468,-6753,8547
1213,EOG,2020-02-05,0 days 15:57:07.427852,369024,77.02,77.0,1080,404,947,-6753
1214,EOG,2020-02-05,0 days 15:57:36.497543,370544,77.01,77.0,903,81,-2186,714
1215,EOG,2020-02-05,0 days 15:57:51.533532,373676,76.99,76.98,300,405,-1911,1089
1216,EOG,2020-02-05,0 days 15:57:58.550695,372576,77.03,77.01,1213,1661,-734,166
1217,EOG,2020-02-05,0 days 15:57:59.552901,371610,77.03,77.01,1469,1361,366,-734
1218,EOG,2020-02-05,0 days 15:58:29.626084,372110,77.04,77.02,466,1224,526,-4174
1219,EOG,2020-02-05,0 days 15:59:04.712073,386734,77.02,77.01,871,1116,-5967,1135
1220,EOG,2020-02-05,0 days 15:59:11.730219,411609,77.0,76.99,694,531,298,-6386
1221,EOG,2020-02-05,0 days 15:59:31.778350,419975,76.97,76.94,479,1145,-2408,8697
1222,EOG,2020-02-05,0 days 15:59:32.780428,418183,76.97,76.94,579,747,5492,-2408
1223,EOG,2020-02-05,0 days 15:59:44.810055,425828,77.01,76.99,34,900,-10164,2402
1224,EOG,2020-02-05,0 days 15:59:45.812512,424092,77.01,76.97,200,166,2936,-10164
1225,EOG,2020-02-05,0 days 15:59:49.820989,429028,76.99,76.97,200,837,-3798,1902
1226,EOG,2020-02-05,0 days 15:59:50.824281,417692,76.99,76.97,7,515,8136,-3798
1227,EOG,2020-02-05,0 days 15:59:57.839259,423999,77.05,77.03,3200,2100,-13220,3980
1228,EPD,2020-02-05,0 days 15:55:00.210224,558760,26.25,26.24,9486,3247,-8869,42404
1229,EPD,2020-02-05,0 days 15:55:56.346493,566829,26.25,26.24,9780,7144,5963,-8137
1230,EPD,2020-02-05,0 days 15:55:57.349186,566092,26.25,26.24,14312,3944,-737,5963
1231,EPD,2020-02-05,0 days 15:58:38.738675,567243,26.31,26.3,3075,13103,2764,-3436
1232,EPD,2020-02-05,0 days 15:59:03.799911,571799,26.33,26.32,14500,13130,-44,356
1233,EPD,2020-02-05,0 days 15:59:18.836889,568798,26.34,26.33,3835,10665,3943,-3642
