,Symbol,Timestamp,TIME,iPaired,Ask_P,Bid_P,Ask_S,Bid_S,iShares,PreviShares
0,A,2020-03-16,0 days 15:51:33.917118,182806,64.88,64.77,772,100,5469,-20899
1,A,2020-03-16,0 days 15:51:41.936178,186536,64.88,64.82,100,100,-22638,5469
2,A,2020-03-16,0 days 15:54:45.374327,188275,64.58,64.52,726,394,-20899,5469
3,A,2020-03-16,0 days 15:54:56.400840,188275,64.58,64.48,1442,107,-20899,5469
4,A,2020-03-16,0 days 15:55:12.440893,235410,64.43,64.38,1327,400,28778,-3353
5,A,2020-03-16,0 days 15:55:13.443337,234888,64.43,64.38,1327,427,-522,28778
6,A,2020-03-16,0 days 15:55:25.472757,237276,64.51,64.45,500,700,29712,-3672
7,A,2020-03-16,0 days 15:55:26.475729,238288,64.51,64.45,306,207,-31672,29712
8,A,2020-03-16,0 days 15:56:11.583400,269960,64.54,64.47,500,1369,3756,-1258
9,A,2020-03-16,0 days 15:56:12.585838,267616,64.54,64.47,700,1645,-2507,3756
10,A,2020-03-16,0 days 15:56:57.694968,270817,64.58,64.54,1810,1075,1329,-2046
11,A,2020-03-16,0 days 15:56:58.697344,269324,64.58,64.54,1810,1275,-7293,1329
12,A,2020-03-16,0 days 15:57:07.719461,243191,64.75,64.7,200,300,30833,-3238
13,A,2020-03-16,0 days 15:57:18.746138,243191,64.64,64.63,376,301,31433,-27938
14,A,2020-03-16,0 days 15:57:59.844434,249224,64.58,64.54,200,314,-34285,1933
15,A,2020-03-16,0 days 15:58:29.919429,243191,64.66,64.63,2726,220,31509,-3409
16,A,2020-03-16,0 days 15:58:30.922027,242300,64.66,64.64,2714,200,-891,31509
17,A,2020-03-16,0 days 15:59:07.009130,242810,64.8,64.78,300,285,-35548,31470
18,A,2020-03-16,0 days 15:59:13.023163,242910,64.79,64.78,1653,921,-722,39078
19,A,2020-03-16,0 days 15:59:30.071171,293103,64.36,64.29,1249,300,10162,-3998
20,A,2020-03-16,0 days 15:59:31.068609,289665,64.36,64.3,1041,600,-3438,10162
21,A,2020-03-16,0 days 15:59:36.080802,243732,64.36,64.33,1308,500,45833,-3538
22,A,2020-03-16,0 days 15:59:43.096697,252465,64.33,64.27,1099,750,-40738,47033
23,A,2020-03-16,0 days 15:59:44.100293,285086,64.28,64.27,500,650,5579,-40738
24,A,2020-03-16,0 days 15:59:50.121899,285086,64.19,64.13,800,400,1151,-2021
25,A,2020-03-16,0 days 15:59:53.121563,283065,64.25,64.19,156,1900,-2021,42505
26,A,2020-03-16,0 days 15:59:54.125567,285086,64.27,64.13,800,782,1151,-2021
27,ABB,2020-03-16,0 days 15:55:03.155597,24785,15.66,15.65,9656,5784,2926,-4404
28,ABB,2020-03-16,0 days 15:55:04.158331,24481,15.66,15.65,9892,6084,-304,2926
29,ABB,2020-03-16,0 days 15:56:59.436190,27185,15.64,15.63,16521,917,1526,-504
30,ABB,2020-03-16,0 days 15:57:00.439621,26711,15.62,15.61,4229,3400,-474,1526
31,ABB,2020-03-16,0 days 15:59:17.766082,27185,15.44,15.43,4115,156,6857,-343
32,ABB,2020-03-16,0 days 15:59:38.818363,27732,15.43,15.42,2799,1473,6489,-164
33,ABC,2020-03-16,0 days 15:55:23.218271,194408,82.36,82.23,97,200,3254,-1918
34,ABC,2020-03-16,0 days 15:55:24.221788,189178,82.34,82.24,100,100,-5230,3254
35,ABC,2020-03-16,0 days 15:57:05.462877,198382,81.08,80.84,580,103,65,-235
36,ABC,2020-03-16,0 days 15:57:27.516352,198382,80.8,80.69,100,100,65,-5047
37,ABC,2020-03-16,0 days 15:57:30.524373,198447,80.72,80.58,200,200,-5047,65
38,ABC,2020-03-16,0 days 15:57:37.539784,198382,80.8,80.68,100,300,96,-5047
39,ABC,2020-03-16,0 days 15:57:49.569370,198478,80.74,80.56,200,100,-5016,96
40,ABC,2020-03-16,0 days 15:57:54.580870,198382,80.73,80.63,364,300,96,-5039
41,ABC,2020-03-16,0 days 15:57:59.592149,198478,80.75,80.67,3,300,-5039,96
42,ABC,2020-03-16,0 days 15:58:15.632645,193216,80.36,80.25,103,100,-5166,2334
43,ABC,2020-03-16,0 days 15:59:05.753925,209914,81.1,80.96,454,400,3522,-7815
44,ABC,2020-03-16,0 days 15:59:06.756013,206162,81.09,80.97,354,475,-2740,3522
45,ABC,2020-03-16,0 days 15:59:10.767628,202870,80.94,80.83,245,1220,3292,-1843
46,ABC,2020-03-16,0 days 15:59:11.768564,199562,80.94,80.83,1052,740,-3308,3292
47,ABC,2020-03-16,0 days 15:59:19.787777,203382,80.76,80.75,100,1658,1480,-3655
48,ABC,2020-03-16,0 days 15:59:23.797622,200060,80.68,80.6,700,300,-8549,1480
49,ABC,2020-03-16,0 days 15:59:56.878583,204382,80.52,80.51,6090,1000,2976,-5389
50,ABEV,2020-03-16,0 days 15:55:00.067850,390550,2.21,2.2,162539,36416,74962,-210334
51,ABEV,2020-03-16,0 days 15:55:01.068989,371812,2.21,2.2,164239,37605,-18738,74962
52,ABEV,2020-03-16,0 days 15:56:13.245264,390550,2.2,2.19,155224,48278,26062,-18638
53,ABEV,2020-03-16,0 days 15:56:14.248877,371912,2.2,2.19,156024,46478,-18638,26062
54,ABT,2020-03-16,0 days 15:50:42.449688,828360,74.29,74.26,300,301,45877,-119377
55,ABT,2020-03-16,0 days 15:50:43.452012,873937,74.31,74.26,100,500,-118977,45877
56,ABT,2020-03-16,0 days 15:50:58.489920,877728,74.12,74.02,733,700,-110749,48968
57,ABT,2020-03-16,0 days 15:51:07.510264,883620,74.01,73.91,792,200,-104857,59704
58,ABT,2020-03-16,0 days 15:51:08.512644,828360,74.01,73.92,792,1400,55950,-104857
59,ABT,2020-03-16,0 days 15:51:11.521232,878128,74.12,74.02,800,400,-110349,55950
60,ABT,2020-03-16,0 days 15:51:17.534290,876928,74.17,74.07,1400,200,-111549,50460
61,ABT,2020-03-16,0 days 15:51:50.614216,828360,74.41,74.28,200,200,45677,-118577
62,ABT,2020-03-16,0 days 15:51:54.622502,872346,74.35,74.3,100,300,-120568,45277
63,ABT,2020-03-16,0 days 15:52:00.636840,875137,74.29,74.17,200,962,-117777,46377
64,ABT,2020-03-16,0 days 15:52:20.684500,876628,74.17,74.15,100,445,-111849,48268
65,ABT,2020-03-16,0 days 15:52:23.691499,877028,74.18,74.13,1712,400,-111449,48668
66,ABT,2020-03-16,0 days 15:52:26.699625,828360,74.14,74.13,1591,185,49068,-111449
67,ABT,2020-03-16,0 days 15:53:06.794922,828360,73.84,73.79,10,840,62104,-96292
68,ABT,2020-03-16,0 days 15:53:10.804236,888164,73.9,73.8,400,200,-100313,60704
69,ABT,2020-03-16,0 days 15:53:28.847062,828360,74.06,73.93,500,200,96406,-59957
70,ABT,2020-03-16,0 days 15:53:42.880466,920176,74.05,73.96,1711,8029,-68301,94916
71,ABT,2020-03-16,0 days 15:53:51.902203,828360,74.07,74.01,500,1500,93716,-66801
72,ABT,2020-03-16,0 days 15:53:54.911035,918584,74.11,74.06,600,100,-69893,93716
73,ABT,2020-03-16,0 days 15:54:14.956618,918184,74.17,74.07,895,797,-70293,89824
74,ABT,2020-03-16,0 days 15:54:33.001038,918184,74.11,74.07,1000,492,-70293,90624
75,ABT,2020-03-16,0 days 15:54:39.014715,828360,74.09,74.05,400,672,91316,-69493
76,ABT,2020-03-16,0 days 15:54:40.024115,918584,74.11,74.06,401,319,-69893,91316
77,ABT,2020-03-16,0 days 15:54:42.023587,828360,74.1,74.05,7,540,91316,-69893
78,ABT,2020-03-16,0 days 15:54:44.026174,918984,74.1,74.05,207,700,-69493,91316
79,ABT,2020-03-16,0 days 15:55:01.068911,1012172,74.03,74.0,947,510,191202,-109806
80,ABT,2020-03-16,0 days 15:55:20.116904,1109763,74.03,74.02,107,1782,-197418,9190
81,ABT,2020-03-16,0 days 15:55:28.138949,1012773,74.17,74.13,601,597,193903,-13105
82,ABT,2020-03-16,0 days 15:55:37.159112,1108676,74.13,74.09,1062,1498,-197905,9103
83,ABT,2020-03-16,0 days 15:57:32.437578,1232342,73.35,73.34,200,98,2959,-6949
84,ABT,2020-03-16,0 days 15:57:34.446582,1231123,73.28,73.22,200,300,-419,8781
85,ABT,2020-03-16,0 days 15:57:35.443539,1231542,73.22,73.17,200,400,902,-419
86,ABT,2020-03-16,0 days 15:57:42.459157,1245142,73.05,73.01,3,310,2823,-91998
87,ABT,2020-03-16,0 days 15:57:45.467767,1259344,73.13,73.07,100,300,-102298,232006
88,ABT,2020-03-16,0 days 15:57:46.469985,1256642,73.1,73.05,200,400,2702,-102298
89,ABT,2020-03-16,0 days 15:57:51.483724,1257404,73.22,73.21,9,86,-104038,212566
90,ABT,2020-03-16,0 days 15:57:52.484554,1254942,73.21,73.14,200,600,1962,-104038
91,ABT,2020-03-16,0 days 15:58:01.506451,1239942,73.37,73.33,126,553,1840,-2760
92,ABT,2020-03-16,0 days 15:58:11.529919,1244704,73.29,73.24,200,300,-192238,16345
93,ABT,2020-03-16,0 days 15:58:26.566696,1096859,73.29,73.2,3201,49,211145,-18338
94,ABT,2020-03-16,0 days 15:58:42.605926,1291504,73.29,73.22,2934,90,-15838,6862
95,ABT,2020-03-16,0 days 15:59:01.651980,1104942,73.6,73.54,1294,2232,215923,-18834
96,ABT,2020-03-16,0 days 15:59:27.715966,1248599,73.36,73.32,2700,306,-194893,147865
97,ABT,2020-03-16,0 days 15:59:28.718756,1104343,73.36,73.34,4506,200,143434,-194893
98,ABT,2020-03-16,0 days 15:59:33.730554,1102343,73.31,73.3,1241,400,158856,-56224
99,ABT,2020-03-16,0 days 15:59:45.759876,1115097,73.42,73.41,5591,1000,144788,-67740
100,ABT,2020-03-16,0 days 15:59:50.773759,1126993,73.68,73.6,3300,516,126165,-85245
101,ABT,2020-03-16,0 days 15:59:51.773570,1245330,73.75,73.62,514,100,-107881,126165
102,ACC,2020-03-16,0 days 15:55:01.163319,113431,26.47,26.31,1225,100,5770,-24070
103,ACC,2020-03-16,0 days 15:55:02.165827,107801,26.47,26.31,1325,200,-5630,5770
104,ACC,2020-03-16,0 days 15:55:14.196705,108001,26.37,26.31,1385,68,-5600,6200
105,ACC,2020-03-16,0 days 15:55:23.218377,113431,26.19,26.18,22,349,2070,-10453
106,ACC,2020-03-16,0 days 15:55:24.221879,108601,26.19,26.18,22,349,-4830,2070
107,ACC,2020-03-16,0 days 15:55:34.244015,113431,26.14,26.04,300,829,6370,-5955
108,ACC,2020-03-16,0 days 15:55:35.246365,108601,26.14,26.05,200,700,-4830,6370
109,ACC,2020-03-16,0 days 15:55:54.292746,110201,25.87,25.81,200,100,-17142,4383
110,ACC,2020-03-16,0 days 15:56:10.331454,115218,25.89,25.87,610,210,1547,-10578
111,ACC,2020-03-16,0 days 15:56:11.332905,110565,25.89,25.87,610,210,-4653,1547
112,ACC,2020-03-16,0 days 15:56:59.448178,117971,25.46,25.27,200,500,5041,-7739
113,ACC,2020-03-16,0 days 15:57:00.450719,113112,25.46,25.27,200,500,-4859,5041
114,ACC,2020-03-16,0 days 15:57:57.588519,123174,25.02,25.01,346,300,1638,-10487
115,ACC,2020-03-16,0 days 15:57:58.589881,117912,25.02,25.01,400,385,-5262,1638
116,ACC,2020-03-16,0 days 15:58:17.637925,117212,24.85,24.84,215,180,-5962,5738
117,ACC,2020-03-16,0 days 15:58:27.661244,123174,24.82,24.8,502,100,5038,-7087
118,ACC,2020-03-16,0 days 15:58:28.663916,117212,24.81,24.8,275,100,-5962,5038
119,ACC,2020-03-16,0 days 15:58:31.670994,123174,24.79,24.75,275,3000,5078,-18047
120,ACC,2020-03-16,0 days 15:58:32.673609,117152,24.8,24.76,348,300,-18147,5078
121,ACC,2020-03-16,0 days 15:58:37.684869,123174,24.8,24.76,907,200,5178,-6947
122,ACC,2020-03-16,0 days 15:58:38.687834,117252,24.79,24.75,400,1020,-5922,5178
123,ACC,2020-03-16,0 days 15:59:00.740707,117252,25.28,25.11,300,406,-27387,8378
124,ACC,2020-03-16,0 days 15:59:10.767747,123291,25.54,25.2,100,95,15963,-2115
125,ACC,2020-03-16,0 days 15:59:11.768655,119254,25.54,25.2,108,95,-4037,15963
126,ACC,2020-03-16,0 days 15:59:19.787898,123291,25.53,25.25,140,733,21540,-5138
127,ACC,2020-03-16,0 days 15:59:20.790601,119431,25.53,25.25,453,733,-4035,21540
128,ACC,2020-03-16,0 days 15:59:27.808006,124121,25.68,25.54,295,546,15679,-5671
129,ACC,2020-03-16,0 days 15:59:28.809974,120000,25.68,25.54,291,846,-25586,15679
130,ACC,2020-03-16,0 days 15:59:32.820172,124121,25.97,25.58,101,2237,15870,-5786
131,ACC,2020-03-16,0 days 15:59:33.823055,120491,25.97,25.8,220,400,-3630,15870
132,ACC,2020-03-16,0 days 15:59:59.886679,124121,25.89,25.84,20298,300,3953,-11186
133,ACM,2020-03-16,0 days 15:55:23.214725,105483,27.8,27.79,5367,845,-2041,4659
134,ACM,2020-03-16,0 days 15:56:59.446153,133926,27.77,27.75,4729,200,5481,-5522
135,ACM,2020-03-16,0 days 15:57:00.448931,129607,27.77,27.75,4754,100,-4319,5481
136,ACM,2020-03-16,0 days 15:59:50.861225,139165,27.77,27.74,578,100,-1049,6104
137,ACN,2020-03-16,0 days 15:59:15.761069,597402,152.31,152.3,8011,1227,55253,-13525
138,ACN,2020-03-16,0 days 15:59:16.763645,597055,152.31,152.3,7627,1431,-347,55253
139,ACN,2020-03-16,0 days 15:59:19.772293,597402,152.31,152.3,7216,1320,626,-347
140,ACN,2020-03-16,0 days 15:59:20.773956,597028,152.31,152.3,6731,1182,-374,626
141,ACN,2020-03-16,0 days 15:59:49.844049,644718,152.56,152.48,200,770,2706,-3294
142,ACN,2020-03-16,0 days 15:59:50.845599,613989,152.73,152.54,1900,700,-30729,2706
143,ACN,2020-03-16,0 days 15:59:56.858215,605924,152.83,152.56,1863,946,-38994,17686
144,ACN,2020-03-16,0 days 15:59:57.861048,599003,152.57,152.56,3946,664,20686,-38994
145,ADM,2020-03-16,0 days 15:55:06.162669,594816,32.91,32.88,1538,836,907,-12494
146,ADM,2020-03-16,0 days 15:59:06.741663,618319,32.75,32.74,24004,8402,-4137,12563
147,ADM,2020-03-16,0 days 15:59:09.747636,609463,32.75,32.74,24184,8593,8856,-4508
148,ADS,2020-03-16,0 days 15:55:19.602221,171494,36.1,36.07,346,33,513,-6987
149,ADS,2020-03-16,0 days 15:55:30.628134,171941,36.08,36.01,546,101,66,-7734
150,ADS,2020-03-16,0 days 15:55:47.669504,174107,36.07,36.04,472,400,-7734,3105
151,ADS,2020-03-16,0 days 15:55:48.671802,171967,36.07,36.04,300,300,40,-7734
152,ADSW,2020-03-16,0 days 15:55:00.161717,155720,32.7,32.69,4254,4302,-1104,23533
153,ADSW,2020-03-16,0 days 15:55:01.163277,154496,32.7,32.69,4254,4302,1224,-1104
154,ADSW,2020-03-16,0 days 15:55:23.218323,154696,32.77,32.75,360,500,1024,-4576
155,ADSW,2020-03-16,0 days 15:58:50.716695,163961,32.84,32.83,3824,3015,-2395,953
156,ADSW,2020-03-16,0 days 15:58:51.718576,159456,32.79,32.78,486,500,4505,-2395
157,ADSW,2020-03-16,0 days 15:59:01.744272,163961,32.79,32.78,1656,880,-7395,705
158,ADSW,2020-03-16,0 days 15:59:02.745728,163556,32.79,32.78,1656,200,405,-7395
159,ADT,2020-03-16,0 days 15:58:07.522665,168196,4.02,4.01,6301,4350,-1938,1562
160,ADT,2020-03-16,0 days 15:58:08.522685,162134,4.02,4.01,6301,4350,6062,-1938
161,ADT,2020-03-16,0 days 15:59:26.714618,168196,4.03,4.02,1394,4158,-421,1779
162,ADT,2020-03-16,0 days 15:59:28.719027,165717,4.03,4.02,1394,4958,3651,-24421
163,AEE,2020-03-16,0 days 15:55:25.129728,260330,66.27,66.21,1291,100,17131,-46807
164,AEE,2020-03-16,0 days 15:55:26.131932,258461,66.27,66.21,1191,103,-65907,17131
165,AEE,2020-03-16,0 days 15:55:52.194415,265161,66.21,66.19,1571,553,-1769,18131
166,AEE,2020-03-16,0 days 15:56:03.221760,266930,66.24,66.22,200,504,33231,-30807
167,AEE,2020-03-16,0 days 15:56:04.224755,265161,66.22,66.21,157,497,-1769,33231
168,AEE,2020-03-16,0 days 15:56:31.288575,273269,66.18,66.17,1472,1474,-2600,24500
169,AEE,2020-03-16,0 days 15:57:20.408879,276202,65.75,65.69,813,501,21910,-42565
170,AEE,2020-03-16,0 days 15:57:21.410661,273912,65.69,65.65,302,505,-66965,21910
171,AEE,2020-03-16,0 days 15:57:26.424090,276164,65.59,65.55,504,405,23048,-41865
172,AEE,2020-03-16,0 days 15:57:27.425348,274012,65.56,65.55,400,448,-2152,23048
173,AEE,2020-03-16,0 days 15:57:41.457453,274329,65.25,65.2,1799,7,-66432,26165
174,AEE,2020-03-16,0 days 15:58:41.608455,279529,65.11,65.08,201,340,-69593,36579
175,AEE,2020-03-16,0 days 15:58:48.620440,282450,65.11,65.09,903,400,29079,-37593
176,AEE,2020-03-16,0 days 15:58:49.622487,279529,65.11,65.09,829,620,-69593,29079
177,AEE,2020-03-16,0 days 15:59:01.652081,280341,65.23,65.13,400,375,-2109,29591
178,AEE,2020-03-16,0 days 15:59:08.669186,350234,65.19,65.17,1095,142,826,-299
179,AEE,2020-03-16,0 days 15:59:38.742533,283063,65.34,65.31,524,886,63192,-5596
180,AEE,2020-03-16,0 days 15:59:41.751821,283063,65.46,65.31,7,1645,65102,-65396
181,AEE,2020-03-16,0 days 15:59:42.752506,282965,65.46,65.37,207,1580,-98,65102
182,AEE,2020-03-16,0 days 15:59:47.765935,283065,65.69,65.43,750,2630,-998,65102
183,AEE,2020-03-16,0 days 15:59:49.768858,283248,65.83,65.78,100,1057,52452,-66143
184,AEE,2020-03-16,0 days 15:59:50.774005,277154,66.02,65.94,100,758,-77417,52452
185,AEG,2020-03-16,0 days 15:59:36.781839,69359,1.88,1.87,494608,53164,-15062,18252
186,AEG,2020-03-16,0 days 15:59:37.784387,68807,1.88,1.87,494708,54864,552,-15062
187,AEM,2020-03-16,0 days 15:55:09.180146,60166,38.76,38.75,100,413,3397,-2363
188,AEM,2020-03-16,0 days 15:55:10.182575,56763,38.77,38.75,457,434,-3403,3397
189,AEM,2020-03-16,0 days 15:55:26.221804,56863,38.67,38.64,293,1415,-3303,1997
190,AEM,2020-03-16,0 days 15:55:44.264991,60166,38.63,38.59,1,1390,2497,-3263
191,AEM,2020-03-16,0 days 15:55:45.267636,57363,38.63,38.59,302,1590,-2803,2497
192,AEM,2020-03-16,0 days 15:56:42.405531,60256,38.58,38.57,100,200,2669,-3091
193,AEM,2020-03-16,0 days 15:56:43.407550,57625,38.57,38.55,200,3535,-8391,2669
194,AEM,2020-03-16,0 days 15:56:48.419858,66016,38.59,38.57,632,3415,238,-3091
195,AEM,2020-03-16,0 days 15:56:49.421440,63154,38.59,38.57,632,3415,-2862,238
196,AEM,2020-03-16,0 days 15:56:56.438776,57954,38.57,38.55,395,303,-2333,2867
197,AEM,2020-03-16,0 days 15:57:19.495302,60287,38.59,38.56,106,1100,3706,-2054
198,AEM,2020-03-16,0 days 15:57:20.497067,58693,38.59,38.56,206,1100,-1594,3706
199,AEM,2020-03-16,0 days 15:57:52.574328,58593,38.72,38.69,677,415,-7454,3706
200,AEM,2020-03-16,0 days 15:57:56.583122,58693,38.75,38.72,8,500,-1594,3706
201,AEM,2020-03-16,0 days 15:58:10.618694,52393,38.83,38.77,720,700,-16464,6206
202,AEM,2020-03-16,0 days 15:58:32.671207,60287,38.66,38.65,201,100,6206,-2364
203,AEM,2020-03-16,0 days 15:58:33.673100,58193,38.66,38.65,1,300,-2094,6206
204,AEM,2020-03-16,0 days 15:58:45.702588,60287,38.77,38.7,40,1000,5606,-2864
205,AEM,2020-03-16,0 days 15:58:46.705417,58193,38.8,38.77,3,500,-2094,5606
206,AEM,2020-03-16,0 days 15:58:55.726867,60287,38.72,38.67,300,100,5806,-2864
207,AEM,2020-03-16,0 days 15:58:56.729052,58193,38.72,38.69,500,500,-2094,5806
208,AEM,2020-03-16,0 days 15:59:00.739748,60287,38.72,38.7,368,300,5706,-2864
209,AEM,2020-03-16,0 days 15:59:01.741575,58693,38.71,38.7,400,700,-1594,5706
210,AEM,2020-03-16,0 days 15:59:11.767336,59493,38.79,38.73,4,900,-1723,5377
211,AEM,2020-03-16,0 days 15:59:32.817453,61480,38.72,38.69,600,1013,6284,-2477
212,AEM,2020-03-16,0 days 15:59:33.819627,60464,38.72,38.7,700,403,-1016,6284
213,AEM,2020-03-16,0 days 15:59:45.849266,60764,38.75,38.7,800,300,-716,7084
214,AEM,2020-03-16,0 days 15:59:50.861282,54164,38.72,38.67,1003,100,-16377,8934
215,AEP,2020-03-16,0 days 15:55:16.108017,404354,82.37,82.34,300,300,1080,-23020
216,AEP,2020-03-16,0 days 15:55:54.201995,404433,82.5,82.46,670,200,755,-23145
217,AEP,2020-03-16,0 days 15:56:10.238468,407485,82.5,82.47,1520,200,-8181,4644
218,AEP,2020-03-16,0 days 15:56:11.240239,405366,82.49,82.47,349,400,2119,-8181
219,AEP,2020-03-16,0 days 15:56:14.248968,407501,82.48,82.47,1167,403,-5626,2019
220,AEP,2020-03-16,0 days 15:57:40.455182,408461,82.45,82.44,7887,1176,-1966,1488
221,AEP,2020-03-16,0 days 15:57:41.457506,406927,82.45,82.44,8455,1176,1288,-1966
222,AEP,2020-03-16,0 days 15:57:43.463261,408461,82.45,82.44,8767,1855,-166,1288
223,AEP,2020-03-16,0 days 15:57:45.467857,406927,82.45,82.44,9987,1589,1288,-5966
224,AEP,2020-03-16,0 days 15:58:19.549913,409053,82.13,82.08,200,300,-45364,1534
225,AEP,2020-03-16,0 days 15:58:20.552524,432117,81.82,81.81,1959,500,5728,-45364
226,AEP,2020-03-16,0 days 15:58:29.575405,419917,81.5,81.38,2163,800,749,-25596
227,AEP,2020-03-16,0 days 15:58:30.578366,419166,81.5,81.38,2200,800,-751,749
228,AEP,2020-03-16,0 days 15:58:36.591662,392627,81.48,81.4,500,400,26885,-405
229,AEP,2020-03-16,0 days 15:58:38.596876,412166,81.46,81.41,175,300,-25751,1885
230,AEP,2020-03-16,0 days 15:58:40.601747,392627,81.5,81.49,552,900,24894,-751
231,AEP,2020-03-16,0 days 15:58:46.614906,409929,81.79,81.76,100,500,-40288,1602
232,AEP,2020-03-16,0 days 15:58:47.623840,392627,81.83,81.78,569,402,39502,-40288
233,AEP,2020-03-16,0 days 15:58:58.644292,409648,81.91,81.87,764,1600,-44169,1621
234,AEP,2020-03-16,0 days 15:59:11.675993,440267,81.62,81.61,504,1878,6011,-36919
235,AEP,2020-03-16,0 days 15:59:12.680378,438178,81.69,81.62,123,200,-6189,6011
236,AEP,2020-03-16,0 days 15:59:17.690441,440891,81.62,81.58,406,1,1087,-3013
237,AEP,2020-03-16,0 days 15:59:28.719027,393983,81.57,81.56,500,564,45695,-28858
238,AEP,2020-03-16,0 days 15:59:41.751939,393983,81.65,81.64,68,1826,50195,-1758
239,AEP,2020-03-16,0 days 15:59:42.752569,415678,81.69,81.64,551,2126,-30258,50195
240,AEP,2020-03-16,0 days 15:59:43.756350,393983,81.69,81.68,480,200,49949,-30258
241,AEP,2020-03-16,0 days 15:59:52.779435,394467,81.83,81.78,171,762,58865,-2252
242,AEP,2020-03-16,0 days 15:59:53.777983,453048,81.83,81.8,464,600,-2252,58865
243,AER,2020-03-16,0 days 15:52:25.039907,71537,21.29,21.24,1430,1167,-914,12011
244,AER,2020-03-16,0 days 15:52:28.047047,59526,21.32,21.28,1464,567,12011,-914
245,AER,2020-03-16,0 days 15:53:43.225689,71537,21.48,21.46,2041,877,-4214,12011
246,AER,2020-03-16,0 days 15:55:43.517674,75269,21.27,21.22,1289,7,949,-2351
247,AER,2020-03-16,0 days 15:55:48.527952,76069,21.19,21.13,1293,111,149,-11351
248,AER,2020-03-16,0 days 15:55:52.538071,76318,21.12,21.05,413,132,-11251,1431
249,AER,2020-03-16,0 days 15:55:53.540424,76169,21.12,21.06,1293,400,549,-11251
250,AER,2020-03-16,0 days 15:56:04.567035,77118,21.04,21.0,1200,221,-11908,1631
251,AER,2020-03-16,0 days 15:56:05.569118,76926,21.04,21.01,1400,500,192,-11908
252,AER,2020-03-16,0 days 15:56:45.665323,78437,21.06,21.03,300,300,-10789,2550
253,AER,2020-03-16,0 days 15:56:46.668432,78126,21.02,21.0,500,304,311,-10789
254,AER,2020-03-16,0 days 15:57:28.770800,82765,21.02,20.97,1700,2062,-12421,1918
255,AER,2020-03-16,0 days 15:57:29.772243,82286,21.01,20.97,300,2062,479,-12421
256,AER,2020-03-16,0 days 15:57:49.820842,82565,21.09,21.07,200,806,-12959,1280
257,AER,2020-03-16,0 days 15:58:13.879283,82472,21.01,20.96,3061,327,334,-15966
258,AER,2020-03-16,0 days 15:58:22.901271,82806,20.99,20.97,152,400,-15866,18221
259,AER,2020-03-16,0 days 15:58:23.903102,82472,20.99,20.97,52,800,334,-15866
260,AER,2020-03-16,0 days 15:58:34.930064,82806,20.96,20.95,1200,85,-15866,2021
261,AER,2020-03-16,0 days 15:58:35.932197,64585,20.96,20.93,1200,817,18221,-15866
262,AER,2020-03-16,0 days 15:58:47.960935,82806,20.96,20.91,6618,255,-15866,2021
263,AER,2020-03-16,0 days 15:58:48.963629,82472,20.96,20.91,6818,255,334,-15866
264,AER,2020-03-16,0 days 15:59:04.000176,83435,20.93,20.89,600,862,-15637,1621
265,AER,2020-03-16,0 days 15:59:05.004108,83072,20.93,20.89,976,302,363,-15637
266,AER,2020-03-16,0 days 15:59:14.026626,83446,20.9,20.87,6483,1,-16226,1661
267,AER,2020-03-16,0 days 15:59:15.028490,83072,20.9,20.87,6283,1,374,-16226
268,AER,2020-03-16,0 days 15:59:31.068446,68385,20.8,20.79,608,200,17084,-14203
269,AER,2020-03-16,0 days 15:59:46.104123,94771,20.79,20.78,300,600,-814,18851
270,AER,2020-03-16,0 days 15:59:48.110746,94385,20.79,20.78,805,964,386,-814
271,AER,2020-03-16,0 days 15:59:49.111594,85469,20.81,20.8,100,300,-6416,386
272,AES,2020-03-16,0 days 15:59:07.742735,699780,11.01,11.0,42993,1684,4876,-16562
273,AES,2020-03-16,0 days 15:59:26.788094,686717,11.01,11.0,35932,6886,-13902,4037
274,AG,2020-03-16,0 days 15:56:59.436220,99094,5.49,5.48,26341,100,5472,-328
275,AG,2020-03-16,0 days 15:57:00.439654,96966,5.49,5.48,25510,100,-2128,5472
276,AG,2020-03-16,0 days 15:57:18.482451,100712,5.46,5.45,7380,1389,3254,-1328
277,AG,2020-03-16,0 days 15:57:19.485663,97466,5.46,5.45,4398,6689,-1628,3254
278,AG,2020-03-16,0 days 15:59:14.759292,99094,5.49,5.48,1300,9612,1942,-4528
279,AG,2020-03-16,0 days 15:59:15.761699,97736,5.49,5.48,1136,11049,-1358,1942
280,AGI,2020-03-16,0 days 15:56:53.431383,51902,4.61,4.6,26261,20557,-19626,27374
281,AGI,2020-03-16,0 days 15:56:54.433735,49228,4.61,4.6,25164,22357,2674,-19626
282,AGI,2020-03-16,0 days 15:59:27.806037,51995,4.7,4.69,46339,3928,3907,-93
283,AGN,2020-03-16,0 days 15:59:59.795922,357057,164.82,164.71,8003,694,22404,-21840
284,AIG,2020-03-16,0 days 15:55:00.149140,1205058,23.2,23.19,4833,3169,175484,-34286
285,AIG,2020-03-16,0 days 15:57:38.528624,1389432,23.21,23.2,3617,2681,-583,11917
286,AIG,2020-03-16,0 days 15:57:40.532994,1355015,23.21,23.2,4238,3581,34417,-583
287,AIG,2020-03-16,0 days 15:58:21.632870,1389458,23.21,23.2,400,510,-89396,790
288,AIG,2020-03-16,0 days 15:58:22.634846,1386554,23.21,23.2,726,210,2904,-89396
289,AIG,2020-03-16,0 days 15:59:21.776901,1382306,23.2,23.19,15270,600,8363,-2790
290,AIG,2020-03-16,0 days 15:59:36.812928,1421145,23.13,23.12,2443,3001,-5361,52639
291,AIV,2020-03-16,0 days 15:55:35.246391,184457,36.17,36.16,1300,400,-6573,627
292,AIV,2020-03-16,0 days 15:55:48.277585,183310,36.11,36.1,412,368,-6260,3440
293,AIV,2020-03-16,0 days 15:59:24.800595,199463,35.68,35.67,1318,56,-49739,1497
294,AIV,2020-03-16,0 days 15:59:31.817359,200248,35.64,35.63,1316,961,-3917,6583
295,AIV,2020-03-16,0 days 15:59:44.849229,202136,35.65,35.64,300,700,-2029,17215
296,AIV,2020-03-16,0 days 15:59:59.886868,236636,35.5,35.47,4449,400,-13060,9071
297,AIV,2020-03-16,0 days 16:00:00.885851,204165,35.51,35.5,900,6737,32371,-13060
298,AKR,2020-03-16,0 days 15:55:28.358271,148673,16.23,16.19,792,205,6140,-1460
299,AL,2020-03-16,0 days 15:55:16.593955,98028,19.88,19.87,1457,2159,-637,6863
300,AL,2020-03-16,0 days 15:55:46.666189,91365,19.89,19.88,1398,3620,6663,-637
301,AL,2020-03-16,0 days 15:55:47.669504,98028,19.89,19.88,1398,3720,-268,6663
302,AL,2020-03-16,0 days 15:58:06.000321,69498,20.1,20.09,200,966,-22062,2956
303,AL,2020-03-16,0 days 15:58:07.005194,43042,20.1,20.09,305,1371,26456,-22062
304,AL,2020-03-16,0 days 15:58:14.021195,68060,20.11,20.09,4147,1913,1438,-21362
305,AL,2020-03-16,0 days 15:58:29.056515,68060,20.1,20.09,700,1911,1438,-21362
306,AL,2020-03-16,0 days 15:59:41.226382,71089,20.11,20.1,8306,2121,-4153,4247
307,AL,2020-03-16,0 days 15:59:42.228322,68942,20.11,20.1,8806,2121,2118,-4153
308,ALB,2020-03-16,0 days 15:55:02.416151,197963,59.57,59.55,153,100,-19010,3156
309,ALB,2020-03-16,0 days 15:55:18.454143,198350,59.48,59.44,94,100,-18968,17543
310,ALB,2020-03-16,0 days 15:55:23.466778,217657,59.42,59.4,337,61,2499,-2407
311,ALB,2020-03-16,0 days 15:55:24.470077,216256,59.42,59.41,90,100,-1401,2499
312,ALB,2020-03-16,0 days 15:56:22.608622,207224,59.19,59.12,200,657,-20291,1103
313,ALB,2020-03-16,0 days 15:56:39.650426,207324,59.1,59.05,682,90,-20291,603
314,ALB,2020-03-16,0 days 15:56:50.678820,207324,59.09,59.03,200,1,-20462,432
315,ALB,2020-03-16,0 days 15:58:03.854821,207441,59.11,59.06,165,200,-20857,412
316,ALB,2020-03-16,0 days 15:58:15.883561,203904,59.12,59.1,5,100,19237,-1457
317,ALB,2020-03-16,0 days 15:58:16.885296,203841,59.11,59.08,15,100,-20857,19237
318,ALB,2020-03-16,0 days 15:58:35.931879,203641,59.06,59.05,194,167,-163,18837
319,ALB,2020-03-16,0 days 16:00:00.157407,203804,58.93,58.92,187,32989,26543,-959
320,ALC,2020-03-16,0 days 15:55:00.080769,20567,47.93,47.92,13872,3030,1474,-12968
321,ALC,2020-03-16,0 days 15:55:01.083496,19141,47.93,47.92,13073,3030,-1426,1474
322,ALC,2020-03-16,0 days 15:57:21.421038,20616,47.93,47.92,10766,1035,43,-9
323,ALC,2020-03-16,0 days 15:59:25.709801,20659,47.91,47.9,17287,1636,-743,43
324,ALK,2020-03-16,0 days 15:55:23.214725,483759,32.47,32.45,1290,1371,2663,-2637
325,ALK,2020-03-16,0 days 15:55:24.218005,481122,32.56,32.5,600,300,-2937,2663
326,ALK,2020-03-16,0 days 15:55:32.235786,473663,32.51,32.49,596,836,7459,-2837
327,ALK,2020-03-16,0 days 15:55:33.238398,472122,32.51,32.49,596,736,-1541,7459
328,ALK,2020-03-16,0 days 15:55:55.291558,472322,32.56,32.54,1390,834,-1541,7459
329,ALK,2020-03-16,0 days 15:56:02.308488,473663,32.54,32.48,230,200,7959,-11837
330,ALK,2020-03-16,0 days 15:56:03.311090,473117,32.53,32.48,200,317,-546,7959
331,ALK,2020-03-16,0 days 15:56:05.315738,473663,32.52,32.48,700,331,7754,-10742
332,ALK,2020-03-16,0 days 15:56:06.317789,472317,32.52,32.48,800,331,-1246,7754
333,ALK,2020-03-16,0 days 15:56:20.351652,472289,32.49,32.47,68,4,-11586,6026
334,ALK,2020-03-16,0 days 15:56:21.355864,473563,32.48,32.46,200,320,8226,-11586
335,ALK,2020-03-16,0 days 15:56:22.356510,472389,32.48,32.46,200,1020,-1074,8226
336,ALK,2020-03-16,0 days 15:56:53.431363,472889,32.61,32.58,201,300,-11650,7966
337,ALK,2020-03-16,0 days 15:57:27.513980,473128,32.74,32.7,37,1000,-1595,5005
338,ALK,2020-03-16,0 days 15:57:39.543037,473623,32.75,32.73,672,66,-1200,8800
339,ALK,2020-03-16,0 days 15:57:51.573792,475661,32.84,32.8,505,210,7762,-12473
340,ALK,2020-03-16,0 days 15:57:52.574298,474123,32.84,32.8,406,437,-1438,7762
341,ALK,2020-03-16,0 days 15:58:02.598083,470169,32.89,32.86,411,987,-5792,6128
342,ALK,2020-03-16,0 days 15:58:07.610607,486296,32.84,32.81,200,401,373,-14007
343,ALK,2020-03-16,0 days 15:58:08.613297,483269,32.84,32.81,100,501,-2827,373
344,ALK,2020-03-16,0 days 15:58:15.630041,473769,32.84,32.83,898,300,-1992,7508
345,ALK,2020-03-16,0 days 15:58:19.640142,476061,32.89,32.86,5619,449,5628,-3227
346,ALK,2020-03-16,0 days 15:58:20.642552,475069,32.89,32.86,5519,349,-892,5628
347,ALK,2020-03-16,0 days 15:58:39.687851,476061,32.97,32.95,358,200,6953,-3382
348,ALK,2020-03-16,0 days 15:58:40.691269,473614,32.97,32.95,203,400,-12782,6953
349,ALK,2020-03-16,0 days 15:58:45.702580,475514,32.98,32.97,3342,916,-2593,4907
350,ALK,2020-03-16,0 days 15:59:19.786374,483107,32.91,32.88,706,12,10033,-3094
351,ALK,2020-03-16,0 days 15:59:32.817453,478481,32.55,32.53,1126,365,-8161,7074
352,ALL,2020-03-16,0 days 15:55:11.175745,330698,85.54,85.53,1888,651,-3596,22318
353,ALL,2020-03-16,0 days 15:55:23.207174,336248,85.54,85.53,3579,1213,1950,-5550
354,ALL,2020-03-16,0 days 15:55:24.216570,333198,85.56,85.54,54,90,-53547,1950
355,ALL,2020-03-16,0 days 15:55:25.211484,336248,85.57,85.54,334,4,27850,-53547
356,ALL,2020-03-16,0 days 15:55:26.214027,333198,85.57,85.55,376,100,-53547,27850
357,ALL,2020-03-16,0 days 15:55:48.267846,336248,85.42,85.38,1688,746,28639,-21858
358,ALL,2020-03-16,0 days 15:55:49.268885,333287,85.4,85.38,301,996,-2961,28639
359,ALL,2020-03-16,0 days 15:56:11.321725,337376,85.22,85.17,334,513,42139,-8596
360,ALL,2020-03-16,0 days 15:56:12.323397,334415,85.22,85.17,951,623,-2961,42139
361,ALL,2020-03-16,0 days 15:56:18.339485,342546,85.2,85.18,747,56,7814,-3520
362,ALL,2020-03-16,0 days 15:56:19.340743,340060,85.2,85.17,1249,1268,-53121,7814
363,ALL,2020-03-16,0 days 15:56:30.368709,342546,85.08,85.04,150,534,43714,-6921
364,ALL,2020-03-16,0 days 15:56:31.367441,340160,85.05,85.04,753,548,-2386,43714
365,ALL,2020-03-16,0 days 15:56:46.405615,342546,84.99,84.98,1616,1061,43600,-7035
366,ALL,2020-03-16,0 days 15:56:47.406071,340146,85.02,84.99,2515,200,-2400,43600
367,ALL,2020-03-16,0 days 15:56:49.410906,342566,85.01,84.98,100,308,43480,-53035
368,ALL,2020-03-16,0 days 15:56:50.415906,340246,84.98,84.86,900,200,-52955,43480
369,ALL,2020-03-16,0 days 15:57:00.439587,344547,84.95,84.89,1939,317,44227,-6848
370,ALL,2020-03-16,0 days 15:57:01.445296,342174,84.95,84.89,2252,551,-2373,44227
371,ALL,2020-03-16,0 days 15:57:18.482427,342250,84.96,84.9,600,400,-53335,44103
372,ALL,2020-03-16,0 days 15:58:19.628427,344554,84.82,84.77,331,362,40705,-10533
373,ALL,2020-03-16,0 days 15:58:20.630173,341559,84.81,84.73,200,500,-54233,40705
374,ALL,2020-03-16,0 days 15:58:31.656227,344554,84.79,84.73,498,601,43505,-7733
375,ALL,2020-03-16,0 days 15:58:32.658596,341559,84.78,84.73,402,601,-54233,43505
376,ALL,2020-03-16,0 days 15:58:43.686755,344554,85.01,84.85,200,1109,43405,-7733
377,ALL,2020-03-16,0 days 15:58:44.687377,341559,85.02,84.94,227,185,-2995,43405
378,ALL,2020-03-16,0 days 15:59:32.803788,343235,84.94,84.84,500,490,-2203,42797
379,ALL,2020-03-16,0 days 15:59:37.816267,345438,84.91,84.9,964,295,52497,-6383
380,ALL,2020-03-16,0 days 15:59:38.818363,343835,84.93,84.91,488,4,-60483,52497
381,ALL,2020-03-16,0 days 15:59:43.826722,345635,84.95,84.92,208,893,-61113,52567
382,ALL,2020-03-16,0 days 15:59:44.829532,351090,84.93,84.92,328,1139,51045,-61113
383,ALL,2020-03-16,0 days 15:59:45.831065,349235,84.98,84.93,43,1262,-60735,51045
384,ALL,2020-03-16,0 days 15:59:49.844223,351668,85.02,84.99,283,290,54370,-5130
385,ALL,2020-03-16,0 days 15:59:50.845814,329638,85.03,85.01,309,937,-22030,54370
386,ALLY,2020-03-16,0 days 15:59:01.131227,483702,16.18,16.17,1901,855,-15838,6203
387,ALLY,2020-03-16,0 days 15:59:08.148093,499540,16.23,16.22,1500,553,3655,-8545
388,ALLY,2020-03-16,0 days 15:59:09.150302,490795,16.21,16.2,600,1133,-8745,3655
389,ALLY,2020-03-16,0 days 15:59:25.185294,497740,16.15,16.11,400,1058,15824,-8538
390,ALLY,2020-03-16,0 days 15:59:26.187737,489164,16.15,16.11,700,2088,-32938,15824
391,ALSN,2020-03-16,0 days 15:59:16.778838,225601,32.49,32.48,827,2020,-6640,1562
392,AM,2020-03-16,0 days 15:55:00.283959,216790,3.06,3.05,31309,12427,-9756,179229
393,AM,2020-03-16,0 days 15:55:01.285971,208246,3.06,3.05,30115,20727,8544,-9756
394,AM,2020-03-16,0 days 15:59:20.913758,229547,3.06,3.05,26084,21639,-4674,15326
395,AM,2020-03-16,0 days 15:59:21.915520,223721,3.06,3.05,23163,21308,5826,-4674
396,AM,2020-03-16,0 days 15:59:27.930631,229547,3.06,3.05,22890,23324,-233,5826
397,AMCR,2020-03-16,0 days 15:56:35.348719,1855056,5.93,5.92,21739,37713,-4,43196
398,AMCR,2020-03-16,0 days 15:56:52.391115,1855060,5.93,5.92,23035,42026,496,-4
399,AMCR,2020-03-16,0 days 15:56:53.392541,1855556,5.93,5.92,22441,42326,-4,496
400,AMCR,2020-03-16,0 days 15:56:58.404684,1855560,5.93,5.92,20557,43638,1076,-4
401,AMCR,2020-03-16,0 days 15:58:00.551001,1823197,5.97,5.96,56940,13000,-32963,2085
402,AMCR,2020-03-16,0 days 15:58:01.552001,1792060,5.97,5.96,55334,14931,31137,-32963
403,AME,2020-03-16,0 days 15:59:35.734503,255839,62.89,62.86,461,1683,1894,-16857
404,AME,2020-03-16,0 days 15:59:37.738129,257733,62.89,62.87,478,603,-16857,1894
405,AME,2020-03-16,0 days 15:59:38.740681,255839,62.89,62.88,540,318,1894,-16857
406,AME,2020-03-16,0 days 15:59:47.763237,257893,62.88,62.74,811,100,-18197,494
407,AMH,2020-03-16,0 days 15:56:03.233969,380045,23.97,23.96,13110,500,-6403,297
408,AMT,2020-03-16,0 days 15:59:32.803884,467533,201.5,201.39,1853,607,251,-62603
409,AMT,2020-03-16,0 days 15:59:33.806924,454476,202.39,201.84,85,1015,-75995,251
410,AMT,2020-03-16,0 days 15:59:50.846217,445888,203.02,202.6,100,115,-86163,3013
411,ANF,2020-03-16,0 days 15:55:19.602221,220782,9.73,9.72,16550,3945,1887,-1269
412,ANH,2020-03-16,0 days 15:57:37.526054,87703,1.82,1.81,14948,1836,-6792,3226
413,ANTM,2020-03-16,0 days 15:55:24.128319,180759,223.96,223.57,58,245,5983,-15843
414,ANTM,2020-03-16,0 days 15:55:25.129777,177142,223.96,223.58,58,630,-3617,5983
415,ANTM,2020-03-16,0 days 15:56:02.218782,177296,224.37,223.99,154,426,-3567,6033
416,ANTM,2020-03-16,0 days 15:56:19.259824,180863,223.87,223.77,653,103,7634,-14567
417,ANTM,2020-03-16,0 days 15:56:20.263227,177397,223.87,223.77,845,170,-3466,7634
418,ANTM,2020-03-16,0 days 15:56:31.288603,177404,223.59,223.58,1276,497,-3427,7873
419,ANTM,2020-03-16,0 days 15:56:49.331813,177685,223.91,223.64,209,334,-3446,7654
420,ANTM,2020-03-16,0 days 15:57:00.359395,177828,223.65,223.59,600,304,-3350,8331
421,ANTM,2020-03-16,0 days 15:57:23.416628,181218,223.61,223.59,44,230,8310,-14259
422,ANTM,2020-03-16,0 days 15:57:24.418438,177828,223.61,223.59,44,230,-3390,8310
423,ANTM,2020-03-16,0 days 15:57:45.467857,177996,223.28,223.26,189,600,-3222,9878
424,ANTM,2020-03-16,0 days 15:57:57.495725,180901,222.75,222.55,56,400,14536,-10033
425,ANTM,2020-03-16,0 days 15:57:58.498118,178137,222.71,222.55,100,300,-2764,14536
426,ANTM,2020-03-16,0 days 15:58:12.534416,180901,222.27,222.21,100,367,16743,-5826
427,ANTM,2020-03-16,0 days 15:58:13.536487,177544,222.37,222.23,91,100,-25926,16743
428,ANTM,2020-03-16,0 days 15:58:51.627798,181218,223.71,223.25,306,200,3212,-23196
429,ANTM,2020-03-16,0 days 15:58:52.630224,177330,223.69,223.25,100,301,-3888,3212
430,ANTM,2020-03-16,0 days 15:59:16.688616,181218,223.67,223.66,445,904,2663,-30402
431,ANTM,2020-03-16,0 days 15:59:17.690416,178281,223.72,223.67,195,578,-34099,2663
432,ANTM,2020-03-16,0 days 15:59:20.700260,179144,224.06,223.68,224,401,-2249,2488
433,ANTM,2020-03-16,0 days 15:59:21.700545,181393,224.05,223.68,310,405,1051,-2249
434,ANTM,2020-03-16,0 days 15:59:22.705439,178744,224.05,223.77,8,873,-2681,1051
435,ANTM,2020-03-16,0 days 15:59:39.745439,181425,224.09,224.01,689,503,9545,-25105
436,ANTM,2020-03-16,0 days 15:59:40.747805,179770,224.09,224.01,551,456,-36205,9545
437,ANTM,2020-03-16,0 days 15:59:52.779435,183465,224.19,224.1,426,469,5790,-28716
438,ANTM,2020-03-16,0 days 15:59:55.784058,189255,224.25,224.09,6992,500,-28716,5790
439,ANTM,2020-03-16,0 days 15:59:56.783697,183465,224.24,224.09,7990,595,5790,-28716
440,AON,2020-03-16,0 days 15:55:53.683524,210847,171.34,171.17,75,192,8440,-28791
441,AON,2020-03-16,0 days 15:55:54.685949,206487,171.34,171.16,186,778,-41591,8440
442,AON,2020-03-16,0 days 15:56:21.751386,206722,171.28,171.16,740,500,-4125,11175
443,AON,2020-03-16,0 days 15:56:33.780159,206722,171.17,171.16,1959,948,-4125,11375
444,AON,2020-03-16,0 days 15:57:59.985237,207384,171.09,171.01,400,684,-53124,2107
445,AON,2020-03-16,0 days 15:58:20.036211,206796,171.07,171.0,75,646,-4481,14919
446,AON,2020-03-16,0 days 15:58:26.049641,211277,171.24,171.17,43,624,7320,-48012
447,AON,2020-03-16,0 days 15:58:27.051924,206797,171.33,171.19,300,621,-4480,7320
448,AON,2020-03-16,0 days 15:58:37.074497,211277,171.59,171.46,865,1067,6243,-42988
449,AON,2020-03-16,0 days 15:58:38.077328,206720,171.59,171.47,1065,546,-53788,6243
450,AON,2020-03-16,0 days 15:58:57.120782,206699,172.51,172.5,2077,545,-4578,5322
451,AON,2020-03-16,0 days 15:59:10.153935,208333,172.71,172.51,450,464,-3635,2365
452,AON,2020-03-16,0 days 15:59:44.234755,209701,171.7,171.59,747,650,-57424,8328
453,AON,2020-03-16,0 days 15:59:45.236465,212073,171.6,171.59,280,758,9028,-57424
454,AON,2020-03-16,0 days 15:59:46.241061,209701,171.6,171.59,83,1009,-2372,9028
455,AOS,2020-03-16,0 days 15:55:17.193840,184639,38.13,38.12,313,300,34,-66
456,AOS,2020-03-16,0 days 15:55:19.196972,155073,38.13,38.12,1286,676,-4609,25191
457,AOS,2020-03-16,0 days 15:55:32.228660,160509,38.13,38.1,960,100,11675,-13282
458,AOS,2020-03-16,0 days 15:55:33.230145,156084,38.13,38.11,860,300,-4425,11675
459,AOS,2020-03-16,0 days 15:55:40.248399,160509,38.09,38.08,8,444,7775,-17182
460,AOS,2020-03-16,0 days 15:55:41.250204,155884,38.09,38.07,843,228,-4625,7775
461,AOS,2020-03-16,0 days 15:55:49.268953,160509,38.09,38.07,1677,100,6946,-18011
462,AOS,2020-03-16,0 days 15:55:50.273164,156155,38.09,38.07,1677,800,-4354,6946
463,AOS,2020-03-16,0 days 15:55:56.287514,160509,38.11,38.1,364,300,7192,-17811
464,AOS,2020-03-16,0 days 15:55:57.288652,155901,38.12,38.11,615,20,-4608,7192
465,AOS,2020-03-16,0 days 15:56:10.319461,156127,38.09,38.07,300,400,-4382,7218
466,AOS,2020-03-16,0 days 15:56:23.350184,157962,38.03,38.01,808,8600,-34242,20689
467,AOS,2020-03-16,0 days 15:56:33.372666,157862,37.96,37.95,100,550,-4611,22889
468,AOS,2020-03-16,0 days 15:56:44.400550,158366,37.97,37.96,300,300,-4107,22493
469,AOS,2020-03-16,0 days 15:57:08.457982,158035,37.97,37.93,642,6400,-34776,23162
470,AOS,2020-03-16,0 days 15:57:15.475042,162473,37.94,37.92,200,522,23462,-7076
471,AOS,2020-03-16,0 days 15:57:16.478058,158035,37.94,37.92,341,522,-4438,23462
472,AOS,2020-03-16,0 days 15:57:31.514544,158137,37.89,37.88,307,878,-4336,23564
473,AOS,2020-03-16,0 days 15:58:04.590705,162500,38.0,37.99,168,640,22540,-7998
474,AOS,2020-03-16,0 days 15:58:05.595544,157540,38.0,37.99,268,300,-4960,22540
475,AOS,2020-03-16,0 days 15:58:19.628488,157029,38.0,37.99,1023,200,-5471,19629
476,AOS,2020-03-16,0 days 15:58:38.672828,162500,37.97,37.95,26,750,19829,-10509
477,AOS,2020-03-16,0 days 15:58:39.675428,157329,37.97,37.95,13,5750,-5171,19829
478,AOS,2020-03-16,0 days 15:58:41.680191,162500,37.99,37.98,371,200,20029,-35509
479,AOS,2020-03-16,0 days 15:58:42.683275,157029,38.0,37.98,5,440,-35809,20029
480,AOS,2020-03-16,0 days 15:59:07.742833,162500,38.06,38.05,4,400,24107,-5494
481,AOS,2020-03-16,0 days 15:59:08.745971,158907,38.05,38.04,4,521,-3593,24107
482,AOS,2020-03-16,0 days 15:59:33.806896,162755,38.11,38.1,2352,2237,31524,-5756
483,AOS,2020-03-16,0 days 15:59:34.808667,159679,38.11,38.1,896,2064,-3076,31524
484,AOS,2020-03-16,0 days 15:59:59.863078,167552,37.99,37.98,2780,8445,887,-1467
485,APA,2020-03-16,0 days 15:55:46.665516,954817,5.6,5.59,34277,3421,14187,-6218
486,APA,2020-03-16,0 days 15:55:47.668816,935204,5.6,5.59,36265,3506,-19613,14187
487,APA,2020-03-16,0 days 15:56:02.704918,954817,5.6,5.59,36872,10256,21324,-16813
488,APA,2020-03-16,0 days 15:56:03.707629,905441,5.6,5.59,37172,10456,-49376,21324
489,APA,2020-03-16,0 days 15:59:31.201810,974307,5.49,5.48,35154,10448,-9863,22537
490,APA,2020-03-16,0 days 15:59:48.241317,984170,5.49,5.48,44326,21617,3120,-9763
491,APA,2020-03-16,0 days 15:59:50.249758,928198,5.49,5.48,47452,18052,-55972,13818
492,APD,2020-03-16,0 days 15:59:33.806896,203488,180.61,180.42,800,250,-2381,5264
493,APD,2020-03-16,0 days 15:59:44.829750,205869,180.59,180.42,400,493,5219,-14030
494,APD,2020-03-16,0 days 15:59:45.831154,204388,180.59,180.42,400,203,-1481,5219
495,APLE,2020-03-16,0 days 15:57:12.479848,271711,7.19,7.18,31007,33865,-10482,4218
496,APLE,2020-03-16,0 days 15:57:13.482317,262493,7.19,7.18,31822,34362,9218,-10482
497,APLE,2020-03-16,0 days 15:58:17.637855,271795,7.19,7.18,53577,15158,-38298,61802
498,APLE,2020-03-16,0 days 15:58:18.639184,255093,7.19,7.18,51432,14658,16702,-38298
499,APO,2020-03-16,0 days 15:55:01.558248,487465,31.4,31.38,1,509,1414,-1286
500,APO,2020-03-16,0 days 15:55:09.575928,488879,31.41,31.38,3,1200,-8282,1414
501,APO,2020-03-16,0 days 15:55:10.578361,488461,31.41,31.38,1,295,445,-8282
502,APO,2020-03-16,0 days 15:56:04.710247,488906,31.41,31.37,300,204,-8355,1341
503,APO,2020-03-16,0 days 15:56:05.712584,488461,31.41,31.37,400,204,445,-8355
504,APO,2020-03-16,0 days 15:56:36.786852,488906,31.28,31.24,1389,581,-8355,1341
505,APO,2020-03-16,0 days 15:56:37.788920,488461,31.28,31.24,889,581,445,-8355
506,APO,2020-03-16,0 days 15:56:57.838142,492106,31.27,31.24,100,384,-376,415
507,APO,2020-03-16,0 days 15:57:09.866543,488906,31.26,31.22,287,155,-9076,620
508,APO,2020-03-16,0 days 15:57:31.919534,482786,31.18,31.16,32,136,9320,-376
509,APO,2020-03-16,0 days 15:57:45.951567,492482,31.14,31.04,506,200,5324,-376
510,APO,2020-03-16,0 days 15:57:46.953565,492106,31.14,31.06,785,200,-376,5324
511,APO,2020-03-16,0 days 15:58:09.007417,482786,31.13,31.1,386,400,9320,-376
512,APO,2020-03-16,0 days 15:58:10.015005,488906,31.17,31.12,300,400,-9076,9320
513,APO,2020-03-16,0 days 15:58:28.055297,482786,31.26,31.2,454,500,9330,-366
514,APO,2020-03-16,0 days 15:58:36.072859,488916,31.23,31.2,271,310,-9066,630
515,APO,2020-03-16,0 days 15:58:50.104659,482786,31.22,31.19,400,613,9330,-366
516,APO,2020-03-16,0 days 15:59:02.133426,482786,31.22,31.18,2149,666,9319,-377
517,APO,2020-03-16,0 days 15:59:14.162519,489325,31.18,31.14,500,200,-9157,519
518,APO,2020-03-16,0 days 15:59:34.209026,482786,31.16,31.13,793,9948,13912,-341
519,APO,2020-03-16,0 days 15:59:41.226547,490198,31.15,31.13,4465,9487,-6841,7412
520,APO,2020-03-16,0 days 15:59:44.234755,482786,31.14,31.13,100,9884,13812,-459
521,APTV,2020-03-16,0 days 15:59:15.901236,347371,51.21,51.2,3704,1127,19404,-58529
522,APTV,2020-03-16,0 days 15:59:16.903408,343175,51.21,51.2,4040,1229,-4196,19404
523,APTV,2020-03-16,0 days 15:59:30.937667,344592,51.16,51.15,2370,808,-3449,28651
524,APTV,2020-03-16,0 days 15:59:57.997306,348041,51.09,51.08,378,675,1456,-11749
525,ARE,2020-03-16,0 days 15:55:16.201434,135190,123.8,123.51,1614,291,1343,-3657
526,ARE,2020-03-16,0 days 15:55:17.203608,133633,123.8,123.51,1623,291,-1557,1343
527,ARE,2020-03-16,0 days 15:56:02.312017,106805,124.09,123.7,100,524,26806,-1479
528,ARE,2020-03-16,0 days 15:56:09.328563,120511,124.09,123.7,340,773,-14679,13706
529,ARE,2020-03-16,0 days 15:56:31.381586,111562,123.94,123.77,200,239,26827,-1558
530,ARE,2020-03-16,0 days 15:57:00.450783,112459,123.5,123.25,1504,90,26878,-2333
531,ARE,2020-03-16,0 days 15:57:15.487158,128306,123.41,123.36,995,10,-12665,15746
532,ARE,2020-03-16,0 days 15:58:11.622744,136686,122.65,122.51,152,90,-883,2617
533,ARE,2020-03-16,0 days 15:58:27.661303,113014,121.99,121.77,403,590,24102,-453
534,ARE,2020-03-16,0 days 15:58:28.664022,124016,122.0,121.88,980,358,-13553,24102
535,ARE,2020-03-16,0 days 15:58:39.690686,123916,122.2,122.15,197,300,-21481,10902
536,ARE,2020-03-16,0 days 15:58:47.709894,123486,123.01,122.72,1204,190,-25911,10572
537,ARE,2020-03-16,0 days 15:59:13.773121,148404,122.62,122.43,1133,549,-354,2215
538,ARE,2020-03-16,0 days 15:59:20.790668,126614,122.55,122.43,224,386,-25271,10539
539,ARE,2020-03-16,0 days 15:59:25.802319,116375,122.24,122.23,749,391,33876,-1754
540,ARE,2020-03-16,0 days 15:59:26.804401,127451,122.37,122.24,278,472,-24434,33876
541,ARE,2020-03-16,0 days 15:59:38.834133,116675,122.26,122.25,422,523,33376,-1954
542,ARE,2020-03-16,0 days 15:59:39.836832,127131,122.36,122.25,899,578,-25403,33376
543,ARE,2020-03-16,0 days 15:59:47.855451,117676,123.22,122.49,681,1055,33455,-1955
544,ARE,2020-03-16,0 days 15:59:48.859799,132121,123.22,122.49,581,1155,-22565,33455
545,ARE,2020-03-16,0 days 15:59:54.878438,117676,122.5,122.49,1955,414,25255,-16046
546,ARE,2020-03-16,0 days 15:59:57.880926,142931,122.54,122.3,200,2618,-10255,25355
547,ARMK,2020-03-16,0 days 15:56:21.609707,107995,17.75,17.74,20004,12573,-583,3617
548,ARMK,2020-03-16,0 days 15:56:22.609850,104378,17.75,17.74,20288,12307,3617,-583
549,ARMK,2020-03-16,0 days 15:58:51.970756,108219,17.47,17.43,685,800,-53787,3596
550,ARMK,2020-03-16,0 days 15:58:56.982731,69523,17.37,17.36,1877,449,55596,-433
551,ARMK,2020-03-16,0 days 15:59:12.023395,70923,17.37,17.35,809,207,37575,-18454
552,ARMK,2020-03-16,0 days 15:59:26.054859,108498,17.35,17.34,2566,2130,-1625,2775
553,ARMK,2020-03-16,0 days 15:59:27.057976,107431,17.35,17.34,2560,1928,1067,-1625
554,ARNC,2020-03-16,0 days 15:55:54.249417,316683,17.59,17.58,2214,3737,-6354,1146
555,ARNC,2020-03-16,0 days 15:59:10.719655,325516,17.61,17.6,5198,7270,-3998,11002
556,ARNC,2020-03-16,0 days 15:59:26.757054,329514,17.6,17.59,25662,4272,282,-28
557,ARNC,2020-03-16,0 days 15:59:38.786834,328070,17.6,17.59,25416,7240,-1444,282
558,ARNC,2020-03-16,0 days 15:59:55.832246,327352,17.43,17.42,2511,2823,2571,-42058
559,ASB,2020-03-16,0 days 15:55:23.176899,117986,12.54,12.53,8858,3758,-349,1451
560,ASB,2020-03-16,0 days 15:55:24.184963,116735,12.54,12.53,8453,4096,1251,-349
561,ASB,2020-03-16,0 days 15:59:04.705079,119722,12.54,12.53,24551,9633,-12687,1413
562,ATI,2020-03-16,0 days 15:55:21.606638,171251,8.09,8.08,10962,1163,-1228,6272
563,ATI,2020-03-16,0 days 15:55:22.611763,166179,8.09,8.08,11028,1263,5072,-1228
564,ATUS,2020-03-16,0 days 15:55:05.565029,170625,17.35,17.34,20337,12956,-2348,28952
565,ATUS,2020-03-16,0 days 15:55:16.593871,172973,17.35,17.34,29805,14889,4752,-2348
566,ATUS,2020-03-16,0 days 15:55:17.596226,171325,17.35,17.34,29505,14689,-1648,4752
567,ATUS,2020-03-16,0 days 15:56:03.708345,172973,17.34,17.33,25148,6664,2652,-1248
568,ATUS,2020-03-16,0 days 15:56:04.710084,171725,17.34,17.33,24844,7164,-1248,2652
569,ATUS,2020-03-16,0 days 15:56:12.728459,197325,17.34,17.33,29435,2910,6600,-3900
570,ATUS,2020-03-16,0 days 15:56:13.731736,193725,17.34,17.33,29435,3610,-3600,6600
571,ATUS,2020-03-16,0 days 15:56:26.762762,172973,17.34,17.33,28063,6301,20052,-3900
572,ATUS,2020-03-16,0 days 15:56:27.765801,171725,17.34,17.33,28394,7300,-1248,20052
573,ATUS,2020-03-16,0 days 15:56:29.769727,161873,17.34,17.33,28471,5991,9452,-1248
574,ATUS,2020-03-16,0 days 15:56:30.773374,156925,17.34,17.33,28704,7892,-4948,9452
575,ATUS,2020-03-16,0 days 15:56:32.777322,186225,17.34,17.33,27804,9193,20600,-29300
576,ATUS,2020-03-16,0 days 15:56:33.780067,183725,17.34,17.33,27904,9693,-2500,20600
577,ATUS,2020-03-16,0 days 15:56:34.782669,186225,17.34,17.33,27904,10493,5900,-2500
578,ATUS,2020-03-16,0 days 15:56:35.787225,183725,17.34,17.33,27908,10978,-2500,5900
579,ATUS,2020-03-16,0 days 15:57:19.889940,195719,17.34,17.33,37159,14833,335,-3765
580,ATUS,2020-03-16,0 days 15:57:20.893852,197054,17.34,17.33,37621,11233,-3865,335
581,ATUS,2020-03-16,0 days 15:57:21.895381,200919,17.34,17.33,38621,11233,1935,-3865
582,ATUS,2020-03-16,0 days 15:57:22.897977,197654,17.34,17.33,38859,4997,-3265,1935
583,ATUS,2020-03-16,0 days 15:57:25.906154,200919,17.34,17.33,39506,4708,66335,-3265
584,ATUS,2020-03-16,0 days 15:58:34.068782,225854,17.34,17.33,32961,14035,-17565,24935
585,ATUS,2020-03-16,0 days 15:58:35.070519,223419,17.34,17.33,33553,12435,1935,-17565
586,AU,2020-03-16,0 days 15:55:15.187660,110751,17.23,17.21,205,400,2295,-11205
587,AU,2020-03-16,0 days 15:55:21.202133,113046,17.23,17.22,805,657,-5205,2295
588,AU,2020-03-16,0 days 15:55:22.204494,96518,17.22,17.21,1537,300,16528,-5205
589,AU,2020-03-16,0 days 15:56:10.319513,111551,17.28,17.26,1791,394,1495,-12805
590,AU,2020-03-16,0 days 15:56:21.348390,111596,17.19,17.18,2372,893,1450,-13550
591,AU,2020-03-16,0 days 15:57:21.489546,118710,17.18,17.16,1162,500,1739,-13061
592,AU,2020-03-16,0 days 15:57:34.521672,120449,17.13,17.11,605,100,-14561,3567
593,AU,2020-03-16,0 days 15:57:35.522546,118510,17.13,17.11,1831,800,1939,-14561
594,AU,2020-03-16,0 days 15:57:59.578670,121039,17.17,17.15,250,1550,-14571,3657
595,AU,2020-03-16,0 days 15:58:00.581468,119210,17.18,17.16,400,2600,1829,-14571
596,AU,2020-03-16,0 days 15:58:16.621130,121039,17.26,17.24,500,2300,-16237,38157
597,AU,2020-03-16,0 days 15:58:17.623366,118576,17.26,17.24,500,2300,2463,-16237
598,AU,2020-03-16,0 days 15:59:12.755295,118776,17.34,17.33,1155,1153,1663,-22237
599,AU,2020-03-16,0 days 15:59:19.772492,98982,17.46,17.44,2678,749,21457,-15037
600,AU,2020-03-16,0 days 15:59:21.776885,120439,17.46,17.45,438,1884,-1243,7657
601,AU,2020-03-16,0 days 15:59:22.778890,118182,17.5,17.48,1600,1084,2257,-1243
602,AU,2020-03-16,0 days 15:59:28.793936,118682,17.55,17.54,1581,684,1757,-6743
603,AU,2020-03-16,0 days 15:59:29.796528,119339,17.56,17.55,34,684,-4343,1757
604,AU,2020-03-16,0 days 15:59:32.803854,98736,17.54,17.53,2175,600,25803,-20204
605,AU,2020-03-16,0 days 15:59:56.858494,86836,17.36,17.35,91,3514,34103,-85
606,AUY,2020-03-16,0 days 15:57:21.754434,238799,2.93,2.92,84176,35821,19221,-7379
607,AUY,2020-03-16,0 days 15:57:22.756900,231120,2.93,2.92,82976,18989,-7679,19221
608,AVTR,2020-03-16,0 days 15:55:00.080562,132697,10.07,10.06,6121,1618,-610,22619
609,AVTR,2020-03-16,0 days 15:55:01.083366,132407,10.07,10.06,8408,1419,290,-610
610,AVTR,2020-03-16,0 days 15:56:08.244914,139852,10.03,10.02,61,1300,-2852,926
611,AVTR,2020-03-16,0 days 15:56:09.247810,139304,10.03,10.02,61,1100,548,-2852
612,AVTR,2020-03-16,0 days 15:57:08.387924,142927,10.03,10.02,6740,3072,-922,703
613,AVTR,2020-03-16,0 days 15:57:09.390706,141949,10.03,10.02,7040,3372,978,-922
614,AVYA,2020-03-16,0 days 15:56:12.254499,118408,8.1,8.09,27836,18620,-2213,5532
615,AVYA,2020-03-16,0 days 15:56:13.257179,116921,8.1,8.09,27969,18620,1487,-2213
616,AXL,2020-03-16,0 days 15:55:00.411332,114229,4.31,4.3,17596,4533,-7913,4312
617,AXL,2020-03-16,0 days 15:57:09.724590,119982,4.31,4.3,20579,6756,-2198,302
618,AXP,2020-03-16,0 days 15:50:14.478408,1075128,88.66,88.6,255,800,35679,-117595
619,AXP,2020-03-16,0 days 15:50:15.478346,1110807,88.66,88.6,504,200,-117595,35679
620,AXP,2020-03-16,0 days 15:50:42.541583,1111357,87.96,87.87,304,300,-114900,36229
621,AXP,2020-03-16,0 days 15:51:08.604766,1075128,87.72,87.68,3100,443,36775,-114354
622,AXP,2020-03-16,0 days 15:51:10.610376,1111903,87.75,87.7,1207,770,-114354,36775
623,AXP,2020-03-16,0 days 15:51:27.649332,1111903,87.77,87.7,698,679,-114354,36775
624,AXP,2020-03-16,0 days 15:52:14.762288,1112372,87.19,87.14,155,400,-113524,37405
625,AXP,2020-03-16,0 days 15:52:44.834485,1074731,86.54,86.47,200,680,37910,-113219
626,AXP,2020-03-16,0 days 15:52:45.837679,1112641,86.58,86.51,100,200,-113219,37910
627,AXP,2020-03-16,0 days 15:53:10.896479,1074731,86.31,86.26,800,194,38179,-112950
628,AXP,2020-03-16,0 days 15:53:11.898522,1112910,86.31,86.26,500,394,-112950,38179
629,AXP,2020-03-16,0 days 15:53:29.941684,1128224,86.26,86.23,200,88,-97636,53493
630,AXP,2020-03-16,0 days 15:53:42.972785,1074731,86.17,86.16,12653,10296,53493,-97636
631,AXP,2020-03-16,0 days 15:53:51.994354,1128224,86.2,86.17,9424,3645,-97636,53493
632,AXP,2020-03-16,0 days 15:53:56.003920,1074731,86.18,86.17,700,1794,53493,-97636
633,AXP,2020-03-16,0 days 15:53:59.011512,1074731,86.17,86.16,9500,6654,53493,-97636
634,AXP,2020-03-16,0 days 15:54:21.063675,1074395,86.03,86.0,1449,2177,53829,-97636
635,AXP,2020-03-16,0 days 15:54:25.073671,1128224,86.06,86.05,259,1,-97636,53493
636,AXP,2020-03-16,0 days 15:54:46.123290,1128224,86.08,86.04,1011,500,-97636,53493
637,AXP,2020-03-16,0 days 15:54:47.126009,1074731,86.08,86.03,900,263,53493,-97636
638,AXP,2020-03-16,0 days 15:54:54.143254,1128224,86.07,86.06,500,792,-97636,53493
639,AXP,2020-03-16,0 days 15:54:55.145754,1074731,86.06,86.01,404,294,53493,-97636
640,AXP,2020-03-16,0 days 15:55:00.161620,1205000,86.02,86.01,704,100,-10086,53493
641,AXP,2020-03-16,0 days 15:55:17.203516,1215593,86.04,86.03,100,200,100504,-65317
642,AXP,2020-03-16,0 days 15:55:18.205925,1214997,86.07,86.04,406,433,-596,100504
643,AXP,2020-03-16,0 days 15:55:39.256867,1215257,86.01,85.98,1597,1202,107953,-57868
644,AXP,2020-03-16,0 days 15:55:40.258631,1217910,86.05,85.99,775,789,-163168,107953
645,AXP,2020-03-16,0 days 15:55:52.287460,1229348,86.23,86.19,645,1338,-1245,93655
646,AXP,2020-03-16,0 days 15:55:54.292673,1230593,86.39,86.34,236,25,96755,-167066
647,AXP,2020-03-16,0 days 15:55:55.294649,1229523,86.38,86.34,400,1614,-1070,96755
648,AXP,2020-03-16,0 days 15:56:15.342375,1234003,86.3,86.29,2575,890,-1036,85764
649,AXP,2020-03-16,0 days 15:57:05.462918,1234174,85.69,85.66,10,323,-185606,99733
650,AXP,2020-03-16,0 days 15:57:09.473119,1234174,85.72,85.7,322,390,-185606,96733
651,AXP,2020-03-16,0 days 15:57:17.491432,1234174,85.65,85.59,2421,453,-11011,94289
652,AXP,2020-03-16,0 days 15:57:23.506911,1247185,85.56,85.55,1753,255,85389,-181850
653,AXP,2020-03-16,0 days 15:57:24.508464,1246121,85.54,85.53,1,195,-176103,85389
654,AXP,2020-03-16,0 days 15:57:31.525707,1247185,85.52,85.51,808,566,89192,-89003
655,AXP,2020-03-16,0 days 15:57:32.527956,1246277,85.59,85.53,928,600,-175947,89192
656,AXP,2020-03-16,0 days 15:57:41.549417,1294577,85.64,85.55,751,300,-127779,149092
657,AXP,2020-03-16,0 days 15:57:44.556149,1247185,85.59,85.57,263,500,177592,-22147
658,AXP,2020-03-16,0 days 15:57:45.559069,1301377,85.61,85.58,395,400,-7308,177592
659,AXP,2020-03-16,0 days 15:57:51.574635,1314695,85.57,85.55,295,320,-169029,6010
660,AXP,2020-03-16,0 days 15:57:59.592283,1247185,85.54,85.5,2412,652,166610,-9529
661,AXP,2020-03-16,0 days 15:58:00.596853,1395095,85.54,85.5,2883,952,-27129,166610
662,AXP,2020-03-16,0 days 15:58:07.612532,1308295,85.5,85.49,7242,1800,-3055,5410
663,AXP,2020-03-16,0 days 15:58:08.615319,1303550,85.5,85.49,5675,1345,4745,-3055
664,AXP,2020-03-16,0 days 15:58:33.676161,1308995,85.39,85.3,2612,1,-169594,155504
665,AXP,2020-03-16,0 days 15:58:55.728590,1308996,85.15,85.12,300,2,-170260,156138
666,AXP,2020-03-16,0 days 15:59:00.740694,1258158,85.01,85.0,623,12621,161638,-10311
667,AXP,2020-03-16,0 days 15:59:05.753958,1259607,85.18,85.09,1100,860,94389,-137316
668,AXP,2020-03-16,0 days 15:59:07.758084,1369695,85.15,85.12,568,600,-148334,5895
669,AXP,2020-03-16,0 days 15:59:34.824270,1268968,85.36,85.35,36352,584,111453,-62328
670,AXP,2020-03-16,0 days 15:59:44.849080,1380421,85.42,85.39,200,2390,-11820,596
671,AXP,2020-03-16,0 days 15:59:47.855314,1346421,85.65,85.56,600,1945,-206303,2709
672,AXP,2020-03-16,0 days 15:59:48.859434,1318387,85.57,85.56,400,570,46034,-206303
673,AXP,2020-03-16,0 days 15:59:50.868453,1346521,85.71,85.63,583,800,-14698,3334
674,AXTA,2020-03-16,0 days 15:58:33.801548,121735,15.64,15.59,400,1678,-2968,10
675,AXTA,2020-03-16,0 days 15:58:35.806546,123403,15.64,15.6,100,1180,32,-468
676,AXTA,2020-03-16,0 days 15:58:36.809201,123235,15.64,15.6,100,1600,-168,32
677,AXTA,2020-03-16,0 days 15:59:28.931648,122135,15.62,15.61,4677,2104,-263,137
678,AXTA,2020-03-16,0 days 15:59:29.934462,121998,15.62,15.61,4777,904,1865,-263
679,AXTA,2020-03-16,0 days 15:59:35.949425,120698,15.54,15.52,733,620,11762,-4084
680,AXTA,2020-03-16,0 days 15:59:43.969432,126863,15.56,15.55,543,1500,-9135,8376
681,AYR,2020-03-16,0 days 15:51:31.658452,36568,28.7,28.69,185,100,-11861,464
682,AYR,2020-03-16,0 days 15:57:05.460922,39988,28.77,28.76,7749,2364,2533,-2067
683,AYR,2020-03-16,0 days 15:57:06.463235,37921,28.77,28.76,8211,2020,-2067,2533
684,AYX,2020-03-16,0 days 15:57:01.411708,92451,80.19,80.12,573,307,-406,6062
685,AYX,2020-03-16,0 days 15:57:02.415664,86957,80.25,80.17,200,683,5494,-406
686,AYX,2020-03-16,0 days 15:57:12.437395,92151,80.48,80.44,3,1,-5203,6062
687,AYX,2020-03-16,0 days 15:57:13.441871,87154,80.48,80.44,3,1,4997,-5203
688,AYX,2020-03-16,0 days 15:57:20.455990,83975,80.58,80.43,155,213,-3379,3502
689,AYX,2020-03-16,0 days 15:57:21.459668,81249,80.57,80.43,100,222,2726,-3379
690,AYX,2020-03-16,0 days 15:57:31.481888,83775,80.58,80.48,54,2137,-7674,5286
691,AYX,2020-03-16,0 days 15:57:32.485626,79749,80.58,80.48,54,2267,3026,-7674
692,AYX,2020-03-16,0 days 15:58:36.638683,84175,80.45,80.22,1732,1411,-5978,5286
693,AYX,2020-03-16,0 days 15:58:37.639301,79253,80.45,80.22,1957,1611,4922,-5978
694,AYX,2020-03-16,0 days 15:59:20.744062,85183,80.54,80.42,941,105,-34,250
695,AYX,2020-03-16,0 days 15:59:27.762684,85217,80.54,80.5,801,608,144,-34
696,AYX,2020-03-16,0 days 15:59:29.766444,85361,80.53,80.52,1002,5,-1344,144
697,AYX,2020-03-16,0 days 15:59:44.802103,69162,80.54,80.53,500,238,16199,-1079
698,AYX,2020-03-16,0 days 15:59:49.818380,84061,80.74,80.65,1027,208,-19292,5499
699,AYX,2020-03-16,0 days 15:59:50.817847,76253,80.74,80.7,1105,253,7808,-19292
700,AZN,2020-03-16,0 days 15:50:09.591566,27603,38.05,38.03,2702,216,7610,-1363
701,AZN,2020-03-16,0 days 15:50:32.645472,34476,37.97,37.94,300,200,737,-1363
702,AZN,2020-03-16,0 days 15:50:35.652180,35213,37.98,37.96,1101,416,-1363,737
703,AZN,2020-03-16,0 days 15:55:00.283632,35958,37.73,37.72,980,6243,-1642,7610
704,AZN,2020-03-16,0 days 15:55:03.291526,42965,37.73,37.72,4622,6478,1693,-1842
705,AZN,2020-03-16,0 days 15:55:06.298975,35758,37.73,37.72,1418,4036,-1842,4658
706,AZN,2020-03-16,0 days 15:55:16.326498,37600,37.73,37.72,2275,2664,7158,-1842
707,AZN,2020-03-16,0 days 15:55:17.328905,35758,37.73,37.72,2375,2664,-1842,7158
708,AZN,2020-03-16,0 days 15:55:24.346875,42965,37.73,37.72,1227,4970,4093,-1842
709,AZN,2020-03-16,0 days 15:55:26.354862,35758,37.73,37.72,1754,3691,-1842,4658
710,AZN,2020-03-16,0 days 15:55:54.420116,50668,37.73,37.72,3705,4266,3229,-506
711,AZN,2020-03-16,0 days 15:56:13.463045,45303,37.73,37.72,9502,3254,5755,-845
712,AZN,2020-03-16,0 days 15:56:14.464624,41358,37.73,37.72,7407,3721,-3945,5755
713,AZN,2020-03-16,0 days 15:56:18.474688,45303,37.73,37.72,6620,2878,1507,-845
714,AZN,2020-03-16,0 days 15:56:19.477372,44610,37.73,37.72,6220,2878,-693,1507
715,AZN,2020-03-16,0 days 15:56:23.486898,46871,37.73,37.72,9001,3300,4891,-761
716,AZN,2020-03-16,0 days 15:56:24.489297,46262,37.73,37.72,6501,2823,-609,4891
717,AZN,2020-03-16,0 days 15:56:26.493687,46871,37.73,37.72,9001,2823,2791,-609
718,AZN,2020-03-16,0 days 15:56:27.496747,46262,37.73,37.72,6101,2923,-609,2791
719,AZN,2020-03-16,0 days 15:56:47.544612,47471,37.73,37.72,6753,2178,2591,-609
720,AZN,2020-03-16,0 days 15:56:48.547027,46862,37.73,37.72,7158,2378,-609,2591
721,AZN,2020-03-16,0 days 15:57:05.589661,47932,37.73,37.72,7533,3172,5773,-927
722,AZN,2020-03-16,0 days 15:57:06.591295,47305,37.73,37.72,8211,3516,-627,5773
723,AZN,2020-03-16,0 days 15:57:22.628393,47932,37.73,37.72,7367,5102,5673,-627
724,AZN,2020-03-16,0 days 15:57:23.631500,40905,37.73,37.72,7467,5102,-9927,5673
725,AZN,2020-03-16,0 days 15:57:44.680841,48392,37.73,37.72,10356,3076,5693,-607
726,AZN,2020-03-16,0 days 15:57:45.684203,47785,37.73,37.72,6168,3076,-607,5693
727,AZN,2020-03-16,0 days 15:57:55.707367,48392,37.73,37.72,6504,4164,5893,-607
728,AZN,2020-03-16,0 days 15:57:56.709930,47785,37.73,37.72,6704,4080,-607,5893
729,AZN,2020-03-16,0 days 15:58:00.719946,48392,37.73,37.72,6844,6831,5693,-607
730,AZN,2020-03-16,0 days 15:58:02.725102,47785,37.73,37.72,8144,2000,-607,1893
731,AZN,2020-03-16,0 days 15:58:06.735818,40892,37.73,37.72,8016,1862,1393,-6107
732,AZN,2020-03-16,0 days 15:59:48.985679,42571,37.79,37.76,300,2793,-28,172
733,AZN,2020-03-16,0 days 15:59:52.994567,41799,37.8,37.79,11,562,772,-5023
734,AZN,2020-03-16,0 days 15:59:53.996121,42571,37.81,37.79,686,1406,-7023,772
735,AZN,2020-03-16,0 days 15:59:55.000690,41799,37.79,37.78,8080,300,772,-7023
736,AZUL,2020-03-16,0 days 15:55:18.112466,3961,9.85,9.81,200,467,2236,-504
737,AZUL,2020-03-16,0 days 15:55:19.115300,3697,9.85,9.81,200,990,-264,2236
738,AZUL,2020-03-16,0 days 15:56:30.287329,5044,9.83,9.79,629,400,-300,1600
739,AZUL,2020-03-16,0 days 15:57:01.362834,5344,9.88,9.86,402,240,1060,-300
740,AZUL,2020-03-16,0 days 15:57:02.366137,5204,9.87,9.86,264,240,-4043,1060
741,AZUL,2020-03-16,0 days 15:57:50.480191,5344,9.9,9.87,3427,1536,4453,-568
742,AZUL,2020-03-16,0 days 15:57:51.483757,5204,9.87,9.86,97,330,-140,4453
743,AZUL,2020-03-16,0 days 15:58:21.555299,9915,9.8,9.77,402,10,119,-106
744,AZUL,2020-03-16,0 days 15:58:22.558626,9434,9.79,9.76,444,323,-263,119
745,AZUL,2020-03-16,0 days 15:58:41.608455,5327,9.79,9.76,500,390,-17,3590
746,AZUL,2020-03-16,0 days 15:59:03.656255,5344,9.76,9.75,210,1236,3983,-463
747,AZUL,2020-03-16,0 days 15:59:04.659017,5227,9.76,9.75,310,1300,-117,3983
748,AZUL,2020-03-16,0 days 15:59:20.700203,5227,9.82,9.75,248,1600,-117,4083
749,AZUL,2020-03-16,0 days 15:59:28.718912,9915,9.82,9.75,808,1700,766,-348
750,AZUL,2020-03-16,0 days 15:59:30.725141,9181,9.82,9.75,948,1523,-516,109
751,AZUL,2020-03-16,0 days 15:59:59.784829,5344,9.8,9.76,21238,17600,3637,-398
752,BABA,2020-03-16,0 days 15:51:44.688864,2007953,178.75,178.74,3581,207,-2276,45119
753,BABA,2020-03-16,0 days 15:55:21.210388,2157624,178.35,178.33,6640,100,7020,-46064
754,BABA,2020-03-16,0 days 15:55:22.211509,2153144,178.34,178.32,7027,404,-4480,7020
755,BABA,2020-03-16,0 days 15:55:32.235443,2153144,178.33,178.32,6807,2287,-4480,7020
756,BABA,2020-03-16,0 days 15:56:07.320104,2219112,178.3,178.29,8479,13570,3346,-6626
757,BABA,2020-03-16,0 days 15:57:14.482424,2229090,178.58,178.53,600,1555,952,-43448
758,BAC,2020-03-16,0 days 15:55:00.283914,10919355,20.5,20.49,70354,21270,577522,-225522
759,BAH,2020-03-16,0 days 15:55:00.162092,92712,63.84,63.83,912,3104,1219,-18923
760,BAH,2020-03-16,0 days 15:55:01.163418,91231,63.84,63.83,2021,247,-1481,1219
761,BAH,2020-03-16,0 days 15:56:03.314200,92712,63.85,63.84,914,1894,1382,-1181
762,BAH,2020-03-16,0 days 15:56:04.316781,91694,63.85,63.84,1114,1894,-1118,1382
763,BAH,2020-03-16,0 days 15:56:26.369433,92812,63.85,63.84,3018,1327,5482,-1694
764,BAH,2020-03-16,0 days 15:56:27.372124,91794,63.85,63.84,3218,1427,-1018,5482
765,BAH,2020-03-16,0 days 15:58:30.668406,100238,63.97,63.91,400,300,11099,-16443
766,BAH,2020-03-16,0 days 15:58:31.671019,96237,64.05,63.93,100,100,-18443,11099
767,BAH,2020-03-16,0 days 15:58:32.673641,100238,64.05,64.0,200,300,10999,-18443
768,BAH,2020-03-16,0 days 15:58:33.676273,98037,64.16,64.15,400,342,-2201,10999
769,BAH,2020-03-16,0 days 15:58:35.679862,100238,64.16,64.1,400,200,11799,-17443
770,BAH,2020-03-16,0 days 15:58:36.682771,98037,64.16,64.09,1454,1300,-2201,11799
771,BAH,2020-03-16,0 days 15:59:12.770525,100738,64.1,64.09,1100,422,18789,-2785
772,BAH,2020-03-16,0 days 15:59:33.823085,101567,63.77,63.76,1416,333,20753,-1524
773,BAM,2020-03-16,0 days 15:55:18.455309,27361,45.44,45.39,1200,700,-13797,12699
774,BAM,2020-03-16,0 days 15:55:53.540482,27361,45.44,45.41,816,700,-13797,599
775,BAM,2020-03-16,0 days 15:56:53.685103,17560,45.41,45.4,304,600,13909,-409
776,BAM,2020-03-16,0 days 15:56:57.694997,27569,45.41,45.4,1624,1,-2561,1909
777,BAM,2020-03-16,0 days 15:56:58.697344,26930,45.41,45.39,1067,700,639,-2561
778,BAM,2020-03-16,0 days 15:57:01.704999,27569,45.41,45.39,159,1105,-13984,334
779,BAM,2020-03-16,0 days 15:57:08.722196,27570,45.42,45.4,467,1202,-13683,635
780,BAM,2020-03-16,0 days 15:57:11.728957,21435,45.41,45.4,45,652,13535,-13683
781,BAM,2020-03-16,0 days 15:57:42.803897,27575,45.39,45.37,1358,300,-13878,440
782,BAM,2020-03-16,0 days 15:57:44.809767,22735,45.38,45.37,100,201,13440,-878
783,BAM,2020-03-16,0 days 15:57:56.837277,22735,45.35,45.33,926,341,13440,-878
784,BAM,2020-03-16,0 days 15:58:00.848437,27575,45.35,45.31,1731,600,-13878,440
785,BAM,2020-03-16,0 days 15:58:48.963658,27735,45.41,45.4,1100,3707,540,-1060
786,BAM,2020-03-16,0 days 15:58:53.975538,28275,45.4,45.37,1222,302,-13778,540
787,BAM,2020-03-16,0 days 15:58:59.991685,22735,45.36,45.34,200,108,13440,-878
788,BAM,2020-03-16,0 days 15:59:39.088192,30850,45.25,45.22,318,1300,-6203,7615
789,BAM,2020-03-16,0 days 15:59:42.094922,37548,45.23,45.18,15,1000,2343,-3703
790,BAM,2020-03-16,0 days 15:59:46.104235,37548,45.21,45.2,100,200,2343,-503
791,BAM,2020-03-16,0 days 15:59:52.119581,35391,45.25,45.2,599,200,-1662,12156
792,BAM,2020-03-16,0 days 15:59:59.135436,23235,45.29,45.25,10400,1000,8815,-3741
793,BAX,2020-03-16,0 days 15:59:28.718818,381457,71.9,71.89,1823,466,-2442,13258
794,BAX,2020-03-16,0 days 15:59:49.768825,386912,71.74,71.66,1000,300,54066,-32604
795,BAX,2020-03-16,0 days 15:59:50.773863,358778,71.79,71.68,500,400,-28134,54066
796,BBD,2020-03-16,0 days 15:59:15.730522,676326,4.42,4.41,155800,34443,-14363,32996
797,BBD,2020-03-16,0 days 15:59:16.732101,657289,4.42,4.41,156440,34143,19037,-14363
798,BBL,2020-03-16,0 days 15:55:00.067647,30554,24.87,24.86,2508,300,-115962,14604
799,BBL,2020-03-16,0 days 15:55:01.068911,29316,24.87,24.86,2808,1103,1238,-115962
800,BBVA,2020-03-16,0 days 15:59:36.735738,138999,2.91,2.9,258498,9101,6667,-8633
801,BBY,2020-03-16,0 days 15:55:26.131906,261841,56.79,56.76,223,1700,2358,-13442
802,BBY,2020-03-16,0 days 15:55:31.145166,264199,56.82,56.8,395,960,-22142,4863
803,BBY,2020-03-16,0 days 15:55:32.148589,261841,56.84,56.81,304,1207,2358,-22142
804,BBY,2020-03-16,0 days 15:55:41.168966,264199,56.91,56.89,81,1300,-22942,4063
805,BBY,2020-03-16,0 days 15:55:42.170096,234936,56.94,56.91,400,100,29263,-22942
806,BBY,2020-03-16,0 days 15:55:57.206430,264799,57.0,56.97,315,2210,-22142,4863
807,BBY,2020-03-16,0 days 15:55:58.209306,262441,57.0,56.97,315,2310,2358,-22142
808,BBY,2020-03-16,0 days 15:56:36.300528,268887,57.03,57.01,100,663,-20694,8951
809,BBY,2020-03-16,0 days 15:56:37.302746,236836,57.05,57.01,500,1513,32051,-20694
810,BBY,2020-03-16,0 days 15:56:52.339327,268887,57.05,57.03,200,1913,-24535,5110
811,BBY,2020-03-16,0 days 15:56:53.341437,266422,57.05,57.03,520,3013,2465,-24535
812,BBY,2020-03-16,0 days 15:58:33.584147,288572,57.15,57.13,100,400,-36574,9201
813,BBY,2020-03-16,0 days 15:58:34.586538,240471,57.18,57.17,49,100,48101,-36574
814,BBY,2020-03-16,0 days 15:58:39.598827,285806,57.3,57.29,900,200,2766,-37734
815,BBY,2020-03-16,0 days 15:58:56.639169,241871,57.39,57.38,2632,400,47502,-36633
816,BBY,2020-03-16,0 days 15:58:58.644205,289373,57.39,57.36,2640,1405,-37633,7002
817,BBY,2020-03-16,0 days 15:58:59.646923,286506,57.39,57.36,2642,1305,2867,-37633
818,BBY,2020-03-16,0 days 15:59:01.652010,289393,57.37,57.32,1514,400,-39213,47522
819,BBY,2020-03-16,0 days 15:59:02.653872,287206,57.37,57.32,1558,300,2187,-39213
820,BBY,2020-03-16,0 days 15:59:12.680256,237026,57.34,57.33,311,833,56724,-49416
821,BBY,2020-03-16,0 days 15:59:26.714490,235489,57.37,57.33,1354,200,58540,-51100
822,BBY,2020-03-16,0 days 15:59:27.715996,294029,57.37,57.33,1846,48,-49200,58540
823,BBY,2020-03-16,0 days 15:59:28.718790,237289,57.32,57.31,739,500,56740,-49200
824,BBY,2020-03-16,0 days 15:59:31.725835,305029,57.32,57.31,3637,1287,-3060,16740
825,BBY,2020-03-16,0 days 15:59:32.729081,298589,57.32,57.31,5239,1287,6440,-3060
826,BDJ,2020-03-16,0 days 15:55:00.067787,461,5.87,5.86,3800,141,-1739,261
827,BDJ,2020-03-16,0 days 15:55:01.068939,0,5.87,5.86,4600,141,461,-1739
828,BDJ,2020-03-16,0 days 15:58:26.566696,0,5.92,5.91,1500,600,461,-200
829,BDJ,2020-03-16,0 days 15:59:01.652010,461,5.92,5.91,2500,677,-239,461
830,BDJ,2020-03-16,0 days 15:59:02.653872,400,5.92,5.91,1400,677,61,-239
831,BDJ,2020-03-16,0 days 15:59:53.777852,0,5.96,5.95,4905,500,461,-557
832,BDN,2020-03-16,0 days 15:56:59.436279,172324,9.89,9.88,14226,2054,150,-2050
833,BDN,2020-03-16,0 days 15:57:00.439751,169074,9.89,9.88,13807,2154,-3250,150
834,BDN,2020-03-16,0 days 15:58:37.670040,172424,9.89,9.88,16892,618,7303,-2597
835,BDN,2020-03-16,0 days 15:58:38.672875,169427,9.89,9.88,16872,618,-2997,7303
836,BDX,2020-03-16,0 days 15:55:24.216633,288973,223.85,223.47,100,138,19637,-2275
837,BDX,2020-03-16,0 days 15:55:25.211570,288610,223.79,223.49,100,138,-363,19637
838,BDX,2020-03-16,0 days 15:56:35.377355,289294,222.68,222.52,48,100,20494,-2223
839,BDX,2020-03-16,0 days 15:57:25.499824,314051,222.52,222.23,51,100,973,-3427
840,BDX,2020-03-16,0 days 15:57:33.518606,316908,222.24,221.83,18,200,-243,1557
841,BDX,2020-03-16,0 days 15:57:36.525430,291322,222.04,221.86,100,100,28481,-243
842,BDX,2020-03-16,0 days 15:57:37.526054,315603,221.83,221.64,175,100,-4648,28481
843,BDX,2020-03-16,0 days 15:58:03.589563,326051,222.18,222.0,144,100,1706,-1319
844,BDX,2020-03-16,0 days 15:58:04.590740,320872,222.18,221.94,203,300,-5179,1706
845,BDX,2020-03-16,0 days 15:58:07.597979,317647,221.69,221.34,182,100,7120,-1084
846,BDX,2020-03-16,0 days 15:58:08.600769,316367,221.9,221.36,184,100,-5380,7120
847,BDX,2020-03-16,0 days 15:58:20.630213,326051,222.2,222.04,100,200,818,-2282
848,BDX,2020-03-16,0 days 15:58:21.632841,323969,222.2,222.06,100,100,-5182,818
849,BDX,2020-03-16,0 days 15:58:36.669921,291322,222.64,222.37,42,100,36747,-1082
850,BDX,2020-03-16,0 days 15:58:40.678550,305469,222.64,222.39,42,100,-23682,14147
851,BDX,2020-03-16,0 days 15:58:43.686822,291322,222.83,222.53,100,2,35547,-2182
852,BDX,2020-03-16,0 days 15:58:50.702902,305042,223.39,222.95,1,100,-27213,13816
853,BDX,2020-03-16,0 days 15:59:23.783255,306846,226.04,225.41,929,16,-28668,17058
854,BDX,2020-03-16,0 days 15:59:32.803884,335637,224.5,224.0,842,459,353,-469
855,BDX,2020-03-16,0 days 15:59:48.837870,334383,223.28,222.88,975,101,-1454,490
856,BDX,2020-03-16,0 days 15:59:49.844450,291817,223.12,222.9,400,320,42666,-1454
857,BDX,2020-03-16,0 days 15:59:50.846113,313483,223.28,223.12,851,229,-22354,42666
858,BDX,2020-03-16,0 days 15:59:53.851471,291817,223.19,223.18,29,300,22066,-21954
859,BE,2020-03-16,0 days 15:54:07.030438,34549,5.54,5.51,698,1000,15329,-29422
860,BE,2020-03-16,0 days 15:54:12.041181,49878,5.54,5.52,299,300,-29422,15329
861,BE,2020-03-16,0 days 15:56:18.346709,53889,5.57,5.56,10,3661,-1615,1378
862,BE,2020-03-16,0 days 15:56:19.349295,53004,5.57,5.56,10,4026,885,-1615
863,BE,2020-03-16,0 days 15:56:23.358877,53889,5.58,5.56,900,4324,-44284,885
864,BE,2020-03-16,0 days 15:56:28.371350,41611,5.52,5.51,300,156,9775,-35294
865,BE,2020-03-16,0 days 15:56:31.378182,53889,5.53,5.51,2300,3500,-1815,875
866,BE,2020-03-16,0 days 15:56:32.380886,53004,5.53,5.51,2300,2400,885,-1815
867,BE,2020-03-16,0 days 15:58:00.593806,61614,5.54,5.53,424,2643,-1149,1803
868,BE,2020-03-16,0 days 15:58:01.596259,60063,5.54,5.53,424,2643,1551,-1149
869,BEN,2020-03-16,0 days 15:55:47.669504,437462,17.81,17.8,37908,5959,-1707,3467
870,BEN,2020-03-16,0 days 15:55:48.671802,424969,17.81,17.8,37256,5959,12493,-1707
871,BEN,2020-03-16,0 days 15:56:12.728496,457597,17.81,17.8,46372,5087,-2372,32628
872,BEN,2020-03-16,0 days 15:56:13.731849,443269,17.81,17.8,40400,5187,22485,-2372
873,BERY,2020-03-16,0 days 15:55:21.202163,49805,27.18,27.15,600,323,-944,1056
874,BERY,2020-03-16,0 days 15:55:55.284646,50576,27.2,27.18,1400,1435,-173,18327
875,BERY,2020-03-16,0 days 15:56:12.323482,50547,27.19,27.18,400,870,-202,18498
876,BERY,2020-03-16,0 days 15:56:41.391919,50547,27.2,27.19,278,1358,-202,18298
877,BERY,2020-03-16,0 days 15:56:59.436249,51214,27.23,27.22,716,2310,961,-199
878,BERY,2020-03-16,0 days 15:57:00.439715,51075,27.23,27.22,837,1311,-139,961
879,BERY,2020-03-16,0 days 15:57:18.482479,72972,27.17,27.11,1618,600,1303,-2097
880,BERY,2020-03-16,0 days 15:57:19.485719,71175,27.17,27.13,1818,400,-1797,1303
881,BERY,2020-03-16,0 days 15:57:28.506259,51214,27.15,27.14,312,500,19961,-1797
882,BERY,2020-03-16,0 days 15:57:49.554257,54075,27.15,27.14,2923,190,-1939,2861
883,BERY,2020-03-16,0 days 15:58:02.586388,51222,27.1,27.07,1267,200,20056,-18902
884,BERY,2020-03-16,0 days 15:58:03.589563,50610,27.1,27.07,1541,200,-612,20056
885,BERY,2020-03-16,0 days 15:58:27.646905,50810,27.09,27.08,500,835,-412,19388
886,BERY,2020-03-16,0 days 15:58:36.669921,51222,27.04,27.03,798,208,19588,-1928
887,BERY,2020-03-16,0 days 15:58:37.670040,51050,27.04,27.03,598,2,-172,19588
888,BERY,2020-03-16,0 days 15:59:02.730951,50905,26.97,26.96,179,4501,-317,19683
889,BERY,2020-03-16,0 days 15:59:21.776901,66008,27.04,27.0,1,864,-7829,21526
890,BGG,2020-03-16,0 days 15:59:24.050330,49807,2.45,2.44,6829,5002,-1931,1769
891,BGG,2020-03-16,0 days 15:59:25.052741,47938,2.45,2.44,7197,5002,1869,-1931
892,BGS,2020-03-16,0 days 15:55:00.148737,188802,16.03,16.02,3546,5694,-23980,96961
893,BGS,2020-03-16,0 days 15:59:59.862938,205451,16.11,16.05,16778,13200,-8612,15188
894,BGS,2020-03-16,0 days 16:00:00.861323,154223,16.12,16.11,19301,100,51228,-8612
895,BHC,2020-03-16,0 days 15:50:22.494730,522792,15.15,15.13,900,1141,-3440,18268
896,BHC,2020-03-16,0 days 15:55:01.159721,643266,15.02,15.01,13202,4457,-11558,1742
897,BHC,2020-03-16,0 days 15:59:27.806118,654824,15.04,15.03,7852,6033,1207,-6893
898,BHP,2020-03-16,0 days 15:55:01.558127,47641,31.63,31.62,2100,328,-439,11661
899,BHP,2020-03-16,0 days 15:55:23.613824,48080,31.62,31.61,3493,2158,1361,-439
900,BHP,2020-03-16,0 days 15:55:24.614303,47841,31.62,31.61,1497,3069,-239,1361
901,BHP,2020-03-16,0 days 15:56:29.769781,61803,31.58,31.57,6097,1486,-818,2023
902,BHP,2020-03-16,0 days 15:56:30.773433,60321,31.58,31.57,6097,1760,1482,-818
903,BJ,2020-03-16,0 days 15:57:00.576974,185975,23.65,23.62,1600,4054,312,-2237
904,BJ,2020-03-16,0 days 15:57:01.578939,183987,23.65,23.62,2100,4291,-1988,312
905,BJ,2020-03-16,0 days 15:59:36.951751,188395,23.27,23.22,1100,100,1155,-2083
906,BJ,2020-03-16,0 days 15:59:37.953746,187550,23.26,23.2,624,2904,-845,1155
907,BK,2020-03-16,0 days 15:59:13.771584,1054222,29.29,29.28,16573,22891,4550,-2406
908,BK,2020-03-16,0 days 15:59:16.778767,1039307,29.3,29.29,1590,300,-15292,70308
909,BKD,2020-03-16,0 days 15:55:16.107992,215021,2.31,2.3,74466,11455,-3351,38949
910,BKD,2020-03-16,0 days 15:56:07.230543,218472,2.31,2.3,85312,12730,664,-2236
911,BKD,2020-03-16,0 days 15:56:08.233302,197636,2.31,2.3,85352,12730,-20736,664
912,BKD,2020-03-16,0 days 15:57:28.428318,218372,2.28,2.27,76744,1684,14848,-20552
913,BKD,2020-03-16,0 days 15:57:29.430586,216420,2.28,2.27,76453,1784,-1952,14848
914,BLL,2020-03-16,0 days 15:56:22.267076,318778,58.55,58.54,3107,1000,-6143,9557
915,BLL,2020-03-16,0 days 15:56:37.302800,320360,58.55,58.54,3957,1678,-4561,9339
916,BLL,2020-03-16,0 days 15:58:03.511666,326752,58.55,58.54,7122,2609,13750,-4850
917,BLL,2020-03-16,0 days 15:58:04.513894,323078,58.55,58.54,7191,2610,-3674,13750
918,BLL,2020-03-16,0 days 15:58:54.633978,323279,58.57,58.55,559,224,-24162,15227
919,BLL,2020-03-16,0 days 15:58:55.637557,326752,58.6,58.57,56,100,15227,-24162
920,BLL,2020-03-16,0 days 15:58:56.639274,323279,58.6,58.57,400,200,-24162,15227
921,BLL,2020-03-16,0 days 15:59:22.705439,326752,58.45,58.42,912,6368,25945,-1929
922,BLL,2020-03-16,0 days 15:59:23.705703,324997,58.43,58.42,2642,6840,-1755,25945
923,BLL,2020-03-16,0 days 15:59:35.737125,325879,58.43,58.42,6645,6282,-1087,6913
924,BMY,2020-03-16,0 days 15:50:13.867552,1955335,51.59,51.58,100,200,7486,-122370
925,BMY,2020-03-16,0 days 15:50:14.870441,1962821,51.62,51.59,1200,500,-122370,7486
926,BMY,2020-03-16,0 days 15:50:17.877530,1955340,51.64,51.63,300,1201,7181,-124528
927,BMY,2020-03-16,0 days 15:51:31.052214,1955335,51.59,51.58,500,490,7486,-122370
928,BMY,2020-03-16,0 days 15:56:09.721916,2310227,51.19,51.18,19305,17068,20807,-15293
929,BMY,2020-03-16,0 days 15:56:14.734007,2323971,51.19,51.18,18910,10262,-10156,13744
930,BMY,2020-03-16,0 days 15:56:15.736907,2322727,51.19,51.18,19109,10772,1244,-10156
931,BMY,2020-03-16,0 days 15:57:42.943780,2335809,51.19,51.18,15484,24267,-844,10156
932,BMY,2020-03-16,0 days 15:57:46.953534,2325653,51.19,51.18,11276,26192,10156,-20344
933,BMY,2020-03-16,0 days 15:59:01.131111,2334619,51.22,51.21,23845,24658,-1435,865
934,BMY,2020-03-16,0 days 15:59:02.133377,2334954,51.22,51.21,24437,25396,963,-1435
935,BMY,2020-03-16,0 days 15:59:03.135419,2335917,51.22,51.21,25849,25393,-237,963
936,BMY,2020-03-16,0 days 15:59:05.141303,2336154,51.22,51.21,29969,22675,2966,-237
937,BMY,2020-03-16,0 days 15:59:06.143608,2339120,51.22,51.21,30500,23675,-34,2966
938,BMY,2020-03-16,0 days 15:59:08.148015,2325654,51.22,51.21,35758,19962,25566,-34
939,BMY,2020-03-16,0 days 15:59:09.150216,2339120,51.22,51.21,37913,21462,-225,25566
940,BMY,2020-03-16,0 days 15:59:14.162411,2339345,51.22,51.21,57778,15601,875,-225
941,BMY,2020-03-16,0 days 15:59:38.218210,2361813,51.22,51.21,134292,5607,-4663,1521
942,BNS,2020-03-16,0 days 15:55:20.207323,30670,36.95,36.92,700,2608,-736,964
943,BNS,2020-03-16,0 days 15:55:27.224535,30670,36.91,36.9,700,900,-736,1864
944,BNS,2020-03-16,0 days 15:55:34.240620,31406,36.99,36.97,98,1760,3264,-5135
945,BNS,2020-03-16,0 days 15:55:35.243073,30670,37.02,36.99,250,1800,-736,3264
946,BNS,2020-03-16,0 days 15:55:52.284370,30672,36.97,36.95,100,1900,-5133,3266
947,BNS,2020-03-16,0 days 15:55:59.301064,30672,37.04,37.01,1046,200,-734,3266
948,BNS,2020-03-16,0 days 15:56:10.327863,31406,37.19,37.18,200,200,3266,-1133
949,BNS,2020-03-16,0 days 15:56:11.329708,30672,37.19,37.18,250,100,-734,3266
950,BNS,2020-03-16,0 days 15:56:13.334919,31406,37.21,37.2,400,100,3266,-5133
951,BNS,2020-03-16,0 days 15:56:14.337136,30672,37.22,37.19,500,2100,-5133,3266
952,BNS,2020-03-16,0 days 15:56:26.366239,30672,37.2,37.17,620,800,-734,3266
953,BNS,2020-03-16,0 days 15:57:06.463235,31561,37.36,37.34,200,1000,3211,-5088
954,BNS,2020-03-16,0 days 15:57:07.466113,30772,37.34,37.32,100,400,-5188,3211
955,BNS,2020-03-16,0 days 15:57:17.491072,30772,37.33,37.31,500,498,-789,3211
956,BNS,2020-03-16,0 days 15:57:31.523868,30572,37.4,37.35,660,200,-5388,3211
957,BNS,2020-03-16,0 days 15:57:35.534434,31561,37.34,37.33,100,100,3411,-1188
958,BNS,2020-03-16,0 days 15:57:36.536463,30772,37.35,37.32,300,800,-789,3411
959,BNS,2020-03-16,0 days 15:58:05.605601,33585,37.4,37.37,215,403,-5460,139
960,BNS,2020-03-16,0 days 15:58:11.621040,34646,37.45,37.42,149,2029,2939,-1460
961,BNS,2020-03-16,0 days 15:58:12.622410,33585,37.46,37.44,24,200,-1061,2939
962,BNS,2020-03-16,0 days 15:58:20.642581,34646,37.47,37.46,490,100,3339,-1536
963,BNS,2020-03-16,0 days 15:58:21.644783,33585,37.47,37.46,520,200,-1061,3339
964,BNS,2020-03-16,0 days 15:58:34.676155,34485,37.47,37.46,2107,300,-1161,2439
965,BNS,2020-03-16,0 days 15:59:12.769250,35051,37.53,37.51,45,2836,-955,3245
966,BNS,2020-03-16,0 days 15:59:23.796242,35087,37.48,37.45,20,1700,-919,3981
967,BNS,2020-03-16,0 days 15:59:28.807817,41361,37.46,37.43,678,2288,3,-5274
968,BNS,2020-03-16,0 days 15:59:42.842713,36721,37.58,37.55,200,986,2966,-1774
969,BNS,2020-03-16,0 days 15:59:43.844021,36187,37.6,37.57,1700,1200,-534,2966
970,BNS,2020-03-16,0 days 15:59:53.868716,39421,37.68,37.61,700,400,-2418,2588
971,BNS,2020-03-16,0 days 15:59:58.878462,39421,37.67,37.59,22716,100,-2418,2588
972,BOX,2020-03-16,0 days 15:59:49.994120,165300,9.11,9.1,962,16690,1512,-5735
973,BRFS,2020-03-16,0 days 15:59:36.080641,155539,2.71,2.7,769872,1215,-17590,26157
974,BRO,2020-03-16,0 days 15:55:07.084149,153264,36.84,36.83,2828,727,-3853,8347
975,BRO,2020-03-16,0 days 15:55:16.107933,157117,36.84,36.83,4322,642,3647,-3853
976,BRO,2020-03-16,0 days 15:55:17.109490,154064,36.84,36.83,4077,648,-3053,3647
977,BRO,2020-03-16,0 days 15:55:36.157450,157117,36.72,36.69,6,500,21447,-13162
978,BRO,2020-03-16,0 days 15:55:37.159112,154064,36.72,36.69,106,620,-3053,21447
979,BRO,2020-03-16,0 days 15:56:42.314649,154964,36.98,36.96,500,822,-30262,21447
980,BRO,2020-03-16,0 days 15:56:46.325382,154964,36.98,36.97,750,1109,-3053,21747
981,BRX,2020-03-16,0 days 15:55:00.556340,245262,12.53,12.52,90070,14097,-20032,502
982,BRX,2020-03-16,0 days 15:59:11.154869,272368,12.53,12.52,203362,7177,29013,-23187
983,BRX,2020-03-16,0 days 15:59:12.157859,249181,12.53,12.52,201476,6277,-23187,29013
984,BRX,2020-03-16,0 days 15:59:36.214421,272569,12.53,12.52,208035,2719,16264,-19336
985,BRX,2020-03-16,0 days 15:59:37.222045,271633,12.53,12.52,209221,2734,-936,16264
986,BSX,2020-03-16,0 days 15:56:28.291922,1393838,27.71,27.7,11432,867,-23028,21672
987,BSX,2020-03-16,0 days 15:57:39.463193,1462209,27.49,27.48,17759,14388,20393,-8407
988,BSX,2020-03-16,0 days 15:57:40.464859,1443202,27.49,27.48,18163,11177,-19007,20393
989,BSX,2020-03-16,0 days 15:57:43.471412,1462209,27.49,27.48,23375,12607,6993,-19007
990,BSX,2020-03-16,0 days 15:57:44.473539,1443202,27.49,27.48,23747,11587,-19007,6993
991,BUD,2020-03-16,0 days 15:55:05.173625,52699,37.11,37.07,300,7,-3734,699
992,BUD,2020-03-16,0 days 15:55:06.176213,52433,37.11,37.07,612,7,266,-3734
993,BUD,2020-03-16,0 days 15:55:24.221911,52433,37.13,37.11,500,513,266,-3734
994,BUD,2020-03-16,0 days 15:55:40.258719,52699,37.11,37.07,201,200,-3734,699
995,BUD,2020-03-16,0 days 15:55:41.262136,52433,37.11,37.07,1201,500,266,-3734
996,BUD,2020-03-16,0 days 15:55:45.270621,52699,37.11,37.07,1483,644,-46,266
997,BUD,2020-03-16,0 days 15:55:46.272965,52445,37.11,37.07,1840,644,254,-46
998,BUD,2020-03-16,0 days 15:56:26.369433,53989,37.06,37.01,1819,100,-6265,777
999,BUD,2020-03-16,0 days 15:56:27.372124,53854,37.06,37.01,2425,800,135,-6265
1000,BUD,2020-03-16,0 days 15:58:14.629922,48127,37.04,37.01,410,501,7062,-6647
1001,BUD,2020-03-16,0 days 15:59:14.776277,53989,37.09,37.07,507,333,-6847,362
1002,BUD,2020-03-16,0 days 15:59:15.777671,48527,37.09,37.08,354,500,6962,-6847
1003,BUD,2020-03-16,0 days 15:59:26.804401,53989,37.07,37.05,444,854,-6847,362
1004,BUD,2020-03-16,0 days 15:59:43.846309,54389,37.14,37.1,1400,3613,-10237,4772
1005,BUD,2020-03-16,0 days 15:59:47.855451,64726,37.12,37.1,294,4603,1963,-937
1006,BUD,2020-03-16,0 days 15:59:51.866934,62789,37.15,37.1,1067,3698,-4837,13172
1007,BVN,2020-03-16,0 days 15:55:18.112501,102000,6.47,6.46,4337,2349,3273,-4127
1008,BVN,2020-03-16,0 days 15:55:19.115328,98973,6.47,6.46,4537,2449,-3027,3273
1009,BVN,2020-03-16,0 days 15:59:44.758658,106381,6.58,6.57,6222,100,30141,-35595
1010,BVN,2020-03-16,0 days 15:59:45.760064,104522,6.57,6.54,1513,500,-34695,30141
1011,BX,2020-03-16,0 days 15:56:15.262564,363913,40.54,40.5,2067,605,-21588,12476
1012,BX,2020-03-16,0 days 15:56:16.264697,350701,40.54,40.5,3733,605,13212,-21588
1013,BX,2020-03-16,0 days 15:56:22.279394,365813,40.24,40.21,870,225,-14188,16776
1014,BX,2020-03-16,0 days 15:56:23.281517,352101,40.24,40.11,3437,425,13912,-14188
1015,BX,2020-03-16,0 days 15:56:30.299240,322537,40.02,40.0,735,4919,44976,-14388
1016,BX,2020-03-16,0 days 15:56:53.353165,376950,39.93,39.91,1023,4,-2550,16524
1017,BX,2020-03-16,0 days 15:56:54.355352,330836,39.92,39.9,1035,669,46114,-2550
1018,BX,2020-03-16,0 days 15:56:55.358975,376950,39.92,39.9,1700,600,-13450,46114
1019,BX,2020-03-16,0 days 15:56:56.361442,362000,39.93,39.92,517,1000,14950,-13450
1020,BX,2020-03-16,0 days 15:57:23.426064,353751,40.07,40.03,275,400,13860,-25540
1021,BX,2020-03-16,0 days 15:57:40.466505,369611,40.16,40.1,500,500,-18040,16824
1022,BX,2020-03-16,0 days 15:57:41.467940,321487,40.13,40.12,399,181,48124,-18040
1023,BX,2020-03-16,0 days 15:57:51.493316,369127,40.16,40.13,400,2479,-18124,16640
1024,BX,2020-03-16,0 days 15:57:52.494072,355451,40.17,40.15,469,700,13476,-18124
1025,BX,2020-03-16,0 days 15:58:01.516115,347951,40.17,40.15,967,1399,20976,-17724
1026,BX,2020-03-16,0 days 15:58:14.547485,356873,40.14,40.11,600,300,12554,-34246
1027,BX,2020-03-16,0 days 15:58:17.553518,368727,40.22,40.18,400,900,-34946,17440
1028,BX,2020-03-16,0 days 15:58:18.559240,355973,40.22,40.18,461,1000,12754,-34946
1029,BX,2020-03-16,0 days 15:58:20.561427,369827,40.11,40.07,464,500,-34046,65340
1030,BX,2020-03-16,0 days 15:58:21.563372,356973,40.11,40.08,919,553,12854,-34046
1031,BX,2020-03-16,0 days 15:58:37.602095,370027,40.07,40.04,533,550,-34646,17540
1032,BX,2020-03-16,0 days 15:58:38.603884,357173,40.07,40.03,533,750,12854,-34646
1033,BX,2020-03-16,0 days 15:58:54.641925,370027,40.07,40.06,1047,48,-34646,17540
1034,BX,2020-03-16,0 days 15:58:55.644554,357173,40.06,40.05,700,2246,12854,-34646
1035,BYD,2020-03-16,0 days 15:55:30.142641,155789,11.16,11.13,400,2206,-21397,1055
1036,BYD,2020-03-16,0 days 15:55:31.145227,128334,11.16,11.13,1008,1464,27455,-21397
1037,BYD,2020-03-16,0 days 15:55:44.174897,155789,11.13,11.1,1556,1500,-15297,7155
1038,BYD,2020-03-16,0 days 15:55:45.178424,128334,11.13,11.1,1856,670,27455,-15297
1039,BYD,2020-03-16,0 days 15:55:46.181078,155789,11.13,11.08,2356,1500,-15297,27455
1040,BYD,2020-03-16,0 days 15:55:47.182539,150786,11.09,11.08,429,1660,5003,-15297
1041,BYD,2020-03-16,0 days 15:56:04.224789,155789,11.06,11.03,3557,250,-15297,7155
1042,BYD,2020-03-16,0 days 15:56:05.227947,150786,11.05,11.03,341,100,5003,-15297
1043,BYD,2020-03-16,0 days 15:56:15.250872,156605,11.02,11.01,1230,125,-15281,7171
1044,BYD,2020-03-16,0 days 15:56:16.252636,151765,11.02,11.01,1352,125,4840,-15281
1045,BYD,2020-03-16,0 days 15:56:39.308554,151486,11.01,10.96,1817,1740,5119,-15281
1046,BYD,2020-03-16,0 days 15:56:52.339444,151510,10.94,10.91,462,200,5095,-15605
1047,BYD,2020-03-16,0 days 15:57:19.406227,159927,10.87,10.85,200,222,-14593,8095
1048,BYD,2020-03-16,0 days 15:57:20.408945,154820,10.87,10.85,301,100,5107,-14593
1049,BYD,2020-03-16,0 days 15:57:37.448711,132132,10.79,10.78,1524,400,27795,-15393
1050,BYD,2020-03-16,0 days 15:57:41.457482,154751,10.73,10.71,628,1,5176,-15324
1051,BYD,2020-03-16,0 days 15:57:55.490443,159943,10.55,10.54,400,40,-15321,7311
1052,BYD,2020-03-16,0 days 15:57:56.493482,154764,10.55,10.54,2700,40,5179,-15321
1053,BYD,2020-03-16,0 days 15:57:59.500838,159943,10.52,10.5,200,1021,-15321,27811
1054,BYD,2020-03-16,0 days 15:58:00.504304,132132,10.52,10.5,1105,321,27811,-15321
1055,BYD,2020-03-16,0 days 15:58:11.529988,160029,10.56,10.54,323,1784,-15409,7223
1056,BYD,2020-03-16,0 days 15:58:12.534416,154238,10.56,10.54,1174,1924,5791,-15409
1057,BYD,2020-03-16,0 days 15:58:30.578341,154538,10.48,10.47,200,3700,5791,-14509
1058,BYD,2020-03-16,0 days 15:59:13.681519,144706,10.63,10.53,800,829,27942,-2390
1059,BYD,2020-03-16,0 days 15:59:19.695700,161129,10.63,10.55,1606,2028,-27248,6903
1060,BYD,2020-03-16,0 days 15:59:20.700260,156677,10.63,10.57,1430,1291,4452,-27248
1061,C,2020-03-16,0 days 15:51:33.790972,2351850,41.32,41.31,1200,2707,81439,-27458
1062,C,2020-03-16,0 days 15:56:13.462981,2806935,41.3,41.29,23737,5613,-21559,3542
1063,C,2020-03-16,0 days 15:56:14.464592,2796794,41.3,41.29,20962,5193,10212,-21559
1064,C,2020-03-16,0 days 15:56:17.472731,2807006,41.3,41.29,22557,5993,-6388,10212
1065,C,2020-03-16,0 days 15:56:18.474652,2796894,41.3,41.29,26757,6172,10112,-6388
1066,C,2020-03-16,0 days 15:57:45.684117,2828708,41.24,41.23,58370,3916,-13814,18086
1067,C,2020-03-16,0 days 15:57:46.686682,2817322,41.24,41.23,59599,4616,10786,-13814
1068,C,2020-03-16,0 days 15:57:49.694156,2828708,41.24,41.23,54723,3042,-13914,10786
1069,C,2020-03-16,0 days 15:57:50.695926,2817322,41.24,41.23,53746,2961,10786,-13914
1070,C,2020-03-16,0 days 15:58:36.809144,2828446,41.02,41.01,15915,2200,11319,-1781
1071,CAG,2020-03-16,0 days 15:56:39.397254,860188,27.25,27.24,1511,2454,1418,-4482
1072,CAG,2020-03-16,0 days 15:56:40.400459,850906,27.25,27.24,2711,2554,-9282,1418
1073,CAG,2020-03-16,0 days 15:56:57.441566,860453,27.25,27.24,9635,4426,22053,-7547
1074,CAG,2020-03-16,0 days 15:56:58.443425,852106,27.25,27.24,7661,4568,-9176,22053
1075,CAG,2020-03-16,0 days 15:57:44.554976,860043,27.09,27.08,4047,1448,1513,-987
1076,CAG,2020-03-16,0 days 15:57:45.557559,854356,27.09,27.08,3864,1977,-5687,1513
1077,CAG,2020-03-16,0 days 15:58:37.683128,861287,27.15,27.13,400,1026,5262,-938
1078,CAG,2020-03-16,0 days 15:58:38.685525,857049,27.15,27.13,500,1126,-4238,5262
1079,CAG,2020-03-16,0 days 15:59:06.754791,878486,27.16,27.15,1841,457,8604,-5982
1080,CAG,2020-03-16,0 days 15:59:07.756834,872990,27.16,27.15,1974,597,-5496,8604
1081,CAG,2020-03-16,0 days 15:59:14.774154,878599,27.16,27.15,1520,201,4118,-5041
1082,CAG,2020-03-16,0 days 15:59:15.775727,873917,27.16,27.15,353,3330,-4682,4118
1083,CAG,2020-03-16,0 days 15:59:25.800735,888267,27.12,27.09,600,3837,4304,-713
1084,CAG,2020-03-16,0 days 15:59:26.802701,884371,27.13,27.12,1200,200,-3896,4304
1085,CAG,2020-03-16,0 days 15:59:59.882239,906876,27.21,27.19,51985,5275,73976,-16795
1086,CAH,2020-03-16,0 days 15:56:31.339963,383300,44.39,44.31,1306,300,981,-674
1087,CAH,2020-03-16,0 days 15:56:35.348817,365381,44.34,44.3,73,200,-17919,21042
1088,CAH,2020-03-16,0 days 15:56:36.351644,344739,44.34,44.3,73,100,37042,-17919
1089,CAH,2020-03-16,0 days 15:57:02.415674,382121,44.22,44.11,128,300,-1619,81
1090,CAH,2020-03-16,0 days 15:57:14.443154,383740,44.09,44.03,1981,100,1081,-619
1091,CAH,2020-03-16,0 days 15:57:30.480694,370621,44.07,44.04,266,640,-13119,37242
1092,CAH,2020-03-16,0 days 15:57:38.497369,370421,44.07,44.02,700,308,-13319,34142
1093,CAH,2020-03-16,0 days 15:58:22.604226,370827,44.04,44.02,200,300,-13197,37364
1094,CAH,2020-03-16,0 days 15:58:47.667176,368127,44.33,44.24,200,300,-37977,864
1095,CAH,2020-03-16,0 days 15:58:48.668659,345463,44.36,44.28,160,314,36664,-37977
1096,CAH,2020-03-16,0 days 15:58:50.671245,367427,44.35,44.29,947,495,-36777,2164
1097,CAH,2020-03-16,0 days 15:59:03.702686,368829,44.19,44.16,963,623,-37016,1755
1098,CAH,2020-03-16,0 days 15:59:14.728049,385197,44.06,44.05,59,677,175,-1093
1099,CAH,2020-03-16,0 days 15:59:16.732132,386872,44.08,44.05,301,484,-34325,38948
1100,CAH,2020-03-16,0 days 15:59:17.734265,386597,44.08,44.02,202,462,475,-34325
1101,CAH,2020-03-16,0 days 15:59:19.739336,387472,44.06,44.0,988,444,-35425,39448
1102,CAH,2020-03-16,0 days 15:59:20.744288,387197,44.06,44.0,785,344,75,-35425
1103,CAH,2020-03-16,0 days 15:59:28.764224,391364,43.95,43.94,1702,204,554,-31546
1104,CAH,2020-03-16,0 days 15:59:48.812139,385391,44.06,44.05,702,2154,1681,-1019
1105,CAH,2020-03-16,0 days 15:59:56.832191,385372,44.21,44.19,348,7700,-34172,4481
1106,CAT,2020-03-16,0 days 15:55:28.151943,459846,94.11,94.08,398,157,100928,-20217
1107,CAT,2020-03-16,0 days 15:55:42.184827,459846,94.06,94.05,600,433,108843,-12402
1108,CAT,2020-03-16,0 days 15:55:56.218449,459846,94.08,94.06,937,400,109843,-10902
1109,CAT,2020-03-16,0 days 15:56:31.300543,460482,93.3,93.29,2531,304,114605,-7983
1110,CAT,2020-03-16,0 days 15:56:35.310230,460482,93.3,93.29,1631,160,112005,-7783
1111,CAT,2020-03-16,0 days 15:56:43.329602,493387,93.3,93.26,310,300,-116783,3005
1112,CAT,2020-03-16,0 days 15:56:57.364149,460496,93.07,93.06,773,1450,112791,-7697
1113,CAT,2020-03-16,0 days 15:57:22.424308,463241,93.07,93.06,449,3000,116732,-3356
1114,CAT,2020-03-16,0 days 15:57:29.440334,463241,93.09,93.06,1377,857,112732,-7156
1115,CAT,2020-03-16,0 days 15:57:30.443077,502773,93.09,93.06,319,430,-116356,112732
1116,CAT,2020-03-16,0 days 15:57:39.464815,583029,93.04,93.0,656,1789,5604,-3696
1117,CAT,2020-03-16,0 days 15:57:47.481746,528133,93.1,93.05,300,83,-118487,5901
1118,CAT,2020-03-16,0 days 15:57:50.489709,463432,93.06,93.04,1848,239,114901,-4887
1119,CAT,2020-03-16,0 days 15:58:02.519832,463450,93.17,93.11,203,690,108493,-4595
1120,CAT,2020-03-16,0 days 15:58:04.523217,517785,93.18,93.12,377,520,-116553,5593
1121,CAT,2020-03-16,0 days 15:58:13.544725,463450,93.1,93.04,1733,400,117835,-3753
1122,CAT,2020-03-16,0 days 15:58:14.547412,519885,93.1,93.04,648,500,-116353,117835
1123,CAT,2020-03-16,0 days 15:58:19.558099,463450,93.09,93.04,200,100,115935,-5653
1124,CAT,2020-03-16,0 days 15:58:24.570604,519885,93.09,93.03,2066,699,-116353,9835
1125,CAT,2020-03-16,0 days 15:58:26.575989,583238,93.01,92.99,300,1,947,-5653
1126,CAT,2020-03-16,0 days 15:58:29.582490,527285,92.92,92.91,300,2,-113453,114835
1127,CAT,2020-03-16,0 days 15:58:32.589884,463450,92.96,92.89,1763,100,115035,-4853
1128,CAT,2020-03-16,0 days 15:58:35.598101,527385,92.96,92.88,4192,144,-114153,5835
1129,CAT,2020-03-16,0 days 15:58:41.611532,527485,92.91,92.88,416,533,-114153,5735
1130,CAT,2020-03-16,0 days 15:58:42.614370,463450,92.91,92.88,216,100,116535,-114153
1131,CAT,2020-03-16,0 days 15:58:43.616001,528885,92.96,92.93,371,202,-114253,116535
1132,CAT,2020-03-16,0 days 15:58:48.628965,583238,93.08,92.96,443,500,947,-12253
1133,CAT,2020-03-16,0 days 15:58:49.630546,578385,93.06,92.96,400,500,-4853,947
1134,CAT,2020-03-16,0 days 15:58:52.638274,463450,92.93,92.92,400,8527,115835,-4253
1135,CAT,2020-03-16,0 days 15:58:53.640162,528886,92.96,92.92,1530,8493,-114052,115835
1136,CAT,2020-03-16,0 days 15:58:56.647147,463450,92.93,92.92,1200,7627,115036,-4852
1137,CAT,2020-03-16,0 days 15:59:04.667096,463832,92.93,92.92,584,6512,115113,-5122
1138,CAT,2020-03-16,0 days 15:59:05.670181,548902,92.95,92.92,9629,6312,-95606,115113
1139,CAT,2020-03-16,0 days 15:59:06.672092,465032,92.93,92.92,200,2864,89870,-95606
1140,CAT,2020-03-16,0 days 15:59:10.682007,466332,92.95,92.94,9120,813,88470,-32506
1141,CAT,2020-03-16,0 days 15:59:19.694689,471532,93.01,92.99,401,921,120141,-89935
1142,CAT,2020-03-16,0 days 15:59:24.707349,597308,93.0,92.99,1100,1149,1139,-94135
1143,CAT,2020-03-16,0 days 15:59:38.740795,597029,93.05,93.03,4,709,-91079,33397
1144,CAT,2020-03-16,0 days 15:59:39.743818,489132,93.04,93.02,633,596,112597,-91079
1145,CAT,2020-03-16,0 days 15:59:47.763397,493632,93.44,93.31,993,1600,94413,-28463
1146,CAT,2020-03-16,0 days 15:59:49.766427,578763,93.47,93.41,487,1434,-109245,11813
1147,CAT,2020-03-16,0 days 15:59:50.770722,492132,93.47,93.39,92,1792,90920,-109245
1148,CBRE,2020-03-16,0 days 15:59:34.822058,507772,38.43,38.42,9496,3044,-2060,3240
1149,CBRE,2020-03-16,0 days 15:59:41.839020,508372,38.43,38.42,7521,2530,-1460,4740
1150,CC,2020-03-16,0 days 15:55:24.614208,110653,9.16,9.14,995,1988,549,-13251
1151,CC,2020-03-16,0 days 15:55:26.618032,111202,9.16,9.15,1429,1001,-367,15733
1152,CC,2020-03-16,0 days 15:55:27.620664,109469,9.16,9.15,2129,1001,1733,-367
1153,CC,2020-03-16,0 days 15:59:02.133246,97148,9.24,9.22,1966,600,17284,-14867
1154,CCEP,2020-03-16,0 days 15:55:51.242161,212060,36.02,36.0,1165,900,-9427,7441
1155,CCEP,2020-03-16,0 days 15:56:19.310085,212280,36.01,36.0,2267,3471,-1139,3861
1156,CCEP,2020-03-16,0 days 15:56:37.353518,213419,36.01,36.0,3024,2543,9261,-1139
1157,CCEP,2020-03-16,0 days 15:56:38.356928,212280,36.01,36.0,5041,2743,-1139,9261
1158,CCEP,2020-03-16,0 days 15:56:55.398952,213463,36.01,36.0,3038,3657,2843,-1117
1159,CCEP,2020-03-16,0 days 15:58:37.639301,215816,35.77,35.76,461,1859,-144,25556
1160,CCEP,2020-03-16,0 days 15:58:54.680508,215816,35.73,35.72,290,473,-144,26656
1161,CCEP,2020-03-16,0 days 15:59:05.706567,245498,35.7,35.66,573,529,1376,-2182
1162,CCEP,2020-03-16,0 days 15:59:06.709188,243574,35.7,35.66,373,529,-1924,1376
1163,CCEP,2020-03-16,0 days 15:59:30.767710,217920,35.69,35.66,101,1591,25784,-3754
1164,CCEP,2020-03-16,0 days 15:59:53.823976,219904,35.83,35.75,569,500,-37233,1984
1165,CCEP,2020-03-16,0 days 15:59:57.833772,217920,35.79,35.78,400,8176,1984,-37233
1166,CCEP,2020-03-16,0 days 15:59:59.842601,219904,35.79,35.78,94,18641,-37233,1984
1167,CCEP,2020-03-16,0 days 16:00:00.834443,217920,35.79,35.78,94,27439,1984,-37233
1168,CCI,2020-03-16,0 days 15:57:40.673879,380903,137.39,137.38,5429,1742,2528,-4072
1169,CCI,2020-03-16,0 days 15:57:41.674226,375431,137.39,137.38,7183,2030,-5472,2528
1170,CCI,2020-03-16,0 days 15:58:21.772252,381003,136.51,136.37,81,100,12397,-50783
1171,CCI,2020-03-16,0 days 15:58:22.774973,375000,136.49,136.38,681,100,-49283,12397
1172,CCI,2020-03-16,0 days 15:59:09.888336,380353,135.93,135.79,130,283,21712,-42387
1173,CCI,2020-03-16,0 days 15:59:10.889159,373065,135.95,135.91,2,200,-7288,21712
1174,CCI,2020-03-16,0 days 15:59:13.897029,380353,135.8,135.79,208,306,21712,-71460
1175,CCI,2020-03-16,0 days 15:59:14.900349,376865,135.87,135.82,10,500,-68171,21712
1176,CCI,2020-03-16,0 days 15:59:19.911590,380353,136.01,135.96,108,523,17932,-46824
1177,CCI,2020-03-16,0 days 15:59:20.913666,376685,135.95,135.94,200,196,-3668,17932
1178,CCI,2020-03-16,0 days 15:59:22.917786,380353,135.96,135.89,37,268,18932,-67324
1179,CCI,2020-03-16,0 days 15:59:23.920366,380485,135.81,135.79,454,6,-64551,18932
1180,CCI,2020-03-16,0 days 15:59:27.930515,376947,135.78,135.43,944,90,-68089,22894
1181,CCI,2020-03-16,0 days 15:59:30.937667,380593,135.42,135.18,1090,390,34421,-30022
1182,CCI,2020-03-16,0 days 15:59:31.939588,378014,135.26,135.2,141,90,-2579,34421
1183,CCI,2020-03-16,0 days 15:59:37.953746,380593,135.5,135.37,708,690,31821,-36762
1184,CCI,2020-03-16,0 days 15:59:38.956172,378514,135.64,135.37,552,990,-66762,31821
1185,CCI,2020-03-16,0 days 15:59:46.977521,381138,135.82,135.74,549,2997,23311,-41366
1186,CCI,2020-03-16,0 days 15:59:47.980649,378749,135.95,135.74,690,2645,-67342,23311
1187,CCI,2020-03-16,0 days 16:00:01.003244,381590,135.83,135.81,4507,7122,10095,-54582
1188,CCJ,2020-03-16,0 days 15:55:18.161828,41416,6.28,6.27,21570,4538,-6271,1229
1189,CCJ,2020-03-16,0 days 15:55:19.165340,36987,6.28,6.27,19259,4538,4429,-6271
1190,CCJ,2020-03-16,0 days 15:55:51.241752,49433,6.28,6.27,23672,7490,-1654,4429
1191,CCJ,2020-03-16,0 days 15:55:52.244741,48187,6.28,6.27,24972,7490,1246,-1654
1192,CCJ,2020-03-16,0 days 15:58:03.557243,49433,6.29,6.28,36227,6754,-7552,1204
1193,CCJ,2020-03-16,0 days 15:58:04.559354,48385,6.29,6.28,21927,8654,1048,-7552
1194,CCJ,2020-03-16,0 days 15:59:01.698953,49433,6.29,6.28,45770,6141,-7952,10148
1195,CCJ,2020-03-16,0 days 15:59:02.702340,48685,6.29,6.28,45965,6241,748,-7952
1196,CCJ,2020-03-16,0 days 15:59:27.762276,49433,6.29,6.28,40664,3822,-2554,748
1197,CCJ,2020-03-16,0 days 15:59:28.763435,44087,6.29,6.28,43164,3822,7246,-2554
1198,CCJ,2020-03-16,0 days 15:59:29.766121,51333,6.29,6.28,44381,6085,-4154,7246
1199,CCJ,2020-03-16,0 days 15:59:30.767342,50687,6.29,6.28,27164,3523,646,-4154
1200,CCJ,2020-03-16,0 days 15:59:38.786574,52133,6.27,6.26,8966,14599,-5454,546
1201,CCJ,2020-03-16,0 days 15:59:39.789499,51587,6.27,6.26,9166,16104,546,-5454
1202,CCK,2020-03-16,0 days 15:55:07.133920,83750,49.32,49.29,400,1038,7685,-738
1203,CCK,2020-03-16,0 days 15:55:13.150030,84635,49.31,49.29,100,1207,-7538,885
1204,CCK,2020-03-16,0 days 15:55:18.162444,92173,49.32,49.31,52,300,962,-738
1205,CCK,2020-03-16,0 days 15:55:19.165926,91535,49.35,49.31,200,385,-638,962
1206,CCK,2020-03-16,0 days 15:55:31.198094,84535,49.4,49.38,13,102,-7638,785
1207,CCK,2020-03-16,0 days 15:55:42.220240,83750,49.49,49.43,870,303,7685,-738
1208,CCK,2020-03-16,0 days 15:55:53.247067,84435,49.44,49.43,1,1279,-515,785
1209,CCK,2020-03-16,0 days 15:56:26.327463,97481,49.45,49.4,2200,3915,12152,-2457
1210,CCK,2020-03-16,0 days 15:56:27.329086,96333,49.45,49.4,2300,3915,-1148,12152
1211,CCK,2020-03-16,0 days 15:57:46.515483,98459,49.17,49.15,330,177,21707,-2054
1212,CCK,2020-03-16,0 days 15:57:47.518350,97366,49.17,49.14,1130,266,-1093,21707
1213,CCK,2020-03-16,0 days 15:58:24.609241,97069,49.19,49.01,100,103,-25051,20750
1214,CCK,2020-03-16,0 days 15:58:28.618530,97269,49.15,49.09,100,200,-1190,20310
1215,CCK,2020-03-16,0 days 15:58:45.659894,98459,49.03,48.93,483,900,21650,-1911
1216,CCK,2020-03-16,0 days 15:58:46.661703,97409,48.99,48.93,583,1300,-1050,21650
1217,CCK,2020-03-16,0 days 15:59:05.706674,98459,48.94,48.93,944,499,4078,-1050
1218,CCK,2020-03-16,0 days 15:59:06.709292,97937,48.94,48.93,1244,245,-522,4078
1219,CCK,2020-03-16,0 days 15:59:18.736581,98459,48.88,48.87,1100,811,18872,-20669
1220,CCK,2020-03-16,0 days 15:59:19.739287,98231,48.88,48.87,1208,649,-228,18872
1221,CCK,2020-03-16,0 days 15:59:23.752083,98077,48.78,48.77,937,337,21254,-23407
1222,CCK,2020-03-16,0 days 15:59:24.755255,97931,48.79,48.78,229,200,-146,21254
1223,CCK,2020-03-16,0 days 15:59:28.764091,98077,48.85,48.79,200,600,21142,-87
1224,CCK,2020-03-16,0 days 15:59:34.778115,114390,48.87,48.81,305,794,-7730,22225
1225,CCK,2020-03-16,0 days 15:59:48.812079,101447,48.84,48.81,700,391,27555,-517
1226,CCL,2020-03-16,0 days 15:59:34.733947,739175,14.63,14.62,13157,24056,-13357,16943
1227,CCL,2020-03-16,0 days 15:59:35.737112,699432,14.63,14.62,13963,25799,39743,-13357
1228,CCL,2020-03-16,0 days 15:59:43.756292,732575,14.64,14.63,1000,7944,-5163,1637
1229,CCL,2020-03-16,0 days 15:59:48.768017,731546,14.64,14.63,400,13768,1029,-3841
