,Symbol,Timestamp,TIME,iPaired,Ask_P,Bid_P,Ask_S,Bid_S,iShares,PreviShares
0,AA,2020-10-26,0 days 15:55:00.226885,86039,13.02,13.01,2093,4725,-4671,467
1,AA,2020-10-26,0 days 15:56:09.229013,91310,13.02,13.01,3143,5949,873,-467
2,AA,2020-10-26,0 days 15:56:51.229313,92218,13.01,13.0,3591,8723,-1092,873
3,AA,2020-10-26,0 days 15:58:33.233451,100297,13.0,12.99,900,7415,-594,3006
4,ABBV,2020-10-26,0 days 15:58:19.113302,436641,83.87,83.86,900,100,-947,2218
5,ABBV,2020-10-26,0 days 15:58:20.114037,434929,83.86,83.85,700,100,1712,-947
6,ABBV,2020-10-26,0 days 15:58:25.114405,434629,83.89,83.88,621,591,452,-5488
7,ABBV,2020-10-26,0 days 15:58:41.114401,434329,83.9,83.89,2106,600,677,-1523
8,ABBV,2020-10-26,0 days 15:59:01.118794,408743,83.86,83.85,1357,200,-11280,10704
9,ABBV,2020-10-26,0 days 15:59:36.116951,439548,83.89,83.88,500,200,8181,-31619
10,ABBV,2020-10-26,0 days 15:59:37.116472,438429,83.9,83.88,600,1200,-4266,8181
11,ABBV,2020-10-26,0 days 15:59:39.117172,442695,83.89,83.88,600,463,5058,-1266
12,ABBV,2020-10-26,0 days 15:59:40.118984,441928,83.88,83.87,500,100,-1153,5058
13,ABBV,2020-10-26,0 days 15:59:41.117865,441881,83.87,83.86,400,100,1607,-1153
14,ABEV,2020-10-26,0 days 15:55:00.249872,69371,2.55,2.54,205032,520454,-19333,26941
15,ABT,2020-10-26,0 days 15:59:25.251860,577048,108.93,108.91,290,300,10995,-16933
16,ABT,2020-10-26,0 days 15:59:34.252130,590458,109.01,108.99,100,200,-4051,12849
17,ABT,2020-10-26,0 days 15:59:35.251667,583226,108.93,108.9,1068,300,12482,-4051
18,ABT,2020-10-26,0 days 15:59:36.251940,593785,108.98,108.92,100,300,-1763,12482
19,ABT,2020-10-26,0 days 15:59:37.252209,593359,108.97,108.93,1028,100,426,-1763
20,ABT,2020-10-26,0 days 15:59:38.251621,589285,108.97,108.93,1028,200,-4074,426
21,ABT,2020-10-26,0 days 15:59:39.251964,588937,108.9,108.86,300,940,4848,-4074
22,ABT,2020-10-26,0 days 15:59:45.254170,597767,108.94,108.9,100,200,-15091,2476
23,ABT,2020-10-26,0 days 15:59:48.254031,603258,108.9,108.88,100,600,264,-11910
24,ABT,2020-10-26,0 days 15:59:57.255913,605380,108.99,108.92,100,100,3057,-5217
25,ABT,2020-10-26,0 days 15:59:58.255858,608437,108.99,108.92,100,100,-23905,3057
26,ADM,2020-10-26,0 days 15:55:00.219492,152389,51.05,51.04,362,106,1169,-1283
27,ADM,2020-10-26,0 days 15:56:18.221016,159939,51.11,51.1,500,700,-1793,907
28,ADM,2020-10-26,0 days 15:56:19.221353,159732,51.11,51.1,800,400,207,-1793
29,ADM,2020-10-26,0 days 15:57:40.220620,159929,51.15,51.14,346,1300,-2125,875
30,AEL,2020-10-26,0 days 15:55:00.225421,52828,24.81,24.78,400,200,3912,-2963
31,AEL,2020-10-26,0 days 15:55:01.225270,52340,24.82,24.8,100,265,-488,3912
32,AEL,2020-10-26,0 days 15:55:48.228414,55220,24.84,24.82,100,200,1646,-480
33,AEL,2020-10-26,0 days 15:55:49.228949,54966,24.84,24.82,100,200,-254,1646
34,AEL,2020-10-26,0 days 15:56:54.228929,55220,24.91,24.82,200,154,1670,-172
35,AEL,2020-10-26,0 days 15:58:59.232704,59075,24.89,24.86,100,279,40,-4327
36,AEL,2020-10-26,0 days 15:59:18.217714,62513,24.85,24.83,381,100,-247,1280
37,AEL,2020-10-26,0 days 15:59:19.219445,62060,24.85,24.83,381,100,353,-247
38,AEL,2020-10-26,0 days 15:59:49.219558,63991,24.9,24.81,500,573,-3240,280
39,AEL,2020-10-26,0 days 15:59:50.222036,63131,24.9,24.81,500,673,82,-3240
40,AES,2020-10-26,0 days 15:59:43.225072,405589,20.62,20.61,9898,8184,564,-2443
41,AES,2020-10-26,0 days 15:59:48.226783,400412,20.62,20.61,7585,10422,-5177,2066
42,AFL,2020-10-26,0 days 15:55:00.222947,224679,36.68,36.67,1207,2076,-323,24102
43,AFL,2020-10-26,0 days 15:55:01.223010,224402,36.68,36.67,1150,1976,276,-323
44,AFL,2020-10-26,0 days 15:55:06.222769,224678,36.7,36.69,400,2218,-9,275
45,AFL,2020-10-26,0 days 15:55:07.223481,224487,36.71,36.7,2840,124,191,-9
46,AFL,2020-10-26,0 days 15:55:17.223863,224698,36.71,36.7,226,3454,-288,211
47,AFL,2020-10-26,0 days 15:55:18.224894,224286,36.72,36.71,900,3300,412,-288
48,AFL,2020-10-26,0 days 15:55:22.224709,224698,36.73,36.72,2620,300,-726,13
49,AFL,2020-10-26,0 days 15:55:39.224760,225333,36.74,36.73,1833,1643,502,-635
50,AFL,2020-10-26,0 days 15:56:04.225702,227945,36.72,36.71,2772,700,-4098,302
51,AFL,2020-10-26,0 days 15:56:46.226198,230361,36.71,36.7,2400,682,1286,-1814
52,AFL,2020-10-26,0 days 15:56:47.226878,230147,36.72,36.71,1032,2832,-214,1286
53,AFL,2020-10-26,0 days 15:57:38.226763,235993,36.75,36.74,510,3015,1354,-646
54,AFL,2020-10-26,0 days 15:57:39.226986,235947,36.76,36.75,1400,1200,-746,1354
55,AFL,2020-10-26,0 days 15:57:48.227638,238493,36.77,36.76,229,2164,252,-1248
56,AFL,2020-10-26,0 days 15:57:49.227461,237545,36.77,36.76,229,2605,-948,252
57,AFL,2020-10-26,0 days 15:57:55.228303,240597,36.77,36.76,2267,1191,848,-1550
58,AFL,2020-10-26,0 days 15:57:56.227703,239447,36.77,36.76,1917,808,-1150,848
59,AFL,2020-10-26,0 days 15:58:19.231783,242039,36.78,36.77,846,1600,790,-1210
60,AFL,2020-10-26,0 days 15:58:20.229984,240629,36.78,36.77,914,2145,-1610,790
61,AFL,2020-10-26,0 days 15:59:08.235142,244518,36.79,36.78,1900,2300,2737,-1593
62,AFL,2020-10-26,0 days 15:59:22.232760,288955,36.82,36.81,363,2171,-2193,3794
63,AFL,2020-10-26,0 days 15:59:23.232510,287248,36.82,36.81,1763,298,1707,-2193
64,AFL,2020-10-26,0 days 15:59:28.232205,290955,36.78,36.77,630,1917,-3064,5644
65,AFL,2020-10-26,0 days 15:59:39.233064,294319,36.79,36.78,500,2794,3092,-635
66,AFL,2020-10-26,0 days 15:59:43.233438,296511,36.78,36.77,200,2462,-1273,2092
67,AG,2020-10-26,0 days 15:56:57.221089,48739,10.61,10.6,3422,24640,-1856,44
68,AG,2020-10-26,0 days 15:56:58.221906,46995,10.61,10.6,3322,23660,1744,-1856
69,AGI,2020-10-26,0 days 15:59:36.116951,42034,8.63,8.62,10356,53045,5288,-6312
70,AGI,2020-10-26,0 days 15:59:37.116446,41622,8.63,8.62,9051,53045,-412,5288
71,AGI,2020-10-26,0 days 15:59:46.118047,42034,8.63,8.62,5046,63472,488,-112
72,AGI,2020-10-26,0 days 15:59:47.117952,41722,8.63,8.62,7160,43572,-312,488
73,AIG,2020-10-26,0 days 15:55:00.219962,318721,31.23,31.22,739,1921,53,-10597
74,AIG,2020-10-26,0 days 15:56:03.223256,324814,31.25,31.24,613,2902,-69,731
75,AIG,2020-10-26,0 days 15:59:02.225200,385609,31.32,31.31,1300,1015,1520,-6263
76,AIG,2020-10-26,0 days 15:59:08.228765,379544,31.32,31.31,1623,2100,-4555,2745
77,AIG,2020-10-26,0 days 15:59:11.227322,385650,31.32,31.31,2281,2249,2533,-4220
78,AIG,2020-10-26,0 days 15:59:12.227011,381583,31.32,31.31,2452,949,-2367,2533
79,AIG,2020-10-26,0 days 15:59:20.225092,385220,31.3,31.29,400,2372,1044,-2237
80,AIG,2020-10-26,0 days 15:59:22.224375,392364,31.3,31.29,2588,1977,-3162,1044
81,AIG,2020-10-26,0 days 15:59:36.224519,427039,31.28,31.27,2383,2690,2181,-9237
82,ALLY,2020-10-26,0 days 15:57:15.284090,158735,28.43,28.42,1312,4524,-6297,4249
83,ALLY,2020-10-26,0 days 15:57:16.283758,154332,28.42,28.41,1000,4934,4403,-6297
84,ALLY,2020-10-26,0 days 15:57:37.284485,158569,28.45,28.44,200,4471,166,-97
85,ALLY,2020-10-26,0 days 15:58:05.285485,152632,28.45,28.44,4027,1207,1555,-245
86,ALLY,2020-10-26,0 days 15:59:10.288962,183659,28.47,28.46,900,4813,-513,2787
87,ALLY,2020-10-26,0 days 15:59:11.289587,184172,28.47,28.46,300,4813,39728,-513
88,ALLY,2020-10-26,0 days 15:59:12.289271,223900,28.48,28.46,2400,5434,-4572,39728
89,ALLY,2020-10-26,0 days 15:59:13.289751,222972,28.48,28.46,2400,5534,928,-4572
90,ALLY,2020-10-26,0 days 15:59:28.284476,223900,28.47,28.46,390,6335,-339,3234
91,ALLY,2020-10-26,0 days 15:59:31.285210,219839,28.47,28.46,600,4800,4061,-4139
92,ALLY,2020-10-26,0 days 15:59:36.285175,223900,28.48,28.47,3228,2105,-1767,4061
93,ALLY,2020-10-26,0 days 15:59:44.283981,223190,28.48,28.47,2648,3513,910,-2790
94,ALLY,2020-10-26,0 days 15:59:45.285510,224100,28.48,28.47,2377,3423,-5100,910
95,AM,2020-10-26,0 days 15:55:02.225542,71998,6.47,6.46,2388,13349,8023,-1377
96,AM,2020-10-26,0 days 15:55:03.225499,69021,6.47,6.46,1888,14949,-2977,8023
97,AM,2020-10-26,0 days 15:57:28.230982,85487,6.47,6.46,8196,8240,163,-1337
98,AM,2020-10-26,0 days 15:57:29.230236,84250,6.47,6.46,6213,8640,-837,163
99,AMC,2020-10-26,0 days 15:55:00.249566,47499,2.74,2.73,2405,9655,1758,-675
100,AMC,2020-10-26,0 days 15:59:01.259569,55687,2.76,2.75,42200,6520,4557,-9198
101,AR,2020-10-26,0 days 15:59:08.228359,568022,3.73,3.72,47157,36700,20905,-34294
102,AR,2020-10-26,0 days 15:59:09.226602,549427,3.73,3.72,49757,25900,-18595,20905
103,ATUS,2020-10-26,0 days 15:56:59.283513,230903,27.13,27.11,2301,6069,844,-618
104,ATUS,2020-10-26,0 days 15:57:00.284221,228047,27.12,27.11,100,7045,-2856,844
105,ATUS,2020-10-26,0 days 15:58:08.285659,242178,27.15,27.14,4574,1133,2204,-7841
106,ATUS,2020-10-26,0 days 15:58:09.285651,238482,27.15,27.14,3029,1920,-3696,2204
107,ATUS,2020-10-26,0 days 15:59:18.286742,270542,27.12,27.11,4284,700,-4781,2419
108,ATUS,2020-10-26,0 days 15:59:32.284880,275376,27.12,27.11,5762,1100,2412,-520
109,ATUS,2020-10-26,0 days 15:59:33.284455,271088,27.12,27.11,4562,2800,-4288,2412
110,AU,2020-10-26,0 days 15:57:37.220589,51018,24.5,24.49,4976,2234,-192,294
111,AU,2020-10-26,0 days 15:57:38.220545,48610,24.5,24.49,4646,2434,2408,-192
112,AU,2020-10-26,0 days 15:59:01.228710,52500,24.49,24.48,1410,2422,-1046,2141
113,AU,2020-10-26,0 days 15:59:02.225069,50646,24.49,24.48,1810,2022,49,-1046
114,AU,2020-10-26,0 days 15:59:46.226165,55728,24.47,24.46,3102,1990,-2707,511
115,AU,2020-10-26,0 days 15:59:47.225741,53449,24.46,24.45,3300,1700,2279,-2707
116,AUY,2020-10-26,0 days 15:59:36.228040,51650,5.68,5.67,382047,58074,11155,-13645
117,AUY,2020-10-26,0 days 15:59:37.227412,51005,5.68,5.67,381223,57474,-345,11155
118,AUY,2020-10-26,0 days 15:59:46.229490,51650,5.68,5.67,375122,50814,955,-345
119,AUY,2020-10-26,0 days 15:59:47.228334,51105,5.68,5.67,375122,52014,-1045,955
120,AVTR,2020-10-26,0 days 15:55:00.243483,263630,24.7,24.69,3350,1277,-47412,138798
121,AVTR,2020-10-26,0 days 15:55:01.243880,261342,24.69,24.68,2316,1428,2288,-47412
122,AVTR,2020-10-26,0 days 15:55:48.245679,287757,24.73,24.72,397,3111,-1258,2576
123,AVTR,2020-10-26,0 days 15:55:49.245700,283815,24.73,24.72,597,2911,3942,-1258
124,AVTR,2020-10-26,0 days 15:56:02.245842,267651,24.73,24.72,1795,2280,-16164,3742
125,AVTR,2020-10-26,0 days 15:56:03.245711,265615,24.71,24.7,2984,100,2036,-16164
126,AVTR,2020-10-26,0 days 15:56:05.246356,267651,24.72,24.71,1606,346,-3664,2036
127,AVTR,2020-10-26,0 days 15:56:06.245634,266315,24.72,24.71,606,3246,1336,-3664
128,AVTR,2020-10-26,0 days 15:57:35.249604,287744,24.75,24.74,200,1686,-4358,142
129,AVTR,2020-10-26,0 days 15:57:36.248650,285502,24.75,24.74,200,1686,2242,-4358
130,AVTR,2020-10-26,0 days 15:57:41.249848,287744,24.77,24.76,500,2094,-458,42
131,AVTR,2020-10-26,0 days 15:57:42.249733,286402,24.77,24.76,300,3694,1342,-458
132,AVTR,2020-10-26,0 days 15:58:11.251870,287130,24.75,24.74,1308,400,-28,2972
133,AVTR,2020-10-26,0 days 15:58:12.251049,284858,24.74,24.73,1680,864,2272,-28
134,AVTR,2020-10-26,0 days 15:59:11.255032,289441,24.73,24.72,800,1077,-7456,2014
135,AVTR,2020-10-26,0 days 15:59:12.254378,288758,24.73,24.72,1800,2077,683,-7456
136,AXL,2020-10-26,0 days 15:55:00.216258,77681,7.15,7.14,4705,5159,-2778,10100
137,AXL,2020-10-26,0 days 15:56:57.220145,88296,7.18,7.17,7968,7132,238,-1562
138,AXL,2020-10-26,0 days 15:57:23.221469,88534,7.18,7.17,6993,8776,-262,38
139,AXL,2020-10-26,0 days 15:59:10.227748,92241,7.2,7.19,6346,9719,270,-2625
140,AXL,2020-10-26,0 days 15:59:33.228011,91468,7.2,7.19,769,17324,-473,70
141,AXP,2020-10-26,0 days 15:55:00.095984,259514,96.58,96.57,200,219,-3453,16760
142,AXP,2020-10-26,0 days 15:55:01.097280,258367,96.59,96.57,1414,400,1006,-3453
143,AXP,2020-10-26,0 days 15:55:23.099209,258620,96.75,96.74,100,200,-6,131
144,AXP,2020-10-26,0 days 15:56:25.099299,266690,96.8,96.78,525,406,-1207,401
145,AXP,2020-10-26,0 days 15:57:20.101462,298062,96.85,96.84,313,200,4,-3396
146,AXP,2020-10-26,0 days 15:57:24.101543,297974,96.86,96.85,213,300,-88,4
147,AXP,2020-10-26,0 days 15:59:07.106468,316825,96.96,96.94,400,500,24171,-3826
148,AXP,2020-10-26,0 days 15:59:08.108364,316406,97.0,96.97,100,700,-2289,24171
149,AXP,2020-10-26,0 days 15:59:11.107996,321101,97.01,96.99,213,429,1278,-1398
150,AXP,2020-10-26,0 days 15:59:14.107527,319194,96.99,96.96,200,100,-808,1609
151,AXP,2020-10-26,0 days 15:59:22.101872,325842,96.9,96.88,200,200,1734,-660
152,AXP,2020-10-26,0 days 15:59:26.101688,325842,96.88,96.87,400,200,173,-1366
153,AXP,2020-10-26,0 days 15:59:29.102990,324464,96.9,96.89,209,500,-1478,532
154,AXP,2020-10-26,0 days 15:59:43.102636,326975,96.87,96.85,418,400,-1159,5549
155,AXP,2020-10-26,0 days 15:59:46.103015,326074,96.82,96.79,100,1100,2551,-959
156,AXP,2020-10-26,0 days 15:59:47.102453,324933,96.87,96.83,505,300,-3241,2551
157,AXTA,2020-10-26,0 days 15:55:00.226679,47101,26.14,26.13,1130,1154,89,-15430
158,AXTA,2020-10-26,0 days 15:56:11.229079,48345,26.19,26.18,1437,600,327,-51
159,AXTA,2020-10-26,0 days 15:56:59.229779,55572,26.2,26.19,700,2546,-1132,582
160,AXTA,2020-10-26,0 days 15:57:00.230810,55004,26.2,26.19,1345,2346,568,-1132
161,AXTA,2020-10-26,0 days 15:58:10.233041,56072,26.18,26.17,1656,2753,-668,444
162,AXTA,2020-10-26,0 days 15:58:13.232523,56072,26.18,26.17,1956,2653,-2760,232
163,AXTA,2020-10-26,0 days 15:58:43.232951,60944,26.19,26.18,1323,2202,483,-1817
164,AXTA,2020-10-26,0 days 15:59:01.236418,58167,26.19,26.18,3796,1000,224,-235
165,AXTA,2020-10-26,0 days 15:59:38.219312,59806,26.19,26.18,1294,2227,29,-71
166,BA,2020-10-26,0 days 15:57:07.284522,328945,160.65,160.63,530,900,18852,-3548
167,BA,2020-10-26,0 days 15:57:09.283596,325776,160.69,160.67,1110,240,-3169,5131
168,BA,2020-10-26,0 days 15:59:39.283858,415169,160.87,160.84,200,400,6949,-22573
169,BA,2020-10-26,0 days 15:59:45.285453,415269,160.89,160.85,300,1000,10655,-18767
170,BABA,2020-10-26,0 days 15:55:00.104326,469096,306.41,306.33,200,100,22208,-17974
171,BABA,2020-10-26,0 days 15:55:39.107486,475638,306.74,306.65,100,200,-5258,5815
172,BABA,2020-10-26,0 days 15:55:40.106818,473096,306.74,306.63,345,100,2542,-5258
173,BABA,2020-10-26,0 days 15:55:42.107546,486238,306.7,306.63,100,100,-5322,2542
174,BABA,2020-10-26,0 days 15:55:53.107940,491586,306.67,306.56,200,100,14600,-1400
175,BABA,2020-10-26,0 days 15:55:55.107107,475790,306.68,306.61,400,100,-15996,100
176,BABA,2020-10-26,0 days 15:56:00.108824,491586,306.69,306.67,100,489,1004,-1500
177,BABA,2020-10-26,0 days 15:56:01.110130,489990,306.69,306.54,200,200,-1596,1004
178,BABA,2020-10-26,0 days 15:56:09.107405,492186,306.63,306.56,100,141,-327,100
179,BABA,2020-10-26,0 days 15:56:21.107824,492386,306.62,306.57,100,100,-127,11473
180,BABA,2020-10-26,0 days 15:56:28.108002,492513,306.63,306.59,101,100,14373,-16127
181,BABA,2020-10-26,0 days 15:56:29.108082,492386,306.63,306.58,301,100,-127,14373
182,BABA,2020-10-26,0 days 15:57:28.109501,492642,306.84,306.78,188,100,683,-1778
183,BABA,2020-10-26,0 days 15:57:29.109661,491533,306.84,306.79,361,100,-1109,683
184,BABA,2020-10-26,0 days 15:57:34.110149,492642,306.84,306.8,100,100,183,-909
185,BABA,2020-10-26,0 days 15:57:35.110931,491825,306.87,306.8,132,200,-817,183
186,BABA,2020-10-26,0 days 15:57:39.111009,492642,306.86,306.8,200,202,983,-7917
187,BABA,2020-10-26,0 days 15:57:40.111210,492025,306.86,306.8,558,273,-617,983
188,BABA,2020-10-26,0 days 15:57:41.110297,492642,306.86,306.81,867,110,383,-617
189,BABA,2020-10-26,0 days 15:57:44.110455,490133,306.84,306.8,100,180,-2509,83
190,BABA,2020-10-26,0 days 15:57:50.111047,492642,306.86,306.8,476,200,83,-1709
191,BABA,2020-10-26,0 days 15:57:56.111365,492642,306.81,306.75,461,100,4022,-2678
192,BABA,2020-10-26,0 days 15:58:01.112786,492464,306.81,306.73,243,200,-124,22
193,BABA,2020-10-26,0 days 15:58:03.112096,492588,306.79,306.73,133,500,1576,-1624
194,BABA,2020-10-26,0 days 15:58:04.112382,492264,306.78,306.73,100,600,-324,1576
195,BABA,2020-10-26,0 days 15:58:05.111801,492588,306.78,306.74,100,100,1376,-324
196,BABA,2020-10-26,0 days 15:58:06.112150,492464,306.79,306.74,133,100,-124,1376
197,BABA,2020-10-26,0 days 15:58:07.112234,492588,306.77,306.73,100,500,2476,-124
198,BABA,2020-10-26,0 days 15:58:08.112528,492464,306.79,306.74,133,100,-124,2476
199,BABA,2020-10-26,0 days 15:58:19.112674,492588,306.81,306.76,500,100,6,-125
200,BABA,2020-10-26,0 days 15:58:27.113656,492989,306.82,306.76,104,201,352,-856
201,BABA,2020-10-26,0 days 15:58:36.113729,492989,306.8,306.75,148,200,1883,-163
202,BABA,2020-10-26,0 days 15:58:37.113264,493972,306.77,306.73,100,301,-1317,1883
203,BABA,2020-10-26,0 days 15:58:38.113185,493789,306.77,306.74,146,115,183,-1317
204,BABA,2020-10-26,0 days 15:58:48.114000,492833,306.85,306.81,100,200,-556,52
205,BABA,2020-10-26,0 days 15:58:56.114729,490875,306.98,306.91,100,150,6827,-1023
206,BABA,2020-10-26,0 days 15:58:57.114431,490732,306.98,306.92,100,350,-143,6827
207,BABA,2020-10-26,0 days 15:58:58.114253,490875,306.98,306.92,100,350,321,-143
208,BABA,2020-10-26,0 days 15:58:59.116034,490726,306.98,306.92,200,250,-149,321
209,BABA,2020-10-26,0 days 15:59:01.118199,490875,306.98,306.75,100,200,2587,-149
210,BABA,2020-10-26,0 days 15:59:05.115799,493533,306.88,306.73,100,200,-242,366
211,BABA,2020-10-26,0 days 15:59:06.115499,493275,306.86,306.8,100,100,258,-242
212,BABA,2020-10-26,0 days 15:59:07.115109,492598,306.91,306.83,200,100,-677,258
213,BABA,2020-10-26,0 days 15:59:08.117653,492375,306.91,306.83,200,200,223,-677
214,BABA,2020-10-26,0 days 15:59:11.117518,492598,306.93,306.83,100,100,-1038,223
215,BABA,2020-10-26,0 days 15:59:12.116448,493436,306.86,306.8,200,100,797,-1038
216,BABA,2020-10-26,0 days 15:59:13.115573,492598,306.88,306.82,100,200,-838,797
217,BABA,2020-10-26,0 days 15:59:14.115992,493436,306.85,306.8,100,200,1405,-838
218,BABA,2020-10-26,0 days 15:59:19.116362,494472,306.77,306.73,384,104,-182,218
219,BABA,2020-10-26,0 days 15:59:47.117526,511356,306.92,306.82,547,400,1666,-5500
220,BABA,2020-10-26,0 days 15:59:48.123619,507656,306.98,306.89,160,850,-3700,1666
221,BAC,2020-10-26,0 days 15:57:38.233186,2792777,24.54,24.53,5167,71087,-2920,10580
222,BAC,2020-10-26,0 days 15:57:39.233473,2791497,24.54,24.53,3765,74087,1280,-2920
223,BAC,2020-10-26,0 days 15:57:57.233565,2792777,24.55,24.54,46685,25801,-3670,32214
224,BAC,2020-10-26,0 days 15:58:07.232318,2797747,24.54,24.53,18495,95850,4464,-4970
225,BAC,2020-10-26,0 days 15:58:14.232677,2802841,24.55,24.54,74997,44861,-2211,4164
226,BAC,2020-10-26,0 days 15:59:02.234002,2838977,24.55,24.54,122428,5700,-1914,20420
227,BAC,2020-10-26,0 days 15:59:26.219309,2955370,24.54,24.53,70714,46226,-8960,7840
228,BAC,2020-10-26,0 days 15:59:40.220662,3026664,24.53,24.52,75675,45150,59967,-191
229,BAC,2020-10-26,0 days 15:59:41.220614,3007186,24.54,24.53,18497,94497,-19478,59967
230,BAC,2020-10-26,0 days 15:59:47.220044,3019681,24.53,24.52,33541,53100,-15434,61117
231,BB,2020-10-26,0 days 15:59:36.246385,51279,4.88,4.87,26800,134027,-4540,7560
232,BBVA,2020-10-26,0 days 15:59:36.246578,34527,2.89,2.88,116391,299335,3308,-6892
233,BCS,2020-10-26,0 days 15:59:36.102246,72015,5.75,5.74,120951,85350,4217,-5083
234,BCS,2020-10-26,0 days 15:59:37.101859,71732,5.75,5.74,111444,85350,-283,4217
235,BCS,2020-10-26,0 days 15:59:46.103015,72015,5.75,5.74,107744,82058,2417,-283
236,BCS,2020-10-26,0 days 15:59:47.102417,71832,5.75,5.74,107744,82058,-183,2417
237,BE,2020-10-26,0 days 15:57:38.110470,41260,15.68,15.67,575,696,132,-168
238,BE,2020-10-26,0 days 15:57:46.111743,41392,15.68,15.67,327,696,-668,132
239,BE,2020-10-26,0 days 15:57:47.111041,41260,15.68,15.67,427,696,132,-668
240,BEN,2020-10-26,0 days 15:55:34.284113,218735,22.83,22.82,300,3916,-3119,837
241,BEN,2020-10-26,0 days 15:55:35.284642,217354,22.83,22.82,296,4070,1381,-3119
242,BEN,2020-10-26,0 days 15:55:38.284037,219335,22.83,22.82,1138,4956,-833,1381
243,BEN,2020-10-26,0 days 15:55:39.283975,218168,22.83,22.82,600,4856,1167,-833
244,BEN,2020-10-26,0 days 15:56:11.282472,234241,22.84,22.83,2314,6630,-7157,1084
245,BEN,2020-10-26,0 days 15:56:12.282927,232798,22.84,22.83,2517,6463,1443,-7157
246,BEN,2020-10-26,0 days 15:57:35.284668,235048,22.81,22.8,5018,2318,-83,2217
247,BEN,2020-10-26,0 days 15:58:23.286368,249135,22.83,22.82,700,7259,1652,-648
248,BEN,2020-10-26,0 days 15:58:24.286296,248487,22.83,22.82,600,6759,-648,1652
249,BEN,2020-10-26,0 days 15:58:31.286592,253635,22.85,22.84,2880,2531,252,-6948
250,BEN,2020-10-26,0 days 15:58:32.288411,252687,22.85,22.84,2180,4431,-948,252
251,BEN,2020-10-26,0 days 15:59:47.284407,275627,22.86,22.85,561,7100,-661,5639
252,BEST,2020-10-26,0 days 15:56:13.246579,67603,2.95,2.94,2900,14196,-1386,5214
253,BEST,2020-10-26,0 days 15:56:14.246796,63089,2.95,2.94,2930,14296,4514,-1386
254,BEST,2020-10-26,0 days 15:57:02.248146,49289,2.97,2.96,4955,14250,3194,-10606
255,BEST,2020-10-26,0 days 15:59:44.245999,55889,2.97,2.96,13668,7000,1943,-11657
256,BHC,2020-10-26,0 days 15:59:46.118187,76198,17.85,17.84,12335,100,5296,-404
257,BHC,2020-10-26,0 days 15:59:47.118133,74494,17.85,17.83,12587,8700,-1404,5296
258,BHP,2020-10-26,0 days 15:57:01.284068,30161,50.32,50.31,3485,2625,47,-588
259,BHP,2020-10-26,0 days 15:57:02.284703,29908,50.32,50.31,2679,2925,-253,47
260,BHP,2020-10-26,0 days 15:59:09.288812,31851,50.34,50.33,2800,1300,3581,-226
261,BHP,2020-10-26,0 days 15:59:27.284310,35601,50.35,50.34,2515,1587,-645,150
262,BHP,2020-10-26,0 days 15:59:28.284405,35346,50.35,50.34,2515,1587,155,-645
263,BJ,2020-10-26,0 days 15:56:20.228926,85872,39.55,39.53,200,323,-148,23
264,BJ,2020-10-26,0 days 15:56:21.228534,84020,39.55,39.53,200,323,1852,-148
265,BJ,2020-10-26,0 days 15:58:55.233637,87021,39.54,39.52,200,460,-120,303
266,BJ,2020-10-26,0 days 15:58:56.233235,85741,39.54,39.52,200,103,1280,-120
267,BJ,2020-10-26,0 days 15:58:58.233486,87021,39.53,39.52,100,103,-515,1280
268,BJ,2020-10-26,0 days 15:58:59.233504,85836,39.53,39.52,200,103,1185,-515
269,BJ,2020-10-26,0 days 15:59:14.233383,93385,39.54,39.53,200,200,-5080,1249
270,BJ,2020-10-26,0 days 15:59:15.230151,92565,39.54,39.53,200,200,820,-5080
271,BJ,2020-10-26,0 days 15:59:35.219093,93012,39.53,39.51,400,200,373,-1727
272,BJ,2020-10-26,0 days 15:59:46.220164,93385,39.55,39.51,100,245,-1856,373
273,BJ,2020-10-26,0 days 15:59:47.219946,93241,39.55,39.51,100,212,144,-1856
274,BK,2020-10-26,0 days 15:59:28.116812,386029,36.75,36.74,2714,2877,4465,-3303
275,BK,2020-10-26,0 days 15:59:29.118185,381194,36.75,36.74,315,5577,-4835,4465
276,BK,2020-10-26,0 days 15:59:47.117745,381739,36.75,36.73,6778,8855,-2690,8010
277,BKD,2020-10-26,0 days 15:59:57.256081,519166,3.35,3.34,16546,11611,-17115,4817
278,BKR,2020-10-26,0 days 15:56:57.099833,361224,13.89,13.88,11299,1903,428,-1472
279,BKR,2020-10-26,0 days 15:56:58.099947,359952,13.89,13.88,11299,2203,-1272,428
280,BKR,2020-10-26,0 days 15:57:13.100877,361224,13.9,13.89,8000,4097,73,-1272
281,BKR,2020-10-26,0 days 15:57:23.101623,361297,13.9,13.89,9309,2995,-1827,73
282,BKR,2020-10-26,0 days 15:57:43.102082,363124,13.89,13.88,4212,11232,5135,-5165
283,BKR,2020-10-26,0 days 15:57:48.102079,370059,13.89,13.88,3835,11532,-1065,5135
284,BKR,2020-10-26,0 days 15:57:49.102482,369424,13.89,13.88,3935,11132,635,-1065
285,BKR,2020-10-26,0 days 15:57:51.102308,370059,13.89,13.88,4235,11132,-2675,635
286,BKR,2020-10-26,0 days 15:57:52.102531,367603,13.89,13.88,4035,11632,2456,-2675
287,BKR,2020-10-26,0 days 15:58:14.104457,369635,13.89,13.88,4035,11144,-1459,1687
288,BMY,2020-10-26,0 days 15:57:33.284771,541722,59.59,59.58,1501,2100,-1307,7616
289,BMY,2020-10-26,0 days 15:57:34.284611,539729,59.59,59.58,901,2550,1993,-1307
290,BMY,2020-10-26,0 days 15:57:44.284568,541722,59.59,59.58,3301,1790,-807,13893
291,BMY,2020-10-26,0 days 15:57:45.284730,537229,59.59,59.58,2291,2290,4493,-807
292,BMY,2020-10-26,0 days 15:57:52.285945,546622,59.6,59.59,3900,1618,-1622,9393
293,BMY,2020-10-26,0 days 15:57:53.285064,540844,59.6,59.59,4002,1892,5778,-1622
294,BMY,2020-10-26,0 days 15:58:48.287261,557712,59.65,59.63,1400,5600,-2189,2150
295,BMY,2020-10-26,0 days 15:59:19.287001,576354,59.67,59.66,1200,2200,-17207,4888
296,BMY,2020-10-26,0 days 15:59:20.287476,574761,59.67,59.66,2251,1402,1593,-17207
297,BMY,2020-10-26,0 days 15:59:41.284908,576792,59.62,59.61,3450,900,3246,-6454
298,BMY,2020-10-26,0 days 15:59:43.285528,581796,59.62,59.61,2614,200,-1398,346
299,BMY^,2020-10-26,0 days 15:55:00.216258,752,3.3,3.27,100,2200,4248,-752
300,BMY^,2020-10-26,0 days 15:58:09.224084,5200,3.3,3.28,100,12200,-3052,4248
301,BP,2020-10-26,0 days 15:55:00.216231,525410,15.78,15.77,25005,51880,8184,-339588
302,BP,2020-10-26,0 days 15:58:04.223860,589552,15.79,15.78,24590,52875,-13581,6619
303,BP,2020-10-26,0 days 15:58:05.223704,577233,15.79,15.78,25757,53382,12319,-13581
304,BP,2020-10-26,0 days 15:59:01.228223,593867,15.8,15.79,41334,30110,-151,329
305,BP,2020-10-26,0 days 15:59:05.227479,589030,15.79,15.78,30148,40296,5001,-44763
306,BRK.B,2020-10-26,0 days 15:55:00.243483,479656,208.23,208.15,100,120,-20725,15476
307,BRK.B,2020-10-26,0 days 15:59:55.248606,595876,208.54,208.38,1600,100,46329,-11788
308,BRK.B,2020-10-26,0 days 15:59:56.248872,536784,208.59,208.44,300,200,-64146,46329
309,BSX,2020-10-26,0 days 15:59:11.253447,526410,36.89,36.88,4567,1642,33453,-15413
310,BSX,2020-10-26,0 days 15:59:12.254128,516354,36.89,36.87,4767,4600,-8154,33453
311,BSX,2020-10-26,0 days 15:59:47.244850,532626,36.84,36.82,6200,9700,-23162,13456
312,BSX,2020-10-26,0 days 15:59:49.246057,557802,36.84,36.83,1293,7100,821,-7324
313,BSX,2020-10-26,0 days 15:59:50.248194,538923,36.84,36.83,3400,4232,-18993,821
314,BWA,2020-10-26,0 days 15:56:18.107882,310809,38.4,38.38,659,113,3,-297
315,BWA,2020-10-26,0 days 15:56:19.108382,310512,38.4,38.38,359,825,-297,3
316,BWA,2020-10-26,0 days 15:56:57.108656,310909,38.41,38.4,802,322,199,-146
317,BWA,2020-10-26,0 days 15:56:58.109251,310708,38.41,38.4,116,622,-101,199
318,BWA,2020-10-26,0 days 15:57:02.109541,314309,38.42,38.4,600,987,899,-101
319,BWA,2020-10-26,0 days 15:57:09.110023,316008,38.42,38.41,815,1026,-801,499
320,BWA,2020-10-26,0 days 15:57:40.111467,326909,38.42,38.41,252,988,1499,-201
321,BWA,2020-10-26,0 days 15:57:42.110895,325708,38.42,38.41,304,1505,-1101,599
322,BWA,2020-10-26,0 days 15:57:43.110938,326909,38.42,38.41,304,1505,399,-1101
323,BWA,2020-10-26,0 days 15:57:45.110850,326108,38.44,38.42,100,1995,-1101,399
324,BWA,2020-10-26,0 days 15:57:50.111212,327309,38.44,38.42,856,1298,3,-1097
325,BWA,2020-10-26,0 days 15:57:51.110905,326112,38.44,38.42,856,1298,-1097,3
326,BWA,2020-10-26,0 days 15:59:12.116740,335354,38.44,38.42,760,400,89,-4011
327,BX,2020-10-26,0 days 15:59:11.255381,297307,52.97,52.94,100,300,60630,-10402
328,BX,2020-10-26,0 days 15:59:12.255965,292870,52.97,52.95,200,200,-4837,60630
329,BX,2020-10-26,0 days 15:59:25.246742,355911,52.93,52.88,400,200,-8466,11644
330,BX,2020-10-26,0 days 15:59:26.245071,363677,52.9,52.87,800,100,5527,-8466
331,BX,2020-10-26,0 days 15:59:27.245292,361204,52.9,52.87,400,100,-2473,5527
332,BX,2020-10-26,0 days 15:59:28.244897,358474,52.9,52.87,268,100,4094,-2473
333,BX,2020-10-26,0 days 15:59:29.245237,356468,52.91,52.88,300,691,-1406,4094
334,BX,2020-10-26,0 days 15:59:44.246049,362069,52.91,52.88,750,300,62,-538
335,BX,2020-10-26,0 days 15:59:45.248334,361183,52.92,52.89,200,100,-1186,62
336,BX,2020-10-26,0 days 15:59:46.247470,362269,52.91,52.87,300,400,505,-1186
337,BX,2020-10-26,0 days 15:59:47.246764,363046,52.91,52.87,962,400,-10001,505
338,C,2020-10-26,0 days 15:59:25.219225,1612342,43.27,43.26,10988,200,-220431,40075
339,C,2020-10-26,0 days 15:59:47.219799,1839556,43.26,43.25,8065,1225,-11535,43433
340,C,2020-10-26,0 days 15:59:51.221046,1876127,43.25,43.24,7236,4350,29598,-10084
341,CAG,2020-10-26,0 days 15:55:17.106764,211345,37.47,37.46,297,3552,-549,142
342,CAG,2020-10-26,0 days 15:55:18.107465,209094,37.47,37.46,300,3007,2251,-549
343,CAG,2020-10-26,0 days 15:55:37.107405,211825,37.5,37.49,1614,2600,-706,741
344,CAG,2020-10-26,0 days 15:55:38.107741,210956,37.5,37.49,2522,1638,869,-706
345,CAG,2020-10-26,0 days 15:55:51.107669,213696,37.5,37.49,805,4298,-956,2244
346,CAG,2020-10-26,0 days 15:55:52.107533,212677,37.5,37.49,805,4098,1019,-956
347,CAG,2020-10-26,0 days 15:56:57.108691,215798,37.49,37.48,3530,404,-1751,215
348,CAG,2020-10-26,0 days 15:56:58.109291,214049,37.49,37.48,3230,504,1748,-1751
349,CAG,2020-10-26,0 days 15:57:31.111420,216070,37.49,37.48,605,2478,-319,1709
350,CAG,2020-10-26,0 days 15:57:32.110846,214289,37.49,37.48,1105,2178,1509,-319
351,CAG,2020-10-26,0 days 15:58:27.113868,216209,37.52,37.51,100,2459,-5149,1251
352,CAG,2020-10-26,0 days 15:58:28.114342,213858,37.52,37.51,2900,400,4386,-5149
353,CAG,2020-10-26,0 days 15:58:30.114059,218244,37.52,37.51,3500,200,-1814,4386
354,CAG,2020-10-26,0 days 15:58:31.114143,217158,37.52,37.51,3605,100,1086,-1814
355,CAG,2020-10-26,0 days 15:58:58.114877,218244,37.53,37.51,3800,3100,-540,927
356,CAG,2020-10-26,0 days 15:58:59.116318,217284,37.53,37.52,3600,124,960,-540
357,CAG,2020-10-26,0 days 15:59:26.116686,251297,37.53,37.52,3621,1337,-527,1309
358,CAG,2020-10-26,0 days 15:59:32.116855,250381,37.52,37.51,1400,2331,916,-288
359,CARR,2020-10-26,0 days 15:56:27.247176,423048,33.57,33.56,1000,200,35908,-100791
360,CARR,2020-10-26,0 days 15:56:28.246692,419957,33.58,33.56,800,200,-2791,35908
361,CARR,2020-10-26,0 days 15:57:34.249531,436091,33.63,33.61,900,1100,5025,-10375
362,CARR,2020-10-26,0 days 15:57:35.249783,431616,33.63,33.61,600,900,-2432,5025
363,CARR,2020-10-26,0 days 15:58:31.252645,451541,33.66,33.65,480,600,45676,-90524
364,CARR,2020-10-26,0 days 15:59:18.245384,391639,33.71,33.68,1100,657,-74012,13624
365,CARR,2020-10-26,0 days 15:59:21.245236,465151,33.7,33.68,200,100,32949,-65851
366,CARR,2020-10-26,0 days 15:59:22.245298,462199,33.7,33.68,600,400,-4952,32949
367,CARR,2020-10-26,0 days 15:59:26.245043,465502,33.7,33.67,200,205,11972,-5654
368,CARR,2020-10-26,0 days 15:59:27.245292,464473,33.69,33.67,274,1705,-1529,11972
369,CARR,2020-10-26,0 days 15:59:31.245879,467502,33.71,33.69,1200,110,9497,-703
370,CAT,2020-10-26,0 days 15:55:19.245042,198849,162.95,162.91,200,300,-117,536
371,CAT,2020-10-26,0 days 15:55:25.245608,197366,162.96,162.9,300,383,1420,-980
372,CAT,2020-10-26,0 days 15:55:37.246644,198860,163.03,162.98,200,300,-54,941
373,CAT,2020-10-26,0 days 15:55:38.246216,197514,163.0,162.96,600,200,1346,-54
374,CAT,2020-10-26,0 days 15:57:07.247911,204236,163.02,162.97,112,100,-1043,457
375,CAT,2020-10-26,0 days 15:57:08.247521,203779,163.01,162.98,307,200,394,-1043
376,CAT,2020-10-26,0 days 15:57:26.248986,203147,163.06,163.04,200,400,-490,1073
377,CAT,2020-10-26,0 days 15:57:27.250072,202837,163.1,163.05,305,100,246,-490
378,CAT,2020-10-26,0 days 15:57:35.249765,208221,163.14,163.08,100,300,-416,646
379,CAT,2020-10-26,0 days 15:57:36.249668,207537,163.14,163.08,300,300,4621,-416
380,CAT,2020-10-26,0 days 15:57:48.250330,218321,163.12,163.09,600,100,-116,1946
381,CAT,2020-10-26,0 days 15:58:29.253115,214461,163.14,163.09,600,200,4461,-3439
382,CAT,2020-10-26,0 days 15:58:48.252985,212060,163.2,163.14,100,100,-5301,1561
383,CAT,2020-10-26,0 days 15:58:49.252980,210961,163.2,163.16,100,300,1037,-5301
384,CAT,2020-10-26,0 days 15:58:53.253608,211998,163.2,163.16,200,410,-883,691
385,CAT,2020-10-26,0 days 15:58:54.253639,211081,163.2,163.17,200,300,854,-883
386,CAT,2020-10-26,0 days 15:59:00.258006,212498,163.2,163.17,100,200,-10260,1068
387,CAT,2020-10-26,0 days 15:59:01.255447,211158,163.19,163.13,100,100,1340,-10260
388,CAT,2020-10-26,0 days 15:59:12.255942,224715,163.08,163.02,301,100,-1108,1238
389,CAT,2020-10-26,0 days 15:59:13.256033,224623,163.07,163.02,400,100,28,-1108
390,CAT,2020-10-26,0 days 15:59:14.254484,222326,163.13,163.02,300,200,-3497,28
391,CAT,2020-10-26,0 days 15:59:15.254264,224623,163.06,163.02,400,100,92,-3497
392,CAT,2020-10-26,0 days 15:59:35.246209,227140,163.01,162.98,755,400,-499,301
393,CAT,2020-10-26,0 days 15:59:46.247298,231429,163.13,163.03,324,701,6122,-13429
394,CAT,2020-10-26,0 days 15:59:47.246724,231114,163.12,163.03,400,401,-476,6122
395,CAT,2020-10-26,0 days 15:59:49.247947,231753,163.12,163.03,300,301,2934,-4191
396,CAT,2020-10-26,0 days 15:59:50.250510,230687,163.12,163.03,400,401,-1066,2934
397,CCX,2020-10-26,0 days 15:58:51.230975,514,10.04,10.03,6134,2114,-90,10
398,CDE,2020-10-26,0 days 15:56:15.221728,97569,7.67,7.66,9773,5965,15810,-21690
399,CDE,2020-10-26,0 days 15:56:16.221115,95579,7.67,7.66,9838,6191,-1990,15810
400,CDE,2020-10-26,0 days 15:59:40.225651,107303,7.66,7.65,12046,5966,312,-1988
401,CDE,2020-10-26,0 days 15:59:47.225782,105727,7.66,7.65,20529,1399,-176,5924
402,CFG,2020-10-26,0 days 15:59:06.260684,409354,28.4,28.39,5678,885,19233,-5229
403,CFG,2020-10-26,0 days 15:59:07.259571,405771,28.4,28.39,4973,2835,-783,19233
404,CFG,2020-10-26,0 days 15:59:43.252608,493122,28.36,28.35,7199,1255,1342,-91
405,CFG,2020-10-26,0 days 15:59:56.255339,481047,28.37,28.36,685,3700,-12075,85125
406,CGC,2020-10-26,0 days 15:55:00.226068,22740,18.52,18.5,1925,2629,291,-4657
407,CGC,2020-10-26,0 days 15:56:57.229639,23509,18.53,18.52,299,4543,-1373,527
408,CGC,2020-10-26,0 days 15:56:58.229694,23282,18.53,18.52,399,5343,227,-1373
409,CGC,2020-10-26,0 days 15:57:21.229846,23509,18.58,18.56,3300,301,-1242,458
410,CGC,2020-10-26,0 days 15:58:09.231938,23509,18.56,18.55,700,1100,-1265,219
411,CGC,2020-10-26,0 days 15:59:08.235714,25288,18.55,18.53,557,4600,-390,86
412,CGC,2020-10-26,0 days 15:59:46.220010,25697,18.54,18.53,263,1000,832,-209
413,CGC,2020-10-26,0 days 15:59:47.219836,25629,18.54,18.53,163,1100,-68,832
414,CHWY,2020-10-26,0 days 15:50:01.220361,12472,63.28,63.07,102,335,1274,-426
415,CHWY,2020-10-26,0 days 15:50:24.218633,13746,63.2,63.15,101,100,-426,1274
416,CHWY,2020-10-26,0 days 15:50:41.219018,12472,63.17,63.13,103,200,1274,-426
417,CHWY,2020-10-26,0 days 15:50:50.218312,13746,63.21,63.15,100,200,-426,1274
418,CHWY,2020-10-26,0 days 15:55:00.227242,16232,63.29,63.24,354,474,200,-426
419,CHWY,2020-10-26,0 days 15:55:04.226733,16432,63.44,63.26,1200,453,-104,200
420,CHWY,2020-10-26,0 days 15:55:05.226137,16236,63.44,63.31,1200,409,196,-104
421,CHWY,2020-10-26,0 days 15:55:27.228384,16463,63.42,63.38,100,343,-503,103
422,CHWY,2020-10-26,0 days 15:55:28.229059,16266,63.42,63.38,100,344,197,-503
423,CHWY,2020-10-26,0 days 15:56:25.232491,16814,63.44,63.37,200,200,-277,123
424,CHWY,2020-10-26,0 days 15:59:17.218862,24559,63.54,63.49,100,300,3149,-1091
425,CHWY,2020-10-26,0 days 15:59:18.218642,24608,63.59,63.49,700,200,-51,3149
426,CHWY,2020-10-26,0 days 15:59:47.220096,24904,63.65,63.49,700,200,-3,497
427,CIM,2020-10-26,0 days 15:59:03.253981,82463,8.7,8.69,18387,6674,1497,-1503
428,CIM,2020-10-26,0 days 15:59:09.254725,83960,8.7,8.69,16687,11344,-2103,1497
429,CIM,2020-10-26,0 days 15:59:10.254937,82763,8.7,8.69,16326,12644,1197,-2103
430,CIM,2020-10-26,0 days 15:59:17.245135,83960,8.7,8.69,16526,10044,-2897,1197
431,CIM,2020-10-26,0 days 15:59:18.245227,83057,8.7,8.69,16526,10044,903,-2897
432,CIM,2020-10-26,0 days 15:59:19.245752,83960,8.7,8.69,16526,12517,-10521,903
433,CIT,2020-10-26,0 days 15:59:40.225531,286350,30.43,30.39,1300,300,7724,-18955
434,CIT,2020-10-26,0 days 15:59:41.226161,283074,30.46,30.4,300,1800,-4076,7724
435,CL,2020-10-26,0 days 15:59:25.223902,885728,78.71,78.7,2394,240,-36460,231081
436,CL,2020-10-26,0 days 15:59:27.224586,895625,78.68,78.66,100,719,403,-3897
437,CL,2020-10-26,0 days 15:59:36.224361,900326,78.68,78.66,200,408,-10619,2974
438,CL,2020-10-26,0 days 15:59:41.226161,907749,78.65,78.63,300,294,1251,-1288
439,CL,2020-10-26,0 days 15:59:47.225583,926638,78.63,78.61,400,300,-34484,4138
440,CLDR,2020-10-26,0 days 15:55:00.218817,76040,9.79,9.78,4390,6072,-2851,2170
441,CLDR,2020-10-26,0 days 15:55:01.219260,72691,9.79,9.78,4690,7795,3349,-2851
442,CLDR,2020-10-26,0 days 15:56:57.221089,77225,9.79,9.78,10200,1735,-1366,534
443,CLDR,2020-10-26,0 days 15:56:58.221875,74691,9.79,9.78,10200,1735,2534,-1366
444,CLDR,2020-10-26,0 days 15:57:17.219617,79225,9.78,9.77,3602,5776,-1266,2534
445,CLDR,2020-10-26,0 days 15:57:18.219543,78691,9.78,9.77,3602,5776,534,-1266
446,CLDR,2020-10-26,0 days 15:58:06.222168,80423,9.78,9.77,8799,2754,-2898,4902
447,CLDR,2020-10-26,0 days 15:58:07.222301,79821,9.78,9.77,9899,2774,202,-2898
448,CLDR,2020-10-26,0 days 15:58:17.222789,80816,9.78,9.77,9218,2613,-5,595
449,CLDR,2020-10-26,0 days 15:58:18.222705,80121,9.78,9.77,9218,2502,295,-5
450,CLDR,2020-10-26,0 days 15:59:01.228591,80816,9.78,9.77,5103,7221,-2684,4116
451,CLDR,2020-10-26,0 days 15:59:02.224899,80400,9.78,9.77,5303,6502,328,-2684
452,CLDR,2020-10-26,0 days 15:59:04.224759,79128,9.78,9.77,7602,3010,-1272,328
453,CLF,2020-10-26,0 days 15:55:00.217463,229645,8.55,8.54,14556,18740,-28612,56101
454,CLF,2020-10-26,0 days 15:55:28.218383,258441,8.55,8.54,11500,16000,21104,-28896
455,CLF,2020-10-26,0 days 15:55:29.218342,256145,8.55,8.54,11500,16000,-2296,21104
456,CLF,2020-10-26,0 days 15:55:44.218702,271173,8.55,8.54,8017,19000,2067,-9827
457,CLF,2020-10-26,0 days 15:56:02.220572,251834,8.55,8.54,20332,11405,-16075,1231
458,CLF,2020-10-26,0 days 15:56:59.220876,261479,8.53,8.52,12544,14337,-2040,1960
459,CLF,2020-10-26,0 days 15:57:13.221257,270584,8.53,8.52,8273,15897,9301,-2505
460,CLF,2020-10-26,0 days 15:57:51.222750,267385,8.53,8.52,4672,21542,-912,6188
461,CLF,2020-10-26,0 days 15:59:08.230318,268956,8.53,8.52,25916,8432,4749,-4048
462,CLF,2020-10-26,0 days 15:59:11.228143,273705,8.53,8.52,27854,7416,-161,4749
463,CLF,2020-10-26,0 days 15:59:19.228278,269695,8.52,8.51,19936,7199,4910,-165
464,CLNY,2020-10-26,0 days 15:55:00.095934,207674,3.36,3.35,15344,24463,2311,-40658
465,CLNY,2020-10-26,0 days 15:57:39.102062,210757,3.37,3.36,23542,36480,-89738,4462
466,CLNY,2020-10-26,0 days 15:57:40.102147,203095,3.37,3.36,23542,36480,7662,-89738
467,CLNY,2020-10-26,0 days 15:57:43.102050,194257,3.37,3.36,21842,37960,-3038,7662
468,CLNY,2020-10-26,0 days 15:57:44.101769,203095,3.37,3.36,23232,41260,7662,-3038
469,CLNY,2020-10-26,0 days 15:59:14.107511,381274,3.38,3.37,16003,43690,22690,-1310
470,CNC,2020-10-26,0 days 15:55:16.250036,175152,66.16,66.15,100,1400,7160,-2240
471,CNC,2020-10-26,0 days 15:55:17.250851,174312,66.18,66.16,200,100,-840,7160
472,CNC,2020-10-26,0 days 15:56:15.253105,182705,66.26,66.22,303,400,2988,-712
473,CNC,2020-10-26,0 days 15:56:16.252920,181693,66.25,66.23,100,300,-1012,2988
474,CNC,2020-10-26,0 days 15:57:45.254883,219912,66.32,66.31,100,205,2187,-1413
475,CNC,2020-10-26,0 days 15:57:46.254743,216199,66.32,66.3,300,549,-3613,2187
476,CNC,2020-10-26,0 days 15:58:03.256672,221794,66.34,66.32,100,300,22467,-3895
477,CNC,2020-10-26,0 days 15:58:04.256366,220261,66.35,66.32,200,420,-2056,22467
478,CNC,2020-10-26,0 days 15:58:07.256837,218248,66.31,66.25,100,200,5929,-1335
479,CNC,2020-10-26,0 days 15:58:08.256427,219677,66.3,66.26,500,300,-2687,5929
480,CNC,2020-10-26,0 days 15:58:10.256734,222364,66.29,66.25,306,500,1876,-1487
481,CNC,2020-10-26,0 days 15:58:11.256804,221240,66.29,66.25,200,200,-1124,1876
482,CNC,2020-10-26,0 days 15:58:14.257429,220140,66.28,66.24,100,646,-499,82
483,CNC,2020-10-26,0 days 15:58:29.259087,222364,66.29,66.26,400,532,1876,-1124
484,CNC,2020-10-26,0 days 15:58:30.259466,221640,66.29,66.26,600,532,-724,1876
485,CNC,2020-10-26,0 days 15:59:03.259587,230580,66.35,66.33,100,578,2337,-10363
486,CNC,2020-10-26,0 days 15:59:04.259562,227417,66.35,66.33,500,678,-1640,2337
487,CNC,2020-10-26,0 days 15:59:25.251930,238455,66.36,66.34,500,300,7762,-1770
488,CNC,2020-10-26,0 days 15:59:37.252241,250741,66.4,66.36,100,534,-4666,7857
489,CNC,2020-10-26,0 days 15:59:46.253433,253641,66.42,66.36,100,131,-1766,11434
490,CNC,2020-10-26,0 days 15:59:48.254158,260507,66.42,66.34,100,200,3510,-2924
491,CNC,2020-10-26,0 days 15:59:54.255362,260104,66.41,66.34,100,200,-403,8397
492,CNC,2020-10-26,0 days 15:59:58.255936,251707,66.42,66.32,100,200,8397,-4135
493,CNP,2020-10-26,0 days 15:59:10.231992,581782,22.15,22.14,10174,3161,-6297,2426
494,CNP,2020-10-26,0 days 15:59:11.232308,571579,22.15,22.14,8036,3561,10203,-6297
495,CNP,2020-10-26,0 days 15:59:24.232366,585719,22.15,22.14,2100,12265,-23344,11300
496,CNQ,2020-10-26,0 days 15:56:57.283418,70680,16.29,16.28,21271,1106,532,-1368
497,CNQ,2020-10-26,0 days 15:56:58.283864,67812,16.29,16.28,19783,1406,-2868,532
498,CNQ,2020-10-26,0 days 15:59:41.284978,76443,16.31,16.3,17241,3060,-1046,8154
499,CNQ,2020-10-26,0 days 15:59:46.284800,77589,16.31,16.3,21973,305,3618,-1082
500,CNQ,2020-10-26,0 days 15:59:47.284502,76707,16.31,16.3,18653,1605,-582,3618
501,CNX,2020-10-26,0 days 15:56:06.219278,202908,10.62,10.61,6897,5174,3237,-7563
502,CNX,2020-10-26,0 days 15:56:07.218856,198445,10.62,10.61,6897,5174,-4463,3237
503,CNX,2020-10-26,0 days 15:58:55.226124,224111,10.65,10.64,5229,1636,4648,-4352
504,CNX,2020-10-26,0 days 15:58:56.226432,220559,10.65,10.64,6624,200,-1152,4648
505,COF,2020-10-26,0 days 15:55:34.218696,206263,75.21,75.15,239,1471,918,-282
506,COF,2020-10-26,0 days 15:55:35.218439,206081,75.14,75.11,200,1266,-182,918
507,COF,2020-10-26,0 days 15:55:38.218508,206263,75.15,75.11,638,100,764,-136
508,COF,2020-10-26,0 days 15:56:03.220371,206247,75.1,75.07,200,100,-151,349
509,COF,2020-10-26,0 days 15:56:08.219133,206398,75.07,75.05,100,200,3404,-151
510,COF,2020-10-26,0 days 15:56:19.219202,209502,75.15,75.06,300,101,-119,104
511,COF,2020-10-26,0 days 15:56:20.219242,209321,75.15,75.06,300,101,181,-119
512,COF,2020-10-26,0 days 15:56:24.219005,209502,75.15,75.1,100,100,-119,181
513,COF,2020-10-26,0 days 15:57:39.222481,228672,75.14,75.1,240,100,-301311,1771
514,COF,2020-10-26,0 days 16:00:00.227606,409368,75.06,74.92,194,400,-129088,192810
515,COG,2020-10-26,0 days 15:59:48.107290,286710,19.34,19.33,2840,5573,-450,15950
516,COP,2020-10-26,0 days 15:55:45.107607,477651,30.31,30.3,6073,1000,57,-928
517,COP,2020-10-26,0 days 15:55:46.107821,476217,30.31,30.3,6780,1079,-1434,57
518,COP,2020-10-26,0 days 15:57:37.110650,507807,30.29,30.28,4400,3625,300,-4100
519,COP,2020-10-26,0 days 15:57:38.110536,503707,30.29,30.28,3900,3615,-4100,300
520,COP,2020-10-26,0 days 15:57:40.111603,507807,30.29,30.28,4226,2325,2600,-4100
521,COP,2020-10-26,0 days 15:59:11.117868,553290,30.28,30.27,2678,2900,4535,-9975
522,COP,2020-10-26,0 days 15:59:12.116945,548325,30.29,30.28,1701,2811,-4965,4535
523,COP,2020-10-26,0 days 15:59:43.118221,571431,30.27,30.26,4000,2201,5293,-958
524,COP,2020-10-26,0 days 15:59:49.119144,571431,30.27,30.26,6737,2800,287,-3938
525,COP,2020-10-26,0 days 15:59:50.122616,541818,30.28,30.27,2100,1846,-29613,287
526,COTY,2020-10-26,0 days 15:55:38.246116,104561,3.16,3.15,17264,68506,-6553,2369
527,COTY,2020-10-26,0 days 15:55:39.245552,72814,3.16,3.15,16964,66916,31719,-6553
528,COTY,2020-10-26,0 days 15:59:36.246385,128823,3.17,3.16,43151,76031,-8143,16046
529,COTY,2020-10-26,0 days 15:59:37.246409,128466,3.17,3.16,43151,76031,357,-8143
530,CPRI,2020-10-26,0 days 15:59:31.226310,743458,22.29,22.28,500,1400,-23237,7291
531,CPRI,2020-10-26,0 days 15:59:32.226043,731495,22.27,22.26,800,2000,12063,-23237
532,CPRI,2020-10-26,0 days 15:59:34.226107,751543,22.27,22.26,300,1600,-17638,15808
533,CPRI,2020-10-26,0 days 15:59:38.226098,742126,22.28,22.27,1415,300,3432,-4468
534,CPRI,2020-10-26,0 days 15:59:47.227189,749879,22.29,22.28,300,905,-8788,3947
535,CPRI,2020-10-26,0 days 15:59:52.227183,747518,22.34,22.33,900,400,-10245,9094
536,CRM,2020-10-26,0 days 15:55:00.223103,664541,240.95,240.87,100,100,-6890,123106
537,CRM,2020-10-26,0 days 15:55:01.223090,663931,240.95,240.87,100,300,610,-6890
538,CRM,2020-10-26,0 days 15:55:17.223884,664894,241.18,241.04,208,403,-601,496
539,CRM,2020-10-26,0 days 15:55:18.225070,664395,241.18,241.05,208,100,499,-601
540,CRM,2020-10-26,0 days 15:55:20.224689,664894,241.15,241.05,100,200,-49,499
541,CRM,2020-10-26,0 days 15:55:22.224729,664520,241.15,241.05,391,307,374,-426
542,CRM,2020-10-26,0 days 15:55:26.224392,664452,241.18,241.05,108,655,-68,374
543,CRM,2020-10-26,0 days 15:55:27.225092,664120,241.15,241.08,100,231,802,-68
544,CRM,2020-10-26,0 days 15:56:48.226588,672480,241.4,241.31,447,117,1081,-852
545,CRM,2020-10-26,0 days 15:57:21.226069,676755,241.38,241.31,300,435,-3633,1725
546,CRM,2020-10-26,0 days 15:57:22.226470,675488,241.38,241.32,200,300,825,-3633
547,CRM,2020-10-26,0 days 15:58:49.230710,699995,241.78,241.73,100,110,-9566,1311
548,CRM,2020-10-26,0 days 15:58:50.231190,697261,241.79,241.72,100,128,13511,-9566
549,CRM,2020-10-26,0 days 15:59:00.235532,697542,241.78,241.71,200,100,13403,-8074
550,CRM,2020-10-26,0 days 15:59:03.231711,711389,241.73,241.56,100,100,-955,5946
551,CRM,2020-10-26,0 days 15:59:05.232231,712244,241.69,241.62,200,100,5745,-955
552,CRM,2020-10-26,0 days 15:59:07.232391,717989,241.68,241.62,100,100,-3326,5753
553,CRM,2020-10-26,0 days 15:59:08.235260,715415,241.67,241.64,100,100,3622,-3326
554,CRM,2020-10-26,0 days 15:59:30.236517,717202,241.78,241.67,100,114,-2579,4564
555,CRM,2020-10-26,0 days 15:59:31.232983,714781,241.7,241.56,520,402,9933,-2579
556,CRM,2020-10-26,0 days 15:59:38.233274,718348,241.78,241.58,100,300,-3909,2791
557,CRM,2020-10-26,0 days 15:59:39.233117,716757,241.78,241.66,100,100,1591,-3909
558,CRM,2020-10-26,0 days 15:59:42.233227,717905,241.77,241.69,600,486,-472,851
559,CRM,2020-10-26,0 days 15:59:49.234822,707477,241.92,241.79,100,407,38,-8408
560,CRM,2020-10-26,0 days 15:59:59.234046,701954,242.07,241.9,200,100,-4892,108
561,CRM,2020-10-26,0 days 16:00:00.233666,706746,242.13,241.71,300,100,108,-4892
562,CS,2020-10-26,0 days 15:59:46.247352,111421,10.68,10.67,46950,84285,-6135,3521
563,CS,2020-10-26,0 days 15:59:47.246747,108056,10.68,10.67,46350,87237,3365,-6135
564,CTVA,2020-10-26,0 days 15:55:00.216720,174491,32.59,32.58,623,3081,1501,-13465
565,CTVA,2020-10-26,0 days 15:55:01.216563,172492,32.59,32.58,608,3376,-1999,1501
566,CTVA,2020-10-26,0 days 15:55:07.216998,174491,32.6,32.59,623,2159,2982,-1999
567,CTVA,2020-10-26,0 days 15:55:08.217119,172973,32.6,32.59,1256,1819,-1518,2982
568,CTVA,2020-10-26,0 days 15:56:05.219551,182219,32.61,32.6,1500,435,845,-1555
569,CTVA,2020-10-26,0 days 15:56:06.219335,180365,32.61,32.6,500,651,-3446,845
570,CTVA,2020-10-26,0 days 15:57:29.221437,184790,32.66,32.65,1849,1009,484,-5816
571,CTVA,2020-10-26,0 days 15:57:30.221864,183474,32.66,32.65,1149,1509,-916,484
572,CTVA,2020-10-26,0 days 15:57:35.222240,184790,32.66,32.65,579,1409,384,-1016
573,CTVA,2020-10-26,0 days 15:57:36.222232,183974,32.66,32.65,217,2109,-416,384
574,CTVA,2020-10-26,0 days 15:57:39.222645,184790,32.66,32.65,217,1710,284,-416
575,CTVA,2020-10-26,0 days 15:57:40.222029,179774,32.68,32.67,800,1624,-5016,284
576,CTVA,2020-10-26,0 days 15:58:08.224024,186440,32.68,32.67,1272,426,783,-1567
577,CTVA,2020-10-26,0 days 15:58:09.224160,185523,32.68,32.67,969,926,-2042,783
578,CTVA,2020-10-26,0 days 15:58:18.224407,187565,32.68,32.67,1599,500,3307,-993
579,CTVA,2020-10-26,0 days 15:58:19.226082,186572,32.68,32.67,1599,500,-993,3307
580,CTVA,2020-10-26,0 days 15:58:23.225596,187565,32.68,32.67,1840,500,7,-993
581,CTVA,2020-10-26,0 days 15:58:25.225673,184872,32.68,32.67,843,700,-2693,7
582,CTVA,2020-10-26,0 days 15:58:26.225442,187565,32.68,32.67,643,1223,607,-2693
583,CTVA,2020-10-26,0 days 15:58:27.226163,186572,32.69,32.68,200,1503,-993,607
584,CTVA,2020-10-26,0 days 15:58:58.226313,189365,32.72,32.71,800,1588,292,-3841
585,CTVA,2020-10-26,0 days 15:58:59.226634,187457,32.72,32.71,515,2303,-1908,292
586,CTVA,2020-10-26,0 days 15:59:02.227260,187183,32.72,32.71,1034,1401,274,-1908
587,CTVA,2020-10-26,0 days 15:59:05.227621,185670,32.71,32.7,2457,500,-1112,488
588,CTVA,2020-10-26,0 days 15:59:07.227468,186782,32.69,32.68,1416,200,2773,-1112
589,CTVA,2020-10-26,0 days 15:59:40.228953,197389,32.71,32.7,1456,804,2848,-1061
590,CTVA,2020-10-26,0 days 15:59:44.228118,180028,32.73,32.72,1103,1200,-21976,2248
591,CTVA,2020-10-26,0 days 15:59:45.229804,197589,32.72,32.71,2094,250,3139,-21976
592,CUBE,2020-10-26,0 days 15:55:00.094861,49302,34.53,34.52,328,3750,-1130,22879
593,CUBE,2020-10-26,0 days 15:55:01.095999,48432,34.54,34.53,334,3095,870,-1130
594,CUBE,2020-10-26,0 days 15:56:52.098705,54676,34.58,34.57,2490,3400,9,-229
595,CUBE,2020-10-26,0 days 15:56:53.098712,52885,34.58,34.57,2690,2460,-1791,9
596,CUBE,2020-10-26,0 days 15:57:01.099111,55852,34.58,34.57,2586,2260,985,-1739
597,CUBE,2020-10-26,0 days 15:57:02.099024,55537,34.58,34.57,2486,2560,-315,985
598,CUBE,2020-10-26,0 days 15:57:13.099549,56252,34.58,34.57,3086,1239,685,-315
599,CUBE,2020-10-26,0 days 15:57:14.099303,55937,34.58,34.57,2686,2539,-115,685
600,CUBE,2020-10-26,0 days 15:59:05.105172,61182,34.57,34.56,1976,800,-54,563
601,CUBE,2020-10-26,0 days 15:59:09.105513,71195,34.57,34.56,1476,1283,12215,-6802
602,CUBE,2020-10-26,0 days 15:59:10.106951,70822,34.58,34.57,2265,100,-373,12215
603,CVS,2020-10-26,0 days 15:55:00.249825,677546,59.31,59.3,1407,1298,4028,-120364
604,CVS,2020-10-26,0 days 15:57:00.254533,700609,59.49,59.48,600,2194,-2178,1467
605,CVS,2020-10-26,0 days 15:57:01.254614,694987,59.49,59.48,1700,1653,5622,-2178
606,CVS,2020-10-26,0 days 15:57:33.254846,701320,59.48,59.46,1411,1800,-3473,3478
607,CVS,2020-10-26,0 days 15:57:34.254749,700188,59.48,59.46,1311,1400,1132,-3473
608,CVS,2020-10-26,0 days 15:58:01.256411,697903,59.49,59.48,1539,100,-2932,672
609,CVS,2020-10-26,0 days 15:58:08.256377,697903,59.48,59.47,900,1310,-6178,3822
610,CVS,2020-10-26,0 days 15:58:09.256596,695081,59.48,59.47,1400,1108,4522,-6178
611,CVS,2020-10-26,0 days 15:58:10.256695,697903,59.48,59.47,1100,1305,-622,4522
612,CVS,2020-10-26,0 days 15:58:12.257088,696025,59.48,59.47,1500,895,3878,-1922
613,CVS,2020-10-26,0 days 15:58:13.257343,697903,59.48,59.47,400,1795,-1022,3878
614,CVS,2020-10-26,0 days 15:58:14.257382,697625,59.48,59.47,400,1401,278,-1022
615,CVS,2020-10-26,0 days 15:58:15.256862,697903,59.48,59.47,399,2198,-6122,278
616,CVS,2020-10-26,0 days 15:58:16.257398,697625,59.48,59.47,611,1998,278,-6122
617,CVS,2020-10-26,0 days 15:58:19.258810,697903,59.48,59.47,1317,1597,-4122,278
618,CVS,2020-10-26,0 days 15:58:20.257326,697625,59.48,59.47,917,1797,278,-4122
619,CVS,2020-10-26,0 days 15:58:23.257723,697903,59.49,59.47,1230,1948,-7522,278
620,CVS,2020-10-26,0 days 15:59:07.259470,736703,59.48,59.47,508,1000,1236,-23789
621,CVS,2020-10-26,0 days 15:59:09.260035,734839,59.49,59.48,1298,300,-1963,7037
622,CVS,2020-10-26,0 days 15:59:13.260452,752502,59.51,59.5,398,500,7114,-3144
623,CVS,2020-10-26,0 days 15:59:14.260054,750416,59.52,59.51,918,513,-2086,7114
624,CVS,2020-10-26,0 days 15:59:16.251788,752502,59.51,59.5,500,898,128782,-2086
625,CVS,2020-10-26,0 days 15:59:17.252031,855614,59.55,59.54,400,1200,-1288,128782
626,CVS,2020-10-26,0 days 15:59:23.251896,842273,59.54,59.52,800,698,13541,-1341
627,CVS,2020-10-26,0 days 15:59:41.253283,841627,59.54,59.53,1400,100,14525,-7587
628,CVS,2020-10-26,0 days 15:59:47.253166,857439,59.56,59.54,711,1503,4010,-3819
629,CVX,2020-10-26,0 days 15:55:00.244826,642754,70.8,70.79,500,485,7072,-139631
630,CVX,2020-10-26,0 days 15:56:39.247225,657653,70.79,70.78,501,300,-9752,318
631,CVX,2020-10-26,0 days 15:56:40.247133,651305,70.78,70.77,800,805,6348,-9752
632,CVX,2020-10-26,0 days 15:59:06.255044,686646,70.87,70.86,967,800,-30435,5288
633,CVX,2020-10-26,0 days 15:59:28.244897,763702,70.87,70.86,200,808,49410,-62125
634,CVX,2020-10-26,0 days 15:59:29.245237,759312,70.9,70.88,200,500,-4390,49410
635,CVX,2020-10-26,0 days 15:59:31.245879,769628,70.93,70.91,700,500,19885,-13146
636,CVX,2020-10-26,0 days 15:59:32.246346,766313,70.93,70.91,494,600,-3315,19885
637,CVX,2020-10-26,0 days 15:59:42.245918,765703,70.89,70.88,800,217,3540,-2946
638,CVX,2020-10-26,0 days 15:59:43.246635,763986,70.88,70.87,600,800,-1717,3540
639,CVX,2020-10-26,0 days 15:59:47.246764,765692,70.86,70.85,100,200,3693,-573
640,CVX,2020-10-26,0 days 15:59:48.247128,761097,70.88,70.86,958,200,-4706,3693
641,CXO,2020-10-26,0 days 15:55:35.098781,148633,43.8,43.79,900,2400,-2443,957
642,CXO,2020-10-26,0 days 15:55:36.098503,148276,43.8,43.79,1200,2100,357,-2443
643,CXO,2020-10-26,0 days 15:56:36.099887,148636,43.74,43.73,1275,1443,-1136,23
644,CXO,2020-10-26,0 days 15:56:44.099447,148172,43.7,43.69,100,620,464,-1036
645,CXO,2020-10-26,0 days 15:57:13.100877,153946,43.75,43.74,100,500,-4926,264
646,CXO,2020-10-26,0 days 15:57:14.100634,152972,43.75,43.74,200,672,974,-4926
647,CXO,2020-10-26,0 days 15:58:16.104299,154598,43.78,43.77,100,443,-1876,424
648,CXO,2020-10-26,0 days 15:58:17.104470,153374,43.78,43.77,500,143,1224,-1876
649,CXO,2020-10-26,0 days 15:58:21.104273,154598,43.78,43.77,700,100,-976,424
650,CXO,2020-10-26,0 days 15:58:23.104849,154174,43.78,43.77,524,400,424,-976
651,CXO,2020-10-26,0 days 15:58:25.105128,154598,43.78,43.77,624,400,-1176,424
652,CXO,2020-10-26,0 days 15:58:26.104955,154174,43.78,43.77,624,200,424,-1176
653,CXO,2020-10-26,0 days 15:58:27.105082,154598,43.79,43.78,203,100,-976,424
654,CXO,2020-10-26,0 days 15:58:28.105381,154174,43.79,43.78,403,405,424,-976
655,CXO,2020-10-26,0 days 15:59:05.106569,154716,43.77,43.75,503,400,-37,261
656,CXO,2020-10-26,0 days 15:59:06.106537,154573,43.77,43.75,503,400,143,-37
657,CXO,2020-10-26,0 days 15:59:08.108470,161916,43.77,43.75,603,400,-19011,143
658,CXO,2020-10-26,0 days 15:59:42.102344,185674,43.74,43.72,200,900,-1025,3275
659,D,2020-10-26,0 days 15:55:45.218911,273986,81.62,81.61,146,1100,-17,780
660,D,2020-10-26,0 days 15:55:47.219186,269603,81.63,81.62,1100,100,4683,-7417
661,D,2020-10-26,0 days 15:59:08.230069,295919,81.64,81.61,100,120,-11250,5750
662,D,2020-10-26,0 days 15:59:16.227126,311632,81.59,81.57,200,906,4887,-7213
663,D,2020-10-26,0 days 15:59:17.227201,309319,81.62,81.59,200,100,-6551,4887
664,D,2020-10-26,0 days 15:59:18.226656,308854,81.61,81.57,100,1106,7665,-6551
665,D,2020-10-26,0 days 15:59:19.228121,309319,81.65,81.62,100,100,-6651,7665
666,D,2020-10-26,0 days 15:59:20.227011,308970,81.65,81.62,200,100,3560,-6651
667,D,2020-10-26,0 days 15:59:28.227170,317508,81.67,81.61,380,100,-1653,618
668,D,2020-10-26,0 days 15:59:29.227167,316861,81.65,81.63,100,150,647,-1653
669,D,2020-10-26,0 days 15:59:33.227918,320688,81.69,81.66,600,250,-4967,1327
670,D,2020-10-26,0 days 15:59:47.228334,327288,81.62,81.61,100,400,-6117,5099
671,D,2020-10-26,0 days 15:59:48.230150,326788,81.62,81.59,831,900,500,-6117
672,D,2020-10-26,0 days 15:59:53.228537,327188,81.65,81.6,100,450,-2100,1016
673,DAL,2020-10-26,0 days 15:56:32.254308,573774,31.97,31.96,6211,5683,1212,-5306
674,DAL,2020-10-26,0 days 15:56:33.253093,569086,31.97,31.96,6121,1571,-2888,1212
675,DAL,2020-10-26,0 days 15:57:13.253776,601517,31.94,31.93,1500,8480,1674,-9686
676,DAL,2020-10-26,0 days 15:57:20.254180,597091,31.93,31.92,1100,10980,-2283,2079
677,DB,2020-10-26,0 days 15:59:36.252136,42772,9.55,9.54,72227,12023,13338,-15962
678,DB,2020-10-26,0 days 15:59:37.252345,41910,9.55,9.54,71102,12023,-762,13338
679,DB,2020-10-26,0 days 15:59:46.253890,42772,9.55,9.54,70209,5515,1447,-862
680,DB,2020-10-26,0 days 15:59:47.253337,42019,9.55,9.54,65909,16265,-753,1447
681,DD,2020-10-26,0 days 15:59:15.225114,329286,58.41,58.4,600,100,69647,-13357
682,DFS,2020-10-26,0 days 15:59:25.246550,483980,65.83,65.8,102,110,10423,-99210
683,DFS,2020-10-26,0 days 15:59:28.244844,493141,65.9,65.86,100,100,-1241,23
684,DHI,2020-10-26,0 days 15:59:08.108221,304078,70.83,70.82,100,600,32198,-8156
685,DHI,2020-10-26,0 days 15:59:09.106785,298789,70.86,70.84,500,160,-7697,32198
686,DHI,2020-10-26,0 days 15:59:42.101962,304117,70.85,70.82,1931,200,-2109,9891
687,DHI,2020-10-26,0 days 15:59:46.102887,307621,70.85,70.82,635,200,5376,-2209
688,DHI,2020-10-26,0 days 15:59:47.102305,294275,70.88,70.86,700,100,-13346,5376
689,DHI,2020-10-26,0 days 16:00:00.143329,308187,70.89,70.79,600,700,99,-11980
690,DHR,2020-10-26,0 days 15:55:00.216078,172436,234.27,234.18,200,300,-3323,37886
691,DHR,2020-10-26,0 days 15:55:01.216363,171459,234.26,234.18,200,300,977,-3323
692,DHR,2020-10-26,0 days 15:55:17.217265,172686,234.37,234.27,200,1274,-55,706
693,DHR,2020-10-26,0 days 15:55:18.218055,172141,234.37,234.27,100,1274,545,-55
694,DHR,2020-10-26,0 days 15:55:22.217924,172686,234.44,234.39,200,162,-435,165
695,DHR,2020-10-26,0 days 15:55:23.218274,172221,234.46,234.4,100,100,465,-435
696,DHR,2020-10-26,0 days 15:56:53.219358,185093,234.74,234.66,100,200,1366,-1234
697,DHR,2020-10-26,0 days 15:57:35.222115,185893,234.78,234.71,400,200,609,-867
698,DHR,2020-10-26,0 days 15:57:48.222754,186502,234.8,234.75,100,456,-191,433
699,DHR,2020-10-26,0 days 15:57:49.222666,185793,234.77,234.68,100,105,709,-191
700,DHR,2020-10-26,0 days 15:58:00.223827,186502,234.72,234.68,100,400,-392,408
701,DHR,2020-10-26,0 days 15:58:02.223497,185318,234.79,234.71,100,100,816,-916
702,DHR,2020-10-26,0 days 15:58:07.224575,186515,234.82,234.76,100,100,-773,227
703,DHR,2020-10-26,0 days 15:58:08.223845,186388,234.86,234.75,100,100,127,-773
704,DHR,2020-10-26,0 days 15:58:13.224456,186936,234.86,234.77,100,603,-3252,248
705,DHR,2020-10-26,0 days 15:59:33.227881,208491,234.87,234.74,100,100,892,-439
706,DHR,2020-10-26,0 days 15:59:34.227536,207583,234.87,234.77,100,399,-1681,892
707,DHR,2020-10-26,0 days 15:59:41.227922,207391,234.73,234.65,100,100,192,-908
708,DHR,2020-10-26,0 days 15:59:43.228233,206383,234.71,234.57,100,100,-584,616
709,DHR,2020-10-26,0 days 15:59:44.227962,205367,234.63,234.41,1050,207,2516,-584
710,DHR,2020-10-26,0 days 15:59:45.229592,204983,234.73,234.6,300,400,-2547,2516
711,DHR,2020-10-26,0 days 15:59:53.228478,208382,234.73,234.53,100,100,2301,-799
712,DHR,2020-10-26,0 days 15:59:56.230841,209183,234.73,234.48,100,715,-799,6101
713,DHR,2020-10-26,0 days 15:59:57.229661,203061,234.85,234.48,200,615,7624,-799
714,DHR,2020-10-26,0 days 15:59:58.229576,209488,234.83,234.67,100,100,-494,7624
715,DHT,2020-10-26,0 days 15:55:28.252028,69193,4.98,4.97,15900,28616,-6992,10708
716,DHT,2020-10-26,0 days 15:55:29.252042,67785,4.98,4.97,15900,28253,1408,-6992
717,DHT,2020-10-26,0 days 15:55:38.252359,69193,4.98,4.97,15800,28111,-4643,1408
718,DHT,2020-10-26,0 days 15:55:39.251980,61736,4.98,4.97,15800,28569,7457,-4643
719,DHT,2020-10-26,0 days 15:59:03.259587,69265,4.98,4.97,12818,10892,-2188,512
720,DIS,2020-10-26,0 days 15:59:15.252887,1066378,124.15,124.09,800,643,-103083,417608
721,DIS,2020-10-26,0 days 15:59:18.252464,1072788,124.01,123.98,100,200,831,-8291
722,DIS,2020-10-26,0 days 15:59:19.253182,1072496,124.1,124.03,200,300,-2592,831
723,DIS,2020-10-26,0 days 15:59:22.251544,1072513,124.1,124.02,200,100,-267,826
724,DIS,2020-10-26,0 days 15:59:26.252263,1072596,124.04,124.0,700,1000,-884,1130
725,DIS,2020-10-26,0 days 15:59:29.251877,1072596,124.06,124.01,100,200,-3784,2239
726,DIS,2020-10-26,0 days 15:59:37.252333,1089239,124.01,124.0,100,600,11389,-13062
727,DIS,2020-10-26,0 days 15:59:44.252349,1079038,123.98,123.95,900,600,10527,-226
728,DIS,2020-10-26,0 days 15:59:53.253983,1098966,124.03,123.97,200,100,3662,-13082
729,DIS,2020-10-26,0 days 15:59:54.255481,1099329,124.02,123.97,100,300,-6559,3662
730,DIS,2020-10-26,0 days 15:59:55.254844,1088664,124.03,123.95,400,300,14817,-6559
731,DIS,2020-10-26,0 days 15:59:58.256040,1097270,124.09,123.99,200,400,-16219,14616
732,DOW,2020-10-26,0 days 15:55:00.216078,299851,47.03,47.02,300,300,-7433,91387
733,DOW,2020-10-26,0 days 15:55:17.217265,308077,47.06,47.05,618,100,3996,-643
734,DOW,2020-10-26,0 days 15:55:18.218081,307773,47.06,47.04,770,839,-304,3996
735,DOW,2020-10-26,0 days 15:56:13.219060,353379,47.08,47.05,1318,600,328,-1913
736,DOW,2020-10-26,0 days 15:56:19.219175,350407,47.06,47.05,100,335,-2283,528
737,DOW,2020-10-26,0 days 15:57:34.221825,353087,47.1,47.09,1009,1132,3345,-1755
738,DOW,2020-10-26,0 days 15:57:35.222115,349132,47.1,47.09,809,1332,-3955,3345
739,DOW,2020-10-26,0 days 15:57:37.222123,353087,47.1,47.09,915,1132,1445,-1755
740,DOW,2020-10-26,0 days 15:57:38.222339,351332,47.1,47.09,915,1232,-1755,1445
741,DOW,2020-10-26,0 days 15:57:54.222844,352932,47.09,47.08,1200,731,-1475,1125
742,DOW,2020-10-26,0 days 15:57:57.223342,354407,47.1,47.09,515,373,937,-1463
743,DOW,2020-10-26,0 days 15:57:58.223447,352944,47.1,47.09,515,373,-1463,937
744,DOW,2020-10-26,0 days 15:58:00.223841,351411,47.1,47.09,615,229,1133,-1463
745,DOW,2020-10-26,0 days 15:58:01.224310,349844,47.11,47.1,607,1359,-7167,1133
746,DOW,2020-10-26,0 days 15:58:29.225366,357757,47.12,47.11,600,201,665,-5335
747,DOW,2020-10-26,0 days 15:58:30.225675,355322,47.13,47.11,1100,201,-2435,665
748,DOW,2020-10-26,0 days 15:58:31.225451,357757,47.12,47.11,200,100,965,-2435
749,DOW,2020-10-26,0 days 15:58:32.224180,355622,47.12,47.11,200,201,-2135,965
750,DOW,2020-10-26,0 days 15:59:05.227365,354561,47.14,47.13,964,100,-3398,637
751,DOW,2020-10-26,0 days 15:59:07.227331,358049,47.12,47.11,979,300,3594,-1492
752,DOW,2020-10-26,0 days 15:59:08.229997,356943,47.14,47.12,300,500,-1106,3594
753,DOW,2020-10-26,0 days 15:59:12.227975,359049,47.14,47.13,300,100,8494,-2106
754,DOW,2020-10-26,0 days 15:59:13.227750,358732,47.14,47.12,700,200,-317,8494
755,DOW,2020-10-26,0 days 15:59:25.226939,367096,47.15,47.12,200,100,1931,-964
756,DOW,2020-10-26,0 days 15:59:26.226893,366427,47.14,47.13,100,162,-669,1931
757,DOW,2020-10-26,0 days 15:59:36.227966,367064,47.15,47.14,100,501,6719,-637
758,DOW,2020-10-26,0 days 16:00:00.227565,369605,47.2,47.12,2100,4600,2878,-2710
759,DUK,2020-10-26,0 days 15:56:43.109065,450144,93.14,93.13,251,100,654,-346
760,DUK,2020-10-26,0 days 15:56:52.109343,448675,93.18,93.15,100,100,2183,-534
761,DUK,2020-10-26,0 days 15:57:33.110883,450858,93.24,93.22,100,752,-5922,578
762,DUK,2020-10-26,0 days 15:59:27.116333,486318,93.24,93.23,1000,100,2832,-2568
763,DUK,2020-10-26,0 days 15:59:28.116967,484150,93.28,93.24,200,603,-3081,2832
764,DUK,2020-10-26,0 days 15:59:38.116956,492764,93.23,93.22,616,101,2986,-3114
765,DUK,2020-10-26,0 days 15:59:39.117184,490950,93.23,93.22,595,201,-1814,2986
766,DUK,2020-10-26,0 days 15:59:46.118218,492439,93.2,93.17,300,800,242,-560
767,DUK,2020-10-26,0 days 15:59:47.118133,492681,93.24,93.19,100,300,-2154,242
768,DVN,2020-10-26,0 days 15:55:38.218670,360048,8.82,8.81,15735,16907,5630,-270
769,DVN,2020-10-26,0 days 15:57:37.222251,354372,8.8,8.79,8471,23803,18810,-920
770,EAT,2020-10-26,0 days 15:55:00.280489,54229,43.94,43.84,646,1154,-18025,954
771,EAT,2020-10-26,0 days 15:57:18.283845,75327,43.76,43.74,534,110,2094,-3006
772,EAT,2020-10-26,0 days 15:57:19.283778,75021,43.76,43.74,534,110,-306,2094
773,EAT,2020-10-26,0 days 15:59:06.288564,82120,43.93,43.91,604,254,6066,-16
774,EAT,2020-10-26,0 days 15:59:07.288728,81885,43.93,43.91,304,254,-135,6066
775,EAT,2020-10-26,0 days 15:59:14.289444,80615,43.9,43.86,445,100,1471,-34
776,EAT,2020-10-26,0 days 15:59:15.288804,80486,43.9,43.86,445,100,-29,1471
777,EAT,2020-10-26,0 days 15:59:45.285385,80789,43.91,43.87,100,100,1195,-103
778,EAT,2020-10-26,0 days 15:59:46.284662,80984,43.97,43.9,800,200,-1529,1195
779,EMR,2020-10-26,0 days 15:55:00.218596,163299,67.34,67.32,1156,1201,382,-32456
780,EMR,2020-10-26,0 days 15:55:22.220574,163763,67.35,67.34,100,100,-370,206
781,EMR,2020-10-26,0 days 15:55:23.220997,163318,67.37,67.35,612,100,7845,-370
782,EMR,2020-10-26,0 days 15:56:50.222263,188498,67.56,67.54,904,500,-470,2551
783,EMR,2020-10-26,0 days 15:57:34.220416,190675,67.62,67.61,200,500,1769,-831
784,EMR,2020-10-26,0 days 15:57:35.220869,189844,67.62,67.61,200,1404,-831,1769
785,EMR,2020-10-26,0 days 15:57:41.220359,190575,67.63,67.62,432,628,169,-2231
786,EMR,2020-10-26,0 days 15:57:42.220746,188444,67.62,67.61,300,807,-2131,169
787,EMR,2020-10-26,0 days 15:58:09.222173,196881,67.66,67.65,200,900,1040,-1660
788,EMR,2020-10-26,0 days 15:58:10.223109,194921,67.68,67.65,200,1400,-1860,1040
789,EMR,2020-10-26,0 days 15:59:08.228344,197919,67.69,67.67,100,630,-2662,2443
790,EMR,2020-10-26,0 days 15:59:11.227017,203719,67.7,67.69,200,213,469,-383
791,EMR,2020-10-26,0 days 15:59:26.223681,211809,67.71,67.7,387,523,4412,-714
792,EMR,2020-10-26,0 days 15:59:27.224468,211321,67.71,67.7,309,727,-88,4412
793,EMR,2020-10-26,0 days 15:59:31.225037,211809,67.72,67.71,100,307,2019,-88
794,EMR,2020-10-26,0 days 15:59:56.226812,214275,67.76,67.71,400,200,-1522,408
795,ENB,2020-10-26,0 days 15:56:00.109484,75728,28.5,28.49,14680,4155,9162,-4625
796,ENB,2020-10-26,0 days 15:56:01.110785,71690,28.5,28.49,13826,3940,-4038,9162
797,ENB,2020-10-26,0 days 15:59:28.116948,109290,28.5,28.49,3455,12917,8142,-91
798,ENB,2020-10-26,0 days 15:59:29.118295,105132,28.51,28.5,5230,17705,-7258,8142
799,ENB,2020-10-26,0 days 15:59:43.118207,112390,28.51,28.5,22455,3845,458,-7258
800,ENB,2020-10-26,0 days 15:59:47.118033,110549,28.51,28.49,22595,12399,-1841,16259
801,ENB,2020-10-26,0 days 15:59:48.123996,112390,28.51,28.5,19194,1300,7148,-1841
802,ENB,2020-10-26,0 days 15:59:50.122398,109178,28.51,28.5,14094,3800,-3212,4588
803,EOG,2020-10-26,0 days 15:56:01.110718,413451,34.92,34.91,1306,497,118,-27782
804,EOG,2020-10-26,0 days 15:56:09.108025,413569,34.91,34.9,3033,1607,-2510,418
805,EOG,2020-10-26,0 days 15:56:11.108185,416079,34.91,34.9,3312,1707,1490,-2510
806,EOG,2020-10-26,0 days 15:56:12.108524,407169,34.91,34.9,3105,707,-8910,1490
807,EOG,2020-10-26,0 days 15:59:15.116169,475450,34.94,34.93,1046,1691,17573,-12496
808,EOG,2020-10-26,0 days 15:59:16.116024,471927,34.94,34.93,1946,451,-3523,17573
809,EOG,2020-10-26,0 days 15:59:22.116497,475476,34.94,34.93,500,1400,2934,-2649
810,EOG,2020-10-26,0 days 15:59:23.115921,471984,34.94,34.93,500,1518,-3092,2934
811,EOG,2020-10-26,0 days 15:59:38.116935,483569,34.93,34.92,1600,1400,3037,-1041
812,EOG,2020-10-26,0 days 15:59:39.117156,481806,34.93,34.92,2400,700,-1763,3037
813,EOG,2020-10-26,0 days 15:59:50.122292,470419,34.92,34.91,778,600,-1550,855
814,EPD,2020-10-26,0 days 15:59:11.233515,92954,17.29,17.28,5969,4359,-10730,2633
815,EPD,2020-10-26,0 days 15:59:12.235183,89284,17.29,17.28,6669,6328,3670,-10730
816,EPD,2020-10-26,0 days 15:59:18.218505,92954,17.29,17.28,900,9815,-429,2963
817,EPD,2020-10-26,0 days 15:59:46.219961,92954,17.29,17.28,1600,10669,-1821,64
818,EPD,2020-10-26,0 days 15:59:48.220674,91418,17.29,17.28,2400,8569,1329,-1821
819,EQH,2020-10-26,0 days 15:55:01.250395,143178,19.6,19.59,1503,3731,-463,3437
820,EQH,2020-10-26,0 days 15:55:02.249507,139241,19.61,19.6,1800,1104,3937,-463
821,EQH,2020-10-26,0 days 15:58:07.256791,146283,19.66,19.65,901,2645,-2330,1670
822,EQH,2020-10-26,0 days 15:58:08.256377,144113,19.66,19.65,700,3045,2170,-2330
823,EQH,2020-10-26,0 days 15:58:33.258828,144289,19.67,19.66,847,4164,1837,-1463
824,EQH,2020-10-26,0 days 15:58:36.258750,146126,19.67,19.66,747,4164,-2163,1837
825,EQH,2020-10-26,0 days 15:59:04.259499,146626,19.66,19.65,2258,700,-1177,2523
826,EQH,2020-10-26,0 days 15:59:06.260490,143603,19.66,19.65,2258,600,701,-899
827,EQH,2020-10-26,0 days 15:59:09.260035,144604,19.66,19.65,2758,1043,-729,701
828,EQH,2020-10-26,0 days 15:59:25.251908,144874,19.65,19.64,1114,2437,217,-70
829,EQH,2020-10-26,0 days 15:59:36.251940,145091,19.65,19.64,1045,2032,-7236,217
830,EQR,2020-10-26,0 days 15:57:38.220545,347437,50.66,50.63,483,300,937,-1863
831,EQR,2020-10-26,0 days 15:57:39.220682,345874,50.66,50.63,583,627,-2663,937
832,EQR,2020-10-26,0 days 15:57:40.220604,349737,50.66,50.63,620,400,237,-2663
833,EQR,2020-10-26,0 days 15:57:41.220486,347974,50.66,50.63,620,400,-1054,237
834,EQR,2020-10-26,0 days 15:58:09.222346,353399,50.66,50.64,600,953,-1600,511
835,EQR,2020-10-26,0 days 15:58:17.222817,360528,50.66,50.64,800,321,2059,-2541
836,EQR,2020-10-26,0 days 15:58:18.222761,357987,50.66,50.64,700,421,-3241,2059
837,EQR,2020-10-26,0 days 15:58:28.223666,361328,50.68,50.66,600,127,359,-2541
838,EQR,2020-10-26,0 days 15:58:29.222929,358787,50.68,50.66,500,127,-2441,359
839,EQR,2020-10-26,0 days 15:59:02.225017,356765,50.68,50.64,100,100,-1382,7118
840,EQR,2020-10-26,0 days 15:59:11.227236,359254,50.68,50.64,688,100,4091,-1795
841,EQR,2020-10-26,0 days 15:59:12.226978,358145,50.7,50.65,300,522,-1209,4091
842,EQR,2020-10-26,0 days 15:59:13.227021,369654,50.72,50.7,200,100,17691,-1209
843,EQT,2020-10-26,0 days 15:59:47.253312,218070,15.67,15.66,1744,2900,-4498,21002
844,ET,2020-10-26,0 days 15:58:59.232765,165594,6.19,6.18,33567,14001,1190,-8
845,ET,2020-10-26,0 days 15:59:08.235094,170512,6.18,6.17,33101,32100,-1746,10399
846,ET,2020-10-26,0 days 15:59:12.234686,167393,6.18,6.17,38563,31976,3119,-42181
847,ETRN,2020-10-26,0 days 15:55:00.095708,307054,7.91,7.9,14161,6758,3217,-184249
848,ETRN,2020-10-26,0 days 15:55:34.098359,310871,7.93,7.92,1206,13263,-5033,2667
849,ETRN,2020-10-26,0 days 15:55:35.097803,308404,7.93,7.92,569,13918,2467,-5033
850,ETRN,2020-10-26,0 days 15:56:35.097852,309171,7.94,7.93,6155,2400,-612,2888
851,ETRN,2020-10-26,0 days 15:56:36.098584,307883,7.94,7.93,5955,2600,1288,-612
852,ETRN,2020-10-26,0 days 15:57:35.101343,310789,7.94,7.93,1397,5714,-2178,922
853,EW,2020-10-26,0 days 15:59:15.288841,274027,78.09,78.03,300,250,7325,-31622
854,EW,2020-10-26,0 days 15:59:16.287164,271852,78.12,78.07,213,300,-2175,7325
855,F,2020-10-26,0 days 15:59:46.103265,2543053,8.04,8.03,41006,516441,40539,-31604
856,F,2020-10-26,0 days 15:59:47.102651,2531792,8.04,8.03,55080,515741,-11261,40539
857,FAF,2020-10-26,0 days 15:55:23.107365,43878,47.67,47.66,423,100,-6446,8954
858,FAF,2020-10-26,0 days 15:55:24.106940,43024,47.67,47.64,123,1117,854,-6446
859,FAF,2020-10-26,0 days 15:55:39.107793,43878,47.7,47.66,421,834,-3909,577
860,FAF,2020-10-26,0 days 15:55:40.107348,43487,47.7,47.66,321,834,391,-3909
861,FAF,2020-10-26,0 days 15:56:59.109367,43994,47.62,47.59,265,200,-298,448
862,FAF,2020-10-26,0 days 15:57:00.109361,43692,47.62,47.59,767,200,302,-298
863,FAF,2020-10-26,0 days 15:57:02.109590,43994,47.62,47.59,665,100,-198,302
864,FAF,2020-10-26,0 days 15:57:03.108929,43692,47.62,47.59,511,100,302,-198
865,FAF,2020-10-26,0 days 15:57:17.109605,43994,47.66,47.64,100,511,-898,302
866,FAF,2020-10-26,0 days 15:57:18.109889,43692,47.66,47.64,100,511,302,-898
867,FAF,2020-10-26,0 days 15:58:16.113544,45633,47.66,47.63,651,510,-178,14
868,FAF,2020-10-26,0 days 15:58:17.113250,45211,47.66,47.63,651,510,422,-178
869,FAF,2020-10-26,0 days 15:58:58.114838,45633,47.67,47.64,706,307,-621,173
870,FAF,2020-10-26,0 days 15:58:59.116330,45354,47.67,47.64,510,100,279,-621
871,FAF,2020-10-26,0 days 15:59:02.115867,48233,47.66,47.62,100,600,-321,279
872,FAF,2020-10-26,0 days 15:59:03.116058,47854,47.66,47.62,411,700,379,-321
873,FAF,2020-10-26,0 days 15:59:14.116611,50933,47.66,47.62,409,600,-313,134
874,FAF,2020-10-26,0 days 15:59:27.116170,51279,47.7,47.6,400,200,177,-346
875,FAF,2020-10-26,0 days 15:59:30.120407,51123,47.7,47.58,400,700,-156,1344
876,FCAU,2020-10-26,0 days 15:55:22.108321,40357,13.26,13.25,4970,23978,507,-2127
877,FCAU,2020-10-26,0 days 15:55:23.107540,38864,13.26,13.25,4419,23978,-1493,507
878,FCAU,2020-10-26,0 days 15:55:39.107928,40357,13.27,13.26,10039,25778,123,-719
879,FCAU,2020-10-26,0 days 15:55:40.107478,39080,13.27,13.26,8991,27592,-1277,123
880,FCAU,2020-10-26,0 days 15:58:19.113311,42818,13.27,13.26,12210,15213,7717,-13088
881,FCAU,2020-10-26,0 days 15:58:20.114062,40735,13.27,13.26,13026,15213,-1188,7717
882,FCAU,2020-10-26,0 days 15:59:11.117868,42818,13.28,13.27,13583,17157,33,-795
883,FCAU,2020-10-26,0 days 15:59:21.117003,41684,13.28,13.27,21456,6673,-1134,66
884,FCX,2020-10-26,0 days 15:59:15.224956,689602,17.36,17.35,23956,11717,-208379,16294
885,FDX,2020-10-26,0 days 15:59:15.288673,151723,277.57,277.34,100,100,18557,-46543
886,FDX,2020-10-26,0 days 15:59:16.287074,151080,277.76,277.48,200,100,-2773,18557
887,FDX,2020-10-26,0 days 15:59:28.284288,153064,277.61,277.42,200,200,500,-300
888,FDX,2020-10-26,0 days 15:59:29.285048,152364,277.61,277.52,100,100,-1500,500
889,FDX,2020-10-26,0 days 15:59:45.285202,153821,277.64,277.47,315,100,-3332,687
890,FE,2020-10-26,0 days 15:55:01.216447,1591974,33.25,33.24,1086,3968,7065,-61035
891,FE,2020-10-26,0 days 15:57:33.221912,1637358,33.31,33.3,2617,614,-1325,14475
892,FE,2020-10-26,0 days 15:57:35.222223,1632183,33.3,33.29,2000,1200,5175,-7825
893,FE,2020-10-26,0 days 15:57:36.222160,1637358,33.3,33.29,1800,1812,-4725,5175
894,FE,2020-10-26,0 days 15:57:37.222210,1637083,33.3,33.29,2201,800,275,-4725
895,FE,2020-10-26,0 days 15:57:39.222538,1637358,33.3,33.29,1701,1512,-4725,4075
896,FE,2020-10-26,0 days 15:57:40.221976,1634983,33.3,33.29,2000,1212,2375,-4725
897,FE,2020-10-26,0 days 15:58:11.225174,1639687,33.31,33.3,2379,943,171,-1129
898,FE,2020-10-26,0 days 15:58:19.226047,1641237,33.32,33.31,1901,739,-3784,16
899,FE,2020-10-26,0 days 15:58:20.224862,1640521,33.31,33.3,1400,951,716,-3784
900,FE,2020-10-26,0 days 15:58:21.224826,1641237,33.31,33.3,1525,951,-21484,716
901,FE,2020-10-26,0 days 15:58:22.224541,1640521,33.31,33.3,1725,951,716,-21484
902,FE,2020-10-26,0 days 15:58:29.225428,1641304,33.33,33.31,1310,1607,-25817,783
903,FE,2020-10-26,0 days 15:59:06.227083,1643536,33.31,33.3,1369,300,-37501,623
904,FHN,2020-10-26,0 days 15:55:00.218783,465874,10.72,10.71,7546,17486,-67292,55000
905,FHN,2020-10-26,0 days 15:55:01.219227,459366,10.72,10.71,5246,19386,20809,-67292
906,FHN,2020-10-26,0 days 15:57:37.220565,520599,10.72,10.71,18773,9940,-2473,16927
907,FHN,2020-10-26,0 days 15:57:38.220492,510872,10.72,10.71,19573,9649,13427,-2473
908,FHN,2020-10-26,0 days 15:57:59.221297,519900,10.73,10.72,16230,12513,-5328,7872
909,FHN,2020-10-26,0 days 15:58:00.222043,510327,10.73,10.72,17730,12813,9573,-5328
910,FHN,2020-10-26,0 days 15:59:31.225213,548949,10.73,10.72,26549,3413,-10788,1787
911,FIS,2020-10-26,0 days 15:59:55.123558,301002,139.47,139.31,100,100,2789,-8093
912,FIS,2020-10-26,0 days 16:00:00.156276,301002,139.63,139.3,600,700,221,-10894
913,FIT,2020-10-26,0 days 15:56:10.098486,410989,6.98,6.97,25324,59843,-1561,20539
914,FIT,2020-10-26,0 days 15:57:14.100634,384546,6.98,6.97,27830,48903,26443,-6057
915,FIT,2020-10-26,0 days 15:58:10.104177,408491,6.98,6.97,22709,53839,-555,245
916,FIT,2020-10-26,0 days 15:58:21.104295,384746,6.98,6.97,44576,44143,23745,-2155
917,FIT,2020-10-26,0 days 15:59:25.101330,430790,6.98,6.97,36676,31772,-11468,18372
918,FIT,2020-10-26,0 days 15:59:26.101893,427558,6.98,6.97,39742,25571,3232,-11468
919,FIT,2020-10-26,0 days 15:59:30.104403,430790,6.98,6.97,38476,33166,-27268,3232
920,FIT,2020-10-26,0 days 15:59:31.102421,418358,6.98,6.97,41437,33166,12432,-27268
921,FNB,2020-10-26,0 days 15:56:30.229029,215561,7.76,7.75,23642,11999,28970,-38930
922,FNB,2020-10-26,0 days 15:56:31.228793,212231,7.76,7.75,23392,11999,-3330,28970
923,FNB,2020-10-26,0 days 15:59:45.220540,231949,7.76,7.75,17148,25934,-4300,700
924,FRO,2020-10-26,0 days 15:56:57.108411,90176,6.09,6.08,3316,10764,-938,962
925,FRO,2020-10-26,0 days 15:56:58.108984,86114,6.09,6.08,3316,10764,4062,-938
926,FRO,2020-10-26,0 days 15:59:47.117550,90756,6.1,6.09,10098,4146,-1127,809
927,FRO,2020-10-26,0 days 15:59:48.123650,88783,6.1,6.09,10098,4346,1973,-1127
928,FSLY,2020-10-26,0 days 15:59:26.284444,180974,73.88,73.78,100,500,-5481,1429
929,FSLY,2020-10-26,0 days 15:59:27.284185,171955,73.88,73.78,100,100,9019,-5481
930,FSLY,2020-10-26,0 days 15:59:35.284651,177224,73.91,73.87,400,100,-620,450
931,FSLY,2020-10-26,0 days 15:59:46.284443,173264,73.9,73.89,1121,200,5030,-11670
932,FSM,2020-10-26,0 days 15:55:00.220005,4237,7.03,7.02,20540,13633,-4221,1033
933,FSM,2020-10-26,0 days 15:59:02.225200,9423,7.02,7.01,3453,52884,168,-1968
934,FTCH,2020-10-26,0 days 15:56:07.229199,102243,28.77,28.76,400,909,2414,-2686
935,FTCH,2020-10-26,0 days 15:56:08.229160,98257,28.78,28.77,629,1300,-3986,2414
936,FTCH,2020-10-26,0 days 15:57:37.232995,113680,28.79,28.78,310,869,4587,-313
937,FTCH,2020-10-26,0 days 15:57:38.233154,109167,28.79,28.78,541,1160,-4513,4587
938,FTCH,2020-10-26,0 days 15:59:17.218823,118714,28.78,28.77,200,350,5621,-2871
939,FTCH,2020-10-26,0 days 15:59:18.218588,115735,28.78,28.77,216,100,-2779,5621
940,FTCH,2020-10-26,0 days 15:59:25.219365,118714,28.8,28.76,800,300,25568,-2479
941,FTI,2020-10-26,0 days 15:57:50.254927,313896,6.11,6.1,33251,17433,-1691,12609
942,FTI,2020-10-26,0 days 15:57:51.254676,307139,6.11,6.1,35151,12365,6757,-1691
943,FTV,2020-10-26,0 days 15:55:37.252510,103808,64.36,64.33,100,300,180,-3492
944,FTV,2020-10-26,0 days 15:55:38.252424,102588,64.35,64.33,100,200,-1220,180
945,FTV,2020-10-26,0 days 15:59:10.260733,123418,64.42,64.4,300,100,17395,-1309
946,FUBO,2020-10-26,0 days 15:55:00.220056,26490,13.77,13.75,500,2800,-2245,3829
947,FUBO,2020-10-26,0 days 15:59:07.225494,32807,13.76,13.72,100,100,571,-989
948,FUBO,2020-10-26,0 days 15:59:10.227272,33478,13.75,13.68,100,100,-929,671
949,G,2020-10-26,0 days 15:57:38.101605,49694,35.52,35.5,200,1077,-244,756
950,G,2020-10-26,0 days 15:57:39.101870,48938,35.52,35.5,200,1077,756,-244
951,G,2020-10-26,0 days 15:58:00.103227,49694,35.52,35.5,653,863,-319,381
952,G,2020-10-26,0 days 15:58:01.104062,49013,35.52,35.5,400,863,681,-319
953,G,2020-10-26,0 days 15:59:04.106163,52394,35.53,35.51,751,201,-129,171
954,G,2020-10-26,0 days 15:59:10.107842,54451,35.53,35.51,551,201,309,-2391
955,G,2020-10-26,0 days 15:59:11.107893,54760,35.53,35.51,100,301,-1322,309
956,G,2020-10-26,0 days 15:59:12.107013,54582,35.52,35.51,200,300,178,-1322
957,G,2020-10-26,0 days 15:59:36.102141,54760,35.52,35.5,313,500,-415,142
958,GE,2020-10-26,0 days 15:59:19.245855,4878335,7.38,7.37,97346,287064,-7629,180971
959,GE,2020-10-26,0 days 15:59:24.245081,4895364,7.38,7.37,141004,211518,186120,-156424
960,GE,2020-10-26,0 days 15:59:25.246550,4929184,7.38,7.37,136504,195518,-61721,186120
961,GE,2020-10-26,0 days 15:59:46.247183,5310758,7.39,7.38,113281,184139,36938,-339508
962,GE,2020-10-26,0 days 15:59:47.246628,5298296,7.39,7.38,111681,231489,-31662,36938
963,GEN,2020-10-26,0 days 15:58:11.232416,312,0.45,0.44,19250,4900,-1114,147
964,GEO,2020-10-26,0 days 15:55:43.218553,81256,8.66,8.65,4915,5343,-4274,296
965,GEO,2020-10-26,0 days 15:55:44.218603,78430,8.66,8.65,4815,5438,2826,-4274
966,GEO,2020-10-26,0 days 15:58:30.225687,91799,8.62,8.61,1691,1900,-1414,2086
967,GEO,2020-10-26,0 days 15:58:31.225480,90113,8.62,8.61,1691,2100,1186,-1414
968,GEO,2020-10-26,0 days 15:59:02.226986,89534,8.63,8.62,1816,3533,-786,455
969,GEO,2020-10-26,0 days 15:59:03.226708,88520,8.63,8.62,3716,585,514,-786
970,GEO,2020-10-26,0 days 15:59:14.227653,92709,8.63,8.62,6096,386,-1127,989
971,GFI,2020-10-26,0 days 15:56:27.221522,71352,11.53,11.52,31679,14083,-2052,828
972,GFI,2020-10-26,0 days 15:56:28.221838,66804,11.53,11.52,31679,14183,4548,-2052
973,GGB,2020-10-26,0 days 15:59:36.285175,36950,4.09,4.08,15832,152275,-16942,22156
974,GLW,2020-10-26,0 days 15:57:36.222202,831205,34.26,34.25,1200,1737,7056,-1244
975,GLW,2020-10-26,0 days 15:57:37.222210,813161,34.26,34.25,450,2448,-18044,7056
976,GLW,2020-10-26,0 days 15:57:40.222011,831205,34.27,34.26,428,1852,4056,-1044
977,GLW,2020-10-26,0 days 15:57:41.222172,811261,34.28,34.27,700,1364,-19944,4056
978,GLW,2020-10-26,0 days 15:59:28.227236,860415,34.27,34.26,3300,411,7919,-2828
979,GLW,2020-10-26,0 days 15:59:29.227258,846624,34.28,34.27,1537,600,-13791,7919
980,GLW,2020-10-26,0 days 15:59:38.227685,860382,34.28,34.27,3148,600,3706,-3694
981,GLW,2020-10-26,0 days 15:59:48.230238,854063,34.27,34.26,4418,600,-6319,4006
982,GM,2020-10-26,0 days 15:56:01.222485,546778,35.79,35.78,6051,4246,-297,1382
983,GM,2020-10-26,0 days 15:56:02.222362,543375,35.77,35.76,4818,3500,3403,-297
984,GM,2020-10-26,0 days 15:56:10.221602,546778,35.78,35.77,3005,3897,-2045,1503
985,GM,2020-10-26,0 days 15:56:11.221468,545075,35.78,35.77,3121,2197,1703,-2045
986,GM,2020-10-26,0 days 15:56:33.222085,546778,35.8,35.79,6346,298,-1118,1703
987,GM,2020-10-26,0 days 15:56:34.221647,544296,35.8,35.78,9244,6107,2482,-1118
988,GM,2020-10-26,0 days 15:57:32.220624,546667,35.83,35.82,6225,2477,2027,-3173
989,GM,2020-10-26,0 days 15:57:34.220469,548694,35.83,35.82,3039,5604,-5773,2027
990,GM,2020-10-26,0 days 15:57:36.220707,546667,35.83,35.82,4335,4185,2027,-2873
991,GM,2020-10-26,0 days 15:57:40.220516,548694,35.83,35.82,5331,3744,-473,2027
992,GM,2020-10-26,0 days 15:57:41.220396,547167,35.83,35.82,5956,2044,1527,-473
993,GM,2020-10-26,0 days 15:57:42.220785,548694,35.83,35.82,6486,1344,-3073,1527
994,GM,2020-10-26,0 days 15:57:44.220779,547166,35.82,35.81,1024,6689,1528,-1472
995,GM,2020-10-26,0 days 15:57:52.220580,548717,35.83,35.82,3774,4491,-692,1551
996,GM,2020-10-26,0 days 15:57:53.220780,547409,35.83,35.82,5809,2898,1308,-692
997,GM,2020-10-26,0 days 15:57:56.220931,548717,35.83,35.82,6322,1847,-392,1308
998,GM,2020-10-26,0 days 15:57:57.221574,543982,35.83,35.82,6284,2247,4735,-392
999,GM,2020-10-26,0 days 15:58:01.222367,538938,35.84,35.83,5474,1594,-8644,1135
1000,GM,2020-10-26,0 days 15:58:12.222502,539997,35.83,35.82,8406,1101,268,-316
1001,GM,2020-10-26,0 days 15:58:28.223531,539797,35.82,35.81,1163,6524,850,-4050
1002,GM,2020-10-26,0 days 15:58:48.223752,540647,35.83,35.82,8469,350,-9950,1302
1003,GM,2020-10-26,0 days 15:59:16.224300,552420,35.83,35.82,7849,4627,-40196,260
1004,GNW,2020-10-26,0 days 15:55:34.253071,441160,3.84,3.83,28101,16259,102,-8198
1005,GNW,2020-10-26,0 days 15:55:43.252491,441262,3.84,3.83,28301,16859,-44498,102
1006,GNW,2020-10-26,0 days 15:59:08.263019,487085,3.84,3.83,29990,9227,2626,-14660
1007,GNW,2020-10-26,0 days 15:59:09.260188,483611,3.84,3.83,29990,8878,-3174,2626
1008,GOLD,2020-10-26,0 days 15:56:27.253410,166193,26.61,26.6,33262,11629,-418,2322
1009,GOLD,2020-10-26,0 days 15:57:00.254681,159963,26.62,26.61,39433,13668,6230,-1770
1010,GOLD,2020-10-26,0 days 15:59:46.253624,170876,26.61,26.6,49853,3951,-3674,2793
1011,GOLD,2020-10-26,0 days 15:59:47.253312,170650,26.61,26.6,51741,4400,226,-3674
1012,GPK,2020-10-26,0 days 15:55:41.225285,155689,13.96,13.95,3500,21131,57013,-2549
1013,GPK,2020-10-26,0 days 15:55:42.225764,150702,13.96,13.95,3852,20265,-4987,57013
1014,GPK,2020-10-26,0 days 15:56:09.225591,158401,13.97,13.96,7302,10050,301,-5922
1015,GPK,2020-10-26,0 days 15:56:59.227117,166084,13.98,13.97,6600,8505,-3817,5783
1016,GPK,2020-10-26,0 days 15:57:00.227632,165301,13.98,13.97,4800,10085,783,-3817
1017,GPK,2020-10-26,0 days 15:57:58.228340,180101,13.98,13.97,1622,20663,214,-8886
1018,GPK,2020-10-26,0 days 15:59:46.233889,232405,13.99,13.98,4688,13639,6543,-2616
1019,GPK,2020-10-26,0 days 15:59:47.234132,230248,13.99,13.98,5070,12831,-2157,6543
1020,GPS,2020-10-26,0 days 15:59:29.103121,853133,20.6,20.59,3210,5564,-47989,2414
1021,GS,2020-10-26,0 days 15:55:01.219062,234751,200.34,200.28,210,529,11127,-10073
1022,GS,2020-10-26,0 days 15:55:02.218313,233183,200.38,200.32,400,200,-1568,11127
1023,GS,2020-10-26,0 days 15:55:04.219009,234751,200.38,200.34,400,100,3268,-1568
1024,GS,2020-10-26,0 days 15:55:05.217594,233719,200.46,200.4,200,100,-1032,3268
1025,GS,2020-10-26,0 days 15:55:33.221129,235609,200.7,200.59,100,100,15674,-1426
1026,GS,2020-10-26,0 days 15:55:34.221275,234679,200.65,200.59,400,200,-730,15674
1027,GS,2020-10-26,0 days 15:55:39.221181,235559,200.65,200.61,200,100,4169,-804
1028,GS,2020-10-26,0 days 15:55:40.221343,235428,200.69,200.63,100,100,-131,4169
1029,GS,2020-10-26,0 days 15:56:05.221303,256857,200.55,200.46,402,100,2138,-1889
1030,GS,2020-10-26,0 days 15:56:06.220799,254512,200.62,200.53,100,200,-2345,2138
1031,GS,2020-10-26,0 days 15:56:31.221489,240158,200.82,200.75,100,100,18571,-2565
1032,GS,2020-10-26,0 days 15:56:32.222144,239572,200.81,200.67,200,100,-586,18571
1033,GS,2020-10-26,0 days 15:56:47.222358,240158,200.86,200.74,100,132,18523,-2564
1034,GS,2020-10-26,0 days 15:56:48.221699,239824,200.9,200.81,388,300,-334,18523
1035,GS,2020-10-26,0 days 15:57:31.219881,242881,200.95,200.88,8018,221,17282,-3870
1036,GS,2020-10-26,0 days 15:57:32.220193,241900,201.0,200.93,100,100,-981,17282
1037,GS,2020-10-26,0 days 15:57:35.220837,246981,201.0,200.91,200,100,2761,-1076
1038,GS,2020-10-26,0 days 15:57:36.220300,246205,201.0,200.83,100,300,-1676,2761
1039,GS,2020-10-26,0 days 15:57:41.219991,247381,200.96,200.83,100,400,18472,-2718
1040,GS,2020-10-26,0 days 15:57:42.220721,244085,200.98,200.83,200,400,-4496,18472
1041,GS,2020-10-26,0 days 15:57:49.219511,249098,201.05,200.95,401,200,430,-1470
1042,GS,2020-10-26,0 days 15:57:50.220430,248028,201.02,200.95,100,200,-1070,430
1043,GS,2020-10-26,0 days 15:57:51.220533,249711,201.05,200.96,101,100,1462,-1070
1044,GS,2020-10-26,0 days 15:57:52.220526,248673,201.05,200.96,154,200,-1038,1462
1045,GS,2020-10-26,0 days 15:58:27.223258,259120,201.26,201.17,300,100,17251,-3949
1046,GS,2020-10-26,0 days 15:58:28.223097,256823,201.26,201.1,300,100,-7097,17251
1047,GS,2020-10-26,0 days 15:58:49.222718,265182,201.32,201.28,100,100,16735,-4402
1048,GS,2020-10-26,0 days 15:58:50.223791,262154,201.4,201.3,353,200,-3028,16735
1049,GS,2020-10-26,0 days 15:59:45.226034,303095,201.3,201.18,988,803,129,-71
1050,GS,2020-10-26,0 days 15:59:55.228385,295695,201.27,201.09,300,100,2181,-9210
1051,GS,2020-10-26,0 days 15:59:57.228345,293885,201.36,201.09,200,600,-9210,2250
1052,GSK,2020-10-26,0 days 15:55:00.251114,27500,35.2,35.19,4689,5900,-20462,5067
1053,GSK,2020-10-26,0 days 15:59:05.259776,61232,35.23,35.22,16932,300,46,-213
1054,GSK,2020-10-26,0 days 15:59:08.263078,61278,35.23,35.22,14572,3912,-1298,46
1055,GSK,2020-10-26,0 days 15:59:22.251563,62576,35.23,35.22,14346,3700,524,-1126
1056,GSK,2020-10-26,0 days 15:59:43.252622,61000,35.21,35.2,18924,400,-1063,1137
1057,GSK,2020-10-26,0 days 15:59:46.253890,62063,35.21,35.2,18824,763,3313,-1063
1058,GSK,2020-10-26,0 days 15:59:47.253337,61276,35.21,35.2,18224,763,-787,3313
1059,GSX,2020-10-26,0 days 15:59:47.117591,59326,68.01,67.98,100,300,1941,-1264
1060,GSX,2020-10-26,0 days 15:59:48.123663,57567,68.01,67.98,200,400,-1759,1941
1061,HAL,2020-10-26,0 days 15:59:09.231885,580736,12.8,12.79,7704,33784,100899,-10172
1062,HAL,2020-10-26,0 days 15:59:10.232526,585033,12.81,12.8,7300,22095,-15153,100899
1063,HBI,2020-10-26,0 days 15:59:16.224476,159386,17.46,17.45,5792,6853,19191,-3522
1064,HBI,2020-10-26,0 days 15:59:17.224487,157504,17.46,17.45,5566,7486,-1882,19191
1065,HL,2020-10-26,0 days 15:59:46.247045,244989,5.09,5.08,69373,25525,7266,-5459
1066,HLT,2020-10-26,0 days 15:58:06.105065,110151,90.29,90.23,100,400,1933,-2367
1067,HLT,2020-10-26,0 days 15:58:49.105513,114121,90.41,90.35,300,100,-5349,417
1068,HLT,2020-10-26,0 days 15:58:50.105703,112770,90.41,90.35,200,200,1403,-5349
1069,HLT,2020-10-26,0 days 15:59:31.102421,117527,90.41,90.34,400,105,-2855,127
1070,HLT,2020-10-26,0 days 15:59:46.103265,116643,90.39,90.32,800,203,-4021,2057
1071,HLT,2020-10-26,0 days 15:59:53.103075,112582,90.4,90.29,800,364,5245,-921
1072,HLT,2020-10-26,0 days 15:59:56.104669,116643,90.45,90.33,100,100,-921,5045
1073,HLT,2020-10-26,0 days 15:59:58.104838,116564,90.45,90.33,100,100,963,-921
1074,HMY,2020-10-26,0 days 15:59:36.284741,65376,5.13,5.12,65796,89687,-15757,18943
1075,HMY,2020-10-26,0 days 15:59:37.283995,64233,5.13,5.12,65796,83437,1143,-15757
1076,HMY,2020-10-26,0 days 15:59:45.285072,65376,5.13,5.12,62280,77921,-3449,1143
1077,HMY,2020-10-26,0 days 15:59:46.284300,64525,5.13,5.12,62280,77921,2411,-3449
1078,HOG,2020-10-26,0 days 15:55:00.280786,246557,28.91,28.9,1163,1315,-2869,11069
1079,HOG,2020-10-26,0 days 15:57:35.284694,266859,28.94,28.93,779,1556,534,-1266
1080,HOG,2020-10-26,0 days 15:57:36.284460,263693,28.95,28.94,400,650,-3166,534
1081,HOG,2020-10-26,0 days 15:59:01.288534,267326,28.95,28.94,100,1700,876,-5018
1082,HOG,2020-10-26,0 days 15:59:02.288126,265500,28.96,28.95,915,700,-1726,876
1083,HOG,2020-10-26,0 days 15:59:20.287565,269237,28.97,28.96,200,1500,1069,-1886
1084,HOG,2020-10-26,0 days 15:59:21.287183,269096,28.98,28.97,288,600,-341,1069
1085,HOG,2020-10-26,0 days 15:59:43.285544,270077,28.97,28.94,800,800,144,-66
1086,HOME,2020-10-26,0 days 15:56:59.109477,34723,21.8,21.79,340,508,1038,-962
1087,HOME,2020-10-26,0 days 15:57:00.109468,33861,21.82,21.8,401,300,-862,1038
1088,HOME,2020-10-26,0 days 15:59:15.116237,39678,21.83,21.81,100,100,-423,477
1089,HOME,2020-10-26,0 days 15:59:17.116087,40005,21.81,21.8,100,100,173,-423
1090,HOME,2020-10-26,0 days 15:59:32.117006,40178,21.81,21.8,100,321,-1404,173
1091,HOME,2020-10-26,0 days 15:59:49.119144,43327,21.95,21.92,300,100,-443,177
1092,HOME,2020-10-26,0 days 15:59:56.120623,42912,21.92,21.86,500,300,2001,-2243
1093,HP,2020-10-26,0 days 15:57:15.226016,48295,14.98,14.97,101,1603,785,-915
1094,HP,2020-10-26,0 days 15:57:16.226010,47180,14.98,14.97,208,1603,-1015,785
1095,HP,2020-10-26,0 days 15:58:49.230774,52277,14.97,14.96,257,900,-1975,21725
1096,HP,2020-10-26,0 days 15:59:10.232717,54890,14.97,14.96,1441,1660,9,-991
1097,HP,2020-10-26,0 days 15:59:12.232777,53854,14.98,14.97,600,2300,-1036,364
1098,HP,2020-10-26,0 days 15:59:17.233100,56444,14.98,14.97,800,2200,1576,-1990
1099,HP,2020-10-26,0 days 15:59:18.232978,55620,14.98,14.97,500,2113,-224,1576
1100,HPE,2020-10-26,0 days 15:59:45.103696,1037829,9.08,9.07,17135,35618,3196,-1704
1101,HPE,2020-10-26,0 days 15:59:47.102417,1008865,9.08,9.07,10217,28790,-29625,3196
1102,HPQ,2020-10-26,0 days 15:58:58.258634,695936,18.24,18.23,4874,15237,238,-28
1103,HPQ,2020-10-26,0 days 15:59:00.263094,696174,18.24,18.23,5774,13329,-62,238
1104,HPQ,2020-10-26,0 days 15:59:20.252493,658816,18.25,18.24,11854,4655,-3431,14670
1105,HPQ,2020-10-26,0 days 15:59:26.252226,719714,18.23,18.22,2500,14725,-14445,27055
1106,HPQ,2020-10-26,0 days 15:59:34.252232,763918,18.24,18.23,11097,12625,7223,-6442
1107,HPQ,2020-10-26,0 days 15:59:35.251775,758441,18.24,18.23,8197,9725,-5718,7223
1108,HPQ,2020-10-26,0 days 15:59:43.252583,765951,18.24,18.23,10741,11188,1114,-6841
1109,HPQ,2020-10-26,0 days 15:59:47.253258,763122,18.24,18.23,5441,12488,-14989,6571
1110,HRB,2020-10-26,0 days 15:55:37.246631,183495,18.37,18.36,1600,4767,-943,752
1111,HRB,2020-10-26,0 days 15:55:45.246472,185918,18.37,18.36,809,4755,-879,3021
1112,HRB,2020-10-26,0 days 15:55:46.246407,185397,18.37,18.36,1513,4533,521,-879
1113,HRB,2020-10-26,0 days 15:55:48.246625,186212,18.37,18.36,2618,3958,-2520,521
1114,HRB,2020-10-26,0 days 15:59:05.254987,197128,18.38,18.37,4927,2506,3392,-7271
1115,HSBC,2020-10-26,0 days 15:59:20.227045,53133,20.74,20.73,13495,15467,2884,-372
1116,HSBC,2020-10-26,0 days 15:59:21.227095,52117,20.74,20.73,10199,16867,-1016,2884
1117,HST,2020-10-26,0 days 15:59:27.224840,711005,11.2,11.19,39615,331,4445,-12127
1118,HST,2020-10-26,0 days 15:59:31.225418,715450,11.2,11.19,33009,1099,-16391,4445
1119,HTZ,2020-10-26,0 days 15:59:01.108274,96057,1.68,1.67,2466,161218,29295,-45605
1120,HYLN,2020-10-26,0 days 15:58:25.251360,25671,20.9,20.77,300,100,487,-310
1121,HYLN,2020-10-26,0 days 15:58:26.251625,23758,20.9,20.8,300,11100,-1913,487
1122,IBM,2020-10-26,0 days 15:56:14.098027,366509,112.04,112.02,115,100,1483,-952
1123,IBM,2020-10-26,0 days 15:56:15.097976,362237,112.06,112.03,656,100,-4272,1483
1124,IBM,2020-10-26,0 days 15:58:49.104217,391503,112.08,112.03,302,100,754,-2530
1125,IBM,2020-10-26,0 days 15:58:50.105396,387063,112.08,112.04,719,379,-4840,754
1126,IBM,2020-10-26,0 days 15:59:46.102838,425547,112.15,112.11,100,1079,-1285,6342
1127,IBM,2020-10-26,0 days 15:59:47.102169,426832,112.13,112.11,1175,614,874,-1285
1128,IBM,2020-10-26,0 days 15:59:48.106877,426342,112.17,112.14,525,600,-1390,874
1129,IBN,2020-10-26,0 days 15:59:45.248037,173372,11.07,11.06,34824,70374,-1039,8385
1130,ICE,2020-10-26,0 days 15:55:00.224238,219649,97.58,97.55,409,1217,27039,-15926
1131,ICE,2020-10-26,0 days 15:55:56.225947,251249,97.71,97.7,1169,305,-10420,14480
1132,ICE,2020-10-26,0 days 15:55:57.225652,249869,97.7,97.69,1169,434,1380,-10420
1133,ICE,2020-10-26,0 days 15:56:43.226265,267449,97.67,97.65,1130,225,-27,2090
1134,ICE,2020-10-26,0 days 15:56:52.227206,267476,97.68,97.64,233,425,670,-227
1135,ICE,2020-10-26,0 days 15:56:53.226829,266946,97.68,97.64,333,1425,-530,670
1136,ICE,2020-10-26,0 days 15:57:10.226769,270239,97.74,97.67,1200,1600,2907,-693
1137,ICE,2020-10-26,0 days 15:57:11.226088,269446,97.72,97.67,100,1500,-793,2907
1138,ICE,2020-10-26,0 days 15:57:33.227031,270239,97.75,97.73,291,678,1141,-259
1139,ICE,2020-10-26,0 days 15:57:34.227314,269880,97.78,97.74,1000,262,-359,1141
1140,ICE,2020-10-26,0 days 15:57:52.227743,273280,97.79,97.75,1600,1000,-59,2341
1141,ICE,2020-10-26,0 days 15:58:02.228918,273306,97.8,97.77,1200,200,-3426,1420
1142,ICE,2020-10-26,0 days 15:58:06.229006,274130,97.79,97.77,139,100,2223,-1877
1143,ICE,2020-10-26,0 days 15:58:07.229606,275805,97.79,97.78,139,329,-17535,2223
1144,ICE,2020-10-26,0 days 15:59:28.232444,347679,97.82,97.78,275,100,-3838,6846
1145,ICE,2020-10-26,0 days 15:59:30.236813,351517,97.86,97.78,550,495,3076,-3845
1146,ICE,2020-10-26,0 days 15:59:31.233157,350093,97.86,97.78,858,495,-1424,3076
1147,ICE,2020-10-26,0 days 15:59:37.233128,362994,97.81,97.75,100,100,2494,-4625
1148,ICE,2020-10-26,0 days 15:59:38.233393,361488,97.81,97.79,100,100,-1506,2494
1149,ICE,2020-10-26,0 days 15:59:40.234127,361691,97.79,97.73,750,600,2108,-1506
1150,ICE,2020-10-26,0 days 15:59:42.233391,359852,97.76,97.71,805,400,-639,1361
1151,ICE,2020-10-26,0 days 15:59:43.233698,360491,97.75,97.7,674,400,1158,-639
1152,ICE,2020-10-26,0 days 15:59:55.235524,361040,97.77,97.68,500,300,6288,-65
1153,ICE,2020-10-26,0 days 15:59:56.236085,360975,97.8,97.68,100,300,-65,6288
1154,INFY,2020-10-26,0 days 15:57:50.254877,236511,14.9,14.89,67925,27198,18881,-4819
1155,INFY,2020-10-26,0 days 15:57:51.254676,234792,14.9,14.89,66325,28698,-1719,18881
1156,INFY,2020-10-26,0 days 15:59:19.253015,248483,14.89,14.88,57140,36300,368,-2170
1157,INFY,2020-10-26,0 days 15:59:22.251401,245289,14.89,14.88,73440,2900,-3194,368
1158,INFY,2020-10-26,0 days 15:59:49.253604,248483,14.89,14.88,66840,32599,593,-865
1159,INFY,2020-10-26,0 days 15:59:50.257042,224707,14.89,14.88,57924,43399,-23776,593
1160,IPG,2020-10-26,0 days 15:59:07.288776,376606,18.98,18.97,4618,2586,15982,-6065
1161,IPG,2020-10-26,0 days 15:59:08.289845,372078,19.0,18.99,4644,699,-11736,15982
1162,IPG,2020-10-26,0 days 15:59:14.289465,388925,19.0,18.99,2200,3900,24453,-8195
1163,IPG,2020-10-26,0 days 15:59:15.288892,383578,19.0,18.99,2200,4621,-5347,24453
1164,IPG,2020-10-26,0 days 15:59:28.284450,394965,19.0,18.99,1545,4800,303,-9321
1165,IPG,2020-10-26,0 days 15:59:30.285286,389568,19.01,19.0,3327,2356,-5397,21403
1166,IPG,2020-10-26,0 days 15:59:43.285557,395419,18.99,18.98,6591,3031,5152,-1951
1167,IPOC,2020-10-26,0 days 15:59:41.220562,6008,10.1,10.09,517,863,324,-376
1168,IPOC,2020-10-26,0 days 15:59:46.220164,6332,10.1,10.09,517,300,-375,324
1169,IPOC,2020-10-26,0 days 15:59:47.219946,6107,10.1,10.09,517,300,225,-375
1170,ITUB,2020-10-26,0 days 15:57:45.250100,191078,4.53,4.52,507504,96629,-4641,11059
1171,ITUB,2020-10-26,0 days 15:59:17.245325,212273,4.53,4.52,391189,567676,3156,-52092
1172,ITUB,2020-10-26,0 days 15:59:18.245384,215429,4.53,4.52,391189,567676,-18081,3156
1173,ITUB,2020-10-26,0 days 15:59:20.245645,234110,4.53,4.52,396889,561876,1829,-18081
1174,ITUB,2020-10-26,0 days 15:59:25.246636,235939,4.53,4.52,401589,553672,-129242,1537
1175,IVZ,2020-10-26,0 days 15:57:50.249989,439904,13.79,13.78,5000,11840,-2454,5647
1176,IVZ,2020-10-26,0 days 15:57:51.249347,431658,13.79,13.78,6600,12146,8246,-2454
1177,IVZ,2020-10-26,0 days 15:58:16.250779,440502,13.8,13.79,9056,9207,-12262,8526
1178,IVZ,2020-10-26,0 days 15:58:17.251017,431964,13.8,13.79,9056,8907,8538,-12262
1179,IVZ,2020-10-26,0 days 15:58:19.252339,440502,13.8,13.79,9210,8507,-4162,8538
1180,IVZ,2020-10-26,0 days 15:58:20.251942,431964,13.8,13.79,9211,8907,8538,-4162
1181,IVZ,2020-10-26,0 days 15:58:44.251451,432899,13.81,13.8,7534,8480,7603,-697
1182,IVZ,2020-10-26,0 days 15:59:10.254765,441945,13.8,13.79,10424,4498,-11650,4688
1183,IVZ,2020-10-26,0 days 15:59:11.254952,438487,13.78,13.77,8897,7634,3659,-11650
1184,IVZ,2020-10-26,0 days 15:59:17.244980,441945,13.79,13.78,10640,9634,-4536,3165
1185,IVZ,2020-10-26,0 days 15:59:18.244975,439381,13.79,13.78,12372,4400,2564,-4536
1186,IVZ,2020-10-26,0 days 15:59:31.245453,442501,13.79,13.78,14403,8099,-12066,2403
1187,JCI,2020-10-26,0 days 15:56:02.110267,155011,42.85,42.84,4528,201,-2319,181
1188,JCI,2020-10-26,0 days 15:56:03.107254,154730,42.84,42.83,612,3400,281,-2319
1189,JCI,2020-10-26,0 days 15:56:33.108468,156186,42.86,42.85,2453,4222,-14644,356
1190,JCI,2020-10-26,0 days 15:57:56.111347,177135,42.9,42.89,2419,2897,3651,-2449
1191,JCI,2020-10-26,0 days 15:59:09.115807,197576,42.99,42.98,2808,2457,1394,-4372
1192,JCI,2020-10-26,0 days 15:59:10.117745,195370,42.99,42.98,228,5034,-1906,1394
1193,JCI,2020-10-26,0 days 15:59:13.115271,195814,42.99,42.98,200,6117,-2512,3638
1194,JCI,2020-10-26,0 days 15:59:29.117440,194501,42.98,42.97,2700,1832,-3625,1075
1195,JCI,2020-10-26,0 days 15:59:46.117625,191801,42.96,42.95,2119,1200,-438,3962
1196,JMIA,2020-10-26,0 days 15:55:00.219605,132114,17.92,17.91,200,200,-16848,54940
1197,JMIA,2020-10-26,0 days 15:56:04.221594,150429,18.0,17.99,900,100,5054,-7146
1198,JMIA,2020-10-26,0 days 15:56:05.221505,149683,18.0,17.99,600,200,-746,5054
1199,JMIA,2020-10-26,0 days 15:56:59.221214,151239,18.03,18.01,100,300,1244,-656
1200,JMIA,2020-10-26,0 days 15:57:00.221597,150583,18.03,18.01,100,300,-656,1244
1201,JMIA,2020-10-26,0 days 15:57:42.220892,152439,17.99,17.96,300,400,1944,-356
1202,JMIA,2020-10-26,0 days 15:57:43.220689,152183,17.99,17.96,300,300,-256,1944
1203,JMIA,2020-10-26,0 days 15:57:44.220860,152439,17.99,17.96,300,300,1444,-256
1204,JMIA,2020-10-26,0 days 15:57:45.220875,152183,17.99,17.96,300,300,-256,1444
1205,JMIA,2020-10-26,0 days 15:57:52.220704,154839,18.0,17.99,663,300,844,-456
1206,JMIA,2020-10-26,0 days 15:57:53.220907,154383,18.0,17.99,463,400,-456,844
1207,JMIA,2020-10-26,0 days 15:57:55.221495,154839,18.0,17.99,787,100,244,-456
1208,JMIA,2020-10-26,0 days 15:57:56.221078,154383,18.0,17.99,563,300,-456,244
1209,JMIA,2020-10-26,0 days 15:58:28.223666,155039,18.01,18.0,600,100,523,-2977
1210,JMIA,2020-10-26,0 days 15:58:29.222951,152662,18.01,18.0,700,300,-2377,523
1211,JMIA,2020-10-26,0 days 15:59:10.227226,156588,18.03,18.01,400,300,-1550,2249
1212,JMIA,2020-10-26,0 days 15:59:15.225100,154594,18.01,17.99,200,100,-1047,2756
1213,JMIA,2020-10-26,0 days 15:59:16.224456,155641,18.01,17.98,300,200,353,-1047
1214,JMIA,2020-10-26,0 days 15:59:28.223734,154794,18.02,17.99,100,100,-847,1853
1215,JMIA,2020-10-26,0 days 15:59:49.226179,155641,18.01,17.97,100,100,8353,-6179
1216,JNJ,2020-10-26,0 days 15:59:25.286136,1235183,143.79,143.74,100,100,31616,-215324
1217,JNJ,2020-10-26,0 days 15:59:40.285634,1275321,143.88,143.85,501,850,998,-2302
1218,JNJ,2020-10-26,0 days 15:59:48.284652,1287905,143.93,143.89,100,400,21635,-2808
1219,JNPR,2020-10-26,0 days 15:55:47.219155,171793,21.88,21.87,700,3899,1333,-501
1220,JNPR,2020-10-26,0 days 15:59:02.226954,186497,21.87,21.86,2908,2191,3,-989
1221,JNPR,2020-10-26,0 days 15:59:06.226993,184287,21.87,21.86,2869,2891,-610,1581
1222,JNPR,2020-10-26,0 days 15:59:08.229997,185838,21.87,21.86,2739,3591,12711,-1151
1223,JPM,2020-10-26,0 days 15:58:27.233093,1139448,101.43,101.41,700,1300,-10871,13230
1224,JPM,2020-10-26,0 days 15:58:28.232741,1106019,101.39,101.38,500,482,33530,-10871
1225,JPM,2020-10-26,0 days 15:58:41.233107,1145150,101.42,101.41,1100,200,-6469,10041
1226,JPM,2020-10-26,0 days 15:58:42.233206,1136719,101.42,101.41,600,200,8431,-6469
1227,JPM,2020-10-26,0 days 15:58:49.233156,1137819,101.41,101.4,310,200,7331,-17669
1228,JPM,2020-10-26,0 days 15:59:08.235714,1148676,101.4,101.38,607,100,-55262,12682
1229,JPM,2020-10-26,0 days 15:59:09.233562,1147138,101.38,101.37,528,300,708,-55262
1230,JPM,2020-10-26,0 days 15:59:25.219277,1207214,101.28,101.27,960,400,-105968,7116
1231,JPM,2020-10-26,0 days 15:59:56.221663,1345952,101.18,101.16,100,1013,-25094,1497
1232,JWN,2020-10-26,0 days 15:55:34.218668,223725,13.18,13.17,2800,7186,-1517,1783
1233,JWN,2020-10-26,0 days 15:55:35.218439,214642,13.18,13.17,2500,6986,9083,-1517
1234,KAR,2020-10-26,0 days 15:56:59.227032,64457,14.43,14.42,1607,908,281,-1618
1235,KAR,2020-10-26,0 days 15:57:00.227583,62738,14.43,14.42,1507,1740,-1719,281
1236,KAR,2020-10-26,0 days 15:58:27.230768,64571,14.46,14.45,600,535,195,-1228
1237,KAR,2020-10-26,0 days 15:58:28.230407,64271,14.46,14.45,800,1895,-300,195
