,Symbol,Timestamp,TIME,iPaired,Ask_P,Bid_P,Ask_S,Bid_S,iShares,PreviShares
0,AA,2020-11-09,0 days 15:55:22.350217,225322,15.76,15.75,4497,2831,-5801,4699
1,AA,2020-11-09,0 days 15:55:25.354811,222915,15.75,15.74,4763,2200,2407,-5801
2,AA,2020-11-09,0 days 15:55:26.351069,217922,15.75,15.74,3983,2007,-4993,2407
3,AA,2020-11-09,0 days 15:55:48.352588,231423,15.75,15.74,5101,2900,5000,-6500
4,AA,2020-11-09,0 days 15:55:49.351299,226023,15.75,15.74,1201,4272,-5400,5000
5,AA,2020-11-09,0 days 15:56:07.355000,218915,15.73,15.72,2138,2572,-4300,6800
6,AA,2020-11-09,0 days 15:58:29.361551,231322,15.76,15.75,2021,6342,-4583,2617
7,AA,2020-11-09,0 days 15:58:35.363822,227697,15.74,15.73,1221,3100,3625,-4583
8,AA,2020-11-09,0 days 15:58:38.359697,224422,15.73,15.72,1300,3821,-3275,225
9,AA,2020-11-09,0 days 15:58:52.358486,224722,15.72,15.71,2403,4681,-2975,1425
10,AA,2020-11-09,0 days 15:59:14.361960,234023,15.73,15.72,1559,6348,6259,-7361
11,AA,2020-11-09,0 days 15:59:15.361758,231882,15.73,15.72,759,6448,-2141,6259
12,AA,2020-11-09,0 days 15:59:21.360024,234023,15.73,15.72,3137,5907,19771,-2141
13,AA,2020-11-09,0 days 15:59:22.358982,233394,15.73,15.72,2495,7207,-629,19771
14,AA,2020-11-09,0 days 15:59:27.360229,234023,15.74,15.73,4400,1000,4471,-629
15,AA,2020-11-09,0 days 15:59:28.359135,233394,15.74,15.73,4700,700,-629,4471
16,ABBV,2020-11-09,0 days 15:55:00.105013,946711,95.65,95.61,650,204,-7476,121583
17,ABBV,2020-11-09,0 days 15:56:51.109800,1022420,95.42,95.39,500,201,268,-23242
18,ABBV,2020-11-09,0 days 15:57:06.110774,1015491,95.39,95.38,100,110,-9242,1138
19,ABBV,2020-11-09,0 days 15:59:46.114047,1215073,95.13,95.1,400,100,2911,-3075
20,ABBV,2020-11-09,0 days 15:59:48.114135,1212042,95.16,95.12,400,600,-14945,2902
21,ABBV,2020-11-09,0 days 15:59:58.112785,1222396,95.17,95.12,100,300,-17147,4145
22,ABEV,2020-11-09,0 days 15:55:17.276814,73402,2.66,2.65,361913,509800,22026,-12134
23,ABT,2020-11-09,0 days 15:59:32.280411,945317,109.41,109.35,500,100,-15882,8020
24,ABT,2020-11-09,0 days 15:59:33.279805,941699,109.33,109.26,100,600,3618,-15882
25,ABT,2020-11-09,0 days 15:59:39.279500,945517,109.36,109.32,100,100,-3522,2989
26,ABT,2020-11-09,0 days 15:59:40.282466,940942,109.4,109.32,400,100,3746,-3522
27,ACB,2020-11-09,0 days 16:00:00.255930,138716,11.25,11.2,4965,300,-18007,9693
28,ADM,2020-11-09,0 days 15:59:18.253735,745922,49.33,49.31,100,300,-13278,2222
29,ADM,2020-11-09,0 days 15:59:21.254785,739177,49.31,49.3,100,202,6745,-11342
30,ADM,2020-11-09,0 days 15:59:22.254312,760646,49.31,49.29,100,700,-5702,6745
31,ADM,2020-11-09,0 days 15:59:31.256019,761346,49.31,49.29,305,300,-10554,1239
32,ADM,2020-11-09,0 days 15:59:32.255350,770800,49.29,49.26,1000,300,7031,-10554
33,ADM,2020-11-09,0 days 15:59:37.255704,778843,49.29,49.27,500,200,-23318,1743
34,AEO,2020-11-09,0 days 15:55:01.287106,172249,16.29,16.28,4680,1124,596,-401
35,AEO,2020-11-09,0 days 15:55:02.286844,167145,16.29,16.28,6201,2224,-5104,596
36,AEO,2020-11-09,0 days 15:56:05.289918,172611,16.29,16.28,4438,7518,2678,-2464
37,AEO,2020-11-09,0 days 15:56:06.289949,168289,16.29,16.28,4535,6321,-4322,2678
38,AEO,2020-11-09,0 days 15:57:10.291314,176193,16.3,16.29,2659,3532,-4808,2092
39,AEO,2020-11-09,0 days 15:58:06.291389,191115,16.31,16.3,2250,7474,13581,-1690
40,AEO,2020-11-09,0 days 15:58:07.292761,186096,16.32,16.31,2323,7526,-4819,13581
41,AEO,2020-11-09,0 days 15:58:46.292866,183318,16.28,16.27,3065,1020,7816,-3381
42,AEO,2020-11-09,0 days 15:58:47.293151,181134,16.28,16.27,3000,2926,-1484,7816
43,AEO,2020-11-09,0 days 15:59:07.293973,191547,16.3,16.29,2297,2700,5222,-720
44,AEO,2020-11-09,0 days 15:59:17.288530,175794,16.3,16.29,2773,2301,-11253,1361
45,AEO,2020-11-09,0 days 15:59:27.289889,186747,16.3,16.29,2973,3265,5147,-9156
46,AEO,2020-11-09,0 days 15:59:28.288414,185894,16.3,16.29,3113,1565,-853,5147
47,AEO,2020-11-09,0 days 15:59:30.290211,184850,16.29,16.28,7021,900,1044,-853
48,AEO,2020-11-09,0 days 15:59:31.288635,184094,16.29,16.28,6229,1290,-56,1044
49,AEO,2020-11-09,0 days 15:59:33.288312,186450,16.29,16.28,7342,2990,17928,-456
50,AES,2020-11-09,0 days 15:58:57.254133,799301,21.0,20.99,7680,3700,-134269,66802
51,AES,2020-11-09,0 days 15:58:58.253274,781770,20.99,20.98,4700,2000,17931,-134269
52,AES,2020-11-09,0 days 15:59:02.256952,791170,21.0,20.99,5300,1150,3500,-6015
53,AES,2020-11-09,0 days 15:59:22.254079,836329,21.0,20.98,8422,3500,-36818,5485
54,AES,2020-11-09,0 days 15:59:37.255423,836816,20.96,20.95,8881,1300,4962,-13864
55,AES,2020-11-09,0 days 15:59:47.256443,857112,20.96,20.95,3861,1500,-25119,15153
56,AFL,2020-11-09,0 days 15:56:00.246678,560318,41.47,41.46,2183,2418,4143,-10001
57,AFL,2020-11-09,0 days 15:56:01.246835,550261,41.47,41.46,1383,2720,-10057,4143
58,AFL,2020-11-09,0 days 15:57:18.249338,558066,41.4,41.39,798,2909,6084,-1519
59,AFL,2020-11-09,0 days 15:57:19.247753,549950,41.4,41.39,1090,2225,-8116,6084
60,AFL,2020-11-09,0 days 15:58:37.250558,562955,41.47,41.45,3881,400,-4873,5265
61,AFL,2020-11-09,0 days 15:59:12.252686,579178,41.44,41.43,3016,828,-2296,2501
62,AFL,2020-11-09,0 days 15:59:13.252506,578628,41.43,41.42,1332,2022,550,-2296
63,AFL,2020-11-09,0 days 15:59:15.253092,580178,41.43,41.42,200,2517,-10609,14029
64,AFL,2020-11-09,0 days 15:59:16.252477,579387,41.43,41.42,399,2617,1275,-10609
65,AFL,2020-11-09,0 days 15:59:20.253043,595297,41.45,41.44,700,3399,4602,-100
66,AFL,2020-11-09,0 days 15:59:29.253624,596757,41.45,41.44,1725,500,8310,-352
67,AFL,2020-11-09,0 days 15:59:40.254768,625055,41.48,41.47,1060,2100,-5523,677
68,AFL,2020-11-09,0 days 15:59:41.253860,622478,41.48,41.47,1460,1600,2577,-5523
69,AFL,2020-11-09,0 days 15:59:43.254282,626355,41.48,41.47,2852,702,-7115,3677
70,AFL,2020-11-09,0 days 15:59:44.253586,624270,41.48,41.47,2652,799,2085,-7115
71,AFL,2020-11-09,0 days 15:59:46.254275,635474,41.47,41.46,3448,1100,-4678,7130
72,AG,2020-11-09,0 days 15:57:30.250465,66213,11.34,11.33,25629,11976,-9566,1334
73,AG,2020-11-09,0 days 15:57:31.250239,64379,11.34,11.33,25329,12076,1834,-9566
74,AG,2020-11-09,0 days 15:57:57.256357,66413,11.34,11.33,30004,5111,-266,34
75,AG,2020-11-09,0 days 15:58:59.254225,67881,11.32,11.31,15651,13077,-3392,956
76,AG,2020-11-09,0 days 15:59:08.254765,67514,11.32,11.31,14781,12415,3267,-1318
77,AG,2020-11-09,0 days 15:59:46.255661,79420,11.32,11.31,5853,25545,-4456,770
78,AG,2020-11-09,0 days 15:59:47.256644,79076,11.32,11.31,8553,24824,344,-4456
79,AIG,2020-11-09,0 days 15:55:34.251443,659045,37.68,37.67,800,800,1348,-5106
80,AIG,2020-11-09,0 days 15:56:04.251947,667286,37.66,37.65,1005,985,-4134,512
81,AIG,2020-11-09,0 days 15:56:05.252784,665420,37.66,37.65,1402,330,1866,-4134
82,AIG,2020-11-09,0 days 15:56:15.251932,672142,37.63,37.62,1576,800,-8518,1250
83,AIG,2020-11-09,0 days 15:56:16.251768,669517,37.63,37.62,2212,200,1325,-8518
84,AIG,2020-11-09,0 days 15:56:56.254143,713044,37.61,37.6,1664,2567,-2757,5143
85,AIG,2020-11-09,0 days 15:56:57.253860,708701,37.61,37.6,2564,1439,4343,-2757
86,AIG,2020-11-09,0 days 15:57:50.250124,728792,37.65,37.64,2249,4232,-29,4671
87,AIG,2020-11-09,0 days 15:57:59.252594,728569,37.67,37.66,1400,404,3123,-6077
88,AIG,2020-11-09,0 days 15:58:55.253934,729877,37.64,37.63,1442,1522,-7315,5141
89,AIG,2020-11-09,0 days 15:58:56.253815,725747,37.64,37.63,1242,1822,3330,-7315
90,AIG,2020-11-09,0 days 15:59:25.255526,860251,37.61,37.6,1280,1849,2246,-3759
91,AIG,2020-11-09,0 days 15:59:29.255504,862997,37.59,37.58,2184,600,-11020,1661
92,AIG,2020-11-09,0 days 15:59:38.255320,882655,37.55,37.54,1200,1600,3842,-10358
93,AIG,2020-11-09,0 days 15:59:41.256425,877755,37.55,37.54,1100,855,-5300,3442
94,AIG,2020-11-09,0 days 15:59:47.256832,879122,37.52,37.49,2300,600,-18269,18280
95,ALB,2020-11-09,0 days 15:57:22.275952,97585,116.96,116.86,480,221,-2585,2415
96,ALB,2020-11-09,0 days 15:57:23.273541,95670,116.95,116.86,201,100,1915,-2585
97,ALB,2020-11-09,0 days 15:57:34.272295,97761,117.06,116.95,100,121,-409,2091
98,ALB,2020-11-09,0 days 15:57:36.273326,96270,117.11,116.95,300,121,1491,-809
99,ALB,2020-11-09,0 days 15:57:41.274520,97761,117.09,116.99,100,112,-809,891
100,ALB,2020-11-09,0 days 15:57:42.272276,97370,117.11,116.99,100,200,391,-809
101,ALB,2020-11-09,0 days 15:57:57.274779,97761,117.09,116.95,100,300,-1061,3439
102,ALB,2020-11-09,0 days 15:57:58.272689,96822,117.09,116.95,200,300,940,-1061
103,ALB,2020-11-09,0 days 15:58:03.274612,97283,117.18,117.07,100,100,-3194,1706
104,ALB,2020-11-09,0 days 15:58:07.274992,96777,117.23,117.08,100,200,689,-11
105,ALB,2020-11-09,0 days 15:58:56.275402,97466,117.12,116.9,100,183,-1474,1026
106,ALB,2020-11-09,0 days 15:58:57.275282,96640,117.13,116.93,218,542,826,-1474
107,ALB,2020-11-09,0 days 15:59:01.276152,97466,117.18,117.03,400,170,-745,55
108,ALB,2020-11-09,0 days 15:59:02.276737,96911,117.18,117.03,501,242,555,-745
109,ALB,2020-11-09,0 days 15:59:21.275599,98618,116.99,116.87,200,649,-83,709
110,ALB,2020-11-09,0 days 15:59:29.276508,98101,116.98,116.87,300,100,517,-2383
111,ALB,2020-11-09,0 days 15:59:31.274942,98618,116.97,116.87,400,103,-4194,517
112,ALB,2020-11-09,0 days 15:59:32.274362,99312,116.79,116.72,620,100,544,-4194
113,ALB,2020-11-09,0 days 15:59:37.276019,99856,116.84,116.69,400,200,-1800,544
114,ALB,2020-11-09,0 days 15:59:43.275905,98551,116.79,116.69,100,200,1305,-295
115,ALB,2020-11-09,0 days 15:59:45.277526,99856,116.75,116.68,300,100,-136,305
116,ALB,2020-11-09,0 days 15:59:55.276769,99856,116.75,116.62,200,400,-585,1486
117,ALLY,2020-11-09,0 days 15:58:14.292073,289721,29.93,29.92,2160,2331,-567,5607
118,ALLY,2020-11-09,0 days 15:58:15.291325,284788,29.93,29.92,2760,1800,4533,-567
119,AM,2020-11-09,0 days 15:55:00.348260,346513,6.14,6.13,15371,4000,2156,-28036
120,AM,2020-11-09,0 days 15:56:01.352331,352549,6.15,6.14,6604,18079,-760,327
121,AM,2020-11-09,0 days 15:56:02.351802,351209,6.15,6.14,3900,17589,1340,-760
122,AM,2020-11-09,0 days 15:56:48.352706,352549,6.15,6.14,11748,15184,-2260,1340
123,AM,2020-11-09,0 days 15:56:49.353778,342309,6.15,6.14,6548,14184,10240,-2260
124,AM,2020-11-09,0 days 15:58:19.361752,369609,6.17,6.16,17203,18084,1680,-1220
125,AM,2020-11-09,0 days 15:59:13.359351,388481,6.15,6.14,7940,7388,-2557,3295
126,AM,2020-11-09,0 days 15:59:14.361990,385638,6.15,6.14,8540,7388,2843,-2557
127,AMC,2020-11-09,0 days 15:53:34.268481,153950,3.81,3.8,1737,29716,958,-1446
128,AMC,2020-11-09,0 days 15:58:38.288622,173454,3.77,3.76,3125,2413,7600,-10400
129,AMC,2020-11-09,0 days 15:58:39.285742,171854,3.77,3.76,2401,6613,-1600,7600
130,AMCR,2020-11-09,0 days 15:55:10.245250,656879,12.08,12.07,23850,4998,-2675,8915
131,AMCR,2020-11-09,0 days 15:55:17.244536,659554,12.07,12.06,18406,6922,4546,-2675
132,AMCR,2020-11-09,0 days 15:55:19.245133,664100,12.07,12.06,20116,6360,-17416,4546
133,AMCR,2020-11-09,0 days 15:55:45.246243,682363,12.07,12.06,24770,4334,1085,-1515
134,AMCR,2020-11-09,0 days 15:55:46.245381,680848,12.07,12.06,18589,7334,-1515,1085
135,AMCR,2020-11-09,0 days 15:56:01.246909,690245,12.06,12.05,18104,10539,-2251,1005
136,AMCR,2020-11-09,0 days 15:56:46.249553,693065,12.04,12.03,23380,6602,-1972,328
137,AMCR,2020-11-09,0 days 15:57:18.249579,698417,12.02,12.01,26602,8080,5843,-2052
138,AMCR,2020-11-09,0 days 15:57:38.248870,724960,12.02,12.01,8204,15315,-3657,8843
139,AMCR,2020-11-09,0 days 15:57:39.248265,722417,12.02,12.01,10904,9015,9443,-3657
140,AMCR,2020-11-09,0 days 15:57:47.247854,767860,12.02,12.01,11005,14015,-1157,6243
141,AMCR,2020-11-09,0 days 15:57:48.247682,761217,12.02,12.01,10905,14315,6643,-1157
142,AMCR,2020-11-09,0 days 15:58:01.256654,757617,12.03,12.02,8889,23899,6243,-6357
143,AMCR,2020-11-09,0 days 15:59:16.252515,788903,12.03,12.02,12831,8736,-15055,4002
144,AMH,2020-11-09,0 days 15:55:22.240188,92978,29.08,29.07,1500,700,-4504,2196
145,AMH,2020-11-09,0 days 15:56:31.241042,99112,29.12,29.11,200,597,1808,-2892
146,AMH,2020-11-09,0 days 15:56:45.241510,100724,29.1,29.09,305,1403,296,-104
147,AMH,2020-11-09,0 days 15:56:46.241613,100320,29.1,29.09,200,2052,-204,296
148,AMH,2020-11-09,0 days 15:58:59.245481,128545,29.1,29.09,606,1000,801,-1454
149,AMH,2020-11-09,0 days 15:59:00.246548,126046,29.1,29.09,670,1192,-2399,801
150,AMH,2020-11-09,0 days 15:59:09.246891,128445,29.08,29.06,500,700,37,-1054
151,AMH,2020-11-09,0 days 15:59:41.246915,130265,29.11,29.08,929,200,5387,-1409
152,AMH,2020-11-09,0 days 15:59:42.249455,129252,29.12,29.1,400,100,-1083,5387
153,AMX,2020-11-09,0 days 15:55:00.348067,13625,13.78,13.77,5301,8557,1941,-5278
154,AMX,2020-11-09,0 days 15:55:51.351442,22936,13.76,13.75,3450,10465,-18,242
155,AMX,2020-11-09,0 days 15:56:02.351802,22694,13.76,13.75,4922,9703,242,-18
156,AMX,2020-11-09,0 days 15:56:16.351943,22376,13.75,13.74,7652,5486,-318,242
157,AMX,2020-11-09,0 days 15:56:17.352712,21494,13.75,13.74,7552,5486,882,-318
158,AMX,2020-11-09,0 days 15:56:36.352642,22376,13.74,13.73,9355,4900,-906,882
159,AMX,2020-11-09,0 days 15:56:37.354231,21654,13.74,13.73,9655,5100,722,-906
160,AMX,2020-11-09,0 days 15:58:31.361887,22576,13.77,13.76,10202,14454,-6397,7903
161,AMX,2020-11-09,0 days 15:58:32.361992,14673,13.77,13.76,10602,13256,7903,-6397
162,AMX,2020-11-09,0 days 15:59:30.362763,23270,13.77,13.76,11751,3248,-6245,304
163,AMX,2020-11-09,0 days 15:59:31.361372,22915,13.77,13.76,11651,2948,355,-6245
164,ANF,2020-11-09,0 days 15:59:08.297571,182379,18.67,18.66,732,2112,-4479,4828
165,ANF,2020-11-09,0 days 15:59:09.295782,177158,18.67,18.66,4875,2834,4321,-4479
166,ANF,2020-11-09,0 days 15:59:14.295538,182379,18.67,18.66,13759,2012,-5200,2821
167,ANF,2020-11-09,0 days 15:59:15.289218,178179,18.67,18.66,14226,1700,4200,-5200
168,ANF,2020-11-09,0 days 15:59:43.289305,182364,18.66,18.65,3900,905,-442,1711
169,ANF,2020-11-09,0 days 15:59:46.289251,184064,18.64,18.63,3297,2099,-6543,2022
170,ANF,2020-11-09,0 days 15:59:47.289009,183107,18.64,18.63,2497,919,957,-6543
171,ANF,2020-11-09,0 days 15:59:48.289963,184064,18.64,18.63,2497,919,-40,957
172,ANF,2020-11-09,0 days 15:59:49.289144,183527,18.64,18.63,2597,910,537,-40
173,APLE,2020-11-09,0 days 15:59:21.117490,191142,12.09,12.08,1893,1814,-13366,8434
174,APLE,2020-11-09,0 days 15:59:31.118828,192318,12.09,12.08,2846,300,481,-209
175,APLE,2020-11-09,0 days 15:59:33.118824,193399,12.09,12.08,3046,300,-3509,481
176,APLE,2020-11-09,0 days 15:59:34.118411,192008,12.09,12.08,3553,1000,791,-3509
177,APLE,2020-11-09,0 days 15:59:42.119401,194099,12.08,12.07,3152,2514,-1847,41
178,APLE,2020-11-09,0 days 15:59:43.118233,195946,12.08,12.07,3252,1400,383,-1847
179,APLE,2020-11-09,0 days 15:59:46.119612,200129,12.08,12.07,1544,1096,-2599,383
180,ARMK,2020-11-09,0 days 15:58:37.274561,160626,35.37,35.36,700,1736,4283,-8473
181,ARMK,2020-11-09,0 days 15:58:38.275179,152409,35.37,35.36,848,1736,-8217,4283
182,ARMK,2020-11-09,0 days 15:59:19.276069,182310,35.31,35.29,906,1688,2027,-326
183,ARMK,2020-11-09,0 days 15:59:23.275781,176137,35.3,35.29,800,1688,-6173,2027
184,ARMK,2020-11-09,0 days 15:59:31.275038,166829,35.29,35.28,701,500,-4520,15580
185,ARMK,2020-11-09,0 days 15:59:41.275368,174446,35.22,35.21,1646,390,-2727,3473
186,ARMK,2020-11-09,0 days 15:59:42.276162,177173,35.21,35.18,2032,100,3099,-2727
187,ARMK,2020-11-09,0 days 15:59:43.275930,176241,35.22,35.21,300,800,-932,3099
188,ARMK,2020-11-09,0 days 15:59:45.277693,177173,35.21,35.19,300,100,3275,-5432
189,ARMK,2020-11-09,0 days 15:59:50.279225,162863,35.2,35.15,1100,1800,-14310,990
190,AROC,2020-11-09,0 days 15:54:00.235089,61327,7.21,7.2,2400,510,-222,158
191,AROC,2020-11-09,0 days 15:56:38.241582,87789,7.21,7.2,1465,4481,-741,1459
192,AROC,2020-11-09,0 days 15:58:07.243540,92407,7.22,7.21,3323,2651,75,-696
193,AROC,2020-11-09,0 days 15:58:08.243958,91482,7.22,7.21,3223,2529,-925,75
194,AROC,2020-11-09,0 days 15:58:58.244633,89282,7.2,7.19,2812,911,-466,134
195,AROC,2020-11-09,0 days 15:59:31.246674,90449,7.2,7.19,1701,4143,-575,8884
196,ATUS,2020-11-09,0 days 15:58:07.292466,183516,29.43,29.42,428,1729,6128,-872
197,ATUS,2020-11-09,0 days 15:59:06.293924,185240,29.43,29.42,2226,300,-681,5580
198,ATUS,2020-11-09,0 days 15:59:45.290207,242979,29.42,29.41,1200,260,-1084,14072
199,ATUS,2020-11-09,0 days 15:59:48.289647,239003,29.42,29.41,600,660,3976,-5284
200,AU,2020-11-09,0 days 15:55:00.249509,56991,24.78,24.77,4907,3669,7044,-4703
201,AVTR,2020-11-09,0 days 16:00:00.242481,3109132,26.82,26.72,200,300,-63211,62089
202,AXL,2020-11-09,0 days 15:56:13.271983,109771,7.63,7.61,6937,2602,-86,719
203,AXL,2020-11-09,0 days 15:56:14.271794,109152,7.63,7.61,6837,2602,519,-86
204,AXL,2020-11-09,0 days 15:56:35.272454,109771,7.63,7.62,6044,1002,-1606,519
205,AXL,2020-11-09,0 days 15:56:36.272065,109372,7.63,7.62,6151,702,299,-1606
206,AXL,2020-11-09,0 days 15:56:46.272693,109771,7.63,7.62,7361,200,-2906,299
207,AXL,2020-11-09,0 days 15:58:14.273780,131069,7.62,7.61,6440,5535,15204,-4116
208,AXL,2020-11-09,0 days 15:58:15.273808,128873,7.62,7.61,6440,5557,-2196,15204
209,AXL,2020-11-09,0 days 15:59:08.276693,130969,7.6,7.59,8090,500,673,-227
210,AXL,2020-11-09,0 days 15:59:09.275926,133242,7.6,7.59,7990,500,-116,673
211,AXL,2020-11-09,0 days 15:59:16.275330,133358,7.6,7.59,5447,200,2076,-1422
212,AXL,2020-11-09,0 days 15:59:46.275713,132869,7.59,7.58,3535,1890,2444,-696
213,AXL,2020-11-09,0 days 15:59:47.276555,132313,7.59,7.58,484,4930,-556,2444
214,AXP,2020-11-09,0 days 15:59:22.116639,648673,117.35,117.34,100,182,12855,-46193
215,AXP,2020-11-09,0 days 15:59:23.116467,625882,117.44,117.38,100,500,-22981,12855
216,AXP,2020-11-09,0 days 15:59:31.118720,654750,117.37,117.33,617,107,18877,-2130
217,AXP,2020-11-09,0 days 15:59:32.118651,651573,117.37,117.34,267,373,-2988,18877
218,AXP,2020-11-09,0 days 15:59:40.119806,659263,117.32,117.29,450,100,30190,-443
219,AXP,2020-11-09,0 days 15:59:41.119148,654325,117.38,117.32,300,100,-4938,30190
220,AXP,2020-11-09,0 days 15:59:42.119293,648596,117.33,117.29,400,400,5979,-4938
221,AXP,2020-11-09,0 days 15:59:43.118145,651612,117.36,117.33,200,900,-45453,5979
222,AXP,2020-11-09,0 days 15:59:44.118232,648596,117.36,117.33,400,193,3816,-45453
223,AXP,2020-11-09,0 days 15:59:45.120131,637982,117.42,117.38,400,300,-64740,3816
224,AXP,2020-11-09,0 days 15:59:47.118591,654063,117.36,117.31,550,400,708,-18662
225,AXP,2020-11-09,0 days 15:59:49.115697,653971,117.4,117.35,500,1057,-48621,2481
226,AXP,2020-11-09,0 days 15:59:52.114933,654063,117.36,117.3,450,400,8871,-60197
227,AXP,2020-11-09,0 days 15:59:56.115673,664327,117.44,117.37,400,100,-38317,18305
228,AXTA,2020-11-09,0 days 15:56:36.352628,268304,27.89,27.88,2005,1153,-247,1064
229,AXTA,2020-11-09,0 days 15:56:37.354220,264968,27.89,27.88,2105,655,3236,-247
230,AXTA,2020-11-09,0 days 15:58:02.359697,267817,27.91,27.9,1100,865,-315,5372
231,AXTA,2020-11-09,0 days 15:59:06.360418,253632,27.87,27.86,1655,1300,-21316,3023
232,AXTA,2020-11-09,0 days 15:59:11.360626,263875,27.87,27.86,689,1045,-3469,1466
233,AXTA,2020-11-09,0 days 15:59:25.359859,269676,27.87,27.86,1313,1000,-6410,2243
234,AXTA,2020-11-09,0 days 15:59:26.359611,267986,27.87,27.86,1713,1332,1590,-6410
235,AXTA,2020-11-09,0 days 15:59:44.360974,269876,27.88,27.87,1000,510,-7507,946
236,AXTA,2020-11-09,0 days 15:59:49.357112,266983,27.86,27.85,1288,1200,4006,-3106
237,AXTA,2020-11-09,0 days 15:59:52.354711,271089,27.88,27.86,1144,700,-3606,1606
238,BA,2020-11-09,0 days 15:55:16.288351,425838,179.69,179.6,400,200,3547,-1576
239,BA,2020-11-09,0 days 15:55:17.288290,423508,179.64,179.61,200,200,-2330,3547
240,BA,2020-11-09,0 days 15:55:44.289155,426038,179.51,179.44,100,200,117,-1078
241,BA,2020-11-09,0 days 15:55:45.289253,424155,179.5,179.46,300,300,-1883,117
242,BA,2020-11-09,0 days 15:57:01.293546,437257,178.99,178.95,300,500,31045,-2556
243,BA,2020-11-09,0 days 15:57:06.290470,443930,178.86,178.79,100,453,-470,6773
244,BA,2020-11-09,0 days 15:57:07.290344,443300,178.89,178.79,600,100,630,-470
245,BA,2020-11-09,0 days 15:59:19.287802,518199,179.39,179.29,100,100,-2626,15587
246,BA,2020-11-09,0 days 15:59:21.290257,509025,179.38,179.32,900,100,9174,-2426
247,BA,2020-11-09,0 days 15:59:22.288208,512199,179.38,179.32,1300,900,-3226,9174
248,BA,2020-11-09,0 days 15:59:23.288623,509785,179.42,179.32,200,900,2414,-3226
249,BA,2020-11-09,0 days 15:59:31.288635,523599,179.18,179.1,800,400,-3351,6231
250,BA,2020-11-09,0 days 15:59:32.289254,520650,179.05,179.0,450,100,10623,-3351
251,BA,2020-11-09,0 days 15:59:33.288312,523599,179.16,179.06,650,300,-4151,10623
252,BA,2020-11-09,0 days 15:59:34.287995,520650,179.09,178.98,650,106,10623,-4151
253,BA,2020-11-09,0 days 15:59:35.289251,523599,179.18,179.05,1500,410,-4151,10623
254,BA,2020-11-09,0 days 15:59:44.288882,516684,179.28,179.22,200,300,1590,-6710
255,BABA,2020-11-09,0 days 15:59:46.113513,736236,290.63,290.58,850,200,6512,-8747
256,BABA,2020-11-09,0 days 15:59:48.113750,735185,290.61,290.5,300,234,-1051,2356
257,BABA,2020-11-09,0 days 15:59:54.114577,733138,290.55,290.41,300,100,126,-974
258,BAC,2020-11-09,0 days 15:59:57.348852,6987453,27.76,27.75,11621,3098,-89049,37816
259,BAM,2020-11-09,0 days 15:55:00.273118,42354,35.9,35.89,494,812,-2491,14899
260,BAM,2020-11-09,0 days 15:55:01.269014,42145,35.9,35.88,2201,800,209,-2491
261,BAM,2020-11-09,0 days 15:55:10.270987,42354,35.91,35.9,2900,200,-691,1109
262,BAM,2020-11-09,0 days 15:55:11.269684,42145,35.91,35.9,1600,200,209,-691
263,BAM,2020-11-09,0 days 15:55:21.270647,42354,35.91,35.9,2066,1622,-748,209
264,BAM,2020-11-09,0 days 15:56:38.272503,44486,35.85,35.84,1200,2072,597,-1028
265,BAM,2020-11-09,0 days 15:57:08.273330,46304,35.8,35.79,800,300,-84,216
266,BAM,2020-11-09,0 days 15:57:09.273746,45188,35.81,35.79,1991,800,1116,-84
267,BAM,2020-11-09,0 days 15:57:22.276315,49604,35.81,35.8,5875,1536,-684,1116
268,BAM,2020-11-09,0 days 15:57:23.274561,48788,35.82,35.81,3743,2210,816,-684
269,BAM,2020-11-09,0 days 15:57:57.275091,52804,35.81,35.79,1584,734,-275,825
270,BAM,2020-11-09,0 days 15:57:58.272906,52079,35.8,35.79,100,100,725,-275
271,BAM,2020-11-09,0 days 15:58:02.276665,48876,35.82,35.81,2201,600,-3203,725
272,BAM,2020-11-09,0 days 15:58:03.274892,48579,35.82,35.81,284,3777,297,-3203
273,BAM,2020-11-09,0 days 15:58:05.275018,48076,35.85,35.84,200,2300,-803,697
274,BAM,2020-11-09,0 days 15:58:06.273532,47879,35.86,35.85,2900,400,197,-803
275,BAM,2020-11-09,0 days 15:59:15.277472,54576,35.81,35.79,600,701,-3697,491
276,BAM,2020-11-09,0 days 15:59:16.275443,54373,35.81,35.79,1000,1601,203,-3697
277,BAM,2020-11-09,0 days 15:59:27.278598,54576,35.83,35.81,796,2285,-552,203
278,BAM,2020-11-09,0 days 15:59:28.276782,54428,35.83,35.81,796,2285,148,-552
279,BAM,2020-11-09,0 days 15:59:46.276311,55459,35.83,35.81,400,600,-3451,131
280,BAX,2020-11-09,0 days 15:55:23.277641,304057,81.41,81.4,200,100,169,-441
281,BAX,2020-11-09,0 days 15:55:24.276712,304026,81.43,81.42,200,100,-31,169
282,BAX,2020-11-09,0 days 15:55:25.279763,304057,81.43,81.41,200,1358,169,-31
283,BAX,2020-11-09,0 days 15:55:27.277681,296226,81.48,81.45,400,382,-8831,269
284,BAX,2020-11-09,0 days 15:56:09.278727,306068,81.37,81.35,605,211,16911,-6789
285,BAX,2020-11-09,0 days 15:56:10.278429,301279,81.37,81.35,405,211,-4789,16911
286,BAX,2020-11-09,0 days 15:57:34.282350,308420,81.15,81.12,607,313,178,-2722
287,BAX,2020-11-09,0 days 15:57:35.282537,306998,81.15,81.13,607,455,-1422,178
288,BAX,2020-11-09,0 days 15:57:36.283908,308420,81.15,81.13,307,300,4478,-1422
289,BAX,2020-11-09,0 days 15:57:37.282242,307398,81.15,81.14,207,523,-1022,4478
290,BAX,2020-11-09,0 days 15:57:39.282704,308420,81.15,81.14,107,178,20778,-3022
291,BAX,2020-11-09,0 days 15:57:40.282380,307698,81.16,81.14,100,533,-722,20778
292,BAX,2020-11-09,0 days 15:57:45.283513,308420,81.18,81.16,100,500,478,-22
293,BAX,2020-11-09,0 days 15:58:00.287366,308667,81.17,81.16,301,100,31,-122
294,BAX,2020-11-09,0 days 15:58:03.288824,313098,81.24,81.18,161,586,-505,114
295,BAX,2020-11-09,0 days 15:58:43.287236,377632,81.17,81.12,500,300,1366,-634
296,BAX,2020-11-09,0 days 15:58:44.286579,369398,81.2,81.16,300,500,-8234,1366
297,BAX,2020-11-09,0 days 15:58:57.288370,377632,81.2,81.16,700,100,54299,-5723
298,BAX,2020-11-09,0 days 15:58:58.286480,430731,81.2,81.16,700,100,-40101,54299
299,BAX,2020-11-09,0 days 15:58:59.288003,425532,81.2,81.16,800,100,6042,-40101
300,BAX,2020-11-09,0 days 15:59:09.290006,439818,81.14,81.08,200,400,-25606,3510
301,BAX,2020-11-09,0 days 15:59:42.279942,700303,81.01,80.95,200,100,5544,-17325
302,BAX,2020-11-09,0 days 15:59:43.281464,705847,81.03,80.96,462,100,-646,5544
303,BAX,2020-11-09,0 days 15:59:44.279194,706493,81.02,80.94,462,100,754,-646
304,BAX,2020-11-09,0 days 15:59:49.279700,703715,81.05,80.93,100,400,-9932,13938
305,BAX,2020-11-09,0 days 15:59:57.281985,712411,81.01,80.89,100,200,700,-6088
306,BAX,2020-11-09,0 days 15:59:58.280775,713541,81.04,80.94,100,100,-106,700
307,BB,2020-11-09,0 days 15:59:36.246332,42466,4.94,4.93,24613,98635,-2322,2878
308,BB,2020-11-09,0 days 15:59:37.246023,42288,4.94,4.93,24613,98435,178,-2322
309,BBVA,2020-11-09,0 days 15:59:36.246468,115837,3.43,3.42,339900,281281,-63781,78619
310,BBVA,2020-11-09,0 days 15:59:37.246135,111418,3.43,3.42,340900,281458,4419,-63781
311,BBVA,2020-11-09,0 days 15:59:40.247544,115837,3.43,3.42,340900,281458,-2581,4419
312,BBVA,2020-11-09,0 days 15:59:46.247248,111960,3.43,3.42,332295,279155,6796,-6523
313,BBVA,2020-11-09,0 days 15:59:47.246717,118756,3.43,3.42,331695,279155,-10233,6796
314,BBVA,2020-11-09,0 days 15:59:48.246061,115589,3.43,3.42,331695,279155,3167,-10233
315,BCS,2020-11-09,0 days 15:59:01.116435,77563,6.9,6.89,95492,73439,22267,-29311
316,BCS,2020-11-09,0 days 15:59:02.116875,73830,6.9,6.89,93992,73539,-1126,22267
317,BCS,2020-11-09,0 days 15:59:20.116553,74956,6.9,6.89,95392,69284,6763,-1126
318,BCS,2020-11-09,0 days 15:59:21.117408,54219,6.9,6.89,95392,68684,-20737,6763
319,BCS,2020-11-09,0 days 15:59:36.118065,74956,6.9,6.89,101242,60454,17163,-20737
320,BCS,2020-11-09,0 days 15:59:37.119260,73619,6.9,6.89,101242,60454,-1337,17163
321,BCS,2020-11-09,0 days 15:59:38.118472,74956,6.9,6.89,102709,65154,499,-1337
322,BCS,2020-11-09,0 days 15:59:47.118556,73955,6.9,6.89,93092,56618,-1001,5199
323,BE,2020-11-09,0 days 15:55:11.104574,102131,15.56,15.54,100,914,-106,394
324,BE,2020-11-09,0 days 15:56:48.109536,103984,15.57,15.56,137,1103,-326,374
325,BE,2020-11-09,0 days 15:56:49.109572,103875,15.57,15.56,137,1463,109,-326
326,BE,2020-11-09,0 days 15:57:11.110229,103984,15.58,15.57,129,1151,-7891,109
327,BE,2020-11-09,0 days 15:59:05.113844,111097,15.53,15.52,406,100,1196,-1804
328,BE,2020-11-09,0 days 15:59:19.112578,111286,15.53,15.52,100,500,8599,-558
329,BEST,2020-11-09,0 days 15:57:42.241822,119920,2.7,2.69,6100,8124,-4151,1749
330,BEST,2020-11-09,0 days 15:57:54.242655,124071,2.7,2.69,6750,8297,449,-4151
331,BEST,2020-11-09,0 days 15:58:03.245183,115420,2.7,2.69,6350,6713,-8651,449
332,BEST,2020-11-09,0 days 15:59:13.247503,133471,2.7,2.69,7400,4978,6749,-4351
333,BEST,2020-11-09,0 days 15:59:14.246208,129920,2.7,2.69,7400,5078,-3551,6749
334,BFT,2020-11-09,0 days 15:59:11.276537,0,10.35,10.33,100,408,-206,94
335,BFT,2020-11-09,0 days 15:59:59.276020,6,10.35,10.26,200,600,294,-6
336,BHC,2020-11-09,0 days 15:55:00.105634,66560,19.19,19.18,4100,4089,756,-827
337,BHC,2020-11-09,0 days 15:57:46.110155,76054,19.15,19.14,1551,3863,-394,1994
338,BHC,2020-11-09,0 days 15:57:47.109841,74760,19.15,19.14,1009,4610,1294,-394
339,BHC,2020-11-09,0 days 15:59:40.115057,86647,19.11,19.1,1554,5700,1202,-6526
340,BHC,2020-11-09,0 days 15:59:46.114333,87849,19.11,19.1,1156,3063,-1180,1202
341,BHC,2020-11-09,0 days 15:59:47.114032,86829,19.11,19.1,4811,1531,1020,-1180
342,BHP,2020-11-09,0 days 15:56:36.289519,41733,53.16,53.15,3501,1036,118,-888
343,BHP,2020-11-09,0 days 15:56:37.290106,41151,53.15,53.14,4100,2102,-582,118
344,BHP,2020-11-09,0 days 15:58:29.291789,44279,53.16,53.15,2700,600,-654,146
345,BHP,2020-11-09,0 days 15:58:39.292619,44179,53.14,53.13,2000,500,-568,332
346,BHP,2020-11-09,0 days 15:59:08.297628,43099,53.14,53.12,3474,2205,1433,-196
347,BHP,2020-11-09,0 days 15:59:09.295836,42832,53.14,53.13,1995,839,-267,1433
348,BHP,2020-11-09,0 days 15:59:19.287756,44598,53.15,53.14,1800,333,1012,-266
349,BHP,2020-11-09,0 days 15:59:24.287870,43297,53.14,53.13,1100,1400,-315,199
350,BHP,2020-11-09,0 days 15:59:36.288998,43019,53.12,53.11,800,1939,-193,207
351,BHP,2020-11-09,0 days 15:59:40.289739,43212,53.11,53.1,500,1400,7,-93
352,BK,2020-11-09,0 days 15:57:35.109692,602186,39.15,39.14,2535,302,3119,-3316
353,BK,2020-11-09,0 days 15:57:52.109871,676902,39.16,39.15,1606,861,5905,-1195
354,BK,2020-11-09,0 days 15:58:07.110883,670136,39.21,39.2,1200,2212,-7447,736
355,BK,2020-11-09,0 days 15:58:08.111334,664321,39.21,39.2,700,3312,5115,-7447
356,BK,2020-11-09,0 days 15:59:07.114005,683399,39.16,39.15,1251,1200,-69,4053
357,BK,2020-11-09,0 days 15:59:11.114420,682554,39.15,39.14,465,2510,3645,-3855
358,BK,2020-11-09,0 days 15:59:12.116411,686199,39.15,39.14,1542,1486,-184,3645
359,BK,2020-11-09,0 days 15:59:16.111739,686350,39.15,39.13,2661,2100,-33,4432
360,BK,2020-11-09,0 days 15:59:21.114027,691050,39.13,39.12,2406,554,-2208,1723
361,BK,2020-11-09,0 days 15:59:22.112555,689658,39.12,39.11,2751,1042,1392,-2208
362,BK,2020-11-09,0 days 15:59:28.114237,695220,39.15,39.14,3700,1770,-5213,6524
363,BK,2020-11-09,0 days 15:59:29.112334,693733,39.14,39.13,2100,1000,1487,-5213
364,BK,2020-11-09,0 days 15:59:46.113762,681170,39.12,39.11,5300,100,29810,-12933
365,BK,2020-11-09,0 days 15:59:49.112057,707880,39.15,39.13,500,5108,-40211,2104
366,BK,2020-11-09,0 days 15:59:57.113127,718480,39.14,39.13,452,200,-6911,38232
367,BKR,2020-11-09,0 days 15:55:44.110901,537713,17.68,17.67,4890,1200,6165,-1735
368,BKR,2020-11-09,0 days 15:57:37.112800,557818,17.68,17.67,5069,5341,-333,5167
369,BKR,2020-11-09,0 days 15:57:38.113398,553851,17.68,17.67,4669,5541,1967,-333
370,BKR,2020-11-09,0 days 15:57:45.113263,550051,17.68,17.67,9059,2805,7767,-1633
371,BKR,2020-11-09,0 days 15:58:11.115139,557818,17.68,17.67,4439,5298,-3564,2236
372,BKR,2020-11-09,0 days 15:58:12.114365,555582,17.68,17.67,4942,4898,2236,-3564
373,BKR,2020-11-09,0 days 15:58:13.115556,557818,17.68,17.67,3942,4998,-2764,2236
374,BKR,2020-11-09,0 days 15:58:14.114288,555582,17.68,17.67,4769,4698,2236,-2764
375,BKR,2020-11-09,0 days 15:58:16.115445,556018,17.68,17.67,7342,3698,-1864,2236
376,BKR,2020-11-09,0 days 15:58:18.114541,553982,17.68,17.67,7645,3888,2036,-2964
377,BKR,2020-11-09,0 days 15:58:19.114764,557818,17.68,17.67,7245,4488,-1564,2036
378,BKR,2020-11-09,0 days 15:58:21.114639,555582,17.68,17.67,7372,4491,2236,-2764
379,BKR,2020-11-09,0 days 15:59:27.117435,574618,17.68,17.67,6348,1656,1319,-284
380,BKR,2020-11-09,0 days 15:59:28.117889,572537,17.68,17.67,6248,2556,-2081,1319
381,BKR,2020-11-09,0 days 15:59:39.117550,587133,17.68,17.67,10448,2800,60604,-396
382,BMRG,2020-11-09,0 days 15:57:15.353530,7772,10.15,10.14,400,47805,54773,-5227
383,BMRG,2020-11-09,0 days 15:57:59.355628,62145,10.15,10.14,22583,1100,-40027,54773
384,BMRG,2020-11-09,0 days 15:58:00.359428,57072,10.15,10.14,22683,1300,5073,-40027
385,BMY,2020-11-09,0 days 15:59:19.287697,2268416,64.14,64.13,400,600,12761,-25908
386,BMY,2020-11-09,0 days 15:59:28.288322,2269116,64.14,64.13,990,403,4255,-25945
387,BMY,2020-11-09,0 days 15:59:35.289141,2269097,64.08,64.06,1200,625,-933,22767
388,BMY,2020-11-09,0 days 15:59:44.288801,2277234,64.09,64.08,200,400,12564,-14443
389,BMY,2020-11-09,0 days 15:59:45.290346,2274598,64.1,64.09,794,200,-2819,12564
390,BMY,2020-11-09,0 days 15:59:48.289853,2275117,64.08,64.07,676,700,-1934,13166
391,BP,2020-11-09,0 days 15:55:52.272154,235043,18.12,18.11,61418,48550,2816,-714
392,BP,2020-11-09,0 days 15:55:53.271720,228959,18.12,18.11,60842,54810,-6084,2816
393,BP,2020-11-09,0 days 15:59:46.275682,283166,18.09,18.08,52183,35890,9189,-4190
394,BP,2020-11-09,0 days 15:59:47.276512,279655,18.09,18.08,65637,11455,-3511,9189
395,BRFS,2020-11-09,0 days 15:59:46.275562,47438,3.47,3.46,42035,92274,-1556,753
396,BRFS,2020-11-09,0 days 15:59:47.276421,46794,3.47,3.46,42035,92074,644,-1556
397,BRK.B,2020-11-09,0 days 15:55:00.239100,915892,221.79,221.76,200,200,126014,-20075
398,BRK.B,2020-11-09,0 days 15:59:07.245381,1129677,221.42,221.34,197,150,-4875,117728
399,BRK.B,2020-11-09,0 days 15:59:08.246243,1127110,221.4,221.34,100,661,5789,-4875
400,BRK.B,2020-11-09,0 days 15:59:16.244475,1114878,221.34,221.29,100,200,-13669,7125
401,BRK.B,2020-11-09,0 days 15:59:17.244481,1114415,221.34,221.24,300,148,463,-13669
402,BRK.B,2020-11-09,0 days 15:59:22.245388,1112735,221.32,221.27,795,405,2343,-1184
403,BRK.B,2020-11-09,0 days 15:59:35.246106,1115098,221.34,221.19,200,200,-39190,2109
404,BRK.B,2020-11-09,0 days 15:59:37.245916,1097875,221.3,221.19,500,300,45264,-5290
405,BRK.B,2020-11-09,0 days 15:59:40.247356,1134139,221.33,221.24,200,100,-2564,22372
406,BRK.B,2020-11-09,0 days 15:59:41.246780,1132567,221.32,221.24,200,120,1372,-2564
407,BRK.B,2020-11-09,0 days 15:59:42.249301,1133839,221.4,221.24,200,100,-20521,1372
408,BRK.B,2020-11-09,0 days 15:59:43.247028,1126756,221.47,221.32,200,100,6683,-20521
409,BRK.B,2020-11-09,0 days 15:59:48.245784,1134739,221.43,221.38,303,228,-2717,4711
410,BRK.B,2020-11-09,0 days 15:59:49.246159,1133597,221.49,221.38,100,100,1142,-2717
411,BRK.B,2020-11-09,0 days 15:59:53.246416,1116239,221.55,221.39,200,100,-19416,1669
412,BRK.B,2020-11-09,0 days 15:59:55.247537,1133556,221.45,221.39,400,100,1183,-19416
413,BRK.B,2020-11-09,0 days 15:59:56.247387,1116239,221.57,221.39,200,100,-19416,1183
414,BRK.B,2020-11-09,0 days 15:59:58.243040,1133556,221.71,221.39,200,200,1183,-19922
415,BRK.B,2020-11-09,0 days 16:00:00.242481,1106839,221.76,221.51,100,200,-36161,455
416,BRX,2020-11-09,0 days 15:58:03.294925,387511,14.21,14.2,2100,2316,-7313,3879
417,BRX,2020-11-09,0 days 15:58:04.294689,372035,14.2,14.19,500,2400,15476,-7313
418,BRX,2020-11-09,0 days 15:59:13.294935,389811,14.19,14.18,2451,1925,-5480,5079
419,BRX,2020-11-09,0 days 15:59:14.295655,387091,14.19,14.18,4519,825,2720,-5480
420,BRX,2020-11-09,0 days 15:59:26.287983,387911,14.2,14.19,100,5370,-1176,724
421,BRX,2020-11-09,0 days 15:59:27.289933,385487,14.21,14.19,2500,5130,2424,-1176
422,BRX,2020-11-09,0 days 15:59:40.289806,390600,14.22,14.21,2600,900,-1524,1680
423,BRX,2020-11-09,0 days 15:59:41.289225,389324,14.22,14.21,2107,2514,1276,-1524
424,BRX,2020-11-09,0 days 15:59:42.289008,391500,14.22,14.21,2378,1668,-589,1276
425,BRX,2020-11-09,0 days 15:59:44.288896,389489,14.22,14.21,1407,3594,1111,-1789
426,BRX,2020-11-09,0 days 15:59:47.289129,390600,14.22,14.21,1463,1557,-1138,723
427,BRX,2020-11-09,0 days 15:59:48.290091,389538,14.22,14.21,1563,1794,1062,-1138
428,BRX,2020-11-09,0 days 15:59:49.289210,390600,14.22,14.21,763,3394,-39,1062
429,BRX,2020-11-09,0 days 15:59:50.291913,379439,14.22,14.21,1363,1968,11161,-39
430,BSX,2020-11-09,0 days 15:55:00.237627,671149,38.42,38.41,5300,800,4095,-36016
431,BSX,2020-11-09,0 days 15:55:01.237260,669244,38.42,38.41,5239,404,-1686,4095
432,BSX,2020-11-09,0 days 15:55:09.237706,677416,38.38,38.37,5500,311,20083,-3759
433,BSX,2020-11-09,0 days 15:55:12.237715,675999,38.37,38.36,1202,1502,-1154,683
434,BSX,2020-11-09,0 days 15:55:34.239323,677547,38.33,38.32,1300,1518,-987,361
435,BSX,2020-11-09,0 days 15:58:36.242443,854100,38.3,38.29,600,2300,-8164,3611
436,BSX,2020-11-09,0 days 15:59:56.245634,1026434,38.17,38.16,1600,500,5735,-5265
437,BSX,2020-11-09,0 days 15:59:57.242051,1009669,38.21,38.19,1000,1500,-16765,5735
438,BTI,2020-11-09,0 days 15:56:35.272496,27357,33.55,33.54,3402,501,123,-1395
439,BTI,2020-11-09,0 days 15:56:36.272137,26380,33.55,33.54,3402,548,-977,123
440,BTI,2020-11-09,0 days 15:58:54.274856,27757,33.56,33.55,1800,200,172,-287
441,BTI,2020-11-09,0 days 15:58:55.275961,26929,33.56,33.55,100,1731,-628,172
442,BTI,2020-11-09,0 days 15:58:59.275549,27757,33.56,33.55,1502,471,1781,-628
443,BTI,2020-11-09,0 days 15:59:00.277361,27138,33.56,33.55,1700,231,-419,1781
444,BTI,2020-11-09,0 days 15:59:14.276845,27624,33.54,33.53,432,1186,114,-11
445,BTI,2020-11-09,0 days 15:59:15.277366,27371,33.54,33.53,470,1435,-253,114
446,BTI,2020-11-09,0 days 15:59:23.276265,27624,33.54,33.53,1770,435,133,-180
447,BTI,2020-11-09,0 days 15:59:46.275930,29465,33.57,33.56,924,486,1808,-208
448,BTI,2020-11-09,0 days 15:59:50.279633,28973,33.57,33.56,1848,789,-492,208
449,BWA,2020-11-09,0 days 15:57:39.109375,149116,38.09,38.08,405,200,-283,917
450,BWA,2020-11-09,0 days 15:57:42.109498,146909,38.1,38.09,1100,400,494,-1883
451,BWA,2020-11-09,0 days 15:57:46.109970,147399,38.09,38.08,800,201,1717,-583
452,BWA,2020-11-09,0 days 15:59:05.113694,149374,38.06,38.04,387,300,-7259,5070
453,BWA,2020-11-09,0 days 15:59:06.114151,147535,38.04,38.03,596,100,1839,-7259
454,BWA,2020-11-09,0 days 15:59:14.114222,149645,38.03,38.01,300,570,530,-70
455,BWA,2020-11-09,0 days 15:59:20.112091,150275,38.02,38.01,300,400,-612,2000
456,BWA,2020-11-09,0 days 15:59:36.112530,148187,37.98,37.96,400,600,2488,-512
457,BWA,2020-11-09,0 days 15:59:47.113544,150972,37.97,37.94,300,400,803,-1297
458,BX,2020-11-09,0 days 15:59:20.245337,411022,56.08,56.07,596,422,-10599,6555
459,BX,2020-11-09,0 days 15:59:21.245954,406521,56.05,56.01,100,265,5201,-10599
460,BX,2020-11-09,0 days 15:59:42.249663,411931,56.01,55.99,400,300,-364,3264
461,C,2020-11-09,0 days 15:59:15.360909,2652164,47.72,47.71,3400,1100,-204338,88230
462,C,2020-11-09,0 days 15:59:21.359661,2790919,47.61,47.6,3613,2562,40006,-50564
463,C,2020-11-09,0 days 15:59:22.358836,2786825,47.62,47.61,700,1400,-4094,40006
464,C,2020-11-09,0 days 15:59:24.360664,2790919,47.61,47.6,3200,1700,18306,-4094
465,C,2020-11-09,0 days 15:59:25.359699,2787525,47.61,47.6,500,4035,-3394,18306
466,C,2020-11-09,0 days 15:59:31.360874,2787225,47.61,47.6,1267,2477,-3694,19006
467,C,2020-11-09,0 days 15:59:37.360676,2822986,47.6,47.59,3900,2200,6649,-18595
468,C,2020-11-09,0 days 15:59:40.361301,2820135,47.62,47.61,3767,200,-5708,94749
469,C,2020-11-09,0 days 15:59:45.355878,2845860,47.6,47.59,4197,500,875,-5768
470,CAH,2020-11-09,0 days 15:59:15.253577,388140,55.45,55.42,200,1017,1241,-73475
471,CAH,2020-11-09,0 days 15:59:18.251960,382194,55.54,55.5,100,1217,-8924,7809
472,CAH,2020-11-09,0 days 15:59:20.253333,393718,55.54,55.5,626,417,11392,-8121
473,CAH,2020-11-09,0 days 15:59:24.252768,384875,55.54,55.47,187,700,-3465,2935
474,CAH,2020-11-09,0 days 15:59:31.254006,388340,55.48,55.43,500,100,9524,-3165
475,CAH,2020-11-09,0 days 15:59:32.254618,385864,55.47,55.44,500,285,-2276,9524
476,CAH,2020-11-09,0 days 15:59:40.255228,379487,55.42,55.4,500,100,-356,6785
477,CAH,2020-11-09,0 days 15:59:42.255062,379843,55.41,55.39,483,100,1044,-356
478,CAH,2020-11-09,0 days 15:59:44.254183,378874,55.44,55.42,300,100,-1003,4197
479,CAH,2020-11-09,0 days 15:59:45.257058,379877,55.44,55.41,600,100,1337,-1003
480,CAH,2020-11-09,0 days 15:59:46.255061,378914,55.42,55.4,600,600,-1019,1337
481,CAH,2020-11-09,0 days 15:59:47.256954,379933,55.41,55.36,400,400,2334,-1019
482,CARR,2020-11-09,0 days 15:56:17.240706,1137577,39.05,39.03,1794,640,-5174,6126
483,CARR,2020-11-09,0 days 15:56:18.240609,1132451,39.05,39.03,2194,517,5126,-5174
484,CARR,2020-11-09,0 days 15:56:46.241754,1137577,39.02,39.01,504,800,-1373,4527
485,CARR,2020-11-09,0 days 15:56:47.242072,1133144,39.02,39.01,1004,500,4433,-1373
486,CARR,2020-11-09,0 days 15:57:17.241956,1134041,39.01,39.0,1104,1401,3536,-364
487,CARR,2020-11-09,0 days 15:57:35.242082,1145823,39.01,39.0,1040,608,-6418,3881
488,CARR,2020-11-09,0 days 15:57:47.242842,1146522,39.01,39.0,800,849,-10319,6481
489,CARR,2020-11-09,0 days 15:57:56.243042,1153941,39.01,39.0,600,2202,4681,-418
490,CARR,2020-11-09,0 days 15:57:57.245917,1153322,39.02,39.0,1316,1500,-619,4681
491,CARR,2020-11-09,0 days 15:58:06.243416,1194320,39.04,39.03,598,300,2156,-6044
492,CARR,2020-11-09,0 days 15:58:07.243648,1189176,39.04,39.03,998,384,-5144,2156
493,CARR,2020-11-09,0 days 15:58:24.244698,1165577,38.99,38.98,200,2000,-2711,14489
494,CARR,2020-11-09,0 days 15:59:02.247316,1240177,38.97,38.95,1041,800,21184,-23200
495,CARR,2020-11-09,0 days 15:59:03.246628,1233062,38.97,38.95,1041,600,-7115,21184
496,CARR,2020-11-09,0 days 15:59:10.245802,1236244,38.95,38.92,1059,500,-6075,13225
497,CARR,2020-11-09,0 days 15:59:14.246335,1225155,38.93,38.9,904,100,-4108,6692
498,CARR,2020-11-09,0 days 15:59:15.245625,1217169,38.91,38.89,767,500,7986,-4108
499,CARR,2020-11-09,0 days 15:59:16.244863,1213255,38.91,38.89,601,500,-3914,7986
500,CARR,2020-11-09,0 days 15:59:21.245936,1217469,38.91,38.89,997,900,10452,-545
501,CARR,2020-11-09,0 days 15:59:22.245678,1214721,38.91,38.89,997,800,-2748,10452
502,CARR,2020-11-09,0 days 15:59:39.246363,1258497,38.87,38.85,300,300,1050,-81
503,CARR,2020-11-09,0 days 15:59:48.246184,1257014,38.86,38.84,100,446,-8978,1094
504,CAT,2020-11-09,0 days 15:55:00.240186,329147,171.66,171.55,100,100,-84115,24125
505,CAT,2020-11-09,0 days 15:57:34.241340,425788,170.88,170.81,300,436,1984,-3974
506,CAT,2020-11-09,0 days 15:57:37.241747,424772,170.92,170.84,904,100,-1178,10222
507,CAT,2020-11-09,0 days 15:57:38.242837,426012,170.92,170.84,1004,100,560,-1178
508,CAT,2020-11-09,0 days 15:57:39.242028,424672,170.97,170.86,100,401,-1340,560
509,CAT,2020-11-09,0 days 15:57:49.243953,426178,171.0,170.97,152,100,2894,-1906
510,CAT,2020-11-09,0 days 15:57:50.241739,417472,171.03,171.0,100,124,-8706,2894
511,CAT,2020-11-09,0 days 15:57:51.242312,426116,170.99,170.94,100,205,1656,-8706
512,CAT,2020-11-09,0 days 15:57:52.243533,424572,171.01,170.94,100,205,-1544,1656
513,CAT,2020-11-09,0 days 15:58:12.244409,432004,171.33,171.19,900,400,4477,-9902
514,CAT,2020-11-09,0 days 15:58:13.243561,430181,171.33,171.25,800,335,-1623,4477
515,CAT,2020-11-09,0 days 15:58:23.244046,430381,171.33,171.18,100,200,-1885,2115
516,CAT,2020-11-09,0 days 15:58:26.245698,427182,171.19,171.06,100,100,12599,-1423
517,CAT,2020-11-09,0 days 15:58:57.245731,426245,171.03,170.9,500,200,-11437,1522
518,CAT,2020-11-09,0 days 15:58:59.245615,437578,170.99,170.87,100,100,5318,-1186
519,CAT,2020-11-09,0 days 15:59:46.247452,447989,170.77,170.67,300,200,26992,-4523
520,CAT,2020-11-09,0 days 15:59:47.246861,449881,170.77,170.67,1000,369,-1038,26992
521,CCL,2020-11-09,0 days 15:55:07.274191,795905,19.2,19.19,31227,21507,916,-12184
522,CCL,2020-11-09,0 days 15:55:08.273231,790621,19.2,19.19,30877,23087,-5284,916
523,CCL,2020-11-09,0 days 15:55:24.276808,795905,19.2,19.19,35420,23535,5905,-4095
524,CCL,2020-11-09,0 days 15:55:25.279829,791710,19.2,19.19,32120,20747,-4195,5905
525,CCL,2020-11-09,0 days 15:55:57.278887,797270,19.21,19.2,14697,4003,6125,-3642
526,CCL,2020-11-09,0 days 15:55:58.279205,794695,19.21,19.2,12564,8022,-2575,6125
527,CCL,2020-11-09,0 days 15:56:42.280605,861802,19.21,19.2,7431,26642,6189,-3211
528,CCL,2020-11-09,0 days 15:56:43.280817,854691,19.21,19.2,7431,25138,-7111,6189
529,CCL,2020-11-09,0 days 15:58:08.286794,912418,19.22,19.21,5758,11614,3088,-10312
530,CCL,2020-11-09,0 days 15:58:09.288159,902206,19.22,19.21,6759,13014,-10212,3088
531,CCL,2020-11-09,0 days 15:59:15.284667,955031,19.24,19.23,13724,31196,30628,-2846
532,CCL,2020-11-09,0 days 15:59:16.283746,949459,19.24,19.23,10224,32386,-5572,30628
533,CCL,2020-11-09,0 days 15:59:25.286161,923631,19.21,19.2,4800,8700,18428,-6172
534,CCL,2020-11-09,0 days 15:59:27.284786,911059,19.21,19.2,5055,8500,-3972,3928
535,CCL,2020-11-09,0 days 15:59:39.279659,1065117,19.23,19.22,5300,12310,-17614,6986
536,CCL,2020-11-09,0 days 15:59:40.282647,1059231,19.23,19.22,2700,11810,7636,-17614
537,CDAY,2020-11-09,0 days 15:57:06.280660,82186,94.19,94.13,700,302,2522,-878
538,CDAY,2020-11-09,0 days 15:57:21.281084,83308,94.32,94.25,400,200,-378,1622
539,CDAY,2020-11-09,0 days 15:58:34.287532,100286,94.36,94.31,457,807,50,-1669
540,CDAY,2020-11-09,0 days 15:58:39.287223,98936,94.36,94.31,457,1012,-1350,50
541,CDAY,2020-11-09,0 days 15:59:05.288448,100869,94.36,94.12,400,100,1166,-2734
542,CDAY,2020-11-09,0 days 15:59:06.288864,100335,94.36,94.12,400,100,-134,1166
543,CDAY,2020-11-09,0 days 15:59:07.288112,98769,94.35,94.12,100,200,2366,-134
544,CDAY,2020-11-09,0 days 15:59:08.288234,97635,94.36,94.15,100,500,-3464,2366
545,CDAY,2020-11-09,0 days 15:59:09.290110,98799,94.38,94.15,100,100,20994,-3464
546,CDAY,2020-11-09,0 days 15:59:35.279902,112713,94.33,94.26,365,200,-436,864
547,CDAY,2020-11-09,0 days 15:59:36.279916,111749,94.33,94.26,565,200,1764,-436
548,CDAY,2020-11-09,0 days 15:59:38.280059,113372,94.36,94.26,235,200,-377,464
549,CDAY,2020-11-09,0 days 15:59:39.279645,113049,94.35,94.26,833,200,1123,-377
550,CDAY,2020-11-09,0 days 15:59:40.282647,113372,94.35,94.26,200,264,-177,1123
551,CDAY,2020-11-09,0 days 15:59:42.280079,113224,94.35,94.26,768,200,948,-377
552,CDAY,2020-11-09,0 days 15:59:43.281559,113372,94.35,94.26,100,300,-552,948
553,CDAY,2020-11-09,0 days 15:59:44.279284,112324,94.34,94.26,733,200,1848,-552
554,CDAY,2020-11-09,0 days 15:59:45.281413,113372,94.34,94.26,100,164,-477,1848
555,CDAY,2020-11-09,0 days 15:59:46.280140,112449,94.34,94.26,325,164,4647,-477
556,CF,2020-11-09,0 days 15:55:00.273378,249175,29.13,29.09,447,281,3297,-85942
557,CF,2020-11-09,0 days 15:56:49.280224,255305,29.08,29.07,1638,803,-1432,774
558,CF,2020-11-09,0 days 15:56:50.283515,253637,29.08,29.07,1738,803,1668,-1432
559,CF,2020-11-09,0 days 15:57:35.282505,255458,29.02,29.0,800,700,-1098,1102
560,CF,2020-11-09,0 days 15:57:36.283908,254856,29.02,29.01,800,406,602,-1098
561,CF,2020-11-09,0 days 15:58:02.288621,253404,29.03,29.02,1622,824,2054,-198
562,CF,2020-11-09,0 days 15:59:33.279848,256868,28.95,28.93,1900,800,-6176,4471
563,CF,2020-11-09,0 days 15:59:41.281124,270444,28.94,28.93,700,1171,5922,-1592
564,CF,2020-11-09,0 days 15:59:45.281214,275591,28.95,28.94,729,1271,1951,-3025
565,CFG,2020-11-09,0 days 15:55:00.274407,497692,32.43,32.42,3519,1095,10167,-7793
566,CFG,2020-11-09,0 days 15:57:06.280692,536896,32.3,32.29,2435,1435,-129,5391
567,CFG,2020-11-09,0 days 15:57:09.280840,525303,32.3,32.29,4122,1441,11593,-907
568,CFG,2020-11-09,0 days 15:58:17.286753,548815,32.38,32.37,1046,4401,8374,-4558
569,CFG,2020-11-09,0 days 15:59:49.279816,574142,32.3,32.29,600,4320,-979,4812
570,CFG,2020-11-09,0 days 15:59:50.285074,561621,32.3,32.29,500,3800,8921,-979
571,CGC,2020-11-09,0 days 15:59:30.362539,87244,24.58,24.57,938,1880,-2286,249
572,CGC,2020-11-09,0 days 15:59:31.360955,84630,24.58,24.57,1866,600,2614,-2286
573,CGC,2020-11-09,0 days 15:59:46.354752,87244,24.57,24.56,300,587,-265,1964
574,CHWY,2020-11-09,0 days 15:57:08.353331,52942,62.57,62.42,300,302,-5099,23255
575,CHWY,2020-11-09,0 days 15:57:09.353516,29387,62.52,62.42,300,702,23555,-5099
576,CHWY,2020-11-09,0 days 15:58:13.363216,52942,62.38,62.32,494,980,-1697,19540
577,CHWY,2020-11-09,0 days 15:58:14.361403,33412,62.38,62.32,494,1280,19540,-1697
578,CHWY,2020-11-09,0 days 15:58:24.362937,53071,62.38,62.33,594,1951,-24488,2565
579,CHWY,2020-11-09,0 days 15:58:27.361978,50506,62.36,62.33,494,1348,2565,-24488
580,CHWY,2020-11-09,0 days 15:58:34.362312,53081,62.26,62.22,352,700,-23378,3675
581,CHWY,2020-11-09,0 days 15:58:35.363833,49406,62.26,62.21,300,306,3675,-23378
582,CHWY,2020-11-09,0 days 15:58:36.362191,53081,62.26,62.22,356,300,-23378,3675
583,CHWY,2020-11-09,0 days 15:58:37.359816,49406,62.26,62.25,172,200,3675,-23378
584,CHWY,2020-11-09,0 days 15:58:38.359697,53081,62.26,62.21,398,201,-23378,3675
585,CHWY,2020-11-09,0 days 15:58:43.358332,49406,62.26,62.25,400,300,3675,-23378
586,CHWY,2020-11-09,0 days 15:59:02.360635,49406,62.37,62.3,400,972,3675,-24488
587,CHWY,2020-11-09,0 days 15:59:11.360654,49424,62.38,62.26,300,100,7256,-19897
588,CHWY,2020-11-09,0 days 15:59:20.359656,49424,62.27,62.25,200,221,10386,-17469
589,CHWY,2020-11-09,0 days 15:59:27.360330,49497,62.27,62.25,400,100,10313,-17542
590,CHWY,2020-11-09,0 days 15:59:28.359135,59810,62.27,62.22,400,700,-17542,10313
591,CHWY,2020-11-09,0 days 15:59:31.361372,48397,62.23,62.2,370,711,11413,-17542
592,CI,2020-11-09,0 days 15:59:37.246282,254825,211.57,211.26,200,100,7285,-1515
593,CI,2020-11-09,0 days 15:59:38.246569,252910,211.67,211.28,300,300,-1915,7285
594,CI,2020-11-09,0 days 15:59:46.247558,255725,211.66,211.39,192,400,425,-2953
595,CI,2020-11-09,0 days 15:59:47.246879,249950,211.65,211.41,200,300,-7746,425
596,CIM,2020-11-09,0 days 15:56:36.241186,100241,9.41,9.4,9382,12130,-1723,697
597,CIM,2020-11-09,0 days 15:56:37.241169,99264,9.41,9.4,11483,11730,977,-1723
598,CIM,2020-11-09,0 days 15:57:10.242631,114041,9.41,9.4,7721,15872,-1175,1525
599,CIM,2020-11-09,0 days 15:58:06.243250,112141,9.43,9.42,10800,15452,-875,1925
600,CIM,2020-11-09,0 days 15:58:07.243505,110516,9.43,9.42,9901,15852,1625,-875
601,CIM,2020-11-09,0 days 15:58:30.244229,112141,9.43,9.42,4475,19450,-1375,1225
602,CIM,2020-11-09,0 days 15:58:31.244542,111116,9.43,9.42,5775,19150,1025,-1375
603,CIM,2020-11-09,0 days 15:59:19.245263,111617,9.42,9.41,22789,5720,-3818,3904
604,CIM,2020-11-09,0 days 15:59:20.245194,110035,9.42,9.41,23789,6020,1582,-3818
605,CIM,2020-11-09,0 days 15:59:37.246077,114917,9.41,9.4,2480,16945,-2130,4882
606,CIM,2020-11-09,0 days 15:59:47.246644,112019,9.42,9.41,19744,12388,710,-5390
607,CIM,2020-11-09,0 days 15:59:56.247652,112729,9.45,9.44,22550,200,-2090,7510
608,CL,2020-11-09,0 days 15:55:00.249041,474948,82.17,82.15,611,122,-647,101084
609,CL,2020-11-09,0 days 15:55:01.248496,471095,82.13,82.11,400,300,3853,-647
610,CL,2020-11-09,0 days 15:59:11.254117,535642,81.6,81.56,496,100,6889,-3770
611,CL,2020-11-09,0 days 15:59:15.254672,547671,81.58,81.53,300,1500,-4328,9378
612,CL,2020-11-09,0 days 15:59:16.253688,539614,81.56,81.55,356,100,8057,-4328
613,CL,2020-11-09,0 days 15:59:29.255256,530996,81.62,81.59,100,800,3814,-5886
614,CLDR,2020-11-09,0 days 15:55:01.248581,78156,10.11,10.1,8477,3302,-2999,2501
615,CLDR,2020-11-09,0 days 15:56:56.254107,82765,10.09,10.08,9640,3700,1886,-1014
616,CLDR,2020-11-09,0 days 15:57:22.250510,85651,10.09,10.08,8385,6317,-4034,966
617,CLDR,2020-11-09,0 days 15:57:24.252202,89685,10.09,10.08,8085,6017,5166,-4034
618,CLDR,2020-11-09,0 days 15:57:25.251962,85651,10.09,10.08,8085,6017,-4034,5166
619,CLDR,2020-11-09,0 days 15:59:02.257041,90051,10.08,10.07,8876,3203,-1867,356
620,CLDR,2020-11-09,0 days 15:59:08.254717,93473,10.08,10.07,9807,1185,1078,-1222
621,CLF,2020-11-09,0 days 15:57:04.274812,328349,8.55,8.54,6801,16977,-2912,3888
622,CLF,2020-11-09,0 days 15:57:05.274004,317061,8.55,8.54,6707,15775,10288,-2912
623,CLF,2020-11-09,0 days 15:59:05.276380,364467,8.54,8.53,7586,18674,-27227,14732
624,CLF,2020-11-09,0 days 15:59:06.275872,358144,8.54,8.53,8389,18674,3723,-27227
625,CLF,2020-11-09,0 days 15:59:08.276946,327783,8.54,8.53,5885,23894,-30361,6323
626,CLF,2020-11-09,0 days 15:59:09.276173,323644,8.54,8.53,6989,20894,4139,-30361
627,CLF,2020-11-09,0 days 15:59:20.276526,346913,8.54,8.53,20097,13736,-11807,5469
628,CLF,2020-11-09,0 days 15:59:21.276788,342720,8.54,8.53,16812,13146,4193,-11807
629,CLF,2020-11-09,0 days 15:59:46.276225,358813,8.54,8.53,27833,3515,-7356,2634
630,CLNY,2020-11-09,0 days 15:57:12.112803,253611,3.75,3.74,20749,16579,-2160,40940
631,CLNY,2020-11-09,0 days 15:57:13.113057,207371,3.75,3.74,20749,16579,46240,-2160
632,CLNY,2020-11-09,0 days 15:57:47.112619,273611,3.75,3.74,19289,19275,-21363,38137
633,CLNY,2020-11-09,0 days 15:59:40.119765,275385,3.75,3.74,18691,15292,-1247,1553
634,CLNY,2020-11-09,0 days 15:59:47.118556,274532,3.75,3.74,11310,11149,853,-11847
635,CNC,2020-11-09,0 days 15:55:00.273453,209919,69.08,69.06,100,200,3054,-45034
636,CNC,2020-11-09,0 days 15:56:30.279444,212763,68.99,68.98,500,197,-5430,70
637,CNC,2020-11-09,0 days 15:56:35.280132,217693,68.96,68.93,300,100,667,-4833
638,CNC,2020-11-09,0 days 15:56:39.279626,218360,68.96,68.93,400,472,-132,667
639,CNC,2020-11-09,0 days 15:56:46.280614,218492,68.94,68.92,435,400,868,-132
640,CNC,2020-11-09,0 days 15:57:08.280394,219915,68.89,68.86,900,277,-6860,840
641,CNC,2020-11-09,0 days 15:57:35.282537,222278,68.76,68.71,300,209,1844,-256
642,CNC,2020-11-09,0 days 15:57:46.282242,237022,68.83,68.79,119,100,-656,1444
643,CNC,2020-11-09,0 days 15:57:47.282629,235778,68.82,68.79,300,500,1244,-656
644,CNC,2020-11-09,0 days 15:57:54.282886,231978,68.84,68.81,519,500,844,-3256
645,CNC,2020-11-09,0 days 15:57:59.284483,232822,68.88,68.85,200,200,-156,701
646,CNC,2020-11-09,0 days 15:58:01.290201,227121,68.89,68.86,300,600,201,-4656
647,CNC,2020-11-09,0 days 15:58:02.288671,227322,68.9,68.89,1400,100,-102,201
648,CNC,2020-11-09,0 days 15:58:30.286985,231867,68.87,68.85,376,200,-4932,568
649,CNC,2020-11-09,0 days 15:58:34.287450,236799,68.83,68.82,431,300,568,-4932
650,CNC,2020-11-09,0 days 15:58:39.287152,236067,68.83,68.81,1700,100,-732,2668
651,CNC,2020-11-09,0 days 15:58:43.287236,236499,68.79,68.75,300,200,5068,-432
652,CNC,2020-11-09,0 days 15:59:04.287846,237280,68.84,68.82,100,100,-379,481
653,CNC,2020-11-09,0 days 15:59:05.288370,237565,68.83,68.81,1500,100,1815,-379
654,CNC,2020-11-09,0 days 15:59:09.290006,251067,68.81,68.78,300,100,-6318,23
655,CNC,2020-11-09,0 days 15:59:10.288398,250985,68.8,68.78,100,210,82,-6318
656,CNC,2020-11-09,0 days 15:59:23.284359,257809,68.83,68.73,100,100,-1602,498
657,CNC,2020-11-09,0 days 15:59:24.284243,257111,68.83,68.76,100,100,698,-1602
658,CNC,2020-11-09,0 days 15:59:33.279894,257809,68.79,68.75,497,100,-1803,297
659,CNC,2020-11-09,0 days 15:59:36.279816,256512,68.73,68.65,300,200,1297,-1803
660,CNC,2020-11-09,0 days 15:59:56.280394,266509,68.8,68.78,400,100,-1553,547
661,CNHI,2020-11-09,0 days 15:59:16.283443,37926,9.74,9.73,22411,15999,-4753,12047
662,CNHI,2020-11-09,0 days 15:59:45.281099,42228,9.74,9.73,41331,11650,1500,-256
663,CNK,2020-11-09,0 days 15:55:30.106333,456966,13.03,13.02,3508,274,-49965,42547
664,CNK,2020-11-09,0 days 15:55:39.106386,452363,13.03,13.01,2801,9049,-7456,35244
665,CNK,2020-11-09,0 days 15:55:48.107160,452363,13.02,13.01,2600,5519,-11306,35198
666,CNK,2020-11-09,0 days 15:58:01.111944,475348,13.07,13.06,5764,3582,35097,-7015
667,CNK,2020-11-09,0 days 15:58:02.111665,464028,13.07,13.06,5016,3280,-11320,35097
668,CNK,2020-11-09,0 days 15:58:10.112090,475348,13.08,13.07,800,100,2197,-6103
669,CNK,2020-11-09,0 days 15:58:11.112611,469515,13.08,13.07,900,1176,-5833,2197
670,CNK,2020-11-09,0 days 15:58:39.112555,471815,13.06,13.05,3090,8190,-3433,967
671,CNK,2020-11-09,0 days 15:58:58.113097,475348,13.07,13.06,400,1960,708,-4033
672,CNK,2020-11-09,0 days 15:58:59.112699,471756,13.07,13.06,900,1481,-3592,708
673,CNK,2020-11-09,0 days 15:59:33.113048,487447,13.08,13.07,400,1100,9119,-20535
674,CNK,2020-11-09,0 days 15:59:43.113386,555366,13.12,13.11,600,2195,-8534,4348
675,CNK,2020-11-09,0 days 16:00:00.168045,539919,13.11,13.06,800,200,18691,-14309
676,CNP,2020-11-09,0 days 15:55:25.245353,307094,23.82,23.81,5614,10986,14449,-1451
677,CNP,2020-11-09,0 days 15:56:16.245717,348593,23.85,23.84,2482,6915,-28355,39445
678,CNP,2020-11-09,0 days 15:56:17.245878,344748,23.85,23.84,3613,6904,3845,-28355
679,CNP,2020-11-09,0 days 15:57:35.247322,348593,23.77,23.76,223,10242,-827,5073
680,CNP,2020-11-09,0 days 15:57:39.247866,346820,23.78,23.77,6233,6186,1773,-1327
681,CNP,2020-11-09,0 days 15:57:41.249607,348593,23.78,23.77,2710,7286,-1627,1773
682,CNP,2020-11-09,0 days 15:57:42.248562,347120,23.78,23.77,3310,7286,1473,-1627
683,CNP,2020-11-09,0 days 15:57:43.248879,348593,23.78,23.77,2610,8586,-2327,1473
684,CNP,2020-11-09,0 days 15:57:45.248150,347520,23.78,23.77,1800,8786,1073,-2627
685,CNP,2020-11-09,0 days 15:57:46.247934,348593,23.78,23.77,3009,7286,-5727,1073
686,CNP,2020-11-09,0 days 15:58:14.250176,380160,23.78,23.77,3096,6019,7610,-4195
687,CNP,2020-11-09,0 days 15:58:15.250180,373770,23.79,23.78,4500,5019,-6390,7610
688,CNP,2020-11-09,0 days 15:59:07.252017,375724,23.76,23.75,5580,2442,-1713,1475
689,CNP,2020-11-09,0 days 15:59:12.252202,390312,23.76,23.75,9086,1406,3025,-3285
690,CNP,2020-11-09,0 days 15:59:13.252072,388212,23.76,23.75,12086,800,-2100,3025
691,CNP,2020-11-09,0 days 15:59:40.254343,393282,23.76,23.75,5796,486,-1604,4796
692,CNP,2020-11-09,0 days 15:59:43.253998,394310,23.76,23.75,2680,4102,904,-504
693,CNP,2020-11-09,0 days 15:59:49.254324,382175,23.73,23.72,1775,4400,-835,12004
694,CNQ,2020-11-09,0 days 15:55:00.287935,64677,20.04,20.03,11811,520,-1573,4955
695,CNQ,2020-11-09,0 days 15:56:36.289533,67284,20.04,20.03,1041,13616,1271,-1149
696,CNQ,2020-11-09,0 days 15:56:37.290131,66155,20.04,20.03,2900,13506,-1129,1271
697,CNQ,2020-11-09,0 days 15:58:17.291530,69755,20.05,20.04,1970,13428,-1131,769
698,CNQ,2020-11-09,0 days 15:59:07.294005,69066,20.03,20.02,7845,6128,47,-573
699,CNQ,2020-11-09,0 days 15:59:28.288450,71563,20.03,20.02,2755,19275,-1378,522
700,CNQ,2020-11-09,0 days 15:59:29.288380,71041,20.03,20.02,2755,15275,522,-1378
701,CNQ,2020-11-09,0 days 15:59:42.288994,71412,20.05,20.04,8800,14275,183,-6617
702,CNX,2020-11-09,0 days 15:59:01.276335,418349,8.8,8.79,3631,1550,-3680,27520
703,COF,2020-11-09,0 days 15:55:52.272109,247392,87.05,87.02,703,112,7005,-4148
704,COF,2020-11-09,0 days 15:55:53.271682,244397,87.07,87.03,100,100,-2995,7005
705,COF,2020-11-09,0 days 15:56:05.272842,248163,87.11,87.07,100,300,244,-2356
706,COF,2020-11-09,0 days 15:56:09.272013,248507,87.09,87.02,300,400,-437,244
707,COF,2020-11-09,0 days 15:56:13.271877,248944,87.04,87.0,201,200,63,-237
708,COF,2020-11-09,0 days 15:56:23.271532,246307,86.95,86.87,750,100,-2635,363
709,COF,2020-11-09,0 days 15:57:09.273582,248944,86.96,86.91,613,100,1944,-1554
710,COF,2020-11-09,0 days 15:57:10.273811,246688,86.96,86.91,712,400,-3238,1944
711,COF,2020-11-09,0 days 15:57:34.272547,249626,86.97,86.93,200,120,8192,-838
712,COF,2020-11-09,0 days 15:57:41.274570,249928,87.01,86.99,203,100,90,-2610
713,COF,2020-11-09,0 days 15:57:42.272525,249418,87.01,86.98,447,300,-510,90
714,COF,2020-11-09,0 days 15:58:11.274341,250232,87.14,87.11,400,100,2459,-441
715,COF,2020-11-09,0 days 15:58:12.274218,249191,87.14,87.11,400,200,-1041,2459
716,COF,2020-11-09,0 days 15:58:18.274234,250232,87.18,87.15,100,100,16,-2984
717,COF,2020-11-09,0 days 15:58:20.274387,249148,87.19,87.15,100,700,-1084,16
718,COF,2020-11-09,0 days 15:58:24.274983,249248,87.15,87.13,102,402,-1026,74
719,COF,2020-11-09,0 days 15:58:35.274718,250272,87.08,87.03,630,200,76,-24
720,COF,2020-11-09,0 days 15:58:40.275631,250272,87.03,86.98,596,154,576,-124
721,COF,2020-11-09,0 days 15:58:41.274739,249948,87.0,86.95,523,500,-324,576
722,COF,2020-11-09,0 days 15:58:57.275558,250272,87.04,86.98,200,150,9858,-194
723,COF,2020-11-09,0 days 15:59:05.276109,268087,87.0,86.94,313,432,-837,342
724,COF,2020-11-09,0 days 15:59:08.276523,269841,86.99,86.96,300,100,317,-505
725,COF,2020-11-09,0 days 15:59:09.275843,269213,86.99,86.96,300,400,-628,317
726,COF,2020-11-09,0 days 15:59:12.276125,272467,86.97,86.9,200,200,957,-3254
727,COF,2020-11-09,0 days 15:59:13.276237,272024,86.97,86.94,300,200,-4665,957
728,COF,2020-11-09,0 days 15:59:14.276634,276387,86.91,86.87,200,400,1237,-4665
729,COF,2020-11-09,0 days 15:59:15.277136,275424,86.94,86.89,200,812,-963,1237
730,COF,2020-11-09,0 days 15:59:23.276021,286139,86.95,86.91,342,239,914,-1361
731,COF,2020-11-09,0 days 15:59:24.276422,282953,86.98,86.93,101,108,-3488,914
732,COF,2020-11-09,0 days 15:59:30.280036,261414,86.96,86.91,100,100,24039,-1188
733,COF,2020-11-09,0 days 15:59:40.276051,279499,86.97,86.93,200,100,-7468,3049
734,COF,2020-11-09,0 days 15:59:48.275564,287767,86.96,86.91,400,186,857,-993
735,COF,2020-11-09,0 days 15:59:49.275722,286624,86.98,86.9,300,300,-2545,857
736,COF,2020-11-09,0 days 15:59:55.276849,287767,86.96,86.86,400,182,1007,-1595
737,COF,2020-11-09,0 days 16:00:00.275971,286774,87.12,86.92,100,100,-1595,1007
738,COG,2020-11-09,0 days 15:57:37.112843,512048,16.65,16.64,5596,200,-2577,1112
739,COG,2020-11-09,0 days 15:57:38.113442,507735,16.65,16.64,5307,400,2912,-2577
740,COG,2020-11-09,0 days 15:57:41.116303,510647,16.65,16.64,3535,924,-688,1212
741,COG,2020-11-09,0 days 15:57:43.112889,502535,16.65,16.64,4670,724,8112,-4088
742,COG,2020-11-09,0 days 15:58:26.115986,511796,16.65,16.64,3267,4020,2183,-6917
743,COG,2020-11-09,0 days 15:59:03.117708,513296,16.65,16.64,1800,3080,803,-42197
744,COG,2020-11-09,0 days 15:59:15.116824,519482,16.65,16.64,1508,3586,-1157,6881
745,COG,2020-11-09,0 days 15:59:19.117008,520639,16.65,16.64,1708,3875,4811,-1157
746,COLD,2020-11-09,0 days 15:55:00.347526,241182,35.19,35.16,1700,618,18199,-58433
747,COLD,2020-11-09,0 days 15:56:07.354977,258709,35.14,35.07,100,784,935,-165
748,COLD,2020-11-09,0 days 15:56:16.351925,257094,35.13,35.11,1000,558,-1615,935
749,COLD,2020-11-09,0 days 15:56:17.352657,256209,35.13,35.11,1000,558,885,-1615
750,COLD,2020-11-09,0 days 15:56:20.353033,274694,35.14,35.11,419,168,-1215,585
751,COLD,2020-11-09,0 days 15:56:49.353748,274995,35.12,35.08,2564,100,-1614,286
752,COLD,2020-11-09,0 days 15:57:06.354089,268807,35.03,35.0,1100,257,7288,-1512
753,COLD,2020-11-09,0 days 15:57:07.353306,268395,35.03,35.0,1000,357,-412,7288
754,COLD,2020-11-09,0 days 15:57:52.355530,270007,35.01,35.0,1879,400,1488,-412
755,COLD,2020-11-09,0 days 15:57:53.356100,269895,35.01,35.0,1879,400,-112,1488
756,COLD,2020-11-09,0 days 15:58:05.362409,273350,35.0,34.97,1500,603,1083,-617
757,COLD,2020-11-09,0 days 15:58:06.361220,276218,35.0,34.97,1500,605,-32,1083
758,COLD,2020-11-09,0 days 15:58:07.361399,275550,35.0,34.97,1400,705,668,-32
759,COLD,2020-11-09,0 days 15:58:08.361125,276218,35.0,34.97,1400,705,-1232,668
760,COLD,2020-11-09,0 days 15:58:09.362519,273350,35.0,34.98,1500,100,4268,-1232
761,COLD,2020-11-09,0 days 15:59:17.358692,326901,34.9,34.87,674,1628,-5987,7426
762,COLD,2020-11-09,0 days 15:59:50.356723,316410,35.0,34.93,500,700,3324,-1876
763,COP,2020-11-09,0 days 15:59:49.112260,1320376,33.32,33.31,500,1115,6737,-71263
764,COTY,2020-11-09,0 days 15:57:39.241931,286776,4.49,4.48,2600,58848,-4671,5629
765,COTY,2020-11-09,0 days 15:57:40.242635,284747,4.49,4.48,700,63448,2106,-4671
766,COTY,2020-11-09,0 days 15:57:54.242581,287076,4.49,4.48,15553,50898,-171,1529
767,COTY,2020-11-09,0 days 15:57:56.242950,270647,4.49,4.48,15453,50888,16429,-171
768,COTY,2020-11-09,0 days 15:59:37.246023,298737,4.46,4.45,21617,32540,-734,1482
769,COTY,2020-11-09,0 days 15:59:38.246339,298471,4.46,4.45,21565,32540,266,-734
770,COTY,2020-11-09,0 days 15:59:47.246622,298621,4.46,4.45,25307,24449,116,-4884
771,COTY,2020-11-09,0 days 15:59:48.245923,298737,4.46,4.45,28507,24349,-184,116
772,COTY,2020-11-09,0 days 15:59:49.246377,298621,4.46,4.45,28707,21249,116,-184
773,CPRI,2020-11-09,0 days 15:55:04.267310,156722,27.0,26.98,200,550,1586,-2238
774,CPRI,2020-11-09,0 days 15:55:05.269076,150008,26.99,26.98,300,300,-6714,1586
775,CPRI,2020-11-09,0 days 15:55:50.270588,161839,26.98,26.97,510,1685,1913,-4763
776,CPRI,2020-11-09,0 days 15:55:51.270350,156652,26.98,26.97,1024,1885,-5187,1913
777,CPRI,2020-11-09,0 days 15:58:41.273479,179856,27.01,27.0,300,304,-7633,2467
778,CPRI,2020-11-09,0 days 15:59:16.274265,178788,26.98,26.96,408,149,-1524,36840
779,CPRI,2020-11-09,0 days 15:59:47.275404,211286,27.0,26.99,497,1288,-891,12254
780,CRK,2020-11-09,0 days 15:56:36.352642,64327,4.38,4.37,460,5324,-820,1600
781,CRK,2020-11-09,0 days 15:56:37.354231,61547,4.39,4.38,6521,2800,2780,-820
782,CRK,2020-11-09,0 days 15:57:32.354407,70010,4.41,4.4,1900,2800,3182,-3918
783,CRK,2020-11-09,0 days 15:59:02.360635,84613,4.36,4.35,5028,1223,-222,1128
784,CRK,2020-11-09,0 days 15:59:04.361123,83435,4.36,4.35,5671,400,1178,-222
785,CRK,2020-11-09,0 days 15:59:15.362004,87913,4.36,4.35,1461,3880,-28040,5284
786,CRK,2020-11-09,0 days 15:59:45.356287,89447,4.38,4.37,1200,4200,-4342,658
787,CRM,2020-11-09,0 days 15:55:00.244447,433351,260.73,260.59,100,400,-906,24702
788,CRM,2020-11-09,0 days 15:55:10.245270,433229,260.52,260.42,100,100,4233,-1094
789,CRM,2020-11-09,0 days 15:55:11.243450,430662,260.51,260.41,200,200,-2172,4233
790,CRM,2020-11-09,0 days 15:55:21.244371,432036,260.28,260.13,100,100,929,-872
791,CRM,2020-11-09,0 days 15:55:29.245557,432487,260.4,260.29,200,100,-673,627
792,CRM,2020-11-09,0 days 15:57:22.248084,452778,259.71,259.61,104,100,1032,-5029
793,CRM,2020-11-09,0 days 15:57:23.248393,450810,259.8,259.66,200,100,-5029,1032
794,CRM,2020-11-09,0 days 15:57:29.248288,452414,259.64,259.57,100,100,1793,-2229
795,CRM,2020-11-09,0 days 15:57:33.247548,449914,259.64,259.54,100,200,693,-2568
796,CRM,2020-11-09,0 days 15:57:35.247737,449207,259.64,259.55,100,100,-707,7493
797,CRM,2020-11-09,0 days 15:57:36.251071,450014,259.65,259.59,100,200,8193,-707
798,CRM,2020-11-09,0 days 15:57:37.247886,446510,259.73,259.61,400,327,-14829,8193
799,CRM,2020-11-09,0 days 15:57:52.250808,456639,259.8,259.74,100,100,2071,-1629
800,CRM,2020-11-09,0 days 15:57:53.250457,454813,259.86,259.76,100,100,-1826,2071
801,CRM,2020-11-09,0 days 15:57:58.251521,456785,259.9,259.78,400,400,2228,-1575
802,CRM,2020-11-09,0 days 15:57:59.249520,455213,259.9,259.8,362,419,-1572,2228
803,CRM,2020-11-09,0 days 15:58:03.251846,457752,260.14,259.98,100,538,2126,-1577
804,CRM,2020-11-09,0 days 15:58:04.250050,451878,260.2,260.06,400,538,-9274,2126
805,CRM,2020-11-09,0 days 15:58:28.250623,470041,260.23,260.14,106,200,2268,-2629
806,CRM,2020-11-09,0 days 15:58:29.251345,462409,260.24,260.14,819,883,-8029,2268
807,CRM,2020-11-09,0 days 15:58:31.251365,470041,260.18,260.12,200,100,568,-4329
808,CRM,2020-11-09,0 days 15:58:32.250899,466909,260.19,260.12,105,126,-3132,568
809,CRM,2020-11-09,0 days 15:58:35.251258,469477,260.06,259.91,207,100,2932,-3132
810,CRM,2020-11-09,0 days 15:58:48.251373,463941,259.8,259.57,260,483,-1835,7265
811,CRM,2020-11-09,0 days 15:58:59.251687,472002,260.01,259.93,100,130,2993,-2571
812,CRM,2020-11-09,0 days 15:59:02.254734,468602,259.91,259.83,200,340,2190,-1607
813,CRM,2020-11-09,0 days 15:59:03.251992,470612,259.86,259.76,200,100,-1982,2190
814,CRM,2020-11-09,0 days 15:59:04.252489,472594,259.85,259.57,400,200,2955,-1982
815,CRM,2020-11-09,0 days 15:59:09.253010,475574,259.64,259.53,100,100,-1010,1820
816,CRM,2020-11-09,0 days 15:59:12.252748,478685,259.57,259.41,100,100,2245,-1357
817,CRM,2020-11-09,0 days 15:59:13.252567,473330,259.57,259.43,100,200,-7189,2245
818,CRM,2020-11-09,0 days 15:59:28.253475,474361,259.68,259.57,300,135,2564,-4696
819,CRM,2020-11-09,0 days 15:59:31.253577,470850,259.44,259.31,300,100,-12076,5064
820,CRM,2020-11-09,0 days 15:59:32.254380,481388,259.29,259.18,1162,100,5559,-12076
821,CRM,2020-11-09,0 days 15:59:33.254764,480747,259.29,259.13,602,150,-10083,5559
822,CRM,2020-11-09,0 days 15:59:34.254169,489429,259.29,259.13,852,315,515,-10083
823,CRM,2020-11-09,0 days 15:59:39.253939,484144,259.17,258.97,680,200,-5385,5090
824,CRM,2020-11-09,0 days 15:59:40.254845,489493,259.09,258.97,1045,200,8390,-5385
825,CRM,2020-11-09,0 days 15:59:41.253923,484483,259.22,258.97,200,200,-5010,8390
826,CRM,2020-11-09,0 days 15:59:45.256703,490103,259.13,258.94,546,200,8080,-4707
827,CRM,2020-11-09,0 days 15:59:46.254358,480544,259.17,259.0,400,400,-9929,8080
828,CRM,2020-11-09,0 days 15:59:49.255104,491831,259.13,258.94,400,300,8652,-1381
829,CRM,2020-11-09,0 days 15:59:55.255384,485783,259.2,258.81,600,300,-6124,4138
830,CS,2020-11-09,0 days 15:56:22.241096,86634,11.27,11.26,82615,13454,-583,13317
831,CS,2020-11-09,0 days 15:56:36.241316,80846,11.27,11.26,80222,19693,5788,-3012
832,CS,2020-11-09,0 days 15:58:30.244311,90734,11.27,11.26,75413,69979,-1248,1752
833,CS,2020-11-09,0 days 15:58:31.244663,84982,11.27,11.26,82413,64079,5752,-1248
834,CS,2020-11-09,0 days 15:59:47.246861,90131,11.27,11.26,68459,63356,2603,-6897
835,CTVA,2020-11-09,0 days 15:56:47.272757,332447,34.69,34.68,1099,900,149,-4151
836,CTVA,2020-11-09,0 days 15:57:02.273250,332447,34.7,34.69,1201,200,70,-430
837,CTVA,2020-11-09,0 days 15:57:06.273346,333496,34.69,34.68,1188,1634,-564,470
838,CTVA,2020-11-09,0 days 15:57:12.274946,339060,34.68,34.67,1401,770,936,-564
839,CTVA,2020-11-09,0 days 15:57:13.273927,334196,34.68,34.67,1916,1363,-4864,936
840,CTVA,2020-11-09,0 days 15:58:14.273824,350220,34.74,34.73,942,500,4104,-3558
841,CTVA,2020-11-09,0 days 15:58:15.273884,344824,34.74,34.72,1000,1000,-5396,4104
842,CTVA,2020-11-09,0 days 15:59:13.276428,361521,34.71,34.7,2100,400,1735,-2325
843,CTVA,2020-11-09,0 days 15:59:15.277366,358035,34.7,34.69,1181,394,-586,1935
844,CTVA,2020-11-09,0 days 15:59:23.276245,355990,34.69,34.68,457,304,-2813,2387
845,CTVA,2020-11-09,0 days 15:59:31.275362,355111,34.65,34.64,600,1500,10624,-1813
846,CTVA,2020-11-09,0 days 15:59:32.274664,352435,34.65,34.64,1000,1227,-2676,10624
847,CVS,2020-11-09,0 days 15:59:52.281102,1018097,67.52,67.49,100,110,28060,-44779
848,CVS,2020-11-09,0 days 15:59:58.280723,990720,67.56,67.49,1600,300,-56977,31087
849,CVS,2020-11-09,0 days 15:59:59.280878,1016970,67.57,67.49,300,300,31587,-56977
850,CVS,2020-11-09,0 days 16:00:00.288637,1001957,67.66,67.52,100,200,-16140,31587
851,CVX,2020-11-09,0 days 15:57:36.243797,2326600,79.16,79.15,500,500,5025,-61275
852,CVX,2020-11-09,0 days 15:57:37.241760,2327925,79.24,79.21,1500,565,-502,5025
853,CVX,2020-11-09,0 days 15:57:38.242853,2329546,79.25,79.23,100,200,18569,-502
854,CVX,2020-11-09,0 days 15:57:41.243553,2297710,79.4,79.36,3340,700,-35960,14581
855,CVX,2020-11-09,0 days 15:57:56.243042,2365515,79.37,79.35,200,1598,-2677,10023
856,CVX,2020-11-09,0 days 15:57:57.245930,2363742,79.41,79.38,2700,300,473,-2677
857,CVX,2020-11-09,0 days 15:58:09.244413,2317725,79.46,79.43,500,100,-23705,21134
858,CVX,2020-11-09,0 days 15:58:22.244136,2341430,79.43,79.4,100,300,26213,-652
859,CVX,2020-11-09,0 days 15:59:10.245802,2568715,79.24,79.21,100,315,-27128,31697
860,CVX,2020-11-09,0 days 15:59:11.246189,2567755,79.24,79.23,247,399,160,-27128
861,CVX,2020-11-09,0 days 15:59:12.245959,2567720,79.29,79.26,300,399,-1315,160
862,CVX,2020-11-09,0 days 15:59:15.245663,2542420,79.28,79.27,100,300,-22449,6351
863,CVX,2020-11-09,0 days 15:59:23.244895,2545429,79.26,79.23,943,200,24486,-2519
864,CVX,2020-11-09,0 days 15:59:28.245387,2544452,79.3,79.27,460,200,12341,-41059
865,CVX,2020-11-09,0 days 15:59:37.246282,2628750,79.32,79.29,100,300,-2370,29466
866,CVX,2020-11-09,0 days 15:59:39.246387,2550707,79.28,79.25,500,200,104043,-2370
867,CVX,2020-11-09,0 days 15:59:40.247684,2629850,79.28,79.24,100,110,-19411,104043
868,CVX,2020-11-09,0 days 15:59:41.247199,2621874,79.28,79.27,100,300,7976,-19411
869,CVX,2020-11-09,0 days 15:59:42.249663,2584250,79.34,79.31,100,1600,-129002,7976
870,CVX,2020-11-09,0 days 15:59:48.246199,2558522,79.31,79.29,800,200,73914,-55848
871,CVX,2020-11-09,0 days 15:59:49.246572,2609636,79.35,79.33,200,500,-108906,73914
872,CX,2020-11-09,0 days 15:59:38.289940,145180,4.28,4.27,115915,67830,3202,-20298
873,CXO,2020-11-09,0 days 15:51:56.102601,160613,48.52,48.49,700,500,11786,-11717
874,CXO,2020-11-09,0 days 15:52:13.103204,172399,48.55,48.52,100,1100,-11717,11786
875,CXO,2020-11-09,0 days 15:58:22.115878,300173,48.53,48.52,200,373,12812,-23628
876,CXO,2020-11-09,0 days 15:59:27.117465,325872,48.46,48.45,200,106,-2811,4007
877,CXO,2020-11-09,0 days 15:59:31.118859,318327,48.43,48.4,1395,1000,16639,-1811
878,CXW,2020-11-09,0 days 15:59:46.255780,130024,6.22,6.21,5095,918,3277,-3932
879,CYH,2020-11-09,0 days 15:59:35.246482,173117,9.78,9.76,5806,2301,781,-123
880,CYH,2020-11-09,0 days 15:59:37.246253,173998,9.78,9.77,5396,400,-8523,781
881,CYH,2020-11-09,0 days 15:59:38.246552,171631,9.78,9.77,5596,300,2267,-8523
882,D,2020-11-09,0 days 15:55:00.271766,377809,84.34,84.32,400,501,-5781,12292
883,D,2020-11-09,0 days 15:57:07.273111,386334,84.13,84.11,580,200,-1841,249
884,D,2020-11-09,0 days 15:57:35.272420,387904,84.04,84.02,500,108,2132,-4468
885,D,2020-11-09,0 days 15:57:36.274292,386417,84.11,84.06,132,100,-1487,2132
886,D,2020-11-09,0 days 15:58:16.274508,400886,84.23,84.2,300,200,1804,-14596
887,D,2020-11-09,0 days 15:58:17.273694,394590,84.22,84.19,500,399,-6296,1804
888,D,2020-11-09,0 days 15:58:31.274439,393238,84.12,84.1,500,400,-5441,5369
889,D,2020-11-09,0 days 15:58:39.274742,398554,84.01,84.0,100,185,8084,-1641
890,D,2020-11-09,0 days 15:58:40.275660,398038,83.98,83.97,200,120,-416,8084
891,D,2020-11-09,0 days 15:59:04.277171,405400,84.01,83.95,300,900,4375,-4100
892,D,2020-11-09,0 days 15:59:06.275633,402742,83.99,83.96,205,100,-2470,4630
893,D,2020-11-09,0 days 15:59:13.276252,418268,83.96,83.91,300,135,3333,-2498
894,D,2020-11-09,0 days 15:59:14.276677,418266,83.96,83.91,300,235,-2,3333
895,D,2020-11-09,0 days 15:59:22.275955,419373,84.14,84.02,1656,300,-5839,2986
896,D,2020-11-09,0 days 15:59:33.275459,427406,84.09,84.03,300,450,-650,8950
897,D,2020-11-09,0 days 15:59:35.275719,421331,84.05,83.98,200,950,15875,-650
898,D,2020-11-09,0 days 15:59:36.274986,422206,84.13,84.05,300,900,-5850,15875
899,D,2020-11-09,0 days 15:59:37.276190,428056,84.1,84.05,400,150,2180,-5850
900,D,2020-11-09,0 days 15:59:43.275978,433006,84.03,83.98,400,300,10230,-1109
901,D,2020-11-09,0 days 15:59:44.275309,427536,84.12,84.05,100,790,-12195,10230
902,D,2020-11-09,0 days 15:59:53.275296,436716,84.09,83.99,100,100,-6051,3074
903,D,2020-11-09,0 days 15:59:54.276265,435823,84.03,83.97,100,100,6193,-6051
904,D,2020-11-09,0 days 16:00:00.275994,428616,84.17,83.98,1000,500,-14151,4274
905,DAL,2020-11-09,0 days 15:57:50.282202,490979,36.67,36.66,9381,8107,12834,-566
906,DAL,2020-11-09,0 days 15:58:17.286740,439097,36.74,36.73,4377,9940,653,-247
907,DAL,2020-11-09,0 days 15:58:22.287510,439750,36.74,36.73,6033,4513,-347,653
908,DAL,2020-11-09,0 days 15:58:24.288079,438897,36.74,36.73,5281,4232,853,-147
909,DAL,2020-11-09,0 days 15:59:05.288461,476410,36.66,36.65,2372,1781,-3705,19634
910,DAL,2020-11-09,0 days 15:59:06.288937,472926,36.63,36.62,4102,2114,20484,-3705
911,DAL,2020-11-09,0 days 15:59:11.288110,478086,36.64,36.63,2124,300,224,-14576
912,DAL,2020-11-09,0 days 15:59:19.284420,489123,36.64,36.63,3630,1600,-7782,4155
913,DAL,2020-11-09,0 days 15:59:20.284179,485805,36.64,36.63,3930,586,3318,-7782
914,DAL,2020-11-09,0 days 15:59:25.286161,489123,36.66,36.65,1693,3286,-9859,418
915,DAL,2020-11-09,0 days 15:59:29.282010,467947,36.71,36.7,2404,1000,876,-4924
916,DB,2020-11-09,0 days 15:59:08.288319,80351,10.63,10.62,76232,44734,-19750,3550
917,DB,2020-11-09,0 days 15:59:09.290310,76901,10.63,10.62,72065,48970,3450,-19750
918,DB,2020-11-09,0 days 15:59:46.280477,109216,10.62,10.61,51711,64950,-4567,3940
919,DB,2020-11-09,0 days 15:59:47.280928,105883,10.62,10.61,57904,58948,3333,-4567
920,DD,2020-11-09,0 days 15:59:15.254901,1180552,61.57,61.55,500,100,168237,-189997
921,DD,2020-11-09,0 days 15:59:19.254145,1171134,61.67,61.63,200,510,-9803,1018
922,DD,2020-11-09,0 days 15:59:20.255039,1180953,61.68,61.63,100,520,4320,-9803
923,DD,2020-11-09,0 days 15:59:24.253664,1181131,61.73,61.67,2400,500,-1926,1985
924,DD,2020-11-09,0 days 15:59:27.256675,1183057,61.7,61.68,500,544,1985,-1926
925,DD,2020-11-09,0 days 15:59:28.255078,1182542,61.69,61.68,1023,100,-515,1985
926,DDD,2020-11-09,0 days 15:55:00.248634,209039,6.92,6.91,2600,3900,-1044,30
927,DDD,2020-11-09,0 days 15:56:04.250552,211842,6.91,6.9,4871,17126,-241,159
928,DDD,2020-11-09,0 days 15:57:19.249205,212191,6.9,6.89,5883,2123,2674,-266
929,DDD,2020-11-09,0 days 15:57:20.249725,208265,6.9,6.89,5883,2123,-5032,2674
930,DHF,2020-11-09,0 days 15:59:36.246494,4100,2.79,2.78,28035,20088,-3140,3860
931,DHF,2020-11-09,0 days 15:59:37.246180,3840,2.79,2.78,28095,19888,260,-3140
932,DHI,2020-11-09,0 days 15:56:56.111821,443811,65.33,65.31,2791,665,4089,-9517
933,DHI,2020-11-09,0 days 15:56:57.113629,434600,65.33,65.31,1410,766,-9211,4089
934,DHI,2020-11-09,0 days 15:59:27.117126,473411,65.31,65.29,300,100,4027,-16653
935,DHI,2020-11-09,0 days 15:59:28.117569,464570,65.35,65.3,600,120,-28883,4027
936,DHI,2020-11-09,0 days 15:59:31.118569,478147,65.32,65.25,400,100,20212,-9389
937,DHI,2020-11-09,0 days 15:59:33.118653,461135,65.28,65.19,1220,200,-7812,4776
938,DHI,2020-11-09,0 days 15:59:43.118009,473547,65.17,65.1,300,100,4429,-1756
939,DHI,2020-11-09,0 days 15:59:44.117892,471776,65.18,65.08,400,300,-1771,4429
940,DHI,2020-11-09,0 days 15:59:45.119828,473547,65.18,65.01,300,600,8255,-1771
941,DHI,2020-11-09,0 days 15:59:49.115620,474110,65.03,64.93,400,300,18981,-2995
942,DHI,2020-11-09,0 days 15:59:50.118789,471430,65.01,64.94,100,300,-2680,18981
943,DHI,2020-11-09,0 days 15:59:51.117133,474110,64.99,64.92,100,100,8381,-2680
944,DHI,2020-11-09,0 days 15:59:55.118565,471430,64.98,64.85,100,500,-2680,14155
945,DHI,2020-11-09,0 days 15:59:57.115435,474110,65.02,64.87,600,600,12781,-1819
946,DHI,2020-11-09,0 days 15:59:58.115886,453602,65.09,65.05,100,100,-20637,12781
947,DHI,2020-11-09,0 days 16:00:00.163824,474110,65.06,64.88,100,364,16601,-11975
948,DHR,2020-11-09,0 days 15:52:11.268104,178490,234.81,234.64,106,100,141,-331
949,DHR,2020-11-09,0 days 15:52:13.265537,178259,234.8,234.5,206,100,-231,141
950,DHR,2020-11-09,0 days 15:52:26.262988,178490,234.78,234.64,226,100,241,-231
951,DHR,2020-11-09,0 days 15:52:28.266021,178159,234.85,234.66,100,100,-331,241
952,DHR,2020-11-09,0 days 15:53:15.266552,178490,234.76,234.55,120,100,341,-231
953,DHR,2020-11-09,0 days 15:53:19.263479,178159,234.96,234.82,100,100,-331,341
954,DHR,2020-11-09,0 days 15:54:04.264216,178490,234.84,234.68,300,105,141,-231
955,DHR,2020-11-09,0 days 15:54:21.267916,178259,234.83,234.73,527,500,-231,341
956,DHR,2020-11-09,0 days 15:54:51.269083,178490,234.8,234.7,615,100,141,-231
957,DHR,2020-11-09,0 days 15:54:57.267852,178259,234.85,234.71,100,100,-231,141
958,DHR,2020-11-09,0 days 15:55:00.271630,256601,234.82,234.67,450,100,5727,-231
959,DHR,2020-11-09,0 days 15:57:58.272755,304847,233.88,233.71,100,100,-2226,4274
960,DHR,2020-11-09,0 days 15:57:59.272989,301973,233.88,233.71,100,100,2874,-2226
961,DHR,2020-11-09,0 days 15:58:16.274443,298334,234.26,234.03,200,100,-524,3845
962,DHR,2020-11-09,0 days 15:58:17.273673,296658,234.26,234.04,285,100,1576,-524
963,DHR,2020-11-09,0 days 15:58:49.274968,312309,233.82,233.62,100,103,-2797,14203
964,DHR,2020-11-09,0 days 15:58:50.275451,309006,233.82,233.63,392,103,2926,-2797
965,DHR,2020-11-09,0 days 15:59:09.275781,314052,233.6,233.44,191,300,-20398,1384
966,DHR,2020-11-09,0 days 15:59:10.275544,314650,233.58,233.41,100,351,2683,-20398
967,DHR,2020-11-09,0 days 15:59:31.275038,290221,233.75,233.4,100,100,25694,-6326
968,DHR,2020-11-09,0 days 15:59:41.275368,308896,233.83,233.74,100,422,-8027,2917
969,DHR,2020-11-09,0 days 15:59:46.275526,322884,233.5,233.34,400,100,17591,-5667
970,DHR,2020-11-09,0 days 15:59:48.275528,337711,233.66,233.51,200,200,-1573,991
971,DIS,2020-11-09,0 days 15:56:04.278502,2072650,142.8,142.76,394,100,43206,-10173
972,DIS,2020-11-09,0 days 15:56:24.279337,2108656,142.82,142.78,1631,2119,-7046,4019
973,DIS,2020-11-09,0 days 15:56:25.280385,2107153,142.79,142.77,252,292,2644,-7046
974,DIS,2020-11-09,0 days 15:56:57.280566,2111525,142.79,142.75,286,285,-4651,2546
975,DIS,2020-11-09,0 days 15:57:15.280857,2117644,142.67,142.64,200,200,-1610,1145
976,DIS,2020-11-09,0 days 15:57:16.280782,2115255,142.66,142.64,295,100,1789,-1610
977,DIS,2020-11-09,0 days 15:57:26.281146,2115344,142.71,142.68,124,584,-1125,994
978,DIS,2020-11-09,0 days 15:57:27.281490,2112869,142.69,142.67,100,189,2475,-1125
979,DIS,2020-11-09,0 days 15:57:33.282138,2115344,142.68,142.66,100,400,-412,1648
980,DIS,2020-11-09,0 days 15:57:34.282389,2121056,142.67,142.66,425,200,20288,-412
981,DIS,2020-11-09,0 days 15:57:37.282369,2155344,142.7,142.65,200,200,-112,10513
982,DIS,2020-11-09,0 days 15:57:47.282735,2094356,142.74,142.72,400,100,2788,-14808
983,DIS,2020-11-09,0 days 15:57:51.282839,2092756,142.73,142.71,100,310,4888,-2009
984,DIS,2020-11-09,0 days 15:57:54.282934,2096144,142.77,142.75,100,469,-2009,4888
985,DIS,2020-11-09,0 days 15:58:37.288280,2101043,142.77,142.73,306,286,535,-17645
986,DIS,2020-11-09,0 days 15:59:21.285285,1762289,142.41,142.35,589,100,-345466,35867
987,DIS,2020-11-09,0 days 15:59:29.282010,2152555,142.33,142.32,281,900,78953,-263071
988,DIS,2020-11-09,0 days 15:59:33.280002,2185321,142.54,142.51,100,600,-12663,17432
989,DIS,2020-11-09,0 days 15:59:34.278971,2181689,142.48,142.44,229,100,18812,-12663
990,DIS,2020-11-09,0 days 15:59:36.279985,2170101,142.54,142.49,700,100,-27314,12012
991,DIS,2020-11-09,0 days 15:59:37.280417,2168715,142.54,142.46,700,400,1386,-27314
992,DIS,2020-11-09,0 days 15:59:49.279807,2186664,142.59,142.53,116,300,-808,1779
993,DIS,2020-11-09,0 days 15:59:50.284859,2185072,142.56,142.5,511,500,5983,-808
994,DLR,2020-11-09,0 days 15:55:00.108988,470518,138.63,138.16,200,100,-4519,21937
995,DLR,2020-11-09,0 days 15:57:36.112676,479153,138.18,138.08,800,201,739,-4461
996,DLR,2020-11-09,0 days 15:57:38.113093,476092,138.18,138.05,700,200,-3061,1139
997,DLR,2020-11-09,0 days 15:57:53.112940,479153,138.16,138.09,100,100,3439,-10061
998,DLR,2020-11-09,0 days 15:57:54.112457,477992,138.16,138.11,500,100,-1161,3439
999,DLR,2020-11-09,0 days 15:58:08.113877,478835,138.5,138.26,200,304,3957,-2443
1000,DLR,2020-11-09,0 days 15:58:09.115161,474592,138.49,138.26,100,634,-4243,3957
1001,DLR,2020-11-09,0 days 15:58:13.115347,478835,138.48,138.26,100,760,9557,-943
1002,DLR,2020-11-09,0 days 15:58:16.115352,471492,138.51,138.41,396,300,-7343,257
1003,DLR,2020-11-09,0 days 15:58:24.114723,478835,138.46,138.35,100,260,1757,-3043
1004,DLR,2020-11-09,0 days 15:58:25.114002,477392,138.46,138.35,100,260,-1443,1757
1005,DLR,2020-11-09,0 days 15:58:43.115304,478835,138.27,138.15,960,200,8757,-2616
1006,DLR,2020-11-09,0 days 15:58:44.115005,477292,138.27,138.15,810,100,-1536,8757
1007,DLR,2020-11-09,0 days 15:58:50.116549,478828,138.22,138.1,100,101,3264,-1436
1008,DLR,2020-11-09,0 days 15:58:51.115152,477692,138.22,138.13,100,100,-1136,3264
1009,DLR,2020-11-09,0 days 15:59:04.117472,478904,138.06,138.0,100,118,15046,-1154
1010,DLR,2020-11-09,0 days 15:59:11.117353,480491,138.09,137.99,426,200,-6086,7314
1011,DLR,2020-11-09,0 days 15:59:12.117439,483577,138.09,137.99,426,100,7144,-6086
1012,DLR,2020-11-09,0 days 15:59:20.116477,477386,138.19,138.06,220,426,-10791,551
1013,DLR,2020-11-09,0 days 15:59:36.117983,480553,138.24,138.17,100,400,2744,-4856
1014,DLR,2020-11-09,0 days 15:59:40.119692,472067,138.44,138.2,200,550,-10384,214
1015,DLR,2020-11-09,0 days 15:59:41.119064,482451,138.35,138.19,300,200,3216,-10384
1016,DLR,2020-11-09,0 days 15:59:45.120029,483353,138.29,138.14,850,412,3801,-524
1017,DLR,2020-11-09,0 days 15:59:54.116840,482353,138.29,138.08,100,100,1,-99
1018,DOW,2020-11-09,0 days 15:55:00.271682,533876,52.28,52.26,300,200,-7801,60442
1019,DOW,2020-11-09,0 days 15:55:09.269345,541593,52.19,52.18,1000,734,36145,-6041
1020,DOW,2020-11-09,0 days 15:55:11.269525,538738,52.17,52.15,756,600,-1313,145
1021,DOW,2020-11-09,0 days 15:55:30.271336,483052,52.15,52.12,700,250,65452,-58104
1022,DOW,2020-11-09,0 days 15:55:46.271590,546602,52.15,52.14,1000,326,95,-131
1023,DOW,2020-11-09,0 days 15:57:24.274677,552225,52.11,52.08,820,1053,4472,-3428
1024,DOW,2020-11-09,0 days 15:58:19.273916,638744,52.19,52.18,408,200,-4110,9490
1025,DOW,2020-11-09,0 days 15:58:20.274351,629754,52.19,52.17,459,193,8890,-4110
1026,DOW,2020-11-09,0 days 15:59:01.276204,647177,52.13,52.11,100,800,-4564,4043
1027,DOW,2020-11-09,0 days 15:59:03.276463,643699,52.07,52.05,420,100,3423,-4364
1028,DOW,2020-11-09,0 days 15:59:31.275060,655375,52.06,52.03,200,400,-23136,7108
1029,DOW,2020-11-09,0 days 15:59:32.274439,650269,52.02,52.0,200,100,5606,-23136
1030,DOW,2020-11-09,0 days 15:59:42.276162,673897,52.08,52.05,300,100,-1848,3286
1031,DOW,2020-11-09,0 days 15:59:43.275951,672945,52.08,52.05,300,338,634,-1848
1032,DOW,2020-11-09,0 days 15:59:53.275250,681090,52.09,52.06,200,100,-2627,5531
1033,DRI,2020-11-09,0 days 15:55:00.346817,127772,121.03,120.94,1239,200,16176,-7840
1034,DRI,2020-11-09,0 days 15:55:48.352377,144590,121.05,120.98,800,300,-4635,465
1035,DRI,2020-11-09,0 days 15:55:49.350854,142525,121.04,120.98,100,400,2065,-4635
1036,DRI,2020-11-09,0 days 15:57:09.353381,149557,121.18,121.07,414,100,-835,1365
1037,DRI,2020-11-09,0 days 15:57:30.355296,149772,121.03,120.93,1006,163,685,-215
1038,DRI,2020-11-09,0 days 15:57:34.354198,150457,121.02,120.93,1214,363,-5715,685
1039,DRI,2020-11-09,0 days 15:59:08.361340,177440,120.59,120.45,300,100,1762,-5499
1040,DRI,2020-11-09,0 days 15:59:27.359676,191643,120.59,120.55,100,130,-349,673
1041,DRI,2020-11-09,0 days 15:59:29.359994,190947,120.54,120.46,100,297,696,-249
1042,DRI,2020-11-09,0 days 15:59:32.361219,191743,120.53,120.41,860,100,-7305,1796
1043,DRI,2020-11-09,0 days 15:59:33.361844,180248,120.47,120.32,320,200,11595,-7305
1044,DRI,2020-11-09,0 days 15:59:40.361274,190948,120.43,120.35,100,393,1195,-4905
1045,DRI,2020-11-09,0 days 15:59:44.360724,191248,120.52,120.4,500,300,1595,-2405
1046,DRI,2020-11-09,0 days 15:59:50.356439,194743,120.49,120.37,696,300,-5336,1464
1047,DT,2020-11-09,0 days 15:56:13.107314,121358,35.28,35.24,100,108,10307,-1193
1048,DT,2020-11-09,0 days 15:57:42.109669,115014,35.4,35.35,700,300,-11620,6780
1049,DT,2020-11-09,0 days 15:58:06.111353,141267,35.41,35.36,100,733,52,-983
1050,DT,2020-11-09,0 days 15:58:07.111045,140714,35.41,35.36,100,735,-553,52
1051,DT,2020-11-09,0 days 15:58:13.112685,140167,35.41,35.37,100,414,547,-1953
1052,DT,2020-11-09,0 days 15:58:14.111232,139514,35.41,35.37,100,719,-1753,547
1053,DT,2020-11-09,0 days 15:58:29.111884,141267,35.44,35.38,100,100,1252,-3148
1054,DT,2020-11-09,0 days 15:58:30.112377,140684,35.44,35.38,100,200,-583,1252
1055,DT,2020-11-09,0 days 15:58:34.112451,136058,35.37,35.34,100,500,1156,-2374
1056,DT,2020-11-09,0 days 15:58:35.112960,132414,35.43,35.37,500,400,-7201,1156
1057,DT,2020-11-09,0 days 15:58:41.113462,136115,35.37,35.28,150,500,2869,-631
1058,DT,2020-11-09,0 days 15:59:29.112424,149540,35.5,35.34,300,400,-55,12951
1059,DT,2020-11-09,0 days 15:59:30.115348,144295,35.47,35.34,400,400,8764,-55
1060,DT,2020-11-09,0 days 15:59:31.113526,149540,35.49,35.34,400,400,-42,8764
1061,DT,2020-11-09,0 days 15:59:34.113322,136782,35.42,35.34,400,200,23832,-41
1062,DT,2020-11-09,0 days 15:59:44.112951,158503,35.41,35.3,100,200,-4669,2497
1063,DT,2020-11-09,0 days 15:59:45.115074,155646,35.41,35.3,400,100,6523,-4669
1064,DT,2020-11-09,0 days 15:59:46.114047,164253,35.41,35.3,400,100,-305,6523
1065,DT,2020-11-09,0 days 15:59:47.113945,161058,35.41,35.3,400,100,6861,-305
1066,DT,2020-11-09,0 days 15:59:51.113506,156846,35.47,35.24,200,400,-14278,14361
1067,DUK,2020-11-09,0 days 15:58:57.113127,407122,95.2,95.13,600,100,-63,837
1068,DUK,2020-11-09,0 days 15:59:12.116650,417923,95.28,95.18,100,200,10240,-1066
1069,DVN,2020-11-09,0 days 16:00:00.277575,1004479,11.34,11.31,405,600,-3408,34848
1070,DXC,2020-11-09,0 days 15:58:57.254386,544387,19.49,19.48,200,1626,42940,-123822
1071,DXC,2020-11-09,0 days 15:59:20.255074,586856,19.51,19.48,700,1300,-10196,1451
1072,DXC,2020-11-09,0 days 15:59:47.256846,651081,19.48,19.47,284,1571,11181,-3268
1073,DXC,2020-11-09,0 days 15:59:57.255514,663062,19.54,19.53,300,3605,15794,-6813
1074,ED,2020-11-09,0 days 15:59:32.118871,231733,79.31,79.28,200,225,1985,-15
1075,ED,2020-11-09,0 days 15:59:33.119002,235018,79.31,79.28,200,225,-1638,1985
1076,ED,2020-11-09,0 days 15:59:49.115934,247348,79.31,79.28,100,200,884,-18716
1077,EGO,2020-11-09,0 days 15:59:02.360464,50601,13.16,13.15,1692,7514,1555,-1451
1078,ELAN,2020-11-09,0 days 15:58:28.292585,764986,31.22,31.17,100,200,-109215,9627
1079,ELAN,2020-11-09,0 days 15:58:40.293003,755459,31.18,31.13,800,102,9111,-109631
1080,ELY,2020-11-09,0 days 15:55:00.244232,116555,18.79,18.78,1834,54277,-2274,17138
1081,ELY,2020-11-09,0 days 15:56:36.248660,123397,18.79,18.78,600,42783,1509,-812
1082,ELY,2020-11-09,0 days 15:56:37.248744,121506,18.79,18.78,500,39573,-1891,1509
1083,ELY,2020-11-09,0 days 15:57:11.247842,123387,18.69,18.68,300,401,1626,-1374
1084,ELY,2020-11-09,0 days 15:57:12.248651,121813,18.69,18.68,738,301,-1574,1626
1085,ELY,2020-11-09,0 days 15:57:14.247626,122932,18.67,18.63,1037,1100,481,-1474
1086,ELY,2020-11-09,0 days 15:57:15.248272,121513,18.67,18.64,1156,237,-1419,481
1087,ELY,2020-11-09,0 days 15:58:10.250958,132467,18.63,18.61,800,801,340,-2154
1088,ELY,2020-11-09,0 days 15:58:11.250311,130507,18.62,18.61,1012,100,-1960,340
1089,ELY,2020-11-09,0 days 15:59:07.252225,132467,18.62,18.6,200,925,32,-968
1090,ELY,2020-11-09,0 days 15:59:25.254336,135299,18.58,18.55,100,1250,-982,918
1091,ELY,2020-11-09,0 days 15:59:27.255731,136281,18.58,18.57,100,320,478,-982
1092,ELY,2020-11-09,0 days 15:59:28.253205,135359,18.58,18.57,400,320,-922,478
1093,ELY,2020-11-09,0 days 15:59:38.253245,136281,18.58,18.55,298,400,2276,-169
1094,ELY,2020-11-09,0 days 15:59:39.253630,135757,18.58,18.55,403,400,-524,2276
1095,EMR,2020-11-09,0 days 15:59:37.255423,469648,76.31,76.29,483,100,23697,-56441
1096,EMR,2020-11-09,0 days 15:59:38.255021,434045,76.31,76.29,210,100,-35603,23697
1097,EMR,2020-11-09,0 days 15:59:46.255330,463474,76.32,76.26,1000,500,-6444,2416
1098,EMR,2020-11-09,0 days 15:59:47.256476,473870,76.32,76.29,700,700,5304,-6444
1099,EMR,2020-11-09,0 days 15:59:48.254529,473074,76.32,76.29,600,100,-696,5304
1100,ENB,2020-11-09,0 days 15:59:17.112180,113272,28.94,28.93,2677,6366,-2658,477
1101,ENB,2020-11-09,0 days 15:59:34.113322,112373,28.94,28.93,2200,7031,-3143,3957
1102,ENB,2020-11-09,0 days 15:59:46.114133,115516,28.94,28.93,9423,4231,6599,-81
1103,ENB,2020-11-09,0 days 15:59:47.113982,113815,28.94,28.93,2900,4420,-1701,6599
1104,ENB,2020-11-09,0 days 15:59:48.114158,115516,28.94,28.93,7368,6020,1555,-1701
1105,ENB,2020-11-09,0 days 15:59:49.112240,114988,28.94,28.93,700,12520,-528,1555
1106,ENLC,2020-11-09,0 days 15:57:08.280367,76735,3.02,3.01,16220,8702,1094,-4206
1107,ENLC,2020-11-09,0 days 15:57:09.280721,72029,3.02,3.01,16423,8702,-6506,1094
1108,ENLC,2020-11-09,0 days 15:58:29.286647,72929,3.01,3.0,10752,9515,-3809,4791
1109,ENLC,2020-11-09,0 days 15:59:22.283773,76738,3.0,2.99,29408,400,4291,-1709
1110,ENLC,2020-11-09,0 days 15:59:23.284304,74329,3.0,2.99,25208,454,-2409,4291
1111,EPD,2020-11-09,0 days 15:55:00.346932,330029,17.68,17.67,9047,9009,-20735,32481
1112,EPD,2020-11-09,0 days 15:59:08.361417,358615,17.67,17.66,2900,7797,247482,-7971
1113,EQH,2020-11-09,0 days 15:58:30.286936,378308,24.28,24.27,154,1688,688,-8712
1114,EQH,2020-11-09,0 days 15:58:31.286968,370696,24.29,24.27,3331,1279,-7612,688
1115,EQH,2020-11-09,0 days 15:59:13.287984,384242,24.24,24.23,1200,400,2546,-1742
1116,EQH,2020-11-09,0 days 15:59:14.287497,381188,24.24,24.23,1200,400,-3054,2546
1117,EQH,2020-11-09,0 days 15:59:15.284511,384242,24.24,24.23,1004,422,1158,-3054
1118,EQH,2020-11-09,0 days 15:59:20.284023,380646,24.24,24.23,1259,100,-3596,2204
1119,EQH,2020-11-09,0 days 15:59:32.280436,383978,24.21,24.19,1496,400,-1368,13832
1120,EQNR,2020-11-09,0 days 15:57:53.250609,43118,14.37,14.36,14417,19506,-400,400
1121,EQNR,2020-11-09,0 days 15:57:54.250067,40918,14.37,14.36,14417,20546,2200,-400
1122,EQNR,2020-11-09,0 days 15:59:02.254943,46056,14.37,14.36,43728,8000,-81,1738
1123,EQNR,2020-11-09,0 days 15:59:06.253912,44500,14.37,14.36,50911,3307,1556,-81
1124,EQNR,2020-11-09,0 days 15:59:47.256840,53428,14.36,14.35,14072,34881,1506,-2094
1125,EQNR,2020-11-09,0 days 15:59:55.255564,46334,14.39,14.38,12000,45755,-3163,7206
1126,EQR,2020-11-09,0 days 15:55:24.250361,391585,59.1,59.08,182,397,-1683,2917
1127,EQR,2020-11-09,0 days 15:55:25.251976,389968,59.09,59.07,551,100,1617,-1683
1128,EQR,2020-11-09,0 days 15:56:05.252750,396515,59.13,59.12,100,324,-380,1553
1129,EQR,2020-11-09,0 days 15:56:06.252821,394695,59.13,59.12,351,228,1820,-380
1130,EQR,2020-11-09,0 days 15:57:10.253998,396938,59.1,59.09,615,480,-99,639
1131,EQR,2020-11-09,0 days 15:57:30.250492,395338,59.08,59.07,100,100,1600,-99
1132,EQR,2020-11-09,0 days 15:57:39.250417,412538,59.12,59.09,600,534,-1900,3000
1133,EQR,2020-11-09,0 days 15:57:40.250941,409538,59.12,59.1,481,200,3000,-1900
1134,EQR,2020-11-09,0 days 15:57:42.250691,412538,59.15,59.12,918,200,-800,3000
1135,EQR,2020-11-09,0 days 15:57:43.250922,409538,59.13,59.12,394,200,3000,-800
1136,EQR,2020-11-09,0 days 15:58:02.254353,414454,59.15,59.12,200,743,-261,584
1137,EQR,2020-11-09,0 days 15:58:29.253521,406654,59.18,59.16,500,1516,-51,49
1138,EQR,2020-11-09,0 days 15:58:34.253893,405305,59.18,59.16,215,1323,1349,-51
1139,EQR,2020-11-09,0 days 15:58:41.254204,406654,59.16,59.14,605,200,-5751,8949
1140,EQR,2020-11-09,0 days 15:58:42.253626,404105,59.15,59.13,636,107,10349,-5751
1141,EQR,2020-11-09,0 days 15:58:56.253792,406654,59.15,59.13,626,400,-5726,2074
1142,EQR,2020-11-09,0 days 15:58:57.254296,405180,59.16,59.14,226,100,1474,-5726
1143,EQR,2020-11-09,0 days 15:59:06.255003,402615,59.19,59.16,200,500,-4814,1794
1144,EQR,2020-11-09,0 days 15:59:09.255518,404086,59.19,59.16,100,205,172,-1871
1145,EQR,2020-11-09,0 days 15:59:11.254249,402406,59.24,59.2,618,750,-6432,5220
1146,EQR,2020-11-09,0 days 15:59:12.254738,402386,59.23,59.17,499,100,8020,-6432
1147,EQR,2020-11-09,0 days 15:59:14.254398,405482,59.26,59.21,2100,100,-7216,3636
1148,EQR,2020-11-09,0 days 15:59:17.253676,405361,59.29,59.25,200,100,121,-1679
1149,EQR,2020-11-09,0 days 15:59:21.254764,405182,59.31,59.28,112,100,-379,121
1150,EQR,2020-11-09,0 days 15:59:22.254237,404961,59.31,59.29,100,100,221,-379
1151,EQR,2020-11-09,0 days 15:59:25.255420,405182,59.33,59.31,181,100,-179,221
1152,EQR,2020-11-09,0 days 15:59:30.259496,404248,59.35,59.32,640,100,579,-11735
1153,EQR,2020-11-09,0 days 15:59:31.255896,405227,59.33,59.29,600,200,-6519,579
1154,EQR,2020-11-09,0 days 15:59:45.258008,412274,59.32,59.3,300,200,761,-2847
1155,EQR,2020-11-09,0 days 15:59:46.255661,411935,59.33,59.31,329,300,-239,761
1156,EQR,2020-11-09,0 days 15:59:54.256732,411274,59.34,59.23,200,200,861,-39
1157,EQR,2020-11-09,0 days 15:59:55.254981,412135,59.34,59.23,200,600,-8876,861
1158,EQT,2020-11-09,0 days 15:59:33.279986,625453,13.41,13.4,6637,1495,-8045,14715
1159,EQT,2020-11-09,0 days 15:59:34.278971,612598,13.41,13.4,4462,1883,7255,-8045
1160,EQT,2020-11-09,0 days 15:59:47.280868,598282,13.43,13.42,1900,3279,6871,-9029
1161,ERF,2020-11-09,0 days 15:59:36.289076,1162,1.99,1.98,106535,55302,-458,642
1162,ERF,2020-11-09,0 days 15:59:37.289608,1120,1.99,1.98,106535,55302,42,-458
1163,ESRT,2020-11-09,0 days 15:55:00.104314,354326,7.54,7.53,17700,7407,130427,-1622
1164,ET,2020-11-09,0 days 15:59:15.360356,411443,5.59,5.58,41491,32142,-15313,12740
1165,ET,2020-11-09,0 days 15:59:16.358688,398556,5.59,5.58,41491,33642,10687,-15313
1166,ETRN,2020-11-09,0 days 15:59:33.118477,328637,7.15,7.14,12177,2362,7470,-6829
1167,ETRN,2020-11-09,0 days 15:59:34.118073,318607,7.15,7.14,9177,4462,-10030,7470
1168,EURN,2020-11-09,0 days 15:59:00.253303,27375,7.91,7.9,2350,6592,-5035,7768
1169,EURN,2020-11-09,0 days 15:59:01.253154,26510,7.91,7.9,4248,5946,865,-5035
1170,EURN,2020-11-09,0 days 15:59:46.254969,27175,7.91,7.9,8398,5844,-936,64
1171,EURN,2020-11-09,0 days 15:59:47.256937,26711,7.91,7.9,11498,875,464,-936
1172,EVRI,2020-11-09,0 days 15:55:00.274643,49156,10.46,10.45,400,644,-759,1665
1173,EVRI,2020-11-09,0 days 15:56:38.280131,50942,10.44,10.43,784,1112,1315,-973
1174,EVRI,2020-11-09,0 days 15:56:39.279699,50357,10.44,10.43,746,1303,-549,1315
1175,EVRI,2020-11-09,0 days 15:56:54.280093,50906,10.42,10.4,100,1092,1351,-937
1176,EVRI,2020-11-09,0 days 15:56:55.280988,50157,10.43,10.42,260,1787,-749,1351
1177,EVRI,2020-11-09,0 days 15:58:57.288533,59400,10.41,10.4,100,1100,-1225,975
1178,EVRI,2020-11-09,0 days 15:59:46.280493,69089,10.37,10.36,2300,339,104,-186
1179,EVRI,2020-11-09,0 days 15:59:48.280423,68693,10.37,10.36,1600,439,-196,104
1180,EW,2020-11-09,0 days 15:57:34.291816,454740,84.22,84.18,100,300,-4555,9345
1181,EW,2020-11-09,0 days 15:59:07.293973,455080,84.18,84.14,305,300,-493,10699
1182,EXK,2020-11-09,0 days 15:55:00.288264,9408,3.8,3.79,46926,13519,9134,-5957
1183,FBC,2020-11-09,0 days 15:50:43.270840,949295,31.03,30.95,135,300,7105,-4001
1184,FBC,2020-11-09,0 days 15:52:29.269412,956194,31.09,31.02,200,498,-4001,7105
1185,FBC,2020-11-09,0 days 15:52:56.271153,949295,30.96,30.93,100,200,7205,-4001
1186,FBC,2020-11-09,0 days 15:59:05.288481,1327796,30.81,30.76,400,100,-3388,36712
1187,FBC,2020-11-09,0 days 15:59:06.288937,1320084,30.78,30.76,200,100,12112,-3388
1188,FBC,2020-11-09,0 days 15:59:09.290183,1336738,30.78,30.72,500,600,-29722,11827
1189,FBC,2020-11-09,0 days 15:59:10.288565,1331760,30.77,30.72,500,200,4878,-29722
1190,FBC,2020-11-09,0 days 15:59:19.284420,1340350,30.77,30.73,1025,100,-3759,115
1191,FBC,2020-11-09,0 days 15:59:20.284179,1336009,30.75,30.72,925,100,4241,-3759
1192,FBC,2020-11-09,0 days 15:59:38.280070,1343141,30.73,30.69,100,100,-18562,1822
1193,FBC,2020-11-09,0 days 15:59:39.279673,1341303,30.72,30.69,100,100,1738,-18562
1194,FBC,2020-11-09,0 days 15:59:57.282101,1343141,30.78,30.64,400,1613,-15189,4362
1195,FCX,2020-11-09,0 days 15:59:32.255176,1464932,19.83,19.82,25300,1788,-37979,28516
1196,FCX,2020-11-09,0 days 15:59:47.256534,1475691,19.79,19.78,7932,5516,-6169,26397
1197,FCX,2020-11-09,0 days 15:59:48.254610,1475260,19.79,19.78,7165,6616,431,-6169
1198,FCX,2020-11-09,0 days 15:59:50.259190,1475691,19.79,19.78,4915,6386,-1032,431
1199,FE,2020-11-09,0 days 15:55:56.272145,321926,29.49,29.48,1400,309,-60712,15261
1200,FE,2020-11-09,0 days 15:56:02.271973,370110,29.46,29.45,2312,300,3616,-5312
1201,FE,2020-11-09,0 days 15:56:03.272328,367526,29.47,29.46,1963,500,-2584,3616
1202,FE,2020-11-09,0 days 15:57:18.274607,386399,29.4,29.39,865,700,15174,-3673
1203,FE,2020-11-09,0 days 15:57:19.273073,383573,29.41,29.4,2259,200,-2826,15174
1204,FE,2020-11-09,0 days 15:57:35.272464,386556,29.4,29.38,2400,1200,1167,-1433
1205,FE,2020-11-09,0 days 15:57:36.274333,385723,29.41,29.4,1263,921,-833,1167
1206,FE,2020-11-09,0 days 15:57:37.272931,386566,29.41,29.39,3029,1200,1057,-833
1207,FE,2020-11-09,0 days 15:57:39.272218,386523,29.41,29.39,3778,1300,-33,2057
1208,FE,2020-11-09,0 days 15:57:46.272132,386566,29.41,29.4,3673,591,157,-1033
1209,FE,2020-11-09,0 days 15:59:37.276190,478354,29.5,29.49,1400,1246,-21781,27919
1210,FE,2020-11-09,0 days 15:59:38.275215,449835,29.5,29.48,2400,11374,26619,-21781
1211,FNB,2020-11-09,0 days 15:57:45.355117,260810,8.69,8.68,14512,14204,6649,-23151
1212,FNB,2020-11-09,0 days 15:59:04.361026,265653,8.69,8.68,19467,10725,4806,-29794
1213,FNB,2020-11-09,0 days 15:59:06.360341,270459,8.69,8.68,20467,9900,-4256,4806
1214,FNB,2020-11-09,0 days 15:59:07.360341,266315,8.69,8.68,21767,8839,4144,-4256
1215,FNB,2020-11-09,0 days 15:59:08.361581,270459,8.69,8.68,23167,3539,-1156,4144
1216,FNB,2020-11-09,0 days 15:59:46.354864,279057,8.67,8.66,7772,22693,-11920,3055
1217,FNB,2020-11-09,0 days 15:59:47.357575,276788,8.68,8.67,32429,7400,1669,-11920
1218,FNB,2020-11-09,0 days 15:59:56.349639,270657,8.69,8.68,1200,31113,-31723,28269
1219,FNF,2020-11-09,0 days 15:58:57.254362,524359,33.34,33.33,684,100,42272,-71746
1220,FNF,2020-11-09,0 days 15:58:58.253426,518830,33.35,33.33,159,219,-5629,42272
1221,FNF,2020-11-09,0 days 15:58:59.254264,524359,33.35,33.33,659,100,371,-5629
1222,FNF,2020-11-09,0 days 15:59:00.255601,523030,33.35,33.31,975,206,-1329,371
1223,FNF,2020-11-09,0 days 15:59:09.255543,512973,33.35,33.32,978,200,5440,-1288
1224,FNF,2020-11-09,0 days 15:59:16.253854,521613,33.35,33.33,1725,567,-323,9440
1225,FNF,2020-11-09,0 days 15:59:22.254312,521936,33.32,33.29,100,200,24525,-76523
1226,FNF,2020-11-09,0 days 15:59:55.255013,573325,33.32,33.24,192,400,-1356,6044
1227,FNF,2020-11-09,0 days 15:59:57.255487,583581,33.32,33.26,157,684,3293,-1356
1228,FSLY,2020-11-09,0 days 15:59:24.287766,194809,69.71,69.57,200,300,42383,-13943
1229,FSLY,2020-11-09,0 days 15:59:25.288742,236092,69.82,69.6,200,200,-15043,42383
1230,FSLY,2020-11-09,0 days 15:59:51.291524,194809,69.82,69.59,1900,300,54118,-1466
1231,FSLY,2020-11-09,0 days 15:59:53.288149,248927,69.81,69.57,1830,400,-6843,54118
1232,FSLY,2020-11-09,0 days 16:00:00.288380,194809,69.84,69.6,1600,200,54548,-1466
1233,FSM,2020-11-09,0 days 15:57:24.252277,37602,7.52,7.51,18541,40280,-165,5135
1234,FSM,2020-11-09,0 days 15:57:25.252043,36167,7.52,7.51,19347,39480,1435,-165
