,Symbol,Timestamp,TIME,iPaired,Ask_P,Bid_P,Ask_S,Bid_S,iShares,PreviShares
0,AA,2020-09-30,0 days 15:55:23.246233,169314,11.67,11.66,3218,11168,-13282,318
1,AA,2020-09-30,0 days 15:55:24.244299,167296,11.68,11.67,9080,8098,2018,-13282
2,AA,2020-09-30,0 days 15:56:19.246214,168742,11.7,11.69,795,16459,-905,495
3,AA,2020-09-30,0 days 15:58:07.237717,300447,11.66,11.65,8411,7333,2450,-8098
4,AA,2020-09-30,0 days 15:58:08.237626,288997,11.66,11.65,7285,8656,-11450,2450
5,AA,2020-09-30,0 days 15:59:04.241082,296017,11.66,11.65,10176,5925,1177,-4023
6,AA,2020-09-30,0 days 15:59:05.241621,297194,11.66,11.65,11329,1525,-6095,1177
7,AA,2020-09-30,0 days 15:59:46.231710,321172,11.64,11.63,3130,13906,-1402,30326
8,ABT,2020-09-30,0 days 15:55:00.618172,1068183,108.87,108.85,803,800,-22553,33786
9,ABT,2020-09-30,0 days 15:55:25.623433,1080423,108.94,108.92,120,632,61763,-6526
10,ABT,2020-09-30,0 days 15:56:08.624204,1164294,109.14,109.12,168,154,-676,16
11,ABT,2020-09-30,0 days 15:56:11.624483,1165470,109.12,109.1,300,500,827,-676
12,ABT,2020-09-30,0 days 15:56:20.624506,1168387,109.16,109.15,109,200,-1748,117
13,ABT,2020-09-30,0 days 15:56:21.623913,1164691,109.15,109.14,100,100,3696,-1748
14,ABT,2020-09-30,0 days 15:56:48.624178,1169456,109.22,109.21,110,200,-43619,649
15,ABT,2020-09-30,0 days 15:56:49.630911,1169154,109.23,109.22,200,300,302,-43619
16,ABT,2020-09-30,0 days 15:58:03.627388,1322586,109.19,109.17,100,200,611,-29689
17,ACB,2020-09-30,0 days 15:59:21.259600,28614,4.66,4.65,13053,5577,1542,-1206
18,ACB,2020-09-30,0 days 15:59:22.259530,27456,4.66,4.65,12553,5577,-1158,1542
19,ACN,2020-09-30,0 days 15:55:00.118102,416796,226.21,226.15,426,125,-4883,15775
20,ACN,2020-09-30,0 days 15:55:25.119848,442517,226.29,226.15,100,493,1085,-4074
21,ACN,2020-09-30,0 days 15:56:28.120491,457345,226.64,226.57,225,431,-1247,343
22,ACN,2020-09-30,0 days 15:56:29.120168,454992,226.65,226.57,321,832,2353,-1247
23,ACN,2020-09-30,0 days 15:56:33.119553,457345,226.64,226.57,225,832,-2647,2853
24,ACN,2020-09-30,0 days 15:56:34.119913,454992,226.64,226.57,225,731,2353,-2647
25,ACN,2020-09-30,0 days 15:56:48.120404,457729,226.62,226.55,291,400,-16870,2437
26,ACN,2020-09-30,0 days 15:56:49.121659,455309,226.55,226.48,325,200,2420,-16870
27,ACN,2020-09-30,0 days 15:57:16.122013,461167,226.64,226.57,200,282,-832,758
28,ACN,2020-09-30,0 days 15:57:17.122024,460299,226.63,226.57,100,125,1187,-832
29,ACN,2020-09-30,0 days 15:57:36.122547,462820,226.57,226.51,338,100,-2614,1211
30,ACN,2020-09-30,0 days 15:58:02.125636,469358,226.59,226.48,125,129,84,-7355
31,ACN,2020-09-30,0 days 15:58:04.123362,469640,226.53,226.46,325,325,-2818,782
32,ACN,2020-09-30,0 days 15:58:14.124530,474763,226.51,226.46,125,125,1802,-2415
33,ACN,2020-09-30,0 days 15:58:21.129135,474863,226.49,226.41,225,125,1702,-7265
34,ACN,2020-09-30,0 days 15:58:23.125110,476565,226.49,226.45,125,100,-3098,202
35,ACN,2020-09-30,0 days 15:58:24.124792,476363,226.49,226.45,125,200,202,-3098
36,ACN,2020-09-30,0 days 15:58:42.124307,476565,226.48,226.44,125,125,-1023,177
37,ACN,2020-09-30,0 days 15:59:01.130810,475994,226.43,226.4,125,125,986,-214
38,ADT,2020-09-30,0 days 15:59:21.631056,853708,8.19,8.18,3919,4422,12952,-12666
39,ADT,2020-09-30,0 days 15:59:44.633870,914160,8.16,8.15,4800,6600,-4378,3977
40,ADT,2020-09-30,0 days 15:59:45.635511,803634,8.13,8.12,800,12654,165476,-4378
41,ADT,2020-09-30,0 days 15:59:49.633570,866660,8.19,8.18,1657,11376,-240765,92302
42,AEG,2020-09-30,0 days 15:59:36.260807,83926,2.57,2.56,181290,155064,27569,-32531
43,AEG,2020-09-30,0 days 15:59:37.260592,82195,2.57,2.56,162140,155631,-1731,27569
44,AEG,2020-09-30,0 days 15:59:45.263237,83926,2.57,2.56,168448,158884,7119,-1731
45,AEG,2020-09-30,0 days 15:59:47.261939,73411,2.57,2.56,164923,158884,-13244,2919
46,AES,2020-09-30,0 days 15:55:27.120131,1150100,18.19,18.18,4352,7946,23857,-1357
47,AES,2020-09-30,0 days 15:56:39.120515,908060,18.22,18.21,9281,3902,-258174,23926
48,AES,2020-09-30,0 days 15:59:01.130930,1199954,18.13,18.12,3149,7893,6897,-2122
49,AES,2020-09-30,0 days 15:59:02.128681,1189451,18.13,18.12,2949,8014,-8563,6897
50,AES,2020-09-30,0 days 15:59:28.129562,1249986,18.13,18.12,3924,7607,541,-5585
51,AFL,2020-09-30,0 days 15:55:23.253364,560307,36.37,36.36,2314,1500,13841,-2662
52,AFL,2020-09-30,0 days 15:55:24.251858,558348,36.37,36.36,1814,2100,-1959,13841
53,AFL,2020-09-30,0 days 15:55:25.252257,560307,36.38,36.37,2800,1601,6375,-1959
54,AFL,2020-09-30,0 days 15:56:49.254350,585273,36.43,36.42,412,2502,-260,965
55,AFL,2020-09-30,0 days 15:56:55.253444,582673,36.41,36.4,690,2601,-961,1639
56,AFL,2020-09-30,0 days 15:57:09.254873,583634,36.42,36.41,4065,500,1418,-879
57,AFL,2020-09-30,0 days 15:57:10.254380,582852,36.42,36.41,4065,500,-782,1418
58,AFL,2020-09-30,0 days 15:57:20.253855,583634,36.42,36.41,5471,134,609,-343
59,AFL,2020-09-30,0 days 15:57:21.252862,583043,36.42,36.41,4957,134,-591,609
60,AFL,2020-09-30,0 days 15:57:26.253314,583634,36.4,36.39,1950,1604,6909,-591
61,AFL,2020-09-30,0 days 15:57:27.253365,583343,36.4,36.39,1669,2606,-291,6909
62,AFL,2020-09-30,0 days 15:57:34.253447,584334,36.39,36.38,1131,3022,109,-491
63,AFL,2020-09-30,0 days 15:57:38.253489,589043,36.39,36.38,1210,3464,-1691,509
64,AFL,2020-09-30,0 days 15:57:39.253666,592734,36.39,36.38,1010,3666,7209,-1691
65,AFL,2020-09-30,0 days 15:57:53.253472,615337,36.41,36.4,3112,1120,-197,3703
66,AFL,2020-09-30,0 days 15:58:02.254945,617166,36.42,36.41,3324,1609,2519,-3002
67,AFL,2020-09-30,0 days 15:58:04.254933,619685,36.42,36.41,3122,1309,-1981,2519
68,AFL,2020-09-30,0 days 15:58:05.254926,616626,36.42,36.41,2922,1309,3059,-1981
69,AFL,2020-09-30,0 days 15:58:57.257069,618638,36.42,36.41,2969,805,-68,381
70,AFL,2020-09-30,0 days 15:58:58.257869,616085,36.42,36.41,3368,805,2553,-68
71,AFL,2020-09-30,0 days 15:59:37.260457,692653,36.42,36.41,5068,630,-2555,6544
72,AFL,2020-09-30,0 days 15:59:45.263067,683823,36.42,36.41,2982,2180,8835,-3818
73,AFL,2020-09-30,0 days 15:59:49.262610,696146,36.42,36.41,5195,111,333,-5767
74,AG,2020-09-30,0 days 15:55:49.122020,63611,9.54,9.53,13981,23031,-267,1574
75,AG,2020-09-30,0 days 15:55:51.120579,63878,9.54,9.53,14781,23220,160,-183
76,AG,2020-09-30,0 days 15:56:11.121344,64038,9.54,9.53,27177,4626,-1740,160
77,AG,2020-09-30,0 days 15:56:12.120775,60478,9.54,9.53,27577,5226,3560,-1740
78,AG,2020-09-30,0 days 15:59:46.132180,68679,9.51,9.5,5847,17526,-1490,1743
79,AG,2020-09-30,0 days 15:59:48.134409,68339,9.51,9.5,5860,29326,40,-1490
80,AIG,2020-09-30,0 days 15:55:00.120095,783564,27.53,27.52,2618,1318,43376,-5842
81,AIG,2020-09-30,0 days 15:55:01.119509,778713,27.53,27.52,3118,2125,-3651,43376
82,AIG,2020-09-30,0 days 15:55:25.120176,833879,27.54,27.53,2015,3119,23595,-39320
83,AIG,2020-09-30,0 days 15:55:26.119556,827347,27.54,27.53,1616,3333,-5932,23595
84,AIG,2020-09-30,0 days 15:55:35.119831,805879,27.56,27.55,1814,2200,21322,-6605
85,AIG,2020-09-30,0 days 15:55:36.119585,802074,27.56,27.55,3015,1214,-3805,21322
86,AIG,2020-09-30,0 days 15:55:38.119569,805879,27.56,27.55,2923,1500,1361,-3805
87,AIG,2020-09-30,0 days 15:55:39.119707,802613,27.56,27.55,2923,1828,-3266,1361
88,AIG,2020-09-30,0 days 15:56:19.120823,836686,27.58,27.57,1007,4035,14687,-2713
89,AIG,2020-09-30,0 days 15:56:44.121063,852668,27.6,27.59,3702,1607,-896,4104
90,AIG,2020-09-30,0 days 15:56:45.120964,851164,27.6,27.59,3802,1801,1504,-896
91,AIG,2020-09-30,0 days 15:56:49.121986,859388,27.6,27.59,3503,1601,-2822,2024
92,AIG,2020-09-30,0 days 15:57:27.122419,860764,27.56,27.55,3408,1001,1186,-204
93,AIG,2020-09-30,0 days 15:57:28.123578,860150,27.56,27.55,3508,1501,-614,1186
94,AIG,2020-09-30,0 days 15:57:35.122875,864864,27.56,27.55,4171,568,186,-241
95,AIG,2020-09-30,0 days 15:57:39.122614,872923,27.56,27.55,3814,1110,-3941,1086
96,AIG,2020-09-30,0 days 15:57:41.122688,872464,27.56,27.55,4682,880,287,-7140
97,AIG,2020-09-30,0 days 15:57:42.124203,872751,27.56,27.55,4022,1681,-2113,287
98,AIG,2020-09-30,0 days 15:57:43.123279,871564,27.56,27.55,3825,1181,1187,-2113
99,AIG,2020-09-30,0 days 15:57:46.123169,872751,27.56,27.55,3930,2395,-7313,1187
100,AIG,2020-09-30,0 days 15:57:47.123013,868564,27.56,27.55,4122,1595,4187,-7313
101,AIG,2020-09-30,0 days 15:57:50.123276,872751,27.56,27.55,4440,1825,-1113,1087
102,AIG,2020-09-30,0 days 15:57:51.124280,871664,27.56,27.55,3922,3192,1087,-1113
103,AIG,2020-09-30,0 days 15:57:59.123546,877724,27.56,27.55,3824,3819,-140,1087
104,AIG,2020-09-30,0 days 15:58:01.125573,873054,27.57,27.56,1612,3936,65,-4745
105,AIG,2020-09-30,0 days 15:58:03.123874,873219,27.57,27.56,3610,3993,-9745,4165
106,ALL,2020-09-30,0 days 15:59:18.128269,542095,94.19,94.13,200,200,147,-445
107,ALL,2020-09-30,0 days 15:59:21.129885,528771,94.2,94.18,610,200,-13355,40267
108,ALL,2020-09-30,0 days 15:59:22.129847,542126,94.16,94.13,200,200,3226,-13355
109,AM,2020-09-30,0 days 15:59:16.240764,684277,5.4,5.39,6871,14117,1724,-12988
110,AM,2020-09-30,0 days 15:59:32.233796,666101,5.4,5.39,7205,22519,-18176,2488
111,AM,2020-09-30,0 days 15:59:47.231253,675268,5.4,5.39,6942,18378,-9809,42891
112,AMC,2020-09-30,0 days 15:59:44.633488,300540,4.72,4.71,5017,5097,1725,-2714
113,AMT,2020-09-30,0 days 15:55:00.119809,605508,241.61,241.46,125,600,-14157,113392
114,AMT,2020-09-30,0 days 15:55:27.120250,626075,241.67,241.59,225,300,724,-10898
115,AMT,2020-09-30,0 days 15:55:45.122568,633980,241.6,241.51,420,135,-5154,1300
116,AMT,2020-09-30,0 days 15:55:48.120715,630734,241.6,241.55,125,300,146,-2254
117,AMT,2020-09-30,0 days 15:55:50.121200,635780,241.53,241.47,100,200,-12934,146
118,AMT,2020-09-30,0 days 15:57:38.123219,673467,241.49,241.43,162,102,-3394,1406
119,AMT,2020-09-30,0 days 15:57:44.122555,678661,241.52,241.46,101,100,2170,-4330
120,AMT,2020-09-30,0 days 15:57:45.123859,673331,241.61,241.5,300,238,-11130,2170
121,AMT,2020-09-30,0 days 15:57:46.123169,671961,241.6,241.5,125,200,1370,-11130
122,AMT,2020-09-30,0 days 15:57:51.124280,683281,241.59,241.51,125,310,-4180,8620
123,AMT,2020-09-30,0 days 15:57:52.122789,680961,241.59,241.51,125,310,4120,-4180
124,AMT,2020-09-30,0 days 15:57:53.123192,685681,241.59,241.52,125,135,-2180,4120
125,AMT,2020-09-30,0 days 15:57:54.122695,683161,241.59,241.52,225,244,2520,-2180
126,AMT,2020-09-30,0 days 15:57:55.123737,685681,241.59,241.52,225,492,-6180,2520
127,AMT,2020-09-30,0 days 15:57:56.122884,683161,241.59,241.52,225,383,2520,-6180
128,AMT,2020-09-30,0 days 15:57:57.123357,678945,241.64,241.54,100,269,-4216,2520
129,AMT,2020-09-30,0 days 15:57:58.122750,677061,241.64,241.54,100,269,1884,-4216
130,AMT,2020-09-30,0 days 15:58:00.125217,680145,241.67,241.56,100,240,-2116,3084
131,AMT,2020-09-30,0 days 15:58:01.125562,678161,241.71,241.58,225,278,1984,-2116
132,AMT,2020-09-30,0 days 15:58:05.124643,681045,241.71,241.58,425,1046,-816,2084
133,AMT,2020-09-30,0 days 15:58:06.125588,678961,241.71,241.6,525,306,2084,-816
134,AMT,2020-09-30,0 days 15:58:07.124716,684457,241.71,241.6,425,214,-1204,2084
135,AMT,2020-09-30,0 days 15:58:09.125519,670995,241.83,241.69,100,409,2621,-6145
136,AMT,2020-09-30,0 days 15:58:12.124909,675077,241.82,241.72,225,1021,-1878,822
137,AMT,2020-09-30,0 days 15:58:13.125416,673955,241.81,241.75,100,296,1122,-1878
138,AMT,2020-09-30,0 days 15:58:14.124884,675777,241.8,241.72,282,942,-2878,1122
139,AMT,2020-09-30,0 days 15:58:15.125202,674555,241.8,241.72,100,743,1222,-2878
140,AMT,2020-09-30,0 days 15:58:17.124708,656536,241.9,241.8,301,196,-18360,1222
141,AMT,2020-09-30,0 days 15:58:25.126423,664055,241.76,241.68,326,100,10875,-7860
142,AMT,2020-09-30,0 days 15:58:54.127478,670329,241.82,241.75,241,400,-4667,833
143,AMT,2020-09-30,0 days 15:59:03.129198,676485,241.91,241.81,183,100,959,-5924
144,AMT,2020-09-30,0 days 15:59:59.133046,713784,241.75,241.63,100,166,-3064,19691
145,AMT,2020-09-30,0 days 16:00:00.204526,716882,241.73,241.51,100,100,30244,-3064
146,AMX,2020-09-30,0 days 15:59:16.240753,153043,12.5,12.49,23489,9335,-28502,45842
147,AMX,2020-09-30,0 days 15:59:17.239297,181545,12.5,12.49,27599,4035,73185,-28502
148,AMX,2020-09-30,0 days 15:59:18.236447,175030,12.5,12.49,26935,4277,-6215,73185
149,AMX,2020-09-30,0 days 15:59:28.229430,181545,12.5,12.49,24035,7996,20268,-2315
150,AMX,2020-09-30,0 days 15:59:29.229459,176913,12.5,12.49,24035,9096,-4332,20268
151,AMX,2020-09-30,0 days 15:59:43.231212,193866,12.5,12.49,35696,1457,14241,-3721
152,AMX,2020-09-30,0 days 15:59:44.230723,190907,12.5,12.49,35696,1057,-2659,14241
153,AMX,2020-09-30,0 days 15:59:46.231854,193866,12.5,12.49,32100,4799,29456,-2389
154,AMX,2020-09-30,0 days 15:59:47.231147,192522,12.5,12.49,29300,6033,-1044,29456
155,AMX,2020-09-30,0 days 15:59:48.231896,195072,12.5,12.49,29486,6009,44097,-1044
156,ANF,2020-09-30,0 days 15:55:05.148436,167769,13.96,13.95,3499,1400,-5450,3350
157,ANF,2020-09-30,0 days 15:55:06.147334,166519,13.96,13.95,3999,600,1250,-5450
158,ANF,2020-09-30,0 days 15:55:52.151289,179758,13.94,13.93,4094,4436,-7960,3040
159,ANF,2020-09-30,0 days 15:55:53.150601,178218,13.94,13.93,3694,4836,1540,-7960
160,ANF,2020-09-30,0 days 15:55:55.150598,179768,13.94,13.93,5198,4836,-3477,1540
161,ANF,2020-09-30,0 days 15:55:56.150795,178745,13.94,13.93,3751,6358,1023,-3477
162,ANF,2020-09-30,0 days 15:57:55.151388,180512,13.94,13.93,4657,5139,-1433,1467
163,ANF,2020-09-30,0 days 15:57:56.151061,179545,13.94,13.93,4157,5039,967,-1433
164,ANF,2020-09-30,0 days 15:58:10.152467,180330,13.95,13.94,3849,3319,318,-18
165,ANF,2020-09-30,0 days 15:58:11.152802,180648,13.95,13.94,1923,4052,-1101,318
166,ANF,2020-09-30,0 days 15:58:12.152610,179849,13.95,13.94,3776,2651,799,-1101
167,ANF,2020-09-30,0 days 15:58:52.153516,181748,13.94,13.93,2103,13072,-4254,746
168,AR,2020-09-30,0 days 15:57:14.121825,310405,2.76,2.75,35320,31013,263,-4637
169,AR,2020-09-30,0 days 15:57:31.122851,305434,2.76,2.75,42186,28385,-4971,263
170,AR,2020-09-30,0 days 15:57:46.122849,310405,2.76,2.75,45286,21413,11763,-4971
171,AR,2020-09-30,0 days 15:57:47.122826,306868,2.76,2.75,42386,20513,-3537,11763
172,AR,2020-09-30,0 days 15:58:13.125196,320205,2.76,2.75,37579,25885,5430,-4437
173,AR,2020-09-30,0 days 15:58:14.124602,316735,2.76,2.75,42179,24813,-3470,5430
174,AR,2020-09-30,0 days 15:59:19.128261,318245,2.75,2.74,41405,48733,-3524,2508
175,ARCO,2020-09-30,0 days 15:59:19.128191,35275,4.11,4.1,2312,2165,56,-2620
176,ARCO,2020-09-30,0 days 15:59:47.130379,34631,4.11,4.1,3464,2674,-644,3456
177,ARMK,2020-09-30,0 days 15:59:30.247616,590203,26.49,26.48,442,1209,9085,-15388
178,ARMK,2020-09-30,0 days 15:59:31.242882,587088,26.49,26.48,424,1841,-3015,9085
179,ARMK,2020-09-30,0 days 15:59:45.243962,590103,26.49,26.48,1586,659,1585,-1715
180,ARMK,2020-09-30,0 days 15:59:47.242216,584926,26.49,26.48,686,1591,-5214,13398
181,ATI,2020-09-30,0 days 15:55:00.147858,256594,8.75,8.74,2080,802,-159,4177
182,ATI,2020-09-30,0 days 15:56:12.151727,258653,8.75,8.74,1828,1912,2127,-1173
183,ATI,2020-09-30,0 days 15:58:07.153067,279084,8.74,8.73,1900,7875,3951,-2304
184,ATI,2020-09-30,0 days 15:58:08.153586,278335,8.74,8.73,2211,6870,-749,3951
185,ATI,2020-09-30,0 days 15:58:09.153000,279084,8.74,8.73,2311,6870,3151,-749
186,ATI,2020-09-30,0 days 15:58:10.152467,278335,8.74,8.73,1910,6368,-749,3151
187,ATI,2020-09-30,0 days 15:58:54.154132,279184,8.74,8.73,1460,5470,8962,-4238
188,ATI,2020-09-30,0 days 15:58:55.154066,278246,8.74,8.73,1350,4043,-938,8962
189,AU,2020-09-30,0 days 15:55:00.119197,65892,26.43,26.42,1094,1605,-32334,38811
190,AU,2020-09-30,0 days 15:55:01.119447,65326,26.42,26.41,1390,1826,566,-32334
191,AU,2020-09-30,0 days 15:56:02.120179,65892,26.44,26.43,1138,2400,-5861,2896
192,AU,2020-09-30,0 days 15:56:03.119769,63853,26.44,26.43,1638,912,2039,-5861
193,AU,2020-09-30,0 days 15:59:03.129181,75975,26.37,26.36,923,2756,-440,1415
194,AU,2020-09-30,0 days 15:59:06.131206,74251,26.38,26.37,1770,215,1724,-440
195,AU,2020-09-30,0 days 15:59:34.128858,74629,26.38,26.37,1767,974,646,-8120
196,AU,2020-09-30,0 days 15:59:46.132213,75575,26.38,26.37,1462,1824,-2742,180
197,AU,2020-09-30,0 days 15:59:47.130682,75217,26.38,26.37,1353,1924,358,-2742
198,AUY,2020-09-30,0 days 15:59:36.242550,157292,5.69,5.68,388301,200431,-66956,78644
199,AUY,2020-09-30,0 days 15:59:37.242468,153348,5.69,5.68,387801,196024,3944,-66956
200,AUY,2020-09-30,0 days 15:59:47.242293,157292,5.68,5.67,519197,202300,-1380,1615
201,AUY,2020-09-30,0 days 15:59:48.243795,154558,5.68,5.67,518597,196900,2734,-1380
202,AVTR,2020-09-30,0 days 15:55:46.484474,407508,22.47,22.46,6607,3031,-1026,5744
203,AVTR,2020-09-30,0 days 15:55:47.483498,402639,22.47,22.46,6072,3231,4869,-1026
204,AVTR,2020-09-30,0 days 15:58:10.488238,478859,22.52,22.51,10573,1891,-1944,13715
205,AVTR,2020-09-30,0 days 15:58:11.489705,468103,22.52,22.51,9936,2091,1956,-1944
206,AVTR,2020-09-30,0 days 15:59:08.491250,498942,22.5,22.48,8530,2300,-2640,15261
207,AVTR,2020-09-30,0 days 15:59:16.488015,483782,22.5,22.49,900,1947,5520,-15780
208,AVTR,2020-09-30,0 days 15:59:42.489107,489635,22.5,22.49,1400,568,-358,3617
209,AVTR,2020-09-30,0 days 15:59:47.489651,488267,22.5,22.49,2822,707,1368,-21857
210,AVTR,2020-09-30,0 days 15:59:52.490172,489635,22.51,22.49,1700,5900,-394,64768
211,AVTR,2020-09-30,0 days 15:59:56.488832,494422,22.47,22.46,2013,984,46782,-5970
212,AXL,2020-09-30,0 days 15:57:56.239817,177535,5.78,5.77,3004,5843,1513,-2287
213,AXP,2020-09-30,0 days 15:57:44.247090,578883,100.56,100.54,400,100,-1926,51
214,AXP,2020-09-30,0 days 15:58:21.250765,583939,100.54,100.52,610,200,548,-6356
215,AXP,2020-09-30,0 days 15:58:54.249614,584487,100.57,100.55,700,100,-475,335
216,AXP,2020-09-30,0 days 15:59:02.252750,580472,100.51,100.5,239,200,4569,-1612
217,AXTA,2020-09-30,0 days 15:55:47.245649,229401,22.14,22.13,2970,1114,1252,-1912
218,AXTA,2020-09-30,0 days 15:55:48.245733,227653,22.14,22.13,3382,914,-1748,1252
219,AXTA,2020-09-30,0 days 15:57:18.238730,235870,22.17,22.16,2221,2680,41115,-5685
220,AXTA,2020-09-30,0 days 15:57:19.234909,232690,22.18,22.17,1200,2657,-3180,41115
221,AXTA,2020-09-30,0 days 15:58:06.238067,243340,22.17,22.16,806,3483,291,-1510
222,AXTA,2020-09-30,0 days 15:58:07.237717,236431,22.18,22.17,2100,3871,-6909,291
223,AXTA,2020-09-30,0 days 15:59:28.229343,244687,22.17,22.16,3235,1999,1426,-665
224,AXTA,2020-09-30,0 days 15:59:34.230076,244935,22.18,22.17,4285,1841,-1571,248
225,AXTA,2020-09-30,0 days 15:59:36.230496,246506,22.18,22.17,4695,641,429,-1571
226,AXTA,2020-09-30,0 days 15:59:42.230733,245976,22.18,22.17,4997,1111,-530,1470
227,AXTA,2020-09-30,0 days 15:59:43.231187,246506,22.18,22.17,5097,1211,1463,-530
228,AXTA,2020-09-30,0 days 15:59:44.230704,246069,22.18,22.17,4797,1611,-437,1463
229,AXTA,2020-09-30,0 days 15:59:45.232255,246506,22.18,22.17,4597,1611,20905,-437
230,AZUL,2020-09-30,0 days 15:55:00.618651,29443,13.17,13.16,6022,4141,977,-1898
231,AZUL,2020-09-30,0 days 15:55:44.624163,30420,13.17,13.16,4954,6841,-232,968
232,AZUL,2020-09-30,0 days 15:55:45.625421,29452,13.17,13.16,4354,8041,968,-232
233,AZUL,2020-09-30,0 days 15:56:11.624630,30420,13.17,13.16,5465,8141,-1390,510
234,AZUL,2020-09-30,0 days 15:56:12.624235,29610,13.17,13.16,3975,8141,810,-1390
235,AZUL,2020-09-30,0 days 15:59:20.631280,31328,13.17,13.16,10472,8171,-1018,834
236,BA,2020-09-30,0 days 15:59:10.157314,414592,165.44,165.41,283,300,-7085,315
237,BA,2020-09-30,0 days 15:59:11.155639,414777,165.41,165.35,100,300,11115,-7085
238,BA,2020-09-30,0 days 15:59:23.153615,428882,165.31,165.27,200,300,-18703,972
239,BA,2020-09-30,0 days 15:59:33.153879,421379,165.34,165.32,100,400,6809,-9803
240,BA,2020-09-30,0 days 15:59:34.152406,428188,165.38,165.35,200,388,-1191,6809
241,BA,2020-09-30,0 days 15:59:50.158527,421873,165.33,165.31,200,102,6464,-6073
242,BA,2020-09-30,0 days 15:59:53.152482,427737,165.51,165.38,200,500,-9642,1758
243,BA,2020-09-30,0 days 16:00:00.208003,427737,165.42,165.09,400,400,-11638,502
244,BABA,2020-09-30,0 days 15:59:48.260247,873608,294.01,294.0,100,200,417,-9104
245,BABA,2020-09-30,0 days 15:59:49.259489,873446,294.02,294.0,754,285,-162,417
246,BABA,2020-09-30,0 days 15:59:52.255097,873542,294.01,293.9,900,100,17104,-18396
247,BAC,2020-09-30,0 days 15:55:47.245649,5701866,24.14,24.13,49908,55435,137168,-37030
248,BAC,2020-09-30,0 days 15:55:48.245733,5687834,24.14,24.13,51608,64139,-14032,137168
249,BAC,2020-09-30,0 days 15:56:51.246516,5785791,24.16,24.15,35620,67401,-21618,15982
250,BAC,2020-09-30,0 days 15:57:06.247590,5821069,24.16,24.15,75620,24119,7897,-18418
251,BAC,2020-09-30,0 days 15:57:07.247570,5800491,24.16,24.15,75120,24019,-6918,7897
252,BAC,2020-09-30,0 days 15:58:07.237717,5916309,24.16,24.15,65058,96457,72522,-48078
253,BAC,2020-09-30,0 days 15:58:08.237626,5897482,24.16,24.15,61958,98073,-18827,72522
254,BAC,2020-09-30,0 days 15:58:11.238236,5916309,24.16,24.15,46430,121946,58069,-10848
255,BAC,2020-09-30,0 days 15:58:35.237901,5925133,24.16,24.15,82971,100216,-7070,8824
256,BAC,2020-09-30,0 days 15:59:06.240312,6082977,24.15,24.14,88678,71700,-17107,90652
257,BAC,2020-09-30,0 days 15:59:07.239766,6071684,24.15,24.14,100485,51000,11293,-17107
258,BAC,2020-09-30,0 days 15:59:16.240753,6124073,24.15,24.14,51537,93807,-100908,236830
259,BAC,2020-09-30,0 days 15:59:48.231750,6568927,24.13,24.12,123212,9889,114030,-38091
260,BAM,2020-09-30,0 days 15:57:47.240205,62770,33.1,33.09,4063,684,143,-3157
261,BAM,2020-09-30,0 days 15:57:48.239203,59813,33.1,33.09,3563,1786,-2957,143
262,BAM,2020-09-30,0 days 15:59:18.243853,67337,33.09,33.08,4181,3079,6478,-77
263,BAM,2020-09-30,0 days 15:59:19.244055,65915,33.09,33.08,4419,2810,-1422,6478
264,BAM,2020-09-30,0 days 15:59:23.243059,67337,33.07,33.06,3237,300,260,-523
265,BAM,2020-09-30,0 days 15:59:25.242729,65897,33.07,33.06,512,3549,-1440,860
266,BAM,2020-09-30,0 days 15:59:46.244128,67337,33.07,33.06,461,5490,2047,-240
267,BAM,2020-09-30,0 days 15:59:47.242767,67184,33.07,33.06,1000,5731,-153,2047
268,BAX,2020-09-30,0 days 15:55:00.618279,421409,80.45,80.43,100,623,-6214,28528
269,BAX,2020-09-30,0 days 15:55:40.624016,445467,80.51,80.49,400,300,346,-933
270,BAX,2020-09-30,0 days 15:55:46.624896,445813,80.5,80.48,100,600,-1598,346
271,BAX,2020-09-30,0 days 15:55:47.623876,445713,80.51,80.48,300,507,100,-1598
272,BAX,2020-09-30,0 days 15:56:02.624254,445868,80.52,80.51,201,498,-2347,349
273,BAX,2020-09-30,0 days 15:56:03.623683,446109,80.52,80.51,200,400,12459,-2347
274,BAX,2020-09-30,0 days 15:56:21.623963,459104,80.61,80.58,200,499,-250,1018
275,BAX,2020-09-30,0 days 15:56:22.624136,458054,80.59,80.58,200,200,1127,-250
276,BAX,2020-09-30,0 days 15:56:30.623745,456704,80.62,80.6,100,500,-1350,850
277,BAX,2020-09-30,0 days 15:56:31.624761,456054,80.63,80.61,300,200,650,-1350
278,BAX,2020-09-30,0 days 15:56:49.630970,459409,80.6,80.59,400,100,-2116,1032
279,BAX,2020-09-30,0 days 15:57:09.626643,461747,80.54,80.53,200,400,258,-738
280,BAX,2020-09-30,0 days 15:57:46.626961,475847,80.57,80.55,210,600,1619,-3381
281,BAX,2020-09-30,0 days 15:57:49.626237,477466,80.58,80.55,300,900,-581,1619
282,BAX,2020-09-30,0 days 15:57:50.626683,475847,80.58,80.55,401,700,1619,-581
283,BAX,2020-09-30,0 days 15:57:56.628748,479347,80.57,80.55,100,1000,-500,1400
284,BAX,2020-09-30,0 days 15:57:57.627896,477547,80.57,80.55,301,1000,1800,-500
285,BAX,2020-09-30,0 days 15:58:07.627354,467455,80.58,80.57,100,368,792,-7608
286,BAX,2020-09-30,0 days 15:58:09.628011,468698,80.58,80.57,200,1768,-2157,792
287,BAX,2020-09-30,0 days 15:58:20.627825,471758,80.59,80.58,100,1092,648,-2317
288,BAX,2020-09-30,0 days 15:58:56.633062,472602,80.58,80.57,100,326,25,-7738
289,BAX,2020-09-30,0 days 15:58:59.630342,473591,80.59,80.58,101,328,3336,-96
290,BAX,2020-09-30,0 days 15:59:15.632170,505034,80.49,80.48,300,500,-1538,4175
291,BAX,2020-09-30,0 days 15:59:16.630526,502672,80.51,80.49,301,200,2362,-1538
292,BAX,2020-09-30,0 days 15:59:34.631489,508624,80.49,80.48,405,100,-4841,2663
293,BAX,2020-09-30,0 days 15:59:35.631822,506665,80.5,80.48,300,300,1959,-4841
294,BAX,2020-09-30,0 days 15:59:43.632048,508681,80.5,80.49,420,100,-7308,2016
295,BAX,2020-09-30,0 days 15:59:44.633710,499265,80.51,80.48,1087,400,9416,-7308
296,BAX,2020-09-30,0 days 15:59:45.635146,509324,80.51,80.48,751,600,-6365,9416
297,BAX,2020-09-30,0 days 15:59:47.633168,501986,80.49,80.46,1100,100,9337,-1187
298,BAX,2020-09-30,0 days 15:59:57.628238,515286,80.49,80.43,500,100,6237,-12887
299,BBD,2020-09-30,0 days 15:59:36.260924,712618,3.44,3.43,1363849,478389,82297,-136203
300,BBVA,2020-09-30,0 days 15:59:36.490474,140702,2.75,2.74,290226,188569,39516,-46484
301,BBVA,2020-09-30,0 days 15:59:37.489249,138318,2.75,2.74,286716,188569,-2384,39516
302,BBY,2020-09-30,0 days 15:58:17.627895,398085,111.66,111.63,200,300,-3789,5599
303,BBY,2020-09-30,0 days 15:58:18.628542,395874,111.64,111.6,511,600,2211,-3789
304,BBY,2020-09-30,0 days 15:58:49.629248,395193,111.64,111.61,300,300,2720,-2591
305,BBY,2020-09-30,0 days 15:58:57.629631,398079,111.64,111.61,300,300,-1069,831
306,BBY,2020-09-30,0 days 15:58:58.629783,395835,111.64,111.61,300,300,2280,-1069
307,BBY,2020-09-30,0 days 15:59:30.633803,410784,111.43,111.41,200,200,-10908,15417
308,BBY,2020-09-30,0 days 15:59:31.631265,401516,111.43,111.37,200,400,9268,-10908
309,BBY,2020-09-30,0 days 15:59:46.633393,412691,111.37,111.32,200,669,-7242,1464
310,BBY,2020-09-30,0 days 15:59:47.633118,411033,111.35,111.32,200,369,1658,-7242
311,BCS,2020-09-30,0 days 15:59:01.251825,45081,5.03,5.02,149947,112883,-1121,905
312,BCS,2020-09-30,0 days 15:59:36.251716,50963,5.03,5.02,163503,92368,4416,-5284
313,BCS,2020-09-30,0 days 15:59:37.252121,50679,5.03,5.02,161503,92368,-284,4416
314,BE,2020-09-30,0 days 15:58:03.256485,286593,17.98,17.97,4565,1223,-5510,4390
315,BEKE,2020-09-30,0 days 15:55:00.243605,762463,61.27,61.18,424,202,7233,-375842
316,BEN,2020-09-30,0 days 15:55:00.147568,398312,20.35,20.34,4505,4123,2241,-26815
317,BEN,2020-09-30,0 days 15:55:01.148561,394953,20.35,20.34,5705,4023,-3159,2241
318,BEN,2020-09-30,0 days 15:55:14.148063,398112,20.33,20.32,1510,4000,364,-36
319,BEN,2020-09-30,0 days 15:55:15.148383,395601,20.33,20.32,1110,5700,-2511,364
320,BEN,2020-09-30,0 days 15:55:19.148811,414212,20.35,20.34,3103,2691,1774,-2911
321,BEN,2020-09-30,0 days 15:56:47.151457,432086,20.37,20.36,2272,5909,-4569,3501
322,BEN,2020-09-30,0 days 15:56:48.151550,429755,20.37,20.36,2272,5909,2331,-4569
323,BEN,2020-09-30,0 days 15:57:51.151969,432927,20.36,20.35,3152,4474,-2028,3172
324,BEN,2020-09-30,0 days 15:57:52.151001,431855,20.36,20.35,3252,4374,1072,-2028
325,BEN,2020-09-30,0 days 15:57:56.151030,444047,20.37,20.36,4114,4364,-408,8792
326,BEN,2020-09-30,0 days 15:57:57.150998,442355,20.37,20.36,2514,5264,1692,-408
327,BEN,2020-09-30,0 days 15:58:21.155291,441713,20.38,20.37,4847,1827,5292,-8
328,BEN,2020-09-30,0 days 15:58:22.152672,439705,20.38,20.37,4351,2527,-2008,5292
329,BEN,2020-09-30,0 days 15:58:24.152618,441713,20.38,20.37,4551,2327,5192,-2008
330,BEN,2020-09-30,0 days 15:58:44.153314,441713,20.38,20.37,5107,2355,2992,-2008
331,BEN,2020-09-30,0 days 15:59:04.156680,453553,20.38,20.37,5137,2902,-1221,220
332,BEN,2020-09-30,0 days 15:59:31.153447,485244,20.38,20.37,4371,4943,2205,-8065
333,BEN,2020-09-30,0 days 15:59:49.153698,495240,20.38,20.37,7573,5348,-652,5654
334,BEN,2020-09-30,0 days 15:59:50.158121,492292,20.38,20.37,6773,6241,2948,-652
335,BHC,2020-09-30,0 days 15:56:11.250934,48952,15.57,15.56,4403,1914,1017,-883
336,BHC,2020-09-30,0 days 15:56:12.252118,48069,15.57,15.56,4603,1635,-883,1017
337,BHC,2020-09-30,0 days 15:56:50.251554,44640,15.56,15.55,6220,3968,3629,-883
338,BHC,2020-09-30,0 days 15:56:51.251092,44569,15.56,15.55,6620,3868,-71,3629
339,BHC,2020-09-30,0 days 15:58:28.256301,48869,15.56,15.55,5210,6100,-883,417
340,BHC,2020-09-30,0 days 15:59:11.259062,54974,15.56,15.55,6392,3200,-1108,140
341,BHC,2020-09-30,0 days 15:59:18.258647,57283,15.55,15.54,1999,7594,3460,-909
342,BHP,2020-09-30,0 days 15:56:30.151824,25303,51.79,51.78,1250,843,930,-470
343,BHP,2020-09-30,0 days 15:56:31.150803,24333,51.79,51.78,2550,443,-970,930
344,BHP,2020-09-30,0 days 15:57:06.152935,27403,51.79,51.78,3951,900,430,-1070
345,BHP,2020-09-30,0 days 15:57:07.152941,26233,51.79,51.78,3377,1255,-1170,430
346,BHP,2020-09-30,0 days 15:58:00.153167,25603,51.77,51.76,2600,2255,1030,-370
347,BHP,2020-09-30,0 days 15:58:01.153156,24733,51.78,51.77,1085,2840,-870,1030
348,BHP,2020-09-30,0 days 15:58:31.153129,24933,51.76,51.75,216,3914,-894,1406
349,BIG,2020-09-30,0 days 15:59:16.259977,202368,44.62,44.6,320,200,3279,-621
350,BIG,2020-09-30,0 days 15:59:17.257768,201084,44.62,44.6,320,200,-1284,3279
351,BIG,2020-09-30,0 days 15:59:18.258529,202368,44.62,44.6,2966,100,8941,-1284
352,BIG,2020-09-30,0 days 15:59:19.258066,200009,44.62,44.6,3071,200,-2359,8941
353,BIG,2020-09-30,0 days 15:59:32.261488,202368,44.61,44.6,3442,543,1795,-1795
354,BIG,2020-09-30,0 days 15:59:33.259708,199763,44.61,44.6,3009,193,-2605,1795
355,BIG,2020-09-30,0 days 15:59:46.261044,202368,44.6,44.59,120,400,1746,-1483
356,BIG,2020-09-30,0 days 15:59:47.259972,200583,44.6,44.59,120,400,-1785,1746
357,BILL,2020-09-30,0 days 15:55:49.252976,94343,100.66,100.63,205,200,-118,482
358,BILL,2020-09-30,0 days 15:55:50.249636,93495,100.64,100.59,200,100,848,-118
359,BILL,2020-09-30,0 days 15:57:46.253125,94523,100.48,100.39,200,200,-775,530
360,BILL,2020-09-30,0 days 15:57:47.254832,94098,100.48,100.39,200,200,425,-775
361,BILL,2020-09-30,0 days 15:57:48.253330,94523,100.49,100.44,100,300,-1880,425
362,BILL,2020-09-30,0 days 15:57:49.253488,94303,100.48,100.44,100,200,1320,-1880
363,BILL,2020-09-30,0 days 15:58:44.256606,101396,100.48,100.43,208,396,-656,1649
364,BILL,2020-09-30,0 days 15:58:45.257322,100652,100.48,100.43,108,396,744,-656
365,BILL,2020-09-30,0 days 15:59:06.259247,101801,100.45,100.38,200,200,-266,3134
366,BILL,2020-09-30,0 days 15:59:08.258708,100934,100.48,100.43,300,200,867,-9038
367,BJ,2020-09-30,0 days 15:57:54.236337,163471,41.6,41.59,474,395,-127,873
368,BJ,2020-09-30,0 days 15:57:58.236308,162826,41.6,41.59,235,301,645,-128
369,BJ,2020-09-30,0 days 15:58:07.237679,163471,41.62,41.59,940,437,-745,755
370,BJ,2020-09-30,0 days 15:58:17.237767,163953,41.61,41.59,400,100,-349,751
371,BJ,2020-09-30,0 days 15:58:18.237676,159502,41.61,41.6,200,198,4451,-349
372,BJ,2020-09-30,0 days 15:58:19.238267,163953,41.61,41.6,200,198,-749,4451
373,BJ,2020-09-30,0 days 15:58:20.237663,163302,41.61,41.6,300,298,651,-749
374,BJ,2020-09-30,0 days 15:58:47.239015,163940,41.64,41.6,897,400,-2062,738
375,BJ,2020-09-30,0 days 15:59:33.230709,170075,41.6,41.58,359,132,171,-1229
376,BK,2020-09-30,0 days 15:59:54.255025,1183885,34.41,34.4,930,3048,-7546,13454
377,BK,2020-09-30,0 days 15:59:55.254832,1170118,34.39,34.38,600,1300,13867,-7546
378,BKR,2020-09-30,0 days 15:58:02.249131,935148,13.3,13.29,4918,9534,24086,-8074
379,BKR,2020-09-30,0 days 15:58:21.250815,961904,13.3,13.29,7717,8228,-9144,26756
380,BKR,2020-09-30,0 days 15:58:22.250437,946548,13.3,13.29,12511,3183,15356,-9144
381,BMY,2020-09-30,0 days 15:59:48.155262,2240635,60.36,60.35,4690,3500,21477,-5351
382,BMY^,2020-09-30,0 days 15:59:46.243709,160950,2.25,2.24,600,300,90150,-217650
383,BP,2020-09-30,0 days 15:55:50.239469,367710,17.47,17.46,27773,55577,23850,-15211
384,BP,2020-09-30,0 days 15:55:51.239350,356260,17.47,17.46,28798,56417,-11450,23850
385,BP,2020-09-30,0 days 15:56:03.239846,367710,17.47,17.46,27769,58828,16750,-11450
386,BP,2020-09-30,0 days 15:56:04.239542,358960,17.47,17.46,25424,58728,-8750,16750
387,BP,2020-09-30,0 days 15:57:12.241570,367710,17.47,17.46,47804,32572,5846,-9850
388,BP,2020-09-30,0 days 15:57:13.241747,359156,17.47,17.46,46160,33472,-8554,5846
389,BP,2020-09-30,0 days 15:59:15.244683,393501,17.45,17.44,80467,1400,2193,-8229
390,BSX,2020-09-30,0 days 15:56:49.482911,1110082,38.32,38.31,2540,1663,-11385,25970
391,BSX,2020-09-30,0 days 15:56:50.483075,1103767,38.31,38.3,1570,1500,6315,-11385
392,BSX,2020-09-30,0 days 15:57:42.484376,1147958,38.27,38.26,926,3318,-1757,5345
393,BSX,2020-09-30,0 days 15:57:43.484349,1144913,38.27,38.26,826,3884,3045,-1757
394,BSX,2020-09-30,0 days 15:57:51.484235,1152858,38.28,38.27,2335,2631,-5957,6543
395,BSX,2020-09-30,0 days 15:57:52.484620,1149413,38.28,38.27,2738,2935,1945,-5957
396,BSX,2020-09-30,0 days 15:58:17.486839,1162912,38.3,38.29,1117,2657,-5134,6066
397,BSX,2020-09-30,0 days 15:59:01.489904,1161083,38.28,38.27,3085,340,-14998,1290
398,BSX,2020-09-30,0 days 15:59:02.489479,1157383,38.27,38.26,3100,400,7300,-14998
399,BSX,2020-09-30,0 days 15:59:08.489597,1169046,38.23,38.22,200,4000,24484,-2623
400,BSX,2020-09-30,0 days 15:59:45.488196,1259723,38.22,38.21,500,2300,-7637,743
401,BSX,2020-09-30,0 days 15:59:46.488887,1254060,38.22,38.21,600,4100,23348,-7637
402,BTU,2020-09-30,0 days 15:58:13.240227,113081,2.31,2.3,15228,10657,13442,-27542
403,BX,2020-09-30,0 days 15:55:01.480553,255680,52.25,52.24,301,800,-1522,1578
404,BX,2020-09-30,0 days 15:57:34.485653,273551,52.3,52.29,906,126,1246,-1554
405,BX,2020-09-30,0 days 15:57:35.485779,271197,52.3,52.29,906,528,-2354,1246
406,BX,2020-09-30,0 days 15:57:36.485364,273551,52.3,52.29,1006,526,1746,-2354
407,BX,2020-09-30,0 days 15:57:37.485465,271597,52.3,52.29,937,526,-1954,1746
408,BX,2020-09-30,0 days 15:57:39.485731,273551,52.3,52.29,1134,419,1746,-1754
409,BX,2020-09-30,0 days 15:57:40.486354,272799,52.3,52.29,903,520,-752,1746
410,BX,2020-09-30,0 days 15:58:08.488174,279478,52.32,52.3,814,600,26431,-6253
411,BX,2020-09-30,0 days 15:58:10.488545,278409,52.26,52.24,400,300,-1421,8031
412,BX,2020-09-30,0 days 15:58:20.488039,279109,52.24,52.23,400,446,-1046,1754
413,BX,2020-09-30,0 days 15:59:14.492100,289973,52.22,52.21,566,470,-1470,1630
414,BX,2020-09-30,0 days 15:59:18.488508,291443,52.23,52.21,500,600,1864,-445
415,BX,2020-09-30,0 days 15:59:19.488794,290207,52.23,52.21,400,670,-1236,1864
416,BX,2020-09-30,0 days 15:59:23.488817,291443,52.25,52.23,600,500,4020,-9536
417,BX,2020-09-30,0 days 15:59:24.488273,290063,52.25,52.23,800,492,-1380,4020
418,BX,2020-09-30,0 days 15:59:33.491794,291443,52.24,52.23,100,1200,4466,-534
419,BX,2020-09-30,0 days 15:59:35.489866,290409,52.24,52.22,200,400,-1034,1966
420,C,2020-09-30,0 days 15:55:00.241900,1699254,43.13,43.12,6732,2100,-72520,481056
421,C,2020-09-30,0 days 15:55:25.245245,1870651,43.12,43.11,4926,781,48102,-92049
422,C,2020-09-30,0 days 15:55:27.246201,1863353,43.13,43.12,4363,4514,-7298,56393
423,C,2020-09-30,0 days 15:55:57.245646,1878333,43.15,43.14,84288,4719,12949,-3773
424,C,2020-09-30,0 days 15:55:58.245483,1859082,43.15,43.14,84105,4804,-19042,12949
425,C,2020-09-30,0 days 15:56:23.246222,1884785,43.19,43.18,3901,4280,1937,-63
426,C,2020-09-30,0 days 15:56:56.247427,1941779,43.18,43.17,2615,4389,-5206,11294
427,C,2020-09-30,0 days 15:57:25.235702,1937745,43.15,43.14,200,4860,-2843,5457
428,C,2020-09-30,0 days 15:57:33.235711,1940588,43.15,43.14,6603,585,12557,-2843
429,C,2020-09-30,0 days 15:57:34.235843,1937945,43.15,43.14,6089,1086,-2434,12557
430,C,2020-09-30,0 days 15:57:36.235331,1940588,43.16,43.15,7628,3286,6557,-2434
431,CAG,2020-09-30,0 days 15:59:47.259802,564785,35.74,35.72,1321,100,-11882,1503
432,CARR,2020-09-30,0 days 15:55:27.484435,672330,30.53,30.52,2499,1404,12591,-18940
433,CARR,2020-09-30,0 days 15:55:28.484552,664321,30.53,30.52,2502,1404,-7866,12591
434,CARR,2020-09-30,0 days 15:57:39.485731,719087,30.57,30.56,905,510,68091,-10509
435,CARR,2020-09-30,0 days 15:57:40.486354,714466,30.58,30.57,1400,2109,-4621,68091
436,CARR,2020-09-30,0 days 15:58:13.490287,720103,30.59,30.58,1185,1901,938,-3924
437,CARR,2020-09-30,0 days 15:58:14.488025,715046,30.59,30.57,5701,1328,-5057,938
438,CARR,2020-09-30,0 days 15:58:47.488783,715053,30.59,30.58,3713,202,-4557,838
439,CARR,2020-09-30,0 days 15:59:04.491483,721513,30.62,30.61,500,2800,16712,-5113
440,CARR,2020-09-30,0 days 15:59:05.495846,719525,30.62,30.61,800,1900,-126,16712
441,CARR,2020-09-30,0 days 15:59:09.491936,720087,30.61,30.6,1300,1032,-64,436
442,CARR,2020-09-30,0 days 15:59:11.491303,720151,30.61,30.6,800,932,936,-64
443,CARR,2020-09-30,0 days 15:59:42.489626,768956,30.59,30.58,700,1800,-3462,42605
444,CARR,2020-09-30,0 days 15:59:47.490016,785422,30.61,30.59,1840,3203,-2453,3239
445,CARR,2020-09-30,0 days 15:59:48.491420,782880,30.6,30.59,700,2300,2542,-2453
446,CCL,2020-09-30,0 days 15:55:27.623497,630711,15.24,15.23,4471,9559,7604,-9622
447,CCL,2020-09-30,0 days 15:55:28.623041,619215,15.24,15.23,2406,13430,-11496,7604
448,CCL,2020-09-30,0 days 15:59:15.632360,696709,15.21,15.2,6126,11245,26315,-9469
449,CCL,2020-09-30,0 days 15:59:16.630616,691524,15.21,15.2,5526,13445,-2385,26315
450,CCL,2020-09-30,0 days 15:59:46.633549,736682,15.22,15.21,16354,5100,25960,-5742
451,CCXX,2020-09-30,0 days 15:56:30.251084,15516,10.25,10.24,3685,8198,-2024,476
452,CCXX,2020-09-30,0 days 15:56:31.251108,14840,10.25,10.24,3685,8160,676,-2024
453,CCXX,2020-09-30,0 days 15:59:46.261069,18016,10.25,10.24,11875,500,-374,876
454,CCXX,2020-09-30,0 days 15:59:47.259982,17590,10.25,10.24,11875,300,426,-374
455,CDE,2020-09-30,0 days 15:55:23.121414,299927,7.39,7.38,1993,11513,3805,-31205
456,CDE,2020-09-30,0 days 15:59:06.131269,361145,7.38,7.37,2090,13846,-873,6796
457,CDE,2020-09-30,0 days 15:59:08.129704,354718,7.38,7.37,3382,9626,6427,-3773
458,CDE,2020-09-30,0 days 15:59:26.130136,344004,7.39,7.38,11733,5045,3741,-18759
459,CDE,2020-09-30,0 days 15:59:45.132745,347745,7.39,7.38,11725,9210,-6324,2720
460,CDE,2020-09-30,0 days 15:59:46.132341,345669,7.39,7.38,15725,5610,2076,-6324
461,CDE,2020-09-30,0 days 15:59:47.130869,349911,7.39,7.38,15825,6310,-12653,2076
462,CDE,2020-09-30,0 days 15:59:48.134529,349142,7.39,7.38,16922,5710,769,-12653
463,CFG,2020-09-30,0 days 15:59:15.632403,817131,25.32,25.31,2206,3734,-121156,126364
464,CFG,2020-09-30,0 days 15:59:16.630694,816198,25.3,25.29,5201,2000,13433,-121156
465,CFG,2020-09-30,0 days 15:59:28.631130,831113,25.31,25.3,1900,4344,-9958,2727
466,CFG,2020-09-30,0 days 15:59:29.630981,829371,25.31,25.3,600,5844,1742,-9958
467,CFG,2020-09-30,0 days 15:59:46.633770,917580,25.3,25.29,585,5338,-15622,57733
468,CGC,2020-09-30,0 days 15:56:30.247029,21145,14.35,14.34,1320,500,4099,-901
469,CGC,2020-09-30,0 days 15:56:36.246404,21515,14.36,14.34,1700,1100,-130,370
470,CGC,2020-09-30,0 days 15:56:49.246854,32145,14.36,14.34,1301,2400,929,-630
471,CGC,2020-09-30,0 days 15:56:50.247808,31274,14.36,14.34,1301,2400,-871,929
472,CGC,2020-09-30,0 days 15:58:00.238060,21745,14.33,14.32,300,1706,2371,-829
473,CGC,2020-09-30,0 days 15:58:14.237854,29834,14.35,14.33,1600,720,-2790,1810
474,CGC,2020-09-30,0 days 15:59:19.236858,32916,14.33,14.32,600,2000,-543,657
475,CHWY,2020-09-30,0 days 15:55:00.243549,79810,55.0,54.97,100,656,-646,5579
476,CHWY,2020-09-30,0 days 15:55:20.244427,80605,55.0,54.98,200,110,305,-795
477,CHWY,2020-09-30,0 days 15:55:21.244268,80210,55.02,54.98,200,310,-395,305
478,CHWY,2020-09-30,0 days 15:57:11.248090,92713,55.02,55.0,300,310,1340,-940
479,CHWY,2020-09-30,0 days 15:57:12.248006,91653,55.02,55.0,210,310,-1060,1340
480,CHWY,2020-09-30,0 days 15:57:46.236327,92713,55.01,54.99,380,329,45,-945
481,CHWY,2020-09-30,0 days 15:57:48.235914,92268,55.01,54.99,380,629,-445,2645
482,CHWY,2020-09-30,0 days 15:57:57.236451,92814,55.01,54.99,600,100,444,-446
483,CHWY,2020-09-30,0 days 15:57:58.236319,92268,55.01,54.99,600,214,-1018,444
484,CHWY,2020-09-30,0 days 15:58:51.238713,93022,55.03,54.98,200,469,-388,1512
485,CHWY,2020-09-30,0 days 15:58:59.239228,93103,55.0,54.98,100,484,-307,134
486,CHWY,2020-09-30,0 days 15:59:04.241100,93410,55.0,54.97,300,348,193,-317
487,CHWY,2020-09-30,0 days 15:59:06.240333,93103,55.0,54.97,300,100,-8557,193
488,CHWY,2020-09-30,0 days 15:59:09.239532,101660,54.96,54.92,200,300,1443,-257
489,CHWY,2020-09-30,0 days 15:59:20.236600,112385,54.96,54.94,100,100,-1165,2835
490,CHWY,2020-09-30,0 days 15:59:25.236635,116950,54.93,54.89,600,200,422,-678
491,CHWY,2020-09-30,0 days 15:59:42.230763,115664,54.87,54.84,200,200,-1286,3014
492,CHWY,2020-09-30,0 days 15:59:47.231180,116950,54.89,54.86,100,600,57,-143
493,CHX,2020-09-30,0 days 15:56:37.483804,236253,8.02,8.01,1018,8603,20198,-11702
494,CHX,2020-09-30,0 days 15:56:38.483822,226351,8.04,8.03,1387,1974,-10002,20198
495,CHX,2020-09-30,0 days 15:59:20.489311,274667,8.01,8.0,1369,2002,9864,-3547
496,CHX,2020-09-30,0 days 15:59:21.488859,268321,8.01,8.0,1528,2002,-6346,9864
497,CHX,2020-09-30,0 days 15:59:32.491286,274667,8.01,8.0,1140,1169,2150,-6346
498,CHX,2020-09-30,0 days 15:59:42.489597,270297,8.01,8.0,1190,1984,-4370,4730
499,CHX,2020-09-30,0 days 15:59:46.490975,274667,8.01,8.0,1559,1190,1736,-4370
500,CIG,2020-09-30,0 days 15:57:09.254917,1928715,1.85,1.84,181202,136490,-22465,79128
501,CIG,2020-09-30,0 days 15:57:49.254008,1972580,1.85,1.84,187202,133518,235,-21165
502,CIG,2020-09-30,0 days 15:59:17.259226,1961965,1.85,1.84,263975,109445,-10615,3185
503,CIG,2020-09-30,0 days 15:59:20.259629,1972580,1.85,1.84,263704,110145,3894,-10615
504,CIM,2020-09-30,0 days 15:59:07.491233,356004,8.21,8.2,26472,17205,7243,-4057
505,CIM,2020-09-30,0 days 15:59:08.491386,347947,8.21,8.2,25645,16685,-8057,7243
506,CIM,2020-09-30,0 days 15:59:18.488197,356278,8.21,8.2,25626,15748,19169,-8331
507,CIM,2020-09-30,0 days 15:59:19.488632,350147,8.21,8.2,25789,16485,-6131,19169
508,CIM,2020-09-30,0 days 15:59:44.490018,360098,8.21,8.2,29217,12790,8004,-2096
509,CIM,2020-09-30,0 days 15:59:45.490140,358002,8.21,8.2,26527,11792,-2096,8004
510,CIM,2020-09-30,0 days 15:59:46.490747,360098,8.21,8.2,26327,11835,8612,-2096
511,CIM,2020-09-30,0 days 15:59:47.489838,357110,8.21,8.2,26627,11835,-2988,8612
512,CLDR,2020-09-30,0 days 15:56:30.120783,197618,10.91,10.9,841,9789,-1517,1572
513,CLDR,2020-09-30,0 days 15:56:31.120353,196335,10.91,10.9,1557,10179,372,-1517
514,CLDR,2020-09-30,0 days 15:58:07.124614,203287,10.9,10.89,2934,6352,-108,2492
515,CLDR,2020-09-30,0 days 15:58:08.125163,200795,10.9,10.89,3762,6742,2492,-108
516,CLDR,2020-09-30,0 days 15:59:17.128467,222709,10.88,10.87,6135,6022,-4778,4019
517,CLF,2020-09-30,0 days 15:59:34.242656,873790,6.42,6.41,16058,13211,13588,-6612
518,CLF,2020-09-30,0 days 15:59:47.242692,887178,6.42,6.41,18658,18547,-27305,2060
519,CLNY,2020-09-30,0 days 15:55:44.244592,516150,2.73,2.72,42637,15529,1798,-11202
520,CLNY,2020-09-30,0 days 15:55:45.245980,508548,2.73,2.72,40837,16402,-7602,1798
521,CLNY,2020-09-30,0 days 15:59:09.252302,542434,2.74,2.73,11122,46560,-2210,45990
522,CNC,2020-09-30,0 days 15:55:01.618292,435680,58.52,58.5,1206,601,-1320,9980
523,CNC,2020-09-30,0 days 15:55:21.625375,437006,58.5,58.48,215,922,294,-450
524,CNC,2020-09-30,0 days 15:55:22.622453,435800,58.5,58.48,415,922,-1277,294
525,CNC,2020-09-30,0 days 15:55:25.623517,437477,58.53,58.51,400,300,10891,-1477
526,CNC,2020-09-30,0 days 15:56:48.624284,444761,58.65,58.63,605,300,-12101,2972
527,CNC,2020-09-30,0 days 15:57:39.626147,463406,58.58,58.56,702,500,-4865,135
528,CNC,2020-09-30,0 days 15:58:22.628046,492074,58.6,58.59,100,400,-4972,18128
529,CNC,2020-09-30,0 days 15:58:47.629084,490046,58.57,58.54,348,1100,2128,-4572
530,CNC,2020-09-30,0 days 15:58:48.628442,487574,58.58,58.56,110,400,-2472,2128
531,CNC,2020-09-30,0 days 15:59:05.633324,487933,58.5,58.48,496,200,16193,-125
532,CNC,2020-09-30,0 days 15:59:06.635362,484628,58.5,58.47,200,200,-3305,16193
533,CNC,2020-09-30,0 days 15:59:14.632399,491880,58.48,58.45,822,200,815,-2141
534,CNC,2020-09-30,0 days 15:59:15.632170,490595,58.47,58.45,522,100,-17013,815
535,CNC,2020-09-30,0 days 15:59:30.633851,507691,58.51,58.47,852,300,14156,-2200
536,CNC,2020-09-30,0 days 15:59:31.631350,506447,58.51,58.49,400,200,-1244,14156
537,CNC,2020-09-30,0 days 15:59:36.631293,504193,58.47,58.44,100,200,-698,2002
538,CNC,2020-09-30,0 days 15:59:39.632087,496091,58.42,58.41,115,200,8102,-698
539,CNC,2020-09-30,0 days 15:59:40.632269,501909,58.45,58.41,200,200,-3532,8102
540,CNP,2020-09-30,0 days 15:59:52.261197,928054,19.37,19.36,900,7016,-2363,7137
541,CNQ,2020-09-30,0 days 15:56:31.150833,45604,16.05,16.04,3737,6926,559,-1541
542,CNQ,2020-09-30,0 days 15:57:48.151247,49747,16.04,16.03,2569,12804,-7090,4361
543,CNX,2020-09-30,0 days 15:59:06.244414,1336561,9.45,9.44,3584,9418,-850,10085
544,CNX,2020-09-30,0 days 15:59:21.242201,1375897,9.45,9.44,3926,10032,-40473,12360
545,CNX,2020-09-30,0 days 15:59:48.243873,1424803,9.43,9.42,3974,9353,9025,-4191
546,COF,2020-09-30,0 days 15:55:00.236759,361767,72.08,72.06,601,384,-2297,6451
547,COF,2020-09-30,0 days 15:55:27.239503,364286,72.12,72.09,300,200,17354,-796
548,COF,2020-09-30,0 days 15:55:28.239631,362040,72.12,72.09,300,310,-2246,17354
549,COF,2020-09-30,0 days 15:56:03.239813,376333,72.14,72.12,363,1201,330,-1829
550,COF,2020-09-30,0 days 15:56:04.239499,373663,72.14,72.12,363,1201,-2670,330
551,COF,2020-09-30,0 days 15:57:34.238610,390473,72.06,72.03,367,1101,3482,-1218
552,COF,2020-09-30,0 days 15:57:35.238895,387355,72.06,72.03,546,1101,-3118,3482
553,COF,2020-09-30,0 days 15:57:48.239079,390473,72.05,72.03,100,610,901,-2799
554,COF,2020-09-30,0 days 15:57:50.239735,384733,72.05,72.03,200,610,-5740,901
555,COF,2020-09-30,0 days 15:57:52.239501,390473,72.05,72.04,388,201,160,-2640
556,COF,2020-09-30,0 days 15:57:53.239284,387833,72.05,72.04,289,301,-2640,160
557,COF,2020-09-30,0 days 15:58:04.240469,394102,72.12,72.09,400,501,683,-3017
558,COF,2020-09-30,0 days 15:58:05.240341,391085,72.1,72.09,100,401,-2917,683
559,COF,2020-09-30,0 days 15:58:13.241597,396239,72.12,72.11,515,149,3746,-5154
560,COF,2020-09-30,0 days 15:58:14.241561,393585,72.12,72.11,500,149,-2654,3746
561,COF,2020-09-30,0 days 15:59:06.244359,404188,72.03,72.0,600,500,5387,-2863
562,COF,2020-09-30,0 days 15:59:07.243727,402231,72.03,72.01,400,300,-1957,5387
563,COF,2020-09-30,0 days 15:59:30.247657,435036,72.01,71.97,200,1100,9825,-4079
564,COF,2020-09-30,0 days 15:59:31.242987,433561,72.01,71.98,200,100,-1475,9825
565,COF,2020-09-30,0 days 15:59:52.243154,431463,71.94,71.9,200,100,-3573,1927
566,COF,2020-09-30,0 days 15:59:55.244558,435036,71.93,71.87,800,900,4327,-3773
567,COG,2020-09-30,0 days 15:55:27.244642,504590,17.39,17.38,4423,7723,7994,-7846
568,COG,2020-09-30,0 days 15:55:28.244028,500784,17.39,17.38,3924,7423,-3806,7994
569,COG,2020-09-30,0 days 15:55:38.244531,505090,17.39,17.38,3009,8334,1353,-571
570,COG,2020-09-30,0 days 15:55:39.244863,501743,17.39,17.38,2669,8634,-2847,1353
571,COG,2020-09-30,0 days 15:56:40.245777,529769,17.39,17.38,4696,5215,7449,-4751
572,COG,2020-09-30,0 days 15:56:41.246286,525718,17.39,17.38,5196,5238,-3551,7449
573,COG,2020-09-30,0 days 15:57:34.246328,543924,17.38,17.37,7438,2391,4102,-3398
574,COG,2020-09-30,0 days 15:57:35.246845,539626,17.38,17.37,7328,2691,-4298,4102
575,COG,2020-09-30,0 days 15:57:42.248487,542624,17.37,17.36,4865,4155,1602,-3398
576,COG,2020-09-30,0 days 15:57:43.247319,539626,17.37,17.36,4765,3855,-2998,1602
577,COG,2020-09-30,0 days 15:57:45.247219,542624,17.37,17.36,5957,3269,1502,-2998
578,COG,2020-09-30,0 days 15:57:46.247701,540050,17.37,17.36,6157,2769,-2574,1502
579,COG,2020-09-30,0 days 15:57:50.247178,550424,17.37,17.36,8142,4392,726,-2974
580,COG,2020-09-30,0 days 15:57:51.247192,542450,17.37,17.36,7642,4592,-7974,726
581,COG,2020-09-30,0 days 15:59:00.255316,551180,17.37,17.36,5288,5788,12321,-1872
582,COG,2020-09-30,0 days 15:59:01.252059,547001,17.37,17.36,5588,5687,-4179,12321
583,COG,2020-09-30,0 days 15:59:14.252472,554680,17.36,17.35,6840,2826,26778,-4522
584,COG,2020-09-30,0 days 15:59:47.252740,570261,17.37,17.36,5899,8775,14642,-32
585,COTY,2020-09-30,0 days 15:59:46.490712,474355,2.7,2.69,76210,66708,6567,-17033
586,CPE,2020-09-30,0 days 15:59:01.130982,72490,4.83,4.81,9384,7618,2020,-7935
587,CPG,2020-09-30,0 days 15:59:03.129198,7485,1.22,1.21,205041,300800,3774,-8
588,CPRI,2020-09-30,0 days 15:59:31.241694,434602,18.0,17.99,2606,3697,-7513,7361
589,CPRI,2020-09-30,0 days 15:59:32.245140,428515,18.0,17.99,3306,2997,6087,-7513
590,CPRI,2020-09-30,0 days 15:59:45.243067,434602,18.0,17.99,2355,3000,-2203,2402
591,CRK,2020-09-30,0 days 15:56:11.245669,110664,4.33,4.32,6577,2034,-782,1118
592,CRK,2020-09-30,0 days 15:56:12.247873,112746,4.33,4.32,6677,1792,3212,-782
593,CRK,2020-09-30,0 days 15:56:26.246186,110664,4.34,4.33,2229,7010,-2082,3212
594,CRK,2020-09-30,0 days 15:56:27.245999,108746,4.34,4.33,2929,6851,3118,-2082
595,CRK,2020-09-30,0 days 15:57:49.235785,116858,4.37,4.36,4376,2136,-1088,2512
596,CRK,2020-09-30,0 days 15:57:50.236044,114146,4.37,4.36,4376,2136,2712,-1088
597,CRK,2020-09-30,0 days 15:57:52.236149,111564,4.38,4.37,1600,5495,-2582,2712
598,CRK,2020-09-30,0 days 15:57:53.236473,110846,4.39,4.38,2333,3192,718,-2582
599,CRK,2020-09-30,0 days 15:58:02.237814,113360,4.38,4.37,4642,2279,-186,2612
600,CRK,2020-09-30,0 days 15:58:03.237182,111746,4.38,4.37,4142,2879,1614,-186
601,CRK,2020-09-30,0 days 15:58:55.238598,113746,4.39,4.38,5106,1032,2427,-18173
602,CRK,2020-09-30,0 days 15:58:58.239647,116173,4.39,4.38,5206,1024,-1146,2427
603,CRK,2020-09-30,0 days 15:58:59.239228,114433,4.39,4.38,5306,1000,1740,-1146
604,CRK,2020-09-30,0 days 15:59:10.240265,117673,4.39,4.38,2070,4850,-115,1185
605,CRK,2020-09-30,0 days 15:59:21.236188,117050,4.39,4.38,1870,5105,1066,-1534
606,CRK,2020-09-30,0 days 15:59:47.231238,120951,4.39,4.38,1309,8092,2866,-2835
607,CVS,2020-09-30,0 days 15:55:27.623413,1099687,58.5,58.49,502,2022,34694,-17248
608,CVS,2020-09-30,0 days 15:55:28.622992,1096381,58.5,58.49,350,3654,-3306,34694
609,CVS,2020-09-30,0 days 15:55:38.623438,1100287,58.5,58.49,780,3276,4054,-3906
610,CVS,2020-09-30,0 days 15:55:39.624186,1097641,58.5,58.49,1056,3182,-2646,4054
611,CVS,2020-09-30,0 days 15:55:47.623827,1131315,58.52,58.5,1388,2103,9095,-8533
612,CVS,2020-09-30,0 days 15:55:48.623954,1127410,58.51,58.5,975,1404,-4316,9095
613,CVS,2020-09-30,0 days 15:56:50.625517,1131224,58.48,58.47,1065,1978,-3829,671
614,CVS,2020-09-30,0 days 15:57:16.626531,1134034,58.46,58.45,1321,1246,750,-1129
615,CVS,2020-09-30,0 days 15:57:17.627179,1131551,58.46,58.45,771,1773,-2483,750
616,CVS,2020-09-30,0 days 15:57:27.625943,1134034,58.44,58.43,1659,1532,1417,-2183
617,CVS,2020-09-30,0 days 15:57:28.625871,1130751,58.44,58.43,1259,2236,-3283,1417
618,CVS,2020-09-30,0 days 15:57:35.624853,1134134,58.44,58.43,270,2882,18417,-2983
619,CVS,2020-09-30,0 days 15:57:36.625888,1132651,58.45,58.44,2255,775,-1483,18417
620,CVS,2020-09-30,0 days 15:57:38.626284,1134134,58.45,58.44,1349,1081,817,-1483
621,CVS,2020-09-30,0 days 15:58:00.627665,1147193,58.49,58.48,281,2880,-1232,12668
622,CVS,2020-09-30,0 days 15:58:01.627252,1145737,58.5,58.49,1547,1175,1456,-1232
623,CVS,2020-09-30,0 days 15:58:02.629123,1144113,58.49,58.48,878,2934,-1624,1456
624,CVS,2020-09-30,0 days 15:58:04.627271,1144124,58.49,58.48,2243,1981,489,-2011
625,CVS,2020-09-30,0 days 15:58:17.627931,1154304,58.51,58.5,200,1210,-4964,1304
626,CVS,2020-09-30,0 days 15:58:18.628542,1153168,58.5,58.49,1875,467,1136,-4964
627,CVS,2020-09-30,0 days 15:58:53.628975,1165205,58.47,58.46,1134,2679,-4017,2301
628,CVS,2020-09-30,0 days 15:59:17.633807,1220180,58.44,58.43,875,950,5076,-19724
629,CVS,2020-09-30,0 days 15:59:21.630934,1220980,58.45,58.44,1467,175,12368,-22532
630,CVS,2020-09-30,0 days 15:59:23.631581,1238818,58.47,58.46,375,1776,-13520,25768
631,CVS,2020-09-30,0 days 15:59:46.633435,1284885,58.47,58.46,238,1200,11262,-26256
632,CVX,2020-09-30,0 days 15:59:30.490416,1579201,72.06,72.05,200,823,-7310,39569
633,CVX,2020-09-30,0 days 15:59:50.492365,1618044,72.01,71.99,200,400,-77006,197238
634,CVX,2020-09-30,0 days 15:59:51.492171,1698150,72.01,71.98,148,377,96194,-77006
635,CVX,2020-09-30,0 days 15:59:52.490454,1617944,72.04,72.01,348,200,-86415,96194
636,CVX,2020-09-30,0 days 15:59:56.489142,1695406,72.01,71.98,441,100,98938,-92615
637,CVX,2020-09-30,0 days 15:59:57.490491,1618044,72.04,72.01,500,100,-90924,98938
638,CVX,2020-09-30,0 days 15:59:58.478629,1697024,71.98,71.95,100,200,115562,-90924
639,DAL,2020-09-30,0 days 15:59:30.634027,827484,30.67,30.66,1568,8699,6482,-8780
640,DAL,2020-09-30,0 days 15:59:31.631480,814245,30.68,30.67,2884,4611,-13239,6482
641,DAR,2020-09-30,0 days 15:55:50.245538,207452,36.11,36.09,200,400,372,-619
642,DAR,2020-09-30,0 days 15:55:51.245476,207124,36.11,36.08,300,801,-328,372
643,DAR,2020-09-30,0 days 15:55:52.246078,207452,36.09,36.08,400,401,1458,-328
644,DAR,2020-09-30,0 days 15:56:21.245870,212069,36.13,36.11,662,900,-2770,2221
645,DAR,2020-09-30,0 days 15:56:58.246816,209639,36.11,36.1,262,400,1830,-370
646,DAR,2020-09-30,0 days 15:57:17.244115,212069,36.1,36.09,700,298,-5570,430
647,DAR,2020-09-30,0 days 15:57:39.235383,217239,36.06,36.05,222,801,430,-570
648,DAR,2020-09-30,0 days 15:57:40.236396,216769,36.07,36.06,1001,300,-470,430
649,DAR,2020-09-30,0 days 15:57:44.236432,218139,36.1,36.08,722,362,300,-570
650,DAR,2020-09-30,0 days 15:57:56.236554,223539,36.09,36.08,722,610,108,-992
651,DAR,2020-09-30,0 days 15:57:57.236438,222547,36.09,36.08,700,772,-92,108
652,DAR,2020-09-30,0 days 15:57:58.236319,217939,36.09,36.08,700,610,4608,-92
653,DAR,2020-09-30,0 days 15:57:59.236467,217447,36.1,36.09,300,711,-492,4608
654,DAR,2020-09-30,0 days 15:58:30.238557,223263,36.06,36.05,1025,812,1211,-216
655,DAR,2020-09-30,0 days 15:58:31.238706,222574,36.06,36.05,1125,712,-689,1211
656,DAR,2020-09-30,0 days 15:58:44.238296,223763,36.09,36.07,500,111,7611,-989
657,DAR,2020-09-30,0 days 15:59:04.241082,236583,36.09,36.06,1489,800,-570,2884
658,DAR,2020-09-30,0 days 15:59:07.239766,236780,36.06,36.05,991,900,186,-230
659,DAR,2020-09-30,0 days 15:59:08.240050,236466,36.06,36.05,991,900,-314,186
660,DAR,2020-09-30,0 days 15:59:16.240753,227903,36.06,36.05,400,200,3763,-614
661,DAR,2020-09-30,0 days 15:59:33.230851,240594,36.06,36.05,105,2500,-3577,609
662,DAR,2020-09-30,0 days 15:59:47.231051,259838,36.08,36.06,340,300,741,-4304
663,DAR,2020-09-30,0 days 15:59:48.231705,258279,36.08,36.07,320,104,-2125,741
664,DB,2020-09-30,0 days 15:59:20.631353,35388,8.4,8.39,58786,64642,6409,-615
665,DB,2020-09-30,0 days 15:59:36.631467,41797,8.4,8.39,56612,76657,-5291,6409
666,DB,2020-09-30,0 days 15:59:37.632454,41388,8.4,8.39,56712,76657,409,-5291
667,DDD,2020-09-30,0 days 15:55:01.118385,187794,4.92,4.91,6973,5018,2077,-223
668,DDD,2020-09-30,0 days 15:56:11.120373,189982,4.91,4.9,3558,7757,-732,1168
669,DDD,2020-09-30,0 days 15:56:12.119838,189014,4.91,4.9,3858,5646,968,-732
670,DDD,2020-09-30,0 days 15:59:18.127232,197642,4.91,4.9,7930,6588,-8354,1303
671,DDD,2020-09-30,0 days 15:59:19.127414,196996,4.91,4.9,7570,6388,646,-8354
672,DDD,2020-09-30,0 days 15:59:38.128381,201066,4.91,4.9,6886,9391,-422,478
673,DDD,2020-09-30,0 days 15:59:39.128890,200788,4.91,4.9,6219,9291,278,-422
674,DDD,2020-09-30,0 days 15:59:45.131469,201066,4.91,4.9,11209,7483,-7222,278
675,DFS,2020-09-30,0 days 15:55:00.480084,283323,57.81,57.79,509,674,-13173,9383
676,DFS,2020-09-30,0 days 15:55:25.483855,297505,57.85,57.83,159,630,9405,-2789
677,DFS,2020-09-30,0 days 15:55:26.484387,296810,57.87,57.84,200,900,-695,9405
678,DFS,2020-09-30,0 days 15:55:38.483825,298405,57.87,57.85,210,504,1469,-395
679,DFS,2020-09-30,0 days 15:55:39.483924,297774,57.87,57.85,111,504,-631,1469
680,DFS,2020-09-30,0 days 15:55:49.483983,300105,57.89,57.86,205,945,868,-531
681,DFS,2020-09-30,0 days 15:55:52.485197,304838,57.86,57.85,100,855,-98,1633
682,DFS,2020-09-30,0 days 15:56:22.485102,306403,57.94,57.92,201,824,33,-450
683,DFS,2020-09-30,0 days 15:56:23.483912,306236,57.94,57.92,101,1024,-167,33
684,DFS,2020-09-30,0 days 15:56:43.484591,305299,57.94,57.93,100,408,722,-382
685,DFS,2020-09-30,0 days 15:56:44.484827,305021,57.94,57.93,200,304,-278,722
686,DFS,2020-09-30,0 days 15:57:23.487896,314565,57.87,57.86,202,304,996,-108
687,DFS,2020-09-30,0 days 15:57:24.486237,313561,57.88,57.86,433,204,-1004,996
688,DFS,2020-09-30,0 days 15:57:28.485249,315365,57.85,57.83,423,500,1096,-804
689,DFS,2020-09-30,0 days 15:57:29.485419,314461,57.85,57.83,423,600,-904,1096
690,DFS,2020-09-30,0 days 15:57:45.486020,317969,57.86,57.85,213,400,1213,-1787
691,DFS,2020-09-30,0 days 15:57:46.486246,314782,57.84,57.82,300,476,-1187,1213
692,DFS,2020-09-30,0 days 15:57:57.486291,317969,57.86,57.84,310,723,2113,-387
693,DFS,2020-09-30,0 days 15:57:58.487213,317082,57.86,57.84,563,453,-887,2113
694,DFS,2020-09-30,0 days 15:59:06.492841,338455,57.82,57.81,200,100,9313,-185
695,DFS,2020-09-30,0 days 15:59:07.491348,335468,57.83,57.8,760,500,-3578,9313
696,DFS,2020-09-30,0 days 15:59:12.492122,341046,57.86,57.84,100,200,11971,-2204
697,DHI,2020-09-30,0 days 15:59:23.251033,887714,75.83,75.82,400,100,-59482,48002
698,DHI,2020-09-30,0 days 15:59:47.252409,962631,75.78,75.76,600,323,-19971,9795
699,DHI,2020-09-30,0 days 15:59:55.253638,982302,75.68,75.65,1200,646,768,-3632
700,DIS,2020-09-30,0 days 15:59:28.631100,1806517,124.48,124.47,1720,100,-31319,37130
701,DIS,2020-09-30,0 days 15:59:29.630916,1831890,124.34,124.31,100,340,17468,-31319
702,DIS,2020-09-30,0 days 15:59:50.631419,1891502,124.21,124.17,1150,300,5421,-5230
703,DIS,2020-09-30,0 days 15:59:54.630041,1892602,124.26,124.16,400,701,4321,-4430
704,DIS,2020-09-30,0 days 15:59:56.630626,1890343,124.26,124.14,100,200,-19718,4321
705,DRI,2020-09-30,0 days 15:55:00.241798,110872,100.89,100.86,400,200,4422,-1194
706,DRI,2020-09-30,0 days 15:55:01.242107,109794,100.89,100.85,400,673,-1078,4422
707,DRI,2020-09-30,0 days 15:55:27.245687,110903,100.95,100.94,184,470,4290,-753
708,DRI,2020-09-30,0 days 15:55:28.245475,110293,100.98,100.94,216,570,-610,4290
709,DRI,2020-09-30,0 days 15:55:41.246053,111003,100.98,100.97,200,503,81,-710
710,DRI,2020-09-30,0 days 15:55:42.245667,110484,100.96,100.92,300,300,-419,81
711,DRI,2020-09-30,0 days 15:56:27.245729,114606,101.07,101.04,400,300,25185,-4315
712,DRI,2020-09-30,0 days 15:57:20.235610,140069,101.05,101.02,434,277,-201,369
713,DRI,2020-09-30,0 days 15:57:21.234451,138470,101.05,101.03,100,210,1599,-201
714,DRI,2020-09-30,0 days 15:57:37.235341,140369,101.0,100.96,700,100,-701,1799
715,DRI,2020-09-30,0 days 15:57:38.235891,139070,101.0,100.95,800,100,1299,-701
716,DRI,2020-09-30,0 days 15:57:56.236424,143583,100.98,100.96,157,201,-336,3764
717,DRI,2020-09-30,0 days 15:57:57.236064,142219,100.98,100.96,157,200,1364,-336
718,DRI,2020-09-30,0 days 15:58:12.237571,142637,101.01,100.98,400,103,946,-1754
719,DRI,2020-09-30,0 days 15:58:47.238539,143688,100.92,100.9,400,300,-749,5151
720,DRI,2020-09-30,0 days 15:58:48.237729,142337,100.92,100.9,300,400,1351,-749
721,DRI,2020-09-30,0 days 15:59:12.239982,143783,100.84,100.81,200,400,572,-2535
722,DRI,2020-09-30,0 days 15:59:21.235963,146173,100.86,100.83,200,200,-48,907
723,DRI,2020-09-30,0 days 15:59:22.236405,143721,100.83,100.8,200,200,2552,-48
724,DRI,2020-09-30,0 days 15:59:43.230928,148750,100.8,100.74,969,200,-299,357
725,DRI,2020-09-30,0 days 15:59:50.235198,148457,100.86,100.77,100,550,293,-607
726,DRI,2020-09-30,0 days 15:59:56.231270,148557,100.86,100.73,200,100,193,-3507
727,DUK,2020-09-30,0 days 15:59:21.258289,1233201,88.67,88.65,400,300,11760,-261
728,DUK,2020-09-30,0 days 15:59:22.258305,1244961,88.72,88.71,215,200,-2211,11760
729,DUK,2020-09-30,0 days 15:59:24.258347,1243234,88.68,88.66,300,400,1727,-665
730,DUK,2020-09-30,0 days 15:59:28.259199,1244961,88.68,88.67,190,500,-3589,335
731,DUK,2020-09-30,0 days 15:59:45.262676,1251304,88.62,88.61,300,200,-5193,6889
732,DUK,2020-09-30,0 days 15:59:46.261349,1245146,88.62,88.6,322,300,6158,-5193
733,DVN,2020-09-30,0 days 15:55:00.237928,447081,9.48,9.47,24956,4138,-47935,31261
734,DVN,2020-09-30,0 days 15:55:04.237172,443716,9.48,9.47,12025,19931,3365,-435
735,DVN,2020-09-30,0 days 15:55:07.237054,447081,9.48,9.47,12106,17455,-15379,3365
736,DVN,2020-09-30,0 days 15:58:21.242222,589119,9.47,9.46,24489,7752,8811,-2889
737,DVN,2020-09-30,0 days 15:59:14.244794,588402,9.46,9.45,19338,15430,-1058,16042
738,DVN,2020-09-30,0 days 15:59:20.244365,590260,9.46,9.45,21947,6527,982,-1936
739,DVN,2020-09-30,0 days 15:59:21.242332,590007,9.46,9.45,21927,8527,-1625,982
740,DVN,2020-09-30,0 days 15:59:35.243605,590087,9.46,9.45,9049,23306,-1545,21155
741,DVN,2020-09-30,0 days 15:59:47.242521,610423,9.46,9.45,29753,10373,6002,-2036
742,DXC,2020-09-30,0 days 15:57:41.122688,333730,17.89,17.88,2891,1462,-2070,4830
743,DXC,2020-09-30,0 days 15:57:42.124211,330000,17.89,17.88,2501,3082,5530,-2070
744,DXC,2020-09-30,0 days 15:58:00.125248,344727,17.89,17.88,1864,3349,-73,5627
745,DXC,2020-09-30,0 days 15:58:01.125573,341100,17.9,17.89,866,3516,3627,-73
746,DXC,2020-09-30,0 days 15:59:47.131216,382676,17.88,17.87,1755,3420,126,-7974
747,ELAN,2020-09-30,0 days 15:56:21.151892,273986,27.99,27.98,2610,625,1270,-2330
748,ELAN,2020-09-30,0 days 15:56:22.150990,272036,27.99,27.98,2510,825,-1950,1270
749,ELAN,2020-09-30,0 days 15:58:58.154182,280648,27.94,27.93,2644,701,-3355,351
750,ELAN,2020-09-30,0 days 15:59:46.153982,290348,27.96,27.95,600,500,1575,-2572
751,ELAN,2020-09-30,0 days 15:59:47.153529,289667,27.96,27.95,900,300,-681,1575
752,ELAN,2020-09-30,0 days 15:59:50.157925,272767,27.95,27.93,297,1100,-12481,2619
753,ENB,2020-09-30,0 days 15:57:57.255443,97955,29.23,29.22,4527,6888,-146,8254
754,ENB,2020-09-30,0 days 15:59:16.260066,98208,29.21,29.2,3304,7302,-889,911
755,ENB,2020-09-30,0 days 15:59:17.257814,99097,29.21,29.2,2604,7702,620,-889
756,ENB,2020-09-30,0 days 15:59:18.258597,98317,29.21,29.2,4842,6701,-780,620
757,ENB,2020-09-30,0 days 15:59:34.259376,99500,29.21,29.2,10165,3473,-188,403
758,ENLC,2020-09-30,0 days 15:55:41.624800,775225,2.37,2.36,1833,20249,1966,-17934
759,ENLC,2020-09-30,0 days 15:55:42.626050,761691,2.37,2.36,1933,21949,-13434,1966
760,ENLC,2020-09-30,0 days 15:56:19.623549,775225,2.38,2.37,17809,8200,1266,-13434
761,ENLC,2020-09-30,0 days 15:56:20.624506,763091,2.38,2.37,15109,8300,-12034,1266
762,EOG,2020-09-30,0 days 15:56:49.251663,649545,36.02,36.01,400,1828,-10085,6449
763,EOG,2020-09-30,0 days 15:56:51.251060,643630,36.02,36.01,100,1800,5915,-10085
764,EOG,2020-09-30,0 days 15:58:48.258472,710471,35.94,35.93,2800,5611,-76088,10612
765,EOG,2020-09-30,0 days 15:58:49.256983,686768,35.93,35.92,1612,900,24836,-76088
766,EOG,2020-09-30,0 days 15:59:15.259765,742904,35.92,35.91,200,435,-5367,1733
767,EOG,2020-09-30,0 days 15:59:43.259930,757812,35.96,35.95,1000,1107,-29738,4367
768,EOG,2020-09-30,0 days 15:59:44.260414,757650,35.96,35.95,310,507,162,-29738
769,EOG,2020-09-30,0 days 15:59:50.263897,734335,35.95,35.94,349,635,22789,-4411
770,EQNR,2020-09-30,0 days 15:56:55.253817,46833,14.07,14.06,26649,16614,17109,-2791
771,EQT,2020-09-30,0 days 15:55:50.624220,398690,12.96,12.95,4154,1639,-498,556
772,EQT,2020-09-30,0 days 15:55:53.624061,392488,12.95,12.94,3754,3443,6540,-1660
773,EQT,2020-09-30,0 days 15:56:26.623154,399545,12.95,12.94,10620,2889,-26643,4457
774,EQT,2020-09-30,0 days 15:56:27.623717,395388,12.94,12.93,2051,6249,4157,-26643
775,EQT,2020-09-30,0 days 15:58:52.629309,439749,12.94,12.93,8898,10249,-916,4684
776,EQT,2020-09-30,0 days 15:58:53.629085,434886,12.94,12.93,9298,10149,4363,-916
777,EQT,2020-09-30,0 days 15:59:04.632860,443843,12.94,12.93,8041,11513,-15904,9195
778,EQT,2020-09-30,0 days 15:59:05.633567,440447,12.94,12.93,10241,9990,3396,-15904
779,EQT,2020-09-30,0 days 15:59:18.631526,446362,12.94,12.93,10855,14676,-1185,315
780,EQT,2020-09-30,0 days 15:59:20.631329,444163,12.94,12.93,11655,10832,2199,-14401
781,EQT,2020-09-30,0 days 15:59:34.631597,444794,12.94,12.93,9867,7726,1868,-1932
782,EQT,2020-09-30,0 days 15:59:46.633586,451476,12.94,12.93,9263,5628,1291,-16414
783,ET,2020-09-30,0 days 15:59:23.235452,2555870,5.4,5.39,75520,26446,66524,-453371
784,ET,2020-09-30,0 days 15:59:24.235481,2540194,5.4,5.39,69520,48681,-15676,66524
785,ET,2020-09-30,0 days 15:59:34.229325,2555870,5.4,5.39,23400,61612,82039,-12676
786,ETRN,2020-09-30,0 days 15:55:00.243263,443583,8.48,8.47,7730,11656,-9945,96926
787,ETRN,2020-09-30,0 days 15:55:44.243414,460244,8.48,8.47,8077,10104,939,-4661
788,ETRN,2020-09-30,0 days 15:55:45.244822,456983,8.48,8.47,8100,10304,-3361,939
789,ETRN,2020-09-30,0 days 15:57:27.244263,464936,8.48,8.47,7345,6452,-2829,1471
790,ETRN,2020-09-30,0 days 15:57:41.246023,471465,8.48,8.47,8410,4460,1771,-2429
791,ETRN,2020-09-30,0 days 15:57:42.246645,469036,8.48,8.47,8610,4460,-2429,1771
792,ETRN,2020-09-30,0 days 15:57:47.247289,471465,8.48,8.47,8788,3975,871,-2429
793,ETRN,2020-09-30,0 days 15:57:48.246632,469036,8.48,8.47,9588,2262,-2429,871
794,ETRN,2020-09-30,0 days 15:57:52.246111,476565,8.48,8.47,9893,2554,2371,-2429
795,ETRN,2020-09-30,0 days 15:57:53.245991,473636,8.48,8.47,10493,2154,-2929,2371
796,ETRN,2020-09-30,0 days 15:59:09.251904,489252,8.48,8.47,8419,3136,58,-1242
797,EW,2020-09-30,0 days 15:59:15.153041,784433,79.94,79.91,588,100,-1953,87778
798,EW,2020-09-30,0 days 15:59:16.151547,775986,79.9,79.85,200,200,11612,-1953
799,EW,2020-09-30,0 days 15:59:21.151377,792935,79.88,79.85,200,400,-3178,7290
800,EW,2020-09-30,0 days 15:59:22.152236,788913,79.91,79.84,430,300,4022,-3178
801,EW,2020-09-30,0 days 15:59:23.153569,796235,79.87,79.84,100,100,-14041,4022
802,EW,2020-09-30,0 days 15:59:28.151612,785395,79.92,79.88,100,100,5140,-841
803,EW,2020-09-30,0 days 15:59:48.155336,798279,79.85,79.83,100,100,223,-3977
804,EXK,2020-09-30,0 days 15:58:07.153116,4124,3.52,3.51,64465,24200,425,-1428
805,EXK,2020-09-30,0 days 15:59:02.156727,4949,3.52,3.51,67413,21932,-994,425
806,FCAU,2020-09-30,0 days 15:57:56.254226,27705,12.27,12.26,20107,2884,1699,-10801
807,FCAU,2020-09-30,0 days 15:57:57.255443,16904,12.27,12.26,19109,8384,-10801,1699
808,FCAU,2020-09-30,0 days 15:59:17.257846,30213,12.24,12.23,36150,8500,2178,-973
809,FCAU,2020-09-30,0 days 15:59:18.258615,29491,12.24,12.23,35060,8800,-722,2178
810,FCAU,2020-09-30,0 days 15:59:20.258427,30213,12.24,12.23,32960,12000,160,-722
811,FCAU,2020-09-30,0 days 15:59:26.258229,21173,12.24,12.23,26847,17633,-9040,160
812,FCAU,2020-09-30,0 days 15:59:51.258130,30213,12.22,12.21,16229,23835,11962,-5215
813,FDX,2020-09-30,0 days 15:58:13.152786,225017,252.17,252.07,300,200,-174,3426
814,FDX,2020-09-30,0 days 15:58:14.153235,222891,252.16,252.06,100,488,2126,-174
815,FDX,2020-09-30,0 days 15:58:18.153164,225017,252.15,252.04,1100,300,-1274,2126
816,FDX,2020-09-30,0 days 15:58:19.152575,221891,252.13,252.04,1200,100,3126,-1274
817,FDX,2020-09-30,0 days 15:59:31.153361,235668,251.86,251.71,200,1230,-2486,639
818,FDX,2020-09-30,0 days 15:59:32.152576,233554,251.86,251.73,100,1000,2114,-2486
819,FDX,2020-09-30,0 days 15:59:47.153494,232993,251.77,251.55,709,300,1075,-12025
820,FE,2020-09-30,0 days 15:57:38.239063,1421706,28.68,28.67,800,3419,10626,-374
821,FE,2020-09-30,0 days 15:57:46.239452,1420183,28.72,28.71,700,2109,-5671,33807
822,FE,2020-09-30,0 days 15:57:47.240080,1425854,28.71,28.7,2302,416,19029,-5671
823,FE,2020-09-30,0 days 15:57:48.239131,1417683,28.72,28.71,1300,1815,-8171,19029
824,FE,2020-09-30,0 days 15:58:11.241285,1428340,28.74,28.73,530,2100,1355,-269
825,FE,2020-09-30,0 days 15:58:12.241136,1429195,28.74,28.73,100,1639,-6618,1355
826,FE,2020-09-30,0 days 15:59:32.246040,1509886,28.71,28.7,1400,1534,6205,-12195
827,FHN,2020-09-30,0 days 15:55:00.118515,911361,9.44,9.43,7900,26871,741310,-146900
828,FHN,2020-09-30,0 days 15:59:23.131945,1791971,9.46,9.45,35363,18400,-81855,367518
829,FHN,2020-09-30,0 days 15:59:28.129636,1799906,9.45,9.44,14963,17350,5194,-4535
830,FHN,2020-09-30,0 days 15:59:31.131504,1806600,9.45,9.44,20213,15124,-59436,2394
831,FIS,2020-09-30,0 days 15:55:14.247941,404983,147.43,147.41,501,500,1333,-4472
832,FIS,2020-09-30,0 days 15:55:15.247949,406316,147.45,147.43,100,300,-62767,1333
833,FIS,2020-09-30,0 days 15:57:50.253637,521644,147.52,147.48,400,600,7209,-2991
834,FIS,2020-09-30,0 days 15:57:56.254140,523686,147.54,147.52,608,272,-358,3742
835,FIS,2020-09-30,0 days 15:57:58.254028,522944,147.55,147.53,500,269,758,-2258
836,FIS,2020-09-30,0 days 15:57:59.254440,523702,147.55,147.53,100,469,-1342,758
837,FIS,2020-09-30,0 days 15:58:00.255633,522944,147.55,147.53,100,369,758,-1342
838,FIS,2020-09-30,0 days 15:58:07.255169,514302,147.61,147.59,1300,200,-9642,758
839,FIS,2020-09-30,0 days 15:58:09.255795,516416,147.61,147.59,200,901,4894,-775
840,FIS,2020-09-30,0 days 15:59:30.264078,543829,147.52,147.45,300,500,-11326,5000
841,FIS,2020-09-30,0 days 15:59:36.259215,557318,147.34,147.3,400,200,14811,-1689
842,FIS,2020-09-30,0 days 15:59:53.255279,563898,147.41,147.31,100,500,-16414,1386
843,FIS,2020-09-30,0 days 15:59:55.254832,579712,147.31,147.26,100,300,4686,-17714
844,FIT,2020-09-30,0 days 15:55:56.244938,269920,6.97,6.96,71553,44948,11268,-5479
845,FIT,2020-09-30,0 days 15:55:57.244786,259988,6.97,6.96,71653,44948,-9932,11268
846,FIT,2020-09-30,0 days 15:57:26.246536,266720,6.97,6.96,54063,49740,3130,-1870
847,FIT,2020-09-30,0 days 15:57:27.246095,258050,6.97,6.96,54063,49740,-8670,3130
848,FIT,2020-09-30,0 days 15:59:17.251095,288142,6.97,6.96,44505,71040,7653,-10027
849,FIT,2020-09-30,0 days 15:59:18.251527,297942,6.97,6.96,44505,71040,-5721,7653
850,FIT,2020-09-30,0 days 15:59:46.253810,299694,6.97,6.96,19125,64905,-3969,10031
851,FLR,2020-09-30,0 days 15:56:10.246128,312774,8.83,8.82,1787,6002,12,-1888
852,FLR,2020-09-30,0 days 15:56:20.246291,312786,8.83,8.82,2818,5861,-12588,12
853,FLR,2020-09-30,0 days 15:58:00.238100,325647,8.83,8.82,2072,5693,317,-1213
854,FLR,2020-09-30,0 days 15:58:02.237779,317564,8.83,8.82,1625,7169,-6592,1808
855,FLR,2020-09-30,0 days 15:59:16.240667,334743,8.83,8.82,2338,5776,-7590,250
856,FLR,2020-09-30,0 days 15:59:32.233706,342333,8.83,8.82,3738,4669,6627,-3501
857,FLR,2020-09-30,0 days 15:59:33.230661,338260,8.83,8.82,3270,4728,-4073,6627
858,FNB,2020-09-30,0 days 15:55:01.242332,309354,6.77,6.76,24751,9195,2548,-2652
859,FNB,2020-09-30,0 days 15:55:06.242697,311902,6.77,6.76,21713,15444,-945,2548
860,FNB,2020-09-30,0 days 15:55:07.242857,309747,6.77,6.76,22141,14024,2155,-945
861,FNB,2020-09-30,0 days 15:58:12.237696,353848,6.79,6.78,2605,37663,-2178,2250
862,FNB,2020-09-30,0 days 15:58:13.238683,351226,6.79,6.78,4205,37063,2622,-2178
863,FNB,2020-09-30,0 days 15:58:50.239716,353848,6.79,6.78,8369,34463,-5878,5022
864,FNB,2020-09-30,0 days 15:58:51.238671,349226,6.79,6.78,8469,35563,4622,-5878
865,FNB,2020-09-30,0 days 15:59:18.236291,357935,6.79,6.78,9521,34017,-223,4338
866,FNB,2020-09-30,0 days 15:59:19.236945,358158,6.79,6.78,9421,32017,27000,-223
867,FNB,2020-09-30,0 days 15:59:32.233706,385558,6.79,6.78,9780,40815,-1134,5000
868,FNB,2020-09-30,0 days 15:59:34.230019,380092,6.79,6.78,9880,40215,5066,-1134
869,FSLY,2020-09-30,0 days 15:59:15.152739,484807,93.57,93.42,100,200,39078,-224813
870,FSLY,2020-09-30,0 days 15:59:16.151359,484439,93.81,93.69,2400,275,-368,39078
871,FSLY,2020-09-30,0 days 15:59:17.151465,484807,93.94,93.66,200,175,541,-368
872,FSLY,2020-09-30,0 days 15:59:21.151247,483177,93.84,93.62,189,875,-1630,11893
873,FSLY,2020-09-30,0 days 15:59:31.153403,484892,93.93,93.81,2000,175,1845,-303
874,FSLY,2020-09-30,0 days 15:59:58.158469,491531,93.9,93.53,100,200,13024,-399
875,FSM,2020-09-30,0 days 15:59:36.130031,17071,6.36,6.35,10044,49360,-5539,6961
876,FSM,2020-09-30,0 days 15:59:37.130212,16610,6.36,6.35,10044,51017,261,-5539
877,FTI,2020-09-30,0 days 15:55:45.625248,459338,6.32,6.31,21214,37339,-3322,31478
878,FTI,2020-09-30,0 days 15:58:05.628321,501956,6.32,6.31,34332,25020,1488,-2712
879,FTI,2020-09-30,0 days 15:58:06.629018,479044,6.32,6.31,31332,25971,-22912,1488
880,FTI,2020-09-30,0 days 15:58:18.628542,508736,6.32,6.31,31942,27480,8,-29292
881,FTI,2020-09-30,0 days 15:58:21.628021,479044,6.32,6.31,33943,23358,-29692,8
882,FTI,2020-09-30,0 days 15:58:45.629154,493444,6.31,6.3,58439,14251,-16692,14508
883,FTI,2020-09-30,0 days 15:59:09.631261,516812,6.31,6.3,56286,24868,5796,-7993
884,FTV,2020-09-30,0 days 15:59:01.630841,256833,76.47,76.45,731,200,6320,-4280
885,GDDY,2020-09-30,0 days 15:59:31.260396,209552,76.02,75.99,303,200,1782,-151
886,GDDY,2020-09-30,0 days 15:59:32.262994,206834,76.02,75.99,459,200,-2718,1782
887,GDDY,2020-09-30,0 days 15:59:48.262613,208163,75.98,75.96,639,200,-1389,1901
888,GFI,2020-09-30,0 days 15:55:00.119783,306580,12.3,12.29,5869,8954,3986,-97710
889,GFI,2020-09-30,0 days 15:57:45.123859,319896,12.27,12.26,6034,11050,-5510,7990
890,GFI,2020-09-30,0 days 15:57:46.123169,319006,12.27,12.26,10448,6950,890,-5510
891,GFI,2020-09-30,0 days 15:57:50.123265,319896,12.27,12.26,11775,6960,-1310,890
892,GFI,2020-09-30,0 days 15:57:51.124280,319006,12.27,12.26,11775,6960,890,-1310
893,GFI,2020-09-30,0 days 15:58:32.125424,323006,12.28,12.27,9159,20703,1260,-1540
894,GFI,2020-09-30,0 days 15:59:01.131218,324991,12.28,12.27,7108,13520,-12727,8754
895,GFI,2020-09-30,0 days 15:59:02.128902,324218,12.28,12.27,6673,13820,773,-12727
896,GFI,2020-09-30,0 days 15:59:04.129988,324991,12.28,12.27,6241,13903,-127,773
897,GFI,2020-09-30,0 days 15:59:11.130357,322492,12.29,12.28,14578,9277,2099,-71
898,GGB,2020-09-30,0 days 15:55:00.148807,396504,3.7,3.69,43697,143637,8814,-30961
899,GIS,2020-09-30,0 days 15:57:42.255072,643948,61.81,61.8,702,6601,-1642,6558
900,GIS,2020-09-30,0 days 15:57:43.253932,636290,61.81,61.8,1490,3183,7658,-1642
901,GIS,2020-09-30,0 days 15:58:00.256203,640490,61.84,61.83,2050,978,2688,-2412
902,GIS,2020-09-30,0 days 15:58:17.256066,645635,61.84,61.83,850,1500,-6071,6029
903,GIS,2020-09-30,0 days 15:58:18.256034,638206,61.83,61.82,1938,1008,10029,-6071
904,GIS,2020-09-30,0 days 15:59:31.260503,655070,61.72,61.71,150,1742,8648,-1173
905,GIS,2020-09-30,0 days 15:59:40.262607,663718,61.7,61.69,1050,650,-82,438
906,GLW,2020-09-30,0 days 15:59:32.246089,1022380,32.5,32.49,1886,4171,-3280,3319
907,GLW,2020-09-30,0 days 15:59:34.242512,981208,32.47,32.46,2400,3140,42093,-6669
908,GM,2020-09-30,0 days 15:59:31.131393,1813727,29.66,29.65,4097,7964,-1131,66905
909,GME,2020-09-30,0 days 15:55:00.618115,305204,10.24,10.23,1172,4000,1398,-12851
910,GME,2020-09-30,0 days 15:56:03.623548,311902,10.23,10.22,1555,3983,-3804,2496
911,GME,2020-09-30,0 days 15:56:04.624613,309606,10.23,10.22,1555,4083,2296,-3804
912,GME,2020-09-30,0 days 15:56:44.624618,311902,10.24,10.23,2319,2461,-134,66
913,GME,2020-09-30,0 days 15:57:05.625693,310136,10.24,10.23,3227,2177,1766,-1334
914,GME,2020-09-30,0 days 15:57:35.624853,311902,10.24,10.23,1656,4133,-4360,1365
915,GME,2020-09-30,0 days 15:57:36.625854,310662,10.24,10.23,1556,4233,1240,-4360
916,GME,2020-09-30,0 days 15:59:08.631781,333055,10.24,10.23,4435,1355,-1431,4122
917,GME,2020-09-30,0 days 15:59:34.631402,333949,10.22,10.21,7548,5293,-18272,2079
918,GME,2020-09-30,0 days 15:59:35.631674,333321,10.22,10.21,9758,1261,628,-18272
919,GNW,2020-09-30,0 days 15:55:52.624913,343533,3.35,3.34,13013,18436,6465,-8535
920,GNW,2020-09-30,0 days 15:55:53.624061,336398,3.35,3.34,12813,16736,-7135,6465
921,GNW,2020-09-30,0 days 15:59:09.631472,356469,3.36,3.35,18053,18201,535,-311
922,GOL,2020-09-30,0 days 15:51:59.238568,151458,6.14,6.13,3900,14500,-364,1111
923,GOL,2020-09-30,0 days 15:55:45.247203,152352,6.13,6.12,9354,10763,-49,219
924,GPS,2020-09-30,0 days 15:57:39.246631,550379,17.0,16.99,8593,3905,2,-1998
925,GPS,2020-09-30,0 days 15:57:41.247374,550381,17.0,16.99,8984,3707,-2,2
926,GPS,2020-09-30,0 days 15:57:42.248487,550383,17.0,16.99,2300,8202,998,-2
927,GPS,2020-09-30,0 days 15:57:43.247319,549381,17.0,16.99,4200,5707,-1002,998
928,GPS,2020-09-30,0 days 15:57:45.247238,550383,17.0,16.99,4100,5507,2598,-802
929,GPS,2020-09-30,0 days 15:57:46.247720,552981,17.0,16.99,3700,5407,-6720,2598
930,GS,2020-09-30,0 days 15:55:38.118942,341019,201.51,201.46,100,502,146,-1947
931,GS,2020-09-30,0 days 15:55:39.119088,341165,201.55,201.49,242,200,-345,146
932,GS,2020-09-30,0 days 15:55:42.119583,341068,201.51,201.46,200,100,97,-345
933,GS,2020-09-30,0 days 15:55:44.120089,341165,201.51,201.46,200,200,-198,97
934,GS,2020-09-30,0 days 15:55:48.120120,342152,201.64,201.59,201,200,8934,-938
935,GS,2020-09-30,0 days 15:55:49.121805,338586,201.6,201.56,200,101,-3317,8934
936,GS,2020-09-30,0 days 15:59:00.135090,363526,201.4,201.34,400,300,2855,-957
937,GS,2020-09-30,0 days 15:59:01.130810,360481,201.4,201.34,220,100,-3045,2855
938,GS,2020-09-30,0 days 15:59:08.128912,360639,201.27,201.17,487,200,302,-2198
939,GS,2020-09-30,0 days 15:59:13.129869,360941,201.3,201.21,299,400,-54,147
940,GS,2020-09-30,0 days 15:59:14.129090,360897,201.24,201.17,400,100,44,-54
941,GS,2020-09-30,0 days 15:59:15.129804,360985,201.21,201.13,200,200,-2083,44
942,GS,2020-09-30,0 days 15:59:22.129723,361720,201.18,201.11,200,100,629,-719
943,GS,2020-09-30,0 days 15:59:23.131854,359817,201.17,201.1,504,100,-5883,629
944,GS,2020-09-30,0 days 15:59:31.131287,368004,201.3,201.23,683,100,14973,-3187
945,GS,2020-09-30,0 days 15:59:32.128353,367077,201.3,201.23,883,100,-878,14973
946,GS,2020-09-30,0 days 15:59:33.129584,366509,201.21,201.14,1050,200,768,-878
947,GS,2020-09-30,0 days 15:59:34.128558,365677,201.21,201.12,850,100,-832,768
948,GS,2020-09-30,0 days 15:59:47.130412,365441,201.11,201.06,300,100,-672,391
949,GS,2020-09-30,0 days 15:59:48.134130,366113,201.11,201.0,850,380,4528,-672
950,GS,2020-09-30,0 days 15:59:54.133009,361268,201.17,200.99,400,608,-4845,4777
951,GS,2020-09-30,0 days 15:59:57.138286,365818,201.14,200.9,800,100,5023,-8121
952,GSK,2020-09-30,0 days 15:55:23.622458,61423,37.66,37.65,5176,4765,2870,-2084
953,GSK,2020-09-30,0 days 15:55:24.622438,59793,37.66,37.65,4976,2500,-1630,2870
954,GSK,2020-09-30,0 days 15:55:56.624148,61423,37.68,37.67,5813,5457,195,-567
955,GSK,2020-09-30,0 days 15:55:57.624010,59918,37.68,37.67,5313,5857,-1505,195
956,GSK,2020-09-30,0 days 15:56:20.624628,61423,37.69,37.68,1097,8550,4837,-1363
957,GSK,2020-09-30,0 days 15:56:21.624057,60660,37.7,37.69,5037,5800,-763,4837
958,GSK,2020-09-30,0 days 15:57:17.627329,61823,37.69,37.68,4716,6177,5052,-1148
959,GSK,2020-09-30,0 days 15:57:18.625466,60975,37.69,37.68,3268,6877,-848,5052
960,GSK,2020-09-30,0 days 15:57:54.627161,62223,37.68,37.67,7000,1700,5152,-1048
961,GSK,2020-09-30,0 days 15:57:55.628149,61575,37.68,37.67,7100,2200,-648,5152
962,GSK,2020-09-30,0 days 15:58:58.629904,61753,37.68,37.67,5600,1700,-581,1019
963,GSK,2020-09-30,0 days 15:59:04.632909,62334,37.67,37.66,5079,4819,1264,-181
964,GSK,2020-09-30,0 days 15:59:05.633676,62498,37.67,37.66,5579,2500,-894,1264
965,GSK,2020-09-30,0 days 15:59:18.631573,63392,37.67,37.66,3500,4459,3422,-657
966,GSX,2020-09-30,0 days 15:59:19.257871,87540,90.43,90.27,110,400,3755,-2388
967,GSX,2020-09-30,0 days 15:59:20.258047,85595,90.43,90.27,110,400,-1945,3755
968,GSX,2020-09-30,0 days 15:59:26.257714,87540,90.38,90.22,110,400,455,-1045
969,GSX,2020-09-30,0 days 15:59:33.259436,84795,90.47,90.22,100,400,-2745,1455
970,GSX,2020-09-30,0 days 15:59:36.259042,87540,90.32,90.2,200,300,925,-2745
971,GSX,2020-09-30,0 days 15:59:40.260543,85795,90.3,90.2,100,3650,-1745,925
972,GSX,2020-09-30,0 days 15:59:45.262307,87540,90.27,90.17,900,400,1525,-1745
973,GSX,2020-09-30,0 days 15:59:46.260715,86465,90.27,90.17,500,400,-1075,1525
974,GSX,2020-09-30,0 days 15:59:47.259728,87540,90.27,90.17,500,400,715,-1075
975,GSX,2020-09-30,0 days 15:59:49.259549,87325,90.21,90.16,400,100,-215,1685
976,HAL,2020-09-30,0 days 15:55:44.252314,1119499,12.08,12.07,11728,34257,2318,-2982
977,HAL,2020-09-30,0 days 15:55:45.253316,1092317,12.08,12.07,8865,35709,-45653,2318
978,HAL,2020-09-30,0 days 15:58:47.256727,1180340,12.06,12.05,14028,31528,112,-16988
979,HAL,2020-09-30,0 days 15:58:50.256748,1164352,12.06,12.05,9844,40423,-15988,112
980,HAL,2020-09-30,0 days 15:59:06.259872,1211953,12.06,12.05,36502,7560,25756,-10564
981,HAL,2020-09-30,0 days 15:59:07.259004,1204909,12.06,12.05,40391,405,-6744,25756
982,HBI,2020-09-30,0 days 15:55:00.120075,510858,15.8,15.79,6918,4232,-47315,69192
983,HBI,2020-09-30,0 days 15:55:25.120176,558573,15.79,15.78,6429,7090,8629,-5165
984,HBI,2020-09-30,0 days 15:55:26.119556,554602,15.79,15.78,5829,6490,-3971,8629
985,HBI,2020-09-30,0 days 15:55:47.120377,559473,15.81,15.8,507,8828,21501,-1207
986,HBI,2020-09-30,0 days 15:55:48.120715,557774,15.81,15.8,907,8228,-799,21501
987,HBI,2020-09-30,0 days 15:58:04.124164,594505,15.79,15.78,4100,7122,2329,-5271
988,HBI,2020-09-30,0 days 15:58:05.124643,589934,15.79,15.78,4200,7506,-4571,2329
989,HBI,2020-09-30,0 days 15:59:02.128922,586588,15.78,15.77,8052,2051,568,-987
990,HBI,2020-09-30,0 days 15:59:05.132478,577168,15.78,15.77,7162,3361,-1920,5080
991,HBI,2020-09-30,0 days 15:59:17.128605,585470,15.77,15.76,4156,9053,-479,7921
992,HBI,2020-09-30,0 days 15:59:21.130038,585949,15.77,15.76,4694,6611,15268,-479
993,HBI,2020-09-30,0 days 15:59:31.131783,587470,15.78,15.77,5226,7222,-1332,3415
994,HD,2020-09-30,0 days 15:55:04.619805,774558,278.02,277.97,325,301,-212,305
995,HD,2020-09-30,0 days 15:55:05.620371,773790,277.94,277.89,192,125,768,-212
996,HD,2020-09-30,0 days 15:57:39.626147,884805,278.14,278.1,300,133,-3749,3151
997,HD,2020-09-30,0 days 15:57:40.626763,875094,278.06,278.01,200,125,9711,-3749
998,HD,2020-09-30,0 days 15:57:47.626612,884805,278.12,278.07,252,325,-16179,1601
999,HD,2020-09-30,0 days 15:57:50.626683,884805,278.1,278.05,826,225,-14879,14901
1000,HD,2020-09-30,0 days 15:57:51.626469,871984,278.08,278.05,100,225,12821,-14879
1001,HD,2020-09-30,0 days 15:57:54.627054,884805,278.12,278.08,100,225,-7779,1121
1002,HD,2020-09-30,0 days 15:57:55.628063,884084,278.11,278.08,561,100,721,-7779
1003,HD,2020-09-30,0 days 15:58:06.629129,884972,278.2,278.17,100,305,-1058,824
1004,HD,2020-09-30,0 days 15:58:07.627354,884330,278.2,278.15,100,225,642,-1058
1005,HL,2020-09-30,0 days 15:55:23.482652,725933,5.1,5.09,49091,46904,-22,278
1006,HL,2020-09-30,0 days 15:55:45.484868,718355,5.1,5.09,43746,58580,7578,-12322
1007,HL,2020-09-30,0 days 15:58:52.490055,735695,5.09,5.08,59705,61370,-9957,13143
1008,HL,2020-09-30,0 days 15:58:53.488840,726552,5.09,5.08,59276,65309,9143,-9957
1009,HL,2020-09-30,0 days 15:59:07.491233,735805,5.09,5.08,50871,61879,-35843,2489
1010,HL,2020-09-30,0 days 15:59:08.491424,732648,5.09,5.08,39977,69679,3157,-35843
1011,HL,2020-09-30,0 days 15:59:09.491782,735805,5.09,5.08,49476,64810,-1743,3157
1012,HL,2020-09-30,0 days 15:59:10.491738,733048,5.09,5.08,47776,74906,2757,-1743
1013,HL,2020-09-30,0 days 15:59:11.491190,735805,5.09,5.08,48176,70606,-2043,2757
1014,HL,2020-09-30,0 days 15:59:12.492025,733348,5.09,5.08,43976,74144,2457,-2043
1015,HL,2020-09-30,0 days 15:59:15.489152,735805,5.09,5.08,56515,70927,-40622,2457
1016,HLT,2020-09-30,0 days 15:55:00.244391,231300,85.43,85.4,100,200,20043,-14564
1017,HLT,2020-09-30,0 days 15:56:10.245380,266680,85.53,85.51,300,200,-4114,1586
1018,HLT,2020-09-30,0 days 15:56:11.245270,265194,85.53,85.51,400,200,1286,-4114
1019,HLT,2020-09-30,0 days 15:56:17.245199,266969,85.53,85.5,200,525,-2586,1492
1020,HLT,2020-09-30,0 days 15:56:18.244507,265872,85.53,85.5,400,525,997,-2586
1021,HLT,2020-09-30,0 days 15:56:33.245929,267391,85.52,85.49,310,300,-28547,4631
1022,HLT,2020-09-30,0 days 15:57:33.246937,305092,85.54,85.52,610,292,737,-1263
1023,HLT,2020-09-30,0 days 15:57:35.246890,302829,85.51,85.48,410,300,-1663,537
1024,HLT,2020-09-30,0 days 15:57:49.247565,310197,85.49,85.47,700,371,2052,-2648
1025,HLT,2020-09-30,0 days 15:57:50.247223,309849,85.48,85.45,121,200,-348,2052
1026,HLT,2020-09-30,0 days 15:58:02.249219,310387,85.48,85.45,300,200,2434,-2866
1027,HLT,2020-09-30,0 days 15:58:06.249723,307521,85.5,85.47,200,500,-8921,2379
1028,HLT,2020-09-30,0 days 15:58:08.249894,310442,85.48,85.45,400,400,2379,-2921
1029,HLT,2020-09-30,0 days 15:58:21.250893,311479,85.47,85.43,300,984,1342,-3958
1030,HLT,2020-09-30,0 days 15:58:50.250173,307421,85.51,85.48,500,557,-4058,1342
1031,HLT,2020-09-30,0 days 15:58:52.249599,311479,85.49,85.45,310,257,1342,-4058
1032,HLT,2020-09-30,0 days 15:58:58.251580,307556,85.47,85.45,520,200,-5096,204
1033,HLT,2020-09-30,0 days 15:59:23.251608,387025,85.36,85.3,510,400,-18302,18026
1034,HLX,2020-09-30,0 days 15:58:54.628899,359603,2.4,2.39,27210,5265,24477,-13723
1035,HLX,2020-09-30,0 days 15:59:46.633252,388460,2.4,2.39,16412,16645,4533,-18792
1036,HMY,2020-09-30,0 days 15:55:44.150085,103644,5.28,5.27,93001,22475,3457,-643
1037,HMY,2020-09-30,0 days 15:55:47.150790,107101,5.28,5.27,88301,26075,-5215,3457
1038,HMY,2020-09-30,0 days 15:57:55.151216,117122,5.26,5.25,122564,40984,-3694,5006
1039,HMY,2020-09-30,0 days 15:58:05.152029,120816,5.26,5.25,130664,49859,206,-194
1040,HMY,2020-09-30,0 days 15:59:07.156161,115244,5.27,5.26,57212,146452,2850,-6061
1041,HMY,2020-09-30,0 days 15:59:31.153202,115244,5.27,5.26,22552,154064,3623,-8484
1042,HOME,2020-09-30,0 days 15:55:00.248534,255316,14.81,14.8,3992,693,-9554,93257
1043,HOME,2020-09-30,0 days 15:57:18.252367,266254,14.88,14.87,1000,120,3052,-148
1044,HON,2020-09-30,0 days 15:55:25.250026,425022,165.09,165.03,298,200,24972,-2380
1045,HON,2020-09-30,0 days 15:55:26.249788,422994,165.13,165.09,800,200,-2028,24972
1046,HON,2020-09-30,0 days 15:55:38.249700,425022,165.15,165.1,660,200,2240,-2028
1047,HON,2020-09-30,0 days 15:55:39.250021,423462,165.15,165.11,500,300,-1560,2240
1048,HON,2020-09-30,0 days 15:56:04.250142,442115,165.05,165.02,658,100,2104,-2896
1049,HON,2020-09-30,0 days 15:56:05.250118,439719,165.05,165.03,200,100,-2396,2104
1050,HON,2020-09-30,0 days 15:56:29.250694,442160,165.22,165.18,300,519,1151,-1249
1051,HON,2020-09-30,0 days 15:56:30.250972,440111,165.24,165.21,200,100,-2049,1151
1052,HON,2020-09-30,0 days 15:57:34.252926,461743,164.8,164.76,200,509,2775,-2633
1053,HON,2020-09-30,0 days 15:57:35.252979,458818,164.81,164.77,200,400,-2925,2775
1054,HON,2020-09-30,0 days 15:58:05.255062,468635,164.95,164.92,400,200,717,-6583
1055,HON,2020-09-30,0 days 15:58:06.255464,465852,164.95,164.91,400,502,-2783,717
1056,HON,2020-09-30,0 days 15:58:43.256324,468635,164.82,164.78,100,308,6670,-1930
1057,HON,2020-09-30,0 days 15:58:44.256565,465505,164.82,164.78,300,208,-3130,6670
1058,HON,2020-09-30,0 days 15:59:05.260538,477744,164.79,164.71,300,200,61,-186
1059,HON,2020-09-30,0 days 15:59:09.258993,479605,164.72,164.69,200,200,-14488,2361
1060,HON,2020-09-30,0 days 15:59:23.258404,514763,164.67,164.64,100,258,11659,-28859
1061,HON,2020-09-30,0 days 15:59:53.255236,557250,164.81,164.67,100,600,-1828,472
1062,HON,2020-09-30,0 days 15:59:54.254981,558478,164.81,164.67,300,200,472,-1828
1063,HON,2020-09-30,0 days 15:59:56.255738,557250,164.81,164.67,1103,700,-1828,472
1064,HON,2020-09-30,0 days 15:59:57.256906,555582,164.72,164.62,252,200,5268,-1828
1065,HPE,2020-09-30,0 days 15:59:19.251591,1729461,9.38,9.37,17306,17398,2803,-18835
1066,HPQ,2020-09-30,0 days 15:59:37.632400,1566501,19.0,18.99,4000,8876,13800,-27654
1067,HRB,2020-09-30,0 days 15:55:47.483673,425727,16.32,16.31,3943,6977,128,-6123
1068,HRB,2020-09-30,0 days 15:55:48.483523,425855,16.33,16.32,2581,8754,-1240,128
1069,HRB,2020-09-30,0 days 15:57:19.484583,431015,16.31,16.3,4959,7206,161,-939
1070,HRB,2020-09-30,0 days 15:57:36.485326,426176,16.3,16.29,5712,3839,-4639,1061
1071,HRB,2020-09-30,0 days 15:59:45.490235,493184,16.31,16.3,8788,2842,10020,-4272
1072,HRB,2020-09-30,0 days 15:59:46.490950,489304,16.31,16.3,7788,6602,-5965,10020
1073,HSBC,2020-09-30,0 days 15:55:52.240188,105036,19.61,19.6,10000,17316,4531,-2169
1074,HSBC,2020-09-30,0 days 15:55:53.239858,102067,19.61,19.6,9300,20606,-2969,4531
1075,HSBC,2020-09-30,0 days 15:59:28.243388,106180,19.59,19.58,18989,10384,-1341,759
1076,HSBC,2020-09-30,0 days 15:59:40.243545,107521,19.59,19.58,24515,8995,1124,-316
1077,HST,2020-09-30,0 days 15:55:00.119953,1241722,10.78,10.77,10234,25531,-5463,232311
1078,HST,2020-09-30,0 days 15:55:27.120250,1253999,10.78,10.77,8472,30674,24294,-3690
1079,HST,2020-09-30,0 days 15:55:28.119673,1251993,10.78,10.77,6645,32574,-2006,24294
1080,HST,2020-09-30,0 days 15:55:43.120075,1252582,10.78,10.77,17869,24319,-1617,2083
1081,HST,2020-09-30,0 days 15:56:11.121442,1270938,10.79,10.78,14099,31156,19744,-3156
1082,HST,2020-09-30,0 days 15:56:12.120852,1269182,10.79,10.78,15599,29656,-1756,19744
1083,HST,2020-09-30,0 days 15:56:21.120107,1271338,10.79,10.78,12599,31284,1702,-498
1084,HST,2020-09-30,0 days 15:56:49.121966,1279865,10.79,10.78,11523,21858,-1232,427
1085,HST,2020-09-30,0 days 15:57:39.122608,1273244,10.79,10.78,7979,21479,-8132,21168
1086,HST,2020-09-30,0 days 15:57:40.123549,1281376,10.79,10.78,6424,21179,2406,-8132
1087,HST,2020-09-30,0 days 15:58:12.124909,1300308,10.8,10.79,17110,11700,-4464,11344
1088,HST,2020-09-30,0 days 15:58:25.126423,1304772,10.79,10.78,20220,12652,37536,-5164
1089,HST,2020-09-30,0 days 15:58:26.124947,1300308,10.79,10.78,16900,16910,-4464,37536
1090,HST,2020-09-30,0 days 15:59:08.129704,1333937,10.8,10.79,23546,14300,3350,-1811
1091,IAG,2020-09-30,0 days 15:59:36.228853,12532,3.84,3.83,14669,224200,2517,-3583
1092,IBM,2020-09-30,0 days 15:56:01.243307,610338,122.02,121.99,100,387,-5643,5570
1093,IBM,2020-09-30,0 days 15:57:44.245882,653400,121.94,121.92,200,400,2107,-1002
1094,IBM,2020-09-30,0 days 15:57:45.246730,649907,121.93,121.91,200,300,-2793,2107
1095,IBM,2020-09-30,0 days 15:57:52.246942,653400,121.94,121.92,107,500,2007,-2802
1096,IBM,2020-09-30,0 days 15:57:53.246821,643707,121.94,121.92,107,600,-8602,2007
1097,IBM,2020-09-30,0 days 15:58:16.249701,655703,121.99,121.97,300,600,-1351,9305
1098,IBM,2020-09-30,0 days 15:58:19.248574,658554,122.0,121.99,300,200,1605,-1495
1099,IBM,2020-09-30,0 days 15:58:20.248820,655703,122.0,121.99,300,493,-1351,1605
1100,IBM,2020-09-30,0 days 15:58:30.249586,657501,121.93,121.9,500,700,1702,-1159
1101,IBM,2020-09-30,0 days 15:58:31.249388,655103,121.93,121.9,100,832,-1307,1702
1102,IBM,2020-09-30,0 days 15:59:27.250194,666901,121.82,121.79,100,300,-7434,71
1103,IBM,2020-09-30,0 days 15:59:30.254814,675503,121.85,121.82,100,1178,11097,-867
1104,IBN,2020-09-30,0 days 15:59:06.492712,207820,9.84,9.83,35998,31671,-29197,3417
1105,IBN,2020-09-30,0 days 15:59:07.491233,204417,9.84,9.83,43900,28882,3403,-29197
1106,IBN,2020-09-30,0 days 15:59:15.489152,207820,9.84,9.83,45281,29341,-1354,3403
1107,IBN,2020-09-30,0 days 15:59:16.489158,204674,9.84,9.83,45281,28641,3146,-1354
1108,ICE,2020-09-30,0 days 15:55:07.250321,415459,100.22,100.19,320,706,-55,109
1109,ICE,2020-09-30,0 days 15:55:08.252343,415114,100.16,100.13,200,200,345,-55
1110,ICE,2020-09-30,0 days 15:56:06.252537,445153,100.28,100.25,343,460,-426,2903
1111,ICE,2020-09-30,0 days 15:56:07.253521,441779,100.28,100.27,293,100,3374,-426
1112,ICE,2020-09-30,0 days 15:56:47.253840,445790,100.37,100.36,466,100,-15816,920
1113,ICE,2020-09-30,0 days 15:56:48.254193,443606,100.32,100.3,200,202,2184,-15816
1114,ICE,2020-09-30,0 days 15:57:45.253989,461554,100.18,100.16,200,200,-1410,2890
1115,ICE,2020-09-30,0 days 15:57:46.254143,458264,100.15,100.12,100,100,13190,-1410
1116,ICE,2020-09-30,0 days 15:58:00.256263,467570,100.16,100.15,308,200,-329,4174
1117,ICE,2020-09-30,0 days 15:58:02.255180,464572,100.2,100.17,400,100,4833,-148
1118,ICE,2020-09-30,0 days 15:58:08.255398,469405,100.22,100.2,600,212,-567,6333
1119,ICE,2020-09-30,0 days 15:58:09.255947,465953,100.22,100.2,300,612,6996,-567
1120,IGT,2020-09-30,0 days 15:57:01.251428,195924,11.19,11.18,5538,2079,2762,-1638
1121,IGT,2020-09-30,0 days 15:57:02.251646,195086,11.19,11.18,5974,1983,-838,2762
1122,IGT,2020-09-30,0 days 15:57:49.253458,199824,11.17,11.16,4713,2417,2162,-238
1123,IGT,2020-09-30,0 days 15:57:50.253637,198986,11.17,11.16,3713,3295,-838,2162
1124,IGT,2020-09-30,0 days 15:58:07.255133,199824,11.17,11.16,4853,4193,74,-1326
1125,IGT,2020-09-30,0 days 15:58:08.255591,197398,11.17,11.16,3426,4893,-2426,74
1126,IGT,2020-09-30,0 days 15:58:29.255933,199824,11.17,11.16,5205,3880,1074,-626
1127,IGT,2020-09-30,0 days 15:58:30.256968,199198,11.17,11.16,4905,4659,-626,1074
1128,INFO,2020-09-30,0 days 15:55:00.618115,341326,78.54,78.51,1803,499,5005,-41774
1129,INFO,2020-09-30,0 days 15:55:01.618203,338831,78.52,78.5,1102,100,-2495,5005
1130,INFO,2020-09-30,0 days 15:55:25.623433,344166,78.58,78.55,300,660,12628,-2156
1131,INFO,2020-09-30,0 days 15:55:26.623286,342794,78.57,78.56,200,200,-1372,12628
1132,INFO,2020-09-30,0 days 15:55:40.623943,352164,78.59,78.57,310,799,199,-9370
1133,INFO,2020-09-30,0 days 15:55:41.624800,350263,78.56,78.55,100,771,-1901,199
1134,INFO,2020-09-30,0 days 15:56:31.624687,357770,78.67,78.65,276,600,2510,-1390
1135,INFO,2020-09-30,0 days 15:56:32.624332,355880,78.67,78.65,276,300,-1890,2510
1136,INFO,2020-09-30,0 days 15:57:33.624805,370587,78.57,78.56,154,300,1166,-534
1137,INFO,2020-09-30,0 days 15:57:35.624800,368453,78.57,78.56,321,162,-934,266
1138,INFO,2020-09-30,0 days 15:57:38.626223,369387,78.56,78.55,218,306,1066,-934
1139,INFO,2020-09-30,0 days 15:57:40.626675,367853,78.56,78.55,318,305,-1534,2166
1140,INFO,2020-09-30,0 days 15:58:13.629169,371849,78.58,78.57,200,875,386,-173
1141,INFO,2020-09-30,0 days 15:58:14.627922,370435,78.58,78.57,200,975,-1414,386
1142,INFO,2020-09-30,0 days 15:58:15.627783,370649,78.58,78.56,913,550,986,-1414
1143,INFO,2020-09-30,0 days 15:58:16.628176,369435,78.58,78.56,502,750,-1214,986
1144,INFO,2020-09-30,0 days 15:58:21.628021,370649,78.56,78.54,210,200,986,-1414
1145,INFO,2020-09-30,0 days 15:58:22.627972,370535,78.57,78.55,200,500,-114,986
1146,INFO,2020-09-30,0 days 15:59:01.630625,370902,78.55,78.54,326,300,3327,-883
1147,INFO,2020-09-30,0 days 15:59:02.633063,370529,78.55,78.54,526,300,-373,3327
1148,INFO,2020-09-30,0 days 15:59:30.633737,439098,78.63,78.61,401,500,2673,-4727
1149,INFO,2020-09-30,0 days 15:59:45.635051,454653,78.62,78.59,300,700,-18391,2949
1150,INFO,2020-09-30,0 days 15:59:46.633341,454844,78.62,78.61,300,700,10407,-18391
1151,ING,2020-09-30,0 days 15:59:32.152656,23975,7.09,7.08,154353,31581,52,-1248
1152,ING,2020-09-30,0 days 15:59:36.153011,24727,7.09,7.08,154004,34376,-164,52
1153,INVH,2020-09-30,0 days 15:55:21.119510,973512,28.02,28.01,5592,280,-87766,80964
1154,INVH,2020-09-30,0 days 15:56:13.120587,1045766,27.98,27.97,1113,1155,34749,-49424
1155,INVH,2020-09-30,0 days 15:56:14.120903,1041015,27.99,27.98,794,2065,-4751,34749
1156,INVH,2020-09-30,0 days 15:56:21.120022,1047805,28.01,28.0,400,2400,5210,-6790
1157,INVH,2020-09-30,0 days 15:56:22.120706,1044015,28.02,28.01,776,2000,-3790,5210
1158,INVH,2020-09-30,0 days 15:56:33.120110,1048005,28.03,28.02,783,3545,910,-4290
1159,INVH,2020-09-30,0 days 15:56:34.120535,1045056,28.04,28.03,1713,1935,-2949,910
1160,INVH,2020-09-30,0 days 15:57:39.122535,1067605,28.0,27.99,1902,1786,1951,-4949
1161,INVH,2020-09-30,0 days 15:57:41.122567,1062242,28.0,27.99,1019,2591,-5475,5537
1162,INVH,2020-09-30,0 days 15:59:03.129074,1092183,28.02,28.01,3458,1921,18401,-28299
1163,INVH,2020-09-30,0 days 15:59:04.129841,1109484,28.02,28.01,3308,1721,-5946,18401
1164,INVH,2020-09-30,0 days 15:59:05.132242,1092230,28.01,28.0,4005,569,17944,-5946
1165,INVH,2020-09-30,0 days 15:59:06.131078,1088074,28.01,28.0,2300,769,-3956,17944
1166,INVH,2020-09-30,0 days 15:59:09.130055,1092030,28.0,27.99,2400,1713,4861,-3956
1167,INVH,2020-09-30,0 days 15:59:10.130725,1089391,28.0,27.99,700,2853,-1000,4861
1168,INVH,2020-09-30,0 days 15:59:28.129636,1092030,28.0,27.99,2580,1627,9158,-162
1169,INVH,2020-09-30,0 days 15:59:29.129346,1089788,28.01,27.99,1900,5227,-2242,9158
1170,INVH,2020-09-30,0 days 15:59:31.131504,1070083,28.01,28.0,2591,1527,37003,-2242
1171,IP,2020-09-30,0 days 15:55:00.617960,355109,40.59,40.58,1343,550,-1626,35320
1172,IP,2020-09-30,0 days 15:55:27.623202,357535,40.62,40.61,189,1619,14186,-1390
1173,IP,2020-09-30,0 days 15:55:28.622829,356021,40.62,40.61,189,1519,-1514,14186
1174,IP,2020-09-30,0 days 15:55:38.623286,358435,40.63,40.62,1320,1580,977,-514
1175,IP,2020-09-30,0 days 15:55:39.623619,357112,40.63,40.62,1720,1480,-423,977
1176,IP,2020-09-30,0 days 15:55:48.623788,358535,40.64,40.63,817,618,100,-723
1177,IP,2020-09-30,0 days 15:55:49.624145,357335,40.64,40.63,1217,859,-1200,100
1178,IP,2020-09-30,0 days 15:57:49.626118,375042,40.58,40.57,2224,838,-3675,25
1179,IP,2020-09-30,0 days 15:57:56.628662,379017,40.58,40.57,2522,637,3625,-1275
1180,IP,2020-09-30,0 days 15:57:57.627777,378606,40.58,40.57,2756,754,-111,3625
1181,IP,2020-09-30,0 days 15:58:08.627876,379017,40.59,40.58,400,1556,3111,-489
1182,IP,2020-09-30,0 days 15:58:09.627857,374228,40.6,40.59,1725,635,-4789,3111
1183,IP,2020-09-30,0 days 15:58:12.627837,379206,40.59,40.58,100,2454,197,-108
1184,IP,2020-09-30,0 days 15:58:13.629065,378803,40.59,40.58,800,1454,-403,197
1185,IP,2020-09-30,0 days 15:58:59.630216,379856,40.6,40.58,1004,1567,880,-548
1186,IP,2020-09-30,0 days 15:59:00.631542,377036,40.58,40.57,500,1400,-2820,880
1187,IP,2020-09-30,0 days 15:59:04.632485,379883,40.58,40.57,1960,300,24916,-1697
1188,IP,2020-09-30,0 days 15:59:09.631125,418069,40.57,40.56,100,1162,-6696,5153
1189,IP,2020-09-30,0 days 15:59:10.634583,416365,40.58,40.56,1400,2507,2466,-6696
1190,IP,2020-09-30,0 days 15:59:16.630333,420290,40.57,40.56,100,1600,-9857,3117
1191,IP,2020-09-30,0 days 15:59:17.633637,419347,40.56,40.55,500,200,943,-9857
1192,IP,2020-09-30,0 days 15:59:25.632731,428090,40.57,40.56,505,1700,-4302,666
1193,IP,2020-09-30,0 days 15:59:30.633645,425192,40.58,40.57,1000,100,406,-1594
1194,IP,2020-09-30,0 days 15:59:42.631982,449531,40.6,40.59,1188,800,-1739,1689
1195,IPG,2020-09-30,0 days 15:55:00.148325,527957,16.67,16.66,8992,5396,-6242,19042
1196,IPG,2020-09-30,0 days 15:55:25.149680,534914,16.69,16.68,3300,7237,9471,-5973
1197,IPG,2020-09-30,0 days 15:55:26.149632,528985,16.69,16.68,2900,8537,-5929,9471
1198,IPG,2020-09-30,0 days 15:59:05.157829,578180,16.68,16.67,13738,2900,10273,-4727
1199,IPG,2020-09-30,0 days 15:59:06.157573,572053,16.68,16.67,10024,3800,-6127,10273
1200,IPG,2020-09-30,0 days 15:59:08.155590,578948,16.68,16.67,11901,1900,605,-6127
1201,IPG,2020-09-30,0 days 15:59:31.153613,642699,16.7,16.69,4741,7643,12301,-20606
1202,IPOB,2020-09-30,0 days 15:59:07.491348,14617,18.99,18.94,1275,1000,-291,1092
1203,IPOB,2020-09-30,0 days 15:59:08.491482,13808,18.96,18.9,200,350,809,-291
1204,ITUB,2020-09-30,0 days 15:59:36.490510,655904,3.98,3.97,302900,648474,-25802,52098
1205,IVR,2020-09-30,0 days 15:57:49.150920,406962,2.72,2.71,54417,42546,699,-8401
1206,IVR,2020-09-30,0 days 15:57:50.151182,401461,2.72,2.71,52631,43946,-5501,699
1207,IVZ,2020-09-30,0 days 15:55:45.484678,626301,11.44,11.43,5243,28113,-8691,135658
1208,IVZ,2020-09-30,0 days 15:57:36.485190,655260,11.42,11.41,13631,8686,1691,-1309
1209,IVZ,2020-09-30,0 days 15:58:21.488082,659201,11.43,11.42,19664,18801,9468,-3046
1210,IVZ,2020-09-30,0 days 15:59:01.491439,632892,11.43,11.42,5921,25309,-26564,9217
1211,IVZ,2020-09-30,0 days 15:59:18.488096,659456,11.42,11.41,6308,19568,612,-11461
1212,IVZ,2020-09-30,0 days 15:59:46.490562,688535,11.43,11.42,6354,25235,-240,63
1213,JCI,2020-09-30,0 days 15:55:00.246791,728268,40.93,40.92,2859,5198,845,-123812
1214,JCI,2020-09-30,0 days 15:55:22.247910,719868,40.94,40.93,2210,1534,-8435,1265
1215,JCI,2020-09-30,0 days 15:55:25.249708,728803,40.95,40.94,2476,2200,20567,-8935
1216,JCI,2020-09-30,0 days 15:55:26.248590,722570,40.95,40.94,2376,2234,-6233,20567
1217,JCI,2020-09-30,0 days 15:57:34.251703,768395,40.91,40.9,3909,2208,682,-2018
1218,JCI,2020-09-30,0 days 15:57:39.252383,760877,40.91,40.9,3472,2222,-7518,682
1219,JCI,2020-09-30,0 days 15:58:39.255131,768928,40.93,40.92,4960,1000,290,-10
1220,JCI,2020-09-30,0 days 15:58:46.256939,768918,40.93,40.92,6194,596,-10,290
1221,JCI,2020-09-30,0 days 15:58:47.255550,768928,40.91,40.9,2000,1200,14790,-10
1222,JCI,2020-09-30,0 days 15:58:48.257130,763118,40.91,40.9,200,3400,-5810,14790
1223,JCI,2020-09-30,0 days 15:59:07.258063,771277,40.9,40.89,4600,504,5627,-2747
1224,JCI,2020-09-30,0 days 15:59:13.259232,770639,40.9,40.88,5417,300,-679,2521
1225,JCI,2020-09-30,0 days 15:59:15.259017,774111,40.89,40.88,743,6975,3515,-694
1226,JHG,2020-09-30,0 days 15:55:00.147108,295809,21.75,21.74,2400,1200,-7247,25801
1227,JHG,2020-09-30,0 days 15:55:44.149464,309986,21.81,21.8,1773,1000,5638,-7377
1228,JHG,2020-09-30,0 days 15:55:45.150385,306024,21.81,21.8,1980,300,-4162,5638
1229,JHG,2020-09-30,0 days 15:55:50.150045,310452,21.84,21.82,1500,600,82,-4428
