,Symbol,Timestamp,TIME,iPaired,Ask_P,Bid_P,Ask_S,Bid_S,iShares,PreviShares
0,AA,2020-11-06,0 days 15:55:00.247496,133776,14.46,14.45,3914,2036,1522,-30121
1,ABBV,2020-11-06,0 days 15:59:16.107530,1074681,92.85,92.82,200,204,-15706,2959
2,ABBV,2020-11-06,0 days 15:59:17.106584,1074602,92.83,92.82,100,107,79,-15706
3,ABBV,2020-11-06,0 days 15:59:30.110264,1080487,92.85,92.82,100,626,-1115,2206
4,ABBV,2020-11-06,0 days 15:59:31.107564,1080002,92.83,92.81,102,500,485,-1115
5,ABBV,2020-11-06,0 days 15:59:41.108174,1080777,92.82,92.8,100,300,56,-604
6,ABBV,2020-11-06,0 days 15:59:46.108485,1080830,92.84,92.81,100,900,103,-833
7,ABBV,2020-11-06,0 days 15:59:58.106871,1080692,92.85,92.81,100,100,2333,-5975
8,ABBV,2020-11-06,0 days 15:59:59.106011,1081433,92.88,92.81,300,200,-5975,2333
9,ABEV,2020-11-06,0 days 15:55:00.846687,206017,2.49,2.48,584656,124361,4899,-90576
10,ABEV,2020-11-06,0 days 15:59:44.846899,267568,2.49,2.48,549190,917526,2822,-1178
11,ABEV,2020-11-06,0 days 15:59:45.847705,266590,2.49,2.48,539924,931632,-978,2822
12,ABEV,2020-11-06,0 days 15:59:46.846966,267568,2.49,2.48,540124,931632,11889,-978
13,ABEV,2020-11-06,0 days 15:59:47.846782,267257,2.49,2.48,538345,934732,-311,11889
14,ABT,2020-11-06,0 days 15:59:14.847033,901947,114.23,114.15,100,700,73039,-44626
15,ABT,2020-11-06,0 days 15:59:28.846351,981727,114.35,114.34,215,400,-2890,52596
16,ABT,2020-11-06,0 days 15:59:29.846073,979410,114.35,114.32,202,200,7200,-2890
17,ABT,2020-11-06,0 days 15:59:42.846588,987169,114.33,114.27,322,650,-38823,1990
18,ABT,2020-11-06,0 days 15:59:43.846518,949788,114.22,114.2,400,100,57316,-38823
19,ABT,2020-11-06,0 days 15:59:44.846838,991331,114.29,114.25,200,650,-12157,57316
20,ABT,2020-11-06,0 days 15:59:45.847541,988488,114.29,114.23,500,500,2643,-12157
21,ABT,2020-11-06,0 days 15:59:51.846550,1018726,114.36,114.28,100,650,-29176,4635
22,ACB,2020-11-06,0 days 15:55:00.233091,264775,9.6,9.59,1760,1401,-752,101694
23,ACB,2020-11-06,0 days 15:55:05.233119,231627,9.65,9.64,4138,2400,17248,-16652
24,ACB,2020-11-06,0 days 15:58:00.242191,252190,9.7,9.69,9261,1919,-1652,148
25,ACB,2020-11-06,0 days 15:58:02.241744,236742,9.7,9.69,4261,1302,15448,-1652
26,ACI,2020-11-06,0 days 15:55:00.846796,45509,15.51,15.5,9200,2319,1333,-6148
27,ACI,2020-11-06,0 days 15:55:01.843187,42942,15.51,15.5,9300,2610,-2567,1333
28,ACI,2020-11-06,0 days 15:59:40.847737,78285,15.52,15.5,4011,3800,2923,-2977
29,ACI,2020-11-06,0 days 15:59:41.846556,76508,15.51,15.5,3101,5880,-1777,2923
30,ACI,2020-11-06,0 days 15:59:45.847753,78323,15.51,15.5,3620,4287,1790,-1815
31,ACI,2020-11-06,0 days 15:59:48.846783,76913,15.51,15.5,3800,6780,-1603,1597
32,ACM,2020-11-06,0 days 15:59:46.108410,90362,46.03,45.99,400,329,3790,-1067
33,ACM,2020-11-06,0 days 15:59:47.108693,90174,46.01,45.99,100,329,-188,3790
34,ADT,2020-11-06,0 days 15:55:00.848446,71421,7.23,7.22,8821,9140,16413,-24709
35,ADT,2020-11-06,0 days 15:55:01.844037,70734,7.23,7.22,9488,9233,-687,16413
36,ADT,2020-11-06,0 days 15:59:29.846304,107366,7.22,7.21,1244,7056,2791,-2279
37,AEO,2020-11-06,0 days 15:55:00.970286,79673,14.54,14.53,2828,6885,43364,-27603
38,AEO,2020-11-06,0 days 15:55:01.967195,78037,14.54,14.53,3828,7188,-1636,43364
39,AEO,2020-11-06,0 days 15:56:06.968900,79807,14.52,14.51,1487,7430,453,-105
40,AEO,2020-11-06,0 days 15:56:27.968965,80688,14.52,14.51,2931,5730,-2419,481
41,AEO,2020-11-06,0 days 15:56:47.970469,83407,14.52,14.51,2616,7167,3189,-299
42,AEO,2020-11-06,0 days 15:57:05.971155,86996,14.52,14.51,1149,7577,-3311,3189
43,AES,2020-11-06,0 days 15:58:16.235454,299294,20.45,20.44,275,701,-22781,3228
44,AES,2020-11-06,0 days 15:58:17.236229,297675,20.45,20.44,375,801,1619,-22781
45,AFL,2020-11-06,0 days 15:56:19.237352,319649,37.03,37.02,3816,574,-3369,3731
46,AFL,2020-11-06,0 days 15:56:20.236829,311918,37.03,37.02,3916,389,7731,-3369
47,AFL,2020-11-06,0 days 15:57:49.240377,320789,36.99,36.97,3503,3000,-566,7534
48,AFL,2020-11-06,0 days 15:57:50.240044,311655,36.99,36.97,3603,2200,9134,-566
49,AFL,2020-11-06,0 days 15:58:22.241888,320789,36.99,36.98,756,3572,-621,1914
50,AFL,2020-11-06,0 days 15:59:08.244813,324497,36.95,36.94,400,3558,-3628,4061
51,AFL,2020-11-06,0 days 15:59:09.245116,320925,36.96,36.95,897,3200,3572,-3628
52,AFL,2020-11-06,0 days 15:59:14.244663,324986,36.94,36.93,1805,1700,-2512,4061
53,AFL,2020-11-06,0 days 15:59:29.242961,364607,36.9,36.89,100,2934,-177,223
54,AFL,2020-11-06,0 days 15:59:48.243519,367359,36.9,36.89,1425,1900,-4386,775
55,AFL,2020-11-06,0 days 15:59:49.243732,367245,36.9,36.89,1825,1254,514,-4386
56,AG,2020-11-06,0 days 15:59:47.239370,97675,11.78,11.77,14200,4100,2424,-6676
57,AGI,2020-11-06,0 days 15:55:30.104756,40443,10.02,10.01,28771,10686,-108,1492
58,AGI,2020-11-06,0 days 15:55:31.107159,25651,10.02,10.01,27371,14586,14792,-108
59,AGI,2020-11-06,0 days 15:58:10.106868,46843,10.02,10.01,24640,20700,-15909,20991
60,AGI,2020-11-06,0 days 15:58:11.106620,43752,10.02,10.01,24681,20600,3091,-15909
61,AGI,2020-11-06,0 days 15:59:46.108452,65792,10.02,10.01,29518,13154,-3097,464
62,AGI,2020-11-06,0 days 15:59:47.108762,63789,10.02,10.01,27515,23267,2003,-3097
63,AIG,2020-11-06,0 days 15:55:03.228928,287764,33.34,33.33,1902,205,-1251,842
64,AIG,2020-11-06,0 days 15:55:04.228852,287115,33.33,33.31,1271,800,649,-1251
65,AIG,2020-11-06,0 days 15:55:21.230915,290257,33.27,33.26,310,1154,-1673,923
66,AIG,2020-11-06,0 days 15:55:22.230774,291730,33.27,33.26,200,758,810,-1673
67,AIG,2020-11-06,0 days 15:55:29.231416,295961,33.24,33.23,201,500,-3876,1824
68,AIG,2020-11-06,0 days 15:55:30.231849,294837,33.23,33.22,287,1100,1424,-3876
69,AIG,2020-11-06,0 days 15:55:34.231489,296261,33.24,33.23,1540,200,-526,1424
70,AIG,2020-11-06,0 days 15:55:35.231607,295287,33.23,33.22,100,301,974,-526
71,AIG,2020-11-06,0 days 15:57:13.233546,301654,33.24,33.22,900,2058,-9029,871
72,AIG,2020-11-06,0 days 15:57:14.233642,301283,33.22,33.21,200,1993,371,-9029
73,AIG,2020-11-06,0 days 15:57:51.234809,324754,33.18,33.17,1167,499,-420,2907
74,AIG,2020-11-06,0 days 15:57:52.234752,322347,33.19,33.18,981,100,2407,-420
75,AIG,2020-11-06,0 days 15:59:12.238230,343321,33.19,33.18,133,2173,3173,-2027
76,AIG,2020-11-06,0 days 15:59:15.239582,376787,33.16,33.15,500,1600,-5574,20881
77,AIG,2020-11-06,0 days 15:59:20.237358,377393,33.14,33.12,200,400,1694,-199
78,AIG,2020-11-06,0 days 15:59:25.237714,387626,33.16,33.14,1110,400,672,-4528
79,AIG,2020-11-06,0 days 15:59:45.239235,394206,33.16,33.15,1200,600,5873,-527
80,AIG,2020-11-06,0 days 15:59:47.239531,402016,33.17,33.16,100,1939,-7760,2627
81,ALB,2020-11-06,0 days 15:57:29.213744,58328,112.57,112.54,100,341,3912,-5888
82,ALB,2020-11-06,0 days 15:57:30.210652,57740,112.57,112.54,100,215,-588,3912
83,ALB,2020-11-06,0 days 15:59:29.214588,87224,112.29,112.21,100,100,1274,-2177
84,ALB,2020-11-06,0 days 15:59:30.221181,85298,112.31,112.22,300,466,-2026,1274
85,ALB,2020-11-06,0 days 15:59:46.219550,87324,112.38,112.21,400,673,2451,-1302
86,ALB,2020-11-06,0 days 15:59:47.218638,86311,112.35,112.29,100,222,-3681,2451
87,ALL,2020-11-06,0 days 15:55:29.231362,149649,91.37,91.34,100,100,-510,990
88,ALL,2020-11-06,0 days 15:55:30.231726,148459,91.35,91.27,400,112,1190,-510
89,ALL,2020-11-06,0 days 15:56:39.233896,150389,91.35,91.32,300,300,-2539,961
90,ALL,2020-11-06,0 days 15:56:40.233076,149528,91.33,91.27,200,213,861,-2539
91,ALL,2020-11-06,0 days 15:57:40.233755,156292,91.26,91.2,403,221,-503,1397
92,ALL,2020-11-06,0 days 15:57:41.234552,155995,91.26,91.2,403,221,1097,-503
93,ALL,2020-11-06,0 days 15:57:48.234934,157092,91.25,91.21,200,100,-2503,1097
94,ALL,2020-11-06,0 days 15:57:49.234375,155995,91.25,91.17,200,100,1097,-2503
95,ALL,2020-11-06,0 days 15:57:51.234664,157092,91.25,91.22,100,266,-103,1097
96,ALL,2020-11-06,0 days 15:57:52.234623,155795,91.25,91.21,119,103,1297,-103
97,ALL,2020-11-06,0 days 15:58:02.235164,157092,91.25,91.22,100,100,-9,1197
98,ALL,2020-11-06,0 days 15:58:03.235767,151194,91.25,91.22,100,100,5898,-9
99,ALL,2020-11-06,0 days 15:58:22.235857,158777,91.26,91.22,242,100,-1005,2058
100,ALL,2020-11-06,0 days 15:58:23.235902,157382,91.26,91.22,334,100,1395,-1005
101,ALL,2020-11-06,0 days 15:59:15.239351,161014,91.18,91.14,405,729,-11226,972
102,ALL,2020-11-06,0 days 15:59:16.236798,160640,91.17,91.14,374,366,374,-11226
103,ALL,2020-11-06,0 days 15:59:17.236469,161014,91.18,91.14,370,366,-1270,374
104,ALL,2020-11-06,0 days 15:59:18.237093,160784,91.15,91.09,100,158,2730,-1270
105,ALL,2020-11-06,0 days 15:59:28.236875,162475,91.18,91.12,100,200,-2209,291
106,ALL,2020-11-06,0 days 15:59:48.237810,164674,91.13,91.08,200,102,301,-1199
107,ALL,2020-11-06,0 days 15:59:53.237667,162475,91.22,91.09,700,306,-1909,701
108,ALL,2020-11-06,0 days 15:59:56.237891,164174,91.18,91.09,107,300,801,-1909
109,ALL,2020-11-06,0 days 16:00:00.237936,162475,91.21,90.99,1700,500,-1909,801
110,ALLY,2020-11-06,0 days 15:57:23.971344,203140,27.94,27.93,5299,1927,-2275,3925
111,ALLY,2020-11-06,0 days 15:57:24.971362,200515,27.92,27.91,2980,658,1525,-2275
112,ALLY,2020-11-06,0 days 15:59:16.976544,205469,27.92,27.91,3801,1332,-953,1145
113,ALLY,2020-11-06,0 days 15:59:53.978750,206905,27.92,27.91,3300,879,-322,1378
114,AM,2020-11-06,0 days 15:55:00.247902,177195,5.51,5.5,11154,5515,18277,-64611
115,AM,2020-11-06,0 days 15:59:10.258258,199184,5.51,5.5,22931,7623,-301,3428
116,AM,2020-11-06,0 days 15:59:30.246311,202653,5.51,5.5,22176,7749,3003,-2469
117,AMCR,2020-11-06,0 days 15:59:16.243020,762470,11.49,11.48,2286,5611,-12532,9287
118,AMCR,2020-11-06,0 days 15:59:17.242013,747371,11.49,11.48,2286,5611,15099,-12532
119,AMH,2020-11-06,0 days 15:55:00.834169,83341,30.72,30.71,1954,2337,-9059,9123
120,AMH,2020-11-06,0 days 15:55:01.831874,82600,30.69,30.65,1460,800,741,-9059
121,AMH,2020-11-06,0 days 15:57:24.835220,87986,30.62,30.61,1528,1600,-1589,211
122,AMH,2020-11-06,0 days 15:57:25.835608,87475,30.61,30.6,1320,1522,511,-1589
123,AMH,2020-11-06,0 days 15:58:04.838585,88686,30.6,30.59,1298,1704,-257,143
124,AMH,2020-11-06,0 days 15:58:05.837955,88543,30.6,30.59,1198,1704,43,-257
125,AMH,2020-11-06,0 days 15:58:06.838236,88586,30.61,30.6,930,1000,-1457,43
126,AMH,2020-11-06,0 days 15:58:16.838512,92361,30.61,30.6,1000,785,-112,2218
127,AMH,2020-11-06,0 days 15:58:57.839368,92508,30.59,30.58,1124,962,953,-1747
128,AMH,2020-11-06,0 days 15:59:10.840981,94015,30.59,30.58,1810,824,-1466,90
129,AMH,2020-11-06,0 days 15:59:46.841403,103285,30.56,30.54,2106,600,4162,-4501
130,AMWL,2020-11-06,0 days 15:55:00.836111,21135,30.67,30.61,800,1314,-1644,2379
131,AMWL,2020-11-06,0 days 15:55:01.832622,20879,30.62,30.61,228,900,256,-1644
132,AMWL,2020-11-06,0 days 15:59:03.840614,29236,30.46,30.39,1800,300,-277,973
133,AMWL,2020-11-06,0 days 15:59:04.842693,28613,30.46,30.37,1800,400,623,-277
134,AMWL,2020-11-06,0 days 15:59:40.840936,29805,30.45,30.34,100,300,-815,385
135,AMWL,2020-11-06,0 days 15:59:50.842279,29805,30.45,30.3,100,2300,-480,420
136,AMX,2020-11-06,0 days 15:56:01.251335,18875,13.36,13.35,7855,26537,-285,975
137,AMX,2020-11-06,0 days 15:59:36.243296,31156,13.34,13.33,9260,33808,1738,-2162
138,AMX,2020-11-06,0 days 15:59:37.243091,30994,13.34,13.33,8960,35008,-162,1738
139,AMX,2020-11-06,0 days 15:59:46.245329,31156,13.34,13.33,12273,33884,142,-162
140,AMX,2020-11-06,0 days 15:59:47.243726,30998,13.34,13.33,5699,35084,-158,142
141,ANTM,2020-11-06,0 days 15:57:51.842685,143467,313.02,312.83,887,400,34,-366
142,ANTM,2020-11-06,0 days 15:57:52.842304,140801,313.05,312.84,887,400,-2666,34
143,ANTM,2020-11-06,0 days 15:59:07.846938,145048,313.12,312.99,200,100,179,-467
144,ANTM,2020-11-06,0 days 15:59:08.847003,144159,313.39,313.14,100,100,-889,179
145,ANTM,2020-11-06,0 days 15:59:46.847299,157359,313.56,313.41,100,100,981,-401
146,ANTM,2020-11-06,0 days 15:59:47.846872,156840,313.56,313.41,100,100,-1182,981
147,APLE,2020-11-06,0 days 15:55:38.099203,117810,10.8,10.79,1086,3800,528,-8718
148,APLE,2020-11-06,0 days 15:56:15.100455,118338,10.81,10.8,606,4158,-148,40
149,APLE,2020-11-06,0 days 15:56:44.101582,118886,10.81,10.8,1037,3270,1909,-406
150,APLE,2020-11-06,0 days 15:56:45.101376,112495,10.81,10.8,1037,3270,-6391,1909
151,APLE,2020-11-06,0 days 15:59:46.100663,135519,10.8,10.79,1745,1716,5433,-2272
152,APLE,2020-11-06,0 days 15:59:47.100207,132893,10.8,10.79,1500,1716,-2626,5433
153,AR,2020-11-06,0 days 15:59:37.236921,210471,3.28,3.27,27335,39313,-1365,3935
154,AROC,2020-11-06,0 days 15:55:00.834277,111256,6.4,6.39,2733,4040,24436,-41172
155,AROC,2020-11-06,0 days 15:55:01.831928,104892,6.4,6.39,3533,4440,-6364,24436
156,AROC,2020-11-06,0 days 15:59:21.839981,115497,6.4,6.39,6822,885,733,-126
157,ATI,2020-11-06,0 days 15:55:00.969838,75800,10.08,10.07,3551,1756,27675,-36118
158,ATI,2020-11-06,0 days 15:55:01.966949,75075,10.07,10.06,5327,225,-725,27675
159,ATI,2020-11-06,0 days 15:55:12.967492,75800,10.07,10.06,4721,425,14,-725
160,ATI,2020-11-06,0 days 15:55:13.967475,75114,10.07,10.06,4621,555,-686,14
161,ATI,2020-11-06,0 days 15:55:28.968786,75800,10.06,10.05,2500,2446,2168,-676
162,ATI,2020-11-06,0 days 15:55:29.968264,75468,10.06,10.05,2600,2451,-322,2168
163,ATI,2020-11-06,0 days 15:55:45.968049,75790,10.06,10.05,3605,2391,36,-164
164,ATI,2020-11-06,0 days 15:55:46.969773,75426,10.06,10.05,3605,2391,-364,36
165,ATI,2020-11-06,0 days 15:56:00.969504,75790,10.06,10.05,5519,798,403,-364
166,ATI,2020-11-06,0 days 15:56:01.969130,74293,10.06,10.05,4919,798,-1497,403
167,ATI,2020-11-06,0 days 15:56:43.970109,76351,10.06,10.05,3340,4186,540,-280
168,ATI,2020-11-06,0 days 15:56:47.970457,76891,10.06,10.05,2996,3899,-2683,540
169,ATI,2020-11-06,0 days 15:57:12.970561,81674,10.06,10.05,2264,4175,1817,-383
170,ATI,2020-11-06,0 days 15:57:13.970476,81091,10.07,10.06,1900,3935,-583,1817
171,ATI,2020-11-06,0 days 15:59:03.976962,83432,10.07,10.06,1182,2745,83,-592
172,ATI,2020-11-06,0 days 15:59:04.979304,83015,10.07,10.06,1635,2545,-417,83
173,ATI,2020-11-06,0 days 15:59:19.976936,84109,10.08,10.07,1248,4863,44,-594
174,ATI,2020-11-06,0 days 15:59:20.976109,83853,10.08,10.07,848,4863,-56,44
175,ATI,2020-11-06,0 days 15:59:45.978601,86369,10.09,10.08,4691,914,5870,-130
176,ATUS,2020-11-06,0 days 15:55:00.969187,84702,29.54,29.53,4613,300,-4346,8014
177,ATUS,2020-11-06,0 days 15:55:21.967249,84702,29.51,29.5,6825,967,-401,2054
178,ATUS,2020-11-06,0 days 15:56:00.968964,90138,29.49,29.48,5642,2003,909,-282
179,ATUS,2020-11-06,0 days 15:56:01.969022,89647,29.49,29.48,6242,1603,-491,909
180,ATUS,2020-11-06,0 days 15:58:46.974481,121986,29.46,29.45,10905,300,-556,1344
181,ATUS,2020-11-06,0 days 15:59:01.976644,129465,29.46,29.45,7686,2100,238,-1462
182,ATUS,2020-11-06,0 days 15:59:06.976865,134703,29.46,29.45,9086,940,-1306,41
183,AU,2020-11-06,0 days 15:55:01.230912,96192,27.58,27.57,9522,200,527,-19773
184,AU,2020-11-06,0 days 15:58:24.236190,118874,27.56,27.55,3472,1728,-718,1582
185,AU,2020-11-06,0 days 15:58:25.236059,117292,27.56,27.55,3472,1528,1582,-718
186,AU,2020-11-06,0 days 15:58:27.237036,118874,27.56,27.55,3172,2528,-518,1582
187,AU,2020-11-06,0 days 15:58:28.236994,117292,27.56,27.55,2372,3528,1582,-518
188,AU,2020-11-06,0 days 15:59:21.237392,123565,27.55,27.54,2768,1392,-257,1422
189,AU,2020-11-06,0 days 15:59:22.237392,123822,27.54,27.53,4956,2000,508,-257
190,AUY,2020-11-06,0 days 15:59:13.218711,150351,5.95,5.94,125427,352483,-17852,55467
191,AVTR,2020-11-06,0 days 15:55:04.831954,3471432,26.77,26.76,1000,5055,645332,-2693968
192,AXP,2020-11-06,0 days 15:55:00.097083,207792,97.01,96.98,306,100,-17697,33509
193,AXP,2020-11-06,0 days 15:55:23.099025,229039,96.91,96.89,600,200,1076,-41
194,AXP,2020-11-06,0 days 15:55:24.098932,227563,96.91,96.89,800,100,-1476,1076
195,AXP,2020-11-06,0 days 15:55:48.100161,229054,96.87,96.84,1002,100,9083,-202
196,AXP,2020-11-06,0 days 15:56:31.101012,241773,96.95,96.93,700,100,-343,1035
197,AXP,2020-11-06,0 days 15:56:38.101593,242116,96.87,96.85,200,300,563,-17
198,AXP,2020-11-06,0 days 15:57:43.102612,248670,96.78,96.77,1089,676,174,-1127
199,AXP,2020-11-06,0 days 15:57:44.102871,246643,96.78,96.77,759,276,-2027,174
200,AXP,2020-11-06,0 days 15:58:59.106609,250421,96.73,96.71,602,495,-4512,119
201,AXP,2020-11-06,0 days 15:59:03.107760,253824,96.68,96.67,200,100,6307,-592
202,AXP,2020-11-06,0 days 15:59:13.107478,263054,96.66,96.64,531,100,-5263,1831
203,AXP,2020-11-06,0 days 15:59:14.107939,267717,96.64,96.63,431,100,5062,-5263
204,AXTA,2020-11-06,0 days 15:59:30.246278,160282,26.51,26.5,399,3656,-959,581
205,AXTA,2020-11-06,0 days 15:59:31.244012,158841,26.51,26.5,899,3259,1141,-959
206,AXTA,2020-11-06,0 days 15:59:45.244453,162782,26.51,26.5,3290,800,-3329,1041
207,BA,2020-11-06,0 days 15:55:00.970458,383206,158.4,158.33,200,100,-3024,233790
208,BA,2020-11-06,0 days 15:55:01.967293,380230,158.3,158.26,300,400,2976,-3024
209,BA,2020-11-06,0 days 15:57:00.971654,412753,157.96,157.91,100,100,-5169,4267
210,BA,2020-11-06,0 days 15:57:01.971077,408422,157.94,157.9,236,200,4959,-5169
211,BA,2020-11-06,0 days 15:57:35.971507,415380,157.97,157.91,100,200,-1606,7494
212,BA,2020-11-06,0 days 15:57:36.971455,410886,157.92,157.9,138,100,4494,-1606
213,BA,2020-11-06,0 days 15:59:07.976435,420074,157.72,157.69,100,700,-6717,4065
214,BA,2020-11-06,0 days 15:59:08.977594,416791,157.74,157.7,100,100,3315,-6717
215,BA,2020-11-06,0 days 15:59:14.977049,431590,157.68,157.65,577,100,-1904,3592
216,BA,2020-11-06,0 days 15:59:15.978481,428694,157.7,157.63,200,100,2896,-1904
217,BA,2020-11-06,0 days 15:59:25.976695,419468,157.78,157.73,100,500,1365,-9135
218,BA,2020-11-06,0 days 15:59:43.978714,420830,157.73,157.7,800,100,750,-8950
219,BA,2020-11-06,0 days 15:59:50.978802,422372,157.82,157.74,100,100,-9758,9342
220,BA,2020-11-06,0 days 15:59:59.985907,419336,157.81,157.65,300,100,3036,-9764
221,BA,2020-11-06,0 days 16:00:00.980118,422372,157.88,157.56,100,100,-9795,3036
222,BABA,2020-11-06,0 days 15:59:46.107968,799134,300.01,299.99,1500,200,-10370,32143
223,BABA,2020-11-06,0 days 15:59:59.104974,797334,300.0,299.87,2096,200,-10948,14290
224,BABA,2020-11-06,0 days 16:00:00.145082,786382,300.18,299.8,100,5358,12752,-10948
225,BAC,2020-11-06,0 days 15:59:15.250146,5388276,24.34,24.33,94959,40373,-250478,1028713
226,BAC,2020-11-06,0 days 15:59:46.245229,5722109,24.29,24.28,31400,94140,-10149,19055
227,BAC,2020-11-06,0 days 15:59:49.243104,5621858,24.3,24.29,21400,105101,5274,-55826
228,BAM,2020-11-06,0 days 15:59:46.220200,54638,33.1,33.09,900,3558,-4656,264
229,BAM,2020-11-06,0 days 15:59:47.218976,53194,33.1,33.09,500,2634,1444,-4656
230,BAX,2020-11-06,0 days 15:55:00.846567,150978,79.03,78.98,744,501,-14597,21355
231,BAX,2020-11-06,0 days 15:55:01.843095,149775,79.02,78.98,542,400,1203,-14597
232,BAX,2020-11-06,0 days 15:55:21.845105,153331,78.98,78.94,205,523,-510,149
233,BAX,2020-11-06,0 days 15:55:22.846530,152141,78.96,78.93,935,100,1190,-510
234,BAX,2020-11-06,0 days 15:56:16.847003,160668,79.02,78.98,200,114,-638,562
235,BAX,2020-11-06,0 days 15:56:17.846655,159206,79.02,78.99,200,154,1462,-638
236,BAX,2020-11-06,0 days 15:57:36.842310,163971,78.98,78.96,200,100,-1382,1718
237,BAX,2020-11-06,0 days 15:57:37.841913,163353,78.97,78.95,182,608,718,-1382
238,BAX,2020-11-06,0 days 15:57:39.841875,164071,78.98,78.95,300,608,-682,718
239,BAX,2020-11-06,0 days 15:57:40.841940,163353,78.98,78.95,500,608,718,-682
240,BAX,2020-11-06,0 days 15:57:41.842035,164071,78.98,78.95,400,939,-191,718
241,BAX,2020-11-06,0 days 15:57:42.841780,163262,78.97,78.95,128,747,809,-191
242,BAX,2020-11-06,0 days 15:57:43.842063,164071,78.96,78.95,100,747,-191,809
243,BAX,2020-11-06,0 days 15:57:44.842245,163180,78.94,78.92,400,100,891,-191
244,BAX,2020-11-06,0 days 15:58:03.843473,168950,78.9,78.88,584,404,-2063,1667
245,BAX,2020-11-06,0 days 15:58:04.844117,166913,78.9,78.88,384,544,2037,-2063
246,BAX,2020-11-06,0 days 15:58:24.844464,173797,78.94,78.91,100,209,-2183,6817
247,BAX,2020-11-06,0 days 15:58:25.845563,171880,78.93,78.91,200,671,1917,-2183
248,BAX,2020-11-06,0 days 15:59:40.847685,189841,78.88,78.85,100,200,-545,455
249,BB,2020-11-06,0 days 15:59:44.841054,85631,4.84,4.83,79534,122058,3089,-911
250,BB,2020-11-06,0 days 15:59:45.841727,84920,4.84,4.83,80490,79758,-711,3089
251,BBD,2020-11-06,0 days 15:59:36.244597,420341,3.89,3.88,993844,127188,-96658,188342
252,BBD,2020-11-06,0 days 15:59:37.243764,410899,3.89,3.88,1003644,127538,9442,-96658
253,BBVA,2020-11-06,0 days 15:59:00.839994,24457,2.94,2.93,669620,28182,-1966,2195
254,BBVA,2020-11-06,0 days 15:59:46.841563,28173,2.93,2.92,632785,88074,131,-1110
255,BBVA,2020-11-06,0 days 15:59:47.843059,28004,2.93,2.92,632785,94274,-169,131
256,BBY,2020-11-06,0 days 15:55:00.846487,83315,123.51,123.48,200,400,-7671,9165
257,BBY,2020-11-06,0 days 15:58:03.843438,101090,123.2,123.16,350,400,282,-518
258,BBY,2020-11-06,0 days 15:59:00.846776,103999,123.19,123.11,200,321,590,-260
259,BBY,2020-11-06,0 days 15:59:42.846588,116990,123.11,123.07,200,200,910,-52
260,BCS,2020-11-06,0 days 15:59:25.101420,36351,5.8,5.79,167500,112959,280,-1191
261,BE,2020-11-06,0 days 15:55:03.101551,103045,14.76,14.75,1415,1366,-7147,4275
262,BE,2020-11-06,0 days 15:55:04.101450,99692,14.76,14.75,1515,1266,2253,-7147
263,BE,2020-11-06,0 days 15:59:23.107322,112179,14.69,14.67,400,199,-100,1411
264,BE,2020-11-06,0 days 15:59:25.107073,110200,14.69,14.67,400,261,379,-1221
265,BE,2020-11-06,0 days 15:59:46.108324,118628,14.64,14.62,100,1705,3057,-115
266,BEN,2020-11-06,0 days 15:55:00.969523,134595,19.47,19.46,3940,4451,-42348,28345
267,BEN,2020-11-06,0 days 15:55:01.966820,132543,19.46,19.45,3795,4776,2447,-42348
268,BEN,2020-11-06,0 days 15:55:02.966576,134990,19.46,19.45,1994,5576,-306,2447
269,BEN,2020-11-06,0 days 15:55:03.966253,133196,19.46,19.45,7594,5595,1794,-306
270,BEN,2020-11-06,0 days 15:56:43.970063,139607,19.44,19.43,5399,3458,-1051,1369
271,BEN,2020-11-06,0 days 15:56:44.969906,138258,19.44,19.43,5499,3674,1349,-1051
272,BEN,2020-11-06,0 days 15:56:52.970667,143708,19.44,19.43,10082,161,-350,1750
273,BEN,2020-11-06,0 days 15:56:53.970278,142058,19.43,19.42,5538,1236,1650,-350
274,BEN,2020-11-06,0 days 15:57:36.971346,143889,19.43,19.42,3678,4948,-569,331
275,BEN,2020-11-06,0 days 15:57:38.971848,143158,19.43,19.42,4499,3183,931,-269
276,BEN,2020-11-06,0 days 15:57:42.971448,144089,19.43,19.42,5699,2264,-469,931
277,BEN,2020-11-06,0 days 15:57:43.972476,143758,19.43,19.42,5699,1663,331,-469
278,BEN,2020-11-06,0 days 15:57:44.971540,144089,19.43,19.42,6280,1663,-269,331
279,BEN,2020-11-06,0 days 15:57:45.971827,143958,19.43,19.42,6814,746,131,-269
280,BEN,2020-11-06,0 days 15:58:00.973576,144280,19.43,19.42,8281,1907,-578,3536
281,BEN,2020-11-06,0 days 15:58:01.973134,141758,19.42,19.41,6235,3700,2422,-578
282,BEN,2020-11-06,0 days 15:58:18.974285,144216,19.42,19.41,4184,4581,-242,758
283,BEN,2020-11-06,0 days 15:58:19.974050,143458,19.42,19.41,6504,1315,758,-242
284,BEN,2020-11-06,0 days 15:58:21.974444,144216,19.42,19.41,3385,4515,-1342,1658
285,BEN,2020-11-06,0 days 15:58:23.973976,143458,19.42,19.41,5204,2015,758,-942
286,BEN,2020-11-06,0 days 15:58:24.975124,144216,19.42,19.41,5085,1515,-442,758
287,BEN,2020-11-06,0 days 15:58:25.974720,143458,19.42,19.41,5086,1715,758,-442
288,BEN,2020-11-06,0 days 15:58:26.974195,144216,19.42,19.41,5286,1815,-342,758
289,BEN,2020-11-06,0 days 15:58:27.975188,143458,19.42,19.41,3386,3715,758,-342
290,BEN,2020-11-06,0 days 15:58:29.974382,146916,19.42,19.41,3413,4469,-242,3458
291,BEN,2020-11-06,0 days 15:58:30.975222,145858,19.42,19.41,3413,4069,1058,-242
292,BEN,2020-11-06,0 days 15:59:14.976910,164097,19.42,19.41,4392,3917,-5742,3460
293,BEN,2020-11-06,0 days 15:59:15.978334,162839,19.42,19.41,4692,1117,1258,-5742
294,BHC,2020-11-06,0 days 15:55:35.104367,43362,16.69,16.68,2057,7267,-140,668
295,BHC,2020-11-06,0 days 15:55:36.104448,41802,16.69,16.68,1857,7267,1560,-140
296,BHC,2020-11-06,0 days 15:57:19.103896,44188,16.69,16.68,6021,4205,-1075,925
297,BHC,2020-11-06,0 days 15:57:51.105589,44463,16.68,16.67,8636,3633,228,-275
298,BHC,2020-11-06,0 days 15:58:03.106399,42773,16.68,16.67,6101,3934,-1690,228
299,BHC,2020-11-06,0 days 15:58:13.106844,43822,16.68,16.67,4432,6536,2039,-1049
300,BHC,2020-11-06,0 days 15:58:48.107622,45861,16.68,16.67,1552,4500,-3961,2039
301,BHC,2020-11-06,0 days 15:59:07.109467,48869,16.66,16.65,5837,1675,-1142,1358
302,BHC,2020-11-06,0 days 15:59:20.107231,48869,16.66,16.65,3889,2578,-1142,1358
303,BHC,2020-11-06,0 days 15:59:37.107860,53569,16.65,16.64,1600,6240,-255,245
304,BHP,2020-11-06,0 days 15:55:00.969838,28885,51.25,51.24,3304,201,-8292,7174
305,BHP,2020-11-06,0 days 15:58:55.974963,38139,51.12,51.11,442,3233,191,-223
306,BHP,2020-11-06,0 days 15:58:56.975265,37530,51.12,51.11,1100,2933,-609,191
307,BHP,2020-11-06,0 days 15:59:23.977041,35986,51.09,51.08,500,2399,478,-46
308,BHP,2020-11-06,0 days 15:59:30.978132,36364,51.08,51.07,818,2100,-19,378
309,BK,2020-11-06,0 days 15:55:00.102152,357431,35.28,35.27,3064,3127,-2443,135866
310,BK,2020-11-06,0 days 15:55:14.103325,359474,35.25,35.24,4556,3240,1349,-1239
311,BK,2020-11-06,0 days 15:55:15.103890,360823,35.25,35.24,4466,2140,-125,1349
312,BK,2020-11-06,0 days 15:55:25.104168,363895,35.24,35.23,5580,2203,3924,-1676
313,BK,2020-11-06,0 days 15:55:45.104973,374535,35.24,35.23,6158,607,-6241,4534
314,BK,2020-11-06,0 days 15:55:53.105048,380776,35.22,35.21,2642,3778,2087,-1131
315,BK,2020-11-06,0 days 15:55:54.105995,380063,35.22,35.21,3848,3001,-713,2087
316,BK,2020-11-06,0 days 15:56:37.105568,380223,35.21,35.2,4092,2641,-615,1285
317,BK,2020-11-06,0 days 15:57:35.104492,380438,35.16,35.15,4104,3500,3246,-1654
318,BK,2020-11-06,0 days 15:57:36.104234,378784,35.17,35.16,3826,4325,-2054,3246
319,BK,2020-11-06,0 days 15:57:38.104297,382138,35.17,35.16,3019,4700,3346,-2054
320,BK,2020-11-06,0 days 15:57:39.104338,381784,35.17,35.16,3401,4300,-354,3346
321,BK,2020-11-06,0 days 15:57:41.104407,383038,35.17,35.16,4019,3801,2946,-354
322,BK,2020-11-06,0 days 15:57:42.104164,383784,35.17,35.16,3401,3801,-554,2946
323,BK,2020-11-06,0 days 15:57:43.104306,384338,35.17,35.16,5161,800,46,-554
324,BK,2020-11-06,0 days 15:57:44.104346,383784,35.17,35.16,4861,600,-554,46
325,BK,2020-11-06,0 days 15:57:49.105004,385838,35.16,35.15,4561,1996,3246,-654
326,BK,2020-11-06,0 days 15:57:50.105026,385184,35.16,35.15,4187,1396,-654,3246
327,BK,2020-11-06,0 days 15:57:53.104955,385838,35.16,35.15,3506,3098,1246,-654
328,BK,2020-11-06,0 days 15:57:54.104902,385184,35.16,35.15,2862,3498,-654,1246
329,BK,2020-11-06,0 days 15:58:02.106670,385838,35.16,35.15,4758,3704,2205,-654
330,BK,2020-11-06,0 days 15:58:03.106282,383261,35.16,35.15,4440,3004,-2577,2205
331,BK,2020-11-06,0 days 15:58:07.106270,388358,35.16,35.15,4499,3945,903,-997
332,BK,2020-11-06,0 days 15:58:08.106918,387361,35.16,35.15,1929,5270,-997,903
333,BK,2020-11-06,0 days 15:58:20.107264,388358,35.16,35.15,3720,4800,1315,-1085
334,BK,2020-11-06,0 days 15:58:21.106962,387273,35.16,35.15,2320,5300,-1085,1315
335,BK,2020-11-06,0 days 15:58:22.107057,388358,35.16,35.15,1235,5405,2315,-1085
336,BK,2020-11-06,0 days 15:58:24.106506,387273,35.16,35.15,2609,4106,-1085,615
337,BK,2020-11-06,0 days 15:58:27.107274,388358,35.16,35.15,2220,3406,1315,-3385
338,BK,2020-11-06,0 days 15:58:28.108749,387273,35.16,35.15,1320,4406,-1085,1315
339,BK,2020-11-06,0 days 15:59:39.107877,482548,35.08,35.07,3147,6675,-4489,7611
340,BK,2020-11-06,0 days 15:59:45.109670,482927,35.07,35.06,7781,2102,-4483,6117
341,BKR,2020-11-06,0 days 15:56:04.100478,487383,15.63,15.62,5200,7812,-6240,5760
342,BKR,2020-11-06,0 days 15:56:05.100417,478923,15.62,15.61,7210,8098,8460,-6240
343,BKR,2020-11-06,0 days 15:57:42.102840,515945,15.6,15.59,7634,8735,-1106,494
344,BKR,2020-11-06,0 days 15:57:44.102871,490851,15.6,15.59,10034,8162,25094,-1106
345,BKR,2020-11-06,0 days 15:58:16.105052,507851,15.61,15.6,9730,7644,7079,-1521
346,BKR,2020-11-06,0 days 15:59:08.107656,519746,15.6,15.59,9662,4100,-3367,6189
347,BMY,2020-11-06,0 days 15:59:14.976910,770507,63.71,63.7,401,920,-53969,18100
348,BMY,2020-11-06,0 days 15:59:15.978334,763936,63.69,63.68,500,300,6988,-53969
349,BMY,2020-11-06,0 days 15:59:45.978552,767978,63.76,63.75,213,1300,-4035,799
350,BP,2020-11-06,0 days 15:57:07.215550,58660,15.66,15.65,29698,42099,-10679,3421
351,BP,2020-11-06,0 days 15:59:23.217860,62669,15.64,15.63,66388,49100,2763,-4437
352,BP,2020-11-06,0 days 15:59:24.217975,65432,15.64,15.63,28188,63600,-16027,2763
353,BRK.B,2020-11-06,0 days 15:55:00.833873,444340,209.78,209.73,550,412,-47152,75993
354,BRK.B,2020-11-06,0 days 15:55:01.831644,489896,209.72,209.68,550,200,273,-47152
355,BRK.B,2020-11-06,0 days 15:55:14.832801,485536,209.61,209.55,100,150,-3276,949
356,BRK.B,2020-11-06,0 days 15:55:57.833996,488527,209.33,209.29,100,100,-3293,959
357,BRK.B,2020-11-06,0 days 15:56:56.834750,497756,209.01,208.97,403,100,239,-283
358,BRK.B,2020-11-06,0 days 15:56:57.834729,497995,209.05,208.98,350,200,-283,239
359,BRK.B,2020-11-06,0 days 15:57:01.835359,497756,209.05,208.99,908,113,239,-283
360,BRK.B,2020-11-06,0 days 15:57:04.835408,494041,209.03,208.98,100,120,-3715,1085
361,BRK.B,2020-11-06,0 days 15:57:34.835854,497138,208.97,208.92,300,200,915,-2485
362,BRK.B,2020-11-06,0 days 15:57:35.835745,494853,209.06,208.99,650,400,-3425,915
363,BRK.B,2020-11-06,0 days 15:57:57.837076,496616,208.94,208.9,490,100,1737,-2615
364,BRK.B,2020-11-06,0 days 15:57:58.836145,496053,208.95,208.91,363,100,-1037,1737
365,BRK.B,2020-11-06,0 days 15:58:00.838788,496568,208.94,208.9,300,100,456,-2837
366,BRK.B,2020-11-06,0 days 15:58:05.837013,499424,208.89,208.8,103,100,-94,7806
367,BRK.B,2020-11-06,0 days 15:58:12.838620,498392,208.85,208.79,500,200,518,-99
368,BRK.B,2020-11-06,0 days 15:58:18.837303,498910,208.91,208.87,250,400,-1130,1018
369,BRK.B,2020-11-06,0 days 15:58:20.837629,500040,208.89,208.84,100,350,2870,-130
370,BRK.B,2020-11-06,0 days 15:58:21.837887,498110,208.94,208.84,100,100,-2501,2870
371,BRK.B,2020-11-06,0 days 15:58:23.837228,500562,208.9,208.84,100,351,40048,-378
372,BRK.B,2020-11-06,0 days 15:58:31.837372,542810,209.01,208.93,100,100,-3249,41677
373,BRK.B,2020-11-06,0 days 15:58:32.838160,500659,209.0,208.91,314,200,42151,-3249
374,BRK.B,2020-11-06,0 days 15:59:15.839555,611822,208.97,208.84,100,313,-6948,23283
375,BRK.B,2020-11-06,0 days 15:59:16.839509,610199,208.86,208.78,100,500,1623,-6948
376,BRK.B,2020-11-06,0 days 15:59:23.839704,610753,208.86,208.78,100,100,1515,-7731
377,BRK.B,2020-11-06,0 days 15:59:55.840676,652400,208.94,208.7,100,200,33672,-88360
378,BRK.B,2020-11-06,0 days 15:59:56.840462,567917,208.94,208.7,100,4004,-88409,33672
379,BRX,2020-11-06,0 days 15:57:45.971901,293935,11.14,11.13,6591,3594,-5296,9304
380,BRX,2020-11-06,0 days 15:57:46.971729,277431,11.14,11.13,6591,3594,16504,-5296
381,BRX,2020-11-06,0 days 15:59:14.977049,291308,11.14,11.13,6135,8601,-12436,10732
382,BRX,2020-11-06,0 days 15:59:15.978516,287644,11.14,11.13,7462,6501,3564,-12436
383,BRX,2020-11-06,0 days 15:59:23.977125,299997,11.14,11.13,8462,3662,-17184,2557
384,BRX,2020-11-06,0 days 15:59:24.976825,298881,11.14,11.13,10262,2701,1116,-17184
385,BRX,2020-11-06,0 days 15:59:48.979680,361393,11.14,11.13,576,13545,-1707,16149
386,BRX,2020-11-06,0 days 15:59:49.985554,310600,11.14,11.13,576,16743,47593,-1707
387,BSM,2020-11-06,0 days 15:56:26.213627,15919,6.56,6.55,2990,300,-142,341
388,BSM,2020-11-06,0 days 15:56:27.213602,14961,6.56,6.55,3110,300,958,-142
389,BSX,2020-11-06,0 days 15:56:57.834150,638024,35.69,35.68,4375,1106,-58000,27505
390,BSX,2020-11-06,0 days 15:57:35.834413,689452,35.69,35.68,3522,2231,1642,-3658
391,BSX,2020-11-06,0 days 15:57:36.834203,687594,35.69,35.68,2827,1840,-1858,1642
392,BSX,2020-11-06,0 days 15:58:15.836676,698026,35.69,35.68,2280,3768,2936,-1264
393,BSX,2020-11-06,0 days 15:58:16.836987,696862,35.71,35.7,2471,1100,-1164,2936
394,BSX,2020-11-06,0 days 15:58:55.837840,695062,35.7,35.69,2698,2200,-3195,3405
395,BSX,2020-11-06,0 days 15:58:56.837412,698257,35.7,35.69,2598,1800,468,-3195
396,BSX,2020-11-06,0 days 15:58:57.837720,699825,35.7,35.69,2598,2125,-431,468
397,BSX,2020-11-06,0 days 15:59:08.838819,702639,35.69,35.68,1200,3895,-244,356
398,BSX,2020-11-06,0 days 15:59:09.838689,724983,35.7,35.69,3467,2200,7692,-244
399,BSX,2020-11-06,0 days 15:59:23.838176,733975,35.7,35.69,3243,4046,-6475,4288
400,BSX,2020-11-06,0 days 15:59:28.839096,739987,35.7,35.69,4172,3854,-1172,4828
401,BSX,2020-11-06,0 days 15:59:29.838368,741159,35.7,35.69,3677,4054,4620,-1172
402,BSX,2020-11-06,0 days 15:59:40.839108,750879,35.68,35.67,1400,6800,-285,615
403,BSX,2020-11-06,0 days 15:59:42.839623,752859,35.68,35.67,1329,6400,1504,-285
404,BSX,2020-11-06,0 days 15:59:52.839428,774880,35.7,35.69,2211,5646,-9006,9994
405,BTI,2020-11-06,0 days 15:57:17.213584,22745,32.82,32.81,2900,3113,807,-193
406,BTI,2020-11-06,0 days 15:59:46.220039,26163,32.79,32.78,6641,743,-2011,389
407,BTI,2020-11-06,0 days 15:59:47.218936,25874,32.79,32.77,6843,3200,289,-2011
408,BUD,2020-11-06,0 days 15:57:03.101731,18017,56.79,56.77,384,1444,-971,1429
409,BUD,2020-11-06,0 days 15:57:04.101763,17888,56.78,56.77,300,341,129,-971
410,BUD,2020-11-06,0 days 15:57:07.102090,18017,56.78,56.75,100,900,-4071,129
411,BUD,2020-11-06,0 days 15:58:00.104998,22088,56.76,56.74,808,1101,1629,-871
412,BUD,2020-11-06,0 days 15:58:01.105298,21717,56.77,56.75,304,1465,-371,1629
413,BUD,2020-11-06,0 days 15:59:06.108055,23577,56.73,56.69,600,100,-125,1798
414,BUD,2020-11-06,0 days 15:59:28.101779,22942,56.71,56.69,200,400,628,-172
415,BUD,2020-11-06,0 days 15:59:29.101963,22870,56.71,56.69,100,400,-72,628
416,BUD,2020-11-06,0 days 15:59:46.101005,22942,56.68,56.67,200,500,164,-72
417,BUD,2020-11-06,0 days 15:59:47.100422,22906,56.68,56.67,200,600,-36,164
418,BWA,2020-11-06,0 days 15:57:28.103899,212435,36.4,36.39,300,708,-2561,6639
419,BWA,2020-11-06,0 days 15:57:29.103845,206596,36.39,36.38,802,1122,5839,-2561
420,BWA,2020-11-06,0 days 15:59:15.107065,223577,36.41,36.39,600,1732,-7241,2073
421,BWA,2020-11-06,0 days 15:59:16.107301,219718,36.4,36.39,1088,1103,3859,-7241
422,BWA,2020-11-06,0 days 15:59:17.106421,223577,36.4,36.39,1088,1007,-263,3859
423,BWA,2020-11-06,0 days 15:59:22.106772,223580,36.4,36.39,772,891,4646,-3
424,BX,2020-11-06,0 days 15:57:39.836107,330304,55.79,55.78,110,400,1729,-2371
425,BX,2020-11-06,0 days 15:57:41.836056,332033,55.81,55.78,201,800,-371,1729
426,BX,2020-11-06,0 days 15:57:42.836066,330304,55.81,55.78,201,800,1729,-371
427,BX,2020-11-06,0 days 15:57:47.836268,332033,55.81,55.79,901,600,-3371,1729
428,BX,2020-11-06,0 days 15:57:48.836691,330304,55.81,55.79,901,600,1729,-3371
429,BX,2020-11-06,0 days 15:57:56.837300,332033,55.81,55.79,1343,1071,-1171,1729
430,BX,2020-11-06,0 days 15:57:57.837285,330304,55.81,55.79,1243,971,1729,-1171
431,BX,2020-11-06,0 days 15:58:25.839256,339833,55.77,55.75,401,584,-1109,3891
432,BX,2020-11-06,0 days 15:58:26.838608,336742,55.77,55.75,401,484,3091,-1109
433,BX,2020-11-06,0 days 15:59:45.842087,346866,55.71,55.69,300,500,-2362,2168
434,BX,2020-11-06,0 days 15:59:46.841716,340898,55.69,55.65,472,100,5968,-2362
435,BX,2020-11-06,0 days 15:59:57.840890,341266,55.72,55.61,1700,100,-262,23568
436,C,2020-11-06,0 days 15:59:13.258348,894710,42.81,42.8,3605,5565,-11601,5058
437,C,2020-11-06,0 days 15:59:14.258464,887911,42.81,42.8,7005,3471,6799,-11601
438,C,2020-11-06,0 days 15:59:15.249839,895519,42.8,42.79,11321,2898,-83199,6799
439,C,2020-11-06,0 days 15:59:25.242280,885918,42.76,42.75,4100,7920,-17863,1235
440,C,2020-11-06,0 days 15:59:44.243047,987560,42.69,42.68,3705,6733,-16858,7466
441,C,2020-11-06,0 days 15:59:47.243413,969425,42.7,42.69,1900,9300,-20219,3575
442,C,2020-11-06,0 days 15:59:51.246886,947815,42.71,42.7,1800,7251,-5247,35463
443,CAG,2020-11-06,0 days 15:59:15.107141,150489,36.06,36.05,1294,444,-11110,4154
444,CAG,2020-11-06,0 days 15:59:16.107361,148399,36.05,36.04,1792,171,1546,-11110
445,CAG,2020-11-06,0 days 15:59:17.106453,151589,36.05,36.04,1792,171,-79,1546
446,CAG,2020-11-06,0 days 15:59:25.106931,150489,36.05,36.04,1045,800,-845,355
447,CAG,2020-11-06,0 days 15:59:35.108846,146272,36.06,36.05,2981,200,2317,-356
448,CAH,2020-11-06,0 days 15:57:36.239560,199449,52.67,52.66,374,239,-291,4009
449,CAH,2020-11-06,0 days 15:57:37.239446,194240,52.67,52.65,1016,200,3269,-291
450,CAH,2020-11-06,0 days 15:59:29.243326,205344,52.65,52.64,400,100,-3780,3800
451,CAH,2020-11-06,0 days 15:59:31.244387,204624,52.66,52.64,605,100,709,-1891
452,CAH,2020-11-06,0 days 15:59:47.244615,205618,52.61,52.55,627,100,1310,-5690
453,CALX,2020-11-06,0 days 15:55:00.246705,24513,26.6,26.56,102,300,-1065,3021
454,CALX,2020-11-06,0 days 15:56:03.251819,25645,26.59,26.53,765,300,95,-100
455,CALX,2020-11-06,0 days 15:56:39.252738,25740,26.59,26.56,100,205,-505,95
456,CALX,2020-11-06,0 days 15:56:40.251844,26245,26.59,26.56,100,205,295,-505
457,CALX,2020-11-06,0 days 15:56:41.252147,26140,26.59,26.56,100,205,-105,295
458,CALX,2020-11-06,0 days 15:56:47.252657,26945,26.58,26.55,509,100,182,-105
459,CALX,2020-11-06,0 days 15:57:06.252460,27627,26.69,26.56,100,200,-318,182
460,CALX,2020-11-06,0 days 15:57:07.253230,27445,26.69,26.55,100,200,182,-318
461,CALX,2020-11-06,0 days 15:57:27.252181,26932,26.67,26.55,200,200,-13,182
462,CALX,2020-11-06,0 days 15:57:28.253285,26845,26.67,26.55,100,200,87,-13
463,CALX,2020-11-06,0 days 15:59:04.258631,27643,26.55,26.54,100,300,-1009,358
464,CALX,2020-11-06,0 days 15:59:05.258876,27452,26.53,26.5,209,100,191,-1009
465,CARR,2020-11-06,0 days 15:56:27.834122,423503,38.97,38.94,104,700,-1862,2138
466,CARR,2020-11-06,0 days 15:56:28.834107,420865,38.98,38.95,700,300,2638,-1862
467,CARR,2020-11-06,0 days 15:58:03.838178,417846,39.01,38.98,5900,727,-2303,917
468,CARR,2020-11-06,0 days 15:58:15.838422,417846,39.0,38.97,2176,400,-303,1397
469,CARR,2020-11-06,0 days 15:58:18.838633,417846,38.99,38.97,200,700,-2256,197
470,CARR,2020-11-06,0 days 15:58:19.838033,416202,38.99,38.96,604,100,1644,-2256
471,CARR,2020-11-06,0 days 15:58:21.838075,417846,38.97,38.95,300,800,-203,1897
472,CARR,2020-11-06,0 days 15:58:23.838225,417549,38.99,38.96,300,100,297,-503
473,CARR,2020-11-06,0 days 15:58:26.838597,417846,39.01,38.99,2600,944,-2656,297
474,CARR,2020-11-06,0 days 15:58:31.838732,417561,39.03,39.02,548,400,-4141,5097
475,CARR,2020-11-06,0 days 15:58:32.838905,417287,39.01,39.0,200,400,274,-4141
476,CARR,2020-11-06,0 days 15:59:06.840289,421880,39.01,39.0,200,600,-2079,3406
477,CARR,2020-11-06,0 days 15:59:07.840088,446659,39.01,39.0,100,700,2394,-2079
478,CARR,2020-11-06,0 days 15:59:15.840077,422239,39.02,38.99,1476,400,-26730,2068
479,CAT,2020-11-06,0 days 15:59:15.840000,278502,161.23,161.17,161,100,-12081,2860
480,CAT,2020-11-06,0 days 15:59:17.839767,284083,161.19,161.08,261,300,817,-1074
481,CAT,2020-11-06,0 days 15:59:21.840094,284900,161.17,161.12,100,100,-435,817
482,CAT,2020-11-06,0 days 15:59:22.840594,283049,161.17,161.08,636,100,1851,-435
483,CAT,2020-11-06,0 days 15:59:29.840344,283264,161.25,161.19,200,200,-2621,1715
484,CAT,2020-11-06,0 days 15:59:30.840732,281785,161.25,161.2,205,841,1415,-2621
485,CAT,2020-11-06,0 days 15:59:31.840506,281700,161.29,161.24,100,800,-85,1415
486,CAT,2020-11-06,0 days 15:59:32.841436,281785,161.29,161.23,724,141,1415,-85
487,CAT,2020-11-06,0 days 15:59:54.842751,278892,161.43,161.24,200,100,-5471,1866
488,CAT,2020-11-06,0 days 15:59:56.840746,277154,161.43,161.23,200,100,2630,-5471
489,CAT,2020-11-06,0 days 15:59:57.840881,278892,161.43,161.22,200,300,-5471,2630
490,CAT,2020-11-06,0 days 15:59:58.839867,277154,161.43,161.23,200,100,1866,-5471
491,CCEP,2020-11-06,0 days 15:55:11.233890,51355,34.2,34.18,300,400,-22395,605
492,CCEP,2020-11-06,0 days 15:59:01.244627,81327,34.1,34.08,2100,100,15,-156
493,CCEP,2020-11-06,0 days 15:59:13.244604,81342,34.12,34.1,277,366,-27784,194
494,CCEP,2020-11-06,0 days 15:59:43.243892,118759,34.08,34.05,660,300,-2217,9583
495,CCEP,2020-11-06,0 days 15:59:46.244383,120976,34.06,34.04,100,700,878,-2533
496,CCEP,2020-11-06,0 days 15:59:48.243642,118944,34.06,34.04,100,400,-2032,2168
497,CCJ,2020-11-06,0 days 15:56:47.237792,64454,9.34,9.33,10533,13141,489,-313
498,CCJ,2020-11-06,0 days 15:56:48.237797,61743,9.34,9.33,10033,13141,-2711,489
499,CCJ,2020-11-06,0 days 15:56:51.237863,39454,9.34,9.33,10633,12935,22289,-2711
500,CCJ,2020-11-06,0 days 15:56:52.238123,34943,9.34,9.33,9033,15453,-4511,22289
501,CCJ,2020-11-06,0 days 15:59:18.242576,69311,9.34,9.33,13052,10710,382,-1732
502,CCL,2020-11-06,0 days 15:55:00.847854,402428,13.87,13.86,32206,11219,-99572,142440
503,CCL,2020-11-06,0 days 15:55:01.843493,381500,13.86,13.85,35390,5694,21833,-99572
504,CCL,2020-11-06,0 days 15:57:03.842560,408485,13.85,13.84,28182,6858,-42925,1075
505,CCL,2020-11-06,0 days 15:57:04.841380,398810,13.85,13.84,30089,5058,9675,-42925
506,CCL,2020-11-06,0 days 15:59:07.846909,419309,13.84,13.83,18423,15524,-1518,5166
507,CCL,2020-11-06,0 days 15:59:16.846121,417101,13.84,13.83,25536,14769,3708,-14992
508,CCL,2020-11-06,0 days 15:59:22.846408,420809,13.84,13.83,35799,8704,-32500,3508
509,CCL,2020-11-06,0 days 15:59:23.845965,419709,13.84,13.83,32399,10804,1100,-32500
510,CCL,2020-11-06,0 days 15:59:29.846254,420809,13.84,13.83,28118,10628,-8332,900
511,CDE,2020-11-06,0 days 15:55:00.229585,144385,8.89,8.88,10670,7932,-1010,6898
512,CDE,2020-11-06,0 days 15:55:06.229311,145395,8.89,8.88,12270,10232,3425,-1010
513,CDE,2020-11-06,0 days 15:55:07.229206,144820,8.89,8.88,11170,10132,-575,3425
514,CDE,2020-11-06,0 days 15:55:30.231835,145395,8.87,8.86,13262,13930,1097,-4522
515,CDE,2020-11-06,0 days 15:56:28.232372,147628,8.87,8.86,6320,20776,-857,1443
516,CDE,2020-11-06,0 days 15:56:44.233485,148485,8.87,8.86,6634,22176,763,-857
517,CDE,2020-11-06,0 days 15:59:04.239154,149120,8.89,8.88,9732,11353,-5619,681
518,CDE,2020-11-06,0 days 15:59:06.238692,156090,8.89,8.88,9932,11653,4130,-5619
519,CF,2020-11-06,0 days 15:59:45.847600,169003,27.32,27.31,318,1394,-7899,576
520,CF,2020-11-06,0 days 15:59:46.846919,169802,27.32,27.31,1104,1200,152,-7899
521,CFG,2020-11-06,0 days 15:55:00.848162,248507,27.82,27.81,3593,2346,17764,-55045
522,CFG,2020-11-06,0 days 15:55:01.843929,243871,27.82,27.81,3200,1940,-4636,17764
523,CFG,2020-11-06,0 days 15:57:07.841412,256551,27.77,27.76,3491,1201,2919,-5281
524,CFG,2020-11-06,0 days 15:57:08.841710,251670,27.77,27.76,2643,2865,-4881,2919
525,CFG,2020-11-06,0 days 15:59:16.846143,275868,27.72,27.71,3863,585,4988,-418
526,CFG,2020-11-06,0 days 15:59:17.845800,271856,27.72,27.71,5063,585,-4012,4988
527,CFG,2020-11-06,0 days 15:59:37.846719,281899,27.71,27.7,6400,200,1447,-953
528,CFG,2020-11-06,0 days 15:59:38.846698,280546,27.71,27.7,5200,1434,-453,1447
529,CFG,2020-11-06,0 days 15:59:48.846936,278403,27.69,27.68,1154,4200,-824,2676
530,CGC,2020-11-06,0 days 15:52:27.255694,90512,23.52,23.5,500,1707,-6197,3503
531,CGC,2020-11-06,0 days 15:54:19.257703,95309,23.33,23.31,410,500,2103,-4797
532,CGC,2020-11-06,0 days 15:55:06.247411,98709,23.34,23.31,718,1484,366,-434
533,CGC,2020-11-06,0 days 15:55:28.250992,99075,23.25,23.22,100,400,-692,708
534,CGC,2020-11-06,0 days 15:55:29.250913,98609,23.24,23.22,100,760,466,-692
535,CGC,2020-11-06,0 days 15:55:43.251372,100075,23.32,23.3,100,3693,-684,616
536,CGC,2020-11-06,0 days 15:55:44.251224,99559,23.32,23.3,100,3693,516,-684
537,CGC,2020-11-06,0 days 15:57:25.252952,97618,23.51,23.5,100,1607,-417,8683
538,CGC,2020-11-06,0 days 15:57:27.252204,100635,23.5,23.48,397,600,1683,-417
539,CGC,2020-11-06,0 days 15:57:28.253324,99918,23.51,23.49,100,1700,-717,1683
540,CGC,2020-11-06,0 days 15:57:39.252895,100635,23.51,23.5,2470,200,9883,-1727
541,CGC,2020-11-06,0 days 15:57:40.252812,99918,23.5,23.48,2746,1500,-717,9883
542,CGC,2020-11-06,0 days 15:57:42.252548,97435,23.46,23.42,300,800,2483,-717
543,CGC,2020-11-06,0 days 15:57:43.252560,97018,23.45,23.43,100,500,-417,2483
544,CGC,2020-11-06,0 days 15:58:50.257012,100010,23.51,23.49,1879,1000,-625,9875
545,CGC,2020-11-06,0 days 15:59:15.249872,102526,23.46,23.44,150,200,339,-561
546,CGC,2020-11-06,0 days 15:59:16.242087,102065,23.46,23.44,350,300,-461,339
547,CGC,2020-11-06,0 days 15:59:20.242778,103426,23.5,23.48,1583,200,321,-561
548,CGC,2020-11-06,0 days 15:59:21.242027,103347,23.51,23.49,800,100,-79,321
549,CGC,2020-11-06,0 days 15:59:23.242294,108626,23.5,23.48,100,200,507,-79
550,CHWY,2020-11-06,0 days 15:55:46.251537,30828,70.38,70.34,639,500,-36,264
551,CHWY,2020-11-06,0 days 15:55:47.252847,30764,70.38,70.34,639,500,164,-36
552,CHWY,2020-11-06,0 days 15:56:59.255157,35064,70.47,70.45,100,302,337,-263
553,CHWY,2020-11-06,0 days 15:57:11.251897,35688,70.4,70.32,100,300,-876,737
554,CHWY,2020-11-06,0 days 15:57:12.251517,35364,70.4,70.32,200,300,37,-876
555,CHWY,2020-11-06,0 days 15:57:49.252927,35401,70.4,70.35,100,304,-1463,137
556,CHWY,2020-11-06,0 days 15:58:01.256161,34125,70.36,70.35,120,502,-239,337
557,CHWY,2020-11-06,0 days 15:58:21.255692,33836,70.29,70.23,600,200,10,-855
558,CHWY,2020-11-06,0 days 15:58:23.254894,32746,70.29,70.24,600,124,-990,10
559,CHWY,2020-11-06,0 days 15:59:03.258833,39035,70.34,70.32,100,313,214,-3599
560,CHX,2020-11-06,0 days 15:55:00.835181,110002,8.31,8.3,602,1726,14474,-35834
561,CHX,2020-11-06,0 days 15:55:01.832191,108376,8.31,8.3,602,1626,-1626,14474
562,CHX,2020-11-06,0 days 15:59:18.839887,134411,8.34,8.33,2100,444,14535,-1015
563,CHX,2020-11-06,0 days 15:59:46.841649,134430,8.36,8.35,1140,400,4045,-3113
564,CI,2020-11-06,0 days 15:55:00.836111,134467,202.15,201.98,100,207,-22027,14307
565,CI,2020-11-06,0 days 15:55:35.835140,146056,201.55,201.32,516,100,208,-9397
566,CI,2020-11-06,0 days 15:56:45.835092,137372,201.15,201.03,411,100,-75,719
567,CI,2020-11-06,0 days 15:56:46.835627,137144,201.15,201.03,409,300,228,-75
568,CI,2020-11-06,0 days 15:58:01.837991,164000,201.15,201.07,395,440,-582,3006
569,CI,2020-11-06,0 days 15:58:02.838259,161282,201.06,200.79,300,300,2718,-582
570,CI,2020-11-06,0 days 15:58:15.838422,162101,201.0,200.93,899,100,-743,1157
571,CI,2020-11-06,0 days 15:58:29.838722,154244,201.06,201.0,100,300,8556,-2743
572,CI,2020-11-06,0 days 15:58:31.838732,161300,201.21,201.15,220,100,-244,2256
573,CI,2020-11-06,0 days 15:58:32.838914,159344,201.21,201.15,214,390,1261,-244
574,CI,2020-11-06,0 days 15:59:10.841152,185830,201.13,201.03,486,100,-1677,538
575,CI,2020-11-06,0 days 15:59:11.840608,183407,201.13,201.03,486,100,2423,-1677
576,CI,2020-11-06,0 days 15:59:12.841626,185830,201.13,201.03,486,100,-11315,2423
577,CI,2020-11-06,0 days 15:59:13.840575,182743,201.11,201.03,610,100,5087,-11315
578,CI,2020-11-06,0 days 15:59:32.841449,190875,201.23,201.12,300,500,-281,414
579,CI,2020-11-06,0 days 15:59:33.840501,190356,201.22,201.04,557,200,2714,-281
580,CI,2020-11-06,0 days 15:59:38.841315,190875,201.25,201.12,502,300,-281,1914
581,CI,2020-11-06,0 days 15:59:40.840936,189281,201.34,201.18,100,100,1594,-281
582,CI,2020-11-06,0 days 15:59:51.841502,190894,201.57,201.31,200,448,-550,4575
583,CIG,2020-11-06,0 days 15:56:00.236860,537850,2.14,2.13,168005,250447,18483,-4867
584,CIG,2020-11-06,0 days 15:59:01.244507,560927,2.15,2.14,289609,624209,-38073,246927
585,CIG,2020-11-06,0 days 15:59:02.244379,543700,2.15,2.14,289609,624209,17227,-38073
586,CIM,2020-11-06,0 days 15:55:00.834169,85421,8.84,8.83,13282,15067,23985,-33549
587,CIM,2020-11-06,0 days 15:55:01.831874,82106,8.84,8.83,15482,14667,-3315,23985
588,CIM,2020-11-06,0 days 15:59:46.841458,113201,8.83,8.82,11873,19418,4424,-1991
589,CIM,2020-11-06,0 days 15:59:47.842978,111725,8.83,8.82,8773,19818,-1476,4424
590,CL,2020-11-06,0 days 15:59:08.238411,384177,82.92,82.91,486,100,-909,6742
591,CL,2020-11-06,0 days 15:59:10.239005,378234,82.9,82.88,1084,300,6034,-8957
592,CL,2020-11-06,0 days 15:59:15.239283,384268,82.89,82.88,104,337,-26271,6034
593,CL,2020-11-06,0 days 15:59:16.236735,381039,82.89,82.88,529,140,3229,-26271
594,CL,2020-11-06,0 days 15:59:39.237792,388818,82.93,82.89,600,400,-3655,2067
595,CL,2020-11-06,0 days 15:59:40.237650,387483,82.9,82.89,100,100,1335,-3655
596,CLDR,2020-11-06,0 days 15:55:00.228752,105433,10.44,10.43,1866,4050,-2730,6967
597,CLDR,2020-11-06,0 days 15:55:01.230779,102863,10.44,10.43,2984,2900,2570,-2730
598,CLDR,2020-11-06,0 days 15:56:44.233359,121032,10.43,10.42,1030,10371,-551,1869
599,CLDR,2020-11-06,0 days 15:56:45.233114,119483,10.43,10.42,1253,10163,1549,-551
600,CLDR,2020-11-06,0 days 15:58:49.236926,132035,10.43,10.42,3636,3901,-611,1480
601,CLDR,2020-11-06,0 days 15:58:59.237198,132646,10.43,10.42,6866,3801,4079,-11
602,CLDR,2020-11-06,0 days 15:59:10.239102,138337,10.43,10.42,4843,3166,443,-457
603,CLDR,2020-11-06,0 days 15:59:13.238211,138780,10.43,10.42,5263,4085,-294,443
604,CLDR,2020-11-06,0 days 15:59:14.238344,138474,10.43,10.42,4663,4183,306,-294
605,CLDR,2020-11-06,0 days 15:59:27.237858,139380,10.41,10.4,7816,2600,-1946,452
606,CLDR,2020-11-06,0 days 15:59:28.236914,139126,10.41,10.4,8717,2700,254,-1946
607,CLDR,2020-11-06,0 days 15:59:31.239026,139380,10.41,10.4,8817,3600,-953,254
608,CLDR,2020-11-06,0 days 15:59:32.237206,138233,10.41,10.4,7917,6719,1147,-953
609,CLDR,2020-11-06,0 days 15:59:36.238088,139380,10.41,10.4,10108,3200,-753,1147
610,CLDR,2020-11-06,0 days 15:59:37.237042,139233,10.41,10.4,9708,7219,147,-753
611,CLF,2020-11-06,0 days 15:55:00.211158,167898,8.38,8.37,20944,8858,2125,-24264
612,CLF,2020-11-06,0 days 15:59:42.218786,248946,8.37,8.36,36934,4705,29247,-4953
613,CLNY,2020-11-06,0 days 15:59:13.107466,294505,3.75,3.74,3795,5732,-3301,14861
614,CLNY,2020-11-06,0 days 15:59:14.107917,287506,3.75,3.74,3541,5532,6999,-3301
615,CLR,2020-11-06,0 days 15:55:17.098769,142891,12.3,12.29,1800,700,16413,-4582
616,CLR,2020-11-06,0 days 15:55:18.098373,139904,12.3,12.29,4207,1100,-2987,16413
617,CLR,2020-11-06,0 days 15:55:38.099203,143314,12.3,12.29,5187,2414,1447,-3400
618,CLR,2020-11-06,0 days 15:55:39.099776,140761,12.3,12.29,4840,2314,-2553,1447
619,CLR,2020-11-06,0 days 15:59:49.100128,179486,12.28,12.27,4342,1100,-314,3886
620,CMA,2020-11-06,0 days 15:59:15.107099,135711,44.95,44.93,935,531,-7571,1659
621,CMA,2020-11-06,0 days 15:59:16.107315,131696,44.93,44.91,2048,329,4815,-7571
622,CMA,2020-11-06,0 days 15:59:47.108490,136711,44.89,44.88,746,537,-3812,88
623,CMA,2020-11-06,0 days 15:59:48.109478,135123,44.89,44.87,935,200,1588,-3812
624,CNC,2020-11-06,0 days 15:55:00.846648,194799,67.97,67.95,200,404,-32687,37166
625,CNC,2020-11-06,0 days 15:55:01.843142,193286,67.96,67.91,300,483,2369,-32687
626,CNC,2020-11-06,0 days 15:55:21.845105,198025,67.87,67.85,1271,481,-628,2698
627,CNC,2020-11-06,0 days 15:55:22.846530,196553,67.86,67.85,200,281,1472,-628
628,CNC,2020-11-06,0 days 15:56:03.846254,204469,67.88,67.87,300,800,-1119,1886
629,CNC,2020-11-06,0 days 15:56:04.846333,202688,67.88,67.86,500,839,1581,-1119
630,CNC,2020-11-06,0 days 15:57:36.842358,267876,67.97,67.93,200,300,-1123,1877
631,CNC,2020-11-06,0 days 15:57:37.841880,262999,67.97,67.93,691,300,4877,-1123
632,CNC,2020-11-06,0 days 15:58:03.843473,266584,67.94,67.92,100,258,-236,3785
633,CNC,2020-11-06,0 days 15:58:31.844500,266584,68.04,68.01,222,323,-31,69
634,CNC,2020-11-06,0 days 15:58:35.845253,261115,68.01,67.99,300,500,5469,-3031
635,CNC,2020-11-06,0 days 15:58:48.845227,266584,68.04,67.99,1100,100,-31,2969
636,CNC,2020-11-06,0 days 15:59:03.847093,266883,68.07,68.01,1000,300,-234,2766
637,CNC,2020-11-06,0 days 15:59:05.846809,254126,68.03,67.98,312,100,11537,-6131
638,CNC,2020-11-06,0 days 15:59:09.847323,266589,68.06,67.99,100,500,1437,-6363
639,CNC,2020-11-06,0 days 15:59:13.847141,268026,68.06,68.04,100,300,-19047,4937
640,CNC,2020-11-06,0 days 15:59:14.847093,264173,68.04,67.99,432,769,3853,-19047
641,CNC,2020-11-06,0 days 15:59:19.845696,262373,68.05,68.0,100,200,3574,-2026
642,CNC,2020-11-06,0 days 15:59:20.845158,265947,68.08,68.0,900,100,-2121,3574
643,CNC,2020-11-06,0 days 15:59:22.846333,265868,68.1,68.05,300,100,79,-6721
644,CNC,2020-11-06,0 days 15:59:36.846203,277555,67.94,67.92,400,216,383,-889
645,CNC,2020-11-06,0 days 15:59:39.847366,277020,67.93,67.91,400,194,-235,383
646,CNC,2020-11-06,0 days 15:59:45.847705,278522,67.96,67.89,317,300,5661,-486
647,CNC,2020-11-06,0 days 15:59:46.846966,278283,67.96,67.89,317,300,-6307,5661
648,CNC,2020-11-06,0 days 16:00:00.844797,288187,68.59,66.91,100,100,5096,-1067
649,CNHI,2020-11-06,0 days 15:55:00.846335,35505,9.38,9.37,11059,20607,-31121,13846
650,CNHI,2020-11-06,0 days 15:59:46.846784,74983,9.31,9.3,22086,24424,-1144,7423
651,CNK,2020-11-06,0 days 15:59:16.107565,190187,8.98,8.97,1213,3300,-2109,8651
652,CNK,2020-11-06,0 days 15:59:21.107541,184118,8.97,8.96,2400,1600,6069,-2109
653,CNK,2020-11-06,0 days 15:59:47.108854,198889,8.98,8.97,1600,5080,-1188,7175
654,CNP,2020-11-06,0 days 15:55:00.232069,254812,22.83,22.82,6320,2584,-2204,3686
655,CNP,2020-11-06,0 days 15:55:01.233470,254416,22.83,22.82,7807,2517,396,-2204
656,CNP,2020-11-06,0 days 15:56:02.236419,259594,22.83,22.82,664,9010,-616,486
657,CNP,2020-11-06,0 days 15:56:03.237194,258910,22.83,22.82,1185,9010,684,-616
658,CNP,2020-11-06,0 days 15:56:46.236989,264421,22.86,22.85,4984,1980,-3249,303
659,CNP,2020-11-06,0 days 15:56:53.237785,261670,22.86,22.85,5122,2565,951,-649
660,CNP,2020-11-06,0 days 15:57:20.237993,266213,22.86,22.85,5475,2894,-1357,643
661,CNP,2020-11-06,0 days 15:58:06.240810,288335,22.86,22.85,3377,4803,-1770,530
662,CNP,2020-11-06,0 days 15:58:08.241361,290105,22.86,22.85,4683,4894,2030,-1770
663,CNP,2020-11-06,0 days 15:58:09.241874,288335,22.86,22.85,4883,3574,-1770,2030
664,CNP,2020-11-06,0 days 15:58:30.242501,290307,22.86,22.85,4260,4153,4828,-7472
665,CNP,2020-11-06,0 days 15:58:31.242421,289035,22.86,22.85,3315,4753,-1272,4828
666,CNP,2020-11-06,0 days 15:58:53.242852,295707,22.87,22.86,5498,3015,2043,-297
667,CNP,2020-11-06,0 days 15:58:54.242414,294450,22.87,22.86,4884,4922,-1257,2043
668,CNP,2020-11-06,0 days 15:59:01.244057,291653,22.87,22.86,4456,3536,3462,-1956
669,CNP,2020-11-06,0 days 15:59:03.244287,291076,22.87,22.86,2331,5229,-577,823
670,CNP,2020-11-06,0 days 15:59:08.244125,292213,22.87,22.86,400,7479,3031,-1112
671,CNP,2020-11-06,0 days 15:59:13.244193,331093,22.86,22.85,700,5622,-3152,1752
672,CNP,2020-11-06,0 days 15:59:30.246092,344685,22.86,22.85,3989,4899,-2228,3328
673,CNP,2020-11-06,0 days 15:59:40.243960,346913,22.85,22.84,3786,2704,39072,-8428
674,CNP,2020-11-06,0 days 15:59:41.243359,345485,22.85,22.84,5286,2395,-1428,39072
675,CNP,2020-11-06,0 days 15:59:43.243256,346965,22.85,22.84,3284,2751,13470,-1454
676,CNQ,2020-11-06,0 days 15:55:00.970469,40842,16.42,16.41,3221,8040,-16570,10449
677,CNQ,2020-11-06,0 days 15:55:01.967293,40212,16.42,16.41,7249,2200,630,-16570
678,CNQ,2020-11-06,0 days 15:55:29.968306,40842,16.41,16.4,3523,5733,-910,630
679,CNQ,2020-11-06,0 days 15:55:30.967899,40412,16.41,16.4,3523,5733,430,-910
680,CNQ,2020-11-06,0 days 15:56:04.969229,41042,16.42,16.41,3702,6900,-258,630
681,CNQ,2020-11-06,0 days 15:56:05.968825,40600,16.42,16.41,3702,6500,442,-258
682,CNQ,2020-11-06,0 days 15:57:11.971538,41042,16.41,16.4,10674,1900,-76,1554
683,CNQ,2020-11-06,0 days 15:57:43.972512,41118,16.41,16.4,9328,1700,224,-76
684,CNQ,2020-11-06,0 days 15:58:58.975789,41923,16.41,16.4,8418,3416,-120,180
685,COF,2020-11-06,0 days 15:55:21.212557,146436,77.88,77.86,100,300,-659,317
686,COF,2020-11-06,0 days 15:59:13.218689,223211,77.68,77.65,300,100,-16385,4523
687,COF,2020-11-06,0 days 15:59:14.218770,220196,77.67,77.62,300,200,14058,-16385
688,COF,2020-11-06,0 days 15:59:29.218383,233072,77.69,77.67,236,100,-3272,2414
689,COF,2020-11-06,0 days 15:59:55.217964,235232,77.78,77.72,200,2400,-3179,115
690,COG,2020-11-06,0 days 15:55:35.099166,253964,16.46,16.45,4270,8212,-338,6762
691,COP,2020-11-06,0 days 15:56:02.105464,534224,29.22,29.21,4917,5139,3821,-3579
692,COP,2020-11-06,0 days 15:56:03.106638,531545,29.24,29.22,4121,14305,-2679,3821
693,COP,2020-11-06,0 days 15:58:38.107315,574890,29.21,29.2,400,3140,-974,2226
694,COTY,2020-11-06,0 days 15:55:00.834085,295627,4.1,4.09,27421,1873,20048,-45204
695,COTY,2020-11-06,0 days 15:55:01.831776,284675,4.1,4.09,25921,643,-10952,20048
696,COTY,2020-11-06,0 days 15:56:14.833617,302226,4.1,4.09,12555,20241,3858,-842
697,COTY,2020-11-06,0 days 15:56:15.833777,292584,4.1,4.09,11147,22641,-9642,3858
698,COTY,2020-11-06,0 days 15:59:24.840017,333914,4.09,4.08,3653,10106,-6053,22147
699,CPRI,2020-11-06,0 days 15:57:14.209621,154216,24.97,24.96,3523,700,-5999,3301
700,CPRI,2020-11-06,0 days 15:57:15.209701,150485,24.96,24.95,1000,300,3731,-5999
701,CPRI,2020-11-06,0 days 15:57:37.210392,151138,24.94,24.93,900,591,3278,-4948
702,CPRI,2020-11-06,0 days 15:58:00.211548,148814,24.92,24.91,710,800,-2050,6452
703,CPRI,2020-11-06,0 days 15:58:01.212497,147164,24.92,24.91,1097,200,1650,-2050
704,CPRI,2020-11-06,0 days 15:58:35.212813,146333,24.95,24.94,600,862,2691,-6209
705,CPRI,2020-11-06,0 days 15:59:06.214324,142188,24.94,24.93,860,668,-5005,1963
706,CPRI,2020-11-06,0 days 15:59:07.214458,149867,24.92,24.9,1456,800,2158,-5005
707,CPRI,2020-11-06,0 days 15:59:20.213632,143619,24.95,24.94,500,942,933,-7067
708,CRM,2020-11-06,0 days 15:56:39.237849,276615,260.77,260.59,100,100,-2039,3661
709,CRM,2020-11-06,0 days 15:56:40.237629,273654,260.77,260.56,100,200,2961,-2039
710,CRM,2020-11-06,0 days 15:57:38.239552,285002,260.55,260.5,300,300,-713,987
711,CRM,2020-11-06,0 days 15:57:45.239901,278722,260.42,260.36,200,100,5053,-4047
712,CRM,2020-11-06,0 days 15:58:20.243269,289402,260.46,260.35,400,200,-104,3396
713,CRM,2020-11-06,0 days 15:58:21.242539,286606,260.44,260.35,200,100,2796,-104
714,CRM,2020-11-06,0 days 15:58:29.243107,287099,260.54,260.46,200,100,2303,-497
715,CRM,2020-11-06,0 days 15:59:15.243290,298663,260.22,260.15,100,500,-12604,8392
716,CRM,2020-11-06,0 days 15:59:16.243055,296484,260.2,260.11,400,100,2679,-12604
717,CRM,2020-11-06,0 days 15:59:19.242096,299215,260.15,260.0,131,106,-1069,8731
718,CRM,2020-11-06,0 days 15:59:20.242744,297384,260.15,260.0,131,106,1831,-1069
719,CRM,2020-11-06,0 days 15:59:25.242854,302315,260.1,260.0,100,106,-743,1788
720,CRM,2020-11-06,0 days 15:59:30.246538,300191,260.18,260.0,200,303,2124,-10351
721,CRM,2020-11-06,0 days 15:59:38.243411,302315,260.03,259.88,100,200,-479,3921
722,CRM,2020-11-06,0 days 15:59:43.243822,297997,260.19,260.04,100,549,4318,-3744
723,CRM,2020-11-06,0 days 15:59:44.243822,302315,260.19,260.06,100,600,-944,4318
724,CRM,2020-11-06,0 days 15:59:54.245606,299663,260.34,260.05,200,100,-231,3062
725,CS,2020-11-06,0 days 15:55:00.835984,58484,10.61,10.6,31262,45921,7536,-36193
726,CS,2020-11-06,0 days 15:55:01.832482,55520,10.61,10.6,43939,32519,-2964,7536
727,CS,2020-11-06,0 days 15:59:19.840305,58636,10.58,10.57,36998,81271,-1478,1189
728,CS,2020-11-06,0 days 15:59:45.842020,60114,10.58,10.57,105602,6266,4552,-1027
729,CS,2020-11-06,0 days 15:59:46.841679,59266,10.58,10.57,103302,7866,-808,4552
730,CTVA,2020-11-06,0 days 15:55:01.211885,267935,33.78,33.77,1000,996,-201,1399
731,CTVA,2020-11-06,0 days 15:59:09.220447,329464,33.72,33.71,100,512,-3484,628
732,CTVA,2020-11-06,0 days 15:59:22.217864,330111,33.69,33.68,881,743,-3062,1234
733,CTVA,2020-11-06,0 days 15:59:43.218892,333173,33.71,33.7,1061,750,3754,-892
734,CTVA,2020-11-06,0 days 15:59:44.218938,331927,33.71,33.7,261,300,-1246,3754
735,CTVA,2020-11-06,0 days 15:59:46.220004,333173,33.71,33.7,629,438,3,-1246
736,CVE,2020-11-06,0 days 15:57:06.835841,10973,3.59,3.58,438481,167700,-4369,3631
737,CVS,2020-11-06,0 days 15:55:01.843046,502572,65.05,65.04,200,1367,-2881,57002
738,CVS,2020-11-06,0 days 15:56:06.846662,593015,65.03,65.01,300,1220,1543,-57
739,CVS,2020-11-06,0 days 15:56:07.846444,584458,65.03,65.01,100,1100,-8499,1543
740,CVS,2020-11-06,0 days 15:56:31.846729,593629,65.02,65.0,502,921,891,-267
741,CVS,2020-11-06,0 days 15:56:32.846829,590820,65.02,65.01,200,500,-2809,891
742,CVS,2020-11-06,0 days 15:57:34.842129,595139,65.0,64.99,100,700,2101,-1999
743,CVS,2020-11-06,0 days 15:57:36.842310,593740,65.04,65.03,500,252,-1458,2642
744,CVS,2020-11-06,0 days 15:57:38.843440,600356,65.03,65.02,300,1300,589,-153
745,CVS,2020-11-06,0 days 15:57:39.841832,601045,65.06,65.04,413,600,-3011,589
746,CVS,2020-11-06,0 days 15:57:40.841920,600603,65.07,65.05,437,700,442,-3011
747,CVS,2020-11-06,0 days 15:57:45.842489,613245,65.03,65.02,300,700,-6053,1789
748,CVS,2020-11-06,0 days 15:57:46.842194,611498,65.02,65.0,355,800,5147,-6053
749,CVS,2020-11-06,0 days 15:57:50.842689,621551,65.0,64.98,758,500,-1188,3505
750,CVS,2020-11-06,0 days 15:57:51.842599,619039,64.99,64.98,200,500,4212,-1188
751,CVS,2020-11-06,0 days 15:57:52.842235,623451,65.0,64.99,707,100,-388,4212
752,CVS,2020-11-06,0 days 15:57:53.842702,620739,65.0,64.98,607,500,3212,-388
753,CVS,2020-11-06,0 days 15:58:10.843585,644033,65.01,64.98,700,600,-1170,1604
754,CVS,2020-11-06,0 days 15:58:11.843887,639003,64.99,64.97,100,100,5030,-1170
755,CVS,2020-11-06,0 days 15:59:09.847323,638878,64.92,64.9,700,500,-7203,3074
756,CVS,2020-11-06,0 days 15:59:10.847314,638838,64.92,64.9,400,1076,40,-7203
757,CVS,2020-11-06,0 days 15:59:15.845432,651500,64.92,64.91,184,200,-35581,4467
758,CVS,2020-11-06,0 days 15:59:16.845970,650881,64.92,64.9,484,1500,619,-35581
759,CVS,2020-11-06,0 days 15:59:17.845673,651500,64.93,64.91,200,200,-1690,619
760,CVS,2020-11-06,0 days 15:59:18.845449,651185,64.93,64.91,300,400,115,-1690
761,CVS,2020-11-06,0 days 15:59:23.845842,641909,65.01,64.97,500,600,-9392,858
762,CVS,2020-11-06,0 days 15:59:24.845949,646043,64.98,64.95,100,500,6566,-9392
763,CVS,2020-11-06,0 days 15:59:27.845699,654425,64.99,64.94,200,100,-497,740
764,CVS,2020-11-06,0 days 15:59:28.846351,653880,64.97,64.95,300,200,545,-497
765,CVS,2020-11-06,0 days 15:59:40.847641,659318,64.92,64.9,100,100,-9509,21891
766,CVS,2020-11-06,0 days 15:59:41.846477,658727,64.91,64.89,300,200,10891,-9509
767,CVS,2020-11-06,0 days 15:59:44.846867,662770,64.91,64.89,100,300,11148,-8252
768,CVS,2020-11-06,0 days 15:59:46.846919,663618,64.97,64.91,400,100,-8914,1386
769,CVS,2020-11-06,0 days 15:59:47.846740,664042,64.97,64.92,600,220,1634,-8914
770,CVS,2020-11-06,0 days 15:59:55.844865,662042,65.01,64.89,500,2091,-71732,19568
771,CVS,2020-11-06,0 days 15:59:59.846935,656603,64.99,64.93,100,200,5539,-78590
772,CVS,2020-11-06,0 days 16:00:00.844737,662042,65.04,64.92,400,1200,-71732,5539
773,CVX,2020-11-06,0 days 15:55:00.836111,762414,71.41,71.4,400,300,-53809,174130
774,CVX,2020-11-06,0 days 15:55:01.832666,754923,71.38,71.37,368,100,7491,-53809
775,CVX,2020-11-06,0 days 15:56:02.834143,789201,71.27,71.25,1639,1600,-17197,10243
776,CVX,2020-11-06,0 days 15:56:11.833991,780380,71.25,71.24,219,2302,8943,-17075
777,CVX,2020-11-06,0 days 15:59:15.840036,905748,71.17,71.16,1427,200,-64915,8110
778,CVX,2020-11-06,0 days 15:59:16.839809,907291,71.11,71.1,400,910,14268,-64915
779,CVX,2020-11-06,0 days 15:59:40.840936,933949,71.08,71.07,305,388,-45023,5178
780,CVX,2020-11-06,0 days 15:59:41.840913,930572,71.07,71.06,805,200,9478,-45023
781,CVX,2020-11-06,0 days 15:59:43.841206,932181,71.12,71.08,400,700,-531,7346
782,CVX,2020-11-06,0 days 15:59:46.841716,925134,71.1,71.07,687,500,2847,-7653
783,CVX,2020-11-06,0 days 15:59:47.843148,927981,71.09,71.07,100,600,-80,2847
784,CVX,2020-11-06,0 days 15:59:48.841571,925474,71.1,71.07,587,300,7007,-80
785,CVX,2020-11-06,0 days 15:59:54.842774,912170,71.16,71.12,400,1100,-3904,10107
786,CX,2020-11-06,0 days 15:55:00.969070,40665,4.05,4.04,45199,69416,2885,-9963
787,CX,2020-11-06,0 days 15:57:20.970757,45044,4.05,4.04,88119,36337,-7357,2643
788,CX,2020-11-06,0 days 15:58:12.973047,48055,4.04,4.03,154330,76493,869,-411
789,CX,2020-11-06,0 days 15:58:48.974886,49424,4.04,4.03,150516,74193,-4234,1369
790,CX,2020-11-06,0 days 15:59:15.978100,49805,4.03,4.02,170275,54113,-4629,9078
791,CX,2020-11-06,0 days 15:59:34.979404,54489,4.03,4.02,184375,48213,9187,-2484
792,CXO,2020-11-06,0 days 15:57:42.102840,889813,42.34,42.33,807,389,3150,-2150
793,CXO,2020-11-06,0 days 15:58:04.104682,894278,42.34,42.33,300,1500,-8668,5765
794,CXO,2020-11-06,0 days 15:58:05.104804,888946,42.35,42.33,1238,1100,4032,-8668
795,CXO,2020-11-06,0 days 15:59:45.101715,908082,42.34,42.33,100,100,1140,-9460
796,CXO,2020-11-06,0 days 15:59:46.100776,910522,42.35,42.33,797,100,-1477,1140
797,CXO,2020-11-06,0 days 15:59:48.101444,908299,42.35,42.33,497,100,923,-1477
798,CXW,2020-11-06,0 days 15:57:07.234233,95508,6.01,6.0,5309,6221,3,-3497
799,CXW,2020-11-06,0 days 15:57:21.234185,95511,6.01,6.0,4249,6485,-210,3
800,CXW,2020-11-06,0 days 15:57:22.233906,95721,6.01,6.0,4656,6485,1296,-210
801,CXW,2020-11-06,0 days 15:57:23.233700,92717,6.01,6.0,4556,6485,-3004,1296
802,CXW,2020-11-06,0 days 15:58:10.236847,95721,6.01,6.0,4062,9434,1914,-1504
803,CXW,2020-11-06,0 days 15:58:11.235252,93235,6.01,6.0,4062,9634,-2486,1914
804,CXW,2020-11-06,0 days 15:59:02.237816,96502,6.0,5.99,3180,7639,1892,-891
805,CXW,2020-11-06,0 days 15:59:03.239247,94894,6.0,5.99,2507,8339,-1608,1892
806,CXW,2020-11-06,0 days 15:59:25.237697,96887,6.0,5.99,13500,4370,279,-1372
807,CXW,2020-11-06,0 days 15:59:30.240755,95666,6.01,6.0,4300,7101,-1221,779
808,CXW,2020-11-06,0 days 15:59:45.239196,97069,6.01,6.0,5800,4888,3297,-1903
809,CXW,2020-11-06,0 days 15:59:46.238326,96966,6.01,6.0,3824,4888,-103,3297
810,CYH,2020-11-06,0 days 15:57:09.837062,84768,9.57,9.56,1406,1685,665,-1425
811,CYH,2020-11-06,0 days 15:57:48.836680,85433,9.58,9.57,1611,756,-1335,462
812,CYH,2020-11-06,0 days 15:59:19.840305,96410,9.59,9.58,1464,800,549,-624
813,D,2020-11-06,0 days 15:59:16.217303,285768,83.6,83.58,400,291,-14870,4943
814,D,2020-11-06,0 days 15:59:17.217843,284838,83.58,83.56,610,200,3936,-14870
815,D,2020-11-06,0 days 15:59:39.219740,300135,83.64,83.61,242,1267,-975,1325
816,DAL,2020-11-06,0 days 15:58:30.845126,525758,31.47,31.46,883,11219,1028,-6572
817,DAL,2020-11-06,0 days 15:59:22.846440,567225,31.42,31.41,3129,5404,-1123,2538
818,DAL,2020-11-06,0 days 15:59:35.847256,554527,31.42,31.41,2300,9503,3540,-3002
819,DAL,2020-11-06,0 days 15:59:41.846600,558067,31.43,31.42,2800,6725,-8560,10640
820,DAL,2020-11-06,0 days 15:59:57.845122,558947,31.43,31.42,780,3400,507,-50525
821,DB,2020-11-06,0 days 15:59:46.847320,54827,10.17,10.15,206586,60424,-879,1421
822,DD,2020-11-06,0 days 15:55:00.229938,526733,59.71,59.69,300,401,-417934,71620
823,DD,2020-11-06,0 days 15:59:15.239582,949582,59.68,59.63,100,100,-4683,2917
824,DD,2020-11-06,0 days 15:59:20.237358,953718,59.65,59.6,100,200,-4165,1835
825,DD,2020-11-06,0 days 15:59:22.237448,957973,59.58,59.56,200,100,9254,-4165
826,DD,2020-11-06,0 days 15:59:23.237247,951593,59.62,59.59,100,100,-6390,9254
827,DD,2020-11-06,0 days 15:59:39.237923,960048,59.66,59.64,100,910,-366,9334
828,DD,2020-11-06,0 days 15:59:56.238006,972557,59.63,59.59,284,100,-4022,17530
829,DD,2020-11-06,0 days 15:59:57.239694,976579,59.63,59.59,284,200,17530,-4022
830,DD,2020-11-06,0 days 15:59:58.238894,972557,59.66,59.6,300,100,-4022,17530
831,DDD,2020-11-06,0 days 15:58:35.234898,118672,6.25,6.24,1000,5203,568,-932
832,DDD,2020-11-06,0 days 15:58:59.235847,119740,6.25,6.24,1400,3600,-2325,2085
833,DDD,2020-11-06,0 days 15:59:00.238725,118765,6.25,6.24,1900,3600,775,-2325
834,DE,2020-11-06,0 days 15:59:09.108017,108121,247.61,247.38,200,300,-1291,179
835,DE,2020-11-06,0 days 15:59:10.108290,107612,247.61,247.38,458,458,509,-1291
836,DE,2020-11-06,0 days 15:59:24.101714,108132,247.56,247.46,200,300,-226,385
837,DE,2020-11-06,0 days 15:59:33.103040,107909,247.66,247.57,845,100,226,-996
838,DE,2020-11-06,0 days 15:59:41.100355,108135,247.63,247.48,150,600,-1263,1448
839,DE,2020-11-06,0 days 15:59:42.100423,108009,247.62,247.48,150,500,126,-1263
840,DE,2020-11-06,0 days 15:59:45.101715,108940,247.62,247.55,100,100,-80,81
841,DFS,2020-11-06,0 days 15:55:00.834554,271591,68.2,68.18,300,100,-8615,14019
842,DFS,2020-11-06,0 days 15:55:01.832069,270006,68.18,68.14,373,900,2038,-8615
843,DFS,2020-11-06,0 days 15:55:21.832868,273404,68.13,68.1,881,600,-115,2765
844,DFS,2020-11-06,0 days 15:55:23.833400,272018,68.11,68.08,100,500,1388,-97
845,DFS,2020-11-06,0 days 15:56:52.835436,275557,68.05,68.01,420,300,-411,1489
846,DFS,2020-11-06,0 days 15:56:53.835369,273968,68.05,68.01,836,200,1489,-411
847,DFS,2020-11-06,0 days 15:57:34.836089,279284,67.98,67.96,420,500,-534,566
848,DFS,2020-11-06,0 days 15:57:35.835942,276718,67.98,67.96,300,538,2166,-534
849,DFS,2020-11-06,0 days 15:57:38.837276,279184,68.04,68.0,200,100,-3734,166
850,DFS,2020-11-06,0 days 15:57:39.836077,278618,68.02,68.0,229,200,266,-3734
851,DFS,2020-11-06,0 days 15:58:18.838605,279662,68.03,68.0,300,500,-518,582
852,DFS,2020-11-06,0 days 15:58:19.837999,279080,68.03,68.0,349,650,382,-518
853,DFS,2020-11-06,0 days 15:58:20.838422,279662,68.05,68.0,500,450,-2618,382
854,DFS,2020-11-06,0 days 15:58:23.838191,279138,68.03,68.0,253,659,324,-1176
855,DFS,2020-11-06,0 days 15:58:25.839212,279562,68.07,68.03,450,200,-1076,324
856,DFS,2020-11-06,0 days 15:58:28.838845,279038,68.05,68.02,991,300,424,-1976
857,DFS,2020-11-06,0 days 15:59:07.839965,280107,68.0,67.97,300,499,-5859,692
858,DFS,2020-11-06,0 days 15:59:16.839730,280470,67.99,67.97,300,399,-1696,244
859,DFS,2020-11-06,0 days 15:59:30.840638,291503,67.99,67.97,100,197,3367,-6033
860,DFS,2020-11-06,0 days 15:59:31.840475,290970,68.0,67.97,100,197,-233,3367
861,DFS,2020-11-06,0 days 15:59:35.841166,289803,67.94,67.91,100,283,391,-209
862,DHI,2020-11-06,0 days 15:55:00.096850,246134,70.91,70.89,300,400,-3644,6319
863,DHI,2020-11-06,0 days 15:57:09.102298,256323,70.69,70.67,300,955,16456,-1644
864,DHI,2020-11-06,0 days 15:57:10.102617,253150,70.73,70.72,100,250,-3173,16456
865,DHI,2020-11-06,0 days 15:58:19.104259,255813,70.68,70.66,300,400,216,-1284
866,DHI,2020-11-06,0 days 15:58:20.105099,254529,70.69,70.66,100,500,-1284,216
867,DHI,2020-11-06,0 days 15:58:22.104544,255813,70.69,70.68,691,200,916,-1284
868,DHI,2020-11-06,0 days 15:58:23.104656,254529,70.69,70.68,390,202,-1284,916
869,DHI,2020-11-06,0 days 15:58:25.104677,255813,70.69,70.68,385,202,216,-1284
870,DHI,2020-11-06,0 days 15:58:26.104881,252729,70.69,70.68,385,776,-3084,216
871,DHI,2020-11-06,0 days 15:58:29.105756,256113,70.69,70.68,801,401,916,-1284
872,DHI,2020-11-06,0 days 15:58:30.105755,254729,70.69,70.68,501,301,-1384,916
873,DHI,2020-11-06,0 days 15:59:36.101503,280823,70.66,70.63,100,100,-246,2325
874,DHI,2020-11-06,0 days 15:59:42.100182,281069,70.68,70.64,600,100,1025,-1046
875,DHI,2020-11-06,0 days 15:59:52.099178,282471,70.68,70.62,100,100,2641,-859
876,DHI,2020-11-06,0 days 15:59:54.099624,281712,70.69,70.63,700,100,-859,2641
877,DHI,2020-11-06,0 days 15:59:56.100381,282471,70.68,70.62,200,100,2641,-859
878,DHR,2020-11-06,0 days 15:59:02.218700,229553,245.35,245.26,400,328,-899,16285
879,DHR,2020-11-06,0 days 15:59:04.219745,231145,245.39,245.11,100,300,4253,-399
880,DHR,2020-11-06,0 days 15:59:15.217643,234298,245.35,245.26,299,100,-26620,2014
881,DIS,2020-11-06,0 days 15:59:15.845656,490130,127.66,127.61,250,100,-62860,35024
882,DIS,2020-11-06,0 days 15:59:33.846406,499888,127.4,127.38,525,107,668,-5858
883,DIS,2020-11-06,0 days 15:59:40.847821,500770,127.43,127.36,300,853,-1618,12306
884,DIS,2020-11-06,0 days 15:59:41.846600,500188,127.43,127.36,100,1453,582,-1618
885,DIS,2020-11-06,0 days 15:59:42.846774,500770,127.42,127.36,250,1753,-197,582
886,DNB,2020-11-06,0 days 15:55:00.846884,184279,26.2,26.18,100,1017,533,-2541
887,DNB,2020-11-06,0 days 15:55:01.843187,183612,26.2,26.18,200,800,-667,533
888,DNB,2020-11-06,0 days 15:57:09.842106,185209,26.15,26.14,935,300,570,-1830
889,DNB,2020-11-06,0 days 15:57:10.841750,184979,26.15,26.14,835,300,-230,570
890,DNB,2020-11-06,0 days 15:57:18.841335,185079,26.11,26.09,215,700,-276,124
891,DNB,2020-11-06,0 days 15:57:43.842099,185355,26.12,26.1,300,300,24,-276
892,DNB,2020-11-06,0 days 15:57:44.842297,185079,26.12,26.1,300,500,-276,24
893,DNB,2020-11-06,0 days 15:58:00.845443,185355,26.11,26.1,216,300,224,-376
894,DNB,2020-11-06,0 days 15:58:01.843391,185079,26.11,26.1,216,500,-276,224
895,DNB,2020-11-06,0 days 15:59:05.846878,186124,26.16,26.14,200,400,21349,-120
896,DNB,2020-11-06,0 days 15:59:44.846899,208201,26.15,26.11,300,649,-16361,11670
897,DOW,2020-11-06,0 days 15:55:16.212074,285563,48.4,48.38,121,1130,-279,167
898,DOW,2020-11-06,0 days 15:55:17.211061,284842,48.4,48.38,1032,630,721,-279
899,DOW,2020-11-06,0 days 15:55:21.212499,287217,48.39,48.37,1196,600,-305,275
900,DOW,2020-11-06,0 days 15:55:22.212385,286622,48.4,48.38,747,400,1068,-305
901,DOW,2020-11-06,0 days 15:57:12.213353,297277,48.39,48.37,1840,800,-26653,14047
902,DOW,2020-11-06,0 days 15:57:13.212712,295930,48.39,48.37,115,300,1347,-26653
903,DOW,2020-11-06,0 days 15:57:45.214673,302177,48.37,48.36,107,1202,-153,1547
904,DOW,2020-11-06,0 days 15:57:46.214424,300630,48.35,48.33,300,1101,1547,-153
905,DOW,2020-11-06,0 days 15:57:54.215201,302377,48.35,48.33,912,1100,-825,3075
906,DOW,2020-11-06,0 days 15:57:55.215204,300902,48.34,48.33,200,200,1475,-825
907,DOW,2020-11-06,0 days 15:58:09.216051,301077,48.34,48.33,400,300,-1429,1188
908,DOW,2020-11-06,0 days 15:58:11.216486,296006,48.33,48.31,1225,100,5071,-629
909,DOW,2020-11-06,0 days 15:58:25.217079,301077,48.36,48.35,200,644,-1429,1171
910,DOW,2020-11-06,0 days 15:58:26.213149,299906,48.36,48.35,496,741,1171,-1429
911,DOW,2020-11-06,0 days 15:59:05.219271,308261,48.29,48.27,1135,300,-3222,1537
912,DOW,2020-11-06,0 days 15:59:06.218582,306883,48.28,48.27,718,700,2472,-3222
913,DOW,2020-11-06,0 days 15:59:08.218706,307755,48.29,48.28,543,400,-1504,96
914,DOW,2020-11-06,0 days 15:59:28.218223,339861,48.27,48.25,100,400,322,-1932
915,DOW,2020-11-06,0 days 15:59:29.218349,340383,48.27,48.25,100,700,-4345,322
916,DOW,2020-11-06,0 days 15:59:37.218554,343483,48.25,48.24,200,300,-1235,5265
917,DRE,2020-11-06,0 days 15:55:00.097271,127943,40.86,40.85,725,671,-8225,30619
918,DRE,2020-11-06,0 days 15:55:01.103545,125768,40.85,40.84,2000,103,2175,-8225
919,DRE,2020-11-06,0 days 15:56:47.101848,141980,40.77,40.76,500,1300,-1570,2509
920,DRE,2020-11-06,0 days 15:56:48.101547,139650,40.77,40.76,1500,800,1730,-1570
921,DRE,2020-11-06,0 days 15:58:38.106423,145275,40.78,40.77,1775,112,-10831,3269
922,DRE,2020-11-06,0 days 15:58:39.106242,143806,40.78,40.77,775,1617,769,-10831
923,DRE,2020-11-06,0 days 15:59:03.107841,144775,40.77,40.76,830,2360,-1694,446
924,DRE,2020-11-06,0 days 15:59:04.108400,143969,40.77,40.76,1617,2780,306,-1694
925,DRE,2020-11-06,0 days 15:59:06.107901,147375,40.75,40.73,1411,300,-7062,306
926,DRE,2020-11-06,0 days 15:59:23.101907,149342,40.73,40.72,343,200,241,-5756
927,DRI,2020-11-06,0 days 15:59:05.258772,96151,102.02,101.97,1127,291,1665,-1193
928,DRI,2020-11-06,0 days 15:59:06.258724,93816,102.02,101.97,727,291,-4182,1665
929,DRI,2020-11-06,0 days 15:59:25.242105,109526,102.04,101.97,199,100,214,-6310
930,DRI,2020-11-06,0 days 15:59:28.241470,109862,102.01,101.97,300,100,-608,336
931,DT,2020-11-06,0 days 15:58:17.106740,172405,36.98,36.96,645,300,1353,-2047
932,DT,2020-11-06,0 days 15:58:18.106786,169458,36.98,36.96,845,200,-2947,1353
933,DT,2020-11-06,0 days 15:59:00.113008,174328,36.97,36.93,602,400,5430,-2947
934,DT,2020-11-06,0 days 15:59:01.109298,171558,36.97,36.96,200,100,-2770,5430
935,DT,2020-11-06,0 days 15:59:02.108937,174801,36.96,36.93,100,400,2365,-2770
936,DT,2020-11-06,0 days 15:59:07.109438,168901,36.96,36.94,100,1400,-5900,3252
937,DT,2020-11-06,0 days 15:59:10.109275,175471,36.96,36.94,652,1600,230,-2170
938,DT,2020-11-06,0 days 15:59:21.107503,172666,36.97,36.92,200,151,-114,573
939,DT,2020-11-06,0 days 15:59:23.107461,172093,36.97,36.9,200,1095,573,-114
940,DT,2020-11-06,0 days 15:59:28.107116,171966,36.93,36.9,100,1000,-325,75
941,DT,2020-11-06,0 days 15:59:30.110378,172978,36.95,36.91,100,200,1365,-325
942,DT,2020-11-06,0 days 15:59:36.110789,170330,36.96,36.92,100,900,-2648,1052
943,DT,2020-11-06,0 days 15:59:37.107834,172291,36.93,36.91,100,700,3939,-2648
944,DT,2020-11-06,0 days 15:59:39.108002,171730,36.93,36.91,100,700,-561,939
945,DT,2020-11-06,0 days 15:59:45.109783,172291,36.95,36.9,300,300,7769,-161
946,DUK,2020-11-06,0 days 15:59:14.109349,284384,93.47,93.45,100,100,-7870,15206
947,DUK,2020-11-06,0 days 15:59:16.107565,282637,93.42,93.39,260,400,6247,-30953
948,DUK,2020-11-06,0 days 15:59:20.107231,294748,93.4,93.35,562,100,-1497,6665
949,DUK,2020-11-06,0 days 15:59:21.107541,290822,93.39,93.35,444,100,3577,-1497
950,DUK,2020-11-06,0 days 15:59:32.107797,289190,93.45,93.41,265,240,1009,-2991
951,DUK,2020-11-06,0 days 15:59:41.108213,282199,93.56,93.44,200,600,-27901,1009
952,EGO,2020-11-06,0 days 15:55:35.251210,56528,14.35,14.34,11131,4402,840,-110
953,EGO,2020-11-06,0 days 15:58:25.255378,62488,14.33,14.32,9784,4650,-4639,5661
954,EGO,2020-11-06,0 days 15:58:26.257011,56827,14.33,14.32,9084,5250,5661,-4639
955,EGO,2020-11-06,0 days 15:58:28.256079,62488,14.33,14.32,9184,5375,-5439,5661
956,EGO,2020-11-06,0 days 15:58:29.255535,56827,14.33,14.32,9484,5575,5661,-5439
957,EGO,2020-11-06,0 days 15:58:57.257909,63329,14.34,14.33,5940,6414,-3998,5661
958,EGO,2020-11-06,0 days 15:58:58.257115,62727,14.34,14.33,5940,5714,602,-3998
959,ELAN,2020-11-06,0 days 15:55:00.969297,158817,29.98,29.94,484,100,-13610,51390
960,ELAN,2020-11-06,0 days 15:55:47.968194,172510,29.85,29.84,3926,300,2485,-6315
961,ELAN,2020-11-06,0 days 15:57:23.971259,182268,30.3,30.25,800,1000,-27084,7363
962,ELAN,2020-11-06,0 days 15:57:41.971121,182268,30.35,30.28,600,400,-37084,6963
963,ELAN,2020-11-06,0 days 15:57:50.972454,175305,30.32,30.3,1000,300,7293,-3145
964,ELAN,2020-11-06,0 days 15:57:57.972574,182598,30.27,30.25,300,2600,-61754,7293
965,ELAN,2020-11-06,0 days 15:57:58.972342,175305,30.28,30.26,400,200,7293,-61754
966,ELY,2020-11-06,0 days 15:57:15.237712,79811,17.09,17.07,300,300,662,-1038
967,ELY,2020-11-06,0 days 15:59:07.244758,84670,17.13,17.11,1232,200,-598,477
968,EMR,2020-11-06,0 days 15:57:24.233555,189292,70.17,70.15,100,362,-3364,1536
969,EMR,2020-11-06,0 days 15:57:25.233846,187840,70.16,70.13,400,511,252,-3364
970,EMR,2020-11-06,0 days 15:58:02.235084,185969,70.19,70.17,510,170,-3044,2134
971,EMR,2020-11-06,0 days 15:58:03.235686,184913,70.18,70.14,468,300,156,-3044
972,EMR,2020-11-06,0 days 15:58:11.235102,185969,70.19,70.16,100,151,-1435,956
973,EMR,2020-11-06,0 days 15:58:12.235700,185004,70.19,70.17,300,128,65,-1435
974,EMR,2020-11-06,0 days 15:58:35.235405,181304,70.24,70.21,464,1210,3065,-2335
975,EMR,2020-11-06,0 days 15:59:03.238964,186029,70.2,70.19,210,100,-2087,471
976,EMR,2020-11-06,0 days 15:59:16.236689,208517,70.14,70.1,200,100,399,-339
977,EMR,2020-11-06,0 days 15:59:46.237932,221170,70.13,70.11,215,100,-6345,1493
978,ENB,2020-11-06,0 days 15:56:48.106197,100784,27.5,27.49,6393,800,225,-618
979,ENB,2020-11-06,0 days 15:56:51.106180,100209,27.5,27.49,6660,800,-575,225
980,ENB,2020-11-06,0 days 15:59:43.107792,108768,27.45,27.44,1000,6221,1562,-9195
981,ENLC,2020-11-06,0 days 15:55:00.846420,179220,2.84,2.83,19084,3004,121851,-154545
982,ENLC,2020-11-06,0 days 15:55:01.842993,167275,2.84,2.83,21694,1800,-11945,121851
983,ENLC,2020-11-06,0 days 15:59:40.847641,218318,2.86,2.85,7529,25663,6181,-4857
984,ENLC,2020-11-06,0 days 15:59:48.846700,212899,2.86,2.85,5200,19328,-6817,4783
985,EOG,2020-11-06,0 days 15:53:01.099394,275700,34.62,34.61,853,1000,-7727,1833
986,EOG,2020-11-06,0 days 15:57:24.104398,516845,34.54,34.53,867,420,-1725,1975
987,EOG,2020-11-06,0 days 15:57:25.105584,510570,34.53,34.52,100,2035,6275,-1725
988,EOG,2020-11-06,0 days 15:58:04.106029,516793,34.54,34.52,1300,1000,-8503,6443
989,EOG,2020-11-06,0 days 15:58:05.106282,506596,34.55,34.53,400,1500,10197,-8503
990,EOG,2020-11-06,0 days 15:58:44.107716,518493,34.59,34.58,300,200,-4703,4697
991,EOG,2020-11-06,0 days 15:58:45.108230,512296,34.58,34.57,246,5010,6197,-4703
992,EOG,2020-11-06,0 days 15:58:55.107869,514456,34.62,34.61,300,600,1937,-18563
993,EOG,2020-11-06,0 days 15:59:10.109250,519472,34.64,34.63,888,100,148,-2606
994,EOG,2020-11-06,0 days 15:59:11.109048,519620,34.63,34.62,1344,300,-1031,148
995,EOG,2020-11-06,0 days 15:59:12.109212,519451,34.62,34.61,1144,100,269,-1031
996,EOG,2020-11-06,0 days 15:59:30.110326,522504,34.59,34.58,478,100,-1574,2200
997,EOG,2020-11-06,0 days 15:59:31.107539,522278,34.59,34.58,383,318,226,-1574
998,EOG,2020-11-06,0 days 15:59:39.107962,522504,34.6,34.59,700,587,-8274,226
999,EOG,2020-11-06,0 days 15:59:46.108452,523142,34.59,34.58,300,700,-3957,7466
1000,EQNR,2020-11-06,0 days 15:57:22.239250,9755,13.32,13.31,26497,8503,-637,1563
1001,EQR,2020-11-06,0 days 15:55:00.229084,232741,51.68,51.63,817,303,-620,24266
1002,EQR,2020-11-06,0 days 15:55:01.230864,229961,51.66,51.62,300,303,2680,-620
1003,EQT,2020-11-06,0 days 15:55:00.848162,247585,14.16,14.15,6078,3000,23613,-112141
1004,EQT,2020-11-06,0 days 15:55:01.843604,235998,14.16,14.15,6609,2700,-11587,23613
1005,EQT,2020-11-06,0 days 15:56:13.846189,250142,14.17,14.16,1796,4033,6556,-144
1006,EQT,2020-11-06,0 days 15:56:14.846209,241998,14.17,14.16,1696,3733,-8144,6556
1007,EQT,2020-11-06,0 days 15:59:15.845656,266036,14.18,14.17,3227,2300,46765,-10764
1008,EQT,2020-11-06,0 days 15:59:16.846121,266000,14.18,14.17,2937,2600,-36,46765
1009,ERJ,2020-11-06,0 days 15:59:46.219918,25391,4.78,4.77,53650,3662,214,-25
1010,ET,2020-11-06,0 days 15:55:00.246381,451194,5.16,5.15,22800,56780,-5112,143966
1011,ET,2020-11-06,0 days 15:59:22.241448,484189,5.13,5.12,54497,31770,-5713,9387
1012,ETRN,2020-11-06,0 days 15:55:36.098506,123975,6.8,6.79,7482,6645,5383,-1865
1013,ETRN,2020-11-06,0 days 15:57:05.102271,124091,6.81,6.8,3455,9857,-984,5716
1014,ETRN,2020-11-06,0 days 15:57:18.101356,140275,6.81,6.8,4362,9040,16,-1684
1015,ETRN,2020-11-06,0 days 15:57:46.102115,139591,6.8,6.79,500,11862,-684,2216
1016,ETRN,2020-11-06,0 days 15:59:31.102352,145218,6.81,6.8,2788,9443,6080,-1123
1017,EVRG,2020-11-06,0 days 15:59:05.239294,114682,55.08,55.04,3700,100,-1491,3223
1018,EVRG,2020-11-06,0 days 15:59:06.238692,113508,55.07,55.0,100,400,2674,-1491
1019,EVRG,2020-11-06,0 days 15:59:10.239277,118484,55.07,55.0,3352,400,-3507,1426
1020,EVRG,2020-11-06,0 days 15:59:11.238464,117401,55.07,55.0,3352,400,983,-3507
1021,EVRG,2020-11-06,0 days 15:59:23.237247,122078,55.04,54.97,400,400,-5818,1086
1022,EVRI,2020-11-06,0 days 15:55:00.848564,38808,10.59,10.58,2710,1316,4156,-7453
1023,EVRI,2020-11-06,0 days 15:55:01.844069,38464,10.59,10.58,3320,1316,-344,4156
1024,EVRI,2020-11-06,0 days 15:55:57.846219,40595,10.58,10.57,3574,829,1347,-431
1025,EVRI,2020-11-06,0 days 15:57:21.841238,43945,10.58,10.57,3162,1303,-650,350
1026,EVRI,2020-11-06,0 days 15:57:48.842374,44595,10.58,10.57,2810,3090,350,-650
1027,EVRI,2020-11-06,0 days 15:58:58.845764,45154,10.59,10.57,1900,4039,-1697,492
1028,EW,2020-11-06,0 days 15:56:03.970501,233092,78.03,78.01,100,923,-10872,3828
1029,EW,2020-11-06,0 days 15:56:45.970203,244953,78.03,78.02,100,100,259,-1096
1030,EW,2020-11-06,0 days 15:56:46.970697,244112,78.04,78.02,800,300,-841,259
1031,EW,2020-11-06,0 days 15:57:09.970620,243191,78.01,77.99,304,300,-662,938
1032,EW,2020-11-06,0 days 15:59:03.977038,265222,77.99,77.94,302,100,-693,2287
1033,EW,2020-11-06,0 days 15:59:40.978428,262042,77.96,77.89,300,200,3526,-674
1034,EW,2020-11-06,0 days 15:59:41.977872,261368,77.93,77.89,111,600,-681,3526
1035,EW,2020-11-06,0 days 15:59:46.979402,251225,77.92,77.88,100,100,2883,-41
1036,EW,2020-11-06,0 days 15:59:50.978755,253508,77.92,77.89,100,100,-2217,2683
1037,EXK,2020-11-06,0 days 15:59:35.981471,25302,4.16,4.15,52081,77719,-13352,15848
1038,EXK,2020-11-06,0 days 15:59:36.978103,24454,4.16,4.15,52081,77719,848,-13352
1039,F,2020-11-06,0 days 15:59:16.101964,1823235,7.8,7.79,519249,295178,-59094,380236
1040,F,2020-11-06,0 days 15:59:17.101337,1806829,7.8,7.79,520849,294678,16406,-59094
1041,FCAU,2020-11-06,0 days 15:59:46.108632,39134,13.34,13.33,46151,9641,-655,384
1042,FCAU,2020-11-06,0 days 15:59:47.108807,38789,13.34,13.33,46926,4913,345,-655
1043,FCX,2020-11-06,0 days 15:59:16.236798,807783,19.13,19.12,27081,8770,-77101,7009
1044,FDX,2020-11-06,0 days 15:58:28.974896,156341,280.21,279.99,200,100,-641,2825
1045,FDX,2020-11-06,0 days 15:58:29.974290,153182,280.23,279.99,400,100,3159,-641
1046,FE,2020-11-06,0 days 15:55:00.209835,319514,29.16,29.15,2906,2312,-1868,162238
1047,FE,2020-11-06,0 days 15:55:14.211506,321605,29.15,29.14,1000,2285,257,-1289
1048,FE,2020-11-06,0 days 15:55:15.211750,321862,29.15,29.14,1200,1985,-723,257
1049,FE,2020-11-06,0 days 15:55:21.212610,322911,29.15,29.14,3142,1559,33,-1049
1050,FE,2020-11-06,0 days 15:55:22.212423,319173,29.15,29.14,3242,1559,-3738,33
1051,FE,2020-11-06,0 days 15:57:35.214721,336412,29.07,29.06,3454,1100,1814,-486
1052,FE,2020-11-06,0 days 15:57:39.214353,335526,29.07,29.06,1777,1527,-886,614
1053,FE,2020-11-06,0 days 15:57:42.214475,336412,29.09,29.08,1321,1597,214,-586
1054,FE,2020-11-06,0 days 15:57:43.214354,335326,29.09,29.08,1321,1697,-1086,214
1055,FE,2020-11-06,0 days 15:58:20.216851,339154,29.07,29.06,3930,2609,-1601,499
1056,FE,2020-11-06,0 days 15:58:29.217323,340755,29.07,29.06,2899,3163,1348,-652
1057,FE,2020-11-06,0 days 15:58:30.217150,339503,29.07,29.06,3527,3120,-1252,1348
1058,FE,2020-11-06,0 days 15:58:53.217562,340835,29.07,29.06,4529,1365,806,-694
1059,FE,2020-11-06,0 days 15:58:54.217194,339741,29.07,29.06,4035,1546,-1094,806
1060,FE,2020-11-06,0 days 15:59:26.217635,367302,29.07,29.06,1147,1923,14,-834
1061,FEAC,2020-11-06,0 days 15:55:00.836023,7854,12.21,12.18,400,449,-6943,2982
1062,FEAC,2020-11-06,0 days 15:55:23.833431,13197,12.19,12.15,100,100,194657,-4343
1063,FEAC,2020-11-06,0 days 15:55:56.833821,8123,12.26,12.18,900,200,-22886,176614
1064,FHN,2020-11-06,0 days 15:55:57.231968,162830,10.69,10.68,6143,17382,7023,-4977
1065,FHN,2020-11-06,0 days 15:55:58.231886,158353,10.69,10.68,6543,16282,-4477,7023
1066,FHN,2020-11-06,0 days 15:57:09.233597,170730,10.69,10.68,11484,15997,3538,-3962
1067,FHN,2020-11-06,0 days 15:57:10.233619,166068,10.69,10.68,6563,20797,-4662,3538
1068,FHN,2020-11-06,0 days 15:59:01.238772,177731,10.68,10.67,10536,19130,1731,-3082
1069,FHN,2020-11-06,0 days 15:59:19.236482,175340,10.68,10.67,23365,7540,-3821,11579
1070,FIS,2020-11-06,0 days 15:55:03.101513,167936,133.52,133.41,100,100,-19,540
1071,FIS,2020-11-06,0 days 15:56:26.105387,171890,133.39,133.32,211,100,1795,-761
1072,FIS,2020-11-06,0 days 15:56:27.105174,171385,133.39,133.35,200,100,-575,1795
1073,FIS,2020-11-06,0 days 15:56:29.105479,172021,133.39,133.33,100,302,964,-575
1074,FIS,2020-11-06,0 days 15:56:30.106097,171685,133.41,133.35,206,300,-336,964
1075,FIS,2020-11-06,0 days 15:56:32.105713,172102,133.41,133.35,342,100,83,-117
1076,FIS,2020-11-06,0 days 15:56:33.106239,171885,133.42,133.37,200,100,-217,83
1077,FIS,2020-11-06,0 days 15:57:03.103801,172102,133.36,133.29,211,200,206,-171
1078,FIS,2020-11-06,0 days 15:57:04.103512,171808,133.36,133.3,111,300,-294,206
1079,FIS,2020-11-06,0 days 15:57:37.104217,175835,133.28,133.23,300,110,62,-530
1080,FIS,2020-11-06,0 days 15:57:38.104260,175197,133.28,133.23,200,100,-638,62
1081,FIS,2020-11-06,0 days 15:57:42.104164,175835,133.31,133.24,200,200,953,-47
1082,FIS,2020-11-06,0 days 15:57:43.104306,173688,133.32,133.28,201,308,-2147,953
1083,FIS,2020-11-06,0 days 15:57:48.105061,176900,133.35,133.24,300,100,597,-647
1084,FIS,2020-11-06,0 days 15:57:49.105004,176197,133.32,133.24,100,100,-403,597
1085,FIS,2020-11-06,0 days 15:58:02.106670,175688,133.32,133.28,220,210,-1212,12
1086,FIS,2020-11-06,0 days 15:58:11.106508,173114,133.26,133.21,100,200,2874,-934
1087,FIS,2020-11-06,0 days 15:58:12.106726,171688,133.26,133.21,114,100,-1426,2874
1088,FIS,2020-11-06,0 days 15:58:43.107314,173088,133.23,133.17,500,378,-330,2870
1089,FIS,2020-11-06,0 days 15:59:03.108623,174799,133.17,133.12,118,100,1412,-51
1090,FIS,2020-11-06,0 days 15:59:04.109284,175236,133.17,133.11,200,509,-189,1412
1091,FIS,2020-11-06,0 days 15:59:05.112371,175425,133.13,133.08,200,100,322,-189
1092,FIS,2020-11-06,0 days 15:59:06.109330,175247,133.13,133.08,100,280,-178,322
1093,FIS,2020-11-06,0 days 15:59:10.109174,176886,133.18,133.1,400,200,3981,-152
1094,FIS,2020-11-06,0 days 15:59:16.107412,180367,133.18,133.13,100,100,-23209,3481
1095,FIS,2020-11-06,0 days 15:59:19.107320,200574,133.06,133.01,400,200,93,-1107
1096,FIS,2020-11-06,0 days 15:59:23.107283,199367,133.06,133.01,111,100,-1295,193
1097,FIT,2020-11-06,0 days 15:59:36.102103,205850,7.05,7.04,434890,2900,11673,-57707
1098,FNF,2020-11-06,0 days 15:55:21.230893,144954,33.42,33.41,500,100,39012,-3988
1099,FNF,2020-11-06,0 days 15:59:22.237426,124887,33.39,33.38,100,100,-37023,6222
1100,FNF,2020-11-06,0 days 15:59:27.237908,160387,33.37,33.35,500,200,-1177,1423
1101,FNF,2020-11-06,0 days 15:59:30.240755,161664,33.4,33.35,1800,500,2608,-1177
1102,FNF,2020-11-06,0 days 15:59:31.239126,159672,33.37,33.35,195,500,-1892,2608
1103,FNF,2020-11-06,0 days 15:59:33.237299,161964,33.39,33.36,857,100,11108,-1892
1104,FSLY,2020-11-06,0 days 15:55:00.969297,59521,73.5,73.46,901,100,-1926,7946
1105,FSLY,2020-11-06,0 days 15:55:10.966770,61447,73.47,73.39,100,100,974,-726
1106,FSLY,2020-11-06,0 days 15:55:11.967798,61221,73.47,73.39,100,100,-226,974
1107,FSLY,2020-11-06,0 days 15:57:18.970622,64266,73.37,73.31,405,400,11153,-547
1108,FSLY,2020-11-06,0 days 15:57:48.972151,74869,73.46,73.44,100,600,-476,724
1109,FSLY,2020-11-06,0 days 15:57:53.972237,75645,73.44,73.4,320,300,124,-176
1110,FSLY,2020-11-06,0 days 15:57:54.972065,75469,73.45,73.4,430,501,-76,124
1111,FSLY,2020-11-06,0 days 15:57:56.972564,75645,73.45,73.4,330,300,160,-140
1112,FSLY,2020-11-06,0 days 15:57:57.972527,75505,73.44,73.41,100,101,-140,160
1113,FSLY,2020-11-06,0 days 15:58:01.973040,75945,73.44,73.41,332,400,60,-140
1114,FSLY,2020-11-06,0 days 15:58:03.973651,75805,73.44,73.4,332,500,-352,760
1115,FSLY,2020-11-06,0 days 15:58:08.973532,76357,73.44,73.4,1111,688,148,-252
1116,FSLY,2020-11-06,0 days 15:58:09.973376,76105,73.44,73.41,1111,300,-252,148
1117,FSLY,2020-11-06,0 days 15:58:16.973817,76368,73.43,73.41,610,637,337,-263
1118,FSLY,2020-11-06,0 days 15:58:24.975082,75968,73.41,73.39,724,300,137,-263
1119,FSLY,2020-11-06,0 days 15:58:25.974685,75405,73.43,73.4,100,100,-563,137
1120,FSLY,2020-11-06,0 days 15:58:31.974410,75805,73.4,73.38,874,200,-163,37
1121,FSLY,2020-11-06,0 days 15:58:59.975764,75968,73.38,73.35,100,600,1501,-63
1122,FSLY,2020-11-06,0 days 15:59:35.981216,126437,73.4,73.37,802,200,-29310,2790
1123,FSLY,2020-11-06,0 days 15:59:36.977907,124145,73.39,73.37,773,724,2292,-29310
1124,FSM,2020-11-06,0 days 15:55:35.231607,43641,8.02,8.01,34065,9717,-214,270
1125,FSM,2020-11-06,0 days 15:55:36.231614,40655,8.02,8.01,28565,9009,2486,-214
1126,FSM,2020-11-06,0 days 15:59:46.238630,47041,8.04,8.03,3400,31054,-2257,2167
1127,FSM,2020-11-06,0 days 15:59:47.239531,46098,8.04,8.03,3100,31054,443,-2257
1128,FSR,2020-11-06,0 days 15:56:57.253759,2303,10.88,10.86,100,300,-486,814
1129,FSR,2020-11-06,0 days 15:56:58.254342,2189,10.88,10.86,100,300,114,-486
1130,FSR,2020-11-06,0 days 15:57:24.252193,2303,10.89,10.87,1300,200,-10186,814
1131,FSR,2020-11-06,0 days 15:59:22.241509,13555,10.88,10.87,100,100,711,-1326
1132,FSR,2020-11-06,0 days 15:59:23.241823,13266,10.88,10.87,100,100,-289,711
1133,FTCH,2020-11-06,0 days 15:58:00.255471,122380,42.41,42.4,1079,141,-3979,5303
1134,FTCH,2020-11-06,0 days 15:58:01.256077,119359,42.41,42.39,1789,200,3021,-3979
1135,FTCH,2020-11-06,0 days 15:59:32.243195,132741,42.39,42.37,700,100,-488,1412
1136,FTCH,2020-11-06,0 days 15:59:34.242350,174029,42.39,42.38,300,700,5712,-488
1137,FTCH,2020-11-06,0 days 15:59:45.244370,179741,42.41,42.4,700,300,-2633,2332
1138,FTCH,2020-11-06,0 days 15:59:48.243297,177696,42.41,42.4,300,433,1445,-2633
1139,FTI,2020-11-06,0 days 15:55:00.846487,188789,5.83,5.82,17058,23744,-8987,6928
1140,FTI,2020-11-06,0 days 15:55:42.845826,221046,5.83,5.82,24113,40667,2195,-6840
1141,FTI,2020-11-06,0 days 15:56:09.846593,191617,5.83,5.82,20912,46956,-11699,17536
1142,FTI,2020-11-06,0 days 15:56:12.846192,206918,5.83,5.82,22212,42311,12399,-15301
1143,FTI,2020-11-06,0 days 15:57:18.841263,223741,5.83,5.82,15795,40441,-9477,16823
1144,FTI,2020-11-06,0 days 15:59:00.846731,233167,5.82,5.81,36682,20234,957,-3722
1145,FTI,2020-11-06,0 days 15:59:05.846735,234192,5.82,5.81,37395,10342,-3803,1025
1146,FTV,2020-11-06,0 days 15:55:00.847719,156247,68.44,68.42,200,100,-50023,73185
1147,FTV,2020-11-06,0 days 15:55:01.843313,155270,68.45,68.37,207,500,1475,-50023
1148,FTV,2020-11-06,0 days 15:57:41.842035,191296,68.41,68.36,100,202,-31,1169
1149,FTV,2020-11-06,0 days 15:57:42.841813,187227,68.4,68.36,200,202,4069,-31
1150,FTV,2020-11-06,0 days 15:59:03.847239,191891,68.39,68.36,500,300,-157,999
1151,FTV,2020-11-06,0 days 15:59:05.846878,183848,68.37,68.33,200,100,5193,-157
1152,FTV,2020-11-06,0 days 15:59:06.846982,189048,68.37,68.34,200,200,-5336,5193
1153,FTV,2020-11-06,0 days 15:59:07.846861,188382,68.37,68.34,200,100,666,-5336
1154,FTV,2020-11-06,0 days 15:59:14.847136,195376,68.39,68.35,200,200,-14270,942
1155,FTV,2020-11-06,0 days 15:59:18.845574,190246,68.36,68.32,200,200,1463,-2037
1156,FTV,2020-11-06,0 days 15:59:22.846365,191709,68.36,68.34,100,201,-725,63
1157,GDDY,2020-11-06,0 days 15:55:12.236151,80328,74.41,74.31,200,100,468635,-333
1158,GE,2020-11-06,0 days 15:57:35.835942,2907049,8.11,8.1,154724,340153,-11001,55660
1159,GE,2020-11-06,0 days 15:57:36.835823,2878489,8.11,8.1,157599,335453,28560,-11001
1160,GE,2020-11-06,0 days 15:58:00.838965,2740792,8.11,8.1,288380,204046,-84533,48685
1161,GE,2020-11-06,0 days 15:59:14.841640,3062147,8.1,8.09,401697,51089,-336974,18358
1162,GFI,2020-11-06,0 days 15:59:22.237448,113131,12.86,12.85,15833,8020,-528,2697
1163,GFI,2020-11-06,0 days 15:59:46.238437,111459,12.86,12.85,15643,13125,1672,-2528
1164,GFL,2020-11-06,0 days 15:55:00.970843,267689,21.83,21.82,200,100,4461,-4560
1165,GFL,2020-11-06,0 days 15:55:01.967535,266450,21.83,21.81,300,700,-1239,4461
1166,GFL,2020-11-06,0 days 15:55:37.967720,267689,21.86,21.85,100,2100,1337,-1131
1167,GFL,2020-11-06,0 days 15:55:38.968209,266626,21.86,21.85,100,1000,-1063,1337
1168,GFL,2020-11-06,0 days 15:57:50.972558,269839,21.81,21.8,900,225,427,-1073
1169,GFL,2020-11-06,0 days 15:57:51.972347,267166,21.81,21.8,600,725,-2573,427
1170,GIS,2020-11-06,0 days 15:56:01.237274,252771,61.18,61.17,808,457,-986,10514
1171,GIS,2020-11-06,0 days 15:56:02.236813,248257,61.17,61.16,706,333,4514,-986
1172,GIS,2020-11-06,0 days 15:59:03.244847,257506,61.07,61.05,681,1300,-1774,1609
1173,GIS,2020-11-06,0 days 15:59:04.245550,254580,61.06,61.05,295,200,2926,-1774
1174,GIS,2020-11-06,0 days 15:59:15.243471,254965,61.05,61.04,300,400,-16562,1851
1175,GIS,2020-11-06,0 days 15:59:16.243272,254427,61.04,61.02,503,300,538,-16562
1176,GIS,2020-11-06,0 days 15:59:23.243006,260389,61.03,61.02,300,100,-2557,748
1177,GIS,2020-11-06,0 days 15:59:29.243248,259493,61.06,61.04,300,100,-4140,147
1178,GLW,2020-11-06,0 days 15:59:02.218848,309843,34.71,34.7,4884,300,-5792,8056
1179,GLW,2020-11-06,0 days 15:59:03.218950,309635,34.7,34.69,4222,1400,208,-5792
1180,GLW,2020-11-06,0 days 15:59:04.219915,309843,34.7,34.69,4905,100,-755,208
1181,GLW,2020-11-06,0 days 15:59:06.218700,295398,34.69,34.68,3622,400,4764,-10236
1182,GLW,2020-11-06,0 days 15:59:15.217952,319230,34.7,34.69,1300,3500,-26678,4488
1183,GLW,2020-11-06,0 days 15:59:17.217900,298108,34.69,34.68,5000,500,8114,-15216
1184,GM,2020-11-06,0 days 15:59:09.239799,668956,37.49,37.48,2200,5000,-23780,12645
1185,GM,2020-11-06,0 days 15:59:10.239005,644936,37.48,37.47,1052,5653,33224,-23780
1186,GM,2020-11-06,0 days 15:59:15.239283,678060,37.51,37.5,4567,2200,-44145,3395
1187,GM,2020-11-06,0 days 15:59:16.236718,667405,37.49,37.48,1603,7620,10655,-44145
1188,GM,2020-11-06,0 days 15:59:30.240453,682730,37.49,37.48,4434,3300,-1969,431
1189,GME,2020-11-06,0 days 15:55:00.846487,79204,11.84,11.83,3900,500,-6748,10596
1190,GME,2020-11-06,0 days 15:55:01.842961,77952,11.84,11.83,6600,1700,352,-6748
1191,GME,2020-11-06,0 days 15:55:28.845528,79304,11.83,11.82,5071,2491,-1248,1252
1192,GME,2020-11-06,0 days 15:55:29.846094,78352,11.83,11.82,5171,2491,52,-1248
1193,GNW,2020-11-06,0 days 15:55:00.847897,227168,4.23,4.22,31221,25531,187647,-94833
1194,GNW,2020-11-06,0 days 15:59:02.847720,272854,4.24,4.23,34937,36837,4976,-1924
1195,GNW,2020-11-06,0 days 15:59:03.847239,264030,4.24,4.23,34937,36837,-5424,4976
1196,GNW,2020-11-06,0 days 15:59:23.845965,281444,4.24,4.23,35531,36785,1871,-5912
1197,GNW,2020-11-06,0 days 15:59:30.847100,273644,4.24,4.23,20581,34931,-7800,6600
1198,GOL,2020-11-06,0 days 15:55:37.250741,15122,6.53,6.52,8776,11244,374,-807
1199,GOL,2020-11-06,0 days 15:55:38.251738,9096,6.53,6.52,10176,11244,-6026,374
1200,GOL,2020-11-06,0 days 15:59:36.243218,18299,6.51,6.5,8686,11373,2889,-3611
1201,GOL,2020-11-06,0 days 15:59:37.243030,17988,6.51,6.5,5886,11473,-311,2889
1202,GOLD,2020-11-06,0 days 15:55:00.847969,259867,28.9,28.89,12423,27010,-101543,142964
1203,GOLD,2020-11-06,0 days 15:55:01.843604,245610,28.89,28.88,16870,13568,14557,-101543
1204,GOLD,2020-11-06,0 days 15:59:46.847270,330866,28.83,28.82,6691,22038,9313,-27487
1205,GOLD,2020-11-06,0 days 15:59:47.846872,340179,28.83,28.82,7256,9104,-4078,9313
1206,GOLD,2020-11-06,0 days 15:59:48.846906,337069,28.83,28.82,4666,14640,3110,-4078
1207,GPS,2020-11-06,0 days 15:59:41.100378,162360,21.42,21.41,9314,1209,57005,-1295
1208,GS,2020-11-06,0 days 15:55:00.228444,184162,201.48,201.31,505,200,-11230,37263
1209,GS,2020-11-06,0 days 15:55:11.229237,184892,201.34,201.26,383,100,26,-26
1210,GS,2020-11-06,0 days 15:55:15.230030,186462,201.28,201.22,283,200,-560,270
1211,GS,2020-11-06,0 days 15:55:16.230341,186322,201.28,201.16,407,100,140,-560
1212,GS,2020-11-06,0 days 15:55:20.230316,186609,201.22,201.13,200,100,-1720,2036
1213,GS,2020-11-06,0 days 15:55:22.230566,187166,201.22,201.18,300,200,80,-357
1214,GS,2020-11-06,0 days 15:56:33.232686,193405,201.46,201.3,100,609,-41877,8368
1215,GS,2020-11-06,0 days 15:56:34.231838,192882,201.41,201.3,302,309,474,-41877
1216,GSK,2020-11-06,0 days 15:55:00.848446,60353,36.9,36.89,9569,1011,31453,-42154
1217,GSK,2020-11-06,0 days 15:55:01.844037,57006,36.89,36.88,9783,400,-2647,31453
1218,GSK,2020-11-06,0 days 15:59:46.847320,64662,36.85,36.84,12777,279,5091,-357
1219,GSX,2020-11-06,0 days 15:57:21.103783,36501,72.96,72.69,200,400,-1388,612
1220,GSX,2020-11-06,0 days 15:57:22.104195,36089,72.95,72.71,310,1400,412,-1388
1221,GSX,2020-11-06,0 days 15:57:49.104880,36501,72.95,72.85,200,1000,-1688,412
1222,GSX,2020-11-06,0 days 15:57:50.104956,36289,72.95,72.85,200,1000,212,-1688
1223,GSX,2020-11-06,0 days 15:57:51.105397,36501,72.94,72.85,300,1000,-88,212
1224,GSX,2020-11-06,0 days 15:57:52.104971,36289,72.95,72.85,200,331,212,-88
1225,GSX,2020-11-06,0 days 15:58:03.106180,36501,72.95,72.85,365,431,-87,213
1226,GSX,2020-11-06,0 days 15:58:04.105585,36288,72.95,72.85,375,531,213,-87
1227,GSX,2020-11-06,0 days 15:58:10.106729,36501,72.93,72.86,365,200,-81,219
1228,GSX,2020-11-06,0 days 15:58:13.106668,36419,72.91,72.86,465,300,82,-81
1229,GSX,2020-11-06,0 days 15:58:23.106212,36501,72.93,72.84,100,200,-18,182
1230,GSX,2020-11-06,0 days 15:58:24.106180,36319,72.93,72.84,100,200,182,-18
1231,GSX,2020-11-06,0 days 15:58:27.107194,36501,72.93,72.84,100,200,-18,182
1232,GSX,2020-11-06,0 days 15:58:29.108088,36019,72.93,72.84,200,200,482,-118
1233,GSX,2020-11-06,0 days 15:58:53.107287,36501,72.99,72.78,400,100,-418,80382
1234,GSX,2020-11-06,0 days 15:58:54.107687,36319,72.99,72.78,400,100,182,-418
1235,GSX,2020-11-06,0 days 15:59:03.108539,36636,72.93,72.8,250,400,-441,259
1236,GSX,2020-11-06,0 days 15:59:10.108813,40673,72.87,72.65,450,400,948,-152
1237,GSX,2020-11-06,0 days 15:59:11.108833,40421,72.9,72.8,150,100,-252,948
1238,GSX,2020-11-06,0 days 15:59:31.107259,42621,72.92,72.72,2400,500,-298,102
1239,GSX,2020-11-06,0 days 15:59:34.106922,46707,72.86,72.72,560,400,714,-298
1240,GSX,2020-11-06,0 days 15:59:35.108738,46121,72.86,72.72,360,500,-586,714
1241,GSX,2020-11-06,0 days 15:59:46.108031,46707,72.86,72.73,160,100,14,-186
1242,GSX,2020-11-06,0 days 15:59:49.107766,46703,72.84,72.73,160,300,-4,496
