,Symbol,Timestamp,TIME,iPaired,Ask_P,Bid_P,Ask_S,Bid_S,iShares,PreviShares
0,AA,2020-11-12,0 days 15:58:01.243424,157411,15.62,15.61,404,6600,-8770,5596
1,AA,2020-11-12,0 days 15:58:02.242584,155781,15.62,15.61,1170,5900,1566,-8770
2,AA,2020-11-12,0 days 15:58:20.245215,153919,15.65,15.64,2587,5700,2741,-59
3,AA,2020-11-12,0 days 15:58:57.244055,156660,15.65,15.64,3552,4790,-1511,235
4,AA,2020-11-12,0 days 15:58:58.244582,155971,15.65,15.64,3565,5690,689,-1511
5,AA,2020-11-12,0 days 15:59:17.236147,157565,15.63,15.62,6094,3409,-6598,439
6,AA,2020-11-12,0 days 15:59:32.235187,170946,15.61,15.6,3260,5990,2206,-1363
7,AA,2020-11-12,0 days 15:59:35.236770,176098,15.62,15.61,5896,5900,-748,452
8,AA,2020-11-12,0 days 15:59:45.238646,178993,15.61,15.6,215,10489,-553,447
9,AA,2020-11-12,0 days 15:59:48.236399,183672,15.61,15.6,1238,8000,5208,-685
10,ABBV,2020-11-12,0 days 15:59:30.253737,973894,97.58,97.57,545,1393,-14961,5580
11,ABBV,2020-11-12,0 days 15:59:31.250861,970055,97.57,97.56,795,1394,3839,-14961
12,ABBV,2020-11-12,0 days 15:59:54.245001,1008864,97.62,97.6,700,100,-17593,8386
13,ABBV,2020-11-12,0 days 15:59:57.245649,995513,97.59,97.55,100,400,14369,-5072
14,ABEV,2020-11-12,0 days 15:59:36.950844,224837,2.72,2.71,743037,644874,-3158,242
15,ABEV,2020-11-12,0 days 15:59:37.950282,224595,2.72,2.71,743137,621974,242,-3158
16,ABEV,2020-11-12,0 days 15:59:46.951306,224837,2.72,2.71,749915,625874,-7358,242
17,ABR,2020-11-12,0 days 15:57:34.109491,82445,12.87,12.86,1061,3025,971,-229
18,ABR,2020-11-12,0 days 15:59:17.109397,85859,12.91,12.89,1200,2015,-1899,339
19,ABR,2020-11-12,0 days 15:59:18.109133,85258,12.91,12.89,1200,1815,601,-1899
20,ABR,2020-11-12,0 days 15:59:33.107796,85859,12.9,12.89,300,2941,-2416,45
21,ABR,2020-11-12,0 days 15:59:46.108868,87659,12.9,12.89,547,700,-454,484
22,ABT,2020-11-12,0 days 15:55:00.947767,332710,111.95,111.93,765,500,-1773,91449
23,ABT,2020-11-12,0 days 15:55:01.944642,307783,111.93,111.9,202,302,24927,-1773
24,ABT,2020-11-12,0 days 15:58:36.950694,366849,112.05,112.03,520,451,-1360,1534
25,ABT,2020-11-12,0 days 15:59:05.952689,367081,112.06,112.03,200,320,-3487,487
26,ABT,2020-11-12,0 days 15:59:31.950720,420835,112.01,111.98,100,100,1310,-5926
27,ABT,2020-11-12,0 days 15:59:37.950189,420835,112.03,112.0,359,100,1372,-5228
28,ABT,2020-11-12,0 days 15:59:38.955467,422207,112.06,112.02,600,450,-3660,1372
29,ABT,2020-11-12,0 days 15:59:39.951015,421255,112.03,111.97,459,600,952,-3660
30,ABT,2020-11-12,0 days 15:59:45.951950,419456,112.0,111.95,100,770,-8925,341
31,ABT,2020-11-12,0 days 15:59:56.949443,428381,112.01,111.93,400,100,383,-2482
32,ABT,2020-11-12,0 days 15:59:57.949406,428256,112.0,111.91,200,1300,-125,383
33,ABT,2020-11-12,0 days 15:59:58.948852,426481,112.0,111.91,300,1900,3146,-125
34,ACB,2020-11-12,0 days 15:55:00.243000,1528240,7.0,6.99,51284,4501,22636,-1485074
35,ACB,2020-11-12,0 days 15:57:53.241033,1547926,7.04,7.03,20913,1415,-614,686
36,ACB,2020-11-12,0 days 15:58:57.244155,1550876,7.01,7.0,6302,1948,-8790,2336
37,ACI,2020-11-12,0 days 15:59:45.952138,71613,15.11,15.1,534,2194,-280,1011
38,ACI,2020-11-12,0 days 15:59:48.951621,70293,15.11,15.1,534,1889,1320,-280
39,ADT,2020-11-12,0 days 15:55:00.949148,125233,7.33,7.32,5907,9638,-109472,73156
40,ADT,2020-11-12,0 days 15:55:01.945208,118505,7.31,7.3,7402,6410,7521,-109472
41,ADT,2020-11-12,0 days 15:58:10.951073,149446,7.3,7.29,9477,8305,-1407,2904
42,ADT,2020-11-12,0 days 15:58:11.952576,143453,7.3,7.29,9477,8305,5993,-1407
43,ADT,2020-11-12,0 days 15:59:21.948767,152210,7.3,7.29,6808,11932,-1239,6352
44,ADT,2020-11-12,0 days 15:59:32.950695,148410,7.3,7.29,1900,13031,3800,-4600
45,ADT,2020-11-12,0 days 15:59:45.952502,152210,7.3,7.29,5203,16107,-192,3800
46,ADT,2020-11-12,0 days 15:59:48.951837,149802,7.3,7.29,2959,16546,2408,-192
47,AEO,2020-11-12,0 days 15:55:31.307466,133938,14.88,14.87,4401,4380,-710,2190
48,AEO,2020-11-12,0 days 15:55:32.307426,131848,14.88,14.87,4001,4715,2090,-710
49,AEO,2020-11-12,0 days 15:57:17.307093,145981,14.86,14.85,3499,6108,-1617,286
50,AEO,2020-11-12,0 days 15:57:18.307750,143598,14.86,14.85,4699,5514,2383,-1617
51,AEO,2020-11-12,0 days 15:58:08.310583,160134,14.87,14.86,3000,5274,-2064,3163
52,AEO,2020-11-12,0 days 15:58:09.309723,157298,14.87,14.86,3600,4874,2836,-2064
53,AEO,2020-11-12,0 days 15:58:12.310349,156434,14.88,14.87,900,6897,-864,2836
54,AEO,2020-11-12,0 days 15:58:13.312089,153898,14.88,14.87,1100,6085,2536,-864
55,AEO,2020-11-12,0 days 15:59:32.310925,161122,14.89,14.88,11411,2355,-3603,1510
56,AEO,2020-11-12,0 days 15:59:33.308214,160725,14.89,14.88,11711,1747,397,-3603
57,AEO,2020-11-12,0 days 15:59:45.309879,161122,14.89,14.88,3723,7883,-7541,397
58,AEO,2020-11-12,0 days 15:59:46.308697,160763,14.89,14.88,2523,6179,359,-7541
59,AER,2020-11-12,0 days 15:57:19.243088,81674,34.54,34.52,890,899,-1915,185
60,AER,2020-11-12,0 days 15:57:20.243706,80989,34.54,34.52,883,1095,685,-1915
61,AER,2020-11-12,0 days 15:57:36.243495,80689,34.58,34.56,515,100,385,-1015
62,AER,2020-11-12,0 days 15:57:50.244556,81074,34.58,34.56,1172,200,-1015,385
63,AER,2020-11-12,0 days 15:57:51.244092,80989,34.56,34.54,300,200,85,-1015
64,AER,2020-11-12,0 days 15:58:05.245671,81074,34.59,34.56,100,200,-215,885
65,AER,2020-11-12,0 days 15:58:06.244944,80989,34.58,34.56,122,200,85,-215
66,AER,2020-11-12,0 days 15:58:07.244939,81074,34.58,34.56,122,200,-515,85
67,AER,2020-11-12,0 days 15:58:08.245451,80689,34.58,34.56,122,200,385,-515
68,AER,2020-11-12,0 days 15:58:11.245608,81658,34.58,34.56,551,300,-131,769
69,AER,2020-11-12,0 days 15:58:12.246025,81589,34.58,34.56,651,300,69,-131
70,AES,2020-11-12,0 days 15:55:21.246891,272521,20.54,20.53,3866,5450,-31061,439
71,AES,2020-11-12,0 days 15:55:45.246950,307322,20.53,20.52,1192,12477,3208,-2792
72,AES,2020-11-12,0 days 15:55:46.246533,305130,20.53,20.52,1200,11377,-1192,3208
73,AES,2020-11-12,0 days 15:56:02.247189,303770,20.53,20.52,200,16010,1398,-1154
74,AES,2020-11-12,0 days 15:56:03.247204,302368,20.53,20.52,200,14310,-558,1398
75,AES,2020-11-12,0 days 15:56:37.247534,305526,20.55,20.54,9385,2167,1742,-1858
76,AES,2020-11-12,0 days 15:57:41.248618,305256,20.52,20.51,9379,3109,1529,-271
77,AES,2020-11-12,0 days 15:57:42.246973,304185,20.52,20.51,8979,2909,-671,1529
78,AES,2020-11-12,0 days 15:57:45.247049,305256,20.52,20.51,10078,2309,429,-871
79,AES,2020-11-12,0 days 15:57:46.246828,304185,20.52,20.51,9078,1866,-671,429
80,AES,2020-11-12,0 days 15:58:07.248124,304856,20.51,20.5,4860,10748,1059,-4047
81,AES,2020-11-12,0 days 15:58:08.248493,301315,20.51,20.5,4860,10848,-3541,1059
82,AES,2020-11-12,0 days 15:58:13.248934,305973,20.52,20.51,3637,9601,27397,-3658
83,AES,2020-11-12,0 days 15:58:14.248483,305270,20.52,20.51,5311,9758,-303,27397
84,AES,2020-11-12,0 days 15:58:17.248579,305973,20.52,20.51,11318,7200,97,-703
85,AES,2020-11-12,0 days 15:58:18.250432,305270,20.52,20.51,10418,8300,-303,97
86,AES,2020-11-12,0 days 15:59:44.253202,331124,20.54,20.53,10669,3200,1167,-1233
87,AES,2020-11-12,0 days 15:59:46.252326,332879,20.54,20.53,5171,5663,-2613,167
88,AES,2020-11-12,0 days 15:59:47.251968,332092,20.54,20.53,6489,5706,787,-2613
89,AFL,2020-11-12,0 days 15:59:25.245087,520589,40.25,40.23,1600,3700,30117,-7358
90,AFL,2020-11-12,0 days 15:59:47.247276,545984,40.27,40.26,1226,1600,4771,-18329
91,AG,2020-11-12,0 days 15:57:51.247189,47379,10.88,10.87,4300,9911,-53,1147
92,AG,2020-11-12,0 days 15:57:52.247368,36932,10.88,10.87,18040,5539,10447,-53
93,AG,2020-11-12,0 days 15:59:01.251062,41702,10.87,10.86,6075,14574,-5537,9118
94,AG,2020-11-12,0 days 15:59:02.250698,37539,10.87,10.86,8929,10874,4163,-5537
95,AG,2020-11-12,0 days 15:59:18.251587,42152,10.86,10.85,1251,28112,-1857,3913
96,AG,2020-11-12,0 days 15:59:34.251246,44009,10.86,10.85,7261,27721,3248,-1857
97,AG,2020-11-12,0 days 15:59:40.251093,47057,10.86,10.85,4061,30931,-1752,2748
98,AGI,2020-11-12,0 days 15:55:38.250793,58513,8.96,8.95,9462,21559,-645,775
99,AGI,2020-11-12,0 days 15:55:39.248546,55958,8.96,8.95,9462,21874,1055,-645
100,AGI,2020-11-12,0 days 15:59:27.250138,107713,8.97,8.96,30356,8148,-2037,4363
101,AGI,2020-11-12,0 days 15:59:28.250598,103650,8.97,8.96,34356,7974,4063,-2037
102,AIG,2020-11-12,0 days 15:59:21.251574,712763,36.04,36.03,300,4048,-50781,69603
103,AIG,2020-11-12,0 days 15:59:31.251945,712763,36.05,36.04,4141,702,-4820,984
104,AIG,2020-11-12,0 days 15:59:46.252858,734457,36.06,36.05,200,3500,-58993,15126
105,AIV,2020-11-12,0 days 15:59:21.110242,290481,29.75,29.74,100,3267,101585,-8166
106,AIV,2020-11-12,0 days 15:59:37.106606,362606,29.8,29.79,300,900,-7547,1101
107,AIV,2020-11-12,0 days 15:59:46.109159,364269,29.82,29.8,800,700,1887,-6063
108,ALC,2020-11-12,0 days 15:59:44.243163,51231,63.48,63.37,200,200,366,-1234
109,ALC,2020-11-12,0 days 15:59:48.242566,49572,63.45,63.41,100,200,-859,1941
110,ALK,2020-11-12,0 days 15:55:00.245123,160358,42.26,42.23,300,966,-173932,5598
111,ALK,2020-11-12,0 days 15:59:21.250115,345799,42.37,42.33,1012,600,8143,-5885
112,ALLY,2020-11-12,0 days 15:59:07.312808,281650,28.71,28.7,1733,1404,-2279,7077
113,ALLY,2020-11-12,0 days 15:59:10.312533,275642,28.71,28.7,4114,1104,6008,-7192
114,ALLY,2020-11-12,0 days 15:59:23.310034,285633,28.69,28.68,100,4834,-46,5888
115,ALLY,2020-11-12,0 days 15:59:31.307758,281498,28.7,28.69,4190,863,5005,-676
116,ALLY,2020-11-12,0 days 15:59:45.309919,286503,28.7,28.69,4629,1777,-3023,5005
117,ALLY,2020-11-12,0 days 15:59:49.308287,283641,28.72,28.71,400,4670,2862,-2838
118,AM,2020-11-12,0 days 15:55:33.258742,170278,6.27,6.26,6905,6523,2095,-1205
119,AM,2020-11-12,0 days 15:55:34.258540,170073,6.27,6.26,7153,4723,-205,2095
120,AM,2020-11-12,0 days 15:59:07.244593,178004,6.27,6.26,16037,5702,4057,-543
121,AMCR,2020-11-12,0 days 15:59:16.245170,1367892,11.56,11.55,6390,23260,113731,-322991
122,AMCR,2020-11-12,0 days 15:59:18.246338,1323323,11.55,11.54,19657,11100,-9569,25931
123,AMCR,2020-11-12,0 days 15:59:25.245129,1344727,11.55,11.54,15173,16657,162343,-6057
124,AMH,2020-11-12,0 days 15:59:32.241427,298514,29.58,29.57,2072,2340,-9325,833
125,AMH,2020-11-12,0 days 15:59:33.241007,298039,29.58,29.57,3303,500,175,-9325
126,AMH,2020-11-12,0 days 15:59:40.241956,298214,29.58,29.57,1925,1000,-25,175
127,AMH,2020-11-12,0 days 15:59:46.242582,305638,29.58,29.57,3972,100,-1201,599
128,AMH,2020-11-12,0 days 15:59:48.242520,308395,29.58,29.56,3934,2967,418,-5957
129,AMH,2020-11-12,0 days 15:59:51.243293,309113,29.59,29.57,1400,1700,-6647,418
130,ANF,2020-11-12,0 days 15:50:10.298653,68772,17.65,17.63,1022,800,-3952,278
131,ANF,2020-11-12,0 days 15:58:09.309701,107983,17.67,17.66,2083,1728,1858,-639
132,ANF,2020-11-12,0 days 15:58:10.310252,106541,17.67,17.66,1204,3422,-1242,1858
133,ANF,2020-11-12,0 days 15:58:22.309930,108183,17.68,17.67,300,3390,58,-26
134,ANF,2020-11-12,0 days 15:58:58.311887,109683,17.68,17.67,1653,1190,815,-1017
135,ANF,2020-11-12,0 days 15:59:34.308321,121674,17.69,17.67,1800,2754,-1110,643
136,APD,2020-11-12,0 days 15:55:18.246711,184951,265.01,264.85,400,100,-1859,22841
137,APD,2020-11-12,0 days 15:55:29.246678,186810,264.86,264.62,301,120,5904,-1406
138,APG,2020-11-12,0 days 15:55:00.242175,48367,15.58,15.57,300,1000,307,-1421
139,APG,2020-11-12,0 days 15:55:51.238023,47174,15.61,15.6,100,1259,-3368,231
140,APG,2020-11-12,0 days 15:59:55.246250,54593,15.63,15.56,100,1000,-240,127
141,APG,2020-11-12,0 days 15:59:56.246810,54833,15.63,15.55,100,600,527,-240
142,APG,2020-11-12,0 days 16:00:00.248234,54593,15.63,15.49,100,800,-240,127
143,APH,2020-11-12,0 days 15:55:00.245332,84806,120.2,120.18,312,100,-950,5659
144,APH,2020-11-12,0 days 15:55:01.245225,84456,120.2,120.18,102,100,350,-950
145,APH,2020-11-12,0 days 15:55:15.247868,85706,120.25,120.23,710,190,-1015,285
146,APH,2020-11-12,0 days 15:55:16.246336,85421,120.25,120.23,710,330,285,-1015
147,APH,2020-11-12,0 days 15:55:45.246993,92406,120.22,120.19,523,500,-165,585
148,APH,2020-11-12,0 days 15:55:46.246565,91871,120.21,120.18,100,500,535,-165
149,APH,2020-11-12,0 days 15:56:41.247713,93601,120.24,120.23,100,547,-59,355
150,APH,2020-11-12,0 days 15:56:42.248292,93060,120.23,120.22,100,200,541,-59
151,APH,2020-11-12,0 days 15:58:20.250682,95239,120.3,120.22,300,301,-700,700
152,APH,2020-11-12,0 days 15:58:21.249455,93739,120.24,120.22,386,201,1500,-700
153,APH,2020-11-12,0 days 15:59:05.251263,96216,120.35,120.3,100,549,-3217,283
154,APH,2020-11-12,0 days 15:59:15.252300,94830,120.31,120.26,160,400,1178,-5140
155,APH,2020-11-12,0 days 15:59:21.251310,96008,120.34,120.27,100,140,-257,43
156,APLE,2020-11-12,0 days 15:57:53.109955,104110,11.54,11.53,8708,3121,-92,308
157,APLE,2020-11-12,0 days 15:57:54.110161,103402,11.54,11.53,8508,3121,708,-92
158,APLE,2020-11-12,0 days 15:58:02.112479,101838,11.54,11.53,9108,3353,-1664,408
159,APLE,2020-11-12,0 days 15:58:03.112030,101402,11.54,11.53,9108,3153,436,-1664
160,APLE,2020-11-12,0 days 15:58:09.111781,141038,11.53,11.52,10533,2400,-8664,636
161,APLE,2020-11-12,0 days 15:58:53.112927,99302,11.52,11.51,4908,1223,3817,-2683
162,APLE,2020-11-12,0 days 15:59:05.111041,105324,11.52,11.51,5325,300,-52918,438
163,APLE,2020-11-12,0 days 15:59:19.108849,161546,11.48,11.46,4814,1100,2649,-26665
164,APLE,2020-11-12,0 days 15:59:20.108983,160095,11.48,11.47,4366,1100,-1151,2649
165,APLE,2020-11-12,0 days 15:59:28.109036,161546,11.48,11.47,2800,4079,981,-1565
166,APLE,2020-11-12,0 days 15:59:29.109257,160227,11.48,11.47,3590,4669,-1319,981
167,APLE,2020-11-12,0 days 15:59:43.106722,163872,11.48,11.47,5590,1100,3553,-1598
168,APLE,2020-11-12,0 days 15:59:44.110126,163125,11.48,11.47,5690,1200,-747,3553
169,APLE,2020-11-12,0 days 15:59:46.108868,163872,11.48,11.47,3790,2500,1347,-747
170,APLE,2020-11-12,0 days 15:59:47.107231,163219,11.48,11.47,3990,2400,-653,1347
171,APLE,2020-11-12,0 days 15:59:48.110711,163872,11.48,11.47,3690,3320,4068,-653
172,APLE,2020-11-12,0 days 15:59:50.110327,162914,11.48,11.47,3890,2873,-958,142
173,APTV,2020-11-12,0 days 15:55:00.254710,98173,108.85,108.81,1093,200,-825,6991
174,APTV,2020-11-12,0 days 15:55:01.255520,97698,108.84,108.78,293,100,475,-825
175,APTV,2020-11-12,0 days 15:55:56.257470,106376,108.88,108.79,1480,500,-830,470
176,APTV,2020-11-12,0 days 15:55:57.257784,105506,108.84,108.76,2200,200,870,-830
177,APTV,2020-11-12,0 days 15:56:20.258363,106502,108.75,108.67,629,100,-304,996
178,APTV,2020-11-12,0 days 15:56:21.258265,105606,108.71,108.64,907,637,896,-304
179,APTV,2020-11-12,0 days 15:57:30.241620,107108,108.84,108.78,100,500,-323,177
180,APTV,2020-11-12,0 days 15:57:31.241272,106331,108.84,108.78,392,400,777,-323
181,APTV,2020-11-12,0 days 15:57:34.241377,107109,108.84,108.78,200,400,-922,778
182,APTV,2020-11-12,0 days 15:57:35.241637,106531,108.84,108.78,200,400,578,-922
183,APTV,2020-11-12,0 days 15:57:41.240938,107109,108.84,108.78,301,400,-1133,367
184,APTV,2020-11-12,0 days 15:57:42.241395,106642,108.84,108.78,301,300,467,-1133
185,APTV,2020-11-12,0 days 15:58:00.243409,98327,108.81,108.73,655,300,-1415,567
186,AR,2020-11-12,0 days 15:55:33.247066,423945,3.7,3.69,35029,8900,-7485,3315
187,AR,2020-11-12,0 days 15:55:34.246953,421130,3.7,3.69,35694,8900,2815,-7485
188,AR,2020-11-12,0 days 15:59:47.251893,449741,3.7,3.69,47640,16800,1224,-23476
189,ARMK,2020-11-12,0 days 15:59:46.249330,93852,32.95,32.94,800,700,-1135,1000
190,AROC,2020-11-12,0 days 15:59:01.247674,130919,7.08,7.07,1211,7289,-2068,1211
191,AROC,2020-11-12,0 days 15:59:02.246970,130081,7.08,7.07,1011,7289,38,-2068
192,AROC,2020-11-12,0 days 15:59:17.240960,137519,7.08,7.07,5450,3223,-2215,426
193,AROC,2020-11-12,0 days 15:59:18.240831,136534,7.08,7.07,5250,3623,185,-2215
194,ATUS,2020-11-12,0 days 15:57:02.308970,134253,30.15,30.14,36942,3460,-13480,3920
195,ATUS,2020-11-12,0 days 15:57:03.309334,130733,30.15,30.14,36696,2960,3520,-13480
196,ATUS,2020-11-12,0 days 15:58:07.309356,126552,30.15,30.14,33865,6306,-6662,2608
197,ATUS,2020-11-12,0 days 15:58:08.310367,122714,30.15,30.14,34765,2831,1638,-6662
198,ATUS,2020-11-12,0 days 15:59:45.309533,137942,30.14,30.13,8200,2767,-7704,1607
199,AU,2020-11-12,0 days 15:56:55.248733,114827,23.55,23.54,1342,4082,57,-2035
200,AU,2020-11-12,0 days 15:57:07.248300,114884,23.55,23.54,3409,3625,-23,57
201,AU,2020-11-12,0 days 15:57:19.247484,114907,23.55,23.54,3300,965,11886,-14
202,AU,2020-11-12,0 days 15:57:23.247592,126793,23.56,23.55,2302,2688,-14,1286
203,AU,2020-11-12,0 days 15:57:24.247897,125707,23.56,23.55,2702,1677,1086,-14
204,AU,2020-11-12,0 days 15:57:55.247358,127334,23.57,23.56,3652,1398,1159,-1041
205,AU,2020-11-12,0 days 15:58:07.248288,127630,23.58,23.57,1800,300,1263,-1037
206,AU,2020-11-12,0 days 15:58:15.249442,128893,23.58,23.57,2304,1041,-2637,963
207,AU,2020-11-12,0 days 15:58:16.248492,127630,23.58,23.57,2304,1041,1263,-2637
208,AU,2020-11-12,0 days 15:59:05.251383,128893,23.61,23.6,3186,1118,-8235,400
209,AU,2020-11-12,0 days 15:59:06.251108,128485,23.6,23.59,2982,2500,408,-8235
210,AU,2020-11-12,0 days 15:59:31.251900,128947,23.58,23.57,3043,1554,-9,191
211,AU,2020-11-12,0 days 15:59:32.250920,128656,23.58,23.57,3918,454,291,-9
212,AU,2020-11-12,0 days 15:59:45.253124,128947,23.59,23.58,4533,1653,-709,291
213,AUY,2020-11-12,0 days 15:55:00.238298,105210,5.48,5.47,162149,136601,19847,-1842
214,AUY,2020-11-12,0 days 15:59:01.249076,248664,5.48,5.47,166876,299625,-82414,109150
215,AUY,2020-11-12,0 days 15:59:02.247430,240078,5.48,5.47,156881,298373,12483,-82414
216,AUY,2020-11-12,0 days 15:59:15.249001,233244,5.48,5.47,176259,254773,-6816,12501
217,AUY,2020-11-12,0 days 15:59:16.247194,226160,5.48,5.47,181279,254873,7084,-6816
218,AVTR,2020-11-12,0 days 15:55:00.236981,205463,26.28,26.27,200,2188,-4692,101429
219,AVTR,2020-11-12,0 days 15:55:30.238945,212455,26.3,26.29,899,3522,1133,-667
220,AVTR,2020-11-12,0 days 15:57:12.241517,238106,26.32,26.31,900,1500,-1908,3392
221,AVTR,2020-11-12,0 days 15:57:13.241645,235914,26.32,26.31,515,900,1192,-1908
222,AVTR,2020-11-12,0 days 15:57:40.242069,237106,26.32,26.31,644,3335,-1808,92
223,AVTR,2020-11-12,0 days 15:57:41.242417,236114,26.32,26.31,844,3335,992,-1808
224,AVTR,2020-11-12,0 days 15:58:22.244080,278108,26.31,26.3,404,3071,-1321,3879
225,AVTR,2020-11-12,0 days 15:58:23.243482,274229,26.31,26.3,404,3071,3879,-1321
226,AVTR,2020-11-12,0 days 15:59:04.246816,278072,26.32,26.31,197,4283,-14141,459
227,AVTR,2020-11-12,0 days 15:59:25.240367,283839,26.31,26.3,823,2021,5550,-1390
228,AVTR,2020-11-12,0 days 15:59:40.241827,289839,26.31,26.3,2367,1344,486,-14414
229,AVTR,2020-11-12,0 days 15:59:46.242392,292761,26.31,26.3,677,3394,-7834,954
230,AVTR,2020-11-12,0 days 15:59:48.242365,292795,26.31,26.3,950,1744,2804,-34
231,AVYA,2020-11-12,0 days 15:58:58.245996,54005,19.01,19.0,616,300,-736,464
232,AVYA,2020-11-12,0 days 15:58:59.246574,53441,19.01,19.0,616,400,564,-736
233,AVYA,2020-11-12,0 days 15:59:46.242753,54592,19.0,18.99,200,400,-1182,460
234,AVYA,2020-11-12,0 days 15:59:47.242488,54574,19.0,18.99,200,801,18,-1182
235,AXP,2020-11-12,0 days 15:55:00.104291,352706,110.88,110.84,1601,302,-1805,34323
236,AXP,2020-11-12,0 days 15:55:13.105352,357799,110.95,110.92,304,1305,357,-3369
237,AXP,2020-11-12,0 days 15:55:14.105511,357456,110.95,110.93,304,300,-343,357
238,AXP,2020-11-12,0 days 15:55:23.106168,357799,111.01,110.97,417,800,1758,-242
239,AXP,2020-11-12,0 days 15:55:41.107504,364296,110.92,110.89,300,500,-432,6281
240,AXP,2020-11-12,0 days 15:55:45.107169,364742,110.91,110.89,200,212,142,-533
241,AXP,2020-11-12,0 days 15:56:43.108022,367329,110.83,110.81,501,902,-1316,1269
242,AXP,2020-11-12,0 days 15:57:01.108612,370285,110.75,110.73,302,900,335,-1052
243,AXP,2020-11-12,0 days 15:57:02.108612,369833,110.77,110.75,403,100,-452,335
244,AXP,2020-11-12,0 days 15:57:07.108782,370285,110.74,110.71,735,500,471,-365
245,AXP,2020-11-12,0 days 15:57:35.110801,379131,110.82,110.81,707,616,5695,-518
246,AXP,2020-11-12,0 days 15:58:20.112631,384464,110.98,110.95,626,300,-3485,1002
247,AXP,2020-11-12,0 days 15:58:21.112311,387949,110.97,110.95,600,1039,4415,-3485
248,AXP,2020-11-12,0 days 15:58:22.112312,387564,110.98,110.95,526,600,-385,4415
249,AXP,2020-11-12,0 days 15:58:32.112294,389949,110.96,110.94,495,1297,1915,-585
250,AXP,2020-11-12,0 days 15:58:33.112301,389364,110.96,110.95,495,259,-585,1915
251,AXP,2020-11-12,0 days 15:59:01.116181,406561,110.97,110.94,320,200,1161,-14227
252,AXP,2020-11-12,0 days 15:59:03.114220,403810,110.98,110.96,220,300,-343,1570
253,AXP,2020-11-12,0 days 15:59:05.111003,404424,111.0,110.98,100,100,499,-1701
254,AXP,2020-11-12,0 days 15:59:06.111162,403623,111.05,111.0,100,200,-742,499
255,AXP,2020-11-12,0 days 15:59:12.111003,404855,110.99,110.95,102,501,868,-1329
256,AXP,2020-11-12,0 days 15:59:14.113960,403910,110.97,110.94,100,100,-945,3555
257,AXP,2020-11-12,0 days 15:59:15.114106,406198,110.98,110.96,100,206,8356,-945
258,AXTA,2020-11-12,0 days 15:55:31.258227,213241,26.82,26.81,1616,2829,-3967,833
259,AXTA,2020-11-12,0 days 15:55:32.257900,212508,26.82,26.81,1450,2641,733,-3967
260,AXTA,2020-11-12,0 days 15:55:34.258531,213241,26.82,26.81,1250,2741,-3295,733
261,AXTA,2020-11-12,0 days 15:57:16.242261,216874,26.81,26.8,700,2287,67,-263
262,AXTA,2020-11-12,0 days 15:57:37.241788,216241,26.82,26.81,2400,1192,-633,1267
263,AXTA,2020-11-12,0 days 15:57:41.241047,216874,26.82,26.81,1400,1895,1467,-633
264,AXTA,2020-11-12,0 days 15:58:09.243053,216086,26.82,26.81,2413,1246,1255,-575
265,AXTA,2020-11-12,0 days 15:58:11.242749,218329,26.82,26.81,718,2976,-157,3573
266,AXTA,2020-11-12,0 days 15:58:14.242741,212062,26.83,26.82,731,2598,1197,-4803
267,AXTA,2020-11-12,0 days 15:59:16.235183,218121,26.82,26.81,3480,100,-257,367
268,AZUL,2020-11-12,0 days 15:55:00.948193,14351,15.38,15.37,2300,575,-7378,9468
269,AZUL,2020-11-12,0 days 15:55:02.943719,13729,15.38,15.37,2800,400,622,-5978
270,AZUL,2020-11-12,0 days 15:57:09.948852,16582,15.37,15.36,4358,5856,-2467,606
271,AZUL,2020-11-12,0 days 15:57:10.949952,15949,15.37,15.36,4358,5848,606,-2467
272,AZUL,2020-11-12,0 days 15:59:05.952866,17982,15.37,15.36,200,5482,-12,561
273,BA,2020-11-12,0 days 15:55:00.305191,201016,176.79,176.72,100,100,3430,-4707
274,BA,2020-11-12,0 days 15:55:01.304957,199645,176.87,176.82,100,100,-1371,3430
275,BA,2020-11-12,0 days 15:55:21.306545,205116,176.99,176.94,300,100,1800,-1971
276,BA,2020-11-12,0 days 15:55:22.306842,203716,177.0,176.95,450,100,-1400,1800
277,BA,2020-11-12,0 days 15:57:37.307859,233407,176.94,176.62,100,400,2487,-1814
278,BA,2020-11-12,0 days 15:57:38.307827,230694,176.94,176.71,200,471,-7413,2487
279,BA,2020-11-12,0 days 15:57:39.308402,233407,176.68,176.6,200,100,1587,-7413
280,BA,2020-11-12,0 days 15:57:40.307815,231194,176.65,176.53,100,200,-2213,1587
281,BA,2020-11-12,0 days 15:57:44.307924,233407,176.58,176.5,200,171,787,-613
282,BA,2020-11-12,0 days 15:57:47.307924,231594,176.58,176.51,100,101,-1814,5187
283,BA,2020-11-12,0 days 15:57:57.308955,233408,176.57,176.51,300,100,786,-1614
284,BA,2020-11-12,0 days 15:57:58.309048,229394,176.74,176.57,182,200,-4014,786
285,BA,2020-11-12,0 days 15:58:08.310598,233930,176.73,176.61,100,220,2134,-464
286,BA,2020-11-12,0 days 15:58:09.309743,232464,176.73,176.64,200,157,-1466,2134
287,BA,2020-11-12,0 days 15:58:11.310707,233930,176.73,176.64,200,100,934,-1466
288,BA,2020-11-12,0 days 15:58:12.310349,232464,176.73,176.64,200,100,-1466,934
289,BA,2020-11-12,0 days 15:58:13.312106,233930,176.77,176.51,100,300,2334,-1466
290,BA,2020-11-12,0 days 15:58:14.309784,229364,176.77,176.58,300,300,-4566,2334
291,BA,2020-11-12,0 days 15:58:23.310223,225730,176.64,176.46,200,313,13234,-1266
292,BA,2020-11-12,0 days 15:58:24.310666,220464,176.57,176.48,100,400,-13466,13234
293,BA,2020-11-12,0 days 15:58:37.310923,233930,176.77,176.5,100,122,3650,-1750
294,BA,2020-11-12,0 days 15:58:38.310528,232680,176.62,176.5,100,124,-1250,3650
295,BA,2020-11-12,0 days 15:58:43.311111,233930,176.58,176.45,100,400,2450,-750
296,BA,2020-11-12,0 days 15:58:51.311642,234121,176.61,176.51,300,227,1659,-1541
297,BA,2020-11-12,0 days 15:58:53.311107,223981,176.61,176.45,100,500,-10140,11167
298,BA,2020-11-12,0 days 15:58:54.311662,225921,176.61,176.48,100,600,9760,-10140
299,BA,2020-11-12,0 days 15:58:55.310954,220781,176.61,176.48,400,800,-13340,9760
300,BA,2020-11-12,0 days 15:59:08.313044,240151,176.93,176.75,500,100,9056,-1747
301,BA,2020-11-12,0 days 15:59:09.312743,239107,176.93,176.75,500,200,-1044,9056
302,BA,2020-11-12,0 days 15:59:10.312519,240151,176.83,176.74,200,200,7847,-1044
303,BA,2020-11-12,0 days 15:59:12.313522,233898,176.86,176.6,200,582,-15049,12147
304,BA,2020-11-12,0 days 15:59:16.307401,243434,176.81,176.62,100,1740,-1713,14787
305,BA,2020-11-12,0 days 15:59:17.307495,245447,176.63,176.51,100,300,5187,-1713
306,BA,2020-11-12,0 days 15:59:22.306974,250734,176.69,176.51,300,100,-3413,287
307,BA,2020-11-12,0 days 15:59:23.310034,250547,176.69,176.51,600,601,187,-3413
308,BA,2020-11-12,0 days 15:59:24.306928,245139,176.79,176.58,355,589,-10108,187
309,BA,2020-11-12,0 days 15:59:25.307113,246647,176.58,176.49,100,100,5292,-10108
310,BA,2020-11-12,0 days 15:59:30.308216,251639,176.68,176.52,400,2097,-3008,692
311,BA,2020-11-12,0 days 15:59:31.307732,259947,176.67,176.52,400,2197,4780,-3008
312,BA,2020-11-12,0 days 15:59:32.310925,256927,176.79,176.63,555,1669,-11120,4780
313,BA,2020-11-12,0 days 15:59:33.308214,251747,176.73,176.63,643,700,9180,-11120
314,BA,2020-11-12,0 days 15:59:41.307932,261327,176.67,176.58,355,300,-2420,980
315,BA,2020-11-12,0 days 15:59:42.308407,260547,176.61,176.45,500,300,4180,-2420
316,BA,2020-11-12,0 days 15:59:46.308740,265147,176.63,176.5,100,550,-10500,1580
317,BA,2020-11-12,0 days 15:59:47.308607,264147,176.63,176.51,200,400,400,-10500
318,BA,2020-11-12,0 days 15:59:53.308091,260547,176.79,176.63,1200,200,-5900,2700
319,BA,2020-11-12,0 days 15:59:58.309639,261747,176.74,176.62,100,100,2800,-5900
320,BA,2020-11-12,0 days 16:00:00.309700,258146,176.93,176.62,300,100,-8301,1100
321,BABA,2020-11-12,0 days 15:59:16.251360,764205,264.96,264.84,401,272,-29761,73169
322,BABA,2020-11-12,0 days 15:59:17.251697,762666,264.71,264.55,100,444,7541,-29761
323,BABA,2020-11-12,0 days 15:59:18.252057,770167,264.77,264.5,100,105,-1266,7541
324,BABA,2020-11-12,0 days 15:59:19.251842,779460,264.59,264.34,800,398,488,-1266
325,BABA,2020-11-12,0 days 15:59:22.249503,784729,264.33,264.23,1000,101,-7763,385
326,BABA,2020-11-12,0 days 15:59:23.249635,777792,264.33,264.18,1213,200,7685,-7763
327,BABA,2020-11-12,0 days 15:59:25.249574,785477,264.36,264.21,142,200,-5614,1836
328,BABA,2020-11-12,0 days 15:59:26.250300,785191,264.27,264.17,400,100,286,-5614
329,BABA,2020-11-12,0 days 15:59:29.249560,785517,264.32,264.19,100,400,-257,326
330,BABA,2020-11-12,0 days 15:59:30.253215,785274,264.29,264.19,920,300,243,-257
331,BABA,2020-11-12,0 days 15:59:32.249882,784729,264.31,264.22,500,700,-8947,243
332,BABA,2020-11-12,0 days 15:59:33.249627,786876,264.27,264.21,300,500,4401,-8947
333,BABA,2020-11-12,0 days 15:59:34.250447,785777,264.27,264.21,200,452,-7599,4401
334,BABA,2020-11-12,0 days 15:59:35.250685,785874,264.25,264.18,200,200,6903,-7599
335,BABA,2020-11-12,0 days 15:59:36.252968,785877,264.27,264.19,100,300,-399,6903
336,BABA,2020-11-12,0 days 15:59:38.249224,794776,264.47,264.33,967,300,12913,-22587
337,BABA,2020-11-12,0 days 15:59:39.250040,794189,264.43,264.34,1059,200,-587,12913
338,BABA,2020-11-12,0 days 15:59:44.251406,797576,264.27,264.12,820,300,12567,-2973
339,BABA,2020-11-12,0 days 15:59:46.250863,791791,264.34,264.18,820,718,-6598,8004
340,BABA,2020-11-12,0 days 15:59:49.248917,790899,264.34,264.24,800,700,7792,-1556
341,BABA,2020-11-12,0 days 15:59:50.253330,791343,264.34,264.24,600,700,-7056,7792
342,BAC,2020-11-12,0 days 15:59:55.235789,5176918,26.7,26.69,4044,98732,-155387,237763
343,BAM,2020-11-12,0 days 15:55:33.241657,49011,35.95,35.94,2031,1059,-527,173
344,BAM,2020-11-12,0 days 15:55:34.241368,48838,35.95,35.94,1931,1000,173,-527
345,BAM,2020-11-12,0 days 15:55:43.241894,55952,35.94,35.93,1463,1605,-1074,314
346,BAM,2020-11-12,0 days 15:57:13.243380,63600,35.94,35.93,200,2167,700,-600
347,BAM,2020-11-12,0 days 15:57:41.243444,63600,35.94,35.93,2200,1200,275,-25
348,BAM,2020-11-12,0 days 15:57:42.243619,63475,35.94,35.93,873,3600,-125,275
349,BAM,2020-11-12,0 days 15:57:47.244055,63600,35.94,35.93,1293,300,75,-525
350,BAM,2020-11-12,0 days 15:58:15.245611,63600,35.97,35.96,900,500,376,-1624
351,BAM,2020-11-12,0 days 15:58:16.245349,63176,35.97,35.96,407,835,-424,376
352,BAM,2020-11-12,0 days 15:58:22.245577,63600,35.99,35.97,1500,1835,576,-724
353,BAM,2020-11-12,0 days 15:58:23.245363,62876,35.98,35.97,100,1835,-724,576
354,BAM,2020-11-12,0 days 15:58:57.246937,66000,35.97,35.96,129,3200,909,-697
355,BAM,2020-11-12,0 days 15:58:58.247119,65309,35.98,35.97,1011,2079,-691,909
356,BAM,2020-11-12,0 days 15:59:05.247802,66668,35.98,35.97,1154,1071,1941,-559
357,BAM,2020-11-12,0 days 15:59:06.248461,66309,35.98,35.97,1061,1371,-359,1941
358,BAM,2020-11-12,0 days 15:59:08.249321,66668,35.98,35.97,1002,654,2182,-359
359,BAM,2020-11-12,0 days 15:59:09.248218,66450,35.98,35.97,1002,746,-218,2182
360,BAM,2020-11-12,0 days 15:59:41.248746,69593,35.96,35.94,1206,4300,223,-384
361,BAM,2020-11-12,0 days 15:59:43.249675,69209,35.99,35.97,600,300,-384,223
362,BAM,2020-11-12,0 days 15:59:46.249858,71093,36.0,35.98,2000,354,524,-1084
363,BB,2020-11-12,0 days 15:57:07.242548,67762,5.0,4.99,34515,83148,27088,-36112
364,BB,2020-11-12,0 days 15:57:08.242266,63650,5.0,4.99,34233,83348,-2912,27088
365,BB,2020-11-12,0 days 15:57:22.243532,67762,5.0,4.99,26230,84348,24788,-37012
366,BB,2020-11-12,0 days 15:57:23.242284,63650,5.0,4.99,26230,83848,-2912,24788
367,BB,2020-11-12,0 days 15:58:15.244841,68062,5.0,4.99,14530,95116,24858,-36842
368,BB,2020-11-12,0 days 15:58:16.244799,63520,5.0,4.99,14530,95116,-3042,24858
369,BB,2020-11-12,0 days 15:59:01.247564,68062,5.0,4.99,37691,98476,27452,-36819
370,BB,2020-11-12,0 days 15:59:02.246843,65214,5.0,4.99,37891,98476,-1348,27452
371,BB,2020-11-12,0 days 15:59:36.244674,66562,5.0,4.99,41933,110905,1719,-5681
372,BB,2020-11-12,0 days 15:59:47.242334,64681,5.0,4.99,53434,99952,-1881,2819
373,BBVA,2020-11-12,0 days 15:55:00.237327,20097,3.56,3.55,44344,255783,48833,-10122
374,BBVA,2020-11-12,0 days 15:59:36.244816,70530,3.56,3.55,239523,408929,-20530,24170
375,BBVA,2020-11-12,0 days 15:59:37.241282,69260,3.56,3.55,248523,406679,1270,-20530
376,BBY,2020-11-12,0 days 15:55:00.947800,124536,113.84,113.81,400,403,-27962,34122
377,BBY,2020-11-12,0 days 15:55:02.943579,123098,113.78,113.68,700,304,1438,-8262
378,BBY,2020-11-12,0 days 15:56:19.947620,129687,113.84,113.78,383,200,-112,1588
379,BBY,2020-11-12,0 days 15:56:20.947401,128699,113.83,113.78,283,200,988,-112
380,BBY,2020-11-12,0 days 15:59:09.952357,194724,113.99,113.94,720,200,-121,5954
381,BBY,2020-11-12,0 days 15:59:36.950751,144490,114.08,114.01,200,590,-51477,2157
382,BBY,2020-11-12,0 days 15:59:43.952214,159461,113.99,113.91,949,200,36475,-16159
383,BBY,2020-11-12,0 days 15:59:51.951915,151772,114.07,113.97,100,100,-22516,27618
384,BBY,2020-11-12,0 days 15:59:59.952088,174688,114.06,113.97,100,100,27418,-22516
385,BBY,2020-11-12,0 days 16:00:00.948481,151372,114.48,113.4,100,100,-26534,27418
386,BCS,2020-11-12,0 days 15:59:09.111333,45045,6.81,6.8,65928,113566,-1048,8302
387,BE,2020-11-12,0 days 15:57:16.248449,123984,17.12,17.11,100,100,-9283,2717
388,BE,2020-11-12,0 days 15:57:17.247616,119767,17.12,17.09,400,220,4217,-9283
389,BE,2020-11-12,0 days 15:57:44.248005,145484,17.11,17.1,865,400,-469,931
390,BE,2020-11-12,0 days 15:57:45.247387,141187,17.11,17.1,865,400,4297,-469
391,BE,2020-11-12,0 days 15:57:49.247126,145484,17.11,17.1,625,260,-303,997
392,BE,2020-11-12,0 days 15:58:02.248897,121702,17.13,17.11,634,1193,6318,-318
393,BE,2020-11-12,0 days 15:58:59.251182,128135,17.13,17.12,384,100,-13123,6733
394,BE,2020-11-12,0 days 15:59:00.253136,124758,17.12,17.1,401,325,3377,-13123
395,BE,2020-11-12,0 days 15:59:46.251150,157584,17.09,17.08,400,789,-12772,849
396,BE,2020-11-12,0 days 15:59:47.250584,155756,17.09,17.08,460,789,1828,-12772
397,BEN,2020-11-12,0 days 15:56:03.308190,254793,19.84,19.83,5818,3810,-654,747
398,BEN,2020-11-12,0 days 15:56:04.307801,254247,19.84,19.83,5918,3810,546,-654
399,BEN,2020-11-12,0 days 15:57:25.307606,254090,19.84,19.83,4800,4700,2722,-755
400,BEN,2020-11-12,0 days 15:57:35.307457,257066,19.84,19.83,2603,6400,-2393,976
401,BEST,2020-11-12,0 days 15:58:01.245046,33870,2.82,2.81,8200,13398,-180,1220
402,BEST,2020-11-12,0 days 15:58:59.246544,33992,2.82,2.81,8865,10805,3704,-122
403,BEST,2020-11-12,0 days 15:59:13.247694,37696,2.82,2.81,8198,9885,-476,3704
404,BEST,2020-11-12,0 days 15:59:35.241680,38030,2.82,2.81,18789,5350,113,-68
405,BEST,2020-11-12,0 days 15:59:46.242677,38143,2.82,2.81,17947,4933,-687,13
406,BHC,2020-11-12,0 days 15:55:41.248440,31986,18.92,18.91,6716,3003,-228,2372
407,BHC,2020-11-12,0 days 15:56:11.249004,32114,18.92,18.91,8148,2111,691,-128
408,BHC,2020-11-12,0 days 15:56:55.250918,33205,18.93,18.92,4306,2639,-1329,1091
409,BHC,2020-11-12,0 days 15:58:04.248819,40920,18.92,18.91,1419,5138,11,-1089
410,BHC,2020-11-12,0 days 15:58:05.249043,40231,18.92,18.91,1719,5138,-689,11
411,BHC,2020-11-12,0 days 15:58:58.250502,41574,18.93,18.92,2100,6444,1125,-1043
412,BHC,2020-11-12,0 days 15:58:59.251288,40999,18.93,18.92,999,7944,-575,1125
413,BHC,2020-11-12,0 days 15:59:08.252260,32528,18.93,18.92,400,4672,8777,-394
414,BHC,2020-11-12,0 days 15:59:36.253363,36542,18.94,18.93,4241,5347,-656,844
415,BHC,2020-11-12,0 days 15:59:37.249709,36498,18.94,18.93,4141,4647,44,-656
416,BJ,2020-11-12,0 days 15:55:52.258461,147082,40.44,40.43,626,296,1267,-533
417,BJ,2020-11-12,0 days 15:57:34.241415,150349,40.47,40.44,364,200,-574,326
418,BJ,2020-11-12,0 days 15:57:35.241678,150223,40.46,40.44,362,200,126,-574
419,BJ,2020-11-12,0 days 15:57:41.240972,150349,40.47,40.44,284,303,-1866,1126
420,BJ,2020-11-12,0 days 15:57:42.241395,149915,40.46,40.44,674,203,434,-1866
421,BJ,2020-11-12,0 days 15:58:31.243119,151571,40.5,40.47,260,300,448,-952
422,BJ,2020-11-12,0 days 15:59:11.245316,156698,40.46,40.41,700,200,-43982,1018
423,BKD,2020-11-12,0 days 15:55:00.948636,126957,3.8,3.79,12627,13739,-6904,14141
424,BKD,2020-11-12,0 days 15:55:02.943752,123461,3.8,3.79,13427,14564,3096,-4304
425,BKR,2020-11-12,0 days 15:59:16.111035,1266801,17.34,17.33,6019,1142,-429478,276846
426,BKR,2020-11-12,0 days 15:59:19.108882,1377468,17.28,17.27,9538,1000,4594,-98884
427,BKR,2020-11-12,0 days 15:59:20.108983,1376929,17.28,17.27,7828,1468,-539,4594
428,BKR,2020-11-12,0 days 15:59:21.110083,1376364,17.28,17.27,8638,1000,565,-539
429,BKR,2020-11-12,0 days 15:59:23.109813,1371329,17.28,17.27,8438,1000,-5035,565
430,BKR,2020-11-12,0 days 15:59:26.109640,1365429,17.28,17.27,4990,2401,-4635,45565
431,BKR,2020-11-12,0 days 15:59:30.111446,1382664,17.29,17.28,5800,2700,71921,-86238
432,BKR,2020-11-12,0 days 15:59:31.110028,1416485,17.29,17.28,5100,4377,-7974,71921
433,BKR,2020-11-12,0 days 15:59:42.106649,1452869,17.29,17.28,4200,2172,-5883,86776
434,BKR,2020-11-12,0 days 15:59:46.108868,1463552,17.29,17.28,9438,3739,7841,-3756
435,BKR,2020-11-12,0 days 15:59:47.107231,1458655,17.29,17.28,3400,5039,-36818,7841
436,BMY,2020-11-12,0 days 15:57:20.307484,656807,62.6,62.59,100,2949,11630,-9870
437,BMY,2020-11-12,0 days 15:58:59.311965,695152,62.67,62.66,600,1913,-7943,7913
438,BMY,2020-11-12,0 days 15:59:00.318273,682495,62.66,62.65,2897,380,12657,-7943
439,BMY,2020-11-12,0 days 15:59:16.307270,700603,62.68,62.67,319,2353,-22480,8642
440,BMY,2020-11-12,0 days 15:59:17.307387,694683,62.68,62.67,4500,600,5920,-22480
441,BMY,2020-11-12,0 days 15:59:21.307905,735355,62.68,62.66,2290,5875,-189,38472
442,BMY,2020-11-12,0 days 15:59:22.306885,732783,62.68,62.67,1390,1481,772,-189
443,BMY,2020-11-12,0 days 15:59:42.308319,743382,62.71,62.7,1498,1629,5199,-1109
444,BP,2020-11-12,0 days 15:57:08.243295,150742,18.3,18.29,22661,46592,-27761,4339
445,BP,2020-11-12,0 days 15:57:09.243626,148118,18.3,18.29,21055,51992,2624,-27761
446,BP,2020-11-12,0 days 15:59:17.247853,134047,18.3,18.29,53399,43800,-7791,6548
447,BP,2020-11-12,0 days 15:59:18.247886,122238,18.3,18.29,54299,38800,11809,-7791
448,BP,2020-11-12,0 days 15:59:34.248041,134047,18.3,18.29,54713,20245,-4967,11639
449,BRFS,2020-11-12,0 days 15:57:14.243288,22879,3.54,3.53,58424,138912,-156,2244
450,BRFS,2020-11-12,0 days 15:57:59.244167,22435,3.54,3.53,49333,142488,644,-156
451,BRFS,2020-11-12,0 days 15:58:47.246413,23079,3.54,3.53,9475,204383,-3843,644
452,BRFS,2020-11-12,0 days 15:59:36.252581,35911,3.54,3.53,125029,122911,10564,-12536
453,BRFS,2020-11-12,0 days 15:59:37.248652,35175,3.54,3.53,125029,122911,-736,10564
454,BRK.B,2020-11-12,0 days 15:55:40.240463,1396772,224.16,224.12,243,1451,52,-1934
455,BRK.B,2020-11-12,0 days 15:55:42.238966,1395335,224.25,224.18,100,239,-1437,4263
456,BRK.B,2020-11-12,0 days 15:56:14.240011,1396814,224.24,224.18,420,150,805,-198
457,BRK.B,2020-11-12,0 days 15:56:15.239143,1396710,224.24,224.19,120,273,-104,805
458,BRK.B,2020-11-12,0 days 15:56:25.239105,1396814,224.25,224.22,100,450,343,-104
459,BRK.B,2020-11-12,0 days 15:56:26.239260,1393819,224.3,224.26,100,250,-2995,343
460,BRK.B,2020-11-12,0 days 15:56:43.240992,1396814,224.25,224.19,100,350,5,-1495
461,BRK.B,2020-11-12,0 days 15:57:06.241934,1396814,224.16,224.12,150,100,1547,-353
462,BRK.B,2020-11-12,0 days 15:57:09.242691,1397872,224.24,224.17,238,204,-10742,1015
463,BRK.B,2020-11-12,0 days 15:57:34.242110,1411362,224.4,224.33,403,381,149,-1505
464,BRK.B,2020-11-12,0 days 15:57:58.243417,1396461,224.43,224.37,184,150,-15325,130
465,BRK.B,2020-11-12,0 days 15:58:01.244896,1411228,224.4,224.34,300,100,14551,-1638
466,BRK.B,2020-11-12,0 days 15:58:07.244187,1395390,224.39,224.35,208,100,-15838,651
467,BRK.B,2020-11-12,0 days 15:58:08.244841,1411228,224.39,224.35,358,400,5351,-15838
468,BRK.B,2020-11-12,0 days 15:58:09.245029,1410479,224.39,224.36,108,450,-4718,5351
469,BRK.B,2020-11-12,0 days 15:58:25.244991,1423723,224.5,224.45,273,200,2196,-8051
470,BRK.B,2020-11-12,0 days 15:58:26.245240,1420907,224.5,224.46,100,250,-2816,2196
471,BRK.B,2020-11-12,0 days 15:58:46.244536,1394711,224.65,224.61,114,750,-34535,15507
472,BRK.B,2020-11-12,0 days 15:59:01.247402,1432461,224.59,224.51,160,150,56843,-12405
473,BRK.B,2020-11-12,0 days 15:59:05.247202,1408685,224.64,224.59,305,450,-26524,15570
474,BRK.B,2020-11-12,0 days 15:59:11.247035,1433257,224.59,224.52,100,100,38755,-13657
475,BRK.B,2020-11-12,0 days 15:59:22.241225,1446807,224.64,224.53,101,200,-2778,53700
476,BRK.B,2020-11-12,0 days 15:59:26.240485,1449591,224.66,224.57,1074,100,8871,-650
477,BRK.B,2020-11-12,0 days 15:59:36.244545,1458097,224.71,224.6,100,100,-9594,974
478,BRK.B,2020-11-12,0 days 15:59:37.241134,1457891,224.74,224.61,200,100,119,-9594
479,BRK.B,2020-11-12,0 days 15:59:39.241740,1457521,224.73,224.62,100,100,-865,119
480,BRK.B,2020-11-12,0 days 15:59:46.242405,1458297,224.69,224.57,100,100,-48301,24886
481,BRX,2020-11-12,0 days 15:55:34.311069,225091,14.36,14.35,8126,2791,20569,-731
482,BRX,2020-11-12,0 days 15:55:35.307819,222160,14.36,14.35,7605,3191,-2431,20569
483,BRX,2020-11-12,0 days 15:56:25.308096,213305,14.34,14.33,7475,1847,-2417,6683
484,BTI,2020-11-12,0 days 15:56:56.243599,37310,36.52,36.51,3300,2700,1515,-3
485,BTI,2020-11-12,0 days 15:56:57.243023,36625,36.52,36.51,4200,1500,-685,1515
486,BTI,2020-11-12,0 days 15:57:52.243935,37333,36.52,36.51,6540,1200,305,-395
487,BTI,2020-11-12,0 days 15:57:53.243852,37138,36.52,36.51,6709,900,-195,305
488,BTI,2020-11-12,0 days 15:57:56.244420,37333,36.52,36.51,6705,900,5,-95
489,BTI,2020-11-12,0 days 15:57:58.244005,36838,36.52,36.51,6405,1100,-495,205
490,BTI,2020-11-12,0 days 15:58:15.245601,37333,36.52,36.51,5900,1598,124,-476
491,BTI,2020-11-12,0 days 15:58:16.245338,36857,36.52,36.51,6105,1398,-476,124
492,BTI,2020-11-12,0 days 15:58:17.245391,37333,36.52,36.51,6900,1003,524,-476
493,BTI,2020-11-12,0 days 15:58:18.246966,36857,36.52,36.51,6900,1103,-476,524
494,BTI,2020-11-12,0 days 15:58:22.245555,37333,36.52,36.51,6800,1203,124,-476
495,BTI,2020-11-12,0 days 15:58:23.245334,36857,36.52,36.51,5400,2364,-476,124
496,BTI,2020-11-12,0 days 15:58:57.246930,37333,36.52,36.51,5403,4007,1999,-197
497,BTI,2020-11-12,0 days 15:58:58.247094,35332,36.52,36.51,5703,3707,-2001,1999
498,BTI,2020-11-12,0 days 15:59:01.249298,37826,36.52,36.51,6213,2654,1906,-2494
499,BTI,2020-11-12,0 days 15:59:02.247622,37389,36.52,36.51,6213,2431,-437,1906
500,BTI,2020-11-12,0 days 15:59:18.247977,37976,36.51,36.5,6436,1524,1038,-369
501,BTI,2020-11-12,0 days 15:59:36.252760,39900,36.52,36.51,8410,1216,-400,600
502,BTI,2020-11-12,0 days 15:59:43.249647,39800,36.51,36.5,7734,3313,100,-400
503,BTU,2020-11-12,0 days 15:55:06.235101,39845,0.97,0.96,3820,1300,-3284,14182
504,BTU,2020-11-12,0 days 15:58:19.242053,46569,0.98,0.97,700,100,17412,-5024
505,BUD,2020-11-12,0 days 15:59:47.107521,119113,65.1,65.09,745,708,5326,-3134
506,BUD,2020-11-12,0 days 15:59:48.110987,116739,65.13,65.1,400,1055,-2374,5326
507,BX,2020-11-12,0 days 15:55:15.239863,106199,54.92,54.89,200,355,-25810,22090
508,BX,2020-11-12,0 days 15:55:16.238521,105209,54.91,54.89,500,398,990,-25810
509,BX,2020-11-12,0 days 15:56:03.240412,105711,54.9,54.89,100,600,974,-25626
510,BX,2020-11-12,0 days 15:57:09.242936,111027,54.89,54.88,500,511,1509,-35175
511,BX,2020-11-12,0 days 15:59:18.240950,125717,54.89,54.88,168,110,-648,1656
512,BX,2020-11-12,0 days 15:59:26.240811,124034,54.91,54.9,300,558,1683,-817
513,BX,2020-11-12,0 days 15:59:30.243991,123617,54.95,54.93,400,100,-3943,957
514,BX,2020-11-12,0 days 15:59:31.241547,122460,54.95,54.93,691,300,1157,-3943
515,BX,2020-11-12,0 days 15:59:40.242124,116627,54.99,54.96,300,400,-6583,557
516,BX,2020-11-12,0 days 15:59:41.242219,116110,54.97,54.94,100,200,6907,-6583
517,BX,2020-11-12,0 days 15:59:46.242989,123627,54.95,54.93,327,700,-5977,1107
518,BX,2020-11-12,0 days 15:59:47.242593,123204,54.95,54.93,327,700,423,-5977
519,BX,2020-11-12,0 days 15:59:48.242797,123027,54.96,54.94,100,300,-274,423
520,BX,2020-11-12,0 days 15:59:49.242204,122601,54.96,54.94,200,304,426,-274
521,BX,2020-11-12,0 days 15:59:53.242312,123027,54.97,54.94,100,369,-1891,1009
522,C,2020-11-12,0 days 15:59:22.236722,1382639,48.26,48.25,4271,3716,1879,-149215
523,C,2020-11-12,0 days 15:59:41.236976,1379152,48.27,48.26,8683,2300,-5345,15585
524,C,2020-11-12,0 days 15:59:46.238243,1359859,48.27,48.26,1990,8264,-24165,27909
525,C,2020-11-12,0 days 15:59:57.235260,1408343,48.29,48.28,575,100,12594,-2438
526,CARR,2020-11-12,0 days 15:55:34.240224,372610,38.01,38.0,1325,592,-46,1862
527,CARR,2020-11-12,0 days 15:55:35.240483,371056,37.99,37.98,1816,200,1554,-46
528,CARR,2020-11-12,0 days 15:55:51.240562,389747,37.99,37.98,2227,207,-3597,436
529,CARR,2020-11-12,0 days 15:56:32.241216,394444,37.96,37.95,600,902,303,-1097
530,CARR,2020-11-12,0 days 15:57:05.241891,395047,37.96,37.95,1480,513,-540,460
531,CARR,2020-11-12,0 days 15:57:06.242189,395587,37.96,37.95,1480,513,442,-540
532,CARR,2020-11-12,0 days 15:57:25.242712,410429,37.98,37.97,200,1001,-1447,1353
533,CARR,2020-11-12,0 days 15:57:26.242623,408776,37.98,37.97,1300,201,1653,-1447
534,CARR,2020-11-12,0 days 15:58:13.245035,423630,37.97,37.96,1340,100,-12493,356
535,CARR,2020-11-12,0 days 15:58:14.244811,420823,37.97,37.96,906,1100,2807,-12493
536,CARR,2020-11-12,0 days 15:59:13.247846,424819,37.96,37.95,817,1600,-928,4065
537,CARR,2020-11-12,0 days 15:59:14.246968,423347,37.96,37.95,817,1500,1472,-928
538,CARR,2020-11-12,0 days 15:59:24.241098,433921,37.96,37.95,1056,1000,1910,-9202
539,CARR,2020-11-12,0 days 15:59:25.240574,433431,37.98,37.96,300,1044,-490,1910
540,CARR,2020-11-12,0 days 15:59:31.241547,433921,37.97,37.96,700,400,15700,-490
541,CARR,2020-11-12,0 days 15:59:45.242931,449111,37.96,37.95,329,600,-6536,1135
542,CARR,2020-11-12,0 days 15:59:46.242970,448747,37.97,37.95,200,500,469,-6536
543,CARR,2020-11-12,0 days 15:59:47.242575,449216,37.97,37.95,200,900,-401,469
544,CARR,2020-11-12,0 days 15:59:49.242190,448897,37.97,37.95,300,1000,319,-981
545,CAT,2020-11-12,0 days 15:55:00.237996,191169,169.09,168.99,200,200,-717,9809
546,CAT,2020-11-12,0 days 15:55:07.238088,191886,169.08,169.02,100,100,1090,-610
547,CAT,2020-11-12,0 days 15:55:08.237787,190976,169.09,169.03,100,100,-910,1090
548,CAT,2020-11-12,0 days 15:55:27.239967,192158,169.08,169.02,210,100,3090,-411
549,CAT,2020-11-12,0 days 15:55:28.240168,191548,169.08,169.02,210,100,-610,3090
550,CAT,2020-11-12,0 days 15:59:08.248873,232097,169.21,169.17,300,300,3328,-425
551,CAT,2020-11-12,0 days 15:59:09.247547,229625,169.28,169.19,200,852,-2594,3328
552,CAT,2020-11-12,0 days 15:59:17.241077,233575,169.3,169.19,101,404,3342,-3764
553,CAT,2020-11-12,0 days 15:59:21.240460,243817,169.33,169.22,200,641,-1542,206
554,CAT,2020-11-12,0 days 15:59:30.243979,258137,169.39,169.26,190,993,1762,-8121
555,CAT,2020-11-12,0 days 15:59:31.241459,256473,169.39,169.26,190,883,-1664,1762
556,CAT,2020-11-12,0 days 15:59:40.242104,256573,169.36,169.24,100,100,3900,-1430
557,CAT,2020-11-12,0 days 15:59:41.242205,255473,169.38,169.24,100,100,-1100,3900
558,CAT,2020-11-12,0 days 15:59:46.242883,254741,169.22,169.16,100,100,1961,-1010
559,CAT,2020-11-12,0 days 15:59:47.242557,253602,169.25,169.13,400,304,-4460,1961
560,CCC,2020-11-12,0 days 15:55:00.237260,12132,27.78,27.76,600,200,-191,1680
561,CCC,2020-11-12,0 days 15:55:33.240493,12323,27.77,27.75,768,502,258,-142
562,CCC,2020-11-12,0 days 15:55:34.240121,12181,27.77,27.75,768,502,-142,258
563,CCC,2020-11-12,0 days 15:56:56.241853,14278,27.84,27.81,200,207,1473,-271
564,CCC,2020-11-12,0 days 15:56:57.241956,14151,27.84,27.81,200,207,-127,1473
565,CCC,2020-11-12,0 days 15:57:08.242287,14278,27.84,27.81,300,407,573,-127
566,CCC,2020-11-12,0 days 15:58:09.245149,14951,27.82,27.79,100,200,-5563,473
567,CCC,2020-11-12,0 days 15:58:35.247638,20514,27.81,27.79,200,200,937,-563
568,CCC,2020-11-12,0 days 15:58:36.245582,20051,27.81,27.79,100,200,-463,937
569,CCC,2020-11-12,0 days 15:59:03.246876,22300,27.78,27.75,100,695,551,-549
570,CCC,2020-11-12,0 days 15:59:04.246973,21951,27.78,27.75,100,695,-349,551
571,CCC,2020-11-12,0 days 15:59:16.240533,16264,27.79,27.75,879,200,1487,-349
572,CCC,2020-11-12,0 days 15:59:19.240284,21551,27.79,27.72,200,1300,-106,1187
573,CCC,2020-11-12,0 days 15:59:46.242627,26558,27.81,27.72,1400,1200,570,-450
574,CCEP,2020-11-12,0 days 15:50:03.231968,60472,40.2,40.13,100,1772,-599,1
575,CCEP,2020-11-12,0 days 15:55:00.242475,70055,40.26,40.25,253,1030,541,-4089
576,CCEP,2020-11-12,0 days 15:57:45.240374,71888,40.28,40.27,402,400,-314,186
577,CCEP,2020-11-12,0 days 15:57:47.240926,71502,40.27,40.26,787,100,386,-214
578,CCEP,2020-11-12,0 days 15:57:59.241381,71888,40.27,40.26,768,100,-714,386
579,CCEP,2020-11-12,0 days 15:58:01.243452,70702,40.27,40.26,1028,2079,1086,-14
580,CCEP,2020-11-12,0 days 15:58:02.242247,70733,40.27,40.26,1028,2079,-669,1086
581,CCEP,2020-11-12,0 days 15:58:03.242676,70402,40.27,40.26,1128,2079,331,-669
582,CCEP,2020-11-12,0 days 15:58:06.242004,70733,40.27,40.26,886,2047,-369,331
583,CCEP,2020-11-12,0 days 15:58:07.248034,70402,40.27,40.26,886,1947,331,-369
584,CCEP,2020-11-12,0 days 15:58:15.248143,70733,40.27,40.26,100,238,-769,331
585,CCEP,2020-11-12,0 days 15:58:16.247823,70402,40.27,40.26,100,342,331,-769
586,CCEP,2020-11-12,0 days 15:58:18.253973,70733,40.27,40.26,300,242,-369,31
587,CCEP,2020-11-12,0 days 15:58:19.255349,70402,40.27,40.26,700,141,331,-369
588,CCEP,2020-11-12,0 days 15:58:21.256976,70733,40.27,40.26,600,241,-569,731
589,CCEP,2020-11-12,0 days 15:58:22.257193,69802,40.27,40.26,700,141,931,-569
590,CCEP,2020-11-12,0 days 15:58:24.257190,70733,40.27,40.26,600,241,-369,331
591,CCEP,2020-11-12,0 days 15:58:25.251347,70402,40.27,40.26,600,141,331,-369
592,CCEP,2020-11-12,0 days 15:59:09.245332,71922,40.27,40.26,774,1723,-532,500
593,CCEP,2020-11-12,0 days 15:59:10.245226,72854,40.27,40.26,582,1825,268,-532
594,CCEP,2020-11-12,0 days 15:59:11.245575,72722,40.27,40.26,582,1725,-132,268
595,CCJ,2020-11-12,0 days 15:58:58.244043,48577,9.62,9.61,24253,12236,-3021,1336
596,CCJ,2020-11-12,0 days 15:58:59.244602,33198,9.62,9.61,23353,11986,15379,-3021
597,CCJ,2020-11-12,0 days 15:59:01.245441,48577,9.62,9.61,20889,11724,-12021,15379
598,CCJ,2020-11-12,0 days 15:59:02.244315,45898,9.62,9.61,21031,10624,2679,-12021
599,CCJ,2020-11-12,0 days 15:59:04.244401,49257,9.62,9.61,19035,12515,-441,2679
600,CCJ,2020-11-12,0 days 15:59:24.245589,48776,9.62,9.61,27072,4339,571,-529
601,CCJ,2020-11-12,0 days 15:59:39.246030,49347,9.62,9.61,31771,9254,-4429,71
602,CCJ,2020-11-12,0 days 15:59:40.247341,48576,9.62,9.61,33289,8054,771,-4429
603,CCL,2020-11-12,0 days 15:55:00.948539,788295,15.03,15.02,8873,23620,-8934,412851
604,CCL,2020-11-12,0 days 15:55:01.944974,763329,15.03,15.02,9272,24020,24966,-8934
605,CCL,2020-11-12,0 days 15:55:09.944463,786795,15.04,15.03,18300,5992,-2434,23466
606,CCL,2020-11-12,0 days 15:55:33.947321,765923,15.04,15.03,18810,8210,22403,-1764
607,CCL,2020-11-12,0 days 15:59:28.949863,916358,14.96,14.95,14564,12710,-48645,2355
608,CCX,2020-11-12,0 days 15:59:36.249344,127,10.04,10.02,200,315,-81,119
609,CCX,2020-11-12,0 days 15:59:37.247026,108,10.04,10.02,200,300,19,-81
610,CDE,2020-11-12,0 days 15:57:03.248518,176957,7.79,7.78,11813,4615,22180,-3720
611,CDE,2020-11-12,0 days 15:57:04.247666,174637,7.79,7.78,11313,8015,-2320,22180
612,CDE,2020-11-12,0 days 15:57:10.248676,179257,7.79,7.78,10413,7515,6380,-2620
613,CDE,2020-11-12,0 days 15:57:11.248495,177437,7.79,7.78,10313,8678,-1820,6380
614,CDE,2020-11-12,0 days 15:58:06.248446,182157,7.8,7.79,9800,10997,1833,-1724
615,CDE,2020-11-12,0 days 15:58:08.248670,180690,7.8,7.79,8809,11724,-1467,133
616,CDE,2020-11-12,0 days 15:58:57.250233,197890,7.8,7.79,4534,16816,1648,-2800
617,CDE,2020-11-12,0 days 15:58:58.249942,195438,7.8,7.79,4534,18114,-2452,1648
618,CDE,2020-11-12,0 days 15:59:07.250931,191286,7.8,7.79,4977,15511,4541,-2617
619,CDE,2020-11-12,0 days 15:59:08.252198,189127,7.8,7.79,5277,15411,-2159,4541
620,CDE,2020-11-12,0 days 15:59:39.251490,210308,7.8,7.79,13401,4392,7624,-2676
621,CDE,2020-11-12,0 days 15:59:40.251131,208332,7.8,7.79,6574,16638,-1976,7624
622,CF,2020-11-12,0 days 15:55:00.947800,172178,30.17,30.16,1706,1610,-9174,23043
623,CF,2020-11-12,0 days 15:55:01.944698,168052,30.17,30.16,1906,1366,4126,-9174
624,CF,2020-11-12,0 days 15:57:44.948921,180586,30.15,30.14,2729,1500,-1221,379
625,CF,2020-11-12,0 days 15:57:45.949157,180407,30.15,30.14,2229,1300,179,-1221
626,CF,2020-11-12,0 days 15:59:05.952737,179066,30.18,30.17,1717,3864,-3,1473
627,CF,2020-11-12,0 days 15:59:11.952443,179369,30.18,30.17,2822,3581,693,-503
628,CF,2020-11-12,0 days 15:59:18.950217,180962,30.18,30.17,1920,2679,-4641,375
629,CFG,2020-11-12,0 days 15:59:12.954016,377232,30.7,30.69,1900,3521,1870,-1330
630,CFG,2020-11-12,0 days 15:59:14.954163,372391,30.7,30.69,1641,3721,-4841,1870
631,CFG,2020-11-12,0 days 15:59:17.949584,371470,30.68,30.67,4100,1130,1061,-5079
632,CFG,2020-11-12,0 days 15:59:20.949412,368443,30.69,30.68,1097,4290,-3027,1061
633,CFG,2020-11-12,0 days 15:59:45.952388,377177,30.69,30.68,3429,3500,-1406,11594
634,CGC,2020-11-12,0 days 15:59:48.236201,46901,23.81,23.8,600,930,1012,-388
635,CHD,2020-11-12,0 days 15:55:40.309279,90155,87.57,87.54,300,100,-1300,2599
636,CHD,2020-11-12,0 days 15:55:41.308090,87455,87.56,87.53,204,200,2700,-1300
637,CHD,2020-11-12,0 days 15:59:36.308808,102765,87.82,87.79,300,400,-314,4886
638,CHGG,2020-11-12,0 days 15:55:27.237917,53670,70.59,70.55,600,1610,-9625,2175
639,CHGG,2020-11-12,0 days 15:55:28.237958,52595,70.58,70.55,512,1400,1075,-9625
640,CHGG,2020-11-12,0 days 15:56:43.239533,58266,70.64,70.62,420,1762,-871,979
641,CHGG,2020-11-12,0 days 15:56:44.239857,57037,70.63,70.62,418,590,1229,-871
642,CHGG,2020-11-12,0 days 15:58:22.257242,60655,70.67,70.66,200,1320,-962,1538
643,CHGG,2020-11-12,0 days 15:58:23.256855,59417,70.67,70.66,200,1020,1249,-962
644,CHGG,2020-11-12,0 days 15:59:24.246020,60906,70.69,70.67,200,200,-75,202
645,CHGG,2020-11-12,0 days 15:59:31.246045,64581,70.68,70.67,912,400,1085,-75
646,CHGG,2020-11-12,0 days 15:59:46.247995,68833,70.74,70.69,100,759,-3556,652
647,CHGG,2020-11-12,0 days 15:59:47.247565,68289,70.73,70.71,410,100,244,-3556
648,CHWY,2020-11-12,0 days 15:56:09.257907,24451,63.4,63.39,260,100,-160,340
649,CHWY,2020-11-12,0 days 15:56:10.258453,24111,63.39,63.34,210,100,340,-160
650,CHWY,2020-11-12,0 days 15:57:07.250499,24632,63.36,63.33,200,200,-544,203
651,CHWY,2020-11-12,0 days 15:57:08.249927,24486,63.36,63.33,300,300,146,-544
652,CHWY,2020-11-12,0 days 15:57:50.241441,27832,63.34,63.32,200,200,-409,181
653,CHWY,2020-11-12,0 days 15:57:51.241513,27651,63.34,63.32,200,200,181,-409
654,CHWY,2020-11-12,0 days 15:57:59.241448,27832,63.32,63.31,100,502,-79,111
655,CHWY,2020-11-12,0 days 15:58:00.243492,27721,63.33,63.31,100,402,111,-79
656,CHWY,2020-11-12,0 days 15:58:23.243305,27745,63.37,63.32,248,618,87,-3
657,CHWY,2020-11-12,0 days 15:58:35.246138,27832,63.37,63.32,248,962,-603,197
658,CHWY,2020-11-12,0 days 15:58:36.243336,27635,63.37,63.32,248,862,197,-603
659,CHWY,2020-11-12,0 days 15:58:57.244064,27832,63.36,63.34,130,200,-562,297
660,CHWY,2020-11-12,0 days 15:58:58.244597,27724,63.36,63.33,130,316,108,-562
661,CI,2020-11-12,0 days 15:55:00.238305,112282,220.01,219.88,200,557,-674,10537
662,CI,2020-11-12,0 days 15:55:01.237866,110756,219.93,219.61,358,100,1526,-674
663,CI,2020-11-12,0 days 15:56:46.242036,117457,220.21,219.83,147,100,-116,513
664,CI,2020-11-12,0 days 15:57:25.242722,118540,220.14,220.02,677,100,-4873,627
665,CI,2020-11-12,0 days 15:57:26.242635,116613,220.03,219.86,401,300,1927,-4873
666,CI,2020-11-12,0 days 15:57:35.243627,118541,220.03,219.81,101,242,-549,251
667,CI,2020-11-12,0 days 15:57:36.242592,118490,220.07,219.93,100,100,51,-549
668,CI,2020-11-12,0 days 15:57:40.242829,118541,220.04,219.91,182,245,-249,51
669,CI,2020-11-12,0 days 15:57:41.243206,117790,220.04,219.86,182,329,751,-249
670,CI,2020-11-12,0 days 15:58:00.245744,113865,219.92,219.74,100,200,-4291,411
671,CI,2020-11-12,0 days 15:58:01.245118,113179,219.92,219.85,100,100,683,-4291
672,CI,2020-11-12,0 days 15:58:11.244845,111259,220.0,219.81,102,100,-553,447
673,CI,2020-11-12,0 days 15:59:01.247901,116532,220.09,219.93,100,100,147,-1
674,CI,2020-11-12,0 days 15:59:08.248890,123768,220.28,220.0,100,100,-2231,769
675,CI,2020-11-12,0 days 15:59:09.247575,123399,220.22,220.09,100,100,369,-2231
676,CI,2020-11-12,0 days 15:59:20.240803,117748,220.28,220.0,100,100,-2854,146
677,CI,2020-11-12,0 days 15:59:34.241389,122580,220.3,220.15,113,200,84,-4432
678,CI,2020-11-12,0 days 15:59:39.242021,122664,220.37,220.12,100,100,-8174,84
679,CI,2020-11-12,0 days 15:59:40.242124,122280,220.27,220.09,300,300,384,-8174
680,CI,2020-11-12,0 days 15:59:42.241861,122664,220.23,220.05,200,400,-2716,3284
681,CI,2020-11-12,0 days 15:59:47.242593,121760,220.18,220.03,401,300,1104,-1896
682,CI,2020-11-12,0 days 15:59:48.242797,122664,220.33,220.13,100,400,-3096,1104
683,CIG,2020-11-12,0 days 15:56:11.238679,444293,2.09,2.08,154300,202991,-4901,99
684,CIG,2020-11-12,0 days 15:56:12.239071,423394,2.09,2.08,154300,206491,20899,-4901
685,CIG,2020-11-12,0 days 15:58:53.244233,425479,2.11,2.1,122200,305840,18814,-2186
686,CIG,2020-11-12,0 days 15:59:44.247884,444305,2.12,2.11,61900,354641,-5696,1304
687,CIG,2020-11-12,0 days 15:59:48.247906,439001,2.12,2.11,48100,401521,9168,-1832
688,CIG,2020-11-12,0 days 16:00:00.248392,448169,2.15,2.11,128,4200,-3956,38044
689,CIM,2020-11-12,0 days 15:57:08.242287,111029,9.67,9.66,15260,10144,-2669,2531
690,CIM,2020-11-12,0 days 15:57:09.242842,107799,9.66,9.65,21524,16194,3230,-2669
691,CIM,2020-11-12,0 days 15:59:33.241007,113476,9.67,9.66,31214,9238,-21714,1360
692,CIM,2020-11-12,0 days 15:59:34.241192,111790,9.66,9.65,27926,18567,18836,-21714
693,CIM,2020-11-12,0 days 15:59:47.242365,130826,9.66,9.65,10000,20904,-4069,2436
694,CIM,2020-11-12,0 days 15:59:48.242520,129095,9.66,9.65,4900,20204,1731,-4069
695,CL,2020-11-12,0 days 15:55:00.245184,339614,84.54,84.53,364,1201,-14464,78203
696,CL,2020-11-12,0 days 15:55:53.246973,368701,84.52,84.51,310,811,26261,-9167
697,CL,2020-11-12,0 days 15:55:54.247032,362262,84.54,84.53,447,400,-6439,26261
698,CL,2020-11-12,0 days 15:56:11.247283,368701,84.54,84.53,110,1714,5011,-6439
699,CL,2020-11-12,0 days 15:56:12.247169,363556,84.55,84.53,626,1814,-5145,5011
700,CL,2020-11-12,0 days 15:57:41.248618,371762,84.57,84.55,672,922,6506,-2994
701,CL,2020-11-12,0 days 15:57:42.246973,366755,84.58,84.56,305,1103,-5007,6506
702,CL,2020-11-12,0 days 15:58:12.248641,371909,84.61,84.6,437,200,115,-485
703,CL,2020-11-12,0 days 15:58:13.248961,370639,84.61,84.6,100,563,-1270,115
704,CL,2020-11-12,0 days 15:59:05.251210,386110,84.6,84.59,186,519,1084,-1216
705,CL,2020-11-12,0 days 15:59:06.250914,382494,84.62,84.6,500,500,-3616,1084
706,CL,2020-11-12,0 days 15:59:16.250881,384970,84.63,84.61,300,778,-2608,11160
707,CL,2020-11-12,0 days 15:59:21.251139,401103,84.7,84.69,242,261,63070,-603
708,CL,2020-11-12,0 days 15:59:46.252326,469477,84.7,84.67,200,800,-22431,48307
709,CL,2020-11-12,0 days 15:59:47.251968,465105,84.68,84.67,600,210,13316,-22431
710,CL,2020-11-12,0 days 15:59:58.252851,472999,84.74,84.7,200,200,14181,-6359
711,CLDR,2020-11-12,0 days 15:59:17.251320,137807,10.51,10.5,4369,1790,989,-3428
712,CLF,2020-11-12,0 days 15:55:00.239397,260091,8.25,8.24,6273,21293,-3424,35213
713,CLF,2020-11-12,0 days 15:57:09.243689,272376,8.23,8.22,16329,17127,-2,1150
714,CLF,2020-11-12,0 days 15:58:09.245766,282219,8.23,8.22,7612,21929,-166,4034
715,CLF,2020-11-12,0 days 15:58:19.246636,257271,8.24,8.23,23297,13660,12848,-6352
716,CLF,2020-11-12,0 days 15:58:21.245553,270119,8.24,8.23,14375,20114,-10852,12848
717,CLF,2020-11-12,0 days 15:58:23.245349,257271,8.24,8.23,14403,22709,12848,-1252
718,CLF,2020-11-12,0 days 15:58:32.246363,347119,8.24,8.23,4929,27955,-30457,12848
719,CLF,2020-11-12,0 days 15:59:16.247517,377997,8.23,8.22,16460,16313,2625,-9475
720,CLF,2020-11-12,0 days 15:59:17.248061,380622,8.23,8.22,12200,23113,-15491,2625
721,CLNY,2020-11-12,0 days 15:58:57.113437,196077,3.86,3.85,23734,30803,26365,-13935
722,CLNY,2020-11-12,0 days 15:58:58.113234,182142,3.86,3.85,23530,32308,-13935,26365
723,CLNY,2020-11-12,0 days 15:59:01.116181,196077,3.86,3.85,27018,26168,9731,-13935
724,CLNY,2020-11-12,0 days 15:59:02.114463,196608,3.86,3.85,27208,26600,-1769,9731
725,CLNY,2020-11-12,0 days 15:59:07.111124,198377,3.86,3.85,27108,37190,18231,-1769
726,CLNY,2020-11-12,0 days 15:59:08.114601,194808,3.86,3.85,26708,38090,-3569,18231
727,CLNY,2020-11-12,0 days 15:59:34.107831,218977,3.86,3.85,66933,37000,789,-5202
728,CLR,2020-11-12,0 days 15:55:00.104291,153608,13.58,13.57,2986,1265,-1094,11634
729,CLR,2020-11-12,0 days 15:58:08.112641,163817,13.61,13.6,1698,4353,3406,-107
730,CLR,2020-11-12,0 days 15:59:28.108994,165911,13.57,13.56,809,2900,-5122,6678
731,CLR,2020-11-12,0 days 15:59:29.109218,165333,13.57,13.56,900,2715,578,-5122
732,CMA,2020-11-12,0 days 15:58:59.251103,131965,48.25,48.24,100,100,1696,-2052
733,CMA,2020-11-12,0 days 15:59:01.251418,129854,48.25,48.24,373,200,-811,2996
734,CMA,2020-11-12,0 days 15:59:02.250771,127965,48.24,48.22,300,200,1890,-811
735,CMA,2020-11-12,0 days 15:59:20.252725,132195,48.22,48.2,303,200,-347,852
736,CMA,2020-11-12,0 days 15:59:26.250725,130632,48.25,48.24,600,300,1348,-2552
737,CMA,2020-11-12,0 days 15:59:47.250458,142081,48.22,48.2,315,200,-2643,1266
738,CMA,2020-11-12,0 days 15:59:50.253461,131831,48.27,48.24,545,500,596,-2404
739,CNHI,2020-11-12,0 days 15:56:17.946538,53632,9.61,9.6,12101,29785,7739,-3193
740,CNHI,2020-11-12,0 days 15:58:46.951057,58671,9.61,9.6,13773,27387,-605,10
741,CNHI,2020-11-12,0 days 15:59:36.950676,66598,9.61,9.6,31977,33567,6037,-463
742,CNP,2020-11-12,0 days 15:56:56.239754,283393,23.43,23.42,386,11495,-2217,74
743,CNP,2020-11-12,0 days 15:56:57.239784,274010,23.43,23.42,386,12789,9383,-2217
744,CNP,2020-11-12,0 days 15:57:42.240078,284051,23.45,23.44,508,9681,-1039,861
745,CNP,2020-11-12,0 days 15:57:43.240178,275290,23.45,23.44,1108,9581,8761,-1039
746,CNP,2020-11-12,0 days 15:59:16.244808,296877,23.46,23.44,11148,5341,-14465,6368
747,CNP,2020-11-12,0 days 15:59:17.245924,292642,23.44,23.43,3587,5500,5535,-14465
748,CNP,2020-11-12,0 days 15:59:43.246600,298177,23.44,23.43,2720,11400,-1346,1854
749,CNP,2020-11-12,0 days 15:59:55.245881,298177,23.45,23.44,600,10693,-289,3011
750,CNQ,2020-11-12,0 days 15:59:47.308607,83733,19.88,19.87,19224,4200,1495,-6505
751,CNX,2020-11-12,0 days 15:55:36.241581,869440,9.39,9.38,1017,9416,-2471,2176
752,CNX,2020-11-12,0 days 15:55:37.241775,869017,9.39,9.38,1017,9358,423,-2471
753,CNX,2020-11-12,0 days 15:57:11.243580,877026,9.41,9.39,3210,9900,-5797,2103
754,CNX,2020-11-12,0 days 15:57:12.243376,874823,9.4,9.39,600,10100,403,-5797
755,CNX,2020-11-12,0 days 15:59:39.248598,886686,9.38,9.37,101,13543,-6998,1102
756,COG,2020-11-12,0 days 15:56:40.108041,218829,16.9,16.89,3742,1806,-35866,170
757,COG,2020-11-12,0 days 15:57:55.110801,232592,16.9,16.89,4306,4849,1424,-976
758,COG,2020-11-12,0 days 15:57:56.110504,225616,16.9,16.89,4506,4549,-6976,1424
759,COG,2020-11-12,0 days 15:57:59.111455,232592,16.9,16.89,4906,4649,424,-676
760,COG,2020-11-12,0 days 15:58:00.112790,231916,16.9,16.89,3589,4949,-676,424
761,COG,2020-11-12,0 days 15:58:04.112369,230284,16.9,16.89,5665,4248,366,-634
762,COG,2020-11-12,0 days 15:58:05.111650,229750,16.9,16.89,5840,4056,-534,366
763,COG,2020-11-12,0 days 15:58:58.113386,249774,16.93,16.92,1306,5386,103,-1961
764,COG,2020-11-12,0 days 15:58:59.114098,247377,16.93,16.92,996,7486,-2397,103
765,COG,2020-11-12,0 days 15:59:11.111611,244157,16.92,16.91,6842,700,-15833,1196
766,COG,2020-11-12,0 days 15:59:33.107796,270998,16.92,16.91,6780,4043,2042,-3642
767,COLD,2020-11-12,0 days 15:58:57.244037,144972,36.34,36.33,194,541,-205,639
768,COLD,2020-11-12,0 days 15:58:58.244568,143777,36.34,36.33,194,441,1195,-205
769,COLD,2020-11-12,0 days 15:59:06.245386,144972,36.34,36.32,507,1170,-1383,255
770,COLD,2020-11-12,0 days 15:59:07.244529,144855,36.34,36.33,507,100,117,-1383
771,COLD,2020-11-12,0 days 15:59:31.235333,145680,36.37,36.35,400,700,-2107,293
772,COLD,2020-11-12,0 days 15:59:32.235158,145287,36.37,36.35,300,100,735,-2107
773,COLD,2020-11-12,0 days 15:59:46.238494,146022,36.38,36.32,300,700,-5177,435
774,COP,2020-11-12,0 days 15:59:45.251785,971189,34.03,34.02,4909,1600,6689,-2083
775,COP,2020-11-12,0 days 15:59:46.251372,965578,34.04,34.03,1500,2100,-5728,6689
776,COTY,2020-11-12,0 days 15:59:09.247379,240081,4.43,4.42,39818,62399,-3129,12065
777,COTY,2020-11-12,0 days 15:59:49.242020,238168,4.43,4.42,88548,9121,2337,-7463
778,CPG,2020-11-12,0 days 15:59:36.254155,3875,1.47,1.46,272001,678274,-358,1442
779,CPRI,2020-11-12,0 days 15:55:00.237903,119152,27.79,27.78,1354,410,-1679,3408
780,CPRI,2020-11-12,0 days 15:55:28.236905,121741,27.81,27.79,600,910,640,-2565
781,CPRI,2020-11-12,0 days 15:55:29.236793,120281,27.81,27.79,700,1010,-1460,640
782,CPRI,2020-11-12,0 days 15:56:56.239056,130576,27.8,27.79,2549,200,966,-1315
783,CPRI,2020-11-12,0 days 15:56:57.238696,129142,27.8,27.79,2640,324,-1434,966
784,CPRI,2020-11-12,0 days 15:57:23.238191,132176,27.78,27.77,1098,500,166,-1934
785,CPRI,2020-11-12,0 days 15:57:24.238737,130542,27.78,27.77,1000,1200,-1634,166
786,CPRI,2020-11-12,0 days 15:59:06.243310,189057,27.79,27.78,1738,200,2192,-5143
787,CPRI,2020-11-12,0 days 15:59:07.243144,184449,27.79,27.78,1838,200,-4608,2192
788,CPRI,2020-11-12,0 days 15:59:38.243361,196860,27.8,27.79,1800,307,90,-310
789,CPRI,2020-11-12,0 days 15:59:46.248364,192750,27.77,27.76,700,623,-7677,2230
790,CRK,2020-11-12,0 days 15:55:28.258245,39624,4.63,4.62,1401,9763,5952,-517
791,CRK,2020-11-12,0 days 15:55:29.257853,37676,4.63,4.62,801,9763,-1617,5952
792,CRK,2020-11-12,0 days 15:56:55.260793,40685,4.64,4.63,5300,8893,1492,-28
793,CRK,2020-11-12,0 days 15:58:59.244539,43713,4.66,4.65,473,7830,-2683,924
794,CRM,2020-11-12,0 days 15:59:27.245322,484665,249.07,249.0,100,200,9857,-926
795,CRM,2020-11-12,0 days 15:59:28.245218,480257,249.2,249.05,394,100,-4408,9857
796,CRM,2020-11-12,0 days 15:59:34.246243,498103,249.2,249.11,200,300,-962,2438
797,CRM,2020-11-12,0 days 15:59:35.246706,497165,249.2,249.12,200,100,938,-962
798,CRM,2020-11-12,0 days 15:59:37.247026,496256,249.31,249.22,100,600,-4721,529
799,CRM,2020-11-12,0 days 15:59:38.246460,495877,249.32,249.22,100,600,379,-4721
800,CRM,2020-11-12,0 days 15:59:39.246267,496256,249.43,249.29,299,300,-121,379
801,CRM,2020-11-12,0 days 15:59:40.247820,495877,249.34,249.22,699,200,579,-121
802,CRM,2020-11-12,0 days 15:59:46.247681,504897,249.16,248.98,823,400,-1472,6804
803,CRM,2020-11-12,0 days 15:59:47.247343,504069,249.15,248.98,460,500,434,-1472
804,CS,2020-11-12,0 days 15:55:00.238093,30039,11.5,11.49,33525,44916,-9929,656
805,CS,2020-11-12,0 days 15:58:47.246033,42112,11.51,11.5,63300,103701,4164,-3548
806,CTVA,2020-11-12,0 days 15:55:00.238679,437236,35.03,35.02,600,820,-7479,44639
807,CTVA,2020-11-12,0 days 15:55:23.241312,444715,35.03,35.02,4420,2339,4940,-7460
808,CTVA,2020-11-12,0 days 15:55:24.240508,436955,35.03,35.02,4420,2639,-7760,4940
809,CTVA,2020-11-12,0 days 15:58:30.246611,453268,35.07,35.06,2175,1702,-7010,3222
810,CTVA,2020-11-12,0 days 15:59:05.247760,460960,35.04,35.02,4536,1400,3177,-2223
811,CTVA,2020-11-12,0 days 15:59:06.248420,457237,35.04,35.02,4536,1900,-3723,3177
812,CTVA,2020-11-12,0 days 15:59:22.248448,467755,35.04,35.03,1205,455,718,-1417
813,CTVA,2020-11-12,0 days 15:59:23.248559,467673,35.04,35.03,1605,455,-82,718
814,CTVA,2020-11-12,0 days 15:59:32.248427,474966,35.04,35.03,1805,1394,12804,-82
815,CTVA,2020-11-12,0 days 15:59:44.250763,475916,35.06,35.05,200,664,10754,-340
816,CTVA,2020-11-12,0 days 15:59:46.249662,483170,35.08,35.07,200,1992,-1999,7254
817,CUK,2020-11-12,0 days 15:59:02.247162,22872,13.48,13.47,428,2991,-10,890
818,CUK,2020-11-12,0 days 15:59:06.247411,22882,13.48,13.47,2900,606,40,-10
819,CUK,2020-11-12,0 days 15:59:19.240463,26893,13.46,13.45,1200,1700,-411,711
820,CVE,2020-11-12,0 days 15:59:36.244863,91933,4.09,4.08,381275,204171,-52442,61658
821,CVE,2020-11-12,0 days 15:59:37.241367,88775,4.09,4.08,381275,197071,3158,-52442
822,CVS,2020-11-12,0 days 15:57:01.948787,508630,69.29,69.27,600,2013,-7552,22356
823,CVS,2020-11-12,0 days 15:57:02.948909,504382,69.27,69.26,429,2700,4248,-7552
824,CVS,2020-11-12,0 days 15:58:57.951968,538573,69.38,69.37,200,600,-10744,308
825,CVS,2020-11-12,0 days 15:58:58.951970,533717,69.38,69.37,844,401,6203,-10744
826,CVS,2020-11-12,0 days 15:59:15.950087,569316,69.4,69.38,1100,1194,-5979,14445
827,CVS,2020-11-12,0 days 15:59:16.949751,566695,69.39,69.38,1456,300,2621,-5979
828,CVS,2020-11-12,0 days 15:59:24.949128,569316,69.41,69.4,206,1100,-1949,2421
829,CVS,2020-11-12,0 days 15:59:25.950039,566965,69.41,69.4,400,708,2351,-1949
830,CVS,2020-11-12,0 days 15:59:39.951050,522466,69.38,69.36,500,100,47810,-74503
831,CVS,2020-11-12,0 days 15:59:45.952002,572461,69.38,69.36,500,400,-9181,6075
832,CVS,2020-11-12,0 days 15:59:46.951254,570971,69.38,69.36,400,400,1490,-9181
833,CVS,2020-11-12,0 days 15:59:57.949492,557471,69.42,69.38,1400,400,15886,-64927
834,CVX,2020-11-12,0 days 15:58:59.246621,806975,80.63,80.61,700,400,-5262,7969
835,CVX,2020-11-12,0 days 15:59:01.247901,778735,80.61,80.59,300,1040,28374,-3762
836,CVX,2020-11-12,0 days 15:59:21.240477,872684,80.63,80.59,576,200,-8304,664
837,CVX,2020-11-12,0 days 15:59:22.241488,869988,80.63,80.59,400,300,2696,-8304
838,CVX,2020-11-12,0 days 15:59:32.241613,872844,80.63,80.61,700,100,-8839,2856
839,CVX,2020-11-12,0 days 15:59:33.241219,865183,80.62,80.6,505,300,17300,-8839
840,CVX,2020-11-12,0 days 15:59:39.242021,881186,80.67,80.64,602,1689,-102629,1734
841,CVX,2020-11-12,0 days 15:59:40.242124,880565,80.64,80.62,300,300,621,-102629
842,CVX,2020-11-12,0 days 15:59:49.242190,898357,80.67,80.65,900,370,60,-91676
843,CVX,2020-11-12,0 days 15:59:55.242898,898417,80.68,80.66,300,265,-11340,2727
844,CX,2020-11-12,0 days 15:56:27.308054,146688,4.39,4.38,32491,72499,-8974,7081
845,CX,2020-11-12,0 days 15:56:28.307743,139462,4.39,4.38,32491,72199,7226,-8974
846,CX,2020-11-12,0 days 15:58:01.309442,136188,4.39,4.38,49052,61887,-8474,2026
847,CX,2020-11-12,0 days 15:58:02.309440,130462,4.39,4.38,52752,67287,5705,-8474
848,CX,2020-11-12,0 days 15:59:03.315253,136167,4.39,4.38,68048,60798,-6271,2029
849,CXO,2020-11-12,0 days 15:55:00.104619,232009,49.34,49.33,800,458,362676,-13878
850,CXO,2020-11-12,0 days 15:59:28.109128,611088,49.43,49.41,122,400,-31543,2278
851,CXO,2020-11-12,0 days 15:59:29.109304,603116,49.37,49.34,1456,1000,7972,-31543
852,CXO,2020-11-12,0 days 15:59:31.110064,611088,49.34,49.32,200,900,-9292,583
853,CXO,2020-11-12,0 days 15:59:37.106523,611980,49.29,49.28,200,1000,109,-2892
854,CXO,2020-11-12,0 days 15:59:43.106761,615180,49.33,49.31,772,500,9,-291
855,CXO,2020-11-12,0 days 15:59:47.107318,616264,49.33,49.3,772,414,-5191,4009
856,D,2020-11-12,0 days 15:59:45.250297,369674,84.56,84.53,100,650,17380,-794
857,D,2020-11-12,0 days 15:59:46.249399,358366,84.55,84.52,150,865,-6608,17380
858,DAL,2020-11-12,0 days 15:59:25.950187,1138469,34.36,34.35,3663,1191,-61576,36582
859,DAL,2020-11-12,0 days 15:59:26.949660,1112941,34.33,34.32,1700,3100,27004,-61576
860,DAL,2020-11-12,0 days 15:59:27.948972,1138769,34.37,34.36,2487,2100,-6372,27004
861,DAL,2020-11-12,0 days 15:59:28.949863,1132413,34.35,34.34,1990,1991,6056,-6372
862,DAL,2020-11-12,0 days 15:59:38.955599,1138469,34.37,34.36,1400,3622,-930,2112
863,DAL,2020-11-12,0 days 15:59:41.951140,1137807,34.35,34.34,3200,1900,1163,-8330
864,DAL,2020-11-12,0 days 15:59:45.952303,1156799,34.36,34.35,2700,1800,-18796,12897
865,DAL,2020-11-12,0 days 15:59:46.951571,1156395,34.36,34.35,2300,2000,702,-18796
866,DAL,2020-11-12,0 days 15:59:48.951768,1156896,34.37,34.36,1800,2500,-43276,501
867,DB,2020-11-12,0 days 15:55:00.949148,95890,10.41,10.4,18076,58645,46293,-65906
868,DB,2020-11-12,0 days 15:55:02.943766,88683,10.41,10.4,18626,63179,-7207,37193
869,DB,2020-11-12,0 days 15:59:45.952502,122197,10.42,10.41,64317,61709,1816,-6184
870,DB,2020-11-12,0 days 15:59:48.951865,117513,10.42,10.41,63917,66309,-4684,1816
871,DD,2020-11-12,0 days 15:51:19.236764,212437,59.89,59.86,100,700,-268,1732
872,DD,2020-11-12,0 days 15:51:28.236715,212205,59.85,59.82,697,300,1732,-268
873,DD,2020-11-12,0 days 15:52:51.238097,212437,59.88,59.85,100,200,-468,1890
874,DD,2020-11-12,0 days 15:57:35.247862,254386,59.96,59.94,416,601,246,-1568
875,DD,2020-11-12,0 days 15:57:36.248361,252359,59.99,59.97,200,100,-627,246
876,DD,2020-11-12,0 days 15:58:07.248420,257008,59.95,59.93,200,339,4696,-1795
877,DD,2020-11-12,0 days 15:59:04.250766,276009,59.98,59.95,200,500,211,-9833
878,DD,2020-11-12,0 days 15:59:06.251205,275192,60.0,59.98,300,100,-4617,1183
879,DD,2020-11-12,0 days 15:59:44.253430,278209,59.98,59.93,1400,200,20253,-10169
880,DDD,2020-11-12,0 days 15:59:05.249740,225855,7.38,7.37,7216,7705,2453,-4780
881,DDD,2020-11-12,0 days 15:59:06.249338,223208,7.38,7.37,7216,7705,-2647,2453
882,DFS,2020-11-12,0 days 15:59:15.248532,199040,73.41,73.35,100,100,-33042,14555
883,DHI,2020-11-12,0 days 15:55:48.105777,264069,71.3,71.28,446,493,77,-123
884,DHI,2020-11-12,0 days 15:55:49.107624,264546,71.3,71.29,346,400,-135,77
885,DHI,2020-11-12,0 days 15:56:04.106736,270668,71.31,71.3,202,700,678,-922
886,DHI,2020-11-12,0 days 15:56:15.106942,271446,71.3,71.29,160,700,-1875,325
887,DHI,2020-11-12,0 days 15:56:16.105467,270821,71.3,71.29,260,700,625,-1875
888,DHI,2020-11-12,0 days 15:57:18.107759,271401,71.35,71.34,100,1300,522,-378
889,DHI,2020-11-12,0 days 15:57:55.108291,272746,71.34,71.32,600,418,-332,3568
890,DHI,2020-11-12,0 days 15:57:56.110215,271978,71.34,71.32,400,426,768,-332
891,DHI,2020-11-12,0 days 15:57:59.111110,272846,71.35,71.32,700,519,-1332,368
892,DHI,2020-11-12,0 days 15:58:01.111220,268878,71.32,71.31,100,208,2973,-3108
893,DHI,2020-11-12,0 days 15:58:03.111695,271851,71.33,71.31,200,425,-1927,573
894,DHI,2020-11-12,0 days 15:58:04.112185,271778,71.33,71.31,200,425,73,-1927
895,DHI,2020-11-12,0 days 15:58:10.111606,271875,71.34,71.31,300,1242,-3603,1597
896,DHI,2020-11-12,0 days 15:58:21.111080,271371,71.37,71.35,300,200,1823,-277
897,DHI,2020-11-12,0 days 15:58:22.112110,271094,71.4,71.36,100,200,-277,1823
898,DHI,2020-11-12,0 days 15:58:41.110366,272471,71.33,71.32,100,411,423,-277
899,DHI,2020-11-12,0 days 15:58:42.110234,272294,71.35,71.34,140,275,-177,423
900,DHI,2020-11-12,0 days 15:59:13.113713,275203,71.38,71.36,500,327,3981,-424
901,DHI,2020-11-12,0 days 15:59:14.113664,274984,71.39,71.36,326,335,-4719,3981
902,DHI,2020-11-12,0 days 15:59:24.109093,281908,71.39,71.37,214,100,39,-375
903,DHI,2020-11-12,0 days 15:59:25.109285,281947,71.41,71.38,200,308,-4461,39
904,DHI,2020-11-12,0 days 15:59:38.106024,291190,71.48,71.45,601,444,2257,-4743
905,DHI,2020-11-12,0 days 15:59:39.107774,290647,71.5,71.47,100,444,-6404,2257
906,DHI,2020-11-12,0 days 15:59:44.109958,290490,71.43,71.42,100,100,5657,-904
907,DHI,2020-11-12,0 days 15:59:45.107203,289947,71.43,71.4,200,100,-543,5657
908,DHR,2020-11-12,0 days 15:58:57.242349,165451,232.97,232.91,304,363,-66,841
909,DHR,2020-11-12,0 days 15:59:04.247362,168036,233.02,232.85,195,906,3305,-721
910,DHR,2020-11-12,0 days 15:59:16.247138,169569,232.97,232.92,100,124,-9046,1619
911,DHR,2020-11-12,0 days 15:59:21.247515,178315,232.9,232.87,100,501,4153,-1292
912,DHR,2020-11-12,0 days 15:59:22.248234,177868,232.98,232.91,300,611,-447,4153
913,DHR,2020-11-12,0 days 15:59:27.247124,179361,233.03,232.98,100,300,325,-536
914,DHR,2020-11-12,0 days 15:59:28.247503,178886,233.06,233.0,406,200,-475,325
915,DHR,2020-11-12,0 days 15:59:33.248168,180166,233.04,233.0,100,124,2865,-180
916,DHR,2020-11-12,0 days 15:59:34.247950,179831,233.06,233.0,291,124,-335,2865
917,DHR,2020-11-12,0 days 15:59:45.250207,180374,232.98,232.9,300,410,-1841,45
918,DHR,2020-11-12,0 days 15:59:47.248636,182215,233.1,232.96,200,664,646,-384
919,DHR,2020-11-12,0 days 15:59:48.249491,182004,233.12,232.96,200,760,-211,646
920,DHT,2020-11-12,0 days 15:55:00.947934,60105,5.15,5.14,9149,9830,11769,-15790
921,DHT,2020-11-12,0 days 15:55:02.943618,58774,5.15,5.14,9649,10130,-1331,9269
922,DHT,2020-11-12,0 days 15:55:10.944087,60105,5.14,5.13,13200,15310,8269,-1331
923,DHT,2020-11-12,0 days 15:55:11.944434,58774,5.14,5.13,13200,15310,-1331,8269
924,DHT,2020-11-12,0 days 15:59:01.953287,66561,5.14,5.13,9700,12829,8727,-913
925,DHT,2020-11-12,0 days 15:59:02.953053,65688,5.14,5.13,8700,13139,-873,8727
926,DHT,2020-11-12,0 days 15:59:05.952773,75381,5.14,5.13,8576,16639,607,-873
927,DHT,2020-11-12,0 days 15:59:06.952481,73988,5.14,5.13,6576,17139,-1393,607
928,DHT,2020-11-12,0 days 15:59:16.949788,66561,5.14,5.13,8944,15139,56,-544
929,DHT,2020-11-12,0 days 15:59:23.949287,62117,5.14,5.13,6844,17039,-4444,56
930,DHT,2020-11-12,0 days 15:59:45.952107,74171,5.14,5.13,15790,20272,446,-1054
931,DHT,2020-11-12,0 days 15:59:48.951621,73517,5.14,5.13,16744,20272,-654,446
932,DIS,2020-11-12,0 days 15:55:38.948247,512143,135.12,135.09,2501,211,-8317,32131
933,DIS,2020-11-12,0 days 15:57:36.949066,571822,135.1,135.09,1802,939,375,-2325
934,DIS,2020-11-12,0 days 15:57:37.948843,570097,135.11,135.09,1200,1354,-1725,375
935,DIS,2020-11-12,0 days 15:58:00.954764,572341,135.18,135.17,220,100,2722,-2890
936,DIS,2020-11-12,0 days 15:58:01.950246,570513,135.2,135.18,100,205,-5325,2722
937,DIS,2020-11-12,0 days 15:58:02.950243,570835,135.17,135.16,101,300,2787,-5325
938,DIS,2020-11-12,0 days 15:58:03.949798,569768,135.2,135.17,213,605,-1067,2787
939,DIS,2020-11-12,0 days 15:58:04.950141,570835,135.17,135.12,405,1055,133,-1067
940,DIS,2020-11-12,0 days 15:58:05.950851,568998,135.17,135.15,100,995,-1837,133
941,DIS,2020-11-12,0 days 15:58:07.950590,570835,135.18,135.15,459,895,3333,-1067
942,DIS,2020-11-12,0 days 15:58:08.951249,567568,135.17,135.16,100,220,-3267,3333
943,DIS,2020-11-12,0 days 15:58:14.950310,578568,135.23,135.2,500,709,1725,-12450
944,DIS,2020-11-12,0 days 15:58:15.951091,576793,135.23,135.2,300,200,-1775,1725
945,DIS,2020-11-12,0 days 15:58:17.950343,578568,135.24,135.22,1001,300,850,-11350
946,DIS,2020-11-12,0 days 15:58:20.951355,575238,135.26,135.24,200,100,-3330,5950
947,DIS,2020-11-12,0 days 15:59:00.953861,580430,135.34,135.3,476,801,5962,-4574
948,DIS,2020-11-12,0 days 15:59:01.953408,578835,135.32,135.28,676,300,-2962,5962
949,DIS,2020-11-12,0 days 15:59:02.953187,581797,135.32,135.27,1100,100,438,-2962
950,DIS,2020-11-12,0 days 15:59:05.952926,580645,135.33,135.3,1000,300,-1152,614
951,DIS,2020-11-12,0 days 15:59:06.952614,581797,135.32,135.28,300,972,8269,-1152
952,DIS,2020-11-12,0 days 15:59:07.952229,581190,135.33,135.29,1210,400,-607,8269
953,DIS,2020-11-12,0 days 15:59:13.952420,581566,135.3,135.25,100,100,-4448,1493
954,DIS,2020-11-12,0 days 15:59:14.954138,586014,135.33,135.29,1000,200,2507,-4448
955,DIS,2020-11-12,0 days 15:59:30.950949,613302,135.35,135.32,300,315,-2294,14181
956,DIS,2020-11-12,0 days 15:59:31.950820,627314,135.35,135.32,478,316,8590,-2294
957,DIS,2020-11-12,0 days 15:59:37.950345,624596,135.38,135.35,400,400,1580,-11367
958,DIS,2020-11-12,0 days 15:59:45.952349,636846,135.3,135.24,400,798,-300,47719
959,DIS,2020-11-12,0 days 15:59:49.956101,611213,135.34,135.31,100,400,28534,-9566
960,DIS,2020-11-12,0 days 15:59:54.950030,627108,135.51,135.47,300,200,-6026,11540
961,DKS,2020-11-12,0 days 15:55:00.246094,83701,51.52,51.51,217,2206,-1016,13225
962,DKS,2020-11-12,0 days 15:57:37.247821,86873,51.54,51.53,404,110,125,-375
963,DKS,2020-11-12,0 days 15:58:29.250043,92530,51.54,51.5,200,940,-1065,1335
964,DKS,2020-11-12,0 days 15:59:32.250984,95414,51.58,51.54,326,100,304,-396
965,DKS,2020-11-12,0 days 15:59:33.251421,95118,51.59,51.55,100,353,-296,304
966,DKS,2020-11-12,0 days 15:59:42.251805,127449,51.45,51.44,530,400,13475,-1631
967,DKS,2020-11-12,0 days 15:59:43.251548,126624,51.48,51.44,300,400,-1197,13475
968,DLR,2020-11-12,0 days 15:55:00.104107,153081,141.55,141.48,209,160,-2445,12741
969,DLR,2020-11-12,0 days 15:55:01.104091,152726,141.55,141.48,389,100,355,-2445
970,DLR,2020-11-12,0 days 15:55:32.106859,154737,141.6,141.56,500,213,-9592,408
971,DLR,2020-11-12,0 days 15:56:24.107767,160741,141.39,141.35,836,301,-422,78
972,DLR,2020-11-12,0 days 15:57:36.109446,164100,141.49,141.45,200,259,323,-1577
973,DLR,2020-11-12,0 days 15:57:37.109399,163623,141.5,141.45,400,259,-477,323
974,DLR,2020-11-12,0 days 15:57:45.110179,164100,141.49,141.45,456,534,1723,-3077
975,DLR,2020-11-12,0 days 15:57:46.109506,163423,141.49,141.45,261,734,-677,1723
976,DLR,2020-11-12,0 days 15:58:02.112330,161078,141.46,141.41,721,300,2645,-55
977,DLR,2020-11-12,0 days 15:58:03.111841,160723,141.46,141.41,721,100,-355,2645
978,DLR,2020-11-12,0 days 15:58:06.111571,161078,141.43,141.37,899,100,504,-355
979,DLR,2020-11-12,0 days 15:58:07.111653,160782,141.43,141.37,899,100,-296,504
980,DLR,2020-11-12,0 days 15:58:14.111571,161558,141.4,141.36,600,101,124,-376
981,DLR,2020-11-12,0 days 15:58:16.111896,160182,141.4,141.35,600,201,-1376,624
982,DLR,2020-11-12,0 days 15:58:18.111537,161558,141.4,141.35,608,201,1024,-376
983,DLR,2020-11-12,0 days 15:58:19.112427,161182,141.39,141.35,644,201,-376,1024
984,DLR,2020-11-12,0 days 15:58:22.112278,161558,141.45,141.37,100,200,224,-1276
985,DLR,2020-11-12,0 days 15:58:23.112445,161182,141.45,141.37,100,100,-376,224
986,DLR,2020-11-12,0 days 15:58:32.112239,161558,141.4,141.37,306,106,824,-376
987,DLR,2020-11-12,0 days 15:58:33.112106,161182,141.4,141.37,306,106,-376,824
988,DLR,2020-11-12,0 days 15:59:00.116872,161952,141.4,141.38,186,101,707,-111
989,DLR,2020-11-12,0 days 15:59:01.116059,161759,141.4,141.37,291,329,-193,707
990,DLR,2020-11-12,0 days 15:59:05.110898,170034,141.41,141.37,300,200,344,-330
991,DLR,2020-11-12,0 days 15:59:17.109208,173603,141.43,141.35,817,200,106,-753
992,DLR,2020-11-12,0 days 15:59:18.108973,173209,141.43,141.35,817,200,-394,106
993,DLR,2020-11-12,0 days 15:59:36.107979,173623,141.39,141.34,100,602,1802,-131
994,DLR,2020-11-12,0 days 15:59:46.108660,175925,141.35,141.29,550,400,-97,102
995,DLR,2020-11-12,0 days 15:59:47.107047,175822,141.32,141.25,650,445,103,-97
996,DOC,2020-11-12,0 days 15:55:00.254991,173078,18.42,18.41,5891,762,-3681,15533
997,DOC,2020-11-12,0 days 15:59:16.235155,259683,18.42,18.41,6730,4200,258,-21442
998,DOC,2020-11-12,0 days 15:59:24.235522,259323,18.45,18.44,3600,5690,-360,340
999,DOC,2020-11-12,0 days 15:59:28.235417,261341,18.45,18.44,4800,3000,1870,-2018
1000,DOC,2020-11-12,0 days 15:59:32.235158,262111,18.46,18.45,8114,135,-530,770
1001,DOC,2020-11-12,0 days 15:59:44.239140,260402,18.46,18.44,12298,5800,-939,7961
1002,DOC,2020-11-12,0 days 15:59:48.236336,270860,18.46,18.44,11115,5300,5545,-3697
1003,DOC,2020-11-12,0 days 15:59:49.235926,269105,18.46,18.44,10973,5300,-455,5545
1004,DOW,2020-11-12,0 days 15:59:09.247979,405744,51.02,51.0,400,1012,-6542,5833
1005,DOW,2020-11-12,0 days 15:59:10.248212,401686,51.0,50.99,200,300,4058,-6542
1006,DOW,2020-11-12,0 days 15:59:34.247950,416661,51.01,50.99,1100,399,-1933,13185
1007,DOW,2020-11-12,0 days 15:59:35.249525,412094,51.0,50.99,1499,300,4567,-1933
1008,DOW,2020-11-12,0 days 15:59:39.248526,410261,51.04,51.02,100,400,-10333,4567
1009,DOW,2020-11-12,0 days 15:59:40.248975,407394,51.03,51.02,100,100,2867,-10333
1010,DOW,2020-11-12,0 days 15:59:45.250207,416961,51.01,50.97,300,235,-3397,1813
1011,DOW,2020-11-12,0 days 15:59:46.249330,414358,51.0,50.97,100,235,61998,-3397
1012,DOW,2020-11-12,0 days 15:59:47.248636,417431,51.03,50.97,400,835,-14727,61998
1013,DOW,2020-11-12,0 days 15:59:48.249491,414558,51.01,50.98,100,400,2873,-14727
1014,DRI,2020-11-12,0 days 15:50:30.253203,30188,106.14,106.06,200,100,-24455,175645
1015,DRI,2020-11-12,0 days 15:55:31.257855,66382,106.18,106.14,100,300,5259,-4741
1016,DRI,2020-11-12,0 days 15:55:32.257514,64541,106.18,106.14,100,300,-1841,5259
1017,DRI,2020-11-12,0 days 15:55:39.258399,66432,106.18,106.13,200,100,33,-67
1018,DRI,2020-11-12,0 days 15:55:40.258432,66466,106.24,106.18,200,100,-66,33
1019,DRI,2020-11-12,0 days 15:55:52.258284,66555,106.24,106.18,506,200,2653,-77
1020,DRI,2020-11-12,0 days 15:55:53.257951,65108,106.24,106.18,506,200,-1447,2653
1021,DRI,2020-11-12,0 days 15:58:01.243245,68607,106.2,106.15,200,100,584,-1116
1022,DRI,2020-11-12,0 days 15:58:02.242321,67291,106.2,106.17,200,100,-1236,584
1023,DRI,2020-11-12,0 days 15:58:32.243209,70727,106.33,106.28,100,100,638,-2362
1024,DRI,2020-11-12,0 days 15:58:33.243537,69265,106.34,106.28,400,100,-962,638
1025,DRI,2020-11-12,0 days 15:59:05.245260,71301,106.32,106.28,100,254,3126,-1310
1026,DRI,2020-11-12,0 days 15:59:06.245187,70427,106.33,106.28,100,151,-795,3126
1027,DRI,2020-11-12,0 days 15:59:23.235673,71459,106.28,106.24,391,100,600,-207
1028,DRI,2020-11-12,0 days 15:59:24.235361,71159,106.33,106.28,300,200,-300,600
1029,DRI,2020-11-12,0 days 15:59:41.236892,72559,106.36,106.29,600,100,1564,-400
1030,DRI,2020-11-12,0 days 15:59:53.235843,73323,106.36,106.25,100,422,-836,764
1031,DT,2020-11-12,0 days 15:55:27.247319,44740,35.49,35.42,1216,1633,-54,246
1032,DT,2020-11-12,0 days 15:55:28.248034,43694,35.46,35.42,700,1426,1046,-54
1033,DT,2020-11-12,0 days 15:55:37.248458,44740,35.44,35.42,103,1126,-482,1046
1034,DT,2020-11-12,0 days 15:55:38.250819,43822,35.42,35.39,100,125,918,-482
1035,DT,2020-11-12,0 days 15:55:48.248826,45507,35.44,35.37,100,100,-981,1685
1036,DT,2020-11-12,0 days 15:55:49.248620,44788,35.44,35.37,308,100,719,-981
1037,DT,2020-11-12,0 days 15:56:03.248778,45507,35.44,35.39,608,500,-1500,719
1038,DT,2020-11-12,0 days 15:56:04.248686,45007,35.44,35.39,608,400,500,-1500
1039,DT,2020-11-12,0 days 15:56:54.250221,45507,35.44,35.4,604,513,-595,194
1040,DT,2020-11-12,0 days 15:56:55.250903,45302,35.44,35.4,604,513,205,-595
1041,DT,2020-11-12,0 days 15:58:07.249105,46826,35.47,35.44,476,300,-336,1224
1042,DT,2020-11-12,0 days 15:58:11.249349,47162,35.47,35.45,431,100,364,-436
1043,DT,2020-11-12,0 days 15:58:12.250729,46726,35.47,35.45,431,405,-436,364
1044,DT,2020-11-12,0 days 15:58:30.250327,47362,35.48,35.46,322,701,964,-236
1045,DT,2020-11-12,0 days 15:58:31.249943,47126,35.48,35.46,322,701,-36,964
1046,DT,2020-11-12,0 days 15:58:35.251870,47026,35.48,35.45,445,300,-136,264
1047,DT,2020-11-12,0 days 15:59:05.251509,51251,35.45,35.41,102,415,317,-425
1048,DT,2020-11-12,0 days 15:59:06.251382,50868,35.46,35.41,490,360,-383,317
1049,DUK,2020-11-12,0 days 15:59:22.250874,431929,94.34,94.32,100,300,-5365,3935
1050,DUK,2020-11-12,0 days 15:59:23.250186,426594,94.28,94.22,100,400,5446,-5365
1051,DUK,2020-11-12,0 days 15:59:37.249709,431079,94.29,94.27,500,300,961,-2139
1052,DUK,2020-11-12,0 days 15:59:45.251798,445440,94.18,94.16,100,125,-2164,4463
1053,DUK,2020-11-12,0 days 15:59:46.251415,435328,94.2,94.16,650,200,8412,-2164
1054,DUK,2020-11-12,0 days 15:59:47.250730,443740,94.24,94.17,550,400,-8188,8412
1055,DUK,2020-11-12,0 days 15:59:48.250918,442248,94.21,94.18,659,200,1492,-8188
1056,DUK,2020-11-12,0 days 15:59:49.250161,437840,94.27,94.2,710,200,-5008,1492
1057,DUK,2020-11-12,0 days 15:59:50.253945,431248,94.26,94.21,100,450,6592,-5008
1058,DUK,2020-11-12,0 days 15:59:57.245681,437840,94.26,94.2,100,300,-7408,1683
1059,DVN,2020-11-12,0 days 15:57:35.243203,456372,11.23,11.22,6013,20642,-2190,1010
1060,DVN,2020-11-12,0 days 15:57:36.243545,449662,11.23,11.22,8671,19960,6710,-2190
1061,DVN,2020-11-12,0 days 15:57:45.243967,456372,11.23,11.22,21235,11129,-290,1210
1062,DVN,2020-11-12,0 days 15:57:46.243307,448262,11.23,11.22,23737,8336,8110,-290
1063,DVN,2020-11-12,0 days 15:59:02.247622,456057,11.23,11.22,12584,16019,-1566,10162
1064,DVN,2020-11-12,0 days 15:59:43.249663,468547,11.22,11.21,27185,8897,-178,722
1065,DVN,2020-11-12,0 days 15:59:44.250782,468055,11.21,11.2,22991,18168,492,-178
1066,DVN,2020-11-12,0 days 15:59:45.250519,470961,11.21,11.2,10519,26748,-10258,492
1067,DVN,2020-11-12,0 days 15:59:46.249733,467982,11.21,11.2,10237,30236,565,-10258
1068,DXC,2020-11-12,0 days 15:59:20.253220,880924,20.27,20.26,2125,359,-13508,415448
1069,DXC,2020-11-12,0 days 15:59:21.251574,866632,20.24,20.23,200,3435,17292,-13508
1070,DXC,2020-11-12,0 days 15:59:22.251286,883924,20.25,20.24,1744,1000,-3508,17292
1071,DXC,2020-11-12,0 days 15:59:23.250821,875232,20.25,20.24,444,1000,8692,-3508
1072,DXC,2020-11-12,0 days 15:59:48.252692,897971,20.29,20.28,500,3009,-72425,5869
1073,DXC,2020-11-12,0 days 15:59:51.252746,897962,20.32,20.3,2300,1700,-5639,15225
1074,DXC,2020-11-12,0 days 15:59:55.251743,890101,20.29,20.28,700,989,7861,-13839
1075,DXC,2020-11-12,0 days 15:59:57.254031,897962,20.29,20.28,1300,100,-23033,7861
1076,EAF,2020-11-12,0 days 15:55:00.238847,53875,7.6,7.59,4297,3544,-55,7577
1077,EAF,2020-11-12,0 days 15:55:38.243157,64271,7.6,7.59,5599,3344,831,-2914
1078,EAF,2020-11-12,0 days 15:55:39.241308,63329,7.6,7.59,5198,3344,-942,831
1079,EAF,2020-11-12,0 days 15:58:04.244687,64921,7.59,7.58,6253,6700,128,-672
1080,EAF,2020-11-12,0 days 15:58:11.245693,63699,7.59,7.58,4773,7176,-2082,3878
1081,EAF,2020-11-12,0 days 15:58:58.247094,65781,7.59,7.58,3487,5900,591,-1582
1082,EAF,2020-11-12,0 days 15:59:05.247775,65972,7.6,7.59,1612,9262,-909,591
1083,EAF,2020-11-12,0 days 15:59:07.247864,68381,7.61,7.6,4203,5742,491,-909
1084,ED,2020-11-12,0 days 15:55:34.106465,267066,80.24,80.22,100,649,1101,-6055
1085,ED,2020-11-12,0 days 15:55:38.107604,268167,80.24,80.22,655,541,-1017,483
1086,ED,2020-11-12,0 days 15:55:39.107588,269184,80.24,80.22,555,441,4216,-1017
1087,ED,2020-11-12,0 days 15:56:20.108893,273427,80.36,80.34,400,100,-335,265
1088,ED,2020-11-12,0 days 15:56:21.107978,272962,80.36,80.34,493,117,465,-335
1089,ED,2020-11-12,0 days 15:56:33.108188,273427,80.41,80.39,100,341,-3335,265
1090,ED,2020-11-12,0 days 15:59:11.111662,296945,80.48,80.42,173,100,453,-1047
1091,ED,2020-11-12,0 days 15:59:13.114046,297398,80.47,80.43,371,200,-147,453
1092,ED,2020-11-12,0 days 15:59:16.111256,301467,80.52,80.45,200,226,5493,-2369
1093,ED,2020-11-12,0 days 15:59:17.109591,291108,80.52,80.46,300,364,-8659,5493
1094,ED,2020-11-12,0 days 15:59:24.109582,297115,80.49,80.45,100,200,2135,-2917
1095,ED,2020-11-12,0 days 15:59:25.109855,296850,80.49,80.45,100,200,-335,2135
1096,ED,2020-11-12,0 days 15:59:37.106606,306307,80.47,80.44,300,300,-3854,746
1097,ED,2020-11-12,0 days 15:59:39.108169,306013,80.52,80.47,403,900,294,-706
1098,ED,2020-11-12,0 days 15:59:49.108539,312953,80.52,80.46,400,400,-910,690
1099,ELAN,2020-11-12,0 days 15:55:39.307917,187184,29.86,29.84,300,100,227,-57
1100,ELAN,2020-11-12,0 days 15:55:40.309127,186411,29.86,29.84,200,100,-773,227
1101,ELAN,2020-11-12,0 days 15:56:56.309487,187827,29.86,29.84,400,600,686,-875
1102,ELAN,2020-11-12,0 days 15:56:57.309309,187213,29.86,29.84,400,600,-614,686
1103,ELAN,2020-11-12,0 days 15:57:42.307798,189930,29.86,29.85,100,200,113,-603
1104,ELAN,2020-11-12,0 days 15:57:43.311220,189143,29.86,29.85,100,328,-787,113
1105,ELAN,2020-11-12,0 days 15:57:45.308113,189930,29.86,29.84,200,215,813,-787
1106,ELAN,2020-11-12,0 days 15:57:46.307839,189143,29.86,29.84,200,215,-787,813
1107,ELAN,2020-11-12,0 days 15:57:50.307996,189930,29.86,29.85,300,285,313,-787
1108,ELAN,2020-11-12,0 days 15:57:51.308324,189243,29.87,29.85,200,285,-687,313
1109,ELAN,2020-11-12,0 days 15:57:52.308620,189930,29.87,29.85,200,285,513,-687
1110,ELAN,2020-11-12,0 days 15:57:53.308760,189243,29.87,29.85,200,285,-687,513
1111,ELAN,2020-11-12,0 days 15:58:54.311546,190944,29.88,29.85,405,314,-238,2262
1112,ELAN,2020-11-12,0 days 15:59:06.312759,191373,29.88,29.86,405,122,-273,227
1113,ELAN,2020-11-12,0 days 15:59:32.310717,194746,29.91,29.87,900,215,3791,-580
1114,ELY,2020-11-12,0 days 15:55:00.242130,118515,16.74,16.73,2000,577,-68154,27463
1115,ELY,2020-11-12,0 days 15:59:01.245473,222992,16.78,16.77,1023,1100,5957,-21843
1116,ELY,2020-11-12,0 days 15:59:02.244345,216449,16.78,16.77,1023,1100,-6543,5957
1117,ELY,2020-11-12,0 days 15:59:44.247494,226531,16.77,16.76,1628,630,-4161,11839
1118,EMR,2020-11-12,0 days 15:55:01.245117,138832,74.22,74.2,305,563,-598,1102
1119,EMR,2020-11-12,0 days 15:55:23.247393,139730,74.21,74.2,100,100,127,-678
1120,EMR,2020-11-12,0 days 15:55:24.246282,138857,74.22,74.2,176,300,-773,127
1121,EMR,2020-11-12,0 days 15:57:50.247449,173130,74.18,74.16,200,359,-1585,615
1122,EMR,2020-11-12,0 days 15:58:09.248689,176815,74.2,74.18,187,300,1811,-4585
1123,EMR,2020-11-12,0 days 15:58:10.247829,173626,74.19,74.17,200,200,-1389,1811
1124,EMR,2020-11-12,0 days 15:59:05.251126,184289,74.27,74.24,175,487,1504,-1296
1125,EMR,2020-11-12,0 days 15:59:07.250704,173816,74.27,74.24,438,570,-859,3241
1126,EMR,2020-11-12,0 days 15:59:33.251197,182469,74.25,74.23,100,300,3827,-1369
1127,EMR,2020-11-12,0 days 15:59:34.251072,180296,74.3,74.26,500,557,-1792,3827
1128,EMR,2020-11-12,0 days 15:59:45.252892,180168,74.22,74.2,200,100,-120,1780
1129,ENB,2020-11-12,0 days 15:59:24.251066,120291,28.94,28.93,10413,3430,331,-916
1130,ENB,2020-11-12,0 days 15:59:46.251358,120622,28.94,28.93,10640,7937,-569,331
1131,ENB,2020-11-12,0 days 15:59:48.250868,120491,28.94,28.93,4816,11168,131,-569
1132,ENLC,2020-11-12,0 days 15:55:00.947767,58343,2.9,2.89,3049,16849,-21339,32908
1133,EOG,2020-11-12,0 days 15:55:27.247295,476542,40.48,40.47,100,3516,5727,-4733
1134,EOG,2020-11-12,0 days 15:55:28.248034,474169,40.48,40.47,200,2916,-3073,5727
1135,EOG,2020-11-12,0 days 15:56:32.248902,491612,40.43,40.42,1108,1904,3399,-1301
1136,EOG,2020-11-12,0 days 15:56:33.249198,488911,40.43,40.42,1108,2104,-2701,3399
1137,EOG,2020-11-12,0 days 15:57:25.248594,496494,40.48,40.47,908,2165,3893,-2307
1138,EOG,2020-11-12,0 days 15:57:26.248146,493287,40.48,40.47,408,2365,-3207,3893
1139,EOG,2020-11-12,0 days 15:59:36.253337,541013,40.55,40.54,200,100,-1778,6522
1140,EOG,2020-11-12,0 days 15:59:43.250409,542133,40.55,40.54,340,400,-658,7622
1141,EPD,2020-11-12,0 days 15:55:00.254580,173055,18.06,18.05,10878,8400,6738,-8443
1142,EQH,2020-11-12,0 days 15:55:00.947850,360924,24.18,24.16,2127,800,-1897,595
1143,EQH,2020-11-12,0 days 15:55:50.947899,401360,24.2,24.19,3076,743,10955,-2692
1144,EQH,2020-11-12,0 days 15:55:51.947664,399255,24.2,24.19,2936,900,-2105,10955
1145,EQH,2020-11-12,0 days 15:57:02.948953,411096,24.19,24.18,1800,600,111,-2489
1146,EQH,2020-11-12,0 days 15:57:15.949331,411207,24.2,24.19,1714,845,-114,6986
1147,EQH,2020-11-12,0 days 15:57:16.948883,410821,24.19,24.18,700,980,386,-114
1148,EQH,2020-11-12,0 days 15:57:34.949254,411587,24.19,24.18,273,2282,-534,766
1149,EQH,2020-11-12,0 days 15:57:36.948994,412121,24.19,24.18,573,1993,2466,-534
1150,EQH,2020-11-12,0 days 15:58:09.950871,411587,24.19,24.18,1514,2023,-1226,3874
1151,EQH,2020-11-12,0 days 15:58:10.950890,412813,24.19,24.18,1514,1384,2374,-1226
1152,EQH,2020-11-12,0 days 15:58:11.952447,414587,24.19,24.18,1314,1784,-359,2374
1153,EQH,2020-11-12,0 days 15:58:14.950276,419646,24.21,24.19,1400,1563,441,-59
1154,EQH,2020-11-12,0 days 15:58:20.951224,419646,24.2,24.19,912,600,1741,-1059
1155,EQH,2020-11-12,0 days 15:58:21.950685,416287,24.21,24.19,1200,1000,-3359,1741
1156,EQR,2020-11-12,0 days 15:59:10.251032,315015,58.49,58.48,113,519,-4849,51
1157,EQR,2020-11-12,0 days 15:59:11.251763,312099,58.49,58.48,300,700,8161,-4849
1158,EQR,2020-11-12,0 days 15:59:34.251298,320556,58.5,58.49,682,200,-837,10378
1159,EQR,2020-11-12,0 days 15:59:44.253375,317439,58.48,58.45,825,100,8017,-3583
1160,EQT,2020-11-12,0 days 15:55:00.948684,309991,14.57,14.56,3941,1385,22214,-8997
1161,EQT,2020-11-12,0 days 15:55:12.944949,332316,14.57,14.56,3200,1300,-9787,2925
1162,EQT,2020-11-12,0 days 15:55:37.947950,347203,14.57,14.56,3128,2984,917,-469
1163,EQT,2020-11-12,0 days 15:57:17.948191,359666,14.55,14.54,1809,3286,-4494,1606
1164,EQT,2020-11-12,0 days 15:57:18.950748,357660,14.55,14.54,1504,3486,2006,-4494
1165,EQT,2020-11-12,0 days 15:57:40.949715,359666,14.55,14.54,4854,1886,-3994,111
1166,EQT,2020-11-12,0 days 15:57:43.949680,363560,14.55,14.54,5554,945,2806,-3994
1167,EQT,2020-11-12,0 days 15:58:03.949798,362865,14.54,14.53,1301,4241,-804,7696
1168,EQT,2020-11-12,0 days 15:58:57.952088,368069,14.55,14.54,2921,3811,1517,-483
1169,EQT,2020-11-12,0 days 15:59:04.952897,379083,14.55,14.54,2167,4011,-1153,1359
1170,EQT,2020-11-12,0 days 15:59:14.954138,427434,14.53,14.52,2711,3000,-10953,56841
1171,EQT,2020-11-12,0 days 15:59:15.950334,424387,14.53,14.52,2932,4400,3047,-10953
1172,EQT,2020-11-12,0 days 15:59:45.952303,435781,14.53,14.52,237,7252,-15001,2118
1173,ERJ,2020-11-12,0 days 15:59:05.247726,32727,5.12,5.11,13552,15285,-535,955
1174,ESRT,2020-11-12,0 days 15:59:16.251794,383825,7.03,7.02,15832,1700,-60396,34916
1175,ESRT,2020-11-12,0 days 15:59:17.252070,372021,7.03,7.02,15532,1600,10404,-60396
1176,ESRT,2020-11-12,0 days 15:59:27.249980,388925,7.03,7.02,20822,1190,-57996,10404
1177,ESRT,2020-11-12,0 days 15:59:28.250483,382221,7.03,7.02,21322,890,204,-57996
1178,ESRT,2020-11-12,0 days 15:59:48.250624,376208,7.05,7.04,6500,11199,3737,-1363
1179,ESRT,2020-11-12,0 days 16:00:00.243777,379425,7.08,7.03,300,300,-771,7729
1180,ET,2020-11-12,0 days 15:57:46.240332,322157,5.34,5.33,41590,21400,-1599,3601
1181,ET,2020-11-12,0 days 15:57:47.240752,304956,5.34,5.33,42214,21400,17201,-1599
1182,ET,2020-11-12,0 days 15:57:57.240998,334457,5.34,5.33,42286,27985,-154384,15701
1183,ET,2020-11-12,0 days 15:58:03.241461,489241,5.33,5.32,44529,57568,15016,-138384
1184,ET,2020-11-12,0 days 15:59:00.246591,518541,5.3,5.29,60066,23325,3756,-243344
1185,ETN,2020-11-12,0 days 15:59:21.948572,133684,113.38,113.26,200,100,-2993,1007
1186,ETN,2020-11-12,0 days 15:59:26.949573,133684,113.4,113.32,106,100,-1393,1107
1187,ETN,2020-11-12,0 days 15:59:27.948875,133177,113.4,113.33,106,230,507,-1393
1188,ETN,2020-11-12,0 days 15:59:30.950880,133684,113.36,113.32,100,324,-254,507
1189,ETN,2020-11-12,0 days 15:59:31.950766,133338,113.38,113.28,806,201,346,-254
1190,ETN,2020-11-12,0 days 15:59:40.953070,133684,113.36,113.29,220,300,-104,146
1191,ETN,2020-11-12,0 days 15:59:41.951048,133588,113.37,113.27,725,524,96,-104
1192,ETN,2020-11-12,0 days 15:59:42.950621,133684,113.37,113.27,731,100,-609,96
1193,ETN,2020-11-12,0 days 15:59:45.952039,133766,113.27,113.2,850,100,18,-509
1194,ETN,2020-11-12,0 days 15:59:46.951254,133784,113.3,113.2,750,100,-682,18
1195,ETN,2020-11-12,0 days 15:59:48.951572,132672,113.3,113.21,100,100,1212,-288
1196,ETRN,2020-11-12,0 days 15:57:50.108159,495181,6.74,6.73,3936,10264,-72,1428
1197,ETRN,2020-11-12,0 days 15:57:51.108777,485653,6.74,6.73,3936,9864,9528,-72
1198,ETRN,2020-11-12,0 days 15:59:16.110461,495119,6.74,6.73,4162,7304,-17216,5385
1199,ETRN,2020-11-12,0 days 15:59:17.108947,494735,6.74,6.73,4162,7304,384,-17216
1200,ETRN,2020-11-12,0 days 15:59:40.106672,501389,6.74,6.73,3395,7271,-896,854
1201,ETRN,2020-11-12,0 days 15:59:41.106519,500885,6.74,6.73,4195,11371,504,-896
1202,EVRG,2020-11-12,0 days 15:55:39.246921,206219,55.43,55.42,795,1114,966,-1935
1203,EVRG,2020-11-12,0 days 15:55:40.247275,202839,55.43,55.42,595,1514,-3416,966
1204,EVRG,2020-11-12,0 days 15:56:09.246966,206437,55.47,55.46,300,300,2609,-3191
1205,EVRG,2020-11-12,0 days 15:56:10.247177,202646,55.47,55.46,300,622,-3791,2609
1206,EVRG,2020-11-12,0 days 15:57:16.247131,209886,55.49,55.48,400,200,710,-2290
1207,EVRG,2020-11-12,0 days 15:57:17.247439,206496,55.49,55.48,200,430,-3290,710
1208,EVRG,2020-11-12,0 days 15:57:39.248277,210486,55.53,55.51,500,1043,1476,-4324
1209,EVRG,2020-11-12,0 days 15:57:40.248403,208362,55.53,55.51,500,1043,-2124,1476
1210,EVRG,2020-11-12,0 days 15:57:42.247126,210486,55.53,55.51,590,1085,276,-424
1211,EVRG,2020-11-12,0 days 15:57:43.247550,208162,55.53,55.52,690,204,-2324,276
1212,EVRG,2020-11-12,0 days 15:59:21.251518,220597,55.66,55.63,632,1400,31105,-1431
1213,EW,2020-11-12,0 days 15:55:00.305000,143867,80.18,80.15,700,1127,-5336,28665
1214,EW,2020-11-12,0 days 15:55:29.307163,160643,80.15,80.13,1022,704,713,-1087
1215,EW,2020-11-12,0 days 15:55:30.307038,159110,80.14,80.13,805,704,-1533,713
1216,EW,2020-11-12,0 days 15:55:34.311037,160817,80.1,80.08,900,300,7185,-1197
1217,EW,2020-11-12,0 days 15:55:35.307806,160502,80.08,80.07,600,104,-315,7185
1218,EW,2020-11-12,0 days 15:55:37.307787,160817,80.08,80.07,898,200,1862,-315
1219,EW,2020-11-12,0 days 15:55:38.311687,160679,80.07,80.05,800,325,-307,1862
1220,EW,2020-11-12,0 days 15:55:39.308049,160989,80.07,80.05,600,428,231,-307
1221,EW,2020-11-12,0 days 15:55:40.309279,160820,80.07,80.06,500,500,-214,231
1222,EW,2020-11-12,0 days 15:55:53.307896,163827,80.12,80.11,400,300,26521,-407
1223,EW,2020-11-12,0 days 15:56:45.311885,190512,80.18,80.14,103,1131,-206,49
1224,EW,2020-11-12,0 days 15:56:46.315263,189183,80.18,80.15,103,800,1329,-206
1225,EW,2020-11-12,0 days 15:57:45.308180,192177,80.17,80.16,600,200,-69,631
1226,EW,2020-11-12,0 days 15:57:46.307931,191046,80.17,80.16,600,100,1131,-69
1227,EW,2020-11-12,0 days 15:58:13.312089,192175,80.2,80.16,1256,948,-1256,1758
1228,EW,2020-11-12,0 days 15:58:14.309770,190531,80.2,80.16,1280,948,1644,-1256
1229,EW,2020-11-12,0 days 15:58:17.309786,192175,80.2,80.16,1439,1160,-456,1644
1230,EW,2020-11-12,0 days 15:58:18.310192,190531,80.2,80.16,1439,1160,1644,-456
1231,EW,2020-11-12,0 days 15:58:26.310085,196165,80.2,80.17,200,200,-1166,734
1232,EW,2020-11-12,0 days 15:58:27.313814,194531,80.2,80.17,400,426,1634,-1166
1233,EW,2020-11-12,0 days 15:59:05.313019,198262,80.24,80.21,275,400,-5587,1623
1234,EW,2020-11-12,0 days 15:59:06.312941,197649,80.24,80.21,275,230,613,-5587
1235,EW,2020-11-12,0 days 15:59:16.307369,228835,80.25,80.22,200,100,-3044,5966
1236,EW,2020-11-12,0 days 15:59:17.307482,222379,80.23,80.22,200,125,6466,-3044
1237,EW,2020-11-12,0 days 15:59:21.307940,228835,80.27,80.2,200,300,-1644,2566
1238,EW,2020-11-12,0 days 15:59:22.306934,226579,80.27,80.23,100,205,2713,-1644
1239,EW,2020-11-12,0 days 15:59:28.310237,227321,80.3,80.27,100,205,2064,-2629
