,Symbol,Timestamp,TIME,iPaired,Ask_P,Bid_P,Ask_S,Bid_S,iShares,PreviShares
0,AA,2020-10-02,0 days 15:59:19.254128,194548,11.83,11.82,7281,7085,-1438,7617
1,AA,2020-10-02,0 days 15:59:20.252820,192386,11.83,11.82,4311,9064,2162,-1438
2,AA,2020-10-02,0 days 15:59:41.253497,194548,11.83,11.82,5757,13223,-21041,659
3,AA,2020-10-02,0 days 15:59:42.252891,193189,11.83,11.82,11247,12256,1359,-21041
4,AA,2020-10-02,0 days 15:59:46.254039,194548,11.83,11.82,11124,11923,-3049,1359
5,AA,2020-10-02,0 days 15:59:47.253294,193497,11.83,11.82,12624,11923,1051,-3049
6,ABB,2020-10-02,0 days 15:57:38.105939,41105,25.89,25.88,12411,10963,-662,238
7,ABB,2020-10-02,0 days 15:57:39.106523,39267,25.89,25.88,10511,12400,1838,-662
8,ABB,2020-10-02,0 days 15:59:25.110898,43986,25.89,25.88,26058,4678,-8224,1432
9,ABB,2020-10-02,0 days 15:59:26.110427,43210,25.89,25.88,22758,6841,776,-8224
10,ABB,2020-10-02,0 days 15:59:46.113377,43986,25.89,25.88,9100,19721,-3448,552
11,ABB,2020-10-02,0 days 15:59:47.111514,43634,25.89,25.88,15300,17821,352,-3448
12,ABBV,2020-10-02,0 days 15:59:14.960224,481104,86.24,86.23,400,209,-92811,45695
13,ABBV,2020-10-02,0 days 15:59:15.958379,565652,86.17,86.16,1100,603,10159,-92811
14,ABBV,2020-10-02,0 days 15:59:16.961573,560111,86.18,86.17,200,200,-5541,10159
15,ABEV,2020-10-02,0 days 15:59:36.347248,263240,2.24,2.23,712988,647640,-112430,131970
16,ABEV,2020-10-02,0 days 15:59:37.346690,256570,2.24,2.23,713988,644661,6670,-112430
17,ABEV,2020-10-02,0 days 15:59:46.346883,263240,2.24,2.23,697660,602511,-45295,6670
18,ABEV,2020-10-02,0 days 15:59:47.346889,259235,2.24,2.23,697660,561695,4005,-45295
19,ABT,2020-10-02,0 days 15:55:00.344840,456677,106.77,106.75,865,121,-32,169860
20,ABT,2020-10-02,0 days 15:55:04.344793,453643,106.72,106.7,300,100,-3066,36
21,ABT,2020-10-02,0 days 15:55:06.344972,456709,106.69,106.68,200,100,1956,-2180
22,ABT,2020-10-02,0 days 15:55:07.344971,454065,106.68,106.67,549,200,-2644,1956
23,ABT,2020-10-02,0 days 15:56:07.349411,481915,106.54,106.53,100,300,1115,-3758
24,ABT,2020-10-02,0 days 15:56:08.348723,478598,106.54,106.53,200,100,-7217,1115
25,ABT,2020-10-02,0 days 15:56:11.349108,485815,106.56,106.55,635,200,8029,-3785
26,ABT,2020-10-02,0 days 15:56:12.348845,483144,106.58,106.57,326,200,-2671,8029
27,ABT,2020-10-02,0 days 15:57:34.350333,505623,106.56,106.55,949,200,19,-4881
28,ABT,2020-10-02,0 days 15:57:35.350015,503328,106.55,106.54,536,353,-2295,19
29,ABT,2020-10-02,0 days 15:57:45.351275,509523,106.57,106.55,700,200,780,-2620
30,ABT,2020-10-02,0 days 15:57:47.350735,508103,106.57,106.56,300,100,-1420,980
31,ABT,2020-10-02,0 days 15:57:54.350556,509523,106.59,106.58,150,1200,1880,-2020
32,ABT,2020-10-02,0 days 15:57:55.351524,507303,106.6,106.58,400,900,-2220,1880
33,ABT,2020-10-02,0 days 15:58:15.352432,518974,106.61,106.58,600,200,9550,-336
34,ABT,2020-10-02,0 days 15:58:16.352428,516224,106.6,106.58,320,100,-2750,9550
35,ABT,2020-10-02,0 days 15:58:25.353172,518974,106.58,106.56,400,675,1601,-1099
36,ABT,2020-10-02,0 days 15:58:26.352820,517175,106.58,106.56,300,300,-1799,1601
37,ABT,2020-10-02,0 days 15:58:57.354324,520392,106.56,106.53,500,312,54,-2395
38,ABT,2020-10-02,0 days 15:58:58.354301,524114,106.56,106.54,600,100,-2878,54
39,ABT,2020-10-02,0 days 15:59:01.356792,513214,106.57,106.55,300,300,8946,-3928
40,ABT,2020-10-02,0 days 15:59:02.354686,512767,106.57,106.55,600,200,-447,8946
41,ABT,2020-10-02,0 days 15:59:24.346141,551188,106.56,106.54,200,341,64,-436
42,ABT,2020-10-02,0 days 15:59:28.345948,548386,106.53,106.51,200,200,-2802,1698
43,ABT,2020-10-02,0 days 15:59:30.346245,551188,106.53,106.5,1600,212,7382,-2802
44,ABT,2020-10-02,0 days 15:59:32.346232,551064,106.53,106.5,929,458,-124,7076
45,ABT,2020-10-02,0 days 15:59:35.346907,556454,106.52,106.5,1263,310,5910,-15884
46,ABT,2020-10-02,0 days 15:59:43.345861,556494,106.5,106.48,1100,400,9882,-1512
47,ABT,2020-10-02,0 days 15:59:46.346742,556159,106.49,106.47,297,303,-532,9295
48,ABT,2020-10-02,0 days 15:59:59.342562,554980,106.5,106.44,100,100,-2838,1305
49,ADNT,2020-10-02,0 days 15:55:00.251414,110642,19.82,19.81,1502,500,-2957,4258
50,ADNT,2020-10-02,0 days 15:55:49.254168,113600,19.83,19.82,385,1061,1067,-1433
51,ADNT,2020-10-02,0 days 15:55:50.253636,110967,19.83,19.82,371,961,-2633,1067
52,ADNT,2020-10-02,0 days 15:59:10.252600,135495,19.84,19.83,508,1130,613,-787
53,ADNT,2020-10-02,0 days 15:59:19.254070,150928,19.82,19.81,1100,300,-3418,733
54,ADT,2020-10-02,0 days 15:55:00.346141,223919,8.19,8.18,3898,5612,1502,-152149
55,ADT,2020-10-02,0 days 15:56:10.349438,233497,8.19,8.18,2148,6831,-1872,1317
56,ADT,2020-10-02,0 days 15:56:11.349204,232469,8.19,8.18,2827,6831,1028,-1872
57,ADT,2020-10-02,0 days 15:57:18.350310,233497,8.19,8.18,1301,7313,-872,1028
58,ADT,2020-10-02,0 days 15:57:19.349284,232669,8.19,8.18,1901,7211,828,-872
59,ADT,2020-10-02,0 days 15:57:45.351405,245197,8.19,8.18,701,7023,-172,1928
60,ADT,2020-10-02,0 days 15:57:46.350418,243269,8.19,8.18,701,7023,1928,-172
61,ADT,2020-10-02,0 days 15:57:52.351259,248397,8.19,8.18,1301,6837,-207,1793
62,ADT,2020-10-02,0 days 15:57:53.351040,246604,8.19,8.18,1701,6637,1793,-207
63,ADT,2020-10-02,0 days 15:58:00.353125,249200,8.19,8.18,2101,6223,-104,2393
64,ADT,2020-10-02,0 days 15:58:01.352084,247304,8.19,8.18,2001,6523,1896,-104
65,ADT,2020-10-02,0 days 15:58:03.352402,236045,8.19,8.18,1601,6623,-11259,1896
66,ADT,2020-10-02,0 days 15:58:04.352639,235404,8.19,8.18,2901,5423,1441,-11259
67,AEL,2020-10-02,0 days 15:58:58.251007,164747,31.71,31.68,234,698,1250,-34
68,AEL,2020-10-02,0 days 15:58:59.251175,160797,31.71,31.68,234,698,-3850,1250
69,AEL,2020-10-02,0 days 15:59:25.249702,174506,31.77,31.75,155,100,3159,-3026
70,AEL,2020-10-02,0 days 15:59:26.249642,171865,31.77,31.75,155,100,-2641,3159
71,AEL,2020-10-02,0 days 15:59:47.252086,173965,31.77,31.76,300,765,-1199,9201
72,AEO,2020-10-02,0 days 15:57:48.340694,215826,15.4,15.39,3766,5716,7780,-457
73,AEO,2020-10-02,0 days 15:59:00.345558,219907,15.41,15.4,1027,6888,-2620,1480
74,AEO,2020-10-02,0 days 15:59:09.343443,243055,15.41,15.4,4210,6438,16,-2248
75,AEO,2020-10-02,0 days 15:59:24.333773,264977,15.39,15.38,3321,4300,-2365,5435
76,AEO,2020-10-02,0 days 15:59:45.335116,269376,15.39,15.38,10426,2597,12038,-3799
77,AEO,2020-10-02,0 days 15:59:46.334924,268014,15.39,15.38,10726,897,-762,12038
78,AER,2020-10-02,0 days 15:59:45.848417,106319,26.58,26.57,596,118,-725,1605
79,AER,2020-10-02,0 days 15:59:48.849799,104844,26.58,26.57,527,396,1475,-725
80,AER,2020-10-02,0 days 15:59:59.848776,105819,26.62,26.56,300,300,-921,5868
81,AES,2020-10-02,0 days 15:59:28.109653,630291,18.54,18.53,7737,8787,-4921,542
82,AES,2020-10-02,0 days 15:59:29.109861,621112,18.54,18.53,7437,10087,9179,-4921
83,AES,2020-10-02,0 days 15:59:46.113276,630291,18.54,18.53,3862,16338,-7556,8757
84,AES,2020-10-02,0 days 15:59:47.111388,625384,18.54,18.53,4062,15908,4907,-7556
85,AFL,2020-10-02,0 days 15:55:53.228620,234238,36.92,36.91,100,3584,-92,1782
86,AFL,2020-10-02,0 days 15:55:55.229275,234330,36.92,36.91,600,3274,408,-92
87,AFL,2020-10-02,0 days 15:55:57.229182,234777,36.92,36.91,700,3184,-685,408
88,AFL,2020-10-02,0 days 15:55:58.229171,231162,36.92,36.91,2101,2684,3615,-685
89,AFL,2020-10-02,0 days 15:58:33.236566,247883,36.95,36.94,1841,4692,-3240,860
90,AFL,2020-10-02,0 days 15:58:34.235012,245423,36.95,36.94,1508,4192,2460,-3240
91,AFL,2020-10-02,0 days 15:59:06.236680,247839,36.95,36.94,1544,3642,-22570,1465
92,AFL,2020-10-02,0 days 15:59:07.236492,247609,36.95,36.94,2487,1742,230,-22570
93,AFL,2020-10-02,0 days 15:59:09.236572,247839,36.95,36.94,2382,1799,-1683,117
94,AFL,2020-10-02,0 days 15:59:10.236837,247522,36.95,36.94,2882,941,317,-1683
95,AFL,2020-10-02,0 days 15:59:15.237507,249756,36.94,36.93,1087,4656,-4798,872
96,AFL,2020-10-02,0 days 15:59:22.237763,261256,36.91,36.9,2465,900,2100,-7300
97,AG,2020-10-02,0 days 15:55:00.100124,31077,9.65,9.64,10681,19798,4045,-4837
98,AG,2020-10-02,0 days 15:56:18.103114,34836,9.65,9.64,26782,14250,-1526,24
99,AG,2020-10-02,0 days 15:59:06.109913,36376,9.65,9.64,27560,18076,2162,-4673
100,AG,2020-10-02,0 days 15:59:23.110165,37638,9.65,9.64,22934,22868,-738,2162
101,AG,2020-10-02,0 days 15:59:24.110557,38376,9.65,9.64,22934,21888,1268,-738
102,AG,2020-10-02,0 days 15:59:36.110406,46344,9.63,9.62,11549,29688,-832,4768
103,AG,2020-10-02,0 days 15:59:45.112503,41976,9.64,9.63,39049,12241,268,-832
104,AIG,2020-10-02,0 days 15:55:00.101221,246959,28.24,28.23,3979,1726,-2988,40651
105,AIG,2020-10-02,0 days 15:55:57.102779,290274,28.25,28.24,3716,2619,9484,-2068
106,AIG,2020-10-02,0 days 15:57:10.105032,309675,28.26,28.25,1707,3300,-2900,4400
107,AIG,2020-10-02,0 days 15:57:11.105151,305202,28.26,28.25,2418,3900,2373,-2900
108,AIG,2020-10-02,0 days 15:59:07.110192,308454,28.28,28.27,3200,498,-29782,1435
109,AIG,2020-10-02,0 days 15:59:49.112028,350777,28.24,28.23,4121,100,333,-2503
110,ALL,2020-10-02,0 days 15:57:54.105589,134903,93.14,93.09,600,200,270,-630
111,ALL,2020-10-02,0 days 15:57:55.105805,133473,93.14,93.09,600,200,-1430,270
112,ALL,2020-10-02,0 days 15:58:21.107905,135026,93.12,93.09,317,100,945,-1155
113,ALL,2020-10-02,0 days 15:58:22.107773,133671,93.12,93.09,217,201,-1355,945
114,ALL,2020-10-02,0 days 15:58:29.108083,135026,93.1,93.08,100,100,245,-1055
115,ALL,2020-10-02,0 days 15:58:30.108694,133671,93.1,93.08,100,100,-1155,245
116,ALL,2020-10-02,0 days 15:59:13.110650,136360,93.14,93.09,469,200,812,-1408
117,ALL,2020-10-02,0 days 15:59:18.110064,136159,93.11,93.08,365,100,-245,999
118,ALL,2020-10-02,0 days 15:59:47.111490,141645,93.07,93.03,200,700,-102,2298
119,ALLY,2020-10-02,0 days 15:57:03.340828,118948,26.44,26.43,1603,4401,142,-1458
120,ALLY,2020-10-02,0 days 15:57:04.340472,117190,26.44,26.43,103,6895,-1158,142
121,ALLY,2020-10-02,0 days 15:57:06.340204,114560,26.44,26.43,2400,4100,2630,-1158
122,ALLY,2020-10-02,0 days 15:57:07.340291,113190,26.44,26.43,2798,3807,-770,2630
123,ALLY,2020-10-02,0 days 15:58:42.342122,135348,26.48,26.47,700,2686,2231,-3469
124,ALLY,2020-10-02,0 days 15:58:43.342275,132079,26.49,26.48,4300,615,-2269,2231
125,ALLY,2020-10-02,0 days 15:59:06.343659,143244,26.5,26.49,910,4194,-104,16159
126,ALLY,2020-10-02,0 days 15:59:21.333540,144800,26.51,26.5,466,4124,6794,-1256
127,ALLY,2020-10-02,0 days 15:59:27.333199,144400,26.51,26.5,4104,1000,1094,-106
128,ALLY,2020-10-02,0 days 15:59:33.333698,142952,26.51,26.5,3378,4390,-448,52
129,AM,2020-10-02,0 days 15:56:33.256735,108644,5.35,5.34,6892,6654,-5162,2138
130,AM,2020-10-02,0 days 15:56:34.257067,107306,5.35,5.34,8625,6654,1338,-5162
131,AM,2020-10-02,0 days 15:59:02.251928,111245,5.36,5.35,13714,6554,-200,1707
132,AM,2020-10-02,0 days 15:59:23.250691,110567,5.35,5.34,18399,1700,778,-100
133,AM,2020-10-02,0 days 15:59:46.254305,113545,5.35,5.34,21686,5847,-4160,451
134,AMC,2020-10-02,0 days 15:59:06.355020,45544,4.65,4.64,2781,3048,-1420,1060
135,AMCR,2020-10-02,0 days 15:55:00.228603,961444,11.04,11.03,23667,17064,-5045,207729
136,AMCR,2020-10-02,0 days 15:55:01.226101,959489,11.04,11.03,24067,18014,1955,-5045
137,AMCR,2020-10-02,0 days 15:57:24.231667,981613,11.04,11.03,24046,17851,-4835,3165
138,AMCR,2020-10-02,0 days 15:57:25.231728,978448,11.04,11.03,24746,18051,3165,-4835
139,AMCR,2020-10-02,0 days 15:57:40.232071,1010913,11.04,11.03,23252,18285,-5335,8865
140,AMCR,2020-10-02,0 days 15:57:41.232027,1004948,11.04,11.03,23252,17385,5965,-5335
141,AMCR,2020-10-02,0 days 15:57:58.232784,1030513,11.04,11.03,22952,18022,-2535,7765
142,AMCR,2020-10-02,0 days 15:58:00.235203,1015564,11.04,11.03,24328,15441,16049,-1135
143,AMCR,2020-10-02,0 days 15:58:31.234828,1031613,11.04,11.03,26060,18010,-141,7849
144,AMCR,2020-10-02,0 days 15:58:39.235264,1024533,11.04,11.03,26457,22671,7080,-141
145,AMCR,2020-10-02,0 days 15:59:01.237353,994709,11.05,11.04,19524,18073,-36429,3856
146,AMCR,2020-10-02,0 days 15:59:02.236616,992438,11.05,11.04,19024,20581,2658,-36429
147,AMCR,2020-10-02,0 days 15:59:08.236765,1016066,11.05,11.04,15848,24306,-1079,6421
148,AMCR,2020-10-02,0 days 15:59:19.238327,1356774,11.04,11.03,24672,21218,13019,-13824
149,AMCR,2020-10-02,0 days 15:59:20.243137,1337193,11.04,11.03,20122,17418,-19581,13019
150,AMCR,2020-10-02,0 days 15:59:47.238045,1365863,11.03,11.02,17773,12927,-13945,3107
151,AMH,2020-10-02,0 days 15:59:20.245151,253751,29.53,29.52,1738,433,-708,62506
152,AMH,2020-10-02,0 days 15:59:23.241954,250666,29.51,29.49,700,1800,3785,-13115
153,AMH,2020-10-02,0 days 15:59:41.243568,252729,29.51,29.5,100,2241,1722,-2078
154,AMH,2020-10-02,0 days 15:59:46.244379,262795,29.51,29.5,400,1905,-16396,7062
155,AMH,2020-10-02,0 days 15:59:47.243036,261691,29.51,29.5,1400,2096,404,-16396
156,AMH,2020-10-02,0 days 15:59:48.244240,262795,29.52,29.5,1000,3300,-4596,404
157,AMH,2020-10-02,0 days 15:59:50.248293,254355,29.51,29.5,1900,300,7740,-160
158,AMT,2020-10-02,0 days 15:59:48.112320,423036,243.56,243.41,314,498,-4334,2727
159,AMT,2020-10-02,0 days 15:59:49.111927,417394,243.44,243.25,100,100,5642,-4334
160,AMT,2020-10-02,0 days 15:59:57.115052,423036,243.44,243.06,301,100,-6530,9205
161,AMT,2020-10-02,0 days 15:59:58.115939,422090,243.4,243.21,100,400,946,-6530
162,AMT,2020-10-02,0 days 16:00:00.167244,423036,243.44,243.09,100,200,-51,946
163,AMWL,2020-10-02,0 days 15:55:00.232917,10090,28.17,28.1,696,727,-78,7829
164,AMWL,2020-10-02,0 days 15:55:01.231998,9568,28.17,28.11,796,200,522,-78
165,AMWL,2020-10-02,0 days 15:55:39.233634,10090,28.23,28.22,200,300,-778,522
166,AMWL,2020-10-02,0 days 15:55:40.233754,9668,28.23,28.22,200,300,422,-778
167,AMWL,2020-10-02,0 days 15:58:57.241582,19257,28.34,28.3,261,500,-2522,1206
168,AMWL,2020-10-02,0 days 15:58:58.241507,18279,28.34,28.3,261,500,411,-2522
169,AMWL,2020-10-02,0 days 15:59:25.242516,18790,28.37,28.34,100,400,-1686,745
170,AMWL,2020-10-02,0 days 15:59:26.242345,18076,28.37,28.34,100,352,714,-1686
171,AMWL,2020-10-02,0 days 15:59:41.243711,18939,28.37,28.34,100,252,-2737,863
172,ANF,2020-10-02,0 days 15:55:53.339451,100022,15.24,15.23,601,3233,-12602,2724
173,ANF,2020-10-02,0 days 15:55:54.339275,99433,15.24,15.23,601,3034,589,-12602
174,ANF,2020-10-02,0 days 15:56:10.340169,100612,15.24,15.23,517,2794,-8,179
175,ANF,2020-10-02,0 days 15:56:17.339313,98720,15.24,15.23,1762,2159,1892,-1908
176,ANF,2020-10-02,0 days 15:57:47.340397,101493,15.22,15.21,2012,3695,-62,2838
177,ANF,2020-10-02,0 days 15:57:49.340813,101555,15.22,15.21,1620,4425,28,-62
178,ANF,2020-10-02,0 days 15:58:11.340908,101583,15.22,15.21,2275,3550,-2394,28
179,ANF,2020-10-02,0 days 15:58:12.340914,99777,15.21,15.2,4679,200,1806,-2394
180,ANF,2020-10-02,0 days 15:59:19.345033,103703,15.2,15.19,200,5311,-3819,205
181,APLE,2020-10-02,0 days 15:55:00.241727,62067,10.36,10.35,674,4775,-18967,19004
182,APLE,2020-10-02,0 days 15:55:12.243200,59934,10.36,10.35,5047,1935,833,-1767
183,APTV,2020-10-02,0 days 15:55:05.250541,148515,93.56,93.51,200,100,177,-2723
184,APTV,2020-10-02,0 days 15:55:06.251288,144692,93.55,93.51,200,100,-2623,177
185,APTV,2020-10-02,0 days 15:55:15.251682,148604,93.59,93.52,100,200,133,-2967
186,APTV,2020-10-02,0 days 15:55:20.251961,119457,93.58,93.53,100,100,-28247,133
187,APTV,2020-10-02,0 days 15:55:36.252876,149058,93.55,93.53,100,200,99,-3201
188,APTV,2020-10-02,0 days 15:56:01.253021,147471,93.59,93.57,237,100,-2505,363
189,APTV,2020-10-02,0 days 15:56:10.258396,152976,93.59,93.55,202,712,334,-2266
190,APTV,2020-10-02,0 days 15:56:23.258320,154017,93.67,93.61,100,300,-859,441
191,APTV,2020-10-02,0 days 15:56:24.256494,153576,93.67,93.62,100,200,441,-859
192,APTV,2020-10-02,0 days 15:56:35.257148,154017,93.66,93.64,125,100,-361,139
193,APTV,2020-10-02,0 days 15:56:36.253614,153678,93.66,93.64,125,100,339,-361
194,APTV,2020-10-02,0 days 15:57:34.256133,153751,93.61,93.56,277,100,-1132,368
195,APTV,2020-10-02,0 days 15:57:38.255724,155283,93.59,93.56,365,100,1168,-232
196,APTV,2020-10-02,0 days 15:57:42.254965,154017,93.64,93.6,200,300,-1466,968
197,APTV,2020-10-02,0 days 15:57:48.254520,158848,93.63,93.6,265,200,1,-499
198,APTV,2020-10-02,0 days 15:57:49.254072,158349,93.63,93.6,265,200,-499,1
199,APTV,2020-10-02,0 days 15:57:51.254543,158848,93.62,93.6,265,100,101,-499
200,APTV,2020-10-02,0 days 15:57:52.251331,158349,93.62,93.6,265,100,-499,101
201,APTV,2020-10-02,0 days 15:57:58.250531,158848,93.63,93.61,265,100,1,-499
202,APTV,2020-10-02,0 days 15:58:00.255044,158349,93.63,93.61,100,200,-605,401
203,APTV,2020-10-02,0 days 15:58:14.250818,159154,93.6,93.57,100,100,1281,-1019
204,APTV,2020-10-02,0 days 15:58:15.251717,158435,93.6,93.57,300,200,-319,1281
205,APTV,2020-10-02,0 days 15:59:02.251771,160102,93.62,93.59,200,300,15,-547
206,APTV,2020-10-02,0 days 15:59:03.252144,160048,93.62,93.59,200,100,-54,15
207,APTV,2020-10-02,0 days 15:59:04.252732,165602,93.62,93.56,100,502,458,-54
208,APTV,2020-10-02,0 days 15:59:17.252397,166311,93.58,93.52,100,300,-299,801
209,APTV,2020-10-02,0 days 15:59:18.252114,166110,93.58,93.52,100,300,206,-299
210,APTV,2020-10-02,0 days 15:59:19.253963,166316,93.58,93.52,100,300,-1086,206
211,APTV,2020-10-02,0 days 15:59:21.251131,168802,93.59,93.55,100,100,184,-1486
212,APTV,2020-10-02,0 days 15:59:25.250707,139426,93.59,93.55,100,100,-27976,524
213,APTV,2020-10-02,0 days 15:59:33.250684,177354,93.52,93.46,367,100,1180,-17061
214,APTV,2020-10-02,0 days 15:59:34.251025,178534,93.53,93.46,100,200,-1320,1180
215,APTV,2020-10-02,0 days 15:59:35.252772,177754,93.52,93.46,100,100,780,-1320
216,AR,2020-10-02,0 days 15:59:15.110194,301042,2.79,2.78,43847,25470,-32564,13122
217,AR,2020-10-02,0 days 15:59:16.109991,294206,2.79,2.78,25447,22670,6836,-32564
218,AR,2020-10-02,0 days 15:59:41.110812,306164,2.79,2.78,48990,20374,-10060,10140
219,AR,2020-10-02,0 days 15:59:42.110607,301324,2.79,2.78,47613,20774,4840,-10060
220,AR,2020-10-02,0 days 15:59:46.113193,306164,2.79,2.78,43994,27067,-8360,4840
221,AR,2020-10-02,0 days 15:59:47.111313,304078,2.79,2.78,42626,44267,2086,-8360
222,ASPN,2020-10-02,0 days 15:55:26.232924,9528,11.09,11.04,300,100,-238,262
223,ASPN,2020-10-02,0 days 15:55:27.233229,8966,11.09,11.04,300,100,562,-238
224,ASPN,2020-10-02,0 days 15:59:17.241693,11820,11.07,11.04,218,425,-3662,552
225,ASPN,2020-10-02,0 days 15:59:18.241713,11582,11.07,11.04,218,300,238,-3662
226,ASPN,2020-10-02,0 days 15:59:43.242444,9617,11.08,11.04,100,100,2623,-377
227,ASPN,2020-10-02,0 days 15:59:46.244296,12240,11.08,11.03,318,118,-187,223
228,ASPN,2020-10-02,0 days 15:59:47.243002,12027,11.08,11.04,318,100,213,-187
229,ATUS,2020-10-02,0 days 15:59:31.334164,252435,26.07,26.06,3959,3100,2992,-3995
230,ATUS,2020-10-02,0 days 15:59:32.333693,247027,26.07,26.06,4559,4700,-5408,2992
231,ATUS,2020-10-02,0 days 15:59:45.334916,252435,26.07,26.06,6800,700,5365,-3708
232,ATUS,2020-10-02,0 days 15:59:46.334714,249200,26.07,26.06,7696,400,-5114,5365
233,AU,2020-10-02,0 days 15:55:55.103046,66865,26.04,26.03,2205,1926,1736,-1220
234,AU,2020-10-02,0 days 15:55:56.103049,63801,26.06,26.05,2300,400,-3064,1736
235,AU,2020-10-02,0 days 15:57:42.106070,64641,26.06,26.04,2100,3651,-2465,135
236,AU,2020-10-02,0 days 15:59:46.113427,80131,26.04,26.03,2159,1293,2045,-2081
237,AU,2020-10-02,0 days 15:59:47.111558,78976,26.04,26.03,1926,1689,-1155,2045
238,AUY,2020-10-02,0 days 15:59:40.848098,203033,5.78,5.77,145876,278768,21127,-9473
239,AUY,2020-10-02,0 days 15:59:41.847446,196360,5.78,5.77,151776,269768,-6776,21127
240,AVTR,2020-10-02,0 days 15:59:01.242250,227941,22.94,22.93,500,2814,2321,-4379
241,AVTR,2020-10-02,0 days 15:59:05.241575,221762,22.94,22.93,1193,4297,-3454,4646
242,AVTR,2020-10-02,0 days 15:59:31.242921,229871,22.92,22.91,232,3152,2390,-871
243,AVTR,2020-10-02,0 days 15:59:32.243144,226161,22.92,22.91,100,5161,-3664,2390
244,AVTR,2020-10-02,0 days 15:59:46.244173,232450,22.91,22.9,6398,1271,9605,-3777
245,AVYA,2020-10-02,0 days 15:56:10.235096,46826,16.94,16.93,427,3916,473,-312
246,AVYA,2020-10-02,0 days 15:56:16.234776,47299,16.94,16.93,1337,4605,-927,773
247,AVYA,2020-10-02,0 days 15:56:17.234650,46726,16.94,16.93,1402,4205,573,-927
248,AVYA,2020-10-02,0 days 15:58:00.241255,41824,16.93,16.92,1677,3639,-4402,573
249,AVYA,2020-10-02,0 days 15:58:01.239161,41526,16.93,16.92,2398,2006,298,-4402
250,AVYA,2020-10-02,0 days 15:59:46.244453,68454,16.9,16.89,3222,1320,-1884,643
251,AVYA,2020-10-02,0 days 15:59:47.243121,67938,16.9,16.89,2622,1667,516,-1884
252,AXL,2020-10-02,0 days 15:55:00.839282,87231,6.29,6.28,1802,3181,-29156,38668
253,AXL,2020-10-02,0 days 15:55:01.837897,84487,6.29,6.28,2503,3281,2744,-29156
254,AXL,2020-10-02,0 days 15:59:23.849456,122825,6.29,6.28,3780,4753,-110,1975
255,AXP,2020-10-02,0 days 15:59:20.249009,244023,101.7,101.64,1500,620,-6201,5779
256,AXP,2020-10-02,0 days 15:59:28.244853,251309,101.67,101.64,200,200,2046,-7372
257,AXP,2020-10-02,0 days 15:59:29.244910,250755,101.71,101.66,200,200,-554,2046
258,AXP,2020-10-02,0 days 15:59:45.247207,257985,101.67,101.64,400,100,-696,8704
259,AXP,2020-10-02,0 days 15:59:55.248507,262177,101.63,101.57,100,400,708,-810
260,AXP,2020-10-02,0 days 15:59:57.250948,262885,101.61,101.55,500,200,-401,708
261,AXTA,2020-10-02,0 days 15:55:00.251632,224539,23.99,23.98,6054,2102,164299,-10223
262,AZUL,2020-10-02,0 days 15:56:16.349051,15096,12.97,12.96,4100,700,1714,-67
263,AZUL,2020-10-02,0 days 15:56:17.349177,14710,12.97,12.96,3400,1300,-267,1714
264,AZUL,2020-10-02,0 days 15:56:32.349326,14977,12.96,12.95,9259,3000,133,-267
265,AZUL,2020-10-02,0 days 15:56:33.349397,14710,12.96,12.95,9259,2800,-267,133
266,AZUL,2020-10-02,0 days 15:59:03.354822,15577,12.97,12.96,4818,1000,834,-806
267,BA,2020-10-02,0 days 15:59:47.334039,904350,168.24,168.17,1250,100,-9567,16637
268,BA,2020-10-02,0 days 15:59:48.335682,900417,168.2,168.07,1000,1195,3933,-9567
269,BA,2020-10-02,0 days 15:59:49.334998,904350,168.27,168.07,100,800,-3367,3933
270,BA,2020-10-02,0 days 15:59:50.338435,876217,168.25,167.99,200,2900,28133,-3367
271,BA,2020-10-02,0 days 15:59:57.334509,907750,168.08,168.0,300,400,-3158,23219
272,BABA,2020-10-02,0 days 15:55:00.953314,154806,288.64,288.57,1088,785,15374,-34977
273,BABA,2020-10-02,0 days 15:55:01.950700,153247,288.64,288.61,461,224,-1529,15374
274,BABA,2020-10-02,0 days 15:56:14.953122,165771,288.66,288.62,200,300,3681,-1805
275,BABA,2020-10-02,0 days 15:56:15.952941,163438,288.67,288.63,1018,100,-2333,3681
276,BABA,2020-10-02,0 days 15:59:17.957268,187613,288.63,288.58,600,685,4124,-1054
277,BABA,2020-10-02,0 days 15:59:18.957317,186351,288.66,288.58,200,674,-1262,4124
278,BAC,2020-10-02,0 days 15:55:23.252363,1667664,24.2,24.19,75460,47000,-8455,7987
279,BAC,2020-10-02,0 days 15:57:52.251413,1880554,24.2,24.19,63549,40987,6416,-984
280,BAC,2020-10-02,0 days 15:59:15.253051,2020868,24.23,24.22,35128,84590,-114555,24089
281,BAC,2020-10-02,0 days 15:59:46.254098,2052959,24.22,24.21,33400,76748,50739,-666
282,BAM,2020-10-02,0 days 15:55:00.840607,26913,33.82,33.81,1700,2226,-3961,6999
283,BAM,2020-10-02,0 days 15:55:01.838449,25674,33.82,33.81,3000,1226,1239,-3961
284,BAM,2020-10-02,0 days 15:59:46.848807,34522,33.87,33.86,1198,3100,732,-1168
285,BAX,2020-10-02,0 days 15:55:00.344938,143538,79.02,78.99,200,723,-8526,26324
286,BAX,2020-10-02,0 days 15:55:26.347332,152792,78.95,78.93,100,755,888,-2743
287,BAX,2020-10-02,0 days 15:55:27.347315,150780,78.95,78.93,200,405,-2012,888
288,BAX,2020-10-02,0 days 15:55:55.348783,152892,78.92,78.91,200,100,4581,-864
289,BAX,2020-10-02,0 days 15:55:56.348479,151473,78.92,78.91,374,200,-1419,4581
290,BAX,2020-10-02,0 days 15:56:11.349137,151687,78.91,78.9,318,300,-1274,326
291,BAX,2020-10-02,0 days 15:57:13.349233,162785,78.93,78.9,210,400,185,-2976
292,BAX,2020-10-02,0 days 15:57:14.348853,162129,78.92,78.9,100,300,-656,185
293,BAX,2020-10-02,0 days 15:57:34.350421,162785,78.93,78.92,712,300,999,-101
294,BAX,2020-10-02,0 days 15:57:35.350061,161584,78.93,78.92,512,500,-1201,999
295,BAX,2020-10-02,0 days 15:58:05.352214,162717,78.95,78.93,300,100,201,-1694
296,BAX,2020-10-02,0 days 15:58:06.352043,161218,78.95,78.93,200,377,-1499,201
297,BAX,2020-10-02,0 days 15:58:58.354389,162357,78.93,78.9,703,400,-765,126
298,BAX,2020-10-02,0 days 15:59:06.355263,167540,78.93,78.92,200,250,15703,-1572
299,BAX,2020-10-02,0 days 15:59:07.355136,167243,78.94,78.92,500,453,-297,15703
300,BAX,2020-10-02,0 days 15:59:18.345176,167648,78.93,78.92,207,100,473,-120
301,BAX,2020-10-02,0 days 15:59:19.346483,228121,78.88,78.86,482,200,-393,473
302,BAX,2020-10-02,0 days 15:59:21.345810,228514,78.88,78.85,300,200,2773,-393
303,BAX,2020-10-02,0 days 15:59:22.346057,224687,78.88,78.85,300,100,-3827,2773
304,BAX,2020-10-02,0 days 15:59:30.346286,228514,78.87,78.84,1902,400,7024,-2699
305,BAX,2020-10-02,0 days 15:59:49.349103,230240,78.84,78.82,382,400,643,-2654
306,BAX,2020-10-02,0 days 15:59:50.350008,222683,78.83,78.81,500,156,-7557,643
307,BB,2020-10-02,0 days 15:57:39.238059,46862,4.46,4.45,89060,80560,-587,113
308,BB,2020-10-02,0 days 15:57:54.238331,47449,4.46,4.45,97445,52604,861,-587
309,BB,2020-10-02,0 days 15:58:50.241157,48458,4.45,4.44,163947,50627,-6978,730
310,BB,2020-10-02,0 days 15:59:36.242874,60096,4.45,4.44,213558,27880,9160,-10940
311,BBD,2020-10-02,0 days 15:57:09.230806,277020,3.46,3.45,441926,589542,1393,-5104
312,BBD,2020-10-02,0 days 15:59:19.238553,331449,3.45,3.44,689208,460385,-113044,29297
313,BBY,2020-10-02,0 days 15:55:00.344906,102623,112.57,112.52,223,100,-2617,24343
314,BBY,2020-10-02,0 days 15:55:18.346589,106549,112.58,112.54,400,793,896,-326
315,BBY,2020-10-02,0 days 15:55:25.347218,107445,112.57,112.54,202,801,-188,296
316,BBY,2020-10-02,0 days 15:55:26.347296,107233,112.57,112.54,202,801,212,-188
317,BBY,2020-10-02,0 days 15:55:44.348142,107466,112.58,112.55,100,1078,-207,167
318,BBY,2020-10-02,0 days 15:55:46.348458,108176,112.58,112.55,100,1178,390,-207
319,BBY,2020-10-02,0 days 15:56:02.348887,112528,112.59,112.56,1106,1738,-706,602
320,BBY,2020-10-02,0 days 15:56:03.348812,112253,112.58,112.56,396,1434,275,-706
321,BBY,2020-10-02,0 days 15:56:11.349137,112528,112.62,112.58,101,1105,-525,275
322,BBY,2020-10-02,0 days 15:56:24.349015,112834,112.7,112.64,400,1400,35,-1598
323,BBY,2020-10-02,0 days 15:56:49.351216,113169,112.68,112.66,100,1205,-196,104
324,BBY,2020-10-02,0 days 15:57:43.350729,114932,112.65,112.62,195,664,688,-2112
325,BBY,2020-10-02,0 days 15:57:44.350832,114820,112.65,112.62,195,969,-412,688
326,BBY,2020-10-02,0 days 15:57:45.351309,115232,112.65,112.62,100,888,188,-412
327,BBY,2020-10-02,0 days 15:57:47.350735,114820,112.65,112.62,100,888,-412,388
328,BBY,2020-10-02,0 days 15:57:48.350763,115232,112.66,112.63,503,383,288,-412
329,BBY,2020-10-02,0 days 15:57:49.350930,115120,112.66,112.63,303,483,-112,288
330,BBY,2020-10-02,0 days 15:57:55.351539,115432,112.66,112.63,212,988,88,-112
331,BBY,2020-10-02,0 days 15:57:56.350666,114820,112.66,112.63,212,1026,-612,88
332,BBY,2020-10-02,0 days 15:57:59.351078,115432,112.67,112.64,241,792,1488,-112
333,BBY,2020-10-02,0 days 15:58:15.352432,114484,112.68,112.65,100,339,518,-582
334,BBY,2020-10-02,0 days 15:58:16.352428,114002,112.68,112.65,100,339,-482,518
335,BBY,2020-10-02,0 days 15:58:18.352948,114484,112.68,112.64,301,600,218,-482
336,BBY,2020-10-02,0 days 15:58:19.352621,113202,112.68,112.64,301,400,-1282,218
337,BBY,2020-10-02,0 days 15:58:21.353598,114484,112.67,112.63,100,300,218,-1182
338,BBY,2020-10-02,0 days 15:58:23.352813,114002,112.67,112.63,200,400,-482,118
339,BBY,2020-10-02,0 days 15:58:26.352820,114484,112.67,112.64,614,292,118,-482
340,BBY,2020-10-02,0 days 15:58:27.352896,114002,112.67,112.64,714,192,-482,118
341,BBY,2020-10-02,0 days 15:58:29.353360,114484,112.67,112.64,914,286,118,-482
342,BBY,2020-10-02,0 days 15:58:31.353383,111602,112.66,112.64,200,300,-282,2118
343,BBY,2020-10-02,0 days 15:59:06.355263,122557,112.68,112.63,500,200,23,-377
344,BBY,2020-10-02,0 days 15:59:08.355782,122180,112.65,112.63,100,200,-77,123
345,BBY,2020-10-02,0 days 15:59:11.355708,121938,112.6,112.55,266,300,244,-158
346,BBY,2020-10-02,0 days 15:59:22.346035,125778,112.57,112.55,200,305,299,-1261
347,BBY,2020-10-02,0 days 15:59:23.345891,125677,112.57,112.55,400,305,-101,299
348,BBY,2020-10-02,0 days 15:59:26.345663,125578,112.56,112.47,100,100,99,-101
349,BBY,2020-10-02,0 days 15:59:27.345679,125477,112.56,112.5,100,200,-101,99
350,BBY,2020-10-02,0 days 15:59:31.347464,126989,112.57,112.5,610,200,751,-1312
351,BBY,2020-10-02,0 days 15:59:36.347163,126789,112.57,112.52,610,795,51,-149
352,BBY,2020-10-02,0 days 15:59:37.346604,126740,112.57,112.52,610,795,-49,51
353,BBY,2020-10-02,0 days 15:59:41.346338,126789,112.56,112.52,110,595,51,-849
354,BBY,2020-10-02,0 days 15:59:42.346146,126740,112.56,112.52,410,595,-49,51
355,BBY,2020-10-02,0 days 15:59:45.348029,126789,112.52,112.47,150,480,151,-49
356,BE,2020-10-02,0 days 15:55:00.953726,60856,16.04,16.03,2266,1432,11137,-13736
357,BE,2020-10-02,0 days 15:55:02.950785,59593,16.04,16.03,2993,1326,-1263,10037
358,BE,2020-10-02,0 days 15:55:05.951121,61956,16.03,16.02,493,1190,637,-263
359,BE,2020-10-02,0 days 15:55:06.951002,61733,16.04,16.03,2405,600,-323,637
360,BE,2020-10-02,0 days 15:56:23.954484,73159,16.04,16.03,1341,2499,455,-545
361,BE,2020-10-02,0 days 15:56:24.953942,72614,16.04,16.03,1541,1688,-545,455
362,BE,2020-10-02,0 days 15:57:06.955497,75359,16.03,16.02,700,1114,255,-545
363,BE,2020-10-02,0 days 15:57:07.955103,75314,16.03,16.02,700,1414,-845,255
364,BE,2020-10-02,0 days 15:59:45.959018,122581,16.01,15.99,4987,600,334,-1486
365,BE,2020-10-02,0 days 15:59:48.960636,120735,16.0,15.98,4809,700,-846,1654
366,BEN,2020-10-02,0 days 15:55:23.337593,119857,20.53,20.52,3862,4791,-63,395
367,BEN,2020-10-02,0 days 15:56:35.340140,127596,20.53,20.52,2247,5639,3114,-982
368,BEN,2020-10-02,0 days 15:56:36.340035,124657,20.54,20.53,2904,7657,-2939,3114
369,BEN,2020-10-02,0 days 15:57:20.341318,131756,20.54,20.53,5760,2413,901,-599
370,BEN,2020-10-02,0 days 15:57:40.340461,135256,20.54,20.53,7215,3105,501,-1199
371,BEN,2020-10-02,0 days 15:57:41.340637,135157,20.54,20.53,5855,3005,-99,501
372,BEN,2020-10-02,0 days 15:58:27.342059,135961,20.54,20.53,3684,4878,251,-1649
373,BEN,2020-10-02,0 days 15:58:28.343077,134312,20.54,20.53,4717,4178,-1649,251
374,BEN,2020-10-02,0 days 15:59:06.343513,137100,20.54,20.53,4456,1713,6920,-1510
375,BHC,2020-10-02,0 days 15:55:00.954893,58616,15.78,15.77,3845,4742,-6318,12975
376,BHC,2020-10-02,0 days 15:55:01.951658,55634,15.78,15.77,4845,4542,2982,-6318
377,BHC,2020-10-02,0 days 15:57:09.955921,68810,15.79,15.78,8764,1430,-889,2565
378,BHC,2020-10-02,0 days 15:57:10.957281,65699,15.79,15.78,8669,1547,1625,-889
379,BIG,2020-10-02,0 days 15:55:00.953828,132406,45.56,45.53,618,143,-36638,44027
380,BIG,2020-10-02,0 days 15:55:01.951067,130544,45.56,45.5,100,1865,1862,-36638
381,BIG,2020-10-02,0 days 15:57:36.956739,136272,45.53,45.49,1428,360,-188,1012
382,BIG,2020-10-02,0 days 15:57:37.956672,135260,45.53,45.49,828,248,1012,-188
383,BIG,2020-10-02,0 days 15:57:39.956472,136272,45.53,45.49,902,591,-188,1012
384,BIG,2020-10-02,0 days 15:57:40.956563,135260,45.53,45.49,1036,591,1012,-188
385,BIG,2020-10-02,0 days 15:58:57.959067,135344,45.55,45.52,543,776,760,-1839
386,BIG,2020-10-02,0 days 15:59:09.960329,136104,45.58,45.55,426,200,-35,365
387,BKR,2020-10-02,0 days 15:56:35.245567,390006,12.68,12.67,5500,7172,-5026,2574
388,BKR,2020-10-02,0 days 15:56:36.245467,379632,12.68,12.67,6476,6472,12874,-5026
389,BKR,2020-10-02,0 days 15:59:06.248943,469612,12.66,12.65,10695,3775,-6273,14422
390,BKR,2020-10-02,0 days 15:59:31.245329,472433,12.65,12.64,13585,3655,-20671,2952
391,BKR,2020-10-02,0 days 15:59:32.245460,467404,12.65,12.64,15143,3011,2329,-20671
392,BMY,2020-10-02,0 days 15:59:20.334756,1375697,58.78,58.77,2887,700,-48241,14788
393,BMY,2020-10-02,0 days 15:59:34.333851,1472544,58.76,58.75,2349,759,-24578,7060
394,BMY,2020-10-02,0 days 15:59:43.333763,1496994,58.74,58.73,4500,400,13612,-4532
395,BNS,2020-10-02,0 days 15:55:01.951528,17679,42.07,42.06,1657,2550,-22782,6418
396,BNS,2020-10-02,0 days 15:55:02.950887,16661,42.07,42.06,3057,850,1018,-22782
397,BNS,2020-10-02,0 days 15:57:31.956801,18284,42.06,42.05,7451,1500,-175,425
398,BNS,2020-10-02,0 days 15:57:32.956994,17459,42.05,42.04,1451,4000,825,-175
399,BP,2020-10-02,0 days 15:55:00.839226,154231,16.84,16.83,64286,33481,-137498,80064
400,BP,2020-10-02,0 days 15:55:01.837867,145529,16.84,16.83,59089,36891,8702,-137498
401,BP,2020-10-02,0 days 15:56:16.840690,177973,16.84,16.83,65038,42515,-254,1646
402,BP,2020-10-02,0 days 15:57:13.842731,178253,16.85,16.84,49812,24205,220,-80
403,BP,2020-10-02,0 days 15:59:05.847971,176503,16.85,16.84,21577,57124,140,-33452
404,BP,2020-10-02,0 days 15:59:45.848417,190661,16.85,16.84,19309,92833,-2205,5425
405,BRFS,2020-10-02,0 days 15:59:35.847163,68137,3.21,3.2,58827,131070,-1948,27652
406,BRFS,2020-10-02,0 days 15:59:36.847367,66885,3.21,3.2,58959,131784,1252,-1948
407,BRFS,2020-10-02,0 days 15:59:46.848462,68137,3.21,3.2,82749,109834,-19993,202
408,BRFS,2020-10-02,0 days 15:59:47.847509,67930,3.21,3.2,89749,109684,207,-19993
409,BRK.B,2020-10-02,0 days 15:55:00.231697,318077,211.55,211.49,100,301,-49843,19932
410,BRK.B,2020-10-02,0 days 15:55:19.232864,368015,211.34,211.23,319,100,2156,-890
411,BRK.B,2020-10-02,0 days 15:55:20.231655,363210,211.33,211.24,298,100,-4805,2156
412,BRK.B,2020-10-02,0 days 15:56:06.233850,372879,211.32,211.18,320,200,1192,-3067
413,BRK.B,2020-10-02,0 days 15:56:08.233190,367921,211.3,211.18,200,200,-4958,2393
414,BRK.B,2020-10-02,0 days 15:56:11.234205,372879,211.3,211.22,101,234,2131,-5482
415,BRK.B,2020-10-02,0 days 15:56:12.233874,370176,211.38,211.31,100,203,-2703,2131
416,BRK.B,2020-10-02,0 days 15:56:44.234098,377538,211.37,211.32,759,123,573,-878
417,BRK.B,2020-10-02,0 days 15:56:45.235180,371160,211.37,211.32,400,326,-6378,573
418,BRK.B,2020-10-02,0 days 15:57:13.236502,377618,211.33,211.19,237,200,296,-2067
419,BRK.B,2020-10-02,0 days 15:57:14.236033,375351,211.33,211.19,237,200,-2267,296
420,BRK.B,2020-10-02,0 days 15:57:44.237675,377627,211.24,211.14,626,1500,879,-4103
421,BRK.B,2020-10-02,0 days 15:58:10.239423,389207,211.15,211.08,100,208,-2299,13786
422,BRK.B,2020-10-02,0 days 15:58:11.239123,383006,211.15,211.04,100,100,6115,-2299
423,BRK.B,2020-10-02,0 days 15:58:22.239737,383006,211.13,211.03,200,100,14370,-6499
424,BRK.B,2020-10-02,0 days 15:58:24.240327,395692,211.13,211.03,400,1500,-214,1470
425,BRK.B,2020-10-02,0 days 15:58:25.240108,394506,211.13,211.03,400,1500,44701,-214
426,BRK.B,2020-10-02,0 days 15:59:04.242303,390191,211.35,211.26,100,118,-38935,13633
427,BRK.B,2020-10-02,0 days 15:59:06.242145,386126,211.35,211.19,981,400,6370,-5753
428,BRK.B,2020-10-02,0 days 15:59:11.242527,395434,211.31,211.19,200,400,-29017,60861
429,BRK.B,2020-10-02,0 days 15:59:13.243043,393351,211.31,211.21,150,300,306,-1107
430,BRK.B,2020-10-02,0 days 15:59:20.244948,394836,211.25,211.19,100,200,-68205,13122
431,BRK.B,2020-10-02,0 days 15:59:24.242430,455247,211.19,211.04,200,300,-28938,34396
432,BRK.B,2020-10-02,0 days 15:59:31.242933,471385,211.11,211.04,160,200,36866,-21921
433,BRK.B,2020-10-02,0 days 15:59:32.243167,456617,211.15,211.04,260,741,-48968,36866
434,BRK.B,2020-10-02,0 days 15:59:35.242613,471485,211.1,211.02,100,1500,36766,-15168
435,BRK.B,2020-10-02,0 days 15:59:36.242803,449464,211.21,211.15,100,300,-56921,36766
436,BRK.B,2020-10-02,0 days 15:59:43.242346,471385,211.15,211.05,200,700,40501,-21252
437,BRK.B,2020-10-02,0 days 15:59:48.244044,508936,211.16,211.04,100,505,-1469,5381
438,BRK.B,2020-10-02,0 days 15:59:49.244084,507605,211.16,211.04,100,405,1281,-1469
439,BRK.B,2020-10-02,0 days 15:59:56.247189,507605,211.12,211.05,100,500,1281,-57972
440,BRK.B,2020-10-02,0 days 15:59:57.246717,449547,211.15,211.05,100,1500,-58058,1281
441,BRX,2020-10-02,0 days 15:59:46.335105,490070,12.46,12.45,5445,7055,-22455,4993
442,BSX,2020-10-02,0 days 15:55:01.230681,393188,38.58,38.57,2763,2432,3086,-12214
443,BSX,2020-10-02,0 days 15:56:02.232971,410294,38.53,38.52,3834,2352,-1231,4876
444,BSX,2020-10-02,0 days 15:56:03.232890,406725,38.53,38.52,3934,1800,3569,-1231
445,BSX,2020-10-02,0 days 15:56:38.233871,416150,38.56,38.55,3525,854,-2452,3982
446,BSX,2020-10-02,0 days 15:56:39.233852,412802,38.56,38.55,3525,1000,3348,-2452
447,BSX,2020-10-02,0 days 15:57:07.235097,416150,38.55,38.54,1898,3554,-2568,3866
448,BSX,2020-10-02,0 days 15:57:08.235115,412818,38.55,38.54,1998,3500,3332,-2568
449,BSX,2020-10-02,0 days 15:57:37.236401,422173,38.54,38.53,3715,1710,-445,955
450,BSX,2020-10-02,0 days 15:57:38.236635,418718,38.54,38.53,3616,1610,3455,-445
451,BSX,2020-10-02,0 days 15:57:40.236359,422173,38.54,38.53,455,3666,-245,3455
452,BSX,2020-10-02,0 days 15:57:42.236426,414118,38.54,38.53,381,3910,8055,-245
453,BSX,2020-10-02,0 days 15:57:47.238176,422173,38.55,38.54,1839,3026,-595,1305
454,BSX,2020-10-02,0 days 15:57:48.236909,419068,38.55,38.54,1939,3226,3105,-595
455,BSX,2020-10-02,0 days 15:58:08.238156,402662,38.57,38.56,3130,3871,-508,6592
456,BSX,2020-10-02,0 days 15:58:10.238319,401470,38.57,38.55,7905,3000,1192,-1408
457,BSX,2020-10-02,0 days 15:58:15.239400,402662,38.56,38.55,2930,2056,-808,1192
458,BSX,2020-10-02,0 days 15:58:16.238499,398870,38.56,38.55,2717,3156,3792,-808
459,BSX,2020-10-02,0 days 15:58:28.239313,402662,38.55,38.54,3544,910,-8,1192
460,BSX,2020-10-02,0 days 15:58:32.239254,402323,38.54,38.53,3285,1092,339,-5461
461,BSX,2020-10-02,0 days 15:58:42.239305,402662,38.55,38.54,5174,900,-407,84
462,BSX,2020-10-02,0 days 15:58:43.239801,402469,38.55,38.54,4806,400,193,-407
463,BSX,2020-10-02,0 days 15:58:55.240147,402732,38.56,38.55,4300,600,-137,93
464,BSX,2020-10-02,0 days 15:58:56.239828,402169,38.55,38.54,1800,3513,563,-137
465,BSX,2020-10-02,0 days 15:58:57.240223,402732,38.55,38.54,2500,3113,-2603,563
466,BSX,2020-10-02,0 days 15:58:58.240117,400435,38.55,38.54,2600,2913,2297,-2603
467,BSX,2020-10-02,0 days 15:59:01.240846,402742,38.55,38.54,1015,3813,-1204,1686
468,BSX,2020-10-02,0 days 15:59:13.241765,419981,38.53,38.52,3301,1000,-14,6190
469,BSX,2020-10-02,0 days 15:59:20.243693,469469,38.51,38.5,2408,2000,-4497,2003
470,BSX,2020-10-02,0 days 15:59:30.244284,489470,38.49,38.48,3558,200,2318,-5496
471,BSX,2020-10-02,0 days 15:59:31.241595,485488,38.48,38.47,1200,2184,-3982,2318
472,BTU,2020-10-02,0 days 15:55:00.838873,26948,2.39,2.38,10511,2562,-9386,12062
473,BTU,2020-10-02,0 days 15:55:01.837568,26134,2.39,2.38,10822,2562,814,-9386
474,BWA,2020-10-02,0 days 15:55:00.953492,174283,39.16,39.15,911,703,39021,-45047
475,BWA,2020-10-02,0 days 15:55:02.950640,173304,39.17,39.16,410,600,-979,32221
476,BWA,2020-10-02,0 days 15:55:19.952084,174581,39.22,39.21,1743,204,143,-1377
477,BWA,2020-10-02,0 days 15:55:20.952090,173724,39.22,39.2,1643,1306,-857,143
478,BWA,2020-10-02,0 days 15:55:54.953697,183291,39.23,39.22,700,540,794,-67
479,BWA,2020-10-02,0 days 15:57:24.956307,188187,39.22,39.21,899,1008,-859,641
480,BWA,2020-10-02,0 days 15:57:25.956464,187546,39.22,39.21,1199,708,641,-859
481,BWA,2020-10-02,0 days 15:57:33.956524,188187,39.22,39.21,603,1990,-1159,541
482,BWA,2020-10-02,0 days 15:57:34.957308,187946,39.22,39.21,703,1690,241,-1159
483,BWA,2020-10-02,0 days 15:57:48.956786,193746,39.24,39.23,109,1708,651,-1859
484,BWA,2020-10-02,0 days 15:59:00.959673,193640,39.23,39.22,562,2300,495,-373
485,BX,2020-10-02,0 days 15:56:23.234959,77090,53.78,53.76,100,600,1311,-18289
486,BX,2020-10-02,0 days 15:59:13.243332,83506,53.72,53.7,100,400,-682,2157
487,BX,2020-10-02,0 days 15:59:15.242403,81544,53.72,53.7,179,400,1962,-682
488,BX,2020-10-02,0 days 15:59:46.244800,84129,53.75,53.72,500,386,-388,1685
489,BX,2020-10-02,0 days 15:59:48.244580,82917,53.75,53.72,500,300,1212,-388
490,C,2020-10-02,0 days 15:59:45.253696,963824,43.68,43.67,8439,2967,1805,-28907
491,C,2020-10-02,0 days 15:59:48.254079,969206,43.68,43.67,7921,2973,662,-10829
492,C,2020-10-02,0 days 15:59:51.255184,967378,43.65,43.64,9041,2200,25989,-2235
493,CAG,2020-10-02,0 days 15:55:00.953593,304391,36.96,36.95,1521,2450,-62561,47661
494,CAG,2020-10-02,0 days 15:58:13.957237,440774,36.88,36.87,2596,700,150,-16046
495,CAG,2020-10-02,0 days 15:58:15.957191,428024,36.88,36.87,1670,922,-12750,150
496,CAG,2020-10-02,0 days 15:59:00.959709,444869,36.89,36.88,2069,2505,1180,-10408
497,CAG,2020-10-02,0 days 15:59:17.957685,436132,36.88,36.86,6011,400,13005,-3172
498,CAG,2020-10-02,0 days 15:59:18.957407,429337,36.88,36.86,4112,500,-4495,13005
499,CAG,2020-10-02,0 days 15:59:44.957982,436996,36.88,36.87,3167,300,697,-1473
500,CAG,2020-10-02,0 days 15:59:54.960492,434696,36.87,36.86,2100,333,973,-1427
501,CAG,2020-10-02,0 days 15:59:55.960420,435669,36.9,36.88,400,800,-1427,973
502,CAT,2020-10-02,0 days 15:55:01.232012,205091,149.99,149.94,400,400,-2149,4151
503,CAT,2020-10-02,0 days 15:55:07.232643,207305,149.89,149.85,400,121,226,-4442
504,CAT,2020-10-02,0 days 15:55:08.232110,205231,149.89,149.85,300,211,-2074,226
505,CAT,2020-10-02,0 days 15:59:05.242295,229541,149.98,149.95,200,100,3507,-7041
506,CAT,2020-10-02,0 days 15:59:06.242450,228117,149.98,149.92,300,100,-1739,3507
507,CCC,2020-10-02,0 days 15:57:47.239516,48188,32.55,32.47,900,400,-1035,765
508,CCC,2020-10-02,0 days 15:57:48.238140,46223,32.55,32.47,900,387,1965,-1035
509,CCC,2020-10-02,0 days 15:59:48.244319,47374,32.55,32.42,600,800,708,-3792
510,CCJ,2020-10-02,0 days 15:56:32.228942,76112,9.74,9.73,14952,7865,-1324,76
511,CCJ,2020-10-02,0 days 15:56:33.229184,72236,9.74,9.73,14952,7665,3876,-1324
512,CCJ,2020-10-02,0 days 15:58:01.233563,79347,9.75,9.74,24800,7953,-14,1951
513,CCJ,2020-10-02,0 days 15:58:07.235676,74861,9.75,9.74,20800,13553,3212,-14
514,CCL,2020-10-02,0 days 15:56:30.349273,406838,15.19,15.18,12111,13821,-3745,355
515,CCL,2020-10-02,0 days 15:56:31.349118,401683,15.19,15.18,13011,13367,5155,-3745
516,CCL,2020-10-02,0 days 15:59:16.346032,458436,15.18,15.17,21137,16340,-19343,7497
517,CCL,2020-10-02,0 days 15:59:17.345744,453579,15.18,15.17,19337,13867,5010,-19343
518,CCL,2020-10-02,0 days 15:59:19.346563,480189,15.18,15.17,24572,5566,-10251,5010
519,CCL,2020-10-02,0 days 15:59:28.346063,476789,15.18,15.17,29421,8490,-1421,10379
520,CCXX,2020-10-02,0 days 15:55:00.954168,12932,9.9,9.89,3065,2301,-10680,12910
521,CCXX,2020-10-02,0 days 15:55:01.951225,11812,9.9,9.89,3958,2601,1120,-10680
522,CCXX,2020-10-02,0 days 15:59:46.958616,12976,9.9,9.88,200,2100,-145,1055
523,CCXX,2020-10-02,0 days 15:59:48.960726,12421,9.9,9.88,200,2100,555,-145
524,CDE,2020-10-02,0 days 15:55:00.100779,102508,7.46,7.45,5160,7532,-87722,23108
525,CDE,2020-10-02,0 days 15:55:01.100595,99430,7.46,7.45,5160,8042,3078,-87722
526,CDE,2020-10-02,0 days 15:55:49.102928,102708,7.45,7.44,5913,11453,-508,3592
527,CDE,2020-10-02,0 days 15:55:50.102760,99416,7.45,7.44,6213,11453,3298,-508
528,CDE,2020-10-02,0 days 15:55:55.103080,102714,7.45,7.44,6313,11016,-3248,2928
529,CDE,2020-10-02,0 days 15:55:56.103060,100062,7.46,7.45,9019,10240,2652,-3248
530,CDE,2020-10-02,0 days 15:59:13.110758,130639,7.45,7.44,8033,8919,-1480,2656
531,CFG,2020-10-02,0 days 15:55:49.348351,272674,26.21,26.2,2649,3747,-2006,394
532,CFG,2020-10-02,0 days 15:55:50.348165,272380,26.21,26.2,2249,3547,294,-2006
533,CFG,2020-10-02,0 days 15:55:55.348849,272951,26.21,26.2,2249,3549,-131,294
534,CFG,2020-10-02,0 days 15:55:56.348592,272682,26.21,26.2,2950,3449,269,-131
535,CFG,2020-10-02,0 days 15:56:04.348746,273329,26.21,26.2,5668,1373,-174,347
536,CFG,2020-10-02,0 days 15:56:05.349016,273103,26.21,26.2,5768,1206,226,-174
537,CFG,2020-10-02,0 days 15:56:10.349438,273652,26.21,26.2,2868,2984,-301,226
538,CFG,2020-10-02,0 days 15:56:11.349191,273453,26.21,26.2,2368,3715,499,-301
539,CFG,2020-10-02,0 days 15:57:18.350295,274364,26.24,26.23,5394,1086,2002,-2098
540,CFG,2020-10-02,0 days 15:57:25.350132,276366,26.24,26.23,4897,2196,-6998,2002
541,CFG,2020-10-02,0 days 15:57:26.349989,274364,26.24,26.23,4997,996,2002,-6998
542,CFG,2020-10-02,0 days 15:57:28.349696,276366,26.24,26.23,4997,1464,-4198,2002
543,CFG,2020-10-02,0 days 15:57:29.349754,274364,26.24,26.23,5297,1064,2002,-4198
544,CFG,2020-10-02,0 days 15:57:34.350484,276366,26.24,26.23,4897,1164,-698,2002
545,CFG,2020-10-02,0 days 15:57:54.350633,276766,26.23,26.22,3073,4418,-2198,902
546,CFG,2020-10-02,0 days 15:57:55.351609,278964,26.23,26.22,3573,3561,2202,-2198
547,CFG,2020-10-02,0 days 15:57:56.350722,276766,26.23,26.22,3473,2961,-2198,2202
548,CFG,2020-10-02,0 days 15:57:58.351214,278964,26.23,26.22,3573,3589,2402,-2198
549,CFG,2020-10-02,0 days 15:57:59.351190,276766,26.23,26.22,3272,3689,-2198,2402
550,CFG,2020-10-02,0 days 15:58:28.355045,280932,26.24,26.23,5451,4180,1674,-1126
551,CFG,2020-10-02,0 days 15:58:29.353492,279806,26.24,26.23,4752,4030,-1126,1674
552,CFG,2020-10-02,0 days 15:59:28.346076,315823,26.21,26.2,4694,1801,-1352,10548
553,CFG,2020-10-02,0 days 15:59:43.346047,318725,26.22,26.21,6480,493,24,-1381
554,CFG,2020-10-02,0 days 15:59:45.348238,318749,26.22,26.21,6580,825,-76,24
555,CFG,2020-10-02,0 days 15:59:46.347157,318825,26.21,26.2,6300,1920,4338,-76
556,CGC,2020-10-02,0 days 15:56:16.257141,32737,14.04,14.03,1868,2385,-376,1524
557,CGC,2020-10-02,0 days 15:56:17.255924,32113,14.04,14.03,1868,2385,624,-376
558,CGC,2020-10-02,0 days 15:57:09.253807,34283,14.04,14.03,1383,2399,-430,624
559,CGC,2020-10-02,0 days 15:57:10.254233,33513,14.04,14.03,1383,2599,189,-430
560,CGC,2020-10-02,0 days 15:57:11.254532,34669,14.04,14.03,1483,2498,-1044,189
561,CGC,2020-10-02,0 days 15:59:44.252461,38753,14.06,14.05,2100,900,381,-4919
562,CHWY,2020-10-02,0 days 15:55:00.252077,35368,56.73,56.69,613,300,645,-1544
563,CHWY,2020-10-02,0 days 15:56:34.257067,37060,56.9,56.86,526,200,690,-410
564,CHWY,2020-10-02,0 days 15:57:45.255366,37750,56.69,56.64,1176,100,-4376,924
565,CHWY,2020-10-02,0 days 15:57:46.254867,37626,56.69,56.64,1076,100,124,-4376
566,CHWY,2020-10-02,0 days 15:58:02.251317,36383,56.74,56.72,100,416,-643,117
567,CHWY,2020-10-02,0 days 15:59:11.252898,36239,56.65,56.61,100,100,152,-348
568,CHWY,2020-10-02,0 days 15:59:42.252891,37144,56.64,56.51,100,200,8981,-353
569,CHX,2020-10-02,0 days 15:55:49.234304,186482,8.26,8.25,2354,1891,2423,-2377
570,CHX,2020-10-02,0 days 15:55:50.233971,185005,8.26,8.25,2119,1882,-1477,2423
571,CHX,2020-10-02,0 days 15:55:55.234228,190882,8.26,8.25,2019,2338,500,-200
572,CHX,2020-10-02,0 days 15:56:35.235408,192024,8.26,8.25,754,2952,-775,25
573,CHX,2020-10-02,0 days 15:56:36.235433,191599,8.26,8.25,654,2952,25,-775
574,CHX,2020-10-02,0 days 15:58:05.239237,194399,8.26,8.25,2723,819,661,-1239
575,CHX,2020-10-02,0 days 15:58:06.239234,195060,8.26,8.25,2723,819,-39,661
576,CHX,2020-10-02,0 days 15:58:07.239146,194399,8.26,8.25,3279,819,661,-39
577,CIG,2020-10-02,0 days 15:56:44.230199,285979,1.85,1.84,59218,142290,-789,4411
578,CIG,2020-10-02,0 days 15:56:45.230246,276668,1.85,1.84,59218,142290,9311,-789
579,CIG,2020-10-02,0 days 15:56:57.230464,285979,1.85,1.84,66282,137637,-5689,9311
580,CIG,2020-10-02,0 days 15:56:58.230440,278168,1.85,1.84,66282,138137,7811,-5689
581,CIG,2020-10-02,0 days 15:59:01.237425,285979,1.85,1.84,48339,202154,-42589,54511
582,CIG,2020-10-02,0 days 15:59:02.236708,281968,1.85,1.84,48339,202154,4011,-42589
583,CIG,2020-10-02,0 days 15:59:04.237225,285979,1.85,1.84,48339,202104,-23677,4011
584,CIG,2020-10-02,0 days 15:59:05.236372,259356,1.85,1.84,48339,201654,26623,-23677
585,CIG,2020-10-02,0 days 15:59:36.238566,285979,1.85,1.84,48356,201451,-20633,24467
586,CIG,2020-10-02,0 days 15:59:37.237905,284712,1.85,1.84,64356,179288,1267,-20633
587,CIM,2020-10-02,0 days 15:59:16.243248,108490,8.48,8.47,9059,19760,-39414,812
588,CIT,2020-10-02,0 days 15:56:11.103264,95871,19.21,19.2,948,2123,-2336,664
589,CIT,2020-10-02,0 days 15:56:12.105864,95407,19.21,19.2,830,2923,464,-2336
590,CIT,2020-10-02,0 days 15:56:35.104364,95871,19.23,19.22,1234,1549,-736,364
591,CIT,2020-10-02,0 days 15:57:22.105363,96707,19.21,19.2,3275,286,1768,-832
592,CIT,2020-10-02,0 days 15:57:26.105035,100589,19.21,19.2,3159,386,-2818,168
593,CIT,2020-10-02,0 days 15:57:27.105255,100307,19.21,19.2,5041,111,282,-2818
594,CIT,2020-10-02,0 days 15:58:06.107287,101127,19.24,19.23,809,248,485,-915
595,CIT,2020-10-02,0 days 15:58:22.107786,101612,19.24,19.22,3093,700,-115,1159
596,CIT,2020-10-02,0 days 15:58:23.107908,101227,19.24,19.22,3073,700,385,-115
597,CIT,2020-10-02,0 days 15:59:02.109868,101877,19.24,19.23,2962,548,-350,685
598,CIT,2020-10-02,0 days 15:59:03.112000,101727,19.24,19.22,2750,1038,150,-350
599,CIT,2020-10-02,0 days 15:59:11.110637,101940,19.24,19.22,1650,1100,-165,113
600,CIT,2020-10-02,0 days 15:59:23.110084,124476,19.21,19.2,2350,300,2138,-736
601,CIT,2020-10-02,0 days 15:59:24.110491,123114,19.21,19.2,2350,300,-1362,2138
602,CL,2020-10-02,0 days 15:55:00.099942,218090,77.51,77.5,500,260,-3639,17585
603,CL,2020-10-02,0 days 15:55:01.100385,217429,77.51,77.5,1200,223,661,-3639
604,CL,2020-10-02,0 days 15:56:00.103124,235536,77.48,77.47,800,595,-1781,1219
605,CL,2020-10-02,0 days 15:56:01.104236,234617,77.46,77.45,310,505,919,-1781
606,CL,2020-10-02,0 days 15:56:28.103336,239382,77.5,77.49,1090,100,-2160,1240
607,CL,2020-10-02,0 days 15:56:29.103442,238018,77.5,77.48,1090,1100,1364,-2160
608,CL,2020-10-02,0 days 15:57:01.104734,233548,77.47,77.46,510,200,-711,2189
609,CL,2020-10-02,0 days 15:57:02.104251,232859,77.47,77.45,1110,345,689,-711
610,CL,2020-10-02,0 days 15:57:30.105655,241096,77.48,77.46,1100,587,-2249,751
611,CL,2020-10-02,0 days 15:57:31.105547,240045,77.48,77.46,1010,1487,1051,-2249
612,CL,2020-10-02,0 days 15:57:36.105360,245896,77.48,77.46,810,2295,-649,1451
613,CL,2020-10-02,0 days 15:57:37.105876,244445,77.48,77.46,810,2298,1451,-649
614,CL,2020-10-02,0 days 15:57:48.106452,249496,77.48,77.47,190,900,-1279,1021
615,CL,2020-10-02,0 days 15:57:49.106064,247775,77.48,77.47,190,1303,1721,-1279
616,CL,2020-10-02,0 days 15:57:51.106515,249496,77.48,77.47,190,1103,-1179,1721
617,CL,2020-10-02,0 days 15:57:52.106985,247775,77.48,77.47,190,1303,1721,-1179
618,CL,2020-10-02,0 days 15:58:00.108665,250196,77.48,77.47,590,1705,-116,3821
619,CL,2020-10-02,0 days 15:58:01.107437,241812,77.48,77.47,1800,563,980,-116
620,CL,2020-10-02,0 days 15:58:05.107239,242792,77.49,77.47,1201,1467,-3747,1153
621,CL,2020-10-02,0 days 15:58:06.107272,241639,77.48,77.47,163,1667,1153,-3747
622,CL,2020-10-02,0 days 15:59:03.111941,244353,77.47,77.46,500,301,813,-4002
623,CL,2020-10-02,0 days 15:59:09.110132,244942,77.46,77.45,204,700,-5747,1226
624,CL,2020-10-02,0 days 15:59:10.110100,244816,77.46,77.45,804,400,126,-5747
625,CL,2020-10-02,0 days 15:59:12.110474,244948,77.46,77.45,1104,110,-207,159
626,CLF,2020-10-02,0 days 15:58:48.846009,669556,7.04,7.03,45625,14895,-922,565
627,CLF,2020-10-02,0 days 15:58:54.846033,659077,7.04,7.03,9199,27595,10479,-922
628,CLF,2020-10-02,0 days 15:59:19.847806,663228,7.05,7.04,57267,6497,-4419,998
629,CLNY,2020-10-02,0 days 15:59:16.245453,213153,2.81,2.8,19341,32394,-81417,8052
630,CLNY,2020-10-02,0 days 15:59:17.245090,199370,2.81,2.8,19341,32421,12083,-81417
631,CLNY,2020-10-02,0 days 15:59:36.245924,211453,2.81,2.8,37446,34023,-1999,2501
632,CLNY,2020-10-02,0 days 15:59:37.245716,211252,2.81,2.8,37846,28521,201,-1999
633,CLNY,2020-10-02,0 days 15:59:40.245752,211453,2.81,2.8,37846,28494,-1549,201
634,CLNY,2020-10-02,0 days 15:59:41.245492,211402,2.81,2.8,37846,28494,51,-1549
635,CLNY,2020-10-02,0 days 15:59:45.247207,211453,2.81,2.8,34246,25694,-7949,51
636,CLR,2020-10-02,0 days 15:59:15.247604,116301,12.3,12.29,3309,1291,-398,1501
637,CLR,2020-10-02,0 days 15:59:21.245285,116301,12.3,12.29,3109,900,-3434,5291
638,CLR,2020-10-02,0 days 15:59:22.244596,114835,12.3,12.29,3109,400,1466,-3434
639,CNC,2020-10-02,0 days 15:55:01.345828,254388,60.03,60.02,300,410,386,-47814
640,CNC,2020-10-02,0 days 15:55:14.346164,255074,60.0,59.99,400,510,-43586,6414
641,CNC,2020-10-02,0 days 15:55:15.346146,234860,60.0,59.99,400,110,20214,-43586
642,CNC,2020-10-02,0 days 15:57:44.350870,283995,60.03,60.0,375,500,-4,20096
643,CNC,2020-10-02,0 days 15:57:47.350805,283324,60.04,60.02,559,420,671,-704
644,CNC,2020-10-02,0 days 15:58:12.352364,280074,60.02,60.01,1100,210,-1456,1644
645,CNC,2020-10-02,0 days 15:58:13.352518,278330,60.02,60.01,1000,210,1744,-1456
646,CNC,2020-10-02,0 days 15:58:28.354998,330174,60.0,59.99,810,375,-8456,51744
647,CNC,2020-10-02,0 days 15:58:29.353437,324705,59.98,59.97,500,100,5469,-8456
648,CNC,2020-10-02,0 days 15:58:45.353781,280174,60.06,60.03,936,200,-266,1634
649,CNC,2020-10-02,0 days 15:58:48.353665,278540,60.02,60.0,300,400,1634,-266
650,CNC,2020-10-02,0 days 15:59:03.354736,280684,60.05,60.03,109,617,-3489,111
651,CNC,2020-10-02,0 days 15:59:22.346077,281892,60.01,60.0,108,100,-12283,37717
652,CNK,2020-10-02,0 days 15:55:00.954858,101760,10.13,10.12,2666,4940,-53133,69754
653,CNK,2020-10-02,0 days 15:55:02.950887,96393,10.13,10.12,2817,5190,5367,-7433
654,CNK,2020-10-02,0 days 15:58:08.957506,122158,10.12,10.11,3280,2365,4657,-143
655,CNK,2020-10-02,0 days 15:58:27.957921,133951,10.1,10.09,4471,1000,-3908,16228
656,CNK,2020-10-02,0 days 15:58:28.957928,129659,10.1,10.09,4573,800,4292,-3908
657,CNK,2020-10-02,0 days 15:59:15.958466,134354,10.1,10.09,9602,857,-24772,681
658,CNK,2020-10-02,0 days 15:59:16.961602,133626,10.1,10.09,10102,357,728,-24772
659,CNK,2020-10-02,0 days 15:59:22.957673,134354,10.1,10.09,10692,3876,-1229,3228
660,CNK,2020-10-02,0 days 15:59:35.958323,134023,10.1,10.09,12307,1075,331,-6969
661,CNK,2020-10-02,0 days 15:59:46.958710,134354,10.1,10.09,11302,2565,-9406,331
662,CNP,2020-10-02,0 days 15:55:08.225929,190164,19.96,19.95,4907,10461,-73,584
663,CNP,2020-10-02,0 days 15:55:11.226457,185321,19.96,19.95,5507,8683,4843,-857
664,CNP,2020-10-02,0 days 15:59:47.237414,260100,19.93,19.92,6400,6268,-10325,4804
665,CNP,2020-10-02,0 days 15:59:48.241750,256325,19.93,19.92,6127,6468,3775,-10325
666,CNQ,2020-10-02,0 days 15:56:21.338967,35896,15.66,15.65,700,15110,1485,-1815
667,CNQ,2020-10-02,0 days 15:58:00.342265,32551,15.66,15.65,2423,11120,-3280,1650
668,CNQ,2020-10-02,0 days 15:58:01.341178,31731,15.66,15.65,2650,11620,820,-3280
669,CNQ,2020-10-02,0 days 15:59:01.344897,32484,15.66,15.65,13786,2050,-4428,7054
670,CNQ,2020-10-02,0 days 15:59:28.333434,42401,15.65,15.64,10138,2176,-2543,1157
671,CNQ,2020-10-02,0 days 15:59:29.333392,41544,15.65,15.64,10138,2076,857,-2543
672,CNQ,2020-10-02,0 days 15:59:46.335003,44415,15.64,15.63,2600,15705,-1844,771
673,CNQ,2020-10-02,0 days 15:59:47.334050,43759,15.64,15.63,3900,15005,656,-1844
674,CNX,2020-10-02,0 days 15:56:30.842100,290531,9.3,9.29,3365,9259,-32163,11337
675,CNX,2020-10-02,0 days 15:56:31.841050,278894,9.3,9.29,6221,5366,11637,-32163
676,CNX,2020-10-02,0 days 15:57:47.843542,296890,9.29,9.28,3874,5908,-6901,7099
677,CNX,2020-10-02,0 days 15:57:48.844070,285691,9.29,9.28,3941,5828,11199,-6901
678,CNX,2020-10-02,0 days 15:59:15.846483,300886,9.29,9.28,3021,7063,-38416,9216
679,CNX,2020-10-02,0 days 15:59:16.846797,295202,9.29,9.28,3221,6963,5962,-38416
680,CNX,2020-10-02,0 days 15:59:22.847068,301164,9.29,9.28,2825,7563,-985,5846
681,CNX,2020-10-02,0 days 15:59:31.847308,293149,9.29,9.28,3726,9967,8015,-64285
682,CNX,2020-10-02,0 days 15:59:47.847591,305691,9.29,9.28,3966,6351,1909,-7791
683,COF,2020-10-02,0 days 15:55:00.839096,107402,75.15,75.12,400,302,-29698,30618
684,COF,2020-10-02,0 days 15:55:55.840025,119310,75.14,75.13,702,805,7880,-854
685,COF,2020-10-02,0 days 15:57:20.842966,135498,75.16,75.15,300,100,-1264,1236
686,COF,2020-10-02,0 days 15:57:21.842747,133911,75.16,75.14,300,807,1587,-1264
687,COF,2020-10-02,0 days 15:58:21.845155,135198,75.13,75.11,400,100,-1415,185
688,COF,2020-10-02,0 days 15:58:23.844939,134313,75.12,75.09,350,200,885,-215
689,COF,2020-10-02,0 days 15:58:34.846469,135198,75.14,75.1,100,100,-1115,1685
690,COF,2020-10-02,0 days 15:58:35.845616,134313,75.12,75.09,423,230,885,-1115
691,COF,2020-10-02,0 days 15:59:06.847508,138383,75.09,75.06,100,100,-10327,688
692,COF,2020-10-02,0 days 15:59:39.847565,169362,74.98,74.97,565,220,1721,-1691
693,COF,2020-10-02,0 days 15:59:40.848058,168503,74.97,74.95,100,856,-256,1721
694,COF,2020-10-02,0 days 15:59:41.847395,168759,74.98,74.95,465,1156,144,-256
695,COF,2020-10-02,0 days 15:59:43.847752,167864,74.98,74.94,565,100,-895,1505
696,COF,2020-10-02,0 days 15:59:48.849665,172987,74.98,74.94,200,100,474,-1281
697,COF,2020-10-02,0 days 15:59:49.848810,172923,74.96,74.93,100,200,-64,474
698,COG,2020-10-02,0 days 15:55:56.244652,287256,16.99,16.98,2293,7635,-477,14301
699,COG,2020-10-02,0 days 15:56:00.244806,287733,16.99,16.98,2161,7503,308,-477
700,COG,2020-10-02,0 days 15:56:16.245939,288041,17.0,16.99,2883,9937,-1592,308
701,COG,2020-10-02,0 days 15:56:17.244821,276933,17.0,16.99,1983,10038,11108,-1592
702,COG,2020-10-02,0 days 15:59:44.245259,299102,17.03,17.02,9240,2758,770,-2030
703,COG,2020-10-02,0 days 15:59:47.246494,300136,17.02,17.01,1300,5283,-9793,1020
704,COP,2020-10-02,0 days 15:55:00.954714,383204,33.13,33.12,533,2239,11013,-19882
705,COP,2020-10-02,0 days 15:55:01.951484,375217,33.13,33.12,1213,2302,-7987,11013
706,COP,2020-10-02,0 days 15:59:08.960177,404679,33.11,33.1,783,1900,2916,-2884
707,COP,2020-10-02,0 days 15:59:10.960785,401995,33.11,33.1,1364,1400,-2684,3716
708,COP,2020-10-02,0 days 15:59:22.957649,447624,33.09,33.08,1850,300,606,-4161
709,COP,2020-10-02,0 days 15:59:25.959175,443730,33.09,33.08,2394,600,-3894,606
710,COP,2020-10-02,0 days 15:59:27.957575,447624,33.09,33.08,2320,300,2460,-181
711,COP,2020-10-02,0 days 15:59:28.957667,446184,33.09,33.08,1145,2372,-1754,2460
712,COP,2020-10-02,0 days 15:59:43.958391,447765,33.1,33.09,2000,200,-557,2143
713,COTY,2020-10-02,0 days 15:59:32.243221,422957,2.91,2.9,55038,91520,-30194,1907
714,COTY,2020-10-02,0 days 15:59:33.243028,407651,2.91,2.9,54823,91720,15306,-30194
715,CPB,2020-10-02,0 days 15:55:46.348259,146616,48.86,48.85,819,502,1849,-455
716,CPB,2020-10-02,0 days 15:55:51.347798,146616,48.86,48.85,728,500,551,-153
717,CPB,2020-10-02,0 days 15:55:53.348088,147405,48.86,48.85,928,500,-360,551
718,CPB,2020-10-02,0 days 15:56:18.349066,148161,48.86,48.85,357,800,543,-47
719,CPB,2020-10-02,0 days 15:56:20.349336,148704,48.87,48.85,1200,1075,-2157,443
720,CPB,2020-10-02,0 days 15:56:21.348791,148261,48.87,48.85,1400,1112,443,-2157
721,CPB,2020-10-02,0 days 15:56:47.350203,151564,48.87,48.85,1548,1364,-133,435
722,CPB,2020-10-02,0 days 15:57:03.349142,151697,48.83,48.82,1217,100,667,-133
723,CPB,2020-10-02,0 days 15:57:14.348605,155996,48.82,48.81,600,336,-101,399
724,CPB,2020-10-02,0 days 15:57:15.348474,155597,48.82,48.81,1410,236,399,-101
725,CPB,2020-10-02,0 days 15:57:34.350230,154785,48.84,48.83,1150,226,-1312,188
726,CPB,2020-10-02,0 days 15:57:43.350651,155996,48.84,48.82,500,856,-501,499
727,CPB,2020-10-02,0 days 15:57:53.350714,157596,48.83,48.81,300,600,-101,1199
728,CPB,2020-10-02,0 days 15:58:16.352334,157877,48.83,48.82,850,408,502,-198
729,CPB,2020-10-02,0 days 15:58:17.353315,157679,48.83,48.82,850,408,-198,502
730,CPB,2020-10-02,0 days 15:58:49.353779,157913,48.82,48.81,404,1040,39,-178
731,CPB,2020-10-02,0 days 15:58:50.353163,157752,48.82,48.81,604,679,-161,39
732,CPB,2020-10-02,0 days 15:59:00.356250,166007,48.82,48.81,697,304,703,-6997
733,CPB,2020-10-02,0 days 15:59:04.356482,166637,48.84,48.82,200,700,-1228,630
734,CPB,2020-10-02,0 days 15:59:42.346036,170645,48.84,48.83,595,214,245,-1655
735,CPRI,2020-10-02,0 days 15:55:00.838840,218222,18.51,18.5,1396,2244,21545,-35564
736,CPRI,2020-10-02,0 days 15:55:01.837568,213167,18.51,18.5,1768,2859,-3655,21545
737,CRK,2020-10-02,0 days 15:58:48.251749,47400,4.46,4.45,3271,3500,-1591,509
738,CRK,2020-10-02,0 days 15:59:19.254128,51172,4.46,4.45,4771,3577,4987,-1572
739,CRK,2020-10-02,0 days 15:59:20.252858,50459,4.46,4.45,1707,3918,-713,4987
740,CRK,2020-10-02,0 days 15:59:45.253916,52426,4.46,4.45,6344,4787,3925,-575
741,CRK,2020-10-02,0 days 15:59:46.254245,52051,4.46,4.45,6808,4787,-2170,3925
742,CRM,2020-10-02,0 days 15:59:20.243148,353349,248.27,248.25,200,100,-30331,413
743,CRM,2020-10-02,0 days 15:59:57.241834,388789,247.93,247.81,100,400,478,-1322
744,CTVA,2020-10-02,0 days 15:55:00.839700,599667,29.44,29.43,1940,1669,-109135,104968
745,CTVA,2020-10-02,0 days 15:55:54.841647,698887,29.44,29.43,1129,2700,45658,-8105
746,CTVA,2020-10-02,0 days 15:55:55.840188,695645,29.45,29.44,1100,2220,-4873,45658
747,CTVA,2020-10-02,0 days 15:59:12.847881,723873,29.48,29.46,2326,1300,3342,-358
748,CTVA,2020-10-02,0 days 15:59:13.848469,720615,29.47,29.46,300,2450,-3803,3342
749,CTVA,2020-10-02,0 days 15:59:45.848499,958549,29.39,29.37,5122,1800,-944,11502
750,CVE,2020-10-02,0 days 15:59:36.243062,65082,3.63,3.62,157476,157237,-41210,49190
751,CVE,2020-10-02,0 days 15:59:37.242990,63192,3.63,3.62,160376,142737,1890,-41210
752,CVS,2020-10-02,0 days 15:59:16.345902,663383,57.92,57.91,3300,1000,-235804,135923
753,CVS,2020-10-02,0 days 15:59:17.345628,796307,57.85,57.84,1100,1620,10228,-235804
754,CVS,2020-10-02,0 days 15:59:18.345146,787684,57.87,57.86,800,200,-8623,10228
755,CVS,2020-10-02,0 days 15:59:38.347850,838704,57.86,57.85,2064,900,3575,-11808
756,CVS,2020-10-02,0 days 15:59:45.348079,862034,57.86,57.84,3509,1000,-903,1827
757,CVS,2020-10-02,0 days 15:59:49.349066,864929,57.83,57.82,3608,800,2063,-5499
758,CVS,2020-10-02,0 days 15:59:50.349974,839292,57.82,57.81,3199,300,-25037,2063
759,CVX,2020-10-02,0 days 15:55:00.233003,602967,71.28,71.27,402,289,-16715,927
760,CVX,2020-10-02,0 days 15:55:55.234243,629817,71.26,71.25,606,776,3721,-2138
761,CVX,2020-10-02,0 days 15:55:56.234406,623483,71.26,71.25,507,1476,-6778,3721
762,CVX,2020-10-02,0 days 15:57:04.236137,686480,71.29,71.28,405,432,14707,-9993
763,CVX,2020-10-02,0 days 15:57:05.236094,678187,71.3,71.29,300,600,-8293,14707
764,CVX,2020-10-02,0 days 15:59:00.245869,691467,71.27,71.25,720,211,519,-6087
765,CVX,2020-10-02,0 days 15:59:10.242884,687794,71.26,71.24,1068,300,-2178,2215
766,CVX,2020-10-02,0 days 15:59:30.246018,795680,71.26,71.23,100,300,3355,-6094
767,CVX,2020-10-02,0 days 15:59:32.243356,790376,71.25,71.23,900,300,-3691,17709
768,CVX,2020-10-02,0 days 15:59:46.244739,804986,71.2,71.18,200,100,-1197,18723
769,CVX,2020-10-02,0 days 15:59:49.244449,802192,71.18,71.14,400,200,22269,-1605
770,CVX,2020-10-02,0 days 15:59:50.248930,802461,71.2,71.15,700,100,-4531,22269
771,CX,2020-10-02,0 days 15:59:36.333875,52288,3.77,3.76,100624,103344,8476,-10024
772,CX,2020-10-02,0 days 15:59:37.333523,51764,3.77,3.76,86692,110744,-524,8476
773,DAL,2020-10-02,0 days 15:55:51.348354,391922,31.76,31.75,808,9937,719,-1381
774,DAL,2020-10-02,0 days 15:56:15.349257,395626,31.76,31.75,8200,5872,-1590,3510
775,DAL,2020-10-02,0 days 15:56:16.349070,392516,31.76,31.75,9100,3913,3110,-1590
776,DAL,2020-10-02,0 days 15:57:26.349989,413977,31.78,31.77,5060,6300,-3466,1534
777,DAL,2020-10-02,0 days 15:57:27.350101,412343,31.78,31.77,4860,6900,1634,-3466
778,DAL,2020-10-02,0 days 15:57:49.351015,423277,31.82,31.81,6495,8099,-966,2334
779,DAL,2020-10-02,0 days 15:57:50.351189,418843,31.81,31.8,2308,7000,4434,-966
780,DAL,2020-10-02,0 days 15:58:08.352710,423277,31.81,31.8,4126,7440,-3083,1988
781,DAL,2020-10-02,0 days 15:58:09.352161,421060,31.81,31.8,4026,7029,2217,-3083
782,DAL,2020-10-02,0 days 15:58:28.355045,418777,31.82,31.81,5736,6589,-2983,5217
783,DAL,2020-10-02,0 days 15:58:29.353479,413960,31.83,31.82,6105,1100,4817,-2983
784,DAL,2020-10-02,0 days 15:59:08.355856,435906,31.79,31.78,5388,2200,-2470,5030
785,DAL,2020-10-02,0 days 15:59:09.355443,431476,31.79,31.78,5280,4308,4430,-2470
786,DAL,2020-10-02,0 days 15:59:16.346032,444410,31.79,31.77,10509,5908,-122185,4129
787,DAL,2020-10-02,0 days 15:59:19.346574,501014,31.77,31.76,3500,6325,-3981,3119
788,DAL,2020-10-02,0 days 15:59:30.346444,510455,31.76,31.75,5009,3000,6590,-2677
789,DAL,2020-10-02,0 days 15:59:31.347578,507245,31.75,31.74,3000,7736,-8666,6590
790,DB,2020-10-02,0 days 15:59:40.346428,62645,8.52,8.51,96206,26998,9001,-499
791,DB,2020-10-02,0 days 15:59:41.346463,62146,8.52,8.51,96107,26998,-499,9001
792,DB,2020-10-02,0 days 15:59:45.348249,62645,8.52,8.51,56319,26298,131,-569
793,DD,2020-10-02,0 days 15:55:00.101183,421208,54.87,54.86,666,2021,-13117,38974
794,DD,2020-10-02,0 days 15:59:05.110490,453478,54.95,54.93,600,616,280,-162
795,DD,2020-10-02,0 days 15:59:13.110772,449503,54.94,54.93,406,300,-4010,2417
796,DD,2020-10-02,0 days 15:59:30.114202,582374,54.84,54.82,1092,1300,8015,-2056
797,DD,2020-10-02,0 days 15:59:31.110883,581260,54.84,54.82,992,1100,-1114,8015
798,DD,2020-10-02,0 days 15:59:54.114716,583869,54.76,54.74,10412,300,3916,-5884
799,DFS,2020-10-02,0 days 15:56:01.234469,119873,60.93,60.91,100,600,-197,203
800,DFS,2020-10-02,0 days 15:56:02.234203,117970,60.93,60.91,901,300,1903,-197
801,DFS,2020-10-02,0 days 15:56:35.235408,120060,60.98,60.96,486,300,-99,892
802,DFS,2020-10-02,0 days 15:56:36.235433,118759,60.98,60.97,470,200,4501,-99
803,DFS,2020-10-02,0 days 15:56:47.235791,123260,61.02,61.0,300,400,-3051,1601
804,DFS,2020-10-02,0 days 15:56:48.235535,122511,61.06,61.04,303,365,749,-3051
805,DFS,2020-10-02,0 days 15:57:37.237692,124366,61.05,61.02,300,543,-53,747
806,DFS,2020-10-02,0 days 15:57:39.238157,124219,61.05,61.02,300,643,147,-253
807,DFS,2020-10-02,0 days 15:57:41.238007,124366,61.05,61.03,450,200,-153,447
808,DFS,2020-10-02,0 days 15:57:43.238318,123719,61.03,61.02,300,643,647,-53
809,DFS,2020-10-02,0 days 15:57:46.237827,124866,61.04,61.03,100,170,-453,547
810,DFS,2020-10-02,0 days 15:57:55.238610,126719,61.02,61.0,340,418,347,-153
811,DFS,2020-10-02,0 days 15:57:56.238499,127666,61.02,61.0,540,418,-53,347
812,DFS,2020-10-02,0 days 15:58:59.241694,128787,61.02,61.01,300,323,-173,269
813,DFS,2020-10-02,0 days 15:59:02.241682,130567,61.05,61.02,904,200,277,-1930
814,DFS,2020-10-02,0 days 15:59:06.242392,148853,61.04,61.02,300,100,-1047,315
815,DFS,2020-10-02,0 days 15:59:08.242302,152154,61.04,61.03,198,200,899,-2901
816,DFS,2020-10-02,0 days 15:59:09.243331,151553,61.04,61.03,200,100,-201,899
817,DFS,2020-10-02,0 days 15:59:31.243177,152854,61.02,60.98,320,200,1629,-201
818,DHI,2020-10-02,0 days 15:55:50.244022,193463,77.98,77.97,100,105,-432,68
819,DHI,2020-10-02,0 days 15:55:51.243821,192260,77.99,77.98,300,423,1203,-432
820,DHI,2020-10-02,0 days 15:56:05.244426,193564,78.01,77.98,465,968,-255,35
821,DHI,2020-10-02,0 days 15:56:06.244332,192219,78.02,77.99,482,250,1345,-255
822,DHI,2020-10-02,0 days 15:57:34.247977,203659,78.03,78.01,600,752,-1164,836
823,DHI,2020-10-02,0 days 15:57:35.247454,203623,78.01,77.98,600,300,36,-1164
824,DHI,2020-10-02,0 days 15:58:02.246605,212180,78.0,77.98,400,195,-775,1439
825,DHI,2020-10-02,0 days 15:58:03.247015,210896,78.01,77.99,300,495,1284,-775
826,DHI,2020-10-02,0 days 15:58:27.247437,212180,78.0,77.98,472,400,-97,1503
827,DHI,2020-10-02,0 days 15:58:37.248585,210877,78.03,78.02,200,200,1303,-2797
828,DHI,2020-10-02,0 days 15:59:06.248747,213350,77.98,77.97,300,100,419,-11003
829,DHI,2020-10-02,0 days 15:59:07.248911,213769,77.99,77.97,900,100,-4181,419
830,DHI,2020-10-02,0 days 15:59:11.249040,211650,77.94,77.93,100,200,3219,-181
831,DHI,2020-10-02,0 days 15:59:16.245310,213863,77.95,77.93,400,500,-11839,218
832,DHI,2020-10-02,0 days 15:59:46.246677,234236,77.9,77.87,800,100,203,-3177
833,DHI,2020-10-02,0 days 15:59:48.247584,233571,77.93,77.92,300,100,-1304,203
834,DHI,2020-10-02,0 days 15:59:49.246822,234236,77.92,77.89,300,100,666,-1304
835,DHI,2020-10-02,0 days 15:59:50.251239,233971,77.92,77.87,381,300,-265,666
836,DHR,2020-10-02,0 days 15:55:00.839005,166563,212.93,212.9,300,501,-1074,3712
837,DHR,2020-10-02,0 days 15:55:01.837735,163737,212.91,212.81,100,200,2791,-1074
838,DHR,2020-10-02,0 days 15:56:14.839210,169038,212.81,212.72,135,100,-106,296
839,DHR,2020-10-02,0 days 15:56:23.840654,166720,212.81,212.64,200,402,2318,-106
840,DHR,2020-10-02,0 days 15:57:40.843832,169940,212.69,212.63,100,100,-1754,3146
841,DHR,2020-10-02,0 days 15:57:41.843881,167894,212.7,212.64,100,300,2046,-1754
842,DHR,2020-10-02,0 days 15:58:03.844373,168252,212.73,212.65,100,100,-106,142
843,DHR,2020-10-02,0 days 15:58:04.844254,163958,212.73,212.64,100,100,4294,-106
844,DHR,2020-10-02,0 days 15:59:17.846310,168985,212.69,212.52,300,200,-2692,666
845,DIS,2020-10-02,0 days 15:59:20.347159,402410,122.58,122.56,200,100,-7212,11031
846,DIS,2020-10-02,0 days 15:59:45.348224,418043,122.58,122.56,100,700,2701,-1020
847,DIS,2020-10-02,0 days 15:59:48.350102,416103,122.57,122.54,950,400,-3629,43175
848,DIS,2020-10-02,0 days 15:59:49.349227,419732,122.55,122.52,200,200,41186,-3629
849,DKS,2020-10-02,0 days 15:59:05.110481,81918,60.26,60.21,467,100,-6865,2449
850,DKS,2020-10-02,0 days 15:59:06.109949,80783,60.24,60.21,300,100,1135,-6865
851,DKS,2020-10-02,0 days 15:59:46.113491,85206,60.24,60.2,900,100,-1626,836
852,DKS,2020-10-02,0 days 15:59:47.111602,84681,60.24,60.2,900,100,125,-1626
853,DOW,2020-10-02,0 days 15:55:00.839005,450443,47.28,47.27,777,1205,282,-19793
854,DOW,2020-10-02,0 days 15:55:03.836997,441212,47.28,47.27,1577,1245,-9231,282
855,DOW,2020-10-02,0 days 15:55:53.839663,455699,47.29,47.28,1090,1130,63,-977
856,DOW,2020-10-02,0 days 15:55:59.840059,456415,47.33,47.32,250,1211,-64,716
857,DOW,2020-10-02,0 days 15:57:41.843846,470145,47.39,47.36,800,602,1355,-2345
858,DOW,2020-10-02,0 days 15:57:44.844000,469400,47.39,47.36,700,916,-745,2555
859,DOW,2020-10-02,0 days 15:57:52.844233,471345,47.39,47.37,2071,883,3755,-1845
860,DOW,2020-10-02,0 days 15:57:53.843115,469400,47.38,47.37,300,400,-3045,3755
861,DOW,2020-10-02,0 days 15:57:54.843127,471345,47.38,47.37,500,700,1455,-3045
862,DOW,2020-10-02,0 days 15:57:55.843508,471100,47.38,47.37,1000,900,-145,1455
863,DOW,2020-10-02,0 days 15:58:08.844745,470527,47.38,47.37,1326,653,3873,-127
864,DOW,2020-10-02,0 days 15:58:09.844175,469400,47.38,47.37,600,195,-1027,3873
865,DOW,2020-10-02,0 days 15:58:16.844335,470527,47.38,47.37,900,1178,2673,-1027
866,DOW,2020-10-02,0 days 15:58:17.844591,470400,47.38,47.37,700,1378,-27,2673
867,DOW,2020-10-02,0 days 15:59:00.847688,481692,47.36,47.35,1359,1361,417,-6383
868,DOW,2020-10-02,0 days 15:59:14.848285,413243,47.4,47.39,2360,1058,-55953,4947
869,DOW,2020-10-02,0 days 15:59:43.847752,602992,47.35,47.33,800,500,1390,-12012
870,DOW,2020-10-02,0 days 15:59:50.849693,616240,47.34,47.31,100,100,5044,-556
871,DRE,2020-10-02,0 days 15:59:20.249125,505882,38.49,38.47,1400,1100,-1819,125133
872,DRE,2020-10-02,0 days 15:59:21.245376,500001,38.47,38.45,1697,200,5881,-1819
873,DRE,2020-10-02,0 days 15:59:25.245209,506882,38.47,38.46,716,617,-1028,5172
874,DRE,2020-10-02,0 days 15:59:33.245277,504632,38.46,38.45,200,700,3325,-1675
875,DRE,2020-10-02,0 days 15:59:37.245799,507857,38.49,38.48,1400,1500,-3075,3225
876,DRE,2020-10-02,0 days 15:59:38.245414,505732,38.49,38.48,1400,600,2125,-3075
877,DRE,2020-10-02,0 days 15:59:45.247315,507257,38.49,38.48,1190,300,-15118,2409
878,DRE,2020-10-02,0 days 15:59:46.246965,507373,38.48,38.47,853,2000,1204,-15118
879,DRE,2020-10-02,0 days 15:59:48.247872,509620,38.48,38.47,600,2200,-12317,1204
880,DRE,2020-10-02,0 days 15:59:49.247080,509037,38.47,38.46,600,100,1983,-12317
881,DRE,2020-10-02,0 days 15:59:57.251092,511220,38.44,38.43,1300,322,-1492,3186
882,DRH,2020-10-02,0 days 15:55:01.100385,151496,5.27,5.26,1649,15571,-49248,8452
883,DRH,2020-10-02,0 days 15:55:02.100241,148944,5.27,5.26,1949,16066,2552,-49248
884,DRH,2020-10-02,0 days 15:59:17.110152,219575,5.28,5.27,16583,9963,-28679,10208
885,DRH,2020-10-02,0 days 15:59:18.110034,215854,5.28,5.27,14583,11132,3721,-28679
886,DRI,2020-10-02,0 days 15:56:22.256335,82232,104.59,104.55,200,400,-75,2
887,DRI,2020-10-02,0 days 15:57:13.254287,83604,104.48,104.45,400,382,168,-332
888,DRI,2020-10-02,0 days 15:57:34.256054,83772,104.48,104.46,873,400,-632,68
889,DRI,2020-10-02,0 days 15:59:07.252082,88194,104.41,104.37,400,200,92,-346
890,DRI,2020-10-02,0 days 15:59:08.252008,87890,104.41,104.37,300,200,-1104,92
891,DRI,2020-10-02,0 days 15:59:21.250825,92674,104.39,104.35,602,100,1834,-559
892,DRI,2020-10-02,0 days 15:59:22.250172,88008,104.39,104.35,1002,100,-4666,1834
893,DRI,2020-10-02,0 days 15:59:23.250433,97817,104.37,104.34,102,100,401,-4666
894,DRI,2020-10-02,0 days 15:59:24.250784,97118,104.39,104.34,694,100,-699,401
895,DRI,2020-10-02,0 days 15:59:30.252694,97817,104.35,104.29,1047,200,3831,-699
896,DRI,2020-10-02,0 days 15:59:31.251184,97448,104.35,104.29,847,200,-69,3831
897,DRI,2020-10-02,0 days 15:59:46.253651,98105,104.31,104.24,950,100,43,-1057
898,DRI,2020-10-02,0 days 15:59:48.253976,97648,104.32,104.24,400,200,-257,243
899,DUK,2020-10-02,0 days 15:55:00.954919,295846,91.61,91.58,1200,436,-22751,30884
900,DUK,2020-10-02,0 days 15:55:01.951658,292597,91.61,91.58,1595,436,3249,-22751
901,DUK,2020-10-02,0 days 15:56:00.954698,297762,91.64,91.6,1149,500,-1686,506
902,DUK,2020-10-02,0 days 15:56:01.954270,297248,91.62,91.6,100,320,514,-1686
903,DUK,2020-10-02,0 days 15:56:26.954600,302444,91.63,91.6,700,200,-1272,1114
904,DUK,2020-10-02,0 days 15:56:27.954310,301516,91.62,91.6,300,100,514,-1272
905,DUK,2020-10-02,0 days 15:57:08.955585,306956,91.58,91.57,300,400,-2654,840
906,DUK,2020-10-02,0 days 15:57:09.955921,305610,91.58,91.57,400,223,1246,-2654
907,DUK,2020-10-02,0 days 15:57:27.956124,304441,91.66,91.63,1101,756,797,-803
908,DUK,2020-10-02,0 days 15:57:30.956694,305342,91.65,91.62,541,216,-1291,797
909,DUK,2020-10-02,0 days 15:57:31.956801,304941,91.65,91.63,541,100,401,-1291
910,DUK,2020-10-02,0 days 15:57:33.956680,305342,91.65,91.63,441,100,-2391,401
911,DUK,2020-10-02,0 days 15:57:37.956707,309041,91.66,91.64,1620,253,2297,-1699
912,DUK,2020-10-02,0 days 15:57:38.957597,308738,91.66,91.63,1620,220,-303,2297
913,DUK,2020-10-02,0 days 15:57:40.956612,310418,91.66,91.63,820,432,1420,-303
914,DUK,2020-10-02,0 days 15:57:42.956978,311638,91.66,91.64,600,300,-880,2220
915,DUK,2020-10-02,0 days 15:57:50.957385,315718,91.66,91.64,900,385,250,-846
916,DUK,2020-10-02,0 days 15:57:51.957420,314972,91.66,91.64,910,560,-746,250
917,DUK,2020-10-02,0 days 15:57:56.956101,317118,91.69,91.66,521,400,850,-1150
918,DUK,2020-10-02,0 days 15:57:58.956562,317068,91.69,91.67,300,800,-1150,50
919,DUK,2020-10-02,0 days 15:57:59.956149,318218,91.69,91.67,710,628,750,-1150
920,DUK,2020-10-02,0 days 15:58:00.957775,317068,91.69,91.67,400,880,-1150,750
921,DUK,2020-10-02,0 days 15:58:06.958198,318507,91.68,91.66,200,300,1189,-811
922,DUK,2020-10-02,0 days 15:58:07.957018,314296,91.68,91.66,500,200,-4211,1189
923,DUK,2020-10-02,0 days 15:58:08.957506,318507,91.68,91.66,400,200,489,-4211
924,DUK,2020-10-02,0 days 15:58:09.956942,317096,91.68,91.66,400,200,-1411,489
925,DUK,2020-10-02,0 days 15:58:22.957338,308306,91.65,91.62,815,400,10783,-1325
926,DUK,2020-10-02,0 days 15:59:24.957777,348111,91.63,91.59,699,272,-1239,10061
927,DUK,2020-10-02,0 days 15:59:30.958295,350671,91.61,91.58,1000,100,2159,-1059
928,DUK,2020-10-02,0 days 15:59:33.958389,352330,91.61,91.57,744,300,-1583,1445
929,DUK,2020-10-02,0 days 15:59:42.958325,353186,91.59,91.56,1100,293,444,-183
930,DUK,2020-10-02,0 days 15:59:43.958403,353030,91.59,91.57,800,300,-156,444
931,DUK,2020-10-02,0 days 15:59:45.959335,352675,91.59,91.57,1000,146,11945,-156
932,DUK,2020-10-02,0 days 15:59:49.963986,364824,91.64,91.57,200,100,-22676,9021
933,DUK,2020-10-02,0 days 15:59:50.961322,355808,91.64,91.59,200,618,11721,-22676
934,DUK,2020-10-02,0 days 15:59:54.960631,355808,91.62,91.53,300,100,11721,-19676
935,DVA,2020-10-02,0 days 15:55:12.227133,87579,84.39,84.32,900,403,3895,-505
936,DVA,2020-10-02,0 days 15:55:13.227172,87074,84.39,84.33,900,200,-505,3895
937,DVA,2020-10-02,0 days 15:56:32.229633,87800,84.35,84.33,309,302,384,-328
938,DVA,2020-10-02,0 days 15:56:33.229823,87484,84.35,84.32,409,204,-316,384
939,DVA,2020-10-02,0 days 15:57:34.232873,88783,84.31,84.27,301,206,661,-139
940,DVA,2020-10-02,0 days 15:57:35.232372,88544,84.31,84.28,301,200,-239,661
941,DVA,2020-10-02,0 days 15:57:41.232164,88783,84.32,84.29,444,200,461,-639
942,DVA,2020-10-02,0 days 15:57:43.232979,88144,84.32,84.29,344,303,-639,261
943,DVA,2020-10-02,0 days 15:57:49.232649,88783,84.32,84.3,300,271,61,-1239
944,DVA,2020-10-02,0 days 15:57:54.232524,88783,84.32,84.29,460,546,461,-139
945,DVA,2020-10-02,0 days 15:57:55.232786,88644,84.32,84.29,561,446,-139,461
946,DVA,2020-10-02,0 days 15:57:57.232740,88783,84.32,84.29,660,240,161,-539
947,DVA,2020-10-02,0 days 15:57:59.233412,88544,84.32,84.29,560,553,-239,261
948,DVA,2020-10-02,0 days 15:58:22.236995,88813,84.31,84.29,500,200,393,-107
949,DVA,2020-10-02,0 days 15:58:23.237053,88706,84.31,84.29,500,200,-107,393
950,DVA,2020-10-02,0 days 15:58:28.237766,88813,84.28,84.26,200,400,893,-107
951,DVA,2020-10-02,0 days 15:58:29.237745,88806,84.27,84.23,500,100,-7,893
952,DVA,2020-10-02,0 days 15:58:33.236734,89350,84.27,84.24,400,200,156,-44
953,DVA,2020-10-02,0 days 15:58:52.235767,88910,84.28,84.25,462,100,896,-104
954,DVA,2020-10-02,0 days 15:59:05.236556,95451,84.33,84.3,200,122,493,-516
955,DVA,2020-10-02,0 days 15:59:16.237640,95959,84.31,84.27,319,100,-17,6
956,DVA,2020-10-02,0 days 15:59:17.238043,96021,84.31,84.26,319,100,138,-17
957,DVN,2020-10-02,0 days 15:55:00.840101,362994,9.63,9.62,11265,13438,-21791,37576
958,DVN,2020-10-02,0 days 15:55:01.838162,356085,9.63,9.62,9565,13039,6909,-21791
959,DVN,2020-10-02,0 days 15:56:35.841882,363113,9.65,9.64,13475,20057,-403,3051
960,DVN,2020-10-02,0 days 15:57:56.843319,375716,9.65,9.64,27160,11961,22067,-1033
961,DVN,2020-10-02,0 days 15:57:57.843558,397783,9.65,9.64,25860,13201,-633,22067
962,DVN,2020-10-02,0 days 15:57:58.843259,395716,9.65,9.64,27360,12267,2067,-633
963,DVN,2020-10-02,0 days 15:58:01.844280,370741,9.65,9.64,26960,11801,-5275,21767
964,DVN,2020-10-02,0 days 15:58:50.845889,421273,9.64,9.63,19497,17041,5941,-4931
965,DVN,2020-10-02,0 days 15:58:51.845984,417414,9.64,9.63,19896,21391,-3859,5941
966,DVN,2020-10-02,0 days 15:59:19.847785,430658,9.63,9.62,14639,18375,-2233,5067
967,DVN,2020-10-02,0 days 15:59:25.847019,430743,9.62,9.61,16914,15365,-1888,11612
968,DVN,2020-10-02,0 days 15:59:32.847904,430843,9.62,9.61,23266,12280,-1788,10012
969,DVN,2020-10-02,0 days 15:59:44.848256,434043,9.61,9.6,14510,18525,-688,9612
970,DVN,2020-10-02,0 days 15:59:59.848932,435743,9.61,9.6,1033,14052,-4036,65421
971,DXC,2020-10-02,0 days 15:59:25.111052,178629,18.39,18.38,1737,1787,-1738,2462
972,DXC,2020-10-02,0 days 15:59:34.110136,178952,18.39,18.38,651,2050,-1433,1867
973,DXC,2020-10-02,0 days 15:59:46.113727,182085,18.39,18.38,3456,437,2158,-1133
974,DXC,2020-10-02,0 days 15:59:47.111856,181306,18.39,18.38,3356,437,-779,2158
975,EIX,2020-10-02,0 days 15:59:06.343437,273398,51.5,51.49,400,400,-841,8884
976,EIX,2020-10-02,0 days 15:59:22.333048,279473,51.5,51.49,100,753,4954,-3346
977,ELAN,2020-10-02,0 days 15:58:33.342795,162906,27.74,27.71,670,446,3712,-88
978,ELAN,2020-10-02,0 days 15:58:34.342275,158818,27.74,27.72,770,600,-4088,3712
979,ELAN,2020-10-02,0 days 15:58:54.342747,156785,27.71,27.69,600,200,-3580,320
980,ELAN,2020-10-02,0 days 15:59:07.343682,156301,27.72,27.7,100,600,-668,5732
981,ELAN,2020-10-02,0 days 15:59:32.333759,158341,27.73,27.69,400,100,1837,-1704
982,ELAN,2020-10-02,0 days 15:59:33.333600,156678,27.73,27.69,500,503,-1663,1837
983,ELAN,2020-10-02,0 days 15:59:42.333848,158341,27.73,27.69,300,742,437,-3563
984,ELAN,2020-10-02,0 days 15:59:46.334801,157428,27.73,27.69,300,200,-2610,5687
985,ELS,2020-10-02,0 days 15:59:22.110519,200850,64.24,64.16,100,100,-450,2134
986,ELS,2020-10-02,0 days 15:59:25.110930,201592,64.24,64.13,100,1300,1754,-954
987,ELS,2020-10-02,0 days 15:59:26.110427,201246,64.24,64.13,100,1300,-346,1754
988,ELS,2020-10-02,0 days 15:59:32.111161,201366,64.21,64.18,100,300,773,-600
989,ELS,2020-10-02,0 days 15:59:33.110605,200639,64.21,64.18,100,328,-727,773
990,ELS,2020-10-02,0 days 15:59:43.110539,202041,64.21,64.18,100,100,1939,-395
991,ELS,2020-10-02,0 days 15:59:44.110927,201780,64.21,64.18,100,100,-261,1939
992,ELS,2020-10-02,0 days 15:59:49.111846,215116,64.21,64.18,562,100,236,-630
993,ELS,2020-10-02,0 days 15:59:50.115451,208884,64.26,64.13,500,1300,-6232,236
994,EMR,2020-10-02,0 days 15:59:03.111864,252910,65.68,65.65,323,334,-1106,6568
995,EMR,2020-10-02,0 days 15:59:05.110210,249973,65.67,65.64,405,700,2937,-1163
996,EMR,2020-10-02,0 days 15:59:15.110183,256364,65.65,65.62,304,537,-13527,4588
997,EMR,2020-10-02,0 days 15:59:28.109632,279083,65.61,65.58,100,500,385,-215
998,EMR,2020-10-02,0 days 15:59:31.110500,283668,65.61,65.58,100,400,-1198,385
999,EMR,2020-10-02,0 days 15:59:54.114520,286053,65.54,65.52,800,322,4683,-1191
1000,ENB,2020-10-02,0 days 15:55:00.954444,62320,29.01,29.0,4286,3113,2276,-7208
1001,ENB,2020-10-02,0 days 15:55:01.951381,59396,29.01,29.0,4642,3313,-2924,2276
1002,ENB,2020-10-02,0 days 15:59:45.959091,64546,29.01,29.0,6782,6170,156,-1208
1003,ENB,2020-10-02,0 days 15:59:49.963925,62374,28.99,28.98,3300,4555,-1572,5628
1004,ENLC,2020-10-02,0 days 15:59:36.347163,13111,2.39,2.38,20110,8166,-2739,3361
1005,ENLC,2020-10-02,0 days 15:59:37.346604,12850,2.39,2.38,20510,7326,261,-2739
1006,EOG,2020-10-02,0 days 15:56:30.954412,297556,34.94,34.93,283,740,-13753,4347
1007,EOG,2020-10-02,0 days 15:56:31.954228,312409,34.94,34.93,1080,375,10458,-13753
1008,EOG,2020-10-02,0 days 15:56:32.955050,311167,34.95,34.94,601,100,-1242,10458
1009,EOG,2020-10-02,0 days 15:57:33.956666,315575,34.9,34.89,600,772,3086,-14
1010,EOG,2020-10-02,0 days 15:57:34.957470,315241,34.9,34.89,510,986,-334,3086
1011,EOG,2020-10-02,0 days 15:57:36.956755,316775,34.9,34.89,662,886,166,-834
1012,EOG,2020-10-02,0 days 15:57:37.956696,316941,34.9,34.89,662,986,-2634,166
1013,EOG,2020-10-02,0 days 15:57:38.957557,316775,34.9,34.89,562,1286,166,-2634
1014,EOG,2020-10-02,0 days 15:57:39.956489,316941,34.9,34.89,752,1186,-1834,166
1015,EOG,2020-10-02,0 days 15:57:43.956923,318875,34.9,34.89,1290,1275,386,-4414
1016,EOG,2020-10-02,0 days 15:57:44.956978,320361,34.9,34.89,1390,1375,-214,386
1017,EOG,2020-10-02,0 days 15:57:50.957364,323861,34.9,34.89,2195,1512,-614,1586
1018,EOG,2020-10-02,0 days 15:57:51.957374,323475,34.89,34.88,1630,472,386,-614
1019,EOG,2020-10-02,0 days 15:57:54.955785,325361,34.89,34.88,1530,1120,-1514,1886
1020,EOG,2020-10-02,0 days 15:57:55.956065,322975,34.9,34.89,1442,572,2386,-1514
1021,EOG,2020-10-02,0 days 15:58:06.958164,324904,34.9,34.89,3331,200,457,-843
1022,EOG,2020-10-02,0 days 15:58:08.957487,325361,34.9,34.89,3331,779,-943,457
1023,EOG,2020-10-02,0 days 15:58:10.957310,324904,34.89,34.88,474,1475,457,-643
1024,EOG,2020-10-02,0 days 15:58:12.957256,325361,34.89,34.88,677,1485,-2343,1257
1025,EOG,2020-10-02,0 days 15:58:13.957326,324904,34.89,34.88,1011,885,457,-2343
1026,EOG,2020-10-02,0 days 15:58:14.957157,325361,34.89,34.88,1811,785,-143,457
1027,EOG,2020-10-02,0 days 15:58:15.957306,324904,34.89,34.88,2011,385,457,-143
1028,EOG,2020-10-02,0 days 15:58:26.957773,325241,34.89,34.88,2213,795,-1543,57
1029,EOG,2020-10-02,0 days 15:58:27.957907,321184,34.89,34.88,2213,895,4057,-1543
1030,EOG,2020-10-02,0 days 15:58:32.958318,332941,34.89,34.88,966,571,-725,757
1031,EOG,2020-10-02,0 days 15:59:03.959694,338282,34.89,34.88,667,1098,3159,-1174
1032,EOG,2020-10-02,0 days 15:59:10.960754,359393,34.86,34.85,950,204,-1025,6822
1033,EOG,2020-10-02,0 days 15:59:30.958256,389398,34.82,34.81,684,111,-397,803
1034,EOG,2020-10-02,0 days 15:59:48.960704,402221,34.83,34.82,2056,200,6234,-2303
1035,EPD,2020-10-02,0 days 15:55:14.253075,122179,16.06,16.05,6034,12600,-3056,9244
1036,EPD,2020-10-02,0 days 15:59:48.254079,129002,16.06,16.05,18145,2600,-3103,1997
1037,EQH,2020-10-02,0 days 15:59:46.346836,192653,18.74,18.73,896,2323,1515,-5745
1038,EQNR,2020-10-02,0 days 15:59:01.237629,15817,13.95,13.94,11056,20486,-182,656
1039,EQNR,2020-10-02,0 days 15:59:36.238651,19481,13.95,13.94,35124,4504,3040,-3660
1040,EQNR,2020-10-02,0 days 15:59:37.237966,19221,13.95,13.94,35124,4504,-260,3040
1041,EQR,2020-10-02,0 days 15:59:25.110982,1068877,55.29,55.24,300,100,-62722,28945
1042,EQR,2020-10-02,0 days 15:59:26.110508,1051016,55.24,55.2,565,100,17861,-62722
1043,EQR,2020-10-02,0 days 15:59:30.114152,1068877,55.25,55.21,315,500,-205,5697
1044,EQR,2020-10-02,0 days 15:59:32.111180,1060938,55.21,55.18,899,100,7939,-17589
1045,EQR,2020-10-02,0 days 15:59:46.113427,1073557,55.26,55.24,600,100,-9527,9002
1046,EQR,2020-10-02,0 days 15:59:50.115474,1060597,55.21,55.17,200,200,14894,-1658
1047,EQR,2020-10-02,0 days 15:59:57.115036,1075775,55.16,55.14,100,628,-21743,23904
1048,EQT,2020-10-02,0 days 15:57:38.350814,285159,12.74,12.73,3955,2255,99,-4401
1049,EQT,2020-10-02,0 days 15:57:39.350663,279758,12.74,12.73,3327,2763,-5401,99
1050,EQT,2020-10-02,0 days 15:59:32.346370,300443,12.74,12.73,7998,1250,1064,-4808
1051,ERF,2020-10-02,0 days 15:58:49.342626,5807,1.85,1.84,28836,131971,374,-426
1052,ERF,2020-10-02,0 days 15:59:36.334137,6826,1.85,1.84,56473,96422,-781,1019
1053,ERF,2020-10-02,0 days 15:59:37.333702,6707,1.85,1.84,56473,105522,119,-781
1054,ESGC,2020-10-02,0 days 15:59:14.344988,66820,2.46,2.45,125,7593,-2411,2013
1055,ESRT,2020-10-02,0 days 15:55:48.953117,49295,6.55,6.54,10438,5092,1641,-259
1056,ESRT,2020-10-02,0 days 15:57:11.955741,55317,6.55,6.54,8687,5432,-1626,2893
1057,ESRT,2020-10-02,0 days 15:57:34.957335,49943,6.56,6.55,6181,6452,4493,-1007
1058,ESRT,2020-10-02,0 days 15:58:15.957175,58359,6.56,6.55,1628,9777,-484,934
1059,ESRT,2020-10-02,0 days 15:59:13.959994,62041,6.57,6.56,13304,3492,-2788,512
1060,ESRT,2020-10-02,0 days 15:59:14.960033,61529,6.57,6.56,13488,3292,512,-2788
1061,ESRT,2020-10-02,0 days 15:59:24.957505,61529,6.57,6.56,9887,8665,512,-2488
1062,ESRT,2020-10-02,0 days 15:59:34.957967,57729,6.58,6.57,5275,13300,3766,-634
1063,ESRT,2020-10-02,0 days 15:59:46.958387,61495,6.58,6.57,6575,11567,-1207,266
1064,ESRT,2020-10-02,0 days 15:59:47.959418,61302,6.58,6.57,5775,10767,193,-1207
1065,ET,2020-10-02,0 days 15:59:36.251907,104520,5.43,5.42,254745,19459,-26021,30579
1066,ET,2020-10-02,0 days 15:59:37.251770,102941,5.43,5.42,254635,22174,1579,-26021
1067,ET,2020-10-02,0 days 15:59:46.253589,104520,5.43,5.42,250847,30405,-2177,1579
1068,ET,2020-10-02,0 days 15:59:47.252166,103097,5.43,5.42,250847,27505,1423,-2177
1069,ETRN,2020-10-02,0 days 15:55:49.244105,165150,8.29,8.28,6104,3881,1511,-5089
1070,ETRN,2020-10-02,0 days 15:55:50.243851,160561,8.29,8.28,6104,3881,-4589,1511
1071,ETRN,2020-10-02,0 days 15:57:02.245735,165150,8.3,8.29,6490,2180,11752,-1723
1072,ETRN,2020-10-02,0 days 15:57:05.245767,163197,8.29,8.28,3200,3417,-1953,547
1073,EXK,2020-10-02,0 days 15:55:00.336967,8881,3.4,3.39,35564,58280,-7397,2430
1074,EXK,2020-10-02,0 days 15:58:01.341198,7608,3.4,3.39,142922,11058,1277,-7723
1075,EXK,2020-10-02,0 days 15:58:49.342626,9064,3.39,3.38,139839,45125,-425,1056
1076,EXK,2020-10-02,0 days 15:59:06.343659,9489,3.39,3.38,76483,76745,423,-425
1077,EXK,2020-10-02,0 days 15:59:36.334147,10012,3.39,3.38,67633,115542,-277,523
1078,EXK,2020-10-02,0 days 15:59:37.333702,9889,3.39,3.38,67633,115542,123,-277
1079,EXK,2020-10-02,0 days 15:59:40.333847,10012,3.39,3.38,62233,115542,-1977,123
1080,EXK,2020-10-02,0 days 15:59:41.333648,9889,3.39,3.38,62233,115542,123,-1977
1081,EXPR,2020-10-02,0 days 15:59:56.959620,40702,0.82,0.81,3500,1500,-3982,23465
1082,F,2020-10-02,0 days 15:59:15.247781,3442241,6.91,6.9,72012,640742,-385351,237958
1083,FCAU,2020-10-02,0 days 15:55:00.954751,334827,12.19,12.18,9096,25116,68940,-72054
1084,FCAU,2020-10-02,0 days 15:57:35.956389,427980,12.19,12.18,6632,32736,-4251,11849
1085,FCAU,2020-10-02,0 days 15:57:36.956772,420131,12.19,12.18,6632,31636,7849,-4251
1086,FCAU,2020-10-02,0 days 15:57:45.956748,427980,12.19,12.18,6042,33536,-1251,7849
1087,FCAU,2020-10-02,0 days 15:57:46.956745,420131,12.19,12.18,6342,34236,7849,-1251
1088,FCAU,2020-10-02,0 days 15:57:52.956024,427980,12.19,12.18,5800,33735,-1251,7849
1089,FCAU,2020-10-02,0 days 15:57:53.956218,420131,12.19,12.18,6400,33835,7849,-1251
1090,FCAU,2020-10-02,0 days 15:58:01.957077,427980,12.19,12.18,5672,36935,-1251,7849
1091,FCAU,2020-10-02,0 days 15:58:02.956623,420131,12.19,12.18,5672,37035,7849,-1251
1092,FCAU,2020-10-02,0 days 15:59:28.957682,428065,12.19,12.18,22282,15311,-1367,2908
1093,FCAU,2020-10-02,0 days 15:59:40.958556,429432,12.19,12.18,26555,16927,463,-1367
1094,FCAU,2020-10-02,0 days 15:59:46.958678,455237,12.19,12.18,24536,22782,-1524,25805
1095,FCAU,2020-10-02,0 days 15:59:48.960996,445846,12.19,12.18,20244,25682,9391,-1524
1096,FDX,2020-10-02,0 days 15:59:20.334677,239922,255.97,255.6,100,100,-36129,15055
1097,FE,2020-10-02,0 days 15:59:22.847068,389664,29.6,29.58,3831,800,-2257,8353
1098,FE,2020-10-02,0 days 15:59:23.849411,391921,29.57,29.56,2718,100,3643,-2257
1099,FE,2020-10-02,0 days 15:59:24.848089,389764,29.57,29.56,2034,300,-476,3643
1100,FE,2020-10-02,0 days 15:59:46.848496,397997,29.57,29.56,3270,183,2567,-15402
1101,FEAC,2020-10-02,0 days 15:55:00.232814,6984,12.4,12.38,244,100,-771,6529
1102,FEAC,2020-10-02,0 days 15:55:01.232012,6355,12.41,12.37,155,928,629,-771
1103,FEAC,2020-10-02,0 days 15:58:49.240962,8743,12.31,12.3,299,1400,-977,643
1104,FEAC,2020-10-02,0 days 15:58:50.241253,8120,12.31,12.3,299,1400,623,-977
1105,FEAC,2020-10-02,0 days 15:59:50.248818,6871,12.4,12.35,100,100,497,-103
1106,FHN,2020-10-02,0 days 15:55:01.100474,240911,9.96,9.95,18530,21079,2185,-74815
1107,FHN,2020-10-02,0 days 15:59:15.110287,335198,9.95,9.94,16682,16340,-5481,8452
1108,FHN,2020-10-02,0 days 15:59:16.110063,327779,9.95,9.94,19382,15921,7419,-5481
1109,FIS,2020-10-02,0 days 15:59:30.958138,240172,145.24,145.2,400,600,-459,5744
1110,FIS,2020-10-02,0 days 15:59:35.958203,241818,145.16,145.12,300,1000,3022,-623
1111,FIS,2020-10-02,0 days 15:59:36.958220,241640,145.2,145.09,100,836,-178,3022
1112,FIS,2020-10-02,0 days 15:59:41.958027,241122,145.17,145.13,200,400,3118,-719
1113,FIS,2020-10-02,0 days 15:59:42.958224,240940,145.15,145.09,300,736,-182,3118
1114,FIS,2020-10-02,0 days 15:59:46.958483,239659,145.17,145.1,1120,319,1581,-4260
1115,FIS,2020-10-02,0 days 15:59:48.960588,240540,145.17,145.09,220,600,-1343,981
1116,FIS,2020-10-02,0 days 15:59:55.960508,241440,145.16,145.04,476,400,1100,-233
1117,FIT,2020-10-02,0 days 15:56:33.245140,138938,6.95,6.94,13361,35766,-392,892
1118,FIT,2020-10-02,0 days 15:56:34.245896,133530,6.95,6.94,13361,35766,5408,-392
1119,FIT,2020-10-02,0 days 15:59:13.249477,137360,6.95,6.94,31072,21918,-901,7924
1120,FIT,2020-10-02,0 days 15:59:18.245148,139807,6.95,6.94,34059,17707,1134,-1447
1121,FIT,2020-10-02,0 days 15:59:36.246059,141092,6.95,6.94,31390,20637,-717,1132
1122,FIT,2020-10-02,0 days 15:59:37.245822,141009,6.95,6.94,31490,20736,83,-717
1123,FIT,2020-10-02,0 days 15:59:40.245890,142092,6.94,6.93,29518,14430,-417,83
1124,FIT,2020-10-02,0 days 15:59:41.245577,142009,6.94,6.93,29712,13930,83,-417
1125,FIT,2020-10-02,0 days 15:59:46.247014,142092,6.94,6.93,31795,10584,-6117,83
1126,FNB,2020-10-02,0 days 15:59:32.251385,242385,6.97,6.96,25748,16980,-4646,6739
1127,FNB,2020-10-02,0 days 15:59:33.250712,237231,6.97,6.96,25348,15980,5154,-4646
1128,FNB,2020-10-02,0 days 15:59:46.253900,242299,6.97,6.96,27943,16461,-5858,4459
1129,FNB,2020-10-02,0 days 15:59:47.253248,238757,6.97,6.96,27943,20561,3542,-5858
1130,FSLY,2020-10-02,0 days 15:59:31.334222,79740,95.35,95.28,475,602,-1345,3589
1131,FSLY,2020-10-02,0 days 15:59:52.334218,79191,95.35,95.27,436,490,-3117,7373
1132,FSLY,2020-10-02,0 days 15:59:54.335203,85370,95.35,95.27,436,1097,7373,-3117
1133,FSLY,2020-10-02,0 days 15:59:55.335697,77891,95.4,95.27,100,1128,-4417,7373
1134,FSM,2020-10-02,0 days 15:59:19.110185,11794,6.38,6.37,26584,40359,-535,1451
1135,FSM,2020-10-02,0 days 15:59:36.110439,12329,6.38,6.37,18852,55271,365,-535
1136,FSM,2020-10-02,0 days 15:59:37.110777,12294,6.38,6.37,22952,56857,-35,365
1137,FTCH,2020-10-02,0 days 15:55:10.251720,38141,26.27,26.25,1997,972,10053,-363
1138,FTCH,2020-10-02,0 days 15:56:29.257724,45779,26.29,26.27,1918,400,-952,244
1139,FTCH,2020-10-02,0 days 15:56:30.256606,45531,26.29,26.27,1918,400,148,-952
1140,FTCH,2020-10-02,0 days 15:57:48.254544,49078,26.31,26.3,233,500,-863,647
1141,FTCH,2020-10-02,0 days 15:57:49.254118,48641,26.31,26.3,233,634,337,-863
1142,FTCH,2020-10-02,0 days 15:59:25.250750,57053,26.3,26.28,823,300,-6075,578
1143,FTCH,2020-10-02,0 days 15:59:26.250642,56328,26.3,26.28,823,300,425,-6075
1144,FTCH,2020-10-02,0 days 15:59:39.252364,57053,26.29,26.28,300,100,-8513,187
1145,FTCH,2020-10-02,0 days 15:59:40.253715,56466,26.29,26.28,401,600,487,-8513
1146,FTI,2020-10-02,0 days 15:57:45.351309,578620,6.39,6.38,24439,32023,3058,-4642
1147,FTI,2020-10-02,0 days 15:57:47.350735,560278,6.39,6.38,25928,33523,-18342,6858
1148,FTI,2020-10-02,0 days 15:59:46.346794,594200,6.39,6.38,26153,37068,12799,-552
1149,FTI,2020-10-02,0 days 15:59:47.346802,585979,6.39,6.38,26221,39068,-8221,12799
1150,FTV,2020-10-02,0 days 15:55:00.345147,127166,77.63,77.61,104,400,-3203,3760
1151,FTV,2020-10-02,0 days 15:57:24.349965,175806,77.61,77.59,100,100,1385,-2715
1152,FTV,2020-10-02,0 days 15:57:25.350116,170191,77.61,77.59,100,100,-5615,1385
1153,FTV,2020-10-02,0 days 15:58:57.354479,180794,77.54,77.51,100,200,875,-427
1154,FTV,2020-10-02,0 days 15:58:58.354432,176711,77.54,77.51,100,100,-4083,875
1155,FTV,2020-10-02,0 days 15:59:24.346260,230662,77.44,77.41,300,200,5738,-5066
1156,FTV,2020-10-02,0 days 15:59:25.345713,223769,77.44,77.41,100,100,-6893,5738
1157,FTV,2020-10-02,0 days 15:59:30.346358,230672,77.44,77.42,176,168,7831,-3892
1158,FTV,2020-10-02,0 days 15:59:31.347552,224872,77.44,77.42,176,100,-5800,7831
1159,FTV,2020-10-02,0 days 15:59:46.346936,230672,77.43,77.41,100,100,2800,-2269
1160,FTV,2020-10-02,0 days 15:59:48.350051,227472,77.43,77.41,100,100,-3200,2800
1161,FVAC,2020-10-02,0 days 15:59:01.356737,1705,14.0,13.99,1000,2521,-153,947
1162,GE,2020-10-02,0 days 15:59:16.243316,1993195,6.4,6.39,193993,630304,-103138,102361
1163,GE,2020-10-02,0 days 15:59:36.242987,2116701,6.4,6.39,433205,331481,100694,-118306
1164,GFI,2020-10-02,0 days 15:55:00.100981,112077,12.14,12.13,12310,564,-3313,4265
1165,GFI,2020-10-02,0 days 15:55:49.102928,114001,12.12,12.11,6875,9283,1576,-1024
1166,GFI,2020-10-02,0 days 15:55:50.102785,111177,12.12,12.11,6875,9283,-2824,1576
1167,GFI,2020-10-02,0 days 15:59:13.110758,120117,12.13,12.12,4910,16379,-1425,1778
1168,GGB,2020-10-02,0 days 15:59:36.334137,17073,3.62,3.61,510170,164165,-5703,6597
1169,GGB,2020-10-02,0 days 15:59:37.333702,16676,3.62,3.61,520470,140565,397,-5703
1170,GIS,2020-10-02,0 days 15:55:01.226362,251909,62.69,62.68,446,3019,4393,-4507
1171,GIS,2020-10-02,0 days 15:56:05.229210,258663,62.66,62.65,3774,306,-134,914
1172,GIS,2020-10-02,0 days 15:56:11.229707,254706,62.66,62.65,4006,226,3957,-643
1173,GIS,2020-10-02,0 days 15:57:34.232873,261571,62.57,62.56,1367,1301,-697,1903
1174,GIS,2020-10-02,0 days 15:57:35.232361,260568,62.57,62.56,2384,110,1003,-697
1175,GIS,2020-10-02,0 days 15:57:45.232555,261571,62.59,62.58,697,1796,-1596,204
1176,GIS,2020-10-02,0 days 15:57:46.232587,258667,62.59,62.58,1297,1002,2904,-1596
1177,GIS,2020-10-02,0 days 15:58:01.233967,247172,62.57,62.56,2610,913,-14995,3242
1178,GIS,2020-10-02,0 days 15:58:02.233434,245367,62.57,62.56,3510,713,1205,-14995
1179,GIS,2020-10-02,0 days 15:58:05.235747,246572,62.59,62.58,1700,258,-3635,2765
1180,GIS,2020-10-02,0 days 15:58:07.236028,245407,62.59,62.57,1800,1607,1213,-1135
1181,GIS,2020-10-02,0 days 15:58:10.236182,246620,62.59,62.57,1800,1829,-1187,3613
1182,GIS,2020-10-02,0 days 15:58:12.236951,245407,62.59,62.57,2000,1490,1213,-1187
1183,GIS,2020-10-02,0 days 15:58:29.237732,247220,62.56,62.54,2410,500,-4187,913
1184,GIS,2020-10-02,0 days 15:58:30.235173,246707,62.56,62.55,2210,100,513,-4187
1185,GIS,2020-10-02,0 days 15:58:33.236734,249020,62.55,62.54,900,1309,-287,613
1186,GIS,2020-10-02,0 days 15:58:44.235243,249220,62.56,62.55,1800,200,-196,4
1187,GIS,2020-10-02,0 days 15:59:00.240139,252974,62.54,62.53,1000,492,3933,-554
1188,GIS,2020-10-02,0 days 15:59:16.237606,265871,62.56,62.54,1908,500,-981,561
1189,GIS,2020-10-02,0 days 15:59:30.240725,303715,62.52,62.51,1638,100,5302,-2844
1190,GIS,2020-10-02,0 days 15:59:31.238384,302417,62.52,62.51,1845,200,-1692,5302
1191,GIS,2020-10-02,0 days 15:59:39.239058,304109,62.52,62.51,1000,1009,2408,-1692
1192,GIS,2020-10-02,0 days 15:59:40.238432,303417,62.53,62.52,710,500,-692,2408
1193,GIS,2020-10-02,0 days 15:59:44.237303,303314,62.52,62.51,1200,209,16203,-1494
1194,GIS,2020-10-02,0 days 15:59:45.238964,302617,62.52,62.5,1000,1310,-697,16203
1195,GLW,2020-10-02,0 days 15:59:46.848539,369503,32.81,32.8,6196,206,18777,-23273
1196,GLW,2020-10-02,0 days 15:59:48.849799,368080,32.8,32.79,5246,1212,-1423,1777
1197,GLW,2020-10-02,0 days 15:59:51.848125,369503,32.8,32.79,4139,169,7319,-13323
1198,GM,2020-10-02,0 days 15:56:30.103705,539311,30.52,30.51,3136,6752,2979,-1950
1199,GM,2020-10-02,0 days 15:56:31.103309,535890,30.52,30.51,3136,6951,-3421,2979
1200,GM,2020-10-02,0 days 15:56:53.104485,545753,30.52,30.51,6293,2609,2637,-3963
1201,GM,2020-10-02,0 days 15:56:54.104101,542390,30.52,30.51,6485,2916,-3363,2637
1202,GM,2020-10-02,0 days 15:57:03.104259,545753,30.5,30.49,7122,5006,908,-2292
1203,GM,2020-10-02,0 days 15:57:04.105634,542861,30.51,30.5,7831,3696,-3492,908
1204,GM,2020-10-02,0 days 15:58:30.108640,571688,30.51,30.5,6900,1508,273,-5727
1205,GM,2020-10-02,0 days 15:58:31.108792,566561,30.51,30.5,6500,2908,-5127,273
1206,GM,2020-10-02,0 days 15:59:09.110132,586489,30.51,30.5,7854,2340,94,-4006
1207,GM,2020-10-02,0 days 15:59:17.110123,588397,30.49,30.48,6283,4371,-21510,108
1208,GM,2020-10-02,0 days 15:59:18.110034,609907,30.48,30.47,4952,3871,6020,-21510
1209,GM,2020-10-02,0 days 15:59:19.110005,640049,30.47,30.46,6900,1571,-7136,6020
1210,GM,2020-10-02,0 days 15:59:31.110630,649117,30.48,30.47,7125,2871,11681,-1899
1211,GM,2020-10-02,0 days 15:59:32.111044,646743,30.48,30.47,8725,3771,-2142,11681
1212,GM,2020-10-02,0 days 15:59:43.110432,649117,30.48,30.47,6648,6288,43,-2374
1213,GM,2020-10-02,0 days 15:59:44.110864,649160,30.48,30.47,7673,5783,-2325,43
1214,GM,2020-10-02,0 days 15:59:47.111388,651008,30.47,30.46,8200,871,-477,22820
1215,GME,2020-10-02,0 days 15:56:11.349108,83235,9.41,9.4,3199,5279,-2157,43
1216,GME,2020-10-02,0 days 15:59:00.356340,79345,9.4,9.39,2140,3808,-7549,1250
1217,GME,2020-10-02,0 days 15:59:17.345586,80002,9.4,9.39,7916,2617,-10164,108
1218,GME,2020-10-02,0 days 15:59:18.345123,78966,9.4,9.39,7716,3117,1036,-10164
1219,GOLD,2020-10-02,0 days 15:55:00.345711,121997,27.93,27.92,10312,25264,-89833,31335
1220,GOLD,2020-10-02,0 days 15:55:01.345896,119530,27.93,27.92,15512,17846,2467,-89833
1221,GOLD,2020-10-02,0 days 15:57:35.350125,122457,27.9,27.89,11814,20114,-5043,2257
1222,GOLD,2020-10-02,0 days 15:59:16.346072,127460,27.9,27.89,23576,6426,3978,-413
1223,GOOS,2020-10-02,0 days 15:55:00.839363,23817,33.06,33.05,1334,320,-7863,6131
1224,GOOS,2020-10-02,0 days 15:59:07.847615,17958,33.06,33.05,762,500,7699,-791
1225,GOOS,2020-10-02,0 days 15:59:25.847002,25657,33.06,33.05,410,329,-13976,5546
1226,GOOS,2020-10-02,0 days 15:59:27.847375,39633,33.06,33.05,805,600,481,-1076
1227,GOOS,2020-10-02,0 days 15:59:28.847150,38714,33.06,33.05,805,600,-1119,481
1228,GPK,2020-10-02,0 days 15:55:55.229516,147524,14.07,14.06,16865,2200,-481,2819
1229,GPK,2020-10-02,0 days 15:55:56.229533,143405,14.07,14.06,16765,2200,4119,-481
1230,GPK,2020-10-02,0 days 15:57:46.232599,153324,14.08,14.07,10600,17298,-501,7299
1231,GPK,2020-10-02,0 days 15:57:52.233327,143925,14.08,14.07,16881,5999,3899,-1601
1232,GPK,2020-10-02,0 days 15:57:59.233412,147824,14.08,14.07,16491,6510,-1601,3899
1233,GPK,2020-10-02,0 days 15:58:00.235379,143925,14.08,14.07,16596,6510,3899,-1601
1234,GPK,2020-10-02,0 days 15:58:32.235122,160686,14.07,14.06,8085,12668,-675,4325
1235,GPK,2020-10-02,0 days 15:58:33.236734,156861,14.07,14.06,7539,12747,3825,-675
1236,GPK,2020-10-02,0 days 15:58:37.235141,152561,14.08,14.07,11351,13955,1825,-2975
1237,GPK,2020-10-02,0 days 15:59:04.237487,154386,14.08,14.07,13468,8067,-66,1883
1238,GPK,2020-10-02,0 days 15:59:10.237058,152957,14.08,14.07,15460,7064,1429,-171
