,Symbol,Timestamp,TIME,iPaired,Ask_P,Bid_P,Ask_S,Bid_S,iShares,PreviShares
0,AA,2020-09-01,0 days 15:59:05.243679,259924,15.09,15.08,13508,5992,19988,-8687
1,AA,2020-09-01,0 days 15:59:06.243923,255112,15.09,15.08,11584,8698,-4812,19988
2,AA,2020-09-01,0 days 15:59:16.243115,260370,15.08,15.07,3259,11505,62415,-1415
3,AA,2020-09-01,0 days 15:59:21.243182,263363,15.1,15.09,10961,3288,-2913,12636
4,AA,2020-09-01,0 days 15:59:39.243176,275647,15.09,15.08,18264,12559,3216,-984
5,AA,2020-09-01,0 days 15:59:40.243595,274963,15.09,15.08,18135,13459,-684,3216
6,ABBV,2020-09-01,0 days 15:55:00.235702,783128,92.07,92.06,1200,6319,91854,-193356
7,ABBV,2020-09-01,0 days 15:59:04.241891,959457,92.12,92.11,550,5953,-55536,16448
8,ABBV,2020-09-01,0 days 15:59:05.241338,948683,92.12,92.11,1360,3862,10774,-55536
9,ABBV,2020-09-01,0 days 15:59:22.241809,966748,92.13,92.12,2863,1398,-50,248
10,ABBV,2020-09-01,0 days 15:59:30.243667,965366,92.12,92.11,2660,1024,1382,-150
11,ABBV,2020-09-01,0 days 15:59:50.246223,976814,92.17,92.16,2990,1173,177,-1168
12,ABEV,2020-09-01,0 days 15:57:09.251259,60079,2.35,2.34,811515,402648,-573,528
13,ABEV,2020-09-01,0 days 15:58:22.253407,62955,2.35,2.34,272235,1251207,572,-2876
14,ABEV,2020-09-01,0 days 15:59:18.256641,115875,2.36,2.35,1310438,765977,-10477,47023
15,ABEV,2020-09-01,0 days 15:59:36.249011,132252,2.36,2.35,1272898,725813,1914,-9286
16,ABT,2020-09-01,0 days 15:55:00.246706,575369,106.39,106.37,117,300,-25873,47211
17,ABT,2020-09-01,0 days 15:59:12.256443,676898,106.46,106.44,1168,700,27541,-16556
18,ABT,2020-09-01,0 days 15:59:13.257333,675425,106.49,106.48,339,583,-1473,27541
19,ABT,2020-09-01,0 days 15:59:21.256307,677138,106.51,106.48,1142,670,961,-4752
20,ABT,2020-09-01,0 days 15:59:25.255977,673398,106.48,106.46,114,641,-3683,961
21,ABT,2020-09-01,0 days 15:59:40.250458,685031,106.52,106.51,100,143,5864,-13405
22,ABT,2020-09-01,0 days 15:59:41.249397,682502,106.52,106.51,100,200,-2529,5864
23,ACI,2020-09-01,0 days 15:50:01.249823,168911,13.98,13.97,5450,100,1489,-111
24,ACI,2020-09-01,0 days 15:51:36.247734,170100,14.01,13.98,7900,1300,-111,1589
25,ACI,2020-09-01,0 days 15:51:44.247733,168911,13.99,13.98,100,1100,1489,-111
26,ACI,2020-09-01,0 days 15:55:00.246895,218022,13.96,13.95,1380,400,-3789,1789
27,ACI,2020-09-01,0 days 15:59:48.250362,230417,13.97,13.96,5900,200,-984,516
28,ACM,2020-09-01,0 days 15:50:20.232151,110933,39.59,39.57,925,800,1023,-2477
29,ACM,2020-09-01,0 days 15:50:21.232211,111756,39.59,39.57,1433,600,-2477,1023
30,ACM,2020-09-01,0 days 15:50:36.232662,110933,39.59,39.58,1900,700,1023,-2477
31,ACM,2020-09-01,0 days 15:50:42.232647,111756,39.59,39.58,1764,1100,-2477,1023
32,ACM,2020-09-01,0 days 15:50:46.233506,110933,39.59,39.58,1664,1100,1023,-2477
33,ACM,2020-09-01,0 days 15:50:47.233144,111756,39.59,39.58,1664,1100,-2477,1023
34,ACM,2020-09-01,0 days 15:50:48.232775,110933,39.59,39.58,1664,1100,1023,-2477
35,ACM,2020-09-01,0 days 15:50:49.232776,111756,39.59,39.58,1664,1100,-2477,1023
36,ACM,2020-09-01,0 days 15:53:19.234238,110933,39.54,39.53,1700,200,1023,-2477
37,ACM,2020-09-01,0 days 15:56:02.238097,137813,39.55,39.54,1532,1155,-2346,454
38,ACM,2020-09-01,0 days 15:57:45.239437,143483,39.61,39.6,4073,779,604,-2696
39,ACM,2020-09-01,0 days 15:57:46.239253,143087,39.61,39.6,3773,779,-396,604
40,ACM,2020-09-01,0 days 15:57:47.239031,143483,39.61,39.6,3973,779,2204,-396
41,ACM,2020-09-01,0 days 15:57:48.239579,142487,39.62,39.61,100,1426,-996,2204
42,ACM,2020-09-01,0 days 15:58:07.241846,143166,39.61,39.59,1262,1081,-816,1205
43,ACM,2020-09-01,0 days 15:58:13.241158,145416,39.62,39.61,200,773,272,-2450
44,ACM,2020-09-01,0 days 15:58:15.241462,144288,39.62,39.61,3582,826,-1128,72
45,ACM,2020-09-01,0 days 15:58:18.240489,145416,39.62,39.61,5902,647,2072,-1128
46,ACM,2020-09-01,0 days 15:58:19.240658,144288,39.62,39.61,5324,750,-1128,2072
47,ACM,2020-09-01,0 days 15:58:29.241194,145416,39.62,39.61,2014,1155,72,-1128
48,ACM,2020-09-01,0 days 15:58:30.241268,144288,39.62,39.61,1614,2160,-1128,72
49,ACM,2020-09-01,0 days 15:59:04.241870,146338,39.62,39.61,213,1745,1709,-347
50,ACM,2020-09-01,0 days 15:59:31.243334,146874,39.65,39.64,1355,2256,160,-374
51,ACM,2020-09-01,0 days 15:59:32.242227,146442,39.65,39.64,535,2456,-432,160
52,ACN,2020-09-01,0 days 15:59:16.242270,294337,239.72,239.65,200,330,551,-18488
53,ACN,2020-09-01,0 days 15:59:18.243212,295259,239.72,239.66,364,225,-1354,551
54,ACN,2020-09-01,0 days 15:59:22.243633,305653,239.83,239.71,400,109,11982,-3774
55,ADM,2020-09-01,0 days 15:57:09.236941,344598,45.07,45.06,4160,11439,-2055,67
56,ADM,2020-09-01,0 days 15:57:10.237007,344053,45.07,45.06,4805,9439,545,-2055
57,ADM,2020-09-01,0 days 15:58:02.239597,418130,45.11,45.1,1098,7188,-1778,4863
58,ADM,2020-09-01,0 days 15:58:03.240515,412608,45.11,45.1,7620,800,5522,-1778
59,ADM,2020-09-01,0 days 15:59:08.242621,416066,45.12,45.11,4000,8805,-13898,828
60,ADM,2020-09-01,0 days 15:59:09.242693,414164,45.12,45.11,3399,12730,1902,-13898
61,ADM,2020-09-01,0 days 15:59:28.242726,418540,45.13,45.12,3292,11821,-9344,1747
62,ADM,2020-09-01,0 days 15:59:29.242265,417684,45.13,45.12,1711,11458,856,-9344
63,AEO,2020-09-01,0 days 15:57:13.297650,202133,12.75,12.74,5094,18350,-16864,3136
64,AEO,2020-09-01,0 days 15:57:14.297886,196597,12.75,12.74,5002,17752,5536,-16864
65,AEO,2020-09-01,0 days 15:57:37.298579,232133,12.77,12.76,7302,15852,-767,1433
66,AEO,2020-09-01,0 days 15:57:38.298377,224700,12.77,12.76,8002,15496,7433,-767
67,AEO,2020-09-01,0 days 15:59:46.305069,234724,12.77,12.76,17586,8347,6661,-11699
68,AEP,2020-09-01,0 days 15:55:00.247921,188796,77.73,77.72,428,638,5439,-88500
69,AEP,2020-09-01,0 days 15:57:34.251243,202919,77.65,77.64,434,1515,-1511,2189
70,AEP,2020-09-01,0 days 15:57:35.251388,200930,77.65,77.64,534,1300,1989,-1511
71,AEP,2020-09-01,0 days 15:57:38.251261,203419,77.65,77.64,1030,1515,-311,789
72,AEP,2020-09-01,0 days 15:57:40.251214,203230,77.65,77.64,1957,870,189,-511
73,AEP,2020-09-01,0 days 15:57:42.251590,203419,77.65,77.64,1795,970,-11,189
74,AEP,2020-09-01,0 days 15:57:47.251666,204921,77.65,77.64,2946,906,2098,-1902
75,AEP,2020-09-01,0 days 15:57:52.251966,207019,77.65,77.64,1530,1509,-2702,1298
76,AEP,2020-09-01,0 days 15:59:18.256869,255696,77.79,77.77,300,498,3770,-559
77,AEP,2020-09-01,0 days 15:59:45.250866,262636,77.82,77.81,575,549,1064,-651
78,AES,2020-09-01,0 days 15:57:09.236802,335055,17.91,17.9,11606,9637,9721,-15279
79,AES,2020-09-01,0 days 15:57:10.236878,325576,17.91,17.9,9467,11037,-9479,9721
80,AES,2020-09-01,0 days 15:59:09.242452,382325,17.93,17.92,13368,11248,11898,-15389
81,AES,2020-09-01,0 days 15:59:10.242446,374623,17.93,17.92,12468,12793,-7702,11898
82,AES,2020-09-01,0 days 15:59:41.242291,392630,17.93,17.92,10013,19153,149,-10651
83,AES,2020-09-01,0 days 15:59:48.243128,387149,17.93,17.92,18516,17982,-5465,4835
84,AFL,2020-09-01,0 days 15:55:00.231993,280782,36.63,36.62,5170,11106,20414,-17293
85,AFL,2020-09-01,0 days 15:55:35.235439,301396,36.63,36.62,3006,9783,-8711,1496
86,AFL,2020-09-01,0 days 15:55:36.235270,300807,36.63,36.62,3380,13934,589,-8711
87,AFL,2020-09-01,0 days 15:56:03.234418,303486,36.64,36.63,3027,14140,-2421,1079
88,AFL,2020-09-01,0 days 15:56:04.235215,303107,36.64,36.63,2502,14614,379,-2421
89,AFL,2020-09-01,0 days 15:57:09.236843,309203,36.67,36.66,201,13021,-148,556
90,AFL,2020-09-01,0 days 15:57:10.236597,308551,36.67,36.66,501,12079,652,-148
91,AFL,2020-09-01,0 days 15:57:33.236229,309203,36.7,36.69,3077,9749,-3343,157
92,AFL,2020-09-01,0 days 15:57:34.236563,311646,36.7,36.69,3086,10307,3557,-3343
93,AFL,2020-09-01,0 days 15:57:35.237087,315203,36.7,36.69,2386,9829,-1843,3557
94,AFL,2020-09-01,0 days 15:57:36.236539,314346,36.7,36.69,3868,9606,857,-1843
95,AFL,2020-09-01,0 days 15:57:41.237110,315203,36.69,36.68,7233,2713,-743,857
96,AFL,2020-09-01,0 days 15:57:42.236571,314346,36.69,36.68,8475,3285,857,-743
97,AFL,2020-09-01,0 days 15:57:44.237299,315852,36.69,36.68,6208,8973,-1794,857
98,AFL,2020-09-01,0 days 15:57:45.237292,314946,36.69,36.68,7874,3007,906,-1794
99,AFL,2020-09-01,0 days 15:57:48.237343,315852,36.69,36.68,5671,10595,-114,186
100,AFL,2020-09-01,0 days 15:57:49.237144,315066,36.69,36.68,7081,10573,786,-114
101,AFL,2020-09-01,0 days 15:57:58.237669,315852,36.69,36.68,6962,11250,-1114,3486
102,AFL,2020-09-01,0 days 15:57:59.237595,315066,36.69,36.68,7362,9744,786,-1114
103,AFL,2020-09-01,0 days 15:58:02.238797,315852,36.69,36.68,8370,9214,-214,586
104,AFL,2020-09-01,0 days 15:58:03.238342,315066,36.69,36.68,8970,9220,786,-214
105,AFL,2020-09-01,0 days 15:58:07.238871,316249,36.69,36.68,8578,11162,-264,486
106,AFL,2020-09-01,0 days 15:58:08.238879,315613,36.69,36.68,9178,10217,636,-264
107,AFL,2020-09-01,0 days 15:58:18.238793,325561,36.68,36.67,9541,4356,-588,554
108,AFL,2020-09-01,0 days 15:58:19.238915,325007,36.68,36.67,10218,5867,554,-588
109,AFL,2020-09-01,0 days 15:58:58.241861,325845,36.69,36.68,5670,10209,-2562,3654
110,AFL,2020-09-01,0 days 15:58:59.242147,325407,36.69,36.68,5070,9978,438,-2562
111,AFL,2020-09-01,0 days 15:59:00.244960,325845,36.69,36.68,6559,10040,-638,438
112,AFL,2020-09-01,0 days 15:59:01.243090,325583,36.69,36.68,7759,4509,262,-638
113,AFL,2020-09-01,0 days 15:59:02.242972,321787,36.69,36.68,8466,7218,-1018,262
114,AFL,2020-09-01,0 days 15:59:11.246038,323967,36.7,36.69,1756,14026,1302,-398
115,AFL,2020-09-01,0 days 15:59:18.242165,336838,36.73,36.72,5318,7353,-20618,8690
116,AFL,2020-09-01,0 days 15:59:19.240941,356229,36.72,36.71,6877,2714,12509,-20618
117,AFL,2020-09-01,0 days 15:59:20.242033,361138,36.72,36.71,5605,4776,-2161,12509
118,AG,2020-09-01,0 days 15:57:40.238209,88125,12.08,12.07,40534,8708,-498,1902
119,AG,2020-09-01,0 days 15:57:41.239351,84023,12.08,12.07,42134,8708,4002,-498
120,AG,2020-09-01,0 days 15:57:57.239510,84423,12.08,12.07,38012,10571,3602,-198
121,AG,2020-09-01,0 days 15:59:08.242543,85721,12.05,12.04,43778,4500,-3502,5462
122,AG,2020-09-01,0 days 15:59:09.242619,81023,12.05,12.04,39712,11332,4698,-3502
123,AG,2020-09-01,0 days 15:59:48.243288,87631,12.06,12.05,44413,6566,1590,-8410
124,AIG,2020-09-01,0 days 15:56:34.235593,336938,29.11,29.1,2256,11192,-246,1754
125,AIG,2020-09-01,0 days 15:56:35.235657,335884,29.12,29.11,8260,2957,1054,-246
126,AIG,2020-09-01,0 days 15:57:09.236958,337076,29.13,29.11,4540,4965,-248,763
127,AIG,2020-09-01,0 days 15:57:10.237007,335724,29.13,29.11,5854,8399,1352,-248
128,AIG,2020-09-01,0 days 15:57:39.237904,340444,29.14,29.13,1025,5263,-1012,346
129,AIG,2020-09-01,0 days 15:57:40.238259,339092,29.14,29.13,3202,2230,946,-1012
130,AIG,2020-09-01,0 days 15:58:02.239613,335844,29.14,29.13,3520,1551,-2938,1380
131,AIG,2020-09-01,0 days 15:58:03.240527,334882,29.14,29.13,8949,400,962,-2938
132,AIG,2020-09-01,0 days 15:58:21.240155,336698,29.14,29.13,5156,5915,1440,-718
133,AIG,2020-09-01,0 days 15:58:22.240552,335844,29.14,29.13,2356,9815,-718,1440
134,AIG,2020-09-01,0 days 15:58:24.240694,336498,29.14,29.13,2559,10241,1340,-718
135,AIG,2020-09-01,0 days 15:58:25.240689,335844,29.15,29.14,5883,400,-518,1340
136,AIG,2020-09-01,0 days 15:58:26.240858,336498,29.14,29.13,4322,4835,1440,-518
137,AIG,2020-09-01,0 days 15:58:39.241847,336998,29.15,29.14,7003,8045,940,-318
138,AIG,2020-09-01,0 days 15:58:40.241615,335844,29.15,29.14,6304,8845,-1518,940
139,AIG,2020-09-01,0 days 15:58:59.242057,352634,29.17,29.16,8033,3803,-1062,702
140,AIG,2020-09-01,0 days 15:59:07.242374,357060,29.14,29.13,1052,5700,-42349,469
141,AIG,2020-09-01,0 days 15:59:11.246559,399345,29.14,29.13,663,7621,1209,-2249
142,AIG,2020-09-01,0 days 15:59:14.243517,400960,29.14,29.13,1141,8552,-2983,964
143,AIG,2020-09-01,0 days 15:59:16.242521,404079,29.14,29.13,1209,7536,28191,-2983
144,AIG,2020-09-01,0 days 15:59:17.242958,404476,29.15,29.14,6325,3236,-63,28191
145,ALLY,2020-09-01,0 days 15:55:00.294077,115428,22.9,22.89,6946,7932,-6772,4012
146,ALLY,2020-09-01,0 days 15:55:01.292985,113300,22.9,22.89,10088,7432,2128,-6772
147,ALLY,2020-09-01,0 days 15:55:33.294293,116128,22.9,22.89,16765,10588,-4972,2828
148,ALLY,2020-09-01,0 days 15:55:34.294252,113300,22.9,22.89,17065,9876,2828,-4972
149,ALLY,2020-09-01,0 days 15:55:37.294152,116128,22.9,22.89,16866,9276,-5736,1764
150,ALLY,2020-09-01,0 days 15:57:43.299192,128709,22.91,22.9,3372,9520,1142,-658
151,ALLY,2020-09-01,0 days 15:58:21.301351,128079,22.91,22.9,21874,8094,66,-934
152,ALLY,2020-09-01,0 days 15:58:22.301116,127245,22.91,22.9,19299,9594,-834,66
153,ALLY,2020-09-01,0 days 15:59:11.304888,146515,22.91,22.9,12017,9013,2453,-707
154,ALLY,2020-09-01,0 days 15:59:12.303995,144868,22.91,22.9,4455,15513,-1647,2453
155,ALLY,2020-09-01,0 days 15:59:13.303969,146515,22.91,22.9,838,17223,753,-1647
156,ALLY,2020-09-01,0 days 15:59:14.304240,145068,22.91,22.9,730,19832,-2947,753
157,AM,2020-09-01,0 days 15:55:42.237029,326999,6.42,6.41,25874,5998,-3518,3883
158,AMC,2020-09-01,0 days 15:59:09.256948,1404277,6.09,6.08,6970,11069,10061,-24417
159,AMC,2020-09-01,0 days 15:59:10.256657,1392438,6.09,6.08,3433,15759,-11839,10061
160,AMC,2020-09-01,0 days 15:59:47.250363,1455771,6.12,6.11,55235,16172,1315,-14927
161,AMC,2020-09-01,0 days 15:59:48.250085,1441686,6.12,6.11,60635,6460,-14085,1315
162,AMX,2020-09-01,0 days 15:55:00.235261,141204,12.31,12.3,16655,33316,2486,-27928
163,AMX,2020-09-01,0 days 15:57:09.239196,147705,12.31,12.3,41189,10464,-572,2801
164,AMX,2020-09-01,0 days 15:58:27.242703,158218,12.3,12.29,26690,29790,-9554,10046
165,AMX,2020-09-01,0 days 15:58:28.242318,148172,12.3,12.29,28190,28290,10046,-9554
166,AMX,2020-09-01,0 days 15:59:01.243653,158216,12.3,12.29,37254,21202,-6796,9268
167,AMX,2020-09-01,0 days 15:59:02.244432,158718,12.3,12.29,44427,11811,847,-6796
168,AMX,2020-09-01,0 days 15:59:22.243602,165176,12.3,12.29,28396,26898,-10056,1287
169,AMX,2020-09-01,0 days 15:59:23.243153,161332,12.3,12.29,33569,24898,3844,-10056
170,AMX,2020-09-01,0 days 15:59:36.242434,165176,12.3,12.29,31930,38332,-3056,3844
171,AMX,2020-09-01,0 days 15:59:37.243266,164832,12.3,12.29,31995,35932,344,-3056
172,ANF,2020-09-01,0 days 15:56:03.294991,186864,12.92,12.91,11952,7454,-374,1287
173,ANF,2020-09-01,0 days 15:56:10.295078,176674,12.92,12.91,13232,7954,10151,-1496
174,ANF,2020-09-01,0 days 15:59:06.303367,188691,12.96,12.95,16754,16208,-7345,10606
175,ANF,2020-09-01,0 days 15:59:07.303985,182236,12.96,12.95,19300,14308,6455,-7345
176,ANF,2020-09-01,0 days 15:59:31.303729,189839,12.96,12.95,9468,17995,-2696,4418
177,ANF,2020-09-01,0 days 15:59:40.304996,187283,12.96,12.95,11449,16787,2556,-2296
178,APLE,2020-09-01,0 days 15:57:52.236159,73674,10.27,10.26,3941,15820,1067,-533
179,APLE,2020-09-01,0 days 15:57:53.236136,73041,10.27,10.26,5097,15720,-633,1067
180,APLE,2020-09-01,0 days 15:58:23.237784,73674,10.27,10.26,25244,6927,3737,-5040
181,APLE,2020-09-01,0 days 15:59:05.239317,73861,10.27,10.26,10151,13190,2683,-415
182,APLE,2020-09-01,0 days 15:59:06.239832,71144,10.27,10.26,10251,13090,-2717,2683
183,APLE,2020-09-01,0 days 15:59:45.241651,75592,10.28,10.27,11928,9334,1829,-280
184,APLE,2020-09-01,0 days 15:59:46.242046,75421,10.28,10.27,13219,7258,-121,1829
185,ARMK,2020-09-01,0 days 15:55:35.238093,86741,27.82,27.81,1960,669,3572,-2028
186,ARMK,2020-09-01,0 days 15:55:36.237939,85213,27.81,27.8,631,1433,-1528,3572
187,ARMK,2020-09-01,0 days 15:55:42.238395,86741,27.81,27.8,1780,1218,1028,-1372
188,ARMK,2020-09-01,0 days 15:55:43.237938,85569,27.81,27.8,1997,1318,-1172,1028
189,ARMK,2020-09-01,0 days 15:56:37.238512,89073,27.84,27.83,1625,2456,27,-243
190,ARMK,2020-09-01,0 days 15:56:44.238989,89309,27.84,27.83,5101,4302,-34,27
191,ARMK,2020-09-01,0 days 15:57:09.240488,89343,27.87,27.85,1100,871,30,-34
192,ARMK,2020-09-01,0 days 15:57:11.236556,89373,27.87,27.86,100,1424,-91,30
193,ARMK,2020-09-01,0 days 15:58:27.244963,90933,27.81,27.8,963,1174,1840,-1141
194,ARMK,2020-09-01,0 days 15:58:28.244564,89873,27.82,27.81,1176,1843,-1041,1840
195,ARMK,2020-09-01,0 days 15:58:59.245108,90955,27.86,27.85,6276,145,439,-793
196,ARMK,2020-09-01,0 days 15:59:00.248828,90355,27.86,27.85,7771,343,-600,439
197,ARMK,2020-09-01,0 days 15:59:46.248106,104565,27.86,27.85,400,1002,3069,-1041
198,ARMK,2020-09-01,0 days 15:59:56.248458,103028,27.87,27.85,1966,349,221,-4316
199,ARMK,2020-09-01,0 days 15:59:57.244809,100249,27.87,27.84,5181,902,-4316,221
200,ARMK,2020-09-01,0 days 15:59:58.244096,103028,27.85,27.83,2830,100,221,-4316
201,ATI,2020-09-01,0 days 15:55:42.294308,58136,8.4,8.39,3965,8665,-1683,617
202,ATI,2020-09-01,0 days 15:55:43.294135,57419,8.4,8.39,3665,8565,717,-1683
203,ATI,2020-09-01,0 days 15:56:16.295201,58936,8.41,8.4,4193,5569,-2034,366
204,ATI,2020-09-01,0 days 15:56:17.295206,56570,8.41,8.4,4093,5595,2366,-2034
205,ATI,2020-09-01,0 days 15:56:52.296503,58950,8.41,8.4,7497,4735,-1261,2309
206,ATI,2020-09-01,0 days 15:56:53.296486,58811,8.41,8.4,6919,4735,139,-1261
207,ATI,2020-09-01,0 days 15:57:25.298118,59242,8.41,8.4,3231,10805,-1269,331
208,ATI,2020-09-01,0 days 15:57:26.298339,59011,8.41,8.4,3531,9605,195,-1269
209,ATI,2020-09-01,0 days 15:57:33.298544,59242,8.42,8.41,2934,10162,-1269,195
210,ATI,2020-09-01,0 days 15:57:34.298636,59011,8.42,8.41,2834,9796,195,-1269
211,ATI,2020-09-01,0 days 15:58:02.300912,55700,8.42,8.41,9804,1618,-811,395
212,ATI,2020-09-01,0 days 15:59:00.304090,56808,8.42,8.41,8746,11812,3110,-590
213,ATI,2020-09-01,0 days 15:59:02.303326,60421,8.42,8.41,7912,6793,-2102,310
214,ATI,2020-09-01,0 days 15:59:04.303588,62723,8.42,8.41,9289,5063,85,-2102
215,ATI,2020-09-01,0 days 15:59:11.304810,63224,8.42,8.41,8089,6153,-778,501
216,ATUS,2020-09-01,0 days 15:55:00.292865,131965,27.64,27.63,1953,12655,4767,-25695
217,ATUS,2020-09-01,0 days 15:56:09.295285,138032,27.64,27.63,5562,16056,-121,387
218,ATUS,2020-09-01,0 days 15:56:52.296393,138153,27.64,27.63,13640,15131,103,-397
219,ATUS,2020-09-01,0 days 15:57:46.298859,142725,27.64,27.63,13114,14307,-1327,806
220,ATUS,2020-09-01,0 days 15:58:09.301087,158098,27.64,27.63,13848,14411,1167,-1767
221,ATUS,2020-09-01,0 days 15:59:06.303241,207772,27.62,27.61,5790,15226,3219,-181
222,ATUS,2020-09-01,0 days 15:59:07.303811,203791,27.62,27.61,6090,15726,-3981,3219
223,ATUS,2020-09-01,0 days 15:59:11.304651,207772,27.62,27.61,8629,16626,4960,-3042
224,ATUS,2020-09-01,0 days 15:59:12.303795,204432,27.62,27.61,8629,16626,-3340,4960
225,ATUS,2020-09-01,0 days 15:59:28.303023,211265,27.63,27.62,8222,13738,5903,-6684
226,ATUS,2020-09-01,0 days 15:59:29.303300,207240,27.64,27.63,8684,8348,-8249,5903
227,ATUS,2020-09-01,0 days 15:59:43.305317,215489,27.64,27.63,1827,25941,3339,-2378
228,ATUS,2020-09-01,0 days 15:59:44.305073,213428,27.64,27.63,463,29834,-2061,3339
229,ATUS,2020-09-01,0 days 15:59:45.305438,216289,27.65,27.64,10100,17373,2372,-2061
230,AU,2020-09-01,0 days 15:57:49.238388,72220,29.14,29.13,2522,2774,-52,2331
231,AU,2020-09-01,0 days 15:58:13.240164,70172,29.13,29.12,3938,1934,2031,-52
232,AU,2020-09-01,0 days 15:59:47.244055,71259,29.15,29.14,2500,958,3361,-7255
233,AUY,2020-09-01,0 days 15:56:03.238051,91718,6.07,6.06,107410,485460,420,-1280
234,AUY,2020-09-01,0 days 15:58:52.245344,94870,6.09,6.08,507775,502350,8016,-11698
235,AUY,2020-09-01,0 days 15:59:07.246114,102186,6.08,6.07,451178,511223,-2876,4597
236,AUY,2020-09-01,0 days 15:59:46.248201,107594,6.09,6.08,429315,370035,3893,-229
237,AVTR,2020-09-01,0 days 15:55:00.245185,96954,22.54,22.53,803,4048,4975,-7304
238,AVTR,2020-09-01,0 days 15:55:58.247432,169252,22.53,22.52,4870,4463,-24,46
239,AVTR,2020-09-01,0 days 15:56:04.248063,169276,22.53,22.52,5373,4263,1482,-24
240,AVTR,2020-09-01,0 days 15:56:12.247690,172213,22.54,22.53,3818,5406,-163,2937
241,AVTR,2020-09-01,0 days 15:56:17.248162,165976,22.54,22.53,3818,7362,6237,-463
242,AVTR,2020-09-01,0 days 15:57:35.248812,172213,22.54,22.53,3205,8860,-54,2746
243,AVTR,2020-09-01,0 days 15:57:39.247181,167167,22.54,22.53,3972,8504,5046,-1054
244,AVTR,2020-09-01,0 days 15:59:07.253077,173937,22.56,22.55,6751,6311,-14427,3214
245,AVTR,2020-09-01,0 days 15:59:08.253180,173064,22.56,22.55,7351,5311,873,-14427
246,AVTR,2020-09-01,0 days 15:59:21.248564,183655,22.56,22.55,3625,5418,-706,1216
247,AXP,2020-09-01,0 days 15:55:00.239049,216076,102.2,102.19,894,441,82410,-78944
248,AXP,2020-09-01,0 days 15:57:36.235309,298921,102.39,102.37,741,682,-677,1123
249,AXP,2020-09-01,0 days 15:57:37.235553,295998,102.38,102.37,310,482,2923,-677
250,AXP,2020-09-01,0 days 15:57:58.236510,298921,102.39,102.38,767,1797,-97,4103
251,AXP,2020-09-01,0 days 15:58:01.237191,292718,102.38,102.37,134,701,2309,-97
252,AXP,2020-09-01,0 days 15:58:24.238123,295027,102.3,102.29,1328,1473,-2496,504
253,AXP,2020-09-01,0 days 15:58:25.237672,292623,102.3,102.29,1857,800,2404,-2496
254,AXP,2020-09-01,0 days 15:59:05.239254,299698,102.33,102.32,2217,100,-3861,1412
255,AXP,2020-09-01,0 days 15:59:06.239789,296378,102.33,102.31,2581,1318,3320,-3861
256,AXP,2020-09-01,0 days 15:59:36.239681,304743,102.45,102.42,601,1050,-2310,586
257,AXP,2020-09-01,0 days 15:59:37.239650,304053,102.42,102.4,1327,228,690,-2310
258,AXP,2020-09-01,0 days 15:59:44.240225,305543,102.46,102.45,1850,600,-2591,809
259,AXP,2020-09-01,0 days 15:59:45.241596,305134,102.45,102.43,342,1000,409,-2591
260,AXP,2020-09-01,0 days 15:59:49.241114,305334,102.45,102.44,500,200,209,-391
261,AZN,2020-09-01,0 days 15:56:09.237370,31320,55.34,55.33,641,3897,-175,1595
262,AZN,2020-09-01,0 days 15:56:10.237638,29895,55.34,55.33,641,3844,1625,-175
263,AZN,2020-09-01,0 days 15:57:10.239277,27926,55.37,55.36,200,4393,1155,-1445
264,AZN,2020-09-01,0 days 15:59:01.243543,29081,55.37,55.36,297,3208,-91,529
265,AZN,2020-09-01,0 days 15:59:03.244059,29172,55.38,55.37,3696,696,80,-91
266,AZN,2020-09-01,0 days 15:59:04.244215,29252,55.38,55.37,3396,796,-7225,80
267,BA,2020-09-01,0 days 15:55:00.293716,172110,171.98,171.97,200,300,1051,-6875
268,BA,2020-09-01,0 days 15:55:01.292972,171961,171.99,171.97,931,763,-149,1051
269,BA,2020-09-01,0 days 15:55:48.294495,177883,171.97,171.95,1841,400,733,-696
270,BA,2020-09-01,0 days 15:55:49.294605,177316,171.97,171.93,1228,323,-587,733
271,BA,2020-09-01,0 days 15:56:25.295515,179455,172.0,171.99,2025,300,2017,-483
272,BA,2020-09-01,0 days 15:56:26.296016,178772,172.0,171.97,2594,100,-683,2017
273,BA,2020-09-01,0 days 15:57:34.298676,179599,172.0,171.97,638,3033,880,-420
274,BA,2020-09-01,0 days 15:57:35.298636,177879,172.0,171.97,638,3033,-1720,880
275,BA,2020-09-01,0 days 15:57:40.299065,180199,172.0,171.98,1762,904,1180,-1220
276,BA,2020-09-01,0 days 15:57:41.299202,177979,172.0,171.98,1823,489,-2220,1180
277,BA,2020-09-01,0 days 15:57:54.299623,183606,172.0,171.98,1306,1617,73,-1127
278,BA,2020-09-01,0 days 15:58:32.301356,184007,172.04,171.99,920,200,1887,-1713
279,BA,2020-09-01,0 days 15:58:33.301222,182731,172.04,171.99,920,300,-1276,1887
280,BA,2020-09-01,0 days 15:58:42.302280,184007,172.04,171.99,500,600,2024,-1613
281,BA,2020-09-01,0 days 15:58:43.302078,182831,172.02,171.99,200,287,-1176,2024
282,BA,2020-09-01,0 days 15:58:53.302442,184007,172.01,171.98,2400,495,698,-1176
283,BA,2020-09-01,0 days 15:58:54.302470,182805,172.01,171.99,1908,300,-1202,698
284,BA,2020-09-01,0 days 15:59:01.302934,186884,172.04,172.01,600,197,4256,-1207
285,BA,2020-09-01,0 days 15:59:24.303721,240758,172.25,172.22,1025,440,-3559,8278
286,BA,2020-09-01,0 days 15:59:25.303367,232690,172.24,172.18,906,1080,8068,-3559
287,BAC,2020-09-01,0 days 15:55:01.234288,2134606,25.67,25.66,97356,80973,-11071,17262
288,BAX,2020-09-01,0 days 15:55:42.248609,170349,85.54,85.51,1412,721,-146,54
289,BAX,2020-09-01,0 days 15:55:50.248226,168600,85.53,85.51,500,1490,1749,-151
290,BAX,2020-09-01,0 days 15:56:03.249033,170349,85.53,85.52,1619,831,-10128,2
291,BAX,2020-09-01,0 days 15:56:06.248738,170877,85.52,85.51,400,400,174,-528
292,BAX,2020-09-01,0 days 15:56:15.249432,171056,85.53,85.52,1097,984,-1021,79
293,BAX,2020-09-01,0 days 15:57:16.249183,172587,85.46,85.45,3022,888,269,-545
294,BAX,2020-09-01,0 days 15:57:38.251173,174656,85.46,85.44,1205,1348,-145,855
295,BAX,2020-09-01,0 days 15:57:39.250834,173801,85.46,85.44,1130,1449,855,-145
296,BAX,2020-09-01,0 days 15:57:40.251126,174656,85.46,85.44,1430,1114,-645,855
297,BAX,2020-09-01,0 days 15:57:41.251666,173801,85.45,85.44,429,714,1255,-645
298,BAX,2020-09-01,0 days 15:57:45.251862,176256,85.44,85.43,300,1065,-627,473
299,BAX,2020-09-01,0 days 15:57:47.251575,175383,85.44,85.43,200,1400,873,-1727
300,BAX,2020-09-01,0 days 15:58:01.253763,175383,85.46,85.45,1703,365,873,-127
301,BAX,2020-09-01,0 days 15:58:02.252946,173297,85.46,85.45,1703,133,-3686,873
302,BAX,2020-09-01,0 days 15:58:05.253362,169683,85.45,85.44,1658,665,1219,-3409
303,BAX,2020-09-01,0 days 15:58:08.253014,171340,85.45,85.44,1555,345,-143,557
304,BAX,2020-09-01,0 days 15:58:09.253331,170683,85.45,85.44,1655,445,657,-143
305,BAX,2020-09-01,0 days 15:58:18.253382,171340,85.45,85.44,1798,932,-1243,557
306,BAX,2020-09-01,0 days 15:58:19.253324,170683,85.45,85.44,1498,932,657,-1243
307,BAX,2020-09-01,0 days 15:58:23.253607,167740,85.49,85.47,500,827,-2329,571
308,BAX,2020-09-01,0 days 15:58:27.255117,167769,85.47,85.45,1000,547,2871,-29
309,BAX,2020-09-01,0 days 15:58:56.255116,168869,85.48,85.47,700,897,321,-2179
310,BAX,2020-09-01,0 days 15:58:59.255035,169358,85.48,85.47,684,1297,-6011,321
311,BAX,2020-09-01,0 days 15:59:47.250542,200441,85.53,85.5,1496,1344,1226,-1290
312,BAX,2020-09-01,0 days 15:59:48.250329,199667,85.53,85.5,1396,1535,-1728,1226
313,BB,2020-09-01,0 days 15:59:36.249736,59553,5.59,5.58,69909,200189,7140,-11259
314,BB,2020-09-01,0 days 15:59:46.251627,59655,5.59,5.58,33101,265775,2000,-760
315,BB,2020-09-01,0 days 15:59:47.251059,59093,5.59,5.58,33089,262875,-460,2000
316,BBD,2020-09-01,0 days 15:59:47.243468,691705,3.92,3.91,1421889,673805,-56343,38441
317,BBD,2020-09-01,0 days 15:59:48.242358,687048,3.92,3.91,1488789,666305,4657,-56343
318,BBVA,2020-09-01,0 days 15:59:36.249819,30262,2.9,2.89,614075,93408,1942,-3447
319,BBY,2020-09-01,0 days 15:56:12.249113,214039,113.58,113.56,624,700,3744,-256
320,BBY,2020-09-01,0 days 15:56:13.249075,213883,113.59,113.57,615,1187,-156,3744
321,BBY,2020-09-01,0 days 15:56:18.249561,214740,113.61,113.59,539,700,543,-157
322,BBY,2020-09-01,0 days 15:56:19.250370,214583,113.61,113.59,639,700,-57,543
323,BBY,2020-09-01,0 days 15:56:25.249654,214740,113.61,113.59,700,900,2243,-157
324,BBY,2020-09-01,0 days 15:56:26.249672,214583,113.64,113.6,550,557,-157,2243
325,BBY,2020-09-01,0 days 15:56:47.250181,215040,113.63,113.62,100,1722,58,-157
326,BBY,2020-09-01,0 days 15:56:48.250171,214898,113.63,113.62,649,1663,-142,58
327,BBY,2020-09-01,0 days 15:57:35.251284,217361,113.65,113.64,374,301,1646,-354
328,BBY,2020-09-01,0 days 15:57:36.251579,217007,113.66,113.64,357,1139,-754,1646
329,BBY,2020-09-01,0 days 15:57:41.251628,218061,113.66,113.64,652,2268,446,-1554
330,BBY,2020-09-01,0 days 15:57:42.251457,219007,113.66,113.64,752,1968,-554,446
331,BBY,2020-09-01,0 days 15:57:48.251659,219361,113.64,113.62,834,830,47,-453
332,BBY,2020-09-01,0 days 15:57:49.251596,218308,113.64,113.63,100,400,-1053,47
333,BBY,2020-09-01,0 days 15:57:50.251745,219361,113.64,113.63,100,310,47,-1053
334,BBY,2020-09-01,0 days 15:57:52.251861,219508,113.64,113.63,233,410,-427,47
335,BBY,2020-09-01,0 days 15:57:54.251890,219935,113.65,113.64,535,514,973,-427
336,BBY,2020-09-01,0 days 15:57:55.251391,219508,113.65,113.64,535,714,-427,973
337,BBY,2020-09-01,0 days 15:58:03.252397,219935,113.66,113.64,1009,1173,473,-327
338,BBY,2020-09-01,0 days 15:58:04.252924,219508,113.63,113.58,614,1013,-127,473
339,BBY,2020-09-01,0 days 15:58:14.253827,220352,113.6,113.58,720,984,856,-244
340,BBY,2020-09-01,0 days 15:58:15.253716,218108,113.6,113.58,2187,884,-2244,856
341,BBY,2020-09-01,0 days 15:58:19.253309,220506,113.6,113.58,3024,1180,1302,-444
342,BBY,2020-09-01,0 days 15:58:20.253854,220108,113.6,113.58,2665,1180,-244,1302
343,BBY,2020-09-01,0 days 15:58:30.254347,219952,113.6,113.58,934,604,56,-44
344,BBY,2020-09-01,0 days 15:58:31.254270,219508,113.6,113.58,943,704,-444,56
345,BBY,2020-09-01,0 days 15:58:37.255078,214504,113.6,113.58,371,1074,2004,-344
346,BBY,2020-09-01,0 days 15:58:40.255295,219673,113.59,113.57,100,536,-116,1515
347,BBY,2020-09-01,0 days 15:59:15.255931,231992,113.6,113.58,1109,561,18845,-719
348,BBY,2020-09-01,0 days 15:59:16.255632,237139,113.61,113.58,602,1756,-1400,18845
349,BBY,2020-09-01,0 days 15:59:18.256532,240534,113.61,113.58,700,2085,3727,-606
350,BBY,2020-09-01,0 days 15:59:55.250382,249168,113.63,113.54,219,851,-1808,4839
351,BBY,2020-09-01,0 days 15:59:56.251605,244429,113.63,113.54,419,1751,4839,-1808
352,BDX,2020-09-01,0 days 15:56:04.234171,94499,240.52,240.44,201,429,-1915,2585
353,BDX,2020-09-01,0 days 15:56:05.234392,94114,240.52,240.45,479,300,385,-1915
354,BDX,2020-09-01,0 days 15:56:09.234786,94599,240.52,240.45,311,700,-334,205
355,BDX,2020-09-01,0 days 15:56:10.234744,94533,240.65,240.46,514,500,66,-334
356,BDX,2020-09-01,0 days 15:56:26.234861,94599,240.65,240.55,200,500,-11,89
357,BDX,2020-09-01,0 days 15:57:40.238247,96895,240.66,240.58,513,388,542,-158
358,BDX,2020-09-01,0 days 15:57:44.238363,96505,240.57,240.5,100,200,643,-547
359,BDX,2020-09-01,0 days 15:57:45.238398,96348,240.53,240.46,101,100,-157,643
360,BDX,2020-09-01,0 days 15:57:47.238293,96705,240.53,240.46,207,400,1343,-157
361,BDX,2020-09-01,0 days 15:58:05.240072,98696,240.64,240.5,101,346,52,-848
362,BDX,2020-09-01,0 days 15:58:06.240666,98548,240.64,240.5,356,400,-48,52
363,BDX,2020-09-01,0 days 15:58:08.240295,98696,240.64,240.5,321,637,85,-48
364,BDX,2020-09-01,0 days 15:58:09.240360,98581,240.64,240.5,321,637,-15,85
365,BDX,2020-09-01,0 days 15:58:16.240349,97781,240.64,240.5,721,1451,-115,385
366,BDX,2020-09-01,0 days 15:58:46.241855,98696,240.66,240.63,706,1196,185,-115
367,BDX,2020-09-01,0 days 15:59:23.243444,119952,240.77,240.76,404,681,-5385,683
368,BDX,2020-09-01,0 days 15:59:24.242931,118987,240.76,240.71,467,336,2689,-5385
369,BE,2020-09-01,0 days 15:59:22.241769,119771,16.42,16.41,4116,152,-424,176
370,BE,2020-09-01,0 days 15:59:24.241151,115120,16.4,16.39,2694,400,4651,-10649
371,BE,2020-09-01,0 days 15:59:38.241739,120371,16.42,16.41,300,500,-390,410
372,BE,2020-09-01,0 days 15:59:47.242945,118190,16.42,16.41,5639,5774,2181,-9519
373,BEKE,2020-09-01,0 days 15:58:08.241263,12486,53.86,53.84,100,600,30,-468
374,BEKE,2020-09-01,0 days 15:58:28.242318,12516,53.85,53.83,1843,257,-470,30
375,BEKE,2020-09-01,0 days 15:58:29.241925,12486,53.85,53.83,1843,257,30,-470
376,BEKE,2020-09-01,0 days 15:59:03.244100,13203,53.8,53.75,1000,300,-64,736
377,BEKE,2020-09-01,0 days 15:59:04.244310,13067,53.8,53.75,1000,300,136,-64
378,BEN,2020-09-01,0 days 15:59:11.304777,223281,21.01,21.0,6628,9535,6892,-5262
379,BEN,2020-09-01,0 days 15:59:12.303909,219573,21.01,21.0,6578,9935,-3708,6892
380,BEN,2020-09-01,0 days 15:59:15.303331,223340,21.01,21.0,7132,8940,5426,-3708
381,BEN,2020-09-01,0 days 15:59:16.302379,221061,21.01,21.0,4694,13140,-2220,5426
382,BEN,2020-09-01,0 days 15:59:40.304948,225645,21.02,21.01,9508,11968,367,-790
383,BEN,2020-09-01,0 days 15:59:41.304302,218912,21.02,21.01,6485,18173,-6390,367
384,BEN,2020-09-01,0 days 15:59:46.304975,225302,21.02,21.01,10172,9954,6411,-1890
385,BEN,2020-09-01,0 days 15:59:47.304192,223913,21.02,21.01,8572,11954,-1389,6411
386,BEST,2020-09-01,0 days 15:56:33.249296,27535,4.21,4.2,21018,15892,-6920,9680
387,BEST,2020-09-01,0 days 15:56:34.249203,26555,4.21,4.2,21018,16180,980,-6920
388,BEST,2020-09-01,0 days 15:57:11.251721,34093,4.21,4.2,21781,16280,-3162,980
389,BEST,2020-09-01,0 days 15:57:12.251080,32555,4.21,4.2,21781,16280,1538,-3162
390,BEST,2020-09-01,0 days 15:58:11.250809,36005,4.21,4.2,21564,17176,-251,1750
391,BEST,2020-09-01,0 days 15:58:12.250887,34456,4.21,4.2,21564,17176,1549,-251
392,BEST,2020-09-01,0 days 15:58:28.250975,33972,4.22,4.21,20592,18176,-684,2140
393,BEST,2020-09-01,0 days 15:58:29.251015,32656,4.22,4.21,20492,18376,1316,-684
394,BHC,2020-09-01,0 days 15:55:00.236442,107729,16.2,16.19,6643,3964,2410,-17242
395,BHC,2020-09-01,0 days 15:55:42.237611,110639,16.2,16.19,8729,7318,-438,1162
396,BHC,2020-09-01,0 days 15:55:43.237960,108077,16.2,16.19,8529,7618,2062,-438
397,BHC,2020-09-01,0 days 15:57:40.238962,111899,16.2,16.19,8084,5809,-5,1195
398,BHC,2020-09-01,0 days 15:57:41.239322,111321,16.2,16.19,7484,5945,578,-5
399,BHC,2020-09-01,0 days 15:57:42.239233,112399,16.2,16.19,8184,5645,-259,578
400,BHC,2020-09-01,0 days 15:58:06.241829,109958,16.19,16.18,9094,21819,737,-1459
401,BHC,2020-09-01,0 days 15:58:30.241298,112121,16.19,16.18,17949,20215,-2283,163
402,BHC,2020-09-01,0 days 15:58:49.241776,112121,16.2,16.19,14264,2193,-37,100
403,BHC,2020-09-01,0 days 15:58:50.242170,111321,16.2,16.19,13454,2793,300,-37
404,BHC,2020-09-01,0 days 15:59:14.242388,111103,16.2,16.19,15997,3188,514,-501
405,BIG,2020-09-01,0 days 15:55:00.235373,46650,47.99,47.98,441,245,979,-15024
406,BIG,2020-09-01,0 days 15:55:42.237554,47629,48.01,48.0,749,375,-158,242
407,BIG,2020-09-01,0 days 15:55:43.237910,46787,48.01,47.99,1249,433,842,-158
408,BIG,2020-09-01,0 days 15:57:18.237848,48402,48.0,47.98,802,1060,-674,196
409,BIG,2020-09-01,0 days 15:57:19.237800,47676,48.0,47.98,702,1160,726,-674
410,BIG,2020-09-01,0 days 15:57:31.238276,48402,48.02,48.01,496,587,-144,726
411,BIG,2020-09-01,0 days 15:57:32.238813,47746,48.02,48.01,486,587,656,-144
412,BIG,2020-09-01,0 days 15:58:25.241274,48496,48.04,48.03,300,680,-43,457
413,BIG,2020-09-01,0 days 15:58:26.241100,48239,48.04,48.03,300,920,257,-43
414,BIG,2020-09-01,0 days 15:58:28.241368,48496,48.04,48.03,407,1070,-1043,257
415,BIG,2020-09-01,0 days 15:58:30.241232,48239,48.04,48.03,100,600,257,-43
416,BIG,2020-09-01,0 days 15:59:04.241870,49896,48.06,48.05,469,755,-2395,370
417,BIG,2020-09-01,0 days 15:59:05.241304,51991,48.05,48.03,808,600,2305,-2395
418,BIG,2020-09-01,0 days 15:59:08.241965,51183,48.03,48.02,1397,800,-108,544
419,BIG,2020-09-01,0 days 15:59:32.242227,52262,48.07,48.05,150,530,976,-179
420,BIG,2020-09-01,0 days 15:59:33.241686,52138,48.09,48.06,100,400,-124,976
421,BIG,2020-09-01,0 days 15:59:36.241519,52262,48.08,48.06,447,1093,276,-124
422,BIG,2020-09-01,0 days 15:59:37.241890,52538,48.08,48.06,547,1093,-754,276
423,BIG,2020-09-01,0 days 15:59:50.246124,53838,48.09,48.08,166,400,-5253,5146
424,BILL,2020-09-01,0 days 15:57:46.239220,22906,98.31,98.28,900,1298,432,-168
425,BILL,2020-09-01,0 days 15:57:47.238957,21938,98.31,98.28,940,1298,-968,432
426,BILL,2020-09-01,0 days 15:59:46.244196,26981,98.33,98.3,278,400,1090,-93
427,BILL,2020-09-01,0 days 15:59:47.242912,26371,98.34,98.31,600,456,-610,1090
428,BJ,2020-09-01,0 days 15:55:59.239035,132705,44.53,44.52,1564,4826,-4971,920
429,BJ,2020-09-01,0 days 15:56:00.239864,128976,44.54,44.53,756,1714,3729,-4971
430,BJ,2020-09-01,0 days 15:59:01.243571,131368,44.55,44.54,2607,701,-3998,4251
431,BJ,2020-09-01,0 days 15:59:02.244357,128068,44.55,44.54,3007,577,3300,-3998
432,BJ,2020-09-01,0 days 15:59:14.244922,131592,44.55,44.54,2860,1051,-3122,2475
433,BJ,2020-09-01,0 days 15:59:15.243655,129814,44.55,44.54,2860,1151,1878,-3122
434,BJ,2020-09-01,0 days 15:59:20.243382,131702,44.55,44.54,2735,479,-8171,1888
435,BJ,2020-09-01,0 days 15:59:21.243152,129777,44.54,44.53,2013,371,1929,-8171
436,BJ,2020-09-01,0 days 15:59:39.243149,131545,44.54,44.53,1445,454,661,-2539
437,BJ,2020-09-01,0 days 15:59:46.244734,132206,44.54,44.53,1866,1117,-4961,661
438,BJ,2020-09-01,0 days 15:59:47.244572,131867,44.54,44.53,967,1741,339,-4961
439,BK,2020-09-01,0 days 15:55:00.235275,233854,37.21,37.2,4573,6094,55490,-40888
440,BK,2020-09-01,0 days 15:56:13.238688,290299,37.23,37.22,3511,6023,-4443,2406
441,BK,2020-09-01,0 days 15:56:34.238664,297409,37.23,37.22,4227,6643,3990,-1159
442,BK,2020-09-01,0 days 15:56:35.238682,296699,37.23,37.22,4127,6743,-359,3990
443,BK,2020-09-01,0 days 15:56:49.239664,297409,37.23,37.22,2517,6528,3590,-359
444,BK,2020-09-01,0 days 15:56:50.240171,296699,37.23,37.22,5474,4535,-359,3590
445,BK,2020-09-01,0 days 15:59:04.241788,329308,37.22,37.21,3398,5303,4122,-2540
446,BK,2020-09-01,0 days 15:59:05.241268,327635,37.22,37.21,535,6003,-14684,4122
447,BK,2020-09-01,0 days 15:59:11.243597,344800,37.23,37.22,8012,3564,180,-4492
448,BK,2020-09-01,0 days 15:59:24.241129,403703,37.21,37.2,5554,3533,2324,-5995
449,BK,2020-09-01,0 days 15:59:25.241415,398727,37.21,37.2,5190,2833,-15338,2324
450,BK,2020-09-01,0 days 15:59:46.244255,422373,37.22,37.21,9208,2095,112,-8199
451,BK,2020-09-01,0 days 15:59:47.243015,424285,37.22,37.21,7950,3995,-4153,112
452,BKD,2020-09-01,0 days 15:59:01.256291,68030,2.77,2.76,16691,26481,-121,3482
453,BKD,2020-09-01,0 days 15:59:07.257182,53964,2.77,2.76,20882,21538,14066,-5256
454,BKD,2020-09-01,0 days 15:59:18.256801,68184,2.77,2.76,14929,29541,-4202,2554
455,BKD,2020-09-01,0 days 15:59:19.255786,66864,2.77,2.76,18829,27841,1320,-4202
456,BKD,2020-09-01,0 days 15:59:23.256103,68184,2.77,2.76,17177,29241,-1234,1320
457,BKD,2020-09-01,0 days 15:59:24.256076,67096,2.77,2.76,18377,27641,1088,-1234
458,BKR,2020-09-01,0 days 15:59:11.242508,532523,13.9,13.89,11629,19892,13648,-4258
459,BKR,2020-09-01,0 days 15:59:12.239982,529571,13.9,13.89,11127,19793,-3033,13648
460,BKR,2020-09-01,0 days 15:59:46.242046,581979,13.91,13.9,19520,17388,1092,-10634
461,BKR,2020-09-01,0 days 15:59:47.240974,586019,13.91,13.9,19820,17402,-2970,1092
462,BKU,2020-09-01,0 days 15:56:00.249699,91283,23.46,23.45,1500,2009,-1204,683
463,BKU,2020-09-01,0 days 15:56:01.249101,88287,23.46,23.45,441,2385,2996,-1204
464,BKU,2020-09-01,0 days 15:59:43.250288,102427,23.54,23.53,1193,999,-2442,269
465,BKU,2020-09-01,0 days 15:59:44.249717,101269,23.54,23.53,891,1399,1158,-2442
466,BKU,2020-09-01,0 days 15:59:46.251779,102427,23.54,23.53,397,2195,-2004,939
467,BKU,2020-09-01,0 days 15:59:47.250718,101652,23.55,23.54,1701,1382,577,-2004
468,BMY,2020-09-01,0 days 15:55:00.293067,608547,60.89,60.88,6041,2522,96628,-16984
469,BMY,2020-09-01,0 days 15:55:59.294740,732333,60.87,60.86,4450,8832,-2174,5196
470,BMY,2020-09-01,0 days 15:56:00.294971,727507,60.87,60.86,2662,11819,4660,-2174
471,BMY,2020-09-01,0 days 15:56:20.295784,760450,60.93,60.92,1006,9943,-904,1337
472,BMY,2020-09-01,0 days 15:56:21.295351,753654,60.93,60.92,400,12743,6796,-904
473,BMY,2020-09-01,0 days 15:57:33.298544,761565,60.94,60.93,7462,3578,-6651,4049
474,BMY,2020-09-01,0 days 15:57:34.298588,757916,60.94,60.93,7780,3478,3649,-6651
475,BMY,2020-09-01,0 days 15:57:36.298453,762465,60.94,60.93,3989,7153,-3651,2949
476,BMY,2020-09-01,0 days 15:57:37.298540,760116,60.94,60.93,5987,4649,2349,-3651
477,BMY,2020-09-01,0 days 15:57:41.299142,762465,60.94,60.93,8843,3849,-1050,4250
478,BMY,2020-09-01,0 days 15:57:42.299401,754315,60.94,60.93,9241,3649,8150,-1050
479,BMY,2020-09-01,0 days 15:57:45.299356,762465,60.94,60.93,8922,4551,-4589,711
480,BMY,2020-09-01,0 days 15:57:50.299265,766654,60.93,60.92,7635,5488,1811,-489
481,BMY,2020-09-01,0 days 15:57:59.299557,777465,60.93,60.92,1632,13718,-5789,1111
482,BMY,2020-09-01,0 days 15:58:00.300069,776454,60.94,60.93,7006,2978,1011,-5789
483,BMY,2020-09-01,0 days 15:58:07.300759,777465,60.94,60.93,3421,13968,-3125,1375
484,BMY,2020-09-01,0 days 15:58:08.300916,775690,60.94,60.93,3159,11337,1775,-3125
485,BMY,2020-09-01,0 days 15:58:12.300871,777465,60.94,60.93,1778,12076,-5325,1475
486,BMY,2020-09-01,0 days 15:58:13.301183,775690,60.94,60.93,713,11517,1775,-5325
487,BMY,2020-09-01,0 days 15:59:02.303289,856639,60.94,60.93,7343,2000,-5377,24226
488,BMY,2020-09-01,0 days 15:59:13.303893,877640,60.94,60.93,3847,7351,233,-197
489,BMY,2020-09-01,0 days 15:59:15.303331,877873,60.94,60.93,3918,7129,-367,233
490,BMY,2020-09-01,0 days 15:59:38.303748,934724,60.93,60.92,11028,4144,5979,-1860
491,BMY,2020-09-01,0 days 15:59:42.304339,934924,60.93,60.92,8512,3991,5479,-2032
492,BMY,2020-09-01,0 days 15:59:46.304975,939203,60.94,60.93,2503,10143,-3385,2000
493,BOX,2020-09-01,0 days 15:55:00.234178,88903,19.99,19.98,1956,4673,2542,-423
494,BOX,2020-09-01,0 days 15:58:11.242185,93192,20.0,19.99,18479,22884,-3585,1396
495,BOX,2020-09-01,0 days 15:59:29.242723,143111,20.05,20.04,15004,7860,642,-4858
496,BP,2020-09-01,0 days 15:55:00.235347,844098,20.76,20.75,46130,39364,95355,-769709
497,BP,2020-09-01,0 days 15:55:01.235195,825853,20.76,20.75,30030,50889,-18245,95355
498,BP,2020-09-01,0 days 15:59:37.244992,912169,20.79,20.78,96668,38209,6711,-33489
499,BRFS,2020-09-01,0 days 15:59:36.245055,48191,3.72,3.71,28419,312738,-18264,24836
500,BRK.B,2020-09-01,0 days 15:59:09.252924,407080,218.0,217.97,5448,326,27072,-13668
501,BRK.B,2020-09-01,0 days 15:59:10.252935,407104,218.0,217.97,1301,226,-176,27072
502,BRK.B,2020-09-01,0 days 15:59:15.249931,409541,218.02,217.98,300,328,103415,-583
503,BRK.B,2020-09-01,0 days 15:59:35.249964,502817,218.28,218.26,2751,538,-142,2558
504,BRK.B,2020-09-01,0 days 15:59:36.249666,499208,218.28,218.27,1330,200,7097,-142
505,BRK.B,2020-09-01,0 days 15:59:45.251036,506125,218.43,218.34,102,200,-4863,246
506,BRK.B,2020-09-01,0 days 15:59:46.251547,501888,218.44,218.33,431,300,4237,-4863
507,BRX,2020-09-01,0 days 15:55:00.293972,123867,12.06,12.05,11810,3746,-8324,33065
508,BRX,2020-09-01,0 days 15:58:09.301207,138665,12.05,12.04,15869,17786,-4950,3926
509,BSX,2020-09-01,0 days 15:55:00.243733,384290,41.43,41.42,5464,4215,7128,-86688
510,BSX,2020-09-01,0 days 15:55:01.243800,377718,41.44,41.43,10873,4972,-6572,7128
511,BSX,2020-09-01,0 days 15:57:31.246315,396975,41.41,41.4,3763,14414,454,-446
512,BSX,2020-09-01,0 days 15:57:32.246525,390329,41.42,41.41,4948,13628,-6646,454
513,BSX,2020-09-01,0 days 15:59:08.251588,505457,41.44,41.43,7831,9740,38574,-14145
514,BSX,2020-09-01,0 days 15:59:09.251273,491928,41.45,41.44,6154,6029,-13529,38574
515,BSX,2020-09-01,0 days 15:59:15.248235,511212,41.45,41.44,5761,9529,13555,-15184
516,BSX,2020-09-01,0 days 15:59:16.247282,502670,41.46,41.45,1600,12330,-11312,13555
517,BTU,2020-09-01,0 days 15:55:35.234197,34244,2.64,2.63,16197,5725,985,-1615
518,BTU,2020-09-01,0 days 15:55:36.237404,33129,2.64,2.63,16154,5725,-1115,985
519,BTU,2020-09-01,0 days 15:58:10.243167,50368,2.64,2.63,19822,8485,2336,-2688
520,BTU,2020-09-01,0 days 15:58:11.243861,48155,2.64,2.63,19822,7467,-2213,2336
521,BWA,2020-09-01,0 days 15:59:47.242796,296424,41.6,41.59,855,2900,5832,-1090
522,BWA,2020-09-01,0 days 15:59:48.242578,293956,41.61,41.59,2824,3500,-2468,5832
523,BX,2020-09-01,0 days 15:59:18.250516,228643,53.6,53.57,200,1000,-227,2892
524,BX,2020-09-01,0 days 15:59:29.249076,225165,53.61,53.57,1000,1109,3378,-1722
525,BX,2020-09-01,0 days 15:59:35.250250,228209,53.65,53.61,600,1011,-99,1408
526,BX,2020-09-01,0 days 15:59:42.250670,224890,53.66,53.62,1414,1478,319,-1781
527,C,2020-09-01,0 days 15:55:00.234130,680092,51.05,51.04,7029,3591,-698,7904
528,C,2020-09-01,0 days 15:58:54.242912,713507,51.12,51.11,3267,10509,3922,-2678
529,C,2020-09-01,0 days 15:58:55.243051,711576,51.12,51.11,488,10672,-1931,3922
530,C,2020-09-01,0 days 15:59:06.243729,722192,51.12,51.11,4654,6844,7462,-7550
531,C,2020-09-01,0 days 15:59:07.245238,718229,51.12,51.11,4516,6659,-7663,7462
532,C,2020-09-01,0 days 15:59:12.245471,730956,51.14,51.13,5827,8700,18315,-1183
533,C,2020-09-01,0 days 15:59:17.242660,738104,51.19,51.18,681,10602,-2370,6789
534,C,2020-09-01,0 days 15:59:18.243108,740548,51.18,51.17,1300,9325,17270,-2370
535,C,2020-09-01,0 days 15:59:27.243451,747282,51.19,51.18,8423,3863,-3,1197
536,C,2020-09-01,0 days 15:59:28.242530,747026,51.17,51.16,4240,6451,256,-3
537,C,2020-09-01,0 days 15:59:33.242649,753282,51.18,51.17,7491,4268,-2750,456
538,CAG,2020-09-01,0 days 15:55:00.235222,142102,37.84,37.83,1138,6392,4573,-13347
539,CAG,2020-09-01,0 days 15:55:01.235118,141575,37.84,37.83,1638,7326,-527,4573
540,CAG,2020-09-01,0 days 15:55:49.237882,142499,37.8,37.79,5247,4133,1309,-540
541,CAG,2020-09-01,0 days 15:55:50.237874,142108,37.8,37.79,2613,9060,-391,1309
542,CAG,2020-09-01,0 days 15:56:20.238840,145473,37.82,37.81,1122,3706,1502,-598
543,CAG,2020-09-01,0 days 15:56:21.238726,144875,37.82,37.81,1233,3706,-598,1502
544,CAG,2020-09-01,0 days 15:57:08.237638,145775,37.81,37.8,3961,1264,1300,-600
545,CAG,2020-09-01,0 days 15:57:09.237991,145524,37.81,37.8,3161,1464,-251,1300
546,CAG,2020-09-01,0 days 15:58:10.240485,160575,37.8,37.79,3288,4522,7198,-127
547,CAG,2020-09-01,0 days 15:58:11.240944,159472,37.8,37.79,3481,5523,-1103,7198
548,CAG,2020-09-01,0 days 15:59:11.243553,163501,37.81,37.8,2603,2600,1129,-28
549,CAG,2020-09-01,0 days 15:59:20.241262,173280,37.83,37.82,2142,3850,-4331,3059
550,CAG,2020-09-01,0 days 15:59:21.242262,177723,37.83,37.82,3990,1745,257,-4331
551,CAG,2020-09-01,0 days 15:59:28.240916,178041,37.81,37.8,1085,5490,170,-371
552,CAG,2020-09-01,0 days 15:59:31.243221,178711,37.81,37.8,5045,7101,-1053,170
553,CAH,2020-09-01,0 days 15:58:20.240183,230647,49.26,49.23,2425,916,7010,-2947
554,CAH,2020-09-01,0 days 15:58:21.239669,223524,49.26,49.24,2226,610,-7123,7010
555,CAH,2020-09-01,0 days 15:59:11.246387,224933,49.29,49.28,991,2496,3069,-1790
556,CAH,2020-09-01,0 days 15:59:12.243775,222183,49.29,49.28,1044,2784,-2750,3069
557,CAH,2020-09-01,0 days 15:59:23.241666,226176,49.31,49.3,400,440,9623,-1636
558,CAH,2020-09-01,0 days 15:59:24.241710,223577,49.32,49.31,100,1141,-2599,9623
559,CAH,2020-09-01,0 days 15:59:46.245183,226918,49.34,49.33,1567,1267,280,-1872
560,CAH,2020-09-01,0 days 15:59:48.242494,225974,49.34,49.33,1480,1267,-1784,249
561,CALX,2020-09-01,0 days 15:50:04.229025,40224,21.7,21.66,600,1209,-17754,3884
562,CARR,2020-09-01,0 days 15:55:00.246443,343225,30.31,30.3,855,1915,1319,-162723
563,CARR,2020-09-01,0 days 15:55:01.245362,340744,30.31,30.3,897,2115,-2481,1319
564,CARR,2020-09-01,0 days 15:58:07.250941,350844,30.32,30.31,5068,3402,1966,-2854
565,CARR,2020-09-01,0 days 15:58:08.250604,349210,30.32,30.31,4968,3402,-1634,1966
566,CARR,2020-09-01,0 days 15:59:04.253606,352566,30.28,30.27,2472,1976,-37225,33175
567,CARR,2020-09-01,0 days 15:59:06.252797,373879,30.28,30.27,1566,1401,12787,-3325
568,CARR,2020-09-01,0 days 15:59:15.250281,376237,30.3,30.29,1527,2801,13409,-3241
569,CARR,2020-09-01,0 days 15:59:18.250442,383946,30.29,30.28,1016,900,-16944,9
570,CAT,2020-09-01,0 days 15:55:00.246127,327099,145.73,145.71,440,1320,22872,-86384
571,CAT,2020-09-01,0 days 15:57:22.247388,352337,145.83,145.79,957,603,-332,1801
572,CAT,2020-09-01,0 days 15:57:27.247596,347469,145.82,145.81,1200,100,4868,-332
573,CAT,2020-09-01,0 days 15:57:59.249003,350410,145.89,145.88,1606,1397,-26,4874
574,CAT,2020-09-01,0 days 15:58:02.250422,343436,145.88,145.87,310,1908,2107,-226
575,CAT,2020-09-01,0 days 15:58:36.251638,345381,145.84,145.82,200,439,3102,-798
576,CAT,2020-09-01,0 days 15:59:07.253332,350573,145.79,145.76,200,100,-12563,3696
577,CAT,2020-09-01,0 days 15:59:08.253562,348302,145.79,145.75,264,495,2271,-12563
578,CAT,2020-09-01,0 days 15:59:18.250428,430476,145.96,145.9,466,948,-2431,17370
579,CAT,2020-09-01,0 days 15:59:45.251348,431640,146.0,145.99,3473,951,-249,1506
580,CAT,2020-09-01,0 days 15:59:46.251865,427570,146.0,145.99,2525,851,4570,-249
581,CAT,2020-09-01,0 days 15:59:47.251275,432040,146.05,146.03,450,1117,-483,4570
582,CBRE,2020-09-01,0 days 15:55:00.236014,93642,47.57,47.56,1000,207,7069,-26669
583,CBRE,2020-09-01,0 days 15:55:01.235224,92711,47.57,47.56,1165,386,-931,7069
584,CBRE,2020-09-01,0 days 15:55:03.235646,93642,47.57,47.55,1778,1042,41969,-931
585,CBRE,2020-09-01,0 days 15:58:10.240584,135592,47.68,47.67,400,391,-384,1034
586,CBRE,2020-09-01,0 days 15:58:11.241055,132692,47.68,47.67,500,492,2300,-384
587,CBRE,2020-09-01,0 days 15:59:02.243327,140929,47.74,47.72,2904,982,-14945,15522
588,CBRE,2020-09-01,0 days 15:59:03.241218,138090,47.74,47.72,3004,682,2839,-14945
589,CBRE,2020-09-01,0 days 15:59:18.241146,147993,47.74,47.73,801,1564,-677,3630
590,CBRE,2020-09-01,0 days 15:59:29.241526,146517,47.74,47.73,369,934,1576,-1924
591,CCL,2020-09-01,0 days 16:00:00.257346,856220,16.51,16.5,5500,80834,13168,-3932
592,CDE,2020-09-01,0 days 15:57:51.238541,158753,8.4,8.39,19811,18257,-302,598
593,CDE,2020-09-01,0 days 15:59:01.242157,154492,8.39,8.38,22331,22505,2598,-2774
594,CDE,2020-09-01,0 days 15:59:18.243556,172448,8.38,8.37,27293,20992,307,-2216
595,CDE,2020-09-01,0 days 15:59:19.243256,171555,8.38,8.37,25693,23167,-893,307
596,CDE,2020-09-01,0 days 15:59:21.243191,172448,8.38,8.37,27293,20816,1907,-893
597,CDE,2020-09-01,0 days 15:59:22.244315,171755,8.38,8.37,25490,19116,-693,1907
598,CFG,2020-09-01,0 days 15:59:15.256180,618397,26.17,26.16,8161,12461,51884,-182918
599,CFG,2020-09-01,0 days 15:59:16.255748,583515,26.19,26.18,6937,5730,-40663,51884
600,CFG,2020-09-01,0 days 15:59:23.256115,619512,26.18,26.17,5954,13353,-1407,28512
601,CFG,2020-09-01,0 days 15:59:46.251779,655732,26.17,26.16,3136,12003,11352,-18079
602,CFG,2020-09-01,0 days 15:59:48.250498,652130,26.17,26.16,2983,13003,-3602,1898
603,CGC,2020-09-01,0 days 15:58:45.242748,34091,16.42,16.4,5284,3800,-726,951
604,CGC,2020-09-01,0 days 15:59:00.245757,34817,16.42,16.4,6252,4357,173,-162
605,CGC,2020-09-01,0 days 15:59:01.243493,34290,16.42,16.41,3403,1055,-527,173
606,CGC,2020-09-01,0 days 15:59:20.243300,34308,16.41,16.4,797,4211,-509,1191
607,CHGG,2020-09-01,0 days 15:55:42.235618,104590,76.42,76.4,920,500,-1594,306
608,CHGG,2020-09-01,0 days 15:55:43.235407,104384,76.42,76.4,920,500,206,-1594
609,CHGG,2020-09-01,0 days 15:56:11.235113,106438,76.36,76.34,640,1504,-575,325
610,CHGG,2020-09-01,0 days 15:56:12.234952,106213,76.36,76.34,661,1204,244,-575
611,CHGG,2020-09-01,0 days 15:56:24.235194,107257,76.36,76.34,1136,469,-757,343
612,CHGG,2020-09-01,0 days 15:56:25.235205,107014,76.36,76.35,915,300,243,-757
613,CHGG,2020-09-01,0 days 15:57:25.235819,107307,76.45,76.42,914,1082,-7,93
614,CHGG,2020-09-01,0 days 15:57:26.235738,107014,76.45,76.42,814,1182,293,-7
615,CHGG,2020-09-01,0 days 15:57:34.236709,109194,76.45,76.42,837,1483,-20,80
616,CHGG,2020-09-01,0 days 15:57:35.237272,109114,76.45,76.42,818,1402,480,-20
617,CHGG,2020-09-01,0 days 15:57:38.237270,110094,76.45,76.42,1018,1683,-20,480
618,CHGG,2020-09-01,0 days 15:57:41.237362,110114,76.45,76.42,1018,1583,280,-20
619,CHGG,2020-09-01,0 days 15:57:42.237072,110394,76.45,76.42,1018,1683,-720,280
620,CHGG,2020-09-01,0 days 15:57:44.237513,109914,76.45,76.42,914,1889,580,-320
621,CHGG,2020-09-01,0 days 15:59:10.243369,112614,76.5,76.48,1066,813,-1361,175
622,CHS,2020-09-01,0 days 15:55:00.239713,31058,1.3,1.29,24141,41368,1125,-8323
623,CHS,2020-09-01,0 days 15:59:18.239942,37124,1.31,1.3,39917,65553,-522,3011
624,CHWY,2020-09-01,0 days 15:55:00.235364,44265,69.33,69.31,200,659,-462,7085
625,CHWY,2020-09-01,0 days 15:55:01.234288,43827,69.34,69.31,851,659,438,-462
626,CHWY,2020-09-01,0 days 15:56:09.237447,46809,69.38,69.37,300,1000,-1711,502
627,CHWY,2020-09-01,0 days 15:56:10.237734,46320,69.38,69.37,266,1200,523,-1711
628,CHWY,2020-09-01,0 days 15:59:09.244955,49167,69.47,69.41,1066,268,-2849,247
629,CI,2020-09-01,0 days 15:55:01.245362,128429,176.24,176.08,958,200,1193,-2107
630,CI,2020-09-01,0 days 15:56:01.248919,129874,176.21,176.16,100,100,-7032,168
631,CI,2020-09-01,0 days 15:56:02.248544,129506,176.2,176.17,100,200,368,-7032
632,CI,2020-09-01,0 days 15:56:11.249009,130074,176.21,176.17,200,310,-1948,352
633,CI,2020-09-01,0 days 15:56:12.249229,129922,176.21,176.17,242,529,152,-1948
634,CI,2020-09-01,0 days 15:57:25.247565,130382,176.33,176.28,100,1012,-35,215
635,CI,2020-09-01,0 days 15:57:26.247697,130217,176.33,176.28,132,645,165,-35
636,CI,2020-09-01,0 days 15:57:34.248508,130382,176.35,176.28,224,867,-1035,165
637,CI,2020-09-01,0 days 15:57:35.249110,129817,176.35,176.28,256,967,1165,-1035
638,CI,2020-09-01,0 days 15:57:41.248709,130382,176.26,176.16,411,100,-1013,65
639,CI,2020-09-01,0 days 15:57:43.248680,131395,176.26,176.19,844,406,587,-13
640,CI,2020-09-01,0 days 15:57:44.248711,131382,176.32,176.24,300,100,-35,587
641,CI,2020-09-01,0 days 15:57:47.248735,134517,176.31,176.24,364,200,865,-135
642,CI,2020-09-01,0 days 15:57:50.248848,135382,176.31,176.24,500,449,-535,1165
643,CI,2020-09-01,0 days 15:58:17.250506,137504,176.2,176.14,1161,591,-639,361
644,CI,2020-09-01,0 days 15:58:18.250890,136943,176.2,176.14,1161,491,561,-639
645,CI,2020-09-01,0 days 15:58:22.251131,137504,176.2,176.13,664,100,-339,361
646,CI,2020-09-01,0 days 15:58:23.250930,136943,176.2,176.13,764,100,561,-339
647,CI,2020-09-01,0 days 15:58:29.251055,137504,176.19,176.13,100,438,-539,561
648,CI,2020-09-01,0 days 15:58:30.251772,137443,176.2,176.13,784,237,61,-539
649,CI,2020-09-01,0 days 15:58:35.251677,137504,176.19,176.13,693,303,-139,61
650,CI,2020-09-01,0 days 15:58:36.251638,137043,176.19,176.13,955,201,461,-139
651,CI,2020-09-01,0 days 15:58:53.252154,137667,176.24,176.1,418,211,-1554,124
652,CI,2020-09-01,0 days 15:58:54.252165,137421,176.24,176.18,224,200,246,-1554
653,CI,2020-09-01,0 days 15:58:55.251865,136367,176.27,176.19,200,300,-1506,246
654,CI,2020-09-01,0 days 15:58:57.252270,136073,176.27,176.19,258,200,194,-6
655,CI,2020-09-01,0 days 15:59:00.255669,136666,176.27,176.19,690,395,-7,493
656,CI,2020-09-01,0 days 15:59:02.253223,136473,176.27,176.2,720,310,127,-7
657,CI,2020-09-01,0 days 15:59:03.253244,136800,176.27,176.2,720,410,-79,127
658,CI,2020-09-01,0 days 15:59:08.253578,140274,176.27,176.2,773,405,57,-395
659,CI,2020-09-01,0 days 15:59:10.253213,140831,176.27,176.2,619,329,-356,57
660,CI,2020-09-01,0 days 15:59:13.253564,149887,176.34,176.21,600,104,1427,-156
661,CI,2020-09-01,0 days 15:59:18.250459,151414,176.33,176.19,660,100,-9838,47
662,CI,2020-09-01,0 days 15:59:23.249700,161600,176.13,176.09,218,100,514,-1438
663,CI,2020-09-01,0 days 15:59:24.249374,160914,176.15,176.09,362,257,-686,514
664,CI,2020-09-01,0 days 15:59:40.251145,167185,176.07,175.97,424,120,1823,-1465
665,CI,2020-09-01,0 days 15:59:41.250325,166508,176.19,176.09,640,199,-824,1823
666,CIG,2020-09-01,0 days 15:56:15.234790,46440,2.06,2.05,73927,327784,923,-14877
667,CIG,2020-09-01,0 days 15:59:07.242900,48466,2.06,2.05,147151,427660,-19713,1287
668,CIG,2020-09-01,0 days 15:59:13.243912,73855,2.06,2.05,145789,411984,13438,-25389
669,CIG,2020-09-01,0 days 15:59:36.241682,87993,2.06,2.05,167690,397043,-10662,13438
670,CIG,2020-09-01,0 days 15:59:37.241331,87255,2.06,2.05,169190,367545,38,-10662
671,CIM,2020-09-01,0 days 15:55:00.245411,104756,8.83,8.82,18572,6856,-254,14505
672,CL,2020-09-01,0 days 15:57:37.238093,245777,78.01,78.0,1700,1676,1172,-328
673,CL,2020-09-01,0 days 15:57:38.237829,241249,78.01,78.0,135,3871,-4528,1172
674,CL,2020-09-01,0 days 15:59:13.243161,285138,78.07,78.06,3700,475,13527,-5058
675,CL,2020-09-01,0 days 15:59:14.243375,278282,78.08,78.07,300,2803,-7271,13527
676,CL,2020-09-01,0 days 15:59:41.242291,288518,78.06,78.05,2957,600,5645,-2855
677,CL,2020-09-01,0 days 15:59:42.242413,288163,78.07,78.06,2468,607,-355,5645
678,CL,2020-09-01,0 days 15:59:46.244906,288518,78.06,78.05,922,2727,7469,-716
679,CL,2020-09-01,0 days 15:59:47.243893,285054,78.07,78.05,2694,1927,-3464,7469
680,CLDR,2020-09-01,0 days 15:59:42.242494,1192376,13.93,13.92,14427,15453,-394270,180541
681,CLF,2020-09-01,0 days 15:59:33.245592,263907,6.76,6.75,102050,104351,1039,-5160
682,CLNY,2020-09-01,0 days 15:55:00.239000,291451,2.79,2.78,32104,57329,2524,-60903
683,CLNY,2020-09-01,0 days 15:55:01.238625,288575,2.79,2.78,31804,57329,-2876,2524
684,CLNY,2020-09-01,0 days 15:59:06.239751,337025,2.79,2.78,46950,64925,31681,-6479
685,CLNY,2020-09-01,0 days 15:59:07.239591,334806,2.79,2.78,55150,64925,-2219,31681
686,CLNY,2020-09-01,0 days 15:59:27.239652,345416,2.78,2.77,48165,69362,-1560,7440
687,CLNY,2020-09-01,0 days 15:59:45.241596,387684,2.79,2.78,54050,47115,6032,-28668
688,CLNY,2020-09-01,0 days 15:59:48.241100,384487,2.79,2.78,58328,35380,-3197,1503
689,CMS,2020-09-01,0 days 15:59:18.243506,203142,60.18,60.16,937,2116,30578,-3110
690,CMS,2020-09-01,0 days 15:59:28.242692,229309,60.2,60.19,1012,1039,-973,2502
691,CMS,2020-09-01,0 days 15:59:29.242250,228082,60.2,60.19,1012,1139,1227,-973
692,CMS,2020-09-01,0 days 15:59:43.243993,230071,60.21,60.2,857,1042,-6448,1030
693,CMS,2020-09-01,0 days 15:59:44.242726,228319,60.21,60.2,1198,1291,1752,-6448
694,CMS,2020-09-01,0 days 15:59:45.243963,230371,60.21,60.2,2437,626,-8063,1752
695,CNC,2020-09-01,0 days 15:56:24.249444,202732,61.24,61.22,620,400,1901,-399
696,CNC,2020-09-01,0 days 15:56:25.249684,197233,61.24,61.22,420,700,-5499,1901
697,CNC,2020-09-01,0 days 15:59:05.255989,264394,61.26,61.23,1000,400,31393,-4657
698,CNC,2020-09-01,0 days 15:59:06.256007,258687,61.26,61.23,300,400,-2510,31393
699,CNC,2020-09-01,0 days 15:59:10.256891,261294,61.28,61.25,2120,534,18693,-2907
700,CNC,2020-09-01,0 days 15:59:11.260029,258387,61.28,61.26,1584,1138,-3507,18693
701,CNC,2020-09-01,0 days 15:59:15.256000,262617,61.27,61.26,688,925,8513,-1500
702,CNC,2020-09-01,0 days 15:59:16.255674,261568,61.27,61.26,912,1425,-1049,8513
703,CNC,2020-09-01,0 days 15:59:18.256582,262693,61.27,61.26,316,695,20,-1049
704,CNC,2020-09-01,0 days 15:59:23.256064,276969,61.25,61.2,244,200,8046,-8156
705,CNC,2020-09-01,0 days 15:59:24.256011,274546,61.24,61.22,211,120,-2423,8046
706,CNC,2020-09-01,0 days 15:59:28.255956,276793,61.22,61.2,438,100,770,-1227
707,CNC,2020-09-01,0 days 15:59:31.250173,278463,61.22,61.21,300,717,-730,970
708,CNK,2020-09-01,0 days 15:58:38.241355,204822,14.77,14.76,4698,6871,-5535,2750
709,CNK,2020-09-01,0 days 15:58:39.241910,201057,14.77,14.76,7298,5299,3665,-5535
710,CNP,2020-09-01,0 days 15:55:00.231736,284511,20.01,20.0,4462,14680,15993,-70411
711,CNP,2020-09-01,0 days 15:55:16.233572,299804,20.0,19.99,11498,10085,-9586,15493
712,CNP,2020-09-01,0 days 15:55:17.233493,299611,20.0,19.99,14223,7373,193,-9586
713,CNP,2020-09-01,0 days 15:55:38.235205,299826,20.0,19.99,13560,12095,-5951,215
714,CNP,2020-09-01,0 days 15:56:04.234824,302552,19.99,19.98,18328,7727,-479,2215
715,CNP,2020-09-01,0 days 15:56:05.234276,301531,19.99,19.98,18123,8227,1021,-479
716,CNP,2020-09-01,0 days 15:57:10.236277,302611,19.99,19.98,13911,17408,-645,1055
717,CNP,2020-09-01,0 days 15:57:11.236433,301756,19.99,19.98,16120,16941,855,-645
718,CNP,2020-09-01,0 days 15:58:08.238408,302611,20.0,19.99,4699,25296,-2249,441
719,CNP,2020-09-01,0 days 15:59:22.240734,424958,20.01,20.0,5461,22475,28460,-10680
720,CNP,2020-09-01,0 days 15:59:23.240841,419918,20.02,20.01,24135,6700,-5301,28460
721,CNP,2020-09-01,0 days 15:59:49.241338,431102,20.02,20.01,28327,20093,336,-2668
722,CNP,2020-09-01,0 days 15:59:50.244559,404738,20.02,20.01,27423,18693,-25864,336
723,CNX,2020-09-01,0 days 15:58:11.244262,133174,10.64,10.63,28369,1623,100,-1156
724,CNX,2020-09-01,0 days 15:58:17.243619,132225,10.63,10.62,7072,8348,-949,351
725,CNX,2020-09-01,0 days 15:58:21.243950,133174,10.63,10.62,25030,898,251,-949
726,CNX,2020-09-01,0 days 15:58:22.244202,132225,10.63,10.62,20241,7198,-949,251
727,COG,2020-09-01,0 days 15:59:02.239320,261868,18.6,18.59,4105,12432,19303,-7307
728,COG,2020-09-01,0 days 15:59:03.239502,253771,18.61,18.6,7254,4342,-7753,19303
729,COG,2020-09-01,0 days 15:59:06.239872,261524,18.62,18.61,4562,11908,1911,-3415
730,COG,2020-09-01,0 days 15:59:11.242553,257107,18.63,18.62,2540,12409,-4613,1916
731,COG,2020-09-01,0 days 15:59:29.239744,277286,18.61,18.6,7326,5100,-4548,5152
732,COG,2020-09-01,0 days 15:59:46.242119,282334,18.61,18.6,7559,8660,1838,-1710
733,COG,2020-09-01,0 days 15:59:48.241287,280853,18.61,18.6,9307,4824,-1481,1238
734,COP,2020-09-01,0 days 15:55:00.236253,408732,37.08,37.07,2697,4322,2803,-96229
735,COP,2020-09-01,0 days 15:55:42.237611,418716,37.08,37.07,7466,6155,-852,148
736,COP,2020-09-01,0 days 15:55:43.237929,416368,37.08,37.07,7356,6455,2348,-852
737,COP,2020-09-01,0 days 15:56:09.238407,421722,37.08,37.07,8716,9888,-2182,1622
738,COP,2020-09-01,0 days 15:56:10.238357,419904,37.08,37.07,10016,8283,1818,-2182
739,COP,2020-09-01,0 days 15:57:38.238718,424844,37.07,37.06,16997,11273,-1457,1043
740,COP,2020-09-01,0 days 15:57:39.239226,420001,37.07,37.06,19232,9146,4843,-1457
741,COP,2020-09-01,0 days 15:57:44.239142,424844,37.07,37.06,19470,7746,-1742,858
742,COP,2020-09-01,0 days 15:57:46.239319,417586,37.06,37.05,8836,3459,7258,-1242
743,COP,2020-09-01,0 days 15:58:14.240968,430266,37.07,37.06,4827,10376,-2620,3480
744,COP,2020-09-01,0 days 15:58:15.241517,429086,37.07,37.06,7327,7400,1180,-2620
745,COP,2020-09-01,0 days 15:58:27.241878,430266,37.08,37.07,100,19510,-2620,1180
746,COP,2020-09-01,0 days 15:58:28.241400,429086,37.09,37.08,5167,3951,1180,-2620
747,COP,2020-09-01,0 days 15:58:57.242303,428455,37.11,37.1,3224,10586,1811,-7320
748,COP,2020-09-01,0 days 15:59:04.241920,430091,37.11,37.1,4140,11850,-525,6
749,COP,2020-09-01,0 days 15:59:08.242007,434331,37.11,37.1,4341,9424,818,-525
750,COP,2020-09-01,0 days 15:59:21.242423,460199,37.12,37.11,3542,9104,937,-720
751,COP,2020-09-01,0 days 15:59:49.242984,465501,37.16,37.15,6157,4166,164,-136
752,COTY,2020-09-01,0 days 15:55:42.248422,448963,3.59,3.58,101704,84507,-13318,4382
753,COTY,2020-09-01,0 days 15:55:43.248088,433081,3.59,3.58,100904,84757,15882,-13318
754,COTY,2020-09-01,0 days 15:59:09.253013,464180,3.59,3.58,36228,227965,-65190,15101
755,COTY,2020-09-01,0 days 15:59:48.251213,463751,3.59,3.58,159918,113642,3699,-12501
756,CPB,2020-09-01,0 days 15:55:36.248437,194467,51.33,51.32,1427,3190,1890,-1030
757,CPB,2020-09-01,0 days 15:55:37.248078,190457,51.33,51.32,1427,3696,-4010,1890
758,CPB,2020-09-01,0 days 15:56:35.250119,203637,51.36,51.35,1800,6002,19764,-1227
759,CPB,2020-09-01,0 days 15:56:36.249719,199815,51.37,51.36,500,2053,-3822,19764
760,CPB,2020-09-01,0 days 15:58:52.254158,234747,51.32,51.31,3407,2697,12559,-2632
761,CPB,2020-09-01,0 days 15:58:53.255161,225270,51.33,51.32,710,2198,-9477,12559
762,CPB,2020-09-01,0 days 15:59:15.255881,248819,51.33,51.32,1518,3437,6882,-4301
763,CPB,2020-09-01,0 days 15:59:16.255519,245220,51.33,51.32,1029,4344,-4926,6882
764,CPB,2020-09-01,0 days 15:59:18.256416,250146,51.36,51.34,1100,594,20681,-4926
765,CPB,2020-09-01,0 days 15:59:19.255526,248427,51.37,51.35,1816,1693,-3120,20681
766,CPB,2020-09-01,0 days 15:59:28.255801,252547,51.36,51.35,393,2662,243,-1643
767,CPB,2020-09-01,0 days 15:59:30.252434,252800,51.36,51.35,677,6956,-915,2837
768,CPG,2020-09-01,0 days 15:59:36.242514,5600,1.76,1.75,479434,665704,2982,-3618
769,CPG,2020-09-01,0 days 15:59:37.241886,5382,1.76,1.75,478834,665704,-218,2982
770,CPRI,2020-09-01,0 days 15:55:42.234612,70265,15.87,15.86,8422,1337,2050,-750
771,CPRI,2020-09-01,0 days 15:55:43.233877,69615,15.87,15.86,8494,1675,-650,2050
772,CPRI,2020-09-01,0 days 15:57:42.241266,87186,15.87,15.86,5104,4257,602,-198
773,CPRI,2020-09-01,0 days 15:57:43.237198,85388,15.87,15.86,5104,4757,-1798,602
774,CPRI,2020-09-01,0 days 15:59:47.245030,150319,15.84,15.83,3888,10379,-3250,11292
775,CTL,2020-09-01,0 days 15:59:09.257721,539189,10.65,10.64,103464,10660,-168995,18106
776,CTL,2020-09-01,0 days 15:59:10.256986,537984,10.64,10.63,54481,53756,1205,-168995
777,CTL,2020-09-01,0 days 15:59:15.256180,552769,10.64,10.63,81820,30990,-19839,2986
778,CVE,2020-09-01,0 days 15:59:36.249877,15904,4.74,4.73,250330,212894,-2985,3657
779,CVE,2020-09-01,0 days 15:59:37.249645,15747,4.74,4.73,254930,212011,157,-2985
780,CVS,2020-09-01,0 days 15:55:00.246827,378407,60.23,60.22,992,1617,13763,-17541
781,CVS,2020-09-01,0 days 15:56:11.249439,448793,60.29,60.28,2501,300,-37083,2314
782,CVS,2020-09-01,0 days 15:56:12.249113,446276,60.27,60.26,2342,2790,3728,-37083
783,CVS,2020-09-01,0 days 15:57:07.251096,451504,60.27,60.26,1741,677,-1373,2795
784,CVS,2020-09-01,0 days 15:57:08.250695,448877,60.27,60.26,2941,205,2627,-1373
785,CVS,2020-09-01,0 days 15:57:46.251653,455672,60.26,60.25,4664,1299,-16982,2118
786,CVS,2020-09-01,0 days 15:57:49.251596,457154,60.24,60.23,3545,1861,1817,-1482
787,CVS,2020-09-01,0 days 15:57:50.251745,458971,60.25,60.24,933,3100,-1183,1817
788,CVS,2020-09-01,0 days 15:57:59.251951,457154,60.25,60.24,999,3465,617,-283
789,CVS,2020-09-01,0 days 15:58:01.253763,456175,60.25,60.24,1832,5882,-979,617
790,CVS,2020-09-01,0 days 15:58:03.252441,453342,60.25,60.24,3532,4900,433,-379
791,CVS,2020-09-01,0 days 15:58:05.253362,455875,60.25,60.24,5408,4247,-1430,433
792,CVS,2020-09-01,0 days 15:58:13.253337,456624,60.24,60.23,2350,4254,-3681,419
793,CVS,2020-09-01,0 days 15:58:14.253827,453005,60.24,60.23,5350,3277,3619,-3681
794,CVS,2020-09-01,0 days 15:58:16.253294,456624,60.24,60.23,4950,3577,-3281,419
795,CVS,2020-09-01,0 days 15:58:18.253358,456305,60.24,60.23,5061,3377,319,-81
796,CVS,2020-09-01,0 days 15:58:31.254280,453872,60.25,60.24,950,4994,652,-1448
797,CVS,2020-09-01,0 days 15:58:34.257392,457224,60.26,60.25,1779,2900,-1448,652
798,CVX,2020-09-01,0 days 15:59:45.251362,682600,83.14,83.11,200,200,2111,-18854
799,CVX,2020-09-01,0 days 15:59:46.251890,683830,83.18,83.15,504,2029,-5170,2111
800,CX,2020-09-01,0 days 15:55:00.292830,85920,3.3,3.29,205950,71636,50767,-59487
801,CX,2020-09-01,0 days 15:59:05.303191,142476,3.29,3.28,293749,97211,-3186,19387
802,CX,2020-09-01,0 days 15:59:15.303205,145812,3.29,3.28,338010,37321,3193,-2951
803,D,2020-09-01,0 days 15:55:00.235303,278177,77.85,77.84,4400,119,-2761,17891
804,D,2020-09-01,0 days 15:59:26.244500,339204,77.85,77.84,404,700,6723,-59
805,D,2020-09-01,0 days 15:59:27.244349,333109,77.84,77.83,700,794,-6992,6723
806,DAL,2020-09-01,0 days 15:55:00.247321,247766,30.68,30.67,7004,8215,13484,-86344
807,DAL,2020-09-01,0 days 15:55:01.246442,243250,30.68,30.67,11109,7915,-4516,13484
808,DAL,2020-09-01,0 days 15:55:59.248745,247845,30.7,30.69,4022,17526,548,-149
809,DAL,2020-09-01,0 days 15:56:00.249684,243844,30.7,30.69,8123,18127,-4001,548
810,DAL,2020-09-01,0 days 15:56:18.249601,247845,30.71,30.7,7253,15035,1250,-2899
811,DAL,2020-09-01,0 days 15:56:19.250420,243946,30.7,30.69,4403,20668,-5799,1250
812,DAL,2020-09-01,0 days 15:59:01.256291,258841,30.71,30.7,13640,9968,2717,-6261
813,DAL,2020-09-01,0 days 15:59:18.256801,285364,30.73,30.72,12416,3467,-14646,2675
814,DAL,2020-09-01,0 days 15:59:19.255786,300010,30.73,30.72,13268,2167,6254,-14646
815,DAL,2020-09-01,0 days 15:59:30.252651,329364,30.73,30.72,17277,2438,-1680,3211
816,DAL,2020-09-01,0 days 15:59:45.250835,334306,30.73,30.72,10872,14584,10096,-3792
817,DAL,2020-09-01,0 days 15:59:47.250685,344402,30.76,30.75,2941,16204,-7036,6027
818,DAL,2020-09-01,0 days 15:59:48.250465,351438,30.76,30.75,4401,13641,4164,-7036
819,DAL,2020-09-01,0 days 15:59:50.253738,294302,30.75,30.74,6409,10272,-57340,1143
820,DB,2020-09-01,0 days 15:59:36.249092,48263,9.53,9.52,168031,61637,6845,-12866
821,DCP,2020-09-01,0 days 15:56:37.250169,4762,12.55,12.52,503,1100,175,-225
822,DCP,2020-09-01,0 days 15:56:38.248625,4637,12.55,12.52,400,1100,-125,175
823,DCP,2020-09-01,0 days 15:59:04.253388,7578,12.56,12.55,7419,601,654,-138
824,DCP,2020-09-01,0 days 15:59:48.251106,8039,12.58,12.57,700,100,193,-3
825,DD,2020-09-01,0 days 15:55:00.233474,426238,57.12,57.11,1902,332,26854,-27938
826,DD,2020-09-01,0 days 15:55:35.233948,453892,57.12,57.11,2833,3406,-845,5757
827,DD,2020-09-01,0 days 15:55:59.234597,445937,57.1,57.09,2974,400,8753,-2261
828,DD,2020-09-01,0 days 15:57:40.238259,457900,57.13,57.12,400,1614,-16812,4868
829,DD,2020-09-01,0 days 15:58:09.240372,471183,57.06,57.05,3572,3280,-2274,51
830,DD,2020-09-01,0 days 15:59:36.242525,597880,57.18,57.17,8903,862,-1190,1819
831,DD,2020-09-01,0 days 15:59:43.244035,597418,57.18,57.17,9544,1521,1883,-519
832,DD,2020-09-01,0 days 15:59:46.245248,603550,57.2,57.19,396,3102,-516,2558
833,DD,2020-09-01,0 days 15:59:47.244083,604066,57.2,57.19,281,3448,525,-516
834,DDD,2020-09-01,0 days 15:56:40.234415,165471,5.35,5.34,13167,17568,-1593,1707
835,DDD,2020-09-01,0 days 15:56:41.234491,156864,5.35,5.34,13167,17568,8607,-1593
836,DDD,2020-09-01,0 days 15:59:49.242238,173878,5.35,5.34,19024,19489,3416,-6984
837,DELL,2020-09-01,0 days 15:57:38.298403,127724,66.39,66.36,846,1395,-11,705
838,DELL,2020-09-01,0 days 15:57:40.299077,122719,66.38,66.36,400,1895,5005,-11
839,DELL,2020-09-01,0 days 15:59:45.305694,139428,66.36,66.34,1014,300,-749,655
840,DELL,2020-09-01,0 days 15:59:46.305093,132841,66.37,66.36,1800,400,6517,-749
841,DFS,2020-09-01,0 days 15:55:42.248512,132232,52.86,52.84,2046,1005,-85,15
842,DFS,2020-09-01,0 days 15:55:43.248163,129917,52.86,52.84,2246,1005,2315,-85
843,DFS,2020-09-01,0 days 15:56:08.248805,132532,52.86,52.85,488,1192,-173,127
844,DFS,2020-09-01,0 days 15:56:09.249057,130505,52.86,52.85,678,1932,2027,-173
845,DFS,2020-09-01,0 days 15:58:00.251473,131870,52.9,52.89,702,3967,-1924,1706
846,DFS,2020-09-01,0 days 15:58:53.252114,132035,52.91,52.89,821,1887,-3364,636
847,DFS,2020-09-01,0 days 15:59:11.255652,141298,52.91,52.9,1562,1403,7477,-212
848,DFS,2020-09-01,0 days 15:59:15.250196,148600,52.92,52.91,337,3862,267,-512
849,DFS,2020-09-01,0 days 15:59:37.249624,149930,52.95,52.93,917,1356,214,-3036
850,DFS,2020-09-01,0 days 15:59:46.251814,151074,52.95,52.92,1040,3452,470,-330
851,DFS,2020-09-01,0 days 15:59:48.251361,152241,52.96,52.94,600,1228,-3032,470
852,DG,2020-09-01,0 days 15:55:58.235284,129853,199.95,199.92,313,100,-901,1486
853,DG,2020-09-01,0 days 15:55:59.234638,127754,199.95,199.92,315,100,2099,-901
854,DG,2020-09-01,0 days 15:58:10.239132,135679,200.01,199.98,478,1254,-3675,2181
855,DG,2020-09-01,0 days 15:58:12.239861,134284,200.01,199.98,478,1154,1395,-805
856,DG,2020-09-01,0 days 15:59:03.243173,137143,200.01,199.92,522,290,-2,2498
857,DG,2020-09-01,0 days 15:59:34.241744,154146,200.0,199.82,600,205,120,-1680
858,DG,2020-09-01,0 days 15:59:59.241074,153516,199.98,199.9,937,7098,-291,1309
859,DG,2020-09-01,0 days 16:00:00.241517,153607,199.9,199.89,1952,200,1309,-291
860,DHI,2020-09-01,0 days 15:59:41.240020,283984,73.29,73.27,187,900,-3033,167
861,DHI,2020-09-01,0 days 15:59:46.241742,280828,73.3,73.28,1156,1143,3039,-1061
862,DHT,2020-09-01,0 days 15:59:36.249011,101266,5.2,5.19,31681,12497,-196,604
863,DHT,2020-09-01,0 days 15:59:47.250609,98462,5.21,5.2,24800,45878,2804,-6496
864,DIS,2020-09-01,0 days 15:55:00.247454,457584,133.32,133.3,660,300,1700,-89323
865,DIS,2020-09-01,0 days 15:55:01.246457,451884,133.31,133.28,500,843,-5400,1700
866,DIS,2020-09-01,0 days 15:59:05.256068,462814,133.35,133.34,686,379,2138,-7224
867,DIS,2020-09-01,0 days 15:59:40.250564,491277,133.51,133.48,800,283,-9473,4777
868,DIS,2020-09-01,0 days 15:59:41.249589,500750,133.54,133.49,2491,1307,3327,-9473
869,DIS,2020-09-01,0 days 15:59:44.249717,504077,133.56,133.53,304,1221,-968,2527
870,DIS,2020-09-01,0 days 15:59:45.250851,500649,133.55,133.51,705,877,5428,-968
871,DIS,2020-09-01,0 days 15:59:50.253841,504177,133.58,133.55,100,1176,-7340,5060
872,DKS,2020-09-01,0 days 15:59:18.243574,330413,56.51,56.5,200,700,40318,-91472
873,DKS,2020-09-01,0 days 15:59:19.243256,329766,56.58,56.55,1480,300,-4515,40318
874,DKS,2020-09-01,0 days 15:59:20.243339,334398,56.53,56.5,1677,350,3528,-4515
875,DKS,2020-09-01,0 days 15:59:21.243191,328123,56.58,56.55,280,100,-6275,3528
876,DKS,2020-09-01,0 days 15:59:22.244315,332030,56.56,56.51,535,300,2610,-6275
877,DKS,2020-09-01,0 days 15:59:29.242265,335591,56.5,56.47,718,200,12049,-1451
878,DLPH,2020-09-01,0 days 15:55:00.238870,16184,17.76,17.75,8975,6893,-251,932
879,DLPH,2020-09-01,0 days 15:55:42.241288,16435,17.76,17.75,13104,1358,349,-251
880,DLPH,2020-09-01,0 days 15:58:52.238583,17098,17.78,17.77,5220,9467,-2666,628
881,DLPH,2020-09-01,0 days 15:59:07.239503,19942,17.78,17.77,6441,7330,84,-228
882,DLPH,2020-09-01,0 days 15:59:30.241558,19926,17.78,17.77,7242,2820,600,-600
883,DLPH,2020-09-01,0 days 15:59:36.239592,20526,17.78,17.77,3059,10152,-200,400
884,DLPH,2020-09-01,0 days 15:59:37.239427,20426,17.78,17.77,3259,9649,100,-200
885,DOC,2020-09-01,0 days 15:55:35.236423,129392,18.2,18.19,7572,7895,-29,3371
886,DOC,2020-09-01,0 days 15:55:56.239355,129421,18.2,18.19,11545,6559,126,-29
887,DOC,2020-09-01,0 days 15:56:04.239092,129547,18.2,18.19,10164,8435,-1574,126
888,DOC,2020-09-01,0 days 15:56:05.238807,126621,18.2,18.19,9869,8635,2926,-1574
889,DOC,2020-09-01,0 days 15:57:22.238020,129635,18.2,18.19,3266,12268,-10063,2337
890,DOC,2020-09-01,0 days 15:57:23.238087,126798,18.21,18.2,9822,5305,3137,-10063
891,DOC,2020-09-01,0 days 15:57:31.238930,127998,18.21,18.2,10160,9400,1712,-9988
892,DOC,2020-09-01,0 days 15:59:11.247090,127804,18.21,18.2,7029,11037,934,-1566
893,DOC,2020-09-01,0 days 15:59:45.244281,138473,18.2,18.19,23427,6638,-1140,1737
894,DOC,2020-09-01,0 days 15:59:48.243968,137013,18.2,18.19,24509,4957,1569,-1031
895,DOW,2020-09-01,0 days 15:59:01.246130,536123,47.13,47.12,1085,3675,-83,27234
896,DOW,2020-09-01,0 days 15:59:02.246912,536067,47.13,47.12,649,4135,1283,-83
897,DOW,2020-09-01,0 days 15:59:06.245917,536209,47.16,47.15,3168,1600,-528,667
898,DOW,2020-09-01,0 days 15:59:12.246955,539121,47.22,47.21,8225,1323,131441,-5994
899,DOW,2020-09-01,0 days 15:59:45.247068,673728,47.24,47.23,1722,134,-2510,1201
900,DOW,2020-09-01,0 days 15:59:50.249688,663609,47.25,47.24,9718,1300,8819,-1128
901,DT,2020-09-01,0 days 15:59:19.241209,431395,47.17,47.14,100,1335,32593,-48262
902,DVN,2020-09-01,0 days 15:59:45.247308,382382,10.94,10.93,20763,49781,3774,-226
903,DVN,2020-09-01,0 days 15:59:46.248371,352766,10.94,10.93,36046,35510,-22404,3774
904,DXC,2020-09-01,0 days 15:59:09.242734,224902,20.0,19.99,14697,5347,901,-26538
905,DXC,2020-09-01,0 days 15:59:26.243171,272934,20.04,20.03,7066,4332,5824,-3176
906,DXC,2020-09-01,0 days 15:59:29.242272,278758,20.04,20.03,6625,6795,-1681,1519
907,DXC,2020-09-01,0 days 15:59:31.243772,274187,20.04,20.03,5625,7595,5071,-1281
908,DXC,2020-09-01,0 days 15:59:33.242073,287382,20.04,20.03,6580,8844,-1271,5071
909,DXC,2020-09-01,0 days 15:59:44.242751,286466,20.04,20.03,4061,14945,1716,-3684
910,DXC,2020-09-01,0 days 15:59:46.245298,288682,20.04,20.03,2656,15245,-11,831
911,DXC,2020-09-01,0 days 15:59:47.244083,292695,20.04,20.03,2456,15145,968,-11
912,EAT,2020-09-01,0 days 15:56:04.295162,73223,45.8,45.76,384,3250,199,-556
913,EAT,2020-09-01,0 days 15:56:05.294686,71822,45.8,45.76,402,4426,-1401,199
914,EAT,2020-09-01,0 days 15:56:20.295827,71923,45.82,45.8,400,634,398,-602
915,EAT,2020-09-01,0 days 15:56:21.295379,70721,45.82,45.8,200,914,-1202,398
916,EAT,2020-09-01,0 days 15:57:07.296963,71923,45.83,45.82,100,1500,772,-728
917,EAT,2020-09-01,0 days 15:57:08.297051,70795,45.84,45.82,501,4028,-1128,772
918,EAT,2020-09-01,0 days 15:57:28.297823,76228,45.87,45.84,352,2207,967,-533
919,EAT,2020-09-01,0 days 15:57:29.298239,74695,45.87,45.84,352,2235,-1533,967
920,EAT,2020-09-01,0 days 15:57:41.299188,78328,45.86,45.85,200,152,67,-1899
921,EAT,2020-09-01,0 days 15:57:42.299443,78395,45.86,45.85,200,152,-1433,67
922,EAT,2020-09-01,0 days 15:57:47.299189,79828,45.87,45.85,100,1180,267,-1433
923,EAT,2020-09-01,0 days 15:57:48.300201,78247,45.88,45.85,213,1180,-1581,267
924,EAT,2020-09-01,0 days 15:58:27.301929,81794,45.88,45.87,899,1913,552,-2336
925,EAT,2020-09-01,0 days 15:58:28.301865,80346,45.88,45.87,569,2492,-1448,552
926,EAT,2020-09-01,0 days 15:59:03.303315,81778,45.88,45.86,828,100,-1116,1784
927,EAT,2020-09-01,0 days 15:59:06.303412,83394,45.88,45.86,891,300,284,-1216
928,EAT,2020-09-01,0 days 15:59:09.304755,79261,45.9,45.87,293,987,-4133,7055
929,EAT,2020-09-01,0 days 15:59:11.304844,83394,45.93,45.89,400,900,1660,-2433
930,EAT,2020-09-01,0 days 15:59:12.303974,82554,45.94,45.89,301,900,-840,1660
931,EAT,2020-09-01,0 days 15:59:19.303128,83525,45.95,45.9,813,1200,994,-2021
932,EAT,2020-09-01,0 days 15:59:20.303331,83119,45.93,45.9,611,885,-406,994
933,EAT,2020-09-01,0 days 15:59:27.303470,85025,45.87,45.86,600,207,2382,-506
934,EAT,2020-09-01,0 days 15:59:28.303130,84707,45.89,45.88,580,184,-318,2382
935,EAT,2020-09-01,0 days 15:59:34.303547,85925,45.91,45.86,1474,500,2282,-606
936,EAT,2020-09-01,0 days 15:59:35.304049,85507,45.91,45.86,1274,674,-418,2282
937,EAT,2020-09-01,0 days 15:59:45.305653,86325,45.91,45.9,492,370,1026,-306
938,EAT,2020-09-01,0 days 15:59:53.304937,86142,45.88,45.86,282,270,1697,-1191
939,ED,2020-09-01,0 days 15:59:15.239576,226557,69.61,69.59,1100,200,69922,-8516
940,ED,2020-09-01,0 days 15:59:16.239274,231958,69.66,69.64,200,907,-5083,69922
941,ED,2020-09-01,0 days 15:59:17.239369,232841,69.63,69.62,100,353,3964,-5083
942,ED,2020-09-01,0 days 15:59:19.239471,233219,69.65,69.63,100,307,-152,348
943,ED,2020-09-01,0 days 15:59:30.241755,233228,69.63,69.6,729,951,4041,-259
944,ED,2020-09-01,0 days 15:59:33.240041,233943,69.62,69.59,500,1001,-144,1615
945,ED,2020-09-01,0 days 15:59:37.239778,234687,69.63,69.6,1777,596,656,-544
946,ED,2020-09-01,0 days 15:59:38.239832,234343,69.62,69.58,1040,2436,-44,656
947,ED,2020-09-01,0 days 15:59:45.241794,236187,69.64,69.61,559,300,5860,-615
948,ED,2020-09-01,0 days 15:59:46.242232,236787,69.66,69.62,300,617,-198,5860
949,EIX,2020-09-01,0 days 15:55:00.293000,113167,51.83,51.8,462,636,1382,-37290
950,EIX,2020-09-01,0 days 15:55:08.293667,115249,51.82,51.8,282,706,-203,82
951,EIX,2020-09-01,0 days 15:56:05.294590,115978,51.77,51.76,604,311,1508,-291
952,EIX,2020-09-01,0 days 15:56:06.294785,115886,51.78,51.77,1287,100,-92,1508
953,EIX,2020-09-01,0 days 15:56:30.295842,119235,51.78,51.77,224,995,1805,-338
954,EIX,2020-09-01,0 days 15:56:31.295328,118840,51.78,51.77,224,995,-395,1805
955,EIX,2020-09-01,0 days 15:58:59.302675,174691,51.85,51.83,200,301,4799,-5104
956,EIX,2020-09-01,0 days 15:59:00.303934,169890,51.85,51.84,400,337,-4801,4799
957,EIX,2020-09-01,0 days 15:59:06.303283,173957,51.85,51.83,531,601,569,-2905
958,EIX,2020-09-01,0 days 15:59:08.303806,170655,51.85,51.83,831,701,-3302,2398
959,EIX,2020-09-01,0 days 15:59:11.304695,175257,51.84,51.82,678,501,451,-3587
960,EIX,2020-09-01,0 days 15:59:20.303236,174400,51.84,51.82,100,1206,-1469,15779
961,EIX,2020-09-01,0 days 15:59:22.303705,175869,51.86,51.83,1039,490,1239,-1469
962,EIX,2020-09-01,0 days 15:59:23.302782,174208,51.84,51.83,197,390,-1661,1239
963,EIX,2020-09-01,0 days 15:59:48.304872,178494,51.85,51.83,300,1879,-354,3146
964,ELAN,2020-09-01,0 days 15:59:14.304098,135989,28.78,28.77,2790,5591,138,-914
965,ELAN,2020-09-01,0 days 15:59:18.303063,136709,28.78,28.77,2315,8320,-311,682
966,ELAN,2020-09-01,0 days 15:59:45.305506,138289,28.78,28.77,4560,9520,5667,-1176
967,ELAN,2020-09-01,0 days 15:59:46.304891,136670,28.78,28.77,4182,9523,-419,5667
968,EMR,2020-09-01,0 days 15:55:00.232232,177321,69.95,69.93,500,1319,2236,-42418
969,EMR,2020-09-01,0 days 15:55:01.231664,174157,69.95,69.93,600,1090,-3164,2236
970,EMR,2020-09-01,0 days 15:59:04.242522,195320,70.01,70.0,3677,1591,13035,-2856
971,EMR,2020-09-01,0 days 15:59:05.241974,194186,70.03,70.01,336,571,-1134,13035
972,EMR,2020-09-01,0 days 15:59:12.242845,196624,70.06,70.04,500,1765,26599,-98
973,ENB,2020-09-01,0 days 15:57:40.238962,41799,32.23,32.22,5110,12422,-352,48
974,ENB,2020-09-01,0 days 15:57:41.239312,41451,32.23,32.22,10968,4222,348,-352
975,ENB,2020-09-01,0 days 15:57:52.239509,41799,32.23,32.22,9718,4454,-52,48
976,ENB,2020-09-01,0 days 15:57:53.239750,41251,32.23,32.22,10468,4354,548,-52
977,ENB,2020-09-01,0 days 15:58:54.242409,41799,32.23,32.22,14831,4807,-910,90
978,ENB,2020-09-01,0 days 15:58:55.242512,40909,32.23,32.22,15990,5907,890,-910
979,ENB,2020-09-01,0 days 15:59:14.242373,45380,32.23,32.22,5414,10020,-5521,321
980,ENB,2020-09-01,0 days 15:59:15.240971,45301,32.23,32.22,6638,9480,79,-5521
981,ENB,2020-09-01,0 days 15:59:24.241242,45930,32.23,32.22,7280,9553,-571,629
982,ENB,2020-09-01,0 days 15:59:50.246280,46899,32.25,32.24,17069,10156,209,-1523
983,ENLC,2020-09-01,0 days 15:59:36.248920,17327,2.87,2.86,25656,55853,-5092,6208
984,ENLC,2020-09-01,0 days 15:59:37.249097,16919,2.87,2.86,25756,54953,408,-5092
985,EOG,2020-09-01,0 days 15:59:08.241981,309463,45.2,45.19,4068,418,23125,-5616
986,EOG,2020-09-01,0 days 15:59:09.241631,305288,45.21,45.19,704,912,-2375,23125
987,EOG,2020-09-01,0 days 15:59:20.241368,309805,45.19,45.18,764,600,917,-2921
988,EOG,2020-09-01,0 days 15:59:21.242391,326622,45.19,45.18,864,1540,-4942,917
989,EPD,2020-09-01,0 days 15:55:14.235607,23860,17.57,17.56,19899,8277,-19672,328
990,EPD,2020-09-01,0 days 15:56:25.237568,43032,17.56,17.55,35433,6217,10683,-14617
991,EPD,2020-09-01,0 days 15:56:26.237582,41615,17.56,17.55,33093,7517,-1417,10683
992,EPD,2020-09-01,0 days 15:58:52.242690,43032,17.56,17.55,12561,22958,1593,-217
993,EPD,2020-09-01,0 days 15:58:53.242917,41925,17.56,17.55,12561,24158,-1107,1593
994,EPD,2020-09-01,0 days 15:59:18.243129,45941,17.56,17.55,17860,16660,4795,-3584
995,EPD,2020-09-01,0 days 15:59:19.242841,45336,17.56,17.55,12754,26157,-605,4795
996,EPD,2020-09-01,0 days 15:59:46.244568,45941,17.57,17.56,1945,26608,1151,-305
997,EPD,2020-09-01,0 days 15:59:47.244435,45592,17.57,17.56,2007,29859,-349,1151
998,EQH,2020-09-01,0 days 15:55:56.249221,203444,21.05,21.04,462,1636,2706,-40494
999,EQH,2020-09-01,0 days 15:55:57.248936,199750,21.05,21.04,100,3284,-3694,2706
1000,EQH,2020-09-01,0 days 15:59:15.255967,213796,21.08,21.07,1212,8071,2520,-653
1001,EQNR,2020-09-01,0 days 15:56:04.235451,15863,16.03,16.02,53881,28426,-1622,78
1002,EQR,2020-09-01,0 days 15:55:00.232565,211043,56.71,56.69,719,804,5318,-38981
1003,EQR,2020-09-01,0 days 15:55:13.233141,211043,56.7,56.68,195,1431,39,-661
1004,EQR,2020-09-01,0 days 15:55:14.233091,210082,56.71,56.7,425,600,-1161,39
1005,EQR,2020-09-01,0 days 15:55:42.234104,212543,56.7,56.69,2143,580,456,-744
1006,EQR,2020-09-01,0 days 15:57:45.238382,221289,56.7,56.69,605,1102,2046,-854
1007,EQR,2020-09-01,0 days 15:57:46.238414,220435,56.71,56.69,1162,1104,-1854,2046
1008,EQR,2020-09-01,0 days 15:58:02.239581,223155,56.74,56.72,488,532,36136,-1058
1009,EQR,2020-09-01,0 days 15:59:08.242579,261196,56.75,56.74,2033,300,-3944,952
1010,EQT,2020-09-01,0 days 15:59:19.255786,125092,15.61,15.6,6890,2771,-286,5314
1011,EQT,2020-09-01,0 days 15:59:26.256392,125786,15.6,15.59,6637,1778,906,-431
1012,EQT,2020-09-01,0 days 15:59:45.250835,140923,15.61,15.6,10650,1714,369,-993
1013,EQT,2020-09-01,0 days 15:59:48.250465,139992,15.61,15.6,7400,2360,-893,369
1014,ES,2020-09-01,0 days 15:55:35.248745,151744,83.6,83.58,2107,1492,-736,679
1015,ES,2020-09-01,0 days 15:55:36.248620,150180,83.6,83.58,2308,1087,1564,-736
1016,ES,2020-09-01,0 days 15:57:19.249537,155403,83.66,83.63,500,641,-3439,1037
1017,ES,2020-09-01,0 days 15:57:20.249683,153942,83.66,83.63,1300,468,1461,-3439
1018,ES,2020-09-01,0 days 15:57:46.251597,155942,83.65,83.64,600,502,283,-248
1019,ES,2020-09-01,0 days 15:58:34.257333,155960,83.66,83.63,400,498,-433,3236
1020,ES,2020-09-01,0 days 15:58:35.254777,154693,83.66,83.63,300,1677,1267,-433
1021,ES,2020-09-01,0 days 15:58:51.254360,154354,83.73,83.67,300,530,-2939,1049
1022,ES,2020-09-01,0 days 15:58:52.254518,151093,83.73,83.67,300,1410,4630,-2939
1023,ES,2020-09-01,0 days 15:59:01.256029,155300,83.73,83.68,723,2717,423,-159
1024,ES,2020-09-01,0 days 15:59:04.256652,155991,83.73,83.68,1473,1217,-1132,649
1025,ES,2020-09-01,0 days 15:59:05.255861,155523,83.73,83.68,820,1455,349,-1132
1026,ES,2020-09-01,0 days 15:59:47.250420,210808,83.65,83.59,600,2079,1185,-984
1027,ESRT,2020-09-01,0 days 15:57:34.239054,112206,6.34,6.33,32932,22430,-4120,1288
1028,ESRT,2020-09-01,0 days 15:57:58.239838,121926,6.34,6.33,39577,16167,2144,-9720
1029,ESRT,2020-09-01,0 days 15:57:59.239632,112270,6.34,6.33,37677,17367,-9656,2144
1030,ESRT,2020-09-01,0 days 15:59:06.241201,166718,6.35,6.34,25412,19940,501,-5247
1031,ESRT,2020-09-01,0 days 15:59:28.240876,163392,6.34,6.33,30054,25510,-1024,3976
1032,ET,2020-09-01,0 days 15:59:06.243272,79780,6.3,6.29,75802,82777,11185,-15415
1033,ET,2020-09-01,0 days 15:59:07.244862,78165,6.3,6.29,86538,61977,-1615,11185
1034,ETRN,2020-09-01,0 days 15:56:04.240565,100496,10.03,10.02,5866,9524,-735,965
1035,ETRN,2020-09-01,0 days 15:56:05.240014,98031,10.03,10.02,5566,10020,3265,-735
1036,ETRN,2020-09-01,0 days 15:58:03.236545,97232,10.03,10.02,4799,7787,2251,-2249
1037,ETRN,2020-09-01,0 days 15:58:11.237760,99483,10.03,10.02,3688,11452,-349,2251
1038,ETRN,2020-09-01,0 days 15:58:12.237379,97232,10.03,10.02,3688,11352,2251,-349
1039,ETRN,2020-09-01,0 days 15:59:11.242080,112802,10.03,10.02,5666,8228,-1074,3311
1040,ETRN,2020-09-01,0 days 15:59:16.238852,107943,10.03,10.02,6751,8769,1859,-1141
1041,ETRN,2020-09-01,0 days 15:59:31.240026,113233,10.03,10.02,5819,8007,-597,2190
1042,ETRN,2020-09-01,0 days 15:59:34.238442,113830,10.03,10.02,10080,11515,203,-597
1043,EVRI,2020-09-01,0 days 15:59:09.257721,79114,7.91,7.9,4314,1319,822,-333
1044,EVRI,2020-09-01,0 days 15:59:23.256126,76436,7.91,7.9,3930,2382,-2441,1422
1045,EW,2020-09-01,0 days 15:55:00.293475,347235,85.74,85.71,840,751,39795,-82735
1046,EW,2020-09-01,0 days 15:55:14.293867,386930,85.73,85.72,110,227,-27273,37927
1047,EW,2020-09-01,0 days 15:55:15.295227,383203,85.73,85.69,600,500,3727,-27273
1048,EW,2020-09-01,0 days 15:57:33.298562,390964,85.75,85.73,499,500,-3416,484
1049,EW,2020-09-01,0 days 15:57:34.298662,390580,85.74,85.72,200,402,384,-3416
1050,EW,2020-09-01,0 days 15:57:35.298623,393464,85.74,85.72,200,627,-316,384
1051,EW,2020-09-01,0 days 15:57:41.299188,398980,85.72,85.68,1029,410,684,-516
1052,EW,2020-09-01,0 days 15:57:43.299187,398864,85.72,85.68,1420,410,-716,2884
1053,EW,2020-09-01,0 days 15:57:44.298975,399580,85.7,85.67,200,200,1584,-716
1054,EW,2020-09-01,0 days 15:57:47.299189,396480,85.69,85.66,492,300,-1500,1700
1055,EW,2020-09-01,0 days 15:57:49.299259,398030,85.69,85.66,748,500,1350,-600
1056,EW,2020-09-01,0 days 15:57:50.299302,397480,85.69,85.66,501,1110,-550,1350
1057,EW,2020-09-01,0 days 15:57:59.299557,398051,85.68,85.66,100,967,1929,-787
1058,EW,2020-09-01,0 days 15:58:00.300091,397580,85.69,85.66,403,1796,-471,1929
1059,EW,2020-09-01,0 days 15:58:15.301607,400478,85.68,85.65,427,700,1525,-3791
1060,EW,2020-09-01,0 days 15:58:16.300984,399703,85.68,85.65,427,800,-775,1525
1061,EW,2020-09-01,0 days 15:59:07.303997,416162,85.75,85.74,100,899,16131,-1289
1062,EW,2020-09-01,0 days 15:59:08.303996,415793,85.76,85.74,297,1026,-369,16131
1063,EW,2020-09-01,0 days 15:59:10.303915,416162,85.8,85.76,300,672,148,-369
1064,EW,2020-09-01,0 days 15:59:37.303597,468363,85.91,85.88,300,454,-29,5776
1065,EW,2020-09-01,0 days 15:59:39.304082,467092,85.92,85.9,8200,800,1271,-2929
1066,EXK,2020-09-01,0 days 15:59:36.304102,25881,4.12,4.11,126934,98807,10206,-12094
1067,EXK,2020-09-01,0 days 15:59:37.303622,25187,4.12,4.11,119129,99507,-694,10206
1068,FBP,2020-09-01,0 days 15:56:04.295112,128450,5.81,5.8,11210,11863,-340,1360
1069,FBP,2020-09-01,0 days 15:56:05.294656,126890,5.81,5.8,11905,9882,1560,-340
1070,FBP,2020-09-01,0 days 15:58:22.301077,131295,5.82,5.81,14173,7929,-26295,909
1071,FBP,2020-09-01,0 days 15:58:23.301269,128486,5.82,5.81,15973,14432,2809,-26295
1072,FBP,2020-09-01,0 days 15:59:33.303752,135972,5.82,5.81,17114,13466,-400,1886
1073,FBP,2020-09-01,0 days 15:59:41.304271,130872,5.82,5.81,19429,11098,5100,-400
1074,FE,2020-09-01,0 days 15:59:05.246224,320462,28.34,28.33,789,5323,27662,-135257
1075,FE,2020-09-01,0 days 15:59:06.245995,310119,28.37,28.36,4840,200,-12543,27662
1076,FE,2020-09-01,0 days 15:59:10.247013,321023,28.34,28.33,1319,3705,966,-5094
1077,FE,2020-09-01,0 days 15:59:12.247010,322972,28.35,28.34,3213,2082,-1178,3009
1078,FHN,2020-09-01,0 days 15:59:04.242598,261724,9.53,9.52,41760,14970,-14843,6253
1079,FHN,2020-09-01,0 days 15:59:32.242748,256702,9.54,9.53,24759,53738,247,-4353
1080,FHN,2020-09-01,0 days 15:59:45.243902,257249,9.54,9.53,55568,27198,-5853,647
1081,FIT,2020-09-01,0 days 15:55:56.242211,222238,6.32,6.31,80765,65428,847,-1343
1082,FIT,2020-09-01,0 days 15:57:52.236211,226319,6.32,6.31,97917,44330,-15019,3767
1083,FLR,2020-09-01,0 days 15:59:06.243850,108740,9.28,9.27,10272,14986,667,-810
1084,FLR,2020-09-01,0 days 15:59:07.245297,108007,9.28,9.27,8877,16146,-733,667
1085,FLR,2020-09-01,0 days 15:59:35.243068,115269,9.29,9.28,16596,4267,94,-906
1086,FLR,2020-09-01,0 days 15:59:46.244718,115269,9.29,9.28,22679,2651,1994,-506
1087,FLR,2020-09-01,0 days 15:59:47.244547,114863,9.29,9.28,17086,4351,-406,1994
1088,FNF,2020-09-01,0 days 15:56:30.235176,89708,33.01,33.0,936,1579,289,-1263
1089,FNF,2020-09-01,0 days 15:56:31.235779,88497,33.01,33.0,836,1683,-1211,289
1090,FNF,2020-09-01,0 days 15:57:20.236769,91482,33.0,32.99,695,3272,763,-2315
1091,FNF,2020-09-01,0 days 15:57:21.236931,90545,33.0,32.99,695,3272,-915,763
1092,FNF,2020-09-01,0 days 15:58:04.239673,91504,33.03,33.02,2699,906,291,-1009
1093,FNF,2020-09-01,0 days 15:58:05.240055,90495,33.03,33.02,1459,906,-1009,291
1094,FNF,2020-09-01,0 days 15:59:12.243088,114315,33.03,33.02,407,1484,2877,-323
1095,FNF,2020-09-01,0 days 15:59:13.243367,112292,33.03,33.02,407,1284,-2023,2877
1096,FRO,2020-09-01,0 days 15:59:43.242955,96712,7.78,7.77,21407,17503,-1848,1226
1097,FRO,2020-09-01,0 days 15:59:48.242488,95740,7.78,7.77,14963,28101,2246,-1334
1098,FSLY,2020-09-01,0 days 15:57:26.298278,101280,95.52,95.44,427,18900,109,-391
1099,FSLY,2020-09-01,0 days 15:57:27.298068,96789,95.52,95.45,517,321,-4491,109
1100,FSLY,2020-09-01,0 days 15:59:45.305506,180230,95.5,95.46,539,620,4366,-3134
1101,FSLY,2020-09-01,0 days 15:59:47.304113,184396,95.53,95.49,400,1356,-8821,2576
1102,FSM,2020-09-01,0 days 15:55:42.234139,53037,7.19,7.18,84606,25195,-18,2082
1103,FSM,2020-09-01,0 days 15:57:32.237520,49559,7.2,7.19,23888,99604,3478,-18
1104,FSM,2020-09-01,0 days 15:59:07.242386,52706,7.19,7.18,35530,84959,-2003,281
1105,FSM,2020-09-01,0 days 15:59:08.242630,50709,7.19,7.18,35630,84959,1997,-2003
1106,FTI,2020-09-01,0 days 15:59:30.252562,322433,7.69,7.68,28204,95532,19487,-33713
1107,FTI,2020-09-01,0 days 15:59:31.250173,319720,7.69,7.68,18609,114632,-3022,19487
1108,GDDY,2020-09-01,0 days 15:55:38.235759,87349,84.18,84.13,428,941,-18785,417
1109,GDDY,2020-09-01,0 days 15:59:45.243582,120292,84.28,84.26,431,364,154,-945
1110,GDDY,2020-09-01,0 days 15:59:49.241957,120337,84.3,84.27,690,664,-585,1168
1111,GFI,2020-09-01,0 days 15:59:20.243339,251948,12.59,12.58,38186,1426,-22146,8594
1112,GFI,2020-09-01,0 days 15:59:21.243191,245594,12.59,12.58,36343,1300,6244,-22146
1113,GGB,2020-09-01,0 days 15:59:08.304046,37806,3.73,3.72,36105,1024458,-6328,3071
1114,GGB,2020-09-01,0 days 15:59:36.304102,55236,3.74,3.73,222431,873109,9269,-11031
1115,GGB,2020-09-01,0 days 15:59:37.303610,54605,3.74,3.73,217821,874309,-631,9269
1116,GIS,2020-09-01,0 days 15:55:00.232407,203593,63.0,62.99,519,1934,-7518,18253
1117,GIS,2020-09-01,0 days 15:55:01.232751,202211,63.0,62.99,1429,1271,982,-7518
1118,GIS,2020-09-01,0 days 15:55:08.233070,203593,63.0,62.99,612,3199,-2068,897
1119,GIS,2020-09-01,0 days 15:55:09.233328,202561,63.0,62.99,312,3899,632,-2068
1120,GIS,2020-09-01,0 days 15:56:07.235672,206458,63.01,63.0,1538,1465,-1616,2116
1121,GIS,2020-09-01,0 days 15:56:16.235776,206674,63.01,63.0,1512,2859,5298,-102
1122,GIS,2020-09-01,0 days 15:56:40.235998,231572,63.04,63.03,368,2058,-102,2698
1123,GIS,2020-09-01,0 days 15:56:42.235624,229174,63.04,63.03,1317,1803,2398,-302
1124,GIS,2020-09-01,0 days 15:57:33.236504,232450,63.04,63.03,2412,1086,-135,2165
1125,GIS,2020-09-01,0 days 15:57:34.236709,227685,63.04,63.03,1685,1382,4765,-135
1126,GIS,2020-09-01,0 days 15:58:07.239245,232450,63.04,63.03,3002,6083,-3659,268
1127,GIS,2020-09-01,0 days 15:58:08.239186,231309,63.04,63.03,3698,8207,1141,-3659
1128,GIS,2020-09-01,0 days 15:58:27.240628,232450,63.04,63.03,1608,10002,-759,1141
1129,GIS,2020-09-01,0 days 15:58:28.240200,229909,63.04,63.03,1708,9102,2541,-759
1130,GIS,2020-09-01,0 days 15:59:15.242451,255887,63.1,63.09,2137,4998,-86,813
1131,GIS,2020-09-01,0 days 15:59:17.241597,254273,63.1,63.09,5193,745,1614,-86
1132,GIS,2020-09-01,0 days 15:59:20.242296,255895,63.1,63.09,3516,2054,-3708,1614
1133,GIS,2020-09-01,0 days 15:59:21.241461,254703,63.1,63.09,4316,1221,1192,-3708
1134,GIS,2020-09-01,0 days 15:59:28.241046,255895,63.1,63.09,4560,1100,-1204,1092
1135,GIS,2020-09-01,0 days 15:59:29.241038,254899,63.1,63.09,3291,3237,996,-1204
1136,GLW,2020-09-01,0 days 15:58:46.244844,353141,32.83,32.82,11807,12171,830,-3970
1137,GLW,2020-09-01,0 days 15:59:07.246159,375618,32.84,32.83,6838,10963,853,-15947
1138,GLW,2020-09-01,0 days 15:59:13.247017,384121,32.85,32.84,8175,9464,1893,-1286
1139,GLW,2020-09-01,0 days 15:59:14.246847,367343,32.85,32.84,7203,12656,-15578,1893
1140,GLW,2020-09-01,0 days 15:59:15.247150,383221,32.85,32.84,10980,7824,722,-15578
1141,GM,2020-09-01,0 days 15:59:09.242452,660623,29.79,29.78,15990,22076,65319,-364
1142,GM,2020-09-01,0 days 15:59:10.242446,660836,29.8,29.79,11610,26218,-6787,65319
1143,GM,2020-09-01,0 days 15:59:15.243775,674513,29.8,29.79,6345,31763,3259,-13677
1144,GM,2020-09-01,0 days 15:59:25.243094,667217,29.81,29.8,19066,22288,-6714,9220
1145,GM,2020-09-01,0 days 15:59:28.242604,674731,29.8,29.79,9735,26255,846,-3814
1146,GM,2020-09-01,0 days 15:59:45.243816,697474,29.82,29.81,24860,23275,548,-21897
1147,GM,2020-09-01,0 days 15:59:48.243128,697244,29.82,29.81,24893,22488,-230,13070
1148,GME,2020-09-01,0 days 15:56:03.248979,170882,7.57,7.56,5009,8135,8122,-78
1149,GME,2020-09-01,0 days 15:57:46.251616,174783,7.63,7.62,5913,10129,-551,149
1150,GME,2020-09-01,0 days 15:57:52.251834,174734,7.64,7.63,12571,9934,50,-250
1151,GME,2020-09-01,0 days 15:57:54.251873,174784,7.64,7.63,6263,6924,-250,50
1152,GME,2020-09-01,0 days 15:58:34.257358,166434,7.63,7.62,4585,7492,7647,-1053
1153,GME,2020-09-01,0 days 15:59:09.257497,174091,7.63,7.62,4800,11067,-707,1381
1154,GME,2020-09-01,0 days 15:59:12.256443,169677,7.64,7.63,4487,5397,4459,-707
1155,GME,2020-09-01,0 days 15:59:33.249211,176936,7.66,7.65,7621,16424,-725,41
1156,GME,2020-09-01,0 days 15:59:41.249430,174461,7.66,7.65,4941,25649,2475,-12825
1157,GME,2020-09-01,0 days 15:59:48.250220,176936,7.66,7.65,10976,9532,-1339,1469
1158,GME,2020-09-01,0 days 15:59:50.253399,153808,7.66,7.65,9507,12247,23128,-1766
1159,GNW,2020-09-01,0 days 15:55:00.247270,198002,3.29,3.28,14900,41179,9438,-15195
1160,GOLD,2020-09-01,0 days 15:59:05.256068,197567,29.28,29.27,45773,8232,-15114,5210
1161,GOLD,2020-09-01,0 days 15:59:06.256091,193881,29.28,29.27,52723,4815,3686,-15114
1162,GOLD,2020-09-01,0 days 15:59:14.256837,201007,29.28,29.27,8435,35474,-642,6967
1163,GOLD,2020-09-01,0 days 15:59:38.249347,196688,29.31,29.3,22510,16315,1391,-5209
1164,GOLD,2020-09-01,0 days 15:59:47.250685,196927,29.31,29.3,35149,14641,1152,-1766
1165,GPK,2020-09-01,0 days 15:56:06.235297,113023,14.2,14.19,14927,12538,-1549,806
1166,GPK,2020-09-01,0 days 15:56:07.235689,111372,14.2,14.19,13657,13338,1651,-1549
1167,GPK,2020-09-01,0 days 15:57:05.236844,113080,14.2,14.19,7040,19046,-1335,1680
1168,GPK,2020-09-01,0 days 15:57:06.236857,111715,14.2,14.19,6140,19040,1365,-1335
1169,GPK,2020-09-01,0 days 15:57:50.237522,112615,14.2,14.19,14881,15799,465,-735
1170,GPK,2020-09-01,0 days 15:58:21.239658,109524,14.2,14.19,12698,29954,-1779,1121
1171,GPK,2020-09-01,0 days 15:58:22.239655,108403,14.2,14.19,13998,28454,1121,-1779
1172,GPK,2020-09-01,0 days 15:59:01.243381,108524,14.21,14.2,9027,28123,-114,36
1173,GPK,2020-09-01,0 days 15:59:02.243286,108447,14.21,14.2,11227,14147,77,-114
1174,GPK,2020-09-01,0 days 15:59:11.246358,108548,14.21,14.2,12335,14648,-6689,359
1175,GS,2020-09-01,0 days 15:57:34.237202,206768,205.62,205.58,124,695,51,-599
1176,GS,2020-09-01,0 days 15:57:35.238221,206119,205.68,205.58,300,890,-649,51
1177,GS,2020-09-01,0 days 15:58:20.240762,205218,205.53,205.51,300,647,-3167,1333
1178,GS,2020-09-01,0 days 15:58:44.240458,209060,205.07,205.03,513,812,1093,-2979
1179,GS,2020-09-01,0 days 15:58:45.240995,206918,205.11,205.06,168,236,-2142,1093
1180,GS,2020-09-01,0 days 15:59:18.243220,212848,205.34,205.22,180,1051,915,-6389
1181,GS,2020-09-01,0 days 15:59:24.242689,210854,205.27,205.19,100,700,-1994,2006
1182,GS,2020-09-01,0 days 15:59:40.243643,213300,205.38,205.31,616,323,326,-974
1183,GS,2020-09-01,0 days 15:59:41.242192,206326,205.41,205.31,817,1578,-6974,326
1184,GS,2020-09-01,0 days 15:59:45.243707,213155,205.37,205.26,271,100,671,-974
1185,GS,2020-09-01,0 days 15:59:47.243720,212426,205.4,205.29,704,106,-874,526
1186,GS,2020-09-01,0 days 15:59:49.243300,213300,205.4,205.29,624,366,626,-774
1187,GS,2020-09-01,0 days 15:59:54.244751,208126,205.37,205.25,1388,493,-5174,3764
1188,GSK,2020-09-01,0 days 15:59:23.256126,65135,38.91,38.9,1542,16054,7624,-2482
1189,GSK,2020-09-01,0 days 15:59:40.250588,73248,38.93,38.92,10090,14201,-87,13
1190,GSK,2020-09-01,0 days 15:59:46.251852,73335,38.93,38.92,8700,15836,2207,-87
1191,GSX,2020-09-01,0 days 15:57:45.239322,59626,94.6,94.4,502,101,-1166,1030
1192,GSX,2020-09-01,0 days 15:57:46.238960,58392,94.6,94.4,502,201,1234,-1166
1193,GSX,2020-09-01,0 days 15:59:19.241058,74230,94.53,94.48,100,504,-422,478
1194,GSX,2020-09-01,0 days 15:59:23.241060,72824,94.67,94.6,799,176,1406,-4266
1195,GSX,2020-09-01,0 days 15:59:46.244045,74230,94.67,94.62,2813,152,-1585,806
1196,GSX,2020-09-01,0 days 15:59:47.242776,73505,94.67,94.62,2813,228,725,-1585
1197,GTX,2020-09-01,0 days 15:55:00.239166,42492,2.69,2.68,5857,6150,-12565,23129
1198,GTX,2020-09-01,0 days 15:56:09.242146,20364,2.68,2.67,14668,11404,22128,-19972
1199,HAL,2020-09-01,0 days 15:55:11.233006,486799,16.2,16.19,43177,20986,2475,-3669
1200,HAL,2020-09-01,0 days 15:55:12.233776,480275,16.2,16.19,44077,20986,-6524,2475
1201,HAL,2020-09-01,0 days 15:56:00.235827,488071,16.2,16.19,27393,47400,102,-986
1202,HAL,2020-09-01,0 days 15:56:01.235126,487556,16.21,16.2,19866,40097,-515,102
1203,HAL,2020-09-01,0 days 15:56:12.234858,497271,16.21,16.2,13917,41061,9926,-2887
1204,HAL,2020-09-01,0 days 15:56:13.234678,491897,16.21,16.2,15137,37361,-5374,9926
1205,HAL,2020-09-01,0 days 15:56:34.235031,497734,16.21,16.2,13584,44867,277,-4123
1206,HAL,2020-09-01,0 days 15:56:44.235573,388011,16.22,16.21,11255,51409,-109723,277
1207,HAL,2020-09-01,0 days 15:59:43.243233,824574,16.25,16.24,54001,11328,5552,-5493
1208,HAL,2020-09-01,0 days 15:59:47.243280,793345,16.25,16.24,43926,27138,-37098,14618
1209,HAL,2020-09-01,0 days 15:59:49.241820,840913,16.25,16.24,27998,32680,1463,-4368
1210,HAL,2020-09-01,0 days 15:59:50.245144,688176,16.25,16.24,24775,42536,-153354,1463
1211,HBI,2020-09-01,0 days 15:59:07.242374,217262,15.56,15.55,10569,7107,4079,-5057
1212,HBI,2020-09-01,0 days 15:59:08.242621,216357,15.56,15.55,9669,6568,-905,4079
1213,HBI,2020-09-01,0 days 15:59:10.242661,217262,15.56,15.55,10320,7356,3595,-905
1214,HBI,2020-09-01,0 days 15:59:11.246559,213357,15.56,15.55,11167,6568,-5636,3595
1215,HBI,2020-09-01,0 days 15:59:45.244007,219163,15.56,15.55,15633,12018,7504,-2611
1216,HBI,2020-09-01,0 days 15:59:46.245233,216967,15.56,15.55,16133,12136,-2196,7504
1217,HD,2020-09-01,0 days 15:59:43.250204,405805,285.95,285.88,235,422,940,-3000
1218,HD,2020-09-01,0 days 15:59:44.249661,402318,286.06,285.98,300,629,-4561,940
1219,HD,2020-09-01,0 days 15:59:45.250683,405805,286.02,285.89,600,1833,629,-4561
1220,HD,2020-09-01,0 days 15:59:48.250362,398780,286.02,285.89,1127,758,-7625,2172
1221,HFC,2020-09-01,0 days 15:57:33.237684,206914,23.96,23.95,4006,3046,2611,-389
1222,HFC,2020-09-01,0 days 15:57:34.238126,201859,23.96,23.95,4006,2648,-4255,2611
1223,HFC,2020-09-01,0 days 15:59:21.243134,240449,23.97,23.96,3470,1832,108,-3842
1224,HFC,2020-09-01,0 days 15:59:25.243228,216957,23.98,23.96,2199,2090,-23792,8
1225,HIG,2020-09-01,0 days 15:56:13.295307,137408,40.87,40.86,1278,2708,5124,-776
1226,HIG,2020-09-01,0 days 15:56:14.295350,134132,40.88,40.87,1039,1476,-3276,5124
1227,HIG,2020-09-01,0 days 15:57:43.299187,139969,40.9,40.89,560,610,1763,-4137
1228,HIG,2020-09-01,0 days 15:57:44.298975,137132,40.91,40.9,620,867,-2837,1763
1229,HIG,2020-09-01,0 days 15:59:05.303371,147797,40.94,40.93,2071,1028,-1358,634
1230,HIG,2020-09-01,0 days 15:59:06.303439,147264,40.94,40.93,1999,1041,533,-1358
1231,HIG,2020-09-01,0 days 15:59:07.304010,145732,40.94,40.93,2345,1230,-1532,533
1232,HIG,2020-09-01,0 days 15:59:11.304878,147601,40.94,40.93,1813,1401,10787,-1343
1233,HIG,2020-09-01,0 days 15:59:12.303995,147088,40.94,40.93,1765,1401,-487,10787
