,Symbol,Timestamp,TIME,iPaired,Ask_P,Bid_P,Ask_S,Bid_S,iShares,PreviShares
0,A,2020-03-17,0 days 15:55:09.200964,287752,69.59,69.52,85,606,-40908,12171
1,A,2020-03-17,0 days 15:55:10.204674,282660,69.56,69.49,9,400,5092,-40908
2,A,2020-03-17,0 days 15:55:13.211315,287752,69.55,69.5,334,300,-39708,9571
3,A,2020-03-17,0 days 15:55:14.213040,282660,69.55,69.5,534,100,5192,-39708
4,A,2020-03-17,0 days 15:55:18.225180,287852,69.46,69.36,20,200,-39708,9571
5,A,2020-03-17,0 days 15:55:19.228173,282760,69.46,69.36,120,200,5092,-39708
6,A,2020-03-17,0 days 15:55:49.298011,289452,69.28,69.26,60,600,-39336,9271
7,A,2020-03-17,0 days 15:55:50.300783,235981,69.3,69.28,312,200,53471,-39336
8,A,2020-03-17,0 days 15:55:55.312854,283488,69.34,69.33,248,200,4764,-40536
9,A,2020-03-17,0 days 15:56:05.336690,288254,69.36,69.31,295,834,-39434,9171
10,A,2020-03-17,0 days 15:56:06.340297,283488,69.34,69.31,223,82,5966,-39434
11,A,2020-03-17,0 days 15:56:12.353125,293425,69.34,69.32,287,200,-40063,53944
12,A,2020-03-17,0 days 15:56:13.355842,288188,69.35,69.33,200,200,5237,-40063
13,A,2020-03-17,0 days 15:56:19.370814,293425,69.45,69.39,400,400,-39672,9644
14,A,2020-03-17,0 days 15:56:20.372897,288297,69.45,69.39,300,300,5128,-39672
15,A,2020-03-17,0 days 15:56:26.387371,288297,69.57,69.52,277,341,3928,-39672
16,A,2020-03-17,0 days 15:56:35.409364,292223,69.64,69.61,821,193,-37474,11944
17,A,2020-03-17,0 days 15:56:36.412222,237781,69.68,69.64,12,200,54442,-37474
18,A,2020-03-17,0 days 15:56:42.425239,292223,69.73,69.65,275,293,-39874,9542
19,A,2020-03-17,0 days 15:56:43.433038,287297,69.73,69.65,375,200,4926,-39874
20,A,2020-03-17,0 days 15:56:46.435171,292223,69.72,69.59,100,209,-39874,54444
21,A,2020-03-17,0 days 15:56:47.437538,287197,69.72,69.61,112,300,5026,-39874
22,A,2020-03-17,0 days 15:56:52.449815,292223,69.72,69.65,163,666,-41174,54442
23,A,2020-03-17,0 days 15:56:53.451777,287297,69.72,69.65,163,866,4926,-41174
24,A,2020-03-17,0 days 15:57:17.511792,292575,70.0,69.98,654,204,-41903,9583
25,A,2020-03-17,0 days 15:57:18.513228,288978,70.0,69.98,15,4,3597,-41903
26,A,2020-03-17,0 days 15:57:36.557436,288079,69.96,69.93,513,1412,4496,-45304
27,A,2020-03-17,0 days 15:57:48.584391,288879,69.94,69.9,3,200,3696,-54604
28,A,2020-03-17,0 days 15:58:21.666582,294447,69.66,69.63,920,100,-51178,9308
29,A,2020-03-17,0 days 15:58:22.667610,290425,69.63,69.62,109,300,4022,-51178
30,A,2020-03-17,0 days 15:58:38.706963,295649,69.42,69.29,3,200,-47976,9610
31,A,2020-03-17,0 days 15:58:39.709581,291225,69.41,69.29,3,200,4424,-47976
32,A,2020-03-17,0 days 15:58:53.742988,291216,69.35,69.33,368,200,4433,-47267
33,A,2020-03-17,0 days 15:58:59.758317,291925,69.42,69.36,400,400,3724,-47267
34,A,2020-03-17,0 days 15:59:06.776276,300127,69.49,69.46,319,1285,-45946,7421
35,A,2020-03-17,0 days 15:59:07.779327,241666,69.47,69.46,300,124,58461,-45946
36,A,2020-03-17,0 days 15:59:09.783629,300127,69.59,69.49,100,300,-52935,7461
37,A,2020-03-17,0 days 15:59:10.788259,296862,69.62,69.51,500,305,3235,-52935
38,A,2020-03-17,0 days 15:59:13.793787,318449,69.66,69.59,421,636,-43648,67859
39,A,2020-03-17,0 days 15:59:14.797021,313897,69.64,69.59,200,933,4552,-43648
40,A,2020-03-17,0 days 15:59:16.801896,318449,69.66,69.6,547,803,-54361,65050
41,A,2020-03-17,0 days 15:59:17.801335,314110,69.66,69.6,372,903,4339,-54361
42,A,2020-03-17,0 days 15:59:27.826488,318545,69.86,69.8,600,300,-1665,1835
43,A,2020-03-17,0 days 15:59:29.830234,315709,69.92,69.81,900,1130,2836,-1665
44,A,2020-03-17,0 days 15:59:32.842194,318545,69.97,69.92,242,355,-61633,8844
45,A,2020-03-17,0 days 15:59:33.841943,314678,69.92,69.91,400,777,3867,-61633
46,A,2020-03-17,0 days 15:59:46.872032,318655,70.08,70.04,400,208,-67854,5354
47,A,2020-03-17,0 days 15:59:48.876114,308518,70.29,70.05,1400,500,1034,-7177
48,A,2020-03-17,0 days 15:59:58.899012,306922,70.53,70.36,6508,100,-6162,5718
49,AA,2020-03-17,0 days 15:56:09.450294,184137,7.02,7.01,47502,10901,-2092,182
50,AA,2020-03-17,0 days 15:56:10.452622,175029,7.02,7.01,46902,10901,7759,-2092
51,AA,2020-03-17,0 days 15:58:09.742176,192833,7.0,6.99,81042,4048,-5373,15304
52,AA,2020-03-17,0 days 15:58:10.745018,171406,7.0,6.99,84042,249,19427,-5373
53,AA,2020-03-17,0 days 15:59:49.986124,175721,6.99,6.98,2900,14315,59521,-3679
54,ABB,2020-03-17,0 days 15:59:26.783428,31759,16.18,16.17,1606,4456,-515,453
55,ABB,2020-03-17,0 days 15:59:27.786060,30574,16.18,16.17,1311,4480,1185,-515
56,ABB,2020-03-17,0 days 15:59:56.861061,33459,16.23,16.21,300,4157,-1837,1385
57,ABBV,2020-03-17,0 days 15:59:34.840830,1413934,73.0,72.99,500,7686,-6840,29460
58,ABBV,2020-03-17,0 days 16:00:00.899907,1423520,73.06,73.02,100,5633,61017,-105829
59,ABC,2020-03-17,0 days 15:55:04.552490,179540,88.44,88.43,83,110,12341,-4389
60,ABC,2020-03-17,0 days 15:55:05.550588,176581,88.43,88.32,246,300,-19689,12341
61,ABC,2020-03-17,0 days 15:55:08.557190,196270,88.42,88.33,120,200,411,-4489
62,ABC,2020-03-17,0 days 15:55:09.562464,192981,88.34,88.33,400,100,-3289,411
63,ABC,2020-03-17,0 days 15:55:26.600907,196347,88.23,88.07,600,7,740,-2460
64,ABC,2020-03-17,0 days 15:55:27.604387,192687,88.23,88.08,600,100,-3660,740
65,ABC,2020-03-17,0 days 15:55:32.616002,179540,88.32,88.28,43,200,13167,-3660
66,ABC,2020-03-17,0 days 15:55:33.618007,177507,88.37,88.28,393,300,-18840,13167
67,ABC,2020-03-17,0 days 15:55:34.620726,179540,88.37,88.31,294,100,13167,-18840
68,ABC,2020-03-17,0 days 15:55:35.622705,177507,88.37,88.31,394,200,-2033,13167
69,ABC,2020-03-17,0 days 15:56:05.695104,177487,89.0,88.89,23,385,-2053,13147
70,ABC,2020-03-17,0 days 15:56:21.733804,177523,89.0,88.88,23,1000,-2017,14483
71,ABC,2020-03-17,0 days 15:56:32.760326,177544,89.1,89.02,300,800,-1996,13204
72,ABC,2020-03-17,0 days 15:56:58.822917,179833,89.05,89.04,300,200,13431,-3376
73,ABC,2020-03-17,0 days 15:56:59.826259,177864,89.13,89.04,320,300,-1969,13431
74,ABC,2020-03-17,0 days 15:57:11.855465,179933,89.36,89.26,100,400,14631,-3976
75,ABC,2020-03-17,0 days 15:57:12.857459,177664,89.36,89.29,300,200,-2269,14631
76,ABC,2020-03-17,0 days 15:57:28.896599,180533,89.64,89.55,300,597,12631,-6312
77,ABC,2020-03-17,0 days 15:57:29.897712,178064,89.64,89.55,150,200,-2369,12631
78,ABC,2020-03-17,0 days 15:57:57.966004,177964,89.55,89.51,15,255,-27877,20230
79,ABC,2020-03-17,0 days 15:58:17.013208,180886,89.39,89.32,8,216,21635,-4730
80,ABC,2020-03-17,0 days 15:58:18.015885,178721,89.39,89.32,8,316,-2165,21635
81,ABC,2020-03-17,0 days 15:58:37.061360,179102,89.15,89.13,1,600,-1584,19216
82,ABC,2020-03-17,0 days 15:58:59.117504,180686,89.04,89.03,106,200,20316,-25691
83,ABC,2020-03-17,0 days 15:59:00.119974,179302,88.98,88.83,505,300,-24991,20316
84,ABC,2020-03-17,0 days 15:59:05.131083,204293,88.95,88.85,1489,325,16557,-1991
85,ABC,2020-03-17,0 days 15:59:06.132496,202750,88.93,88.86,600,400,-1250,16557
86,ABC,2020-03-17,0 days 15:59:07.135114,202628,88.94,88.86,228,695,309,-1250
87,ABC,2020-03-17,0 days 15:59:19.164156,181193,89.21,89.11,200,873,25234,-405
88,ABC,2020-03-17,0 days 15:59:20.167175,201727,89.21,89.11,357,1448,-5217,25234
89,ABC,2020-03-17,0 days 15:59:24.176705,207012,89.32,89.17,500,300,2135,-797
90,ABC,2020-03-17,0 days 15:59:31.194280,237047,89.26,89.19,316,280,-476,17054
91,ABC,2020-03-17,0 days 15:59:36.204957,237047,89.31,89.22,200,200,-22976,25354
92,ABC,2020-03-17,0 days 15:59:37.208180,235523,89.31,89.22,904,179,1524,-22976
93,ABC,2020-03-17,0 days 15:59:41.217743,238246,89.36,89.23,800,700,-8000,2566
94,ABC,2020-03-17,0 days 15:59:42.220619,237146,89.32,89.23,1100,648,1101,-8000
95,ABC,2020-03-17,0 days 15:59:51.243289,240770,89.24,89.11,200,202,457,-2523
96,ABC,2020-03-17,0 days 15:59:55.254918,238247,89.38,89.11,907,5400,-2823,457
97,ABEV,2020-03-17,0 days 15:55:01.034468,9270687,2.29,2.28,584560,28720,234658,-8983242
98,ABT,2020-03-17,0 days 15:57:12.349630,1232150,78.72,78.67,200,400,-9410,145670
99,ABT,2020-03-17,0 days 15:57:13.352253,1222460,78.71,78.68,200,200,11090,-9410
100,ABT,2020-03-17,0 days 15:57:21.374096,1223560,78.72,78.68,1132,709,9990,-18762
101,ABT,2020-03-17,0 days 15:57:29.387010,1233550,78.55,78.53,100,14,-9590,166690
102,ABT,2020-03-17,0 days 15:57:30.391170,1223740,78.54,78.53,308,210,9810,-9590
103,ABT,2020-03-17,0 days 15:57:44.423073,1229597,78.48,78.46,506,320,3953,-43847
104,ABT,2020-03-17,0 days 15:57:49.434713,991960,78.57,78.55,1439,600,241772,-98708
105,ABT,2020-03-17,0 days 15:57:57.454093,1233732,78.39,78.35,560,300,-92022,152415
106,ABT,2020-03-17,0 days 15:57:58.456129,1218654,78.34,78.3,307,600,15086,-92022
107,ABT,2020-03-17,0 days 15:58:00.463663,1233732,78.42,78.39,4,200,-20722,3978
108,ABT,2020-03-17,0 days 15:58:01.465383,1207354,78.35,78.34,506,500,26378,-20722
109,ABT,2020-03-17,0 days 15:58:10.486804,1241304,78.28,78.26,134,220,-54307,217237
110,ABT,2020-03-17,0 days 15:58:11.489484,1025131,78.27,78.26,84,200,216173,-54307
111,ABT,2020-03-17,0 days 15:58:15.501508,1241304,78.28,78.24,800,500,-60159,153437
112,ABT,2020-03-17,0 days 15:58:16.501025,1236063,78.28,78.24,837,712,5241,-60159
113,ABT,2020-03-17,0 days 15:58:18.505771,1241304,78.25,78.24,106,812,-77354,207078
114,ABT,2020-03-17,0 days 15:58:19.508277,1237058,78.22,78.21,400,522,4246,-77354
115,ABT,2020-03-17,0 days 15:58:21.513386,1241304,78.27,78.22,600,500,-70002,217842
116,ABT,2020-03-17,0 days 15:58:22.515359,1236906,78.23,78.21,800,1958,4398,-70002
117,ABT,2020-03-17,0 days 15:58:27.533613,1242668,78.15,78.09,311,324,-58895,214142
118,ABT,2020-03-17,0 days 15:58:28.533678,1236663,78.14,78.11,400,444,6005,-58895
119,ABT,2020-03-17,0 days 15:58:32.540554,1250068,78.05,78.03,300,300,-10851,46749
120,ABT,2020-03-17,0 days 15:58:33.543727,1242119,78.01,77.98,300,300,7949,-10851
121,ABT,2020-03-17,0 days 15:58:40.561149,1258368,77.97,77.89,1297,500,-18308,178972
122,ABT,2020-03-17,0 days 15:58:41.561627,1248476,77.96,77.89,902,800,9892,-18308
123,ABT,2020-03-17,0 days 15:58:44.570096,1258368,77.96,77.9,100,400,-15908,178772
124,ABT,2020-03-17,0 days 15:58:45.571130,1248476,77.94,77.89,100,460,9892,-15908
125,ABT,2020-03-17,0 days 15:58:50.584277,1258368,77.95,77.91,181,600,-12208,186172
126,ABT,2020-03-17,0 days 15:58:51.585876,1248476,77.96,77.91,644,854,9892,-12208
127,ABT,2020-03-17,0 days 15:58:57.600454,1258368,77.95,77.9,322,900,-4608,186572
128,ABT,2020-03-17,0 days 15:58:59.605278,1242619,78.02,77.98,789,500,7449,-10551
129,ABT,2020-03-17,0 days 15:59:05.620504,1241857,78.34,78.22,464,24,-80986,139587
130,ABT,2020-03-17,0 days 15:59:06.622866,1241051,78.25,78.23,700,1000,806,-80986
131,ABT,2020-03-17,0 days 15:59:13.639164,1255356,78.46,78.34,400,2836,-113204,139913
132,ABT,2020-03-17,0 days 15:59:14.644509,1254760,78.46,78.43,400,220,596,-113204
133,ABT,2020-03-17,0 days 15:59:23.661228,1044056,78.68,78.67,200,1395,284612,-15662
134,ABT,2020-03-17,0 days 15:59:24.663225,1328668,78.72,78.68,200,824,-74514,284612
135,ABT,2020-03-17,0 days 15:59:25.670758,1327782,78.77,78.7,200,1008,886,-74514
136,ABT,2020-03-17,0 days 15:59:26.671466,1328668,78.76,78.7,221,2000,-3966,886
137,ABT,2020-03-17,0 days 15:59:27.669655,1326834,78.77,78.7,390,2354,202,-3966
138,ABT,2020-03-17,0 days 15:59:28.673104,1351636,78.91,78.79,400,1734,-6417,202
139,ABT,2020-03-17,0 days 15:59:29.678518,1035125,78.91,78.86,205,200,316511,-6417
140,ABT,2020-03-17,0 days 15:59:30.681111,1333692,79.13,79.1,100,499,-40880,316511
141,ABT,2020-03-17,0 days 15:59:31.680788,1327872,79.12,79.1,720,3324,5820,-40880
142,ABT,2020-03-17,0 days 15:59:33.684571,1333692,79.13,79.1,703,2894,-380,1720
143,ABT,2020-03-17,0 days 15:59:51.729156,1033359,79.59,79.58,1444,157,299676,-168
144,ABT,2020-03-17,0 days 15:59:52.731099,1330696,79.68,79.59,400,800,-12345,299676
145,ABT,2020-03-17,0 days 15:59:54.734699,1033359,79.7,79.61,1149,508,299676,-9006
146,ABT,2020-03-17,0 days 15:59:55.740126,1333035,79.7,79.59,1149,200,-6006,299676
147,ABT,2020-03-17,0 days 15:59:56.741815,1033359,79.6,79.59,1843,272,299676,-6006
148,ACB,2020-03-17,0 days 15:57:07.424610,9469,0.71,0.7,191916,62200,14913,-2837
149,ACC,2020-03-17,0 days 15:50:02.828187,219157,27.56,27.53,400,400,-10001,9691
150,ACC,2020-03-17,0 days 15:50:08.839513,209466,27.61,27.56,300,400,9691,-10001
151,ACC,2020-03-17,0 days 15:50:12.849080,219157,27.63,27.6,320,400,-10201,9691
152,ACC,2020-03-17,0 days 15:50:13.851257,209466,27.63,27.6,220,200,9691,-10201
153,ACC,2020-03-17,0 days 15:50:40.915186,219157,27.64,27.61,529,200,-10301,9691
154,ACC,2020-03-17,0 days 15:51:36.047489,219157,27.49,27.47,193,263,-9501,9691
155,ACC,2020-03-17,0 days 15:53:50.369752,219157,27.51,27.48,112,1200,-9901,9691
156,ACC,2020-03-17,0 days 15:54:03.399586,209466,27.49,27.48,1,396,9691,-9901
157,ACC,2020-03-17,0 days 15:54:14.425543,219157,27.59,27.55,305,932,-10101,9691
158,ACC,2020-03-17,0 days 15:55:25.599294,252943,27.51,27.46,98,100,-20099,1793
159,ACC,2020-03-17,0 days 15:55:34.620811,233350,27.47,27.46,97,367,21493,-199
160,ACC,2020-03-17,0 days 15:55:41.638209,255143,27.51,27.48,426,400,-1230,3993
161,ACC,2020-03-17,0 days 15:55:56.673699,236573,27.44,27.43,100,200,22570,-422
162,ACC,2020-03-17,0 days 15:55:57.676035,255143,27.4,27.37,311,200,-20822,22570
163,ACC,2020-03-17,0 days 15:56:03.691071,236573,27.34,27.32,300,100,21890,-722
164,ACC,2020-03-17,0 days 15:56:09.705314,255263,27.34,27.31,705,200,-23602,2090
165,ACC,2020-03-17,0 days 15:56:21.733959,255143,27.39,27.36,100,274,-20722,1770
166,ACC,2020-03-17,0 days 15:56:23.739312,236573,27.36,27.35,157,700,22070,-422
167,ACC,2020-03-17,0 days 15:56:26.745677,255143,27.38,27.36,100,100,-20722,1770
168,ACC,2020-03-17,0 days 15:56:29.753873,236573,27.38,27.35,601,732,22070,-422
169,ACC,2020-03-17,0 days 15:56:46.794113,259111,27.31,27.28,200,627,-19754,2138
170,ACC,2020-03-17,0 days 15:56:47.796490,258965,27.31,27.28,200,727,146,-19754
171,ACC,2020-03-17,0 days 15:56:52.809161,259111,27.25,27.24,100,293,-19454,21838
172,ACC,2020-03-17,0 days 15:56:53.812462,258965,27.25,27.24,300,400,146,-19454
173,ACC,2020-03-17,0 days 15:57:01.830274,259027,27.22,27.21,1,201,84,-19516
174,ACC,2020-03-17,0 days 15:57:19.874698,265227,27.2,27.19,54,1757,784,-16916
175,ACC,2020-03-17,0 days 15:57:57.966094,264227,27.2,27.18,100,254,1784,-15416
176,ACC,2020-03-17,0 days 15:58:00.974959,276711,27.18,27.15,621,846,-1093,1484
177,ACC,2020-03-17,0 days 15:59:13.150016,303627,27.15,27.13,495,1776,547,-40448
178,ACC,2020-03-17,0 days 15:59:31.194426,269574,27.28,27.21,116,2882,-35943,6148
179,ACC,2020-03-17,0 days 15:59:32.198938,263426,27.26,27.24,103,3671,39448,-35943
180,ACC,2020-03-17,0 days 15:59:33.198245,269874,27.3,27.27,314,4695,-38703,39448
181,ACC,2020-03-17,0 days 15:59:47.232837,265874,27.39,27.3,224,2233,-44502,3349
182,ACC,2020-03-17,0 days 15:59:52.245532,266325,27.31,27.3,100,307,7149,-40702
183,ACC,2020-03-17,0 days 15:59:57.256667,266325,27.34,27.3,900,2109,7149,-41022
184,ACM,2020-03-17,0 days 15:55:21.229554,182850,27.89,27.88,2126,800,143,-757
185,ACM,2020-03-17,0 days 15:55:22.230982,182193,27.89,27.88,1826,900,-657,143
186,ACM,2020-03-17,0 days 15:55:44.283704,198002,27.86,27.84,314,500,1211,-6089
187,ACM,2020-03-17,0 days 15:55:45.299589,196213,27.87,27.86,131,200,-1789,1211
188,ACM,2020-03-17,0 days 15:55:52.306581,183113,27.89,27.87,280,600,-337,12763
189,ACM,2020-03-17,0 days 15:56:21.378134,183113,27.93,27.92,5267,1416,-337,12763
190,ACM,2020-03-17,0 days 15:56:40.418319,183113,27.91,27.9,500,295,-337,12763
191,ACM,2020-03-17,0 days 15:56:46.432072,183450,27.9,27.89,200,300,12804,-1748
192,ACM,2020-03-17,0 days 15:56:47.434604,183054,27.9,27.89,1,400,-396,12804
193,ACM,2020-03-17,0 days 15:56:56.457052,183134,27.96,27.94,480,1300,-316,9884
194,ACM,2020-03-17,0 days 15:57:06.481707,194434,27.94,27.93,1392,1101,-1516,11684
195,ACM,2020-03-17,0 days 15:57:19.511128,196550,27.93,27.92,997,1300,11584,-2968
196,ACM,2020-03-17,0 days 15:57:20.517623,195034,27.93,27.92,1209,2402,-1516,11584
197,ACM,2020-03-17,0 days 15:57:23.521061,196550,27.91,27.89,500,300,11584,-16068
198,ACM,2020-03-17,0 days 15:57:24.523727,195034,27.91,27.89,500,600,-1516,11584
199,ACM,2020-03-17,0 days 15:58:02.617372,196134,27.9,27.89,3583,1119,-416,284
200,ACM,2020-03-17,0 days 15:58:04.620617,190335,27.9,27.89,3883,1219,5399,-416
201,ACM,2020-03-17,0 days 15:58:07.628654,195613,27.9,27.89,3319,1727,1069,-5279
202,ACM,2020-03-17,0 days 15:58:08.630956,195482,27.9,27.89,3719,1327,-131,1069
203,ACM,2020-03-17,0 days 15:58:53.741035,199661,27.9,27.89,6502,1874,821,-679
204,ACM,2020-03-17,0 days 15:58:54.741398,199382,27.9,27.89,6402,2088,-279,821
205,ACM,2020-03-17,0 days 15:59:11.785968,200319,27.93,27.92,100,1081,3919,-597
206,ACM,2020-03-17,0 days 15:59:20.807440,206538,27.94,27.93,2795,2159,-309,3391
207,ACM,2020-03-17,0 days 15:59:28.826773,206847,27.96,27.95,611,1349,13220,-14637
208,ACM,2020-03-17,0 days 15:59:30.829485,206351,27.97,27.96,3566,951,-496,604
209,ACM,2020-03-17,0 days 15:59:39.851927,206847,27.98,27.97,1840,445,4704,-96
210,ACM,2020-03-17,0 days 15:59:40.855618,206351,27.97,27.96,500,1679,-496,4704
211,ACN,2020-03-17,0 days 15:50:12.457696,379487,157.26,157.08,7,210,-37398,24932
212,ACN,2020-03-17,0 days 15:50:34.501774,351390,156.59,155.79,140,100,29357,-31339
213,ACN,2020-03-17,0 days 15:50:35.504229,380647,156.51,155.86,100,200,-32527,29357
214,ACN,2020-03-17,0 days 15:50:36.506982,351390,156.07,155.59,100,200,30057,-32527
215,ACN,2020-03-17,0 days 15:50:41.518533,380747,155.96,155.84,100,484,-31339,29357
216,ACN,2020-03-17,0 days 15:51:02.568877,351390,156.73,156.21,99,201,28917,-32993
217,ACN,2020-03-17,0 days 15:51:03.573993,380647,156.39,156.18,35,171,-32653,28917
218,ACN,2020-03-17,0 days 15:51:44.672776,351390,155.33,155.1,400,100,30657,-29934
219,ACN,2020-03-17,0 days 15:51:46.674851,381847,155.25,155.14,1,234,-29806,30657
220,ACN,2020-03-17,0 days 15:51:58.705330,351390,155.33,155.22,698,200,30457,-29806
221,ACN,2020-03-17,0 days 15:51:59.719480,381847,155.59,155.35,26,200,-29934,30457
222,ACN,2020-03-17,0 days 15:52:08.727551,351390,155.37,155.22,124,114,30457,-29806
223,ACN,2020-03-17,0 days 15:52:18.751486,381847,155.31,155.12,91,105,-29806,30457
224,ACN,2020-03-17,0 days 15:52:39.802587,382847,154.44,154.18,5,200,-27971,32162
225,ACN,2020-03-17,0 days 15:52:45.815971,350685,154.44,154.35,20,100,32162,-29306
226,ACN,2020-03-17,0 days 15:52:50.828912,382247,154.66,154.49,5,100,-29306,32162
227,ACN,2020-03-17,0 days 15:53:12.880411,350685,154.58,154.32,2,100,32162,-27971
228,ACN,2020-03-17,0 days 15:53:13.882843,382847,154.58,154.32,2,200,-27971,32162
229,ACN,2020-03-17,0 days 15:53:24.909157,350685,154.66,154.44,72,100,31562,-28701
230,ACN,2020-03-17,0 days 15:53:26.914444,382047,154.71,154.58,5,281,-29506,30957
231,ACN,2020-03-17,0 days 15:53:48.967115,350685,154.67,154.38,100,100,32162,-27971
232,ACN,2020-03-17,0 days 15:53:51.974213,382047,154.67,154.46,100,100,-29506,31562
233,ACN,2020-03-17,0 days 15:54:30.067272,382047,155.1,154.98,44,100,-29606,30657
234,ACN,2020-03-17,0 days 15:54:42.096882,381647,155.59,155.52,59,766,-30134,30457
235,ACN,2020-03-17,0 days 15:54:43.097151,351390,156.09,155.53,100,1001,30057,-30134
236,ACN,2020-03-17,0 days 15:54:44.098762,380947,155.85,155.55,1,201,-31139,30057
237,ACN,2020-03-17,0 days 15:54:46.104498,351390,155.85,155.78,1,246,29557,-31139
238,ACN,2020-03-17,0 days 15:54:47.106334,380747,156.12,155.81,100,100,-31339,29557
239,ACN,2020-03-17,0 days 15:54:49.111216,351390,156.09,155.94,164,1,29357,-31339
240,ACN,2020-03-17,0 days 15:54:52.118233,380647,156.09,155.93,4,838,-32527,29357
241,ACN,2020-03-17,0 days 15:54:56.126733,351390,156.45,156.17,100,200,29257,-32653
242,ACN,2020-03-17,0 days 15:54:59.134949,379787,156.45,156.36,29,200,-34280,28917
243,ACN,2020-03-17,0 days 15:55:17.179756,407701,156.23,156.17,10,385,-52365,16028
244,ACN,2020-03-17,0 days 15:55:22.191128,391333,156.07,155.95,294,100,63768,-4939
245,ACN,2020-03-17,0 days 15:55:23.193804,409101,156.17,156.04,200,200,-50839,63768
246,ACN,2020-03-17,0 days 15:55:42.240539,391333,155.88,155.52,200,200,66584,-830
247,ACN,2020-03-17,0 days 15:55:47.251770,411117,155.88,155.69,1708,3,-47735,20484
248,ACN,2020-03-17,0 days 15:55:49.256751,391333,155.78,155.67,64,257,63084,-4635
249,ACN,2020-03-17,0 days 15:55:50.259127,411117,155.81,155.69,200,200,-47735,63084
250,ACN,2020-03-17,0 days 15:55:58.278521,391333,155.86,155.72,100,303,63084,-4635
251,ACN,2020-03-17,0 days 15:56:08.301817,411119,155.94,155.8,200,100,-52598,14921
252,ACN,2020-03-17,0 days 15:56:18.326890,396198,156.26,156.16,50,1,62321,-6412
253,ACN,2020-03-17,0 days 15:56:20.330490,410157,156.97,156.23,100,101,-55541,14821
254,ACN,2020-03-17,0 days 15:56:23.338529,396965,156.99,156.54,770,411,63392,-5341
255,ACN,2020-03-17,0 days 15:56:50.402605,399363,157.31,157.03,63,100,60694,-5636
256,ACN,2020-03-17,0 days 15:56:51.405680,409846,157.46,157.05,300,100,-58670,60694
257,ACN,2020-03-17,0 days 15:57:35.513144,409122,158.06,158.03,816,20,-64734,7919
258,ACN,2020-03-17,0 days 15:57:42.530316,409122,158.09,158.02,250,616,-84770,1683
259,ACN,2020-03-17,0 days 15:57:45.537940,404841,158.1,158.02,200,411,64281,-26372
260,ACN,2020-03-17,0 days 15:57:55.561276,404851,158.19,158.08,192,100,64905,-30382
261,ACN,2020-03-17,0 days 15:57:56.563206,409756,158.09,158.06,91,800,-97748,64905
262,ACN,2020-03-17,0 days 15:57:57.565764,404851,158.12,158.06,194,200,64905,-97748
263,ACN,2020-03-17,0 days 15:57:58.573831,409756,158.18,158.08,400,10,-1695,64905
264,ACN,2020-03-17,0 days 15:57:59.571306,409251,158.18,158.07,1133,100,505,-1695
265,ACN,2020-03-17,0 days 15:58:01.581121,409756,158.04,158.03,170,78,-93548,505
266,ACN,2020-03-17,0 days 15:58:03.581430,404251,158.09,158.01,900,165,62457,-29048
267,ACN,2020-03-17,0 days 15:58:05.587569,406608,158.08,158.01,50,375,-98089,3257
268,ACN,2020-03-17,0 days 15:58:07.591477,406691,157.99,157.95,377,253,59917,-35589
269,ACN,2020-03-17,0 days 15:58:08.592993,407208,157.96,157.95,1167,309,-83,59917
270,ACN,2020-03-17,0 days 15:58:16.613849,406691,157.85,157.82,70,285,65110,-30518
271,ACN,2020-03-17,0 days 15:58:39.669774,470428,156.87,156.02,2157,316,-5315,5085
272,ACN,2020-03-17,0 days 15:58:40.671732,473376,156.85,156.43,2451,20,5574,-5315
273,ACN,2020-03-17,0 days 15:58:41.674879,469490,156.83,156.05,3961,1,-3886,5574
274,ACN,2020-03-17,0 days 15:58:46.686313,467509,156.25,155.8,2161,100,4481,-3760
275,ACN,2020-03-17,0 days 15:58:47.687847,464090,156.18,155.8,100,100,-3419,4481
276,ACN,2020-03-17,0 days 15:58:48.692941,400590,156.1,155.8,2242,126,67500,-3419
277,ACN,2020-03-17,0 days 15:58:55.708484,435990,155.94,155.72,2661,226,-64119,3400
278,ACN,2020-03-17,0 days 15:59:05.733940,471171,156.23,156.03,237,889,1019,-6755
279,ACN,2020-03-17,0 days 15:59:07.739404,461251,156.22,156.04,184,400,-10976,5070
280,ACN,2020-03-17,0 days 15:59:08.742827,402356,156.21,156.14,251,144,67161,-10976
281,ACN,2020-03-17,0 days 15:59:10.745605,429477,156.83,156.18,800,970,-72574,2361
282,ACN,2020-03-17,0 days 15:59:23.776127,403453,157.02,156.81,200,373,30509,-45719
283,ACN,2020-03-17,0 days 15:59:24.780759,429662,157.02,156.82,202,385,-73919,30509
284,ACN,2020-03-17,0 days 15:59:26.783232,406466,157.06,157.03,294,1092,23196,-49057
285,ACN,2020-03-17,0 days 15:59:27.785850,429651,157.14,157.11,100,54,-74826,23196
286,ACN,2020-03-17,0 days 15:59:30.798054,406566,157.25,157.16,400,300,23085,-52226
287,ACN,2020-03-17,0 days 15:59:31.796686,429651,157.25,157.13,200,1376,-79040,23085
288,ACN,2020-03-17,0 days 15:59:38.813590,406266,157.36,157.17,1100,219,23485,-56576
289,ACN,2020-03-17,0 days 15:59:40.819603,429751,157.81,157.3,900,702,-78876,1185
290,ACN,2020-03-17,0 days 15:59:43.825095,409702,157.37,157.3,790,409,20049,-57070
291,ACN,2020-03-17,0 days 15:59:44.826560,430703,157.51,157.37,688,757,-74518,20049
292,ACN,2020-03-17,0 days 15:59:55.856097,409438,157.8,157.45,3696,2078,44465,-32394
293,ACN,2020-03-17,0 days 15:59:57.861504,453287,157.79,157.45,2808,1014,-35770,44465
294,ACN,2020-03-17,0 days 15:59:59.865885,409438,157.71,157.7,19245,14924,44425,-32254
295,ADM,2020-03-17,0 days 15:50:01.437071,320776,34.82,34.78,300,436,31938,-18297
296,ADM,2020-03-17,0 days 15:50:05.434570,320776,34.91,34.89,200,302,31938,-19297
297,ADM,2020-03-17,0 days 15:50:06.437578,352714,34.94,34.91,423,1000,-19297,31938
298,ADM,2020-03-17,0 days 15:50:11.448081,320776,35.0,34.99,350,100,31938,-20197
299,ADM,2020-03-17,0 days 15:51:42.669732,320776,34.74,34.73,200,200,31938,-18297
300,ADM,2020-03-17,0 days 15:51:43.668679,352714,34.72,34.7,300,400,-17197,31938
301,ADM,2020-03-17,0 days 15:51:58.706382,320776,34.73,34.71,320,385,31938,-17197
302,ADM,2020-03-17,0 days 15:52:02.715078,320776,34.77,34.75,25,200,31938,-18297
303,ADM,2020-03-17,0 days 15:52:03.716424,352714,34.75,34.72,195,500,-18297,31938
304,ADM,2020-03-17,0 days 15:52:15.746405,320776,34.71,34.7,200,400,31938,-17197
305,ADM,2020-03-17,0 days 15:52:41.807363,320776,34.64,34.62,599,421,32038,-17197
306,ADM,2020-03-17,0 days 15:52:50.829820,352714,34.67,34.65,600,500,-17197,31938
307,ADM,2020-03-17,0 days 15:52:53.835985,352714,34.67,34.66,100,212,-17197,31938
308,ADM,2020-03-17,0 days 15:54:20.046123,320776,34.66,34.65,100,378,31938,-17197
309,ADM,2020-03-17,0 days 15:54:27.058791,352714,34.68,34.65,716,471,-17197,31938
310,ADM,2020-03-17,0 days 15:54:32.070700,352714,34.69,34.67,200,923,-17197,31938
311,ADM,2020-03-17,0 days 15:54:45.103028,352714,34.81,34.77,106,703,-18297,31938
312,ADM,2020-03-17,0 days 15:54:46.104710,320776,34.78,34.77,600,467,31938,-18297
313,ADM,2020-03-17,0 days 15:55:26.202955,374332,34.79,34.78,700,513,48438,-2801
314,ADM,2020-03-17,0 days 15:55:33.218878,375832,34.82,34.81,300,100,50738,-50001
315,ADM,2020-03-17,0 days 15:55:37.228786,400870,34.84,34.81,303,843,-49001,2238
316,ADM,2020-03-17,0 days 15:58:11.604506,405301,34.93,34.92,9912,2644,-794,1482
317,ADM,2020-03-17,0 days 15:58:12.603999,402995,34.93,34.92,10039,2640,2306,-794
318,ADNT,2020-03-17,0 days 15:57:02.577746,165998,8.3,8.28,611,2300,6829,-1571
319,ADNT,2020-03-17,0 days 15:59:29.922913,169615,8.39,8.37,185,2233,3739,-12616
320,ADNT,2020-03-17,0 days 15:59:41.951330,173054,8.44,8.41,274,3184,-11961,5530
321,ADNT,2020-03-17,0 days 15:59:42.953082,169915,8.42,8.41,65,2444,3239,-11961
322,ADNT,2020-03-17,0 days 15:59:46.964220,170515,8.44,8.42,247,2314,3176,-12824
323,ADS,2020-03-17,0 days 15:55:14.587342,98355,30.78,30.74,345,700,-5874,2163
324,ADS,2020-03-17,0 days 15:55:15.589656,96929,30.78,30.74,345,1000,1426,-5874
325,ADS,2020-03-17,0 days 15:55:16.592123,98355,30.78,30.74,370,800,-896,1426
326,ADS,2020-03-17,0 days 15:55:17.594958,97151,30.77,30.74,220,291,1204,-896
327,ADS,2020-03-17,0 days 15:55:18.597170,98355,30.77,30.74,220,322,-2696,1204
328,ADS,2020-03-17,0 days 15:55:19.601854,97484,30.7,30.66,200,300,886,-2696
329,ADS,2020-03-17,0 days 15:55:46.664863,100727,30.7,30.68,100,200,-757,1943
330,ADS,2020-03-17,0 days 15:55:47.668332,100484,30.7,30.68,50,400,243,-757
331,ADS,2020-03-17,0 days 15:56:00.701177,99884,30.68,30.61,394,600,843,-6457
332,ADS,2020-03-17,0 days 15:56:34.779431,99884,30.66,30.61,400,331,843,-6457
333,ADS,2020-03-17,0 days 15:57:00.841602,101143,30.7,30.63,1548,100,-7033,684
334,ADS,2020-03-17,0 days 15:57:05.855008,103557,30.84,30.7,204,100,-9919,7965
335,ADS,2020-03-17,0 days 15:57:06.856924,103376,30.84,30.75,113,600,181,-9919
336,ADS,2020-03-17,0 days 15:57:20.890840,105971,30.77,30.64,200,100,-4705,951
337,ADS,2020-03-17,0 days 15:57:38.933649,106576,30.68,30.66,141,200,595,-6805
338,ADS,2020-03-17,0 days 15:57:46.952785,107971,30.83,30.71,167,412,-851,1972
339,ADS,2020-03-17,0 days 15:57:52.967344,106792,30.69,30.62,268,100,3986,-521
340,ADS,2020-03-17,0 days 15:57:54.972611,110778,30.66,30.61,356,300,-6414,8956
341,ADS,2020-03-17,0 days 15:57:55.974747,109892,30.66,30.61,307,200,886,-6414
342,ADS,2020-03-17,0 days 15:58:02.991994,110778,30.65,30.58,304,100,-7614,1756
343,ADS,2020-03-17,0 days 15:58:03.994663,111236,30.65,30.58,304,100,757,-7614
344,ADS,2020-03-17,0 days 15:58:11.010533,113753,30.68,30.59,403,100,-7659,1451
345,ADS,2020-03-17,0 days 15:58:32.063041,114535,30.63,30.59,200,350,-6377,1693
346,ADS,2020-03-17,0 days 15:58:33.066703,113612,30.64,30.59,1,453,923,-6377
347,ADS,2020-03-17,0 days 15:58:42.087718,114535,30.67,30.63,100,98,-6977,9453
348,ADS,2020-03-17,0 days 15:58:44.091872,111612,30.69,30.63,485,98,586,-1514
349,ADS,2020-03-17,0 days 15:58:52.109714,111612,30.66,30.6,272,643,563,-7037
350,ADS,2020-03-17,0 days 15:58:59.128000,109838,30.69,30.63,556,400,-1674,663
351,ADS,2020-03-17,0 days 15:59:00.132332,109512,30.7,30.65,204,100,326,-1674
352,ADS,2020-03-17,0 days 15:59:08.150818,112786,30.68,30.65,134,41,-6864,1314
353,ADS,2020-03-17,0 days 15:59:19.174189,101580,30.7,30.63,203,351,11206,-2245
354,ADS,2020-03-17,0 days 15:59:29.198918,109124,30.7,30.68,3,483,-2391,541
355,ADS,2020-03-17,0 days 15:59:30.201836,108479,30.72,30.69,101,1100,645,-2391
356,ADS,2020-03-17,0 days 15:59:32.206184,109971,30.72,30.7,201,1062,-408,2092
357,ADS,2020-03-17,0 days 15:59:41.228180,108764,30.76,30.74,78,900,-751,456
358,ADS,2020-03-17,0 days 15:59:42.229477,108315,30.84,30.74,100,1389,449,-751
359,ADS,2020-03-17,0 days 15:59:52.254483,107557,30.79,30.76,100,1,-12386,449
360,ADSW,2020-03-17,0 days 15:59:30.193534,137585,32.29,32.27,700,1816,-118,4431
361,ADSW,2020-03-17,0 days 15:59:45.227703,137477,32.27,32.26,303,320,636,-2264
362,ADSW,2020-03-17,0 days 15:59:56.255038,138113,32.3,32.26,3270,5200,-1429,1236
363,ADT,2020-03-17,0 days 15:58:08.482461,83336,4.35,4.34,15554,3736,-88,1878
364,ADT,2020-03-17,0 days 15:58:16.501110,83424,4.35,4.34,15287,5256,452,-88
365,AEE,2020-03-17,0 days 15:55:01.034605,174653,77.67,77.63,500,60,-7539,9609
366,AEE,2020-03-17,0 days 15:55:02.036823,143431,77.64,77.6,40,134,31222,-7539
367,AEE,2020-03-17,0 days 15:55:03.039533,174653,77.66,77.54,40,2,-26439,31222
368,AEE,2020-03-17,0 days 15:55:04.040245,143531,77.66,77.61,40,400,31122,-26439
369,AEE,2020-03-17,0 days 15:55:10.061271,173712,77.57,77.49,200,70,941,-26659
370,AEE,2020-03-17,0 days 15:55:15.067218,175378,77.49,77.39,400,300,-25834,4227
371,AEE,2020-03-17,0 days 15:55:16.070826,174914,77.48,77.39,202,200,464,-25834
372,AEE,2020-03-17,0 days 15:55:28.100035,175514,77.22,77.16,1191,700,-300,600
373,AEE,2020-03-17,0 days 15:55:29.104157,174614,77.22,77.16,1498,491,900,-300
374,AEE,2020-03-17,0 days 15:55:47.148667,179125,77.37,77.34,100,506,-26089,31172
375,AEE,2020-03-17,0 days 15:55:48.148278,177914,77.36,77.3,304,200,1311,-26089
376,AEE,2020-03-17,0 days 15:56:01.179496,178014,77.29,77.27,110,218,1211,-26089
377,AEE,2020-03-17,0 days 15:56:12.206748,179126,77.37,77.34,425,100,-26088,3973
378,AEE,2020-03-17,0 days 15:56:13.208420,177914,77.35,77.34,69,500,1212,-26088
379,AEE,2020-03-17,0 days 15:56:29.245193,178925,77.75,77.66,474,339,-26289,3972
380,AEE,2020-03-17,0 days 15:56:30.247896,177714,77.75,77.67,574,263,1211,-26289
381,AEE,2020-03-17,0 days 15:56:31.252628,178725,77.75,77.67,772,383,-221,1211
382,AEE,2020-03-17,0 days 15:56:32.256554,177746,77.75,77.67,780,683,979,-221
383,AEE,2020-03-17,0 days 15:56:37.265016,178725,77.73,77.69,117,583,-221,2511
384,AEE,2020-03-17,0 days 15:56:38.269029,177646,77.73,77.69,100,303,1279,-221
385,AEE,2020-03-17,0 days 15:56:43.279785,177746,77.73,77.7,200,100,979,-26421
386,AEE,2020-03-17,0 days 15:56:47.291010,178925,77.73,77.68,746,301,-26289,32672
387,AEE,2020-03-17,0 days 15:56:48.292083,177714,77.7,77.67,100,1601,1211,-26289
388,AEE,2020-03-17,0 days 15:57:17.364042,180389,77.89,77.86,1912,200,-26800,3961
389,AEE,2020-03-17,0 days 15:57:18.364806,179389,77.89,77.85,30,41,1000,-26800
390,AEE,2020-03-17,0 days 15:57:34.398154,180589,77.67,77.66,35,357,-27268,3993
391,AEE,2020-03-17,0 days 15:57:35.400832,179357,77.68,77.67,811,100,1232,-27268
392,AEE,2020-03-17,0 days 15:57:36.404480,180489,77.7,77.67,100,300,-1100,1232
393,AEE,2020-03-17,0 days 15:57:37.405240,145996,77.74,77.68,200,157,34593,-1100
394,AEE,2020-03-17,0 days 15:57:46.427027,180389,77.73,77.71,5,149,-33802,2859
395,AEE,2020-03-17,0 days 15:57:47.429581,179791,77.72,77.69,536,623,598,-33802
396,AEE,2020-03-17,0 days 15:57:57.454189,180590,77.59,77.57,819,505,-69,930
397,AEE,2020-03-17,0 days 15:57:58.456222,179759,77.59,77.57,1064,577,831,-69
398,AEE,2020-03-17,0 days 15:58:01.465515,180590,77.53,77.5,220,352,-30269,4092
399,AEE,2020-03-17,0 days 15:58:02.467229,177959,77.45,77.44,100,200,2831,-30269
400,AEE,2020-03-17,0 days 15:58:05.474825,175759,77.41,77.35,100,300,719,-3181
401,AEE,2020-03-17,0 days 15:58:22.515424,178171,77.3,77.27,922,291,-27770,3291
402,AEE,2020-03-17,0 days 15:58:23.518339,177741,77.3,77.27,1026,297,430,-27770
403,AEE,2020-03-17,0 days 15:58:41.561726,177641,77.1,77.06,431,31,1630,-27770
404,AEE,2020-03-17,0 days 15:58:45.571222,179271,77.0,76.92,991,200,-26670,30691
405,AEE,2020-03-17,0 days 15:58:46.575132,178641,76.99,76.92,260,375,630,-26670
406,AEE,2020-03-17,0 days 15:58:54.592819,179541,76.91,76.9,297,200,730,-26570
407,AEE,2020-03-17,0 days 15:59:03.622288,179271,77.03,76.96,102,704,-290,730
408,AEE,2020-03-17,0 days 15:59:05.620627,179174,77.04,76.96,439,716,97,-5303
409,AEE,2020-03-17,0 days 15:59:10.634690,179271,77.14,77.04,463,300,-74,124
410,AEE,2020-03-17,0 days 15:59:11.634564,143251,77.14,77.07,400,580,41732,-74
411,AEE,2020-03-17,0 days 15:59:16.643236,196506,77.28,77.15,100,900,-21439,4293
412,AEE,2020-03-17,0 days 15:59:17.646088,195245,77.32,77.24,200,409,1261,-21439
413,AEE,2020-03-17,0 days 15:59:18.648025,196406,77.38,77.26,100,306,-439,1261
414,AEE,2020-03-17,0 days 15:59:20.654327,197145,77.35,77.27,100,805,4350,-439
415,AEE,2020-03-17,0 days 15:59:24.663344,202565,77.42,77.38,2,797,-33391,4033
416,AEE,2020-03-17,0 days 15:59:25.670851,162562,77.4,77.38,100,100,40003,-33391
417,AEE,2020-03-17,0 days 15:59:26.671628,202565,77.41,77.38,778,441,-34291,40003
418,AEE,2020-03-17,0 days 15:59:27.669782,201956,77.43,77.41,98,107,609,-34291
419,AEE,2020-03-17,0 days 15:59:32.682908,202365,77.67,77.53,46,1000,-34591,39903
420,AEE,2020-03-17,0 days 15:59:33.684664,162051,77.71,77.62,521,202,40313,-34591
421,AEE,2020-03-17,0 days 15:59:34.687435,202364,77.76,77.64,801,1031,-37245,40313
422,AEE,2020-03-17,0 days 15:59:40.703626,156665,77.91,77.85,635,211,43138,-2413
423,AEE,2020-03-17,0 days 15:59:41.704432,199803,77.91,77.87,100,689,-41327,43138
424,AEE,2020-03-17,0 days 15:59:43.709076,200576,77.84,77.75,800,300,1588,-1173
425,AEE,2020-03-17,0 days 15:59:45.714719,199803,77.88,77.82,400,597,-44319,45953
426,AEE,2020-03-17,0 days 15:59:50.727976,202065,77.83,77.75,110,120,99,-262
427,AEE,2020-03-17,0 days 15:59:57.743580,202065,77.76,77.75,401,100,99,-62
428,AEM,2020-03-17,0 days 15:55:00.178584,50852,41.64,41.62,429,1093,834,-32288
429,AEM,2020-03-17,0 days 15:55:01.178691,46586,41.65,41.62,137,1441,-32085,834
430,AEM,2020-03-17,0 days 15:55:02.180746,50852,41.65,41.64,172,200,20934,-32085
431,AEM,2020-03-17,0 days 15:55:03.183462,46586,41.63,41.6,272,1500,-32085,20934
432,AEM,2020-03-17,0 days 15:55:29.246177,72699,41.47,41.42,300,700,-5972,2528
433,AEM,2020-03-17,0 days 15:55:31.251111,50852,41.47,41.44,947,100,21847,-5972
434,AEM,2020-03-17,0 days 15:55:32.254335,47399,41.46,41.42,354,1324,-31272,21847
435,AEM,2020-03-17,0 days 15:55:53.305223,50852,41.48,41.44,700,273,21847,-5972
436,AEM,2020-03-17,0 days 15:55:54.307483,47399,41.47,41.44,1000,273,-31272,21847
437,AEM,2020-03-17,0 days 15:55:59.318984,47399,41.46,41.42,700,530,-3453,21847
438,AEM,2020-03-17,0 days 15:56:16.360831,47399,41.45,41.43,200,204,-3453,21847
439,AEM,2020-03-17,0 days 15:56:27.387641,47508,41.45,41.41,2212,500,-31163,21856
440,AEM,2020-03-17,0 days 15:56:52.446633,47608,41.32,41.28,2412,267,-3344,21856
441,AEM,2020-03-17,0 days 15:57:00.467486,47825,41.34,41.29,400,414,-30946,22473
442,AEM,2020-03-17,0 days 15:57:22.518602,50952,41.44,41.4,500,1397,21894,-5925
443,AEM,2020-03-17,0 days 15:57:23.521061,47746,41.43,41.41,200,400,-3206,21894
444,AEM,2020-03-17,0 days 15:57:28.533475,50952,41.49,41.48,2910,100,21994,-5825
445,AEM,2020-03-17,0 days 15:57:29.536038,47746,41.49,41.48,3391,200,-3206,21994
446,AEM,2020-03-17,0 days 15:57:49.584558,47935,41.56,41.53,1100,3810,-3017,22783
447,AEM,2020-03-17,0 days 15:57:55.599094,50952,41.54,41.51,400,402,22283,-5736
448,AEM,2020-03-17,0 days 15:57:56.602549,47835,41.54,41.51,1100,402,-3117,22283
449,AEM,2020-03-17,0 days 15:58:01.615574,44346,41.5,41.45,1500,200,-2706,26094
450,AEM,2020-03-17,0 days 15:58:07.628654,44846,41.51,41.49,1412,35,-31006,23083
451,AEM,2020-03-17,0 days 15:58:08.630956,50952,41.51,41.49,1108,35,19194,-31006
452,AEM,2020-03-17,0 days 15:58:09.634237,48146,41.5,41.48,96,4,-34358,19194
453,AEM,2020-03-17,0 days 15:58:10.636070,53704,41.51,41.48,1308,404,22442,-34358
454,AEM,2020-03-17,0 days 15:58:11.637955,50646,41.51,41.48,2588,204,-3158,22442
455,AEM,2020-03-17,0 days 15:58:15.648166,49904,41.56,41.53,300,400,131,-3769
456,AEM,2020-03-17,0 days 15:58:25.672013,52139,41.63,41.6,100,402,-31484,19535
457,AEM,2020-03-17,0 days 15:58:47.725963,51904,41.53,41.49,500,100,26246,-1884
458,AEM,2020-03-17,0 days 15:58:48.729321,48650,41.53,41.49,1200,31,-7154,26246
459,AEM,2020-03-17,0 days 15:58:56.748069,55804,41.52,41.49,600,200,21976,-6154
460,AEM,2020-03-17,0 days 15:58:57.750533,52180,41.51,41.47,500,325,-31443,21976
461,AEM,2020-03-17,0 days 15:59:04.773267,56448,41.61,41.58,700,400,22671,-31548
462,AEM,2020-03-17,0 days 15:59:05.771223,53519,41.62,41.56,800,603,-30748,22671
463,AEM,2020-03-17,0 days 15:59:10.783715,53619,41.63,41.6,900,946,-2866,23534
464,AEM,2020-03-17,0 days 15:59:17.798830,53808,41.65,41.63,328,200,-2677,18823
465,AEM,2020-03-17,0 days 15:59:21.808246,56485,41.63,41.6,200,200,23423,-30737
466,AEM,2020-03-17,0 days 15:59:22.811158,53808,41.63,41.59,200,1311,-2677,23423
467,AEM,2020-03-17,0 days 15:59:31.831664,54808,41.6,41.58,100,1346,-1736,23164
468,AEM,2020-03-17,0 days 15:59:39.851927,56544,41.6,41.57,1409,1946,25883,-29996
469,AEM,2020-03-17,0 days 15:59:40.855564,55527,41.6,41.57,1909,1784,-1017,25883
470,AEM,2020-03-17,0 days 15:59:47.869221,56544,41.6,41.58,2075,100,25783,-30996
471,AEM,2020-03-17,0 days 15:59:48.872268,53508,41.6,41.59,1521,94,-31096,25783
472,AEM,2020-03-17,0 days 15:59:49.876518,56544,41.6,41.58,1521,200,23864,-31096
473,AEM,2020-03-17,0 days 15:59:50.878898,37627,41.59,41.57,200,1156,-18917,23864
474,AEP,2020-03-17,0 days 15:50:01.330376,379743,91.84,91.69,200,400,-10228,42964
475,AEP,2020-03-17,0 days 15:50:08.334966,337855,92.21,92.07,300,482,41888,-10472
476,AEP,2020-03-17,0 days 15:50:09.338712,379743,92.21,92.08,300,200,-11160,41888
477,AEP,2020-03-17,0 days 15:50:19.362186,338099,92.18,92.12,100,200,41644,-11060
478,AEP,2020-03-17,0 days 15:50:26.379598,379743,92.22,92.15,310,200,-11160,41644
479,AEP,2020-03-17,0 days 15:50:37.405049,337511,91.99,91.89,100,600,42232,-10472
480,AEP,2020-03-17,0 days 15:50:42.416093,379743,91.99,91.91,1105,700,-10472,42232
481,AEP,2020-03-17,0 days 15:50:52.441374,337855,92.11,92.1,310,155,41888,-11060
482,AEP,2020-03-17,0 days 15:51:23.516621,379743,92.17,92.14,210,100,-11060,41644
483,AEP,2020-03-17,0 days 15:51:26.521957,337267,91.87,91.79,10,900,42476,-10472
484,AEP,2020-03-17,0 days 15:51:27.527515,379743,91.92,91.81,210,300,-10472,42476
485,AEP,2020-03-17,0 days 15:51:30.531712,337267,91.8,91.79,610,398,42476,-10472
486,AEP,2020-03-17,0 days 15:51:42.560398,336779,91.56,91.48,1,119,42964,-9984
487,AEP,2020-03-17,0 days 15:51:43.563059,379743,91.55,91.47,200,200,-9740,42964
488,AEP,2020-03-17,0 days 15:52:02.608427,337267,91.76,91.72,181,100,42476,-9984
489,AEP,2020-03-17,0 days 15:52:03.610062,379743,91.76,91.7,96,900,-10228,42476
490,AEP,2020-03-17,0 days 15:52:32.681959,336291,91.19,91.18,1707,254,44152,-8652
491,AEP,2020-03-17,0 days 15:52:45.710607,336291,91.22,91.16,170,400,44252,-8452
492,AEP,2020-03-17,0 days 15:52:47.715449,380543,91.25,91.08,10,101,-8208,44252
493,AEP,2020-03-17,0 days 15:53:02.752794,380643,91.14,91.03,210,200,-8108,45440
494,AEP,2020-03-17,0 days 15:53:35.831149,380743,91.12,91.08,188,200,-8008,44596
495,AEP,2020-03-17,0 days 15:53:44.854855,335703,90.72,90.65,100,734,47928,-5720
496,AEP,2020-03-17,0 days 15:53:45.854955,383731,90.72,90.63,356,100,-4676,47928
497,AEP,2020-03-17,0 days 15:54:00.890228,335703,90.66,90.62,1,501,48228,-4132
498,AEP,2020-03-17,0 days 15:54:03.897490,383931,90.66,90.6,1,301,-4476,48128
499,AEP,2020-03-17,0 days 15:54:19.935879,383431,90.72,90.65,238,202,-5076,47828
500,AEP,2020-03-17,0 days 15:54:29.960229,382987,90.78,90.71,300,200,-5520,47928
501,AEP,2020-03-17,0 days 15:54:38.981597,382987,90.75,90.68,200,200,-5520,47828
502,AEP,2020-03-17,0 days 15:54:46.999938,335803,90.94,90.88,201,10,46384,-5920
503,AEP,2020-03-17,0 days 15:54:48.000820,382187,90.88,90.81,100,1324,-6320,46384
504,AEP,2020-03-17,0 days 15:54:56.019706,336047,91.1,91.04,1,791,45096,-7064
505,AEP,2020-03-17,0 days 15:54:57.023696,380643,91.13,91.08,352,55,-8108,45096
506,AEP,2020-03-17,0 days 15:54:59.027902,336047,91.19,91.16,300,200,44496,-8108
507,AEP,2020-03-17,0 days 15:55:00.040131,416433,91.19,91.16,86,300,-9550,44496
508,AEP,2020-03-17,0 days 15:55:20.082369,360960,90.95,90.94,487,100,64544,-391
509,AEP,2020-03-17,0 days 15:55:22.084900,419394,90.91,90.88,569,100,-6101,58334
510,AEP,2020-03-17,0 days 15:55:24.090414,425495,90.84,90.72,190,400,1333,-601
511,AEP,2020-03-17,0 days 15:55:25.096645,425028,90.81,90.72,41,300,-467,1333
512,AEP,2020-03-17,0 days 15:55:29.104218,425495,90.77,90.65,381,100,477,-167
513,AEP,2020-03-17,0 days 15:55:30.112624,425072,90.76,90.65,252,300,-423,477
514,AEP,2020-03-17,0 days 15:55:32.111492,425495,90.76,90.69,456,407,77,-767
515,AEP,2020-03-17,0 days 15:55:33.111663,427672,90.76,90.68,808,503,-423,77
516,AEP,2020-03-17,0 days 15:55:36.122937,422828,90.77,90.75,28,100,-5367,63612
517,AEP,2020-03-17,0 days 15:55:49.149501,428095,90.68,90.67,400,400,77,-567
518,AEP,2020-03-17,0 days 15:55:53.159149,423072,90.73,90.7,511,710,-5123,63112
519,AEP,2020-03-17,0 days 15:55:57.168787,363660,90.74,90.7,202,568,64212,-523
520,AEP,2020-03-17,0 days 15:56:11.202686,425468,90.83,90.79,407,212,-12710,52125
521,AEP,2020-03-17,0 days 15:56:21.227767,424724,91.1,90.85,300,200,-13454,51825
522,AEP,2020-03-17,0 days 15:56:23.231056,373643,91.09,91.02,100,769,62581,-910
523,AEP,2020-03-17,0 days 15:56:37.265068,369787,91.13,91.12,753,127,63437,-10798
524,AEP,2020-03-17,0 days 15:56:38.269062,423624,91.1,91.04,100,620,-10698,63437
525,AEP,2020-03-17,0 days 15:56:45.284257,373643,90.95,90.92,100,201,63681,-954
526,AEP,2020-03-17,0 days 15:56:46.287806,424424,90.97,90.93,112,401,-59554,63681
527,AEP,2020-03-17,0 days 15:57:08.343185,424372,91.19,91.15,200,4,-60653,4082
528,AEP,2020-03-17,0 days 15:57:10.345944,375034,91.26,91.21,189,228,62638,-1797
529,AEP,2020-03-17,0 days 15:57:12.349783,423972,91.28,91.24,100,505,-60445,4738
530,AEP,2020-03-17,0 days 15:57:16.361762,375278,91.53,91.42,500,153,62794,-2089
531,AEP,2020-03-17,0 days 15:57:17.364096,423572,91.45,91.3,243,933,-60389,62794
532,AEP,2020-03-17,0 days 15:57:21.374185,375278,91.31,91.3,100,100,63694,-1389
533,AEP,2020-03-17,0 days 15:57:22.374646,423972,91.3,91.25,300,204,-59945,63694
534,AEP,2020-03-17,0 days 15:57:27.383087,375034,91.26,91.25,200,202,63438,-1345
535,AEP,2020-03-17,0 days 15:57:33.396008,440017,91.23,91.15,202,300,2655,-1445
536,AEP,2020-03-17,0 days 15:57:34.398210,438872,91.23,91.16,502,200,-1145,2655
537,AEP,2020-03-17,0 days 15:57:41.415401,443117,91.2,91.17,110,800,355,-1545
538,AEP,2020-03-17,0 days 15:57:45.424944,444772,91.34,91.25,100,300,-2049,4451
539,AEP,2020-03-17,0 days 15:57:46.427086,444567,91.45,91.31,200,324,5,-2049
540,AEP,2020-03-17,0 days 15:57:56.452304,448572,91.28,91.26,11,1230,-57851,13432
541,AEP,2020-03-17,0 days 15:57:57.454262,445523,91.27,91.25,500,700,5549,-57851
542,AEP,2020-03-17,0 days 15:57:59.458522,448572,91.29,91.26,90,110,-1451,1049
543,AEP,2020-03-17,0 days 15:58:00.463925,382740,91.28,91.25,109,715,68832,-1451
544,AEP,2020-03-17,0 days 15:58:01.465580,451672,91.25,91.22,109,100,-57351,68832
545,AEP,2020-03-17,0 days 15:58:02.467289,442723,91.19,91.17,309,876,9049,-57351
546,AEP,2020-03-17,0 days 15:58:06.478267,461619,91.13,91.06,44,510,-49660,7976
547,AEP,2020-03-17,0 days 15:58:07.479869,459079,91.13,90.99,44,118,2740,-49660
548,AEP,2020-03-17,0 days 15:58:17.503894,465528,90.9,90.87,100,23,1263,-55337
549,AEP,2020-03-17,0 days 15:58:28.533830,469728,90.73,90.64,301,802,2951,-52449
550,AEP,2020-03-17,0 days 15:58:39.560316,486815,90.3,90.22,300,200,2896,-58704
551,AEP,2020-03-17,0 days 15:58:40.561242,486311,90.3,90.22,893,800,-504,2896
552,AEP,2020-03-17,0 days 15:58:43.567253,486815,90.25,90.23,99,600,3596,-504
553,AEP,2020-03-17,0 days 15:58:45.571272,486355,90.13,90.09,481,800,-460,2140
554,AEP,2020-03-17,0 days 15:58:49.582748,426132,90.08,90.07,240,120,64223,-860
555,AEP,2020-03-17,0 days 15:59:06.623101,426619,90.17,90.11,96,477,55796,-88243
556,AEP,2020-03-17,0 days 15:59:09.631069,493268,90.27,90.14,138,1930,-88858,4433
557,AEP,2020-03-17,0 days 15:59:10.634788,427935,90.15,90.1,200,206,61233,-88858
558,AEP,2020-03-17,0 days 15:59:11.634654,492924,90.21,90.11,38,900,-93172,61233
559,AEP,2020-03-17,0 days 15:59:20.654460,429906,90.41,90.37,100,307,69235,-24055
560,AEP,2020-03-17,0 days 15:59:28.673342,502561,90.69,90.61,142,1176,-89349,3686
561,AEP,2020-03-17,0 days 15:59:48.720891,431969,90.76,90.75,192,400,52360,-40931
562,AER,2020-03-17,0 days 15:55:02.183238,145288,17.73,17.72,1463,3350,-6086,7114
563,AER,2020-03-17,0 days 15:55:21.231314,151374,17.76,17.75,2074,400,477,-1121
564,AER,2020-03-17,0 days 15:55:30.252933,146482,17.81,17.8,1567,5905,-5230,39
565,AER,2020-03-17,0 days 15:57:48.584330,146992,17.61,17.6,2983,161,-4497,903
566,AER,2020-03-17,0 days 15:59:30.833753,156911,17.47,17.46,2559,1571,-1232,6768
567,AER,2020-03-17,0 days 15:59:59.903864,158143,17.46,17.45,40548,43347,5072,-12528
568,AFL,2020-03-17,0 days 15:50:03.407748,465278,30.06,30.04,600,900,-22620,89053
569,AFL,2020-03-17,0 days 15:51:50.662677,465278,30.02,29.99,558,400,-22620,89053
570,AFL,2020-03-17,0 days 15:53:39.922154,376225,29.88,29.87,218,300,89953,-18820
571,AFL,2020-03-17,0 days 15:55:00.119086,497730,30.03,30.02,1265,3216,-21861,89053
572,AFL,2020-03-17,0 days 15:57:17.450278,508959,30.01,29.99,1299,200,-112460,98
573,AFL,2020-03-17,0 days 15:58:17.591314,531284,29.99,29.98,6074,6278,6387,-8313
574,AFL,2020-03-17,0 days 15:58:34.634029,538871,29.99,29.98,11160,6441,-20613,6387
575,AFL,2020-03-17,0 days 15:58:35.635381,534884,29.99,29.98,9654,6177,2787,-20613
576,AFL,2020-03-17,0 days 15:59:06.704886,536243,29.99,29.98,3343,3378,1428,-1372
577,AFL,2020-03-17,0 days 15:59:07.707129,537671,29.99,29.98,2600,3277,-3405,1428
578,AFL,2020-03-17,0 days 15:59:08.710601,535376,29.99,29.98,2200,3792,2310,-3405
579,AGI,2020-03-17,0 days 15:55:04.185385,13099,6.03,6.01,22650,2500,-875,4225
580,AGI,2020-03-17,0 days 15:58:02.617403,13074,6.03,6.02,7800,10504,541,-559
581,AGI,2020-03-17,0 days 15:58:19.658381,13242,6.03,6.02,23915,18266,-932,5268
582,AGI,2020-03-17,0 days 15:58:39.708430,7974,6.05,6.04,48934,21681,5055,-1145
583,AGI,2020-03-17,0 days 15:59:38.850867,27385,6.1,6.09,25418,5749,-5352,548
584,AGI,2020-03-17,0 days 15:59:39.851958,27037,6.1,6.09,24121,5049,348,-5352
585,AGN,2020-03-17,0 days 15:55:00.073467,727336,170.74,170.71,898,100,-123829,81442
586,AGN,2020-03-17,0 days 15:59:31.725616,815068,171.8,171.55,1100,1121,1908,-22001
587,AGN,2020-03-17,0 days 15:59:32.725498,811576,171.8,171.55,900,1475,-3492,1908
588,AGN,2020-03-17,0 days 15:59:40.748346,815068,171.88,171.82,500,695,5108,-21482
589,AGN,2020-03-17,0 days 15:59:41.746726,812576,172.04,171.93,400,900,-4092,5108
590,AGN,2020-03-17,0 days 15:59:47.760577,816668,172.02,171.96,401,485,3408,-22182
591,AGN,2020-03-17,0 days 15:59:48.763086,814076,172.02,171.96,301,490,-2592,3408
592,AIG,2020-03-17,0 days 15:59:28.789651,1068460,22.22,22.21,4462,1100,-3721,11470
593,AIG,2020-03-17,0 days 15:59:29.791353,1027881,22.24,22.22,502,990,34779,-3721
594,AIV,2020-03-17,0 days 15:55:00.538463,211640,37.12,37.09,614,483,2194,-15175
595,AIV,2020-03-17,0 days 15:55:02.542679,212334,37.12,37.1,209,377,-21438,694
596,AIV,2020-03-17,0 days 15:55:03.546844,211640,37.12,37.09,209,300,20194,-21438
597,AIV,2020-03-17,0 days 15:55:10.562335,212334,37.1,37.06,943,400,-21338,694
598,AIV,2020-03-17,0 days 15:55:11.565069,211640,37.1,37.09,536,128,20094,-21338
599,AIV,2020-03-17,0 days 15:55:13.569709,214234,37.1,37.09,443,19,-19615,2594
600,AIV,2020-03-17,0 days 15:55:20.586676,214234,37.04,37.0,539,548,-19734,2594
601,AIV,2020-03-17,0 days 15:56:21.733988,216928,37.17,37.14,193,400,-18737,4427
602,AIV,2020-03-17,0 days 15:56:30.755622,216915,37.31,37.25,129,45,-19350,4190
603,AIV,2020-03-17,0 days 15:56:35.767834,212737,37.3,37.26,229,245,21790,-1538
604,AIV,2020-03-17,0 days 15:56:36.770172,216928,37.24,37.23,332,5,-19037,21790
605,AIV,2020-03-17,0 days 15:56:42.784528,212737,37.22,37.21,900,300,21695,-1533
606,AIV,2020-03-17,0 days 15:56:46.794146,212742,37.22,37.21,844,400,21390,-1738
607,AIV,2020-03-17,0 days 15:56:50.806156,217132,37.23,37.21,357,300,-18838,4390
608,AIV,2020-03-17,0 days 15:57:09.850143,218098,37.31,37.28,515,244,-24020,5368
609,AIV,2020-03-17,0 days 15:57:44.935065,221932,37.44,37.4,336,203,26866,-4472
610,AIV,2020-03-17,0 days 15:57:45.936738,221998,37.41,37.4,90,300,-434,26866
611,AIV,2020-03-17,0 days 15:58:00.975048,225030,37.57,37.52,314,951,11184,-732
612,AIV,2020-03-17,0 days 15:58:02.979118,236214,37.53,37.48,300,254,-20954,11184
613,AIV,2020-03-17,0 days 15:58:07.991605,252414,37.38,37.33,400,95,-854,1146
614,AIV,2020-03-17,0 days 15:58:18.016044,222374,37.34,37.33,44,236,30425,-69
615,AIV,2020-03-17,0 days 15:58:31.049907,236688,37.32,37.25,136,200,-13862,14314
616,AIV,2020-03-17,0 days 15:58:39.067131,244060,37.25,37.12,340,300,-766,4534
617,AIV,2020-03-17,0 days 15:58:46.084980,241361,37.18,37.14,1,100,-503,2197
618,AIV,2020-03-17,0 days 15:58:47.086928,237902,37.17,37.14,100,30,3459,-503
619,AIV,2020-03-17,0 days 15:58:48.088591,237676,37.17,37.14,40,100,-226,3459
620,AIV,2020-03-17,0 days 15:59:00.120131,217174,37.23,37.2,600,423,22602,-2726
621,AIV,2020-03-17,0 days 15:59:01.121284,236376,37.22,37.2,91,646,-13461,22602
622,AIV,2020-03-17,0 days 15:59:10.147785,236897,37.31,37.29,100,500,-23306,8565
623,AIV,2020-03-17,0 days 15:59:11.145177,230804,37.34,37.31,3,804,27693,-23306
624,AIV,2020-03-17,0 days 15:59:13.150106,237097,37.42,37.35,700,1089,-26568,6293
625,AIV,2020-03-17,0 days 15:59:17.162539,232404,37.38,37.35,200,195,32993,-2215
626,AIV,2020-03-17,0 days 15:59:18.164169,237797,37.38,37.35,237,407,-29815,32993
627,AIV,2020-03-17,0 days 15:59:31.194539,236797,37.4,37.37,100,103,-24410,11893
628,AL,2020-03-17,0 days 15:55:31.632485,72099,15.88,15.87,726,2926,-1819,1781
629,AL,2020-03-17,0 days 15:56:56.832494,72225,15.85,15.84,1601,800,-2073,1869
630,AL,2020-03-17,0 days 15:56:57.835543,69898,15.85,15.84,2264,900,2327,-2073
631,AL,2020-03-17,0 days 15:57:22.895709,79213,15.82,15.78,500,200,-18468,2860
632,AL,2020-03-17,0 days 15:57:23.897588,78281,15.82,15.78,1100,200,932,-18468
633,AL,2020-03-17,0 days 15:57:51.966853,82313,15.68,15.65,1068,200,-17481,4224
634,AL,2020-03-17,0 days 15:57:52.967313,80794,15.66,15.65,268,458,1819,-17481
635,ALB,2020-03-17,0 days 15:56:44.428943,221978,66.49,66.47,325,346,-17609,12671
636,ALB,2020-03-17,0 days 15:56:45.433269,216987,66.48,66.47,358,346,4991,-17609
637,ALB,2020-03-17,0 days 15:56:48.438641,221978,66.51,66.49,22,414,-17609,35271
638,ALB,2020-03-17,0 days 15:56:49.441679,216987,66.51,66.49,2,424,4991,-17609
639,ALB,2020-03-17,0 days 15:57:02.473928,217980,66.52,66.51,773,3,4878,-19022
640,ALB,2020-03-17,0 days 15:57:29.538634,223103,66.56,66.53,348,902,-13205,18285
641,ALB,2020-03-17,0 days 15:57:30.541270,218208,66.57,66.55,27,400,4895,-13205
642,ALB,2020-03-17,0 days 15:57:35.554526,222307,66.74,66.62,300,1500,-15401,18285
643,ALB,2020-03-17,0 days 15:57:36.556687,217608,66.7,66.62,400,1700,4699,-15401
644,ALB,2020-03-17,0 days 15:57:41.566425,222307,66.69,66.62,100,2588,-301,799
645,ALB,2020-03-17,0 days 15:57:43.571380,218108,66.7,66.64,900,1700,4199,-1101
646,ALB,2020-03-17,0 days 15:57:54.598334,222210,66.95,66.88,300,1611,-28698,16888
647,ALB,2020-03-17,0 days 15:57:55.601169,218708,66.93,66.88,100,2213,3502,-28698
648,ALB,2020-03-17,0 days 15:59:11.787897,224754,66.82,66.76,800,899,-41692,9392
649,ALB,2020-03-17,0 days 15:59:12.790959,223246,66.82,66.76,638,1153,1508,-41692
650,ALB,2020-03-17,0 days 15:59:25.819781,225669,67.02,66.97,500,600,-42977,9903
651,ALB,2020-03-17,0 days 15:59:26.822693,170466,67.02,66.97,426,300,55203,-42977
652,ALB,2020-03-17,0 days 15:59:27.826214,225669,67.05,66.99,100,733,-45577,55203
653,ALB,2020-03-17,0 days 15:59:28.828317,223546,67.06,67.0,799,300,2123,-45577
654,ALB,2020-03-17,0 days 15:59:30.833548,225669,67.05,67.02,400,300,-43248,57603
655,ALB,2020-03-17,0 days 15:59:31.835560,171166,67.06,67.05,1383,201,54503,-43248
656,ALB,2020-03-17,0 days 15:59:32.841946,225669,67.13,67.06,738,692,-43648,54503
657,ALB,2020-03-17,0 days 15:59:33.841626,223617,67.13,67.06,333,773,1452,-43648
658,ALB,2020-03-17,0 days 15:59:36.845471,225669,67.11,67.06,200,1677,-548,1552
659,ALB,2020-03-17,0 days 15:59:38.852691,162766,67.05,67.04,100,3299,63403,-348
660,ALB,2020-03-17,0 days 15:59:46.871708,225917,67.05,67.01,1252,317,1213,-1687
661,ALC,2020-03-17,0 days 15:56:10.237873,22160,47.0,46.99,30038,4682,-4107,8885
662,ALC,2020-03-17,0 days 15:56:44.319378,22160,47.22,47.11,200,572,-1220,1093
663,ALC,2020-03-17,0 days 15:56:45.321169,19067,47.22,47.14,200,701,3093,-1220
664,ALC,2020-03-17,0 days 15:57:03.365071,23625,47.22,47.2,216,717,-972,1258
665,ALC,2020-03-17,0 days 15:57:04.367982,22597,47.22,47.2,216,1117,1028,-972
666,ALC,2020-03-17,0 days 15:57:09.380620,23625,47.29,47.26,100,501,-972,1258
667,ALC,2020-03-17,0 days 15:57:10.382941,22597,47.29,47.27,400,481,1028,-972
668,ALC,2020-03-17,0 days 15:57:49.475949,22797,47.35,47.33,200,15,1028,-772
669,ALC,2020-03-17,0 days 15:58:23.559472,22954,47.36,47.28,703,989,815,-1385
670,ALC,2020-03-17,0 days 15:59:29.717052,23961,47.15,47.1,132,849,-179,121
671,ALC,2020-03-17,0 days 15:59:31.725552,23240,47.3,47.17,403,905,721,-379
672,ALC,2020-03-17,0 days 15:59:40.748284,23961,47.3,47.21,235,1000,-1721,721
673,ALC,2020-03-17,0 days 15:59:41.746603,23582,47.3,47.23,35,607,379,-1721
674,ALK,2020-03-17,0 days 15:55:00.178488,130885,32.31,32.28,400,200,-34563,23674
675,ALK,2020-03-17,0 days 15:56:20.370514,148802,32.38,32.37,320,175,-24889,19667
676,ALK,2020-03-17,0 days 15:56:27.387612,148801,32.53,32.45,10,202,-1834,18966
677,ALK,2020-03-17,0 days 15:56:54.451640,150669,32.52,32.51,90,195,2408,-1262
678,ALK,2020-03-17,0 days 15:56:55.454579,149277,32.52,32.51,161,357,-1392,2408
679,ALK,2020-03-17,0 days 15:57:02.470772,149277,32.57,32.54,14,11,-24548,19508
680,ALK,2020-03-17,0 days 15:57:09.488595,165277,32.56,32.53,424,37,-3092,1808
681,ALK,2020-03-17,0 days 15:57:26.528256,168369,32.66,32.65,300,3006,17995,-5238
682,ALK,2020-03-17,0 days 15:57:27.532096,165264,32.66,32.65,341,2387,-3105,17995
683,ALK,2020-03-17,0 days 15:57:38.557497,165264,32.64,32.63,1618,2000,-3105,18695
684,ALK,2020-03-17,0 days 15:58:40.710057,170305,32.55,32.53,250,100,17873,-8360
685,ALK,2020-03-17,0 days 15:58:41.713243,165678,32.54,32.52,79,1308,-4627,17873
686,ALK,2020-03-17,0 days 15:59:09.781162,166837,32.5,32.49,307,500,-3468,8932
687,ALK,2020-03-17,0 days 15:59:39.851901,170862,32.52,32.51,315,4101,13093,-607
688,ALK,2020-03-17,0 days 15:59:40.855523,169055,32.58,32.56,300,787,-1807,13093
689,ALK,2020-03-17,0 days 15:59:43.860272,171470,32.57,32.56,203,455,49485,-56333
690,ALK,2020-03-17,0 days 15:59:44.863641,169755,32.58,32.57,299,700,-2387,49485
691,ALL,2020-03-17,0 days 15:55:00.143023,301048,87.28,87.21,100,1,704,-79264
692,ALL,2020-03-17,0 days 15:55:01.141040,296152,87.39,87.2,200,927,-4896,704
693,ALL,2020-03-17,0 days 15:55:11.165541,301048,87.2,87.12,190,100,1504,-43198
694,ALL,2020-03-17,0 days 15:55:12.168175,296152,87.22,87.18,200,100,-49598,1504
695,ALL,2020-03-17,0 days 15:56:23.339226,305943,87.5,87.41,1448,170,30488,-14260
696,ALL,2020-03-17,0 days 15:56:24.343758,301931,87.5,87.41,1417,470,-4012,30488
697,ALL,2020-03-17,0 days 15:56:42.385227,305954,87.62,87.58,103,200,30945,-13402
698,ALL,2020-03-17,0 days 15:56:43.391665,301999,87.62,87.58,210,897,-48903,30945
699,ALL,2020-03-17,0 days 15:57:29.499372,307472,87.98,87.97,688,200,32482,-22166
700,ALL,2020-03-17,0 days 15:57:30.501433,303654,88.0,87.97,179,284,-3818,32482
701,ALL,2020-03-17,0 days 15:57:38.521030,307472,87.95,87.87,815,100,31282,-27166
702,ALL,2020-03-17,0 days 15:57:39.524369,303654,87.95,87.72,938,90,-62266,31282
703,ALL,2020-03-17,0 days 15:58:04.584911,306865,87.43,87.35,727,200,45467,-8581
704,ALL,2020-03-17,0 days 15:58:05.587714,304332,87.43,87.35,1209,200,-2533,45467
705,ALL,2020-03-17,0 days 15:58:11.604452,308424,87.36,87.31,884,380,46908,-7140
706,ALL,2020-03-17,0 days 15:58:12.603905,305832,87.33,87.32,3,500,-2592,46908
707,ALL,2020-03-17,0 days 15:58:41.676056,308424,87.23,87.18,52,195,52211,-1837
708,ALL,2020-03-17,0 days 15:58:42.676940,306935,87.23,87.18,52,195,-1489,52211
709,ALL,2020-03-17,0 days 15:59:07.739564,309278,87.31,87.3,501,700,55077,-6021
710,ALL,2020-03-17,0 days 15:59:08.742968,307755,87.43,87.33,200,440,-62621,55077
711,ALL,2020-03-17,0 days 15:59:15.760690,309318,87.48,87.47,163,313,59162,-5138
712,ALL,2020-03-17,0 days 15:59:16.761667,307480,87.53,87.47,300,513,-1838,59162
713,ALL,2020-03-17,0 days 15:59:18.765421,309318,87.59,87.58,174,434,55670,-57226
714,ALL,2020-03-17,0 days 15:59:19.767030,307888,87.65,87.58,6100,277,-1430,55670
715,ALL,2020-03-17,0 days 15:59:20.771621,309320,87.65,87.59,6108,290,9168,-1430
716,ALL,2020-03-17,0 days 15:59:21.771043,303788,87.65,87.59,4830,578,-68010,9168
717,ALL,2020-03-17,0 days 15:59:22.774044,309320,87.65,87.6,4830,548,62818,-68010
718,ALL,2020-03-17,0 days 15:59:23.776310,304038,87.65,87.6,4139,508,-67760,62818
719,ALL,2020-03-17,0 days 15:59:35.806595,309038,87.95,87.9,400,810,-70707,65430
720,ALL,2020-03-17,0 days 15:59:36.809715,309908,87.94,87.89,609,400,65730,-70707
721,ALL,2020-03-17,0 days 15:59:37.810520,309238,87.93,87.92,400,300,-670,65730
722,ALL,2020-03-17,0 days 15:59:40.820648,309908,88.03,87.97,700,607,66330,-3507
723,ALL,2020-03-17,0 days 15:59:41.820275,309232,88.03,87.97,609,481,-73817,66330
724,ALL,2020-03-17,0 days 15:59:43.825222,309908,87.97,87.96,1915,392,68924,-4117
725,ALL,2020-03-17,0 days 15:59:44.826694,309293,88.0,87.96,500,657,-73556,68924
726,ALL,2020-03-17,0 days 15:59:46.832112,309908,87.97,87.96,700,100,68685,-4256
727,ALL,2020-03-17,0 days 15:59:47.835128,309293,87.96,87.95,722,2097,-615,68685
728,ALLY,2020-03-17,0 days 15:55:00.552541,184457,15.85,15.84,7010,9203,138644,-5497
729,ALLY,2020-03-17,0 days 15:59:48.243379,366351,16.03,16.02,5583,3695,4596,-5146
730,ALSN,2020-03-17,0 days 15:55:00.178806,364383,32.16,32.11,306,100,1197,-34359
731,ALSN,2020-03-17,0 days 15:55:31.251196,365580,32.08,32.05,570,374,-15,585
732,ALSN,2020-03-17,0 days 15:55:35.260711,363895,32.1,32.06,406,35,1685,-15
733,ALSN,2020-03-17,0 days 15:56:06.335853,365580,32.12,32.06,562,802,-354,353
734,ALSN,2020-03-17,0 days 15:56:07.338091,364934,32.12,32.06,762,802,646,-354
735,ALSN,2020-03-17,0 days 15:57:57.603715,379250,32.12,31.98,1228,200,-1479,1921
736,ALSN,2020-03-17,0 days 15:57:58.608327,377329,32.12,31.99,1328,100,1921,-1479
737,ALSN,2020-03-17,0 days 15:58:16.649983,386848,32.02,31.99,811,243,-2981,6311
738,ALSN,2020-03-17,0 days 15:58:17.652629,384729,32.02,31.99,620,235,619,-2981
739,ALSN,2020-03-17,0 days 15:59:15.795650,390611,32.03,31.97,300,1200,-1370,4956
740,ALSN,2020-03-17,0 days 15:59:16.799726,389736,32.05,31.99,404,1000,875,-1370
741,ALSN,2020-03-17,0 days 15:59:18.801981,386911,32.09,31.99,600,1630,-2925,875
742,ALSN,2020-03-17,0 days 15:59:19.804080,385936,32.09,31.99,600,1530,975,-2925
743,ALSN,2020-03-17,0 days 15:59:21.808409,386911,32.09,32.01,708,413,-29,71
744,AM,2020-03-17,0 days 15:55:41.384670,230406,2.7,2.69,38238,5628,2735,-12374
745,AM,2020-03-17,0 days 15:55:42.385260,219441,2.7,2.69,37520,5528,-10965,2735
746,AM,2020-03-17,0 days 15:58:06.735480,116102,2.63,2.62,59604,45884,-1416,15796
747,AM,2020-03-17,0 days 15:58:09.742176,149518,2.63,2.62,63640,45794,3426,-1416
748,AMC,2020-03-17,0 days 15:59:06.622750,97392,2.49,2.48,23499,10963,-5161,3525
749,AMC,2020-03-17,0 days 15:59:07.624378,96153,2.49,2.48,25602,9998,239,-5161
750,AMC,2020-03-17,0 days 15:59:16.642974,97392,2.49,2.48,23549,10864,-2238,239
751,AMC,2020-03-17,0 days 15:59:17.645847,96330,2.49,2.48,23449,10866,62,-2238
752,AMC,2020-03-17,0 days 15:59:26.671163,97392,2.49,2.48,19028,7664,-850,62
753,AMCR,2020-03-17,0 days 15:55:00.119217,1338166,6.2,6.19,52837,65513,-18317,343926
754,AME,2020-03-17,0 days 15:55:29.140300,262904,65.17,65.14,296,300,33152,-768
755,AME,2020-03-17,0 days 15:55:32.148331,285856,65.21,65.16,193,102,-10968,22952
756,AME,2020-03-17,0 days 15:55:41.168542,262904,65.25,65.2,612,100,33252,-768
757,AME,2020-03-17,0 days 15:55:43.172473,286256,65.25,65.21,195,105,-10668,23352
758,AME,2020-03-17,0 days 15:56:20.262086,286636,65.4,65.29,200,300,-10058,24162
759,AME,2020-03-17,0 days 15:56:23.269572,262474,65.48,65.4,1500,569,33262,-1058
760,AME,2020-03-17,0 days 15:56:26.276473,286635,65.57,65.51,200,300,-10559,24162
761,AME,2020-03-17,0 days 15:56:38.305786,260077,65.58,65.54,573,200,33658,-759
762,AME,2020-03-17,0 days 15:56:42.314861,286435,65.56,65.54,100,61,-53859,26558
763,AME,2020-03-17,0 days 15:56:43.316773,260077,65.58,65.52,690,100,33658,-53859
764,AME,2020-03-17,0 days 15:56:44.319342,286496,65.51,65.46,315,336,-31798,33658
765,AME,2020-03-17,0 days 15:56:57.350736,263785,65.65,65.61,73,299,32111,-1988
766,AME,2020-03-17,0 days 15:57:01.362694,286606,65.75,65.69,200,400,-32704,2200
767,AME,2020-03-17,0 days 15:57:02.362644,263893,65.73,65.72,702,307,33613,-32704
768,AME,2020-03-17,0 days 15:57:06.373313,264362,65.83,65.78,1100,300,33744,-33273
769,AME,2020-03-17,0 days 15:57:14.392108,288790,65.91,65.86,100,462,-30896,4321
770,AME,2020-03-17,0 days 15:57:15.394606,264369,65.9,65.87,200,200,34221,-30896
771,AME,2020-03-17,0 days 15:57:19.403880,288790,65.95,65.93,400,400,-32996,3521
772,AME,2020-03-17,0 days 15:57:20.406140,263169,65.95,65.93,500,269,35421,-32996
773,AME,2020-03-17,0 days 15:57:21.409022,288790,65.91,65.87,100,1806,-33896,35421
774,AME,2020-03-17,0 days 15:57:23.414387,265269,65.89,65.87,200,100,35121,-3096
775,AME,2020-03-17,0 days 15:57:32.436448,265269,65.74,65.66,454,100,34721,-896
776,AME,2020-03-17,0 days 15:57:37.446989,288790,65.63,65.47,342,200,-29396,3621
777,AME,2020-03-17,0 days 15:57:46.468946,268969,65.63,65.58,603,105,33421,-1396
778,AME,2020-03-17,0 days 15:57:49.475882,288790,65.9,65.72,101,502,-1379,1321
779,AME,2020-03-17,0 days 15:57:50.480768,287369,65.86,65.73,156,5,1421,-1379
780,AME,2020-03-17,0 days 15:57:55.490353,275969,65.87,65.85,905,347,33921,-2096
781,AME,2020-03-17,0 days 15:57:56.494210,288790,65.87,65.85,760,652,-34896,33921
782,AME,2020-03-17,0 days 15:57:58.497796,275969,65.86,65.85,197,300,33921,-2196
783,AME,2020-03-17,0 days 15:57:59.500237,288790,65.98,65.91,200,200,-1179,33921
784,AME,2020-03-17,0 days 15:58:00.503330,287769,65.98,65.91,124,222,1021,-1179
785,AME,2020-03-17,0 days 15:58:01.510744,288790,65.99,65.95,3108,100,-36696,1021
786,AME,2020-03-17,0 days 15:58:04.513451,279369,66.04,65.98,200,300,34121,-2596
787,AME,2020-03-17,0 days 15:58:05.518855,288790,66.08,66.03,100,4,-36153,34121
788,AME,2020-03-17,0 days 15:58:06.532200,281326,66.03,65.98,200,86,34164,-36153
789,AME,2020-03-17,0 days 15:58:08.522886,288790,66.03,66.02,200,912,-36153,764
790,AME,2020-03-17,0 days 15:58:10.528722,281326,66.09,66.03,1500,102,34602,-2315
791,AME,2020-03-17,0 days 15:58:15.540244,289228,66.09,66.05,1800,18,-36115,802
792,AME,2020-03-17,0 days 15:58:16.547116,281326,66.07,66.05,100,100,34202,-36115
793,AME,2020-03-17,0 days 15:58:17.545616,289228,66.08,66.05,200,600,-38015,34202
794,AME,2020-03-17,0 days 15:58:27.571129,283026,66.16,66.11,220,300,34902,-2245
795,AME,2020-03-17,0 days 15:58:28.572183,289928,66.17,66.13,500,320,-36845,34902
796,AME,2020-03-17,0 days 15:58:49.624162,283026,66.53,66.47,100,100,35745,-3362
797,AME,2020-03-17,0 days 15:58:50.625761,288971,66.57,66.48,1000,140,-38562,35745
798,AME,2020-03-17,0 days 15:58:52.630185,283026,66.57,66.52,3700,300,36045,-3262
799,AME,2020-03-17,0 days 15:58:53.632085,288971,66.63,66.61,600,300,-38862,36045
800,AME,2020-03-17,0 days 15:58:59.648935,288971,66.74,66.67,267,4,-41462,645
801,AME,2020-03-17,0 days 15:59:01.652348,283026,66.63,66.61,500,1000,38745,-3262
802,AME,2020-03-17,0 days 15:59:02.654845,288971,66.55,66.24,209,500,-41262,38745
803,AME,2020-03-17,0 days 15:59:06.666574,321412,66.42,66.34,645,416,18410,-1721
804,AME,2020-03-17,0 days 15:59:14.684233,283438,66.64,66.63,304,276,39884,-2023
805,AME,2020-03-17,0 days 15:59:16.686192,313113,66.66,66.63,175,729,-12232,24284
806,AME,2020-03-17,0 days 15:59:18.690487,283438,66.67,66.66,30,241,40975,-1032
807,AME,2020-03-17,0 days 15:59:19.692497,313513,66.69,66.66,200,516,-11932,40975
808,AME,2020-03-17,0 days 15:59:22.701885,287861,66.65,66.64,200,102,40652,-5355
809,AME,2020-03-17,0 days 15:59:26.709753,287864,66.66,66.65,198,600,41349,-1329
810,AME,2020-03-17,0 days 15:59:41.746505,313089,66.44,66.39,4049,624,-7228,38449
811,AME,2020-03-17,0 days 15:59:42.749078,277764,66.42,66.29,1854,400,43191,-7228
812,AME,2020-03-17,0 days 15:59:45.756563,313505,66.4,66.31,1360,500,-6612,35641
813,AME,2020-03-17,0 days 15:59:52.774365,316155,66.06,65.95,936,665,-127,38291
814,AME,2020-03-17,0 days 15:59:55.780479,310751,66.06,65.8,1400,378,7985,-127
815,AME,2020-03-17,0 days 15:59:56.782257,316155,66.06,65.8,1800,1278,-127,7985
816,AMH,2020-03-17,0 days 15:55:01.071899,166993,24.09,24.08,300,3067,-1001,6699
817,AMH,2020-03-17,0 days 15:55:38.160331,167994,24.05,24.04,1279,196,18,-377
818,AMH,2020-03-17,0 days 15:57:43.461776,172957,24.14,24.13,670,4458,-250,650
819,AMH,2020-03-17,0 days 15:58:17.545657,174014,24.18,24.17,4419,2442,-776,1707
820,AMH,2020-03-17,0 days 15:58:18.548211,173390,24.18,24.17,4419,2450,624,-776
821,AMH,2020-03-17,0 days 15:59:25.708016,179992,24.22,24.19,200,2963,-234,147
822,AMH,2020-03-17,0 days 15:59:41.746603,176992,24.29,24.28,498,4517,-234,766
823,AMH,2020-03-17,0 days 15:59:48.762956,176526,24.29,24.28,2177,1556,466,-234
824,AMT,2020-03-17,0 days 15:50:02.429267,252028,227.39,226.99,189,976,18152,-19718
825,AMT,2020-03-17,0 days 15:50:08.442586,270080,228.0,227.55,11,819,-20597,18152
826,AMT,2020-03-17,0 days 15:50:10.447094,252028,227.95,227.79,95,605,18052,-20597
827,AMT,2020-03-17,0 days 15:50:12.458008,270080,228.39,227.9,75,1074,-21397,18052
828,AMT,2020-03-17,0 days 15:50:15.457369,270080,228.22,227.91,275,201,-21297,18052
829,AMT,2020-03-17,0 days 15:50:29.492388,252028,227.38,227.37,420,339,18152,-20597
830,AMT,2020-03-17,0 days 15:50:31.495805,270180,227.38,226.72,943,400,-20418,18152
831,AMT,2020-03-17,0 days 15:50:47.534030,252028,227.36,227.0,1460,120,18152,-19618
832,AMT,2020-03-17,0 days 15:51:13.596835,252028,226.88,226.77,230,400,18252,-20418
833,AMT,2020-03-17,0 days 15:51:17.606198,252028,226.73,226.72,430,214,18252,-19618
834,AMT,2020-03-17,0 days 15:51:21.617219,270280,226.71,226.48,158,201,-19618,18252
835,AMT,2020-03-17,0 days 15:51:34.648085,270380,226.24,226.01,5,205,-18637,18352
836,AMT,2020-03-17,0 days 15:51:38.660218,252028,226.02,226.01,500,118,18352,-18637
837,AMT,2020-03-17,0 days 15:51:39.660115,270380,226.0,225.64,52,100,-18637,18352
838,AMT,2020-03-17,0 days 15:52:22.762891,252028,225.78,225.48,200,300,18752,-18437
839,AMT,2020-03-17,0 days 15:52:24.766777,270580,225.68,225.5,75,90,-18337,18752
840,AMT,2020-03-17,0 days 15:52:26.771679,252028,225.52,225.45,75,165,18752,-18137
841,AMT,2020-03-17,0 days 15:52:29.781100,270780,225.47,225.01,544,75,-18137,18752
842,AMT,2020-03-17,0 days 15:53:35.937167,252028,225.09,225.03,5,432,18952,-17937
843,AMT,2020-03-17,0 days 15:53:38.947092,270880,225.35,225.24,46,4032,-18037,18952
844,AMT,2020-03-17,0 days 15:53:48.967977,270980,225.38,225.08,75,281,-17937,18952
845,AMT,2020-03-17,0 days 15:54:10.019033,270880,225.38,225.18,402,75,-18037,18952
846,AMT,2020-03-17,0 days 15:54:58.132594,270280,226.62,226.52,44,175,-19618,18252
847,AMT,2020-03-17,0 days 15:54:59.135124,252028,226.73,226.69,1,534,18252,-19618
848,AMT,2020-03-17,0 days 15:55:00.143359,308877,226.81,226.59,75,75,-35464,18252
849,AMT,2020-03-17,0 days 15:55:07.155726,319735,226.58,226.47,75,1069,7850,-30407
850,AMT,2020-03-17,0 days 15:55:08.157479,316585,226.46,226.41,75,200,-3150,7850
851,AMT,2020-03-17,0 days 15:55:35.223629,321535,225.91,225.79,602,178,11939,-24037
852,AMT,2020-03-17,0 days 15:55:36.226310,318774,225.9,225.79,171,330,-2761,11939
853,AMT,2020-03-17,0 days 15:55:41.239911,321535,225.87,225.79,625,262,12339,-39737
854,AMT,2020-03-17,0 days 15:55:42.241612,318774,225.8,225.59,33,200,-40037,12339
855,AMT,2020-03-17,0 days 15:55:59.281133,321535,225.71,225.59,965,172,12439,-24837
856,AMT,2020-03-17,0 days 15:56:00.284365,318774,225.7,225.59,923,133,-2761,12439
857,AMT,2020-03-17,0 days 15:56:23.339314,321555,225.8,225.72,400,454,12519,-24657
858,AMT,2020-03-17,0 days 15:56:24.343814,318674,226.0,225.81,1,30,-40257,12519
859,AMT,2020-03-17,0 days 15:56:25.344723,321555,226.13,225.93,75,195,12319,-40257
860,AMT,2020-03-17,0 days 15:56:26.346735,318674,226.27,226.04,31,139,-2881,12319
861,AMT,2020-03-17,0 days 15:56:42.385312,321565,226.75,226.35,314,75,12184,-26073
862,AMT,2020-03-17,0 days 15:56:43.391787,318849,226.56,226.39,36,210,-2716,12184
863,AMT,2020-03-17,0 days 15:56:56.419545,322914,226.48,226.37,105,182,10964,-25983
864,AMT,2020-03-17,0 days 15:56:57.421488,320978,226.54,226.38,532,75,-2145,10964
865,AMT,2020-03-17,0 days 15:57:03.436784,323123,226.82,226.56,75,175,11830,-26427
866,AMT,2020-03-17,0 days 15:57:04.438438,320353,226.82,226.56,75,86,-2770,11830
867,AMT,2020-03-17,0 days 15:57:11.455748,320343,227.25,226.92,710,75,-2780,12120
868,AMT,2020-03-17,0 days 15:57:27.495092,323123,226.97,226.84,2,323,11920,-27637
869,AMT,2020-03-17,0 days 15:57:28.496840,320443,226.8,226.71,2,100,-42237,11920
870,AMT,2020-03-17,0 days 15:57:52.554756,334175,227.21,226.97,516,75,868,-56489
871,AMT,2020-03-17,0 days 15:57:53.557193,330443,227.2,226.96,301,675,-3732,868
872,AMT,2020-03-17,0 days 15:59:09.744390,351912,225.86,225.7,375,481,1346,-41234
873,AMT,2020-03-17,0 days 15:59:10.746584,349058,226.14,225.78,842,581,-47534,1346
874,AMT,2020-03-17,0 days 15:59:11.751272,351912,226.57,226.07,875,800,8078,-47534
875,AMT,2020-03-17,0 days 15:59:12.752657,349370,226.57,226.17,400,492,-55303,8078
876,AMT,2020-03-17,0 days 15:59:14.756329,351912,226.42,226.41,643,394,7858,-44903
877,AMT,2020-03-17,0 days 15:59:15.760816,349470,226.55,226.42,175,218,-2442,7858
878,AMT,2020-03-17,0 days 15:59:22.774182,349823,227.12,226.74,275,380,-62151,31311
879,AMT,2020-03-17,0 days 15:59:24.781066,351912,226.68,226.67,200,407,33103,-25451
880,AMT,2020-03-17,0 days 15:59:25.781467,351315,226.96,226.71,275,275,-58759,33103
881,AMT,2020-03-17,0 days 15:59:28.789651,351912,227.27,227.08,275,400,33003,-25159
882,AMT,2020-03-17,0 days 15:59:41.820436,348856,228.02,228.0,75,1114,33649,-14894
883,AMT,2020-03-17,0 days 15:59:54.855425,380705,227.59,227.42,1900,280,-16096,31445
884,AMT,2020-03-17,0 days 15:59:56.861259,349260,227.59,227.11,6036,361,33757,-13784
885,AMT,2020-03-17,0 days 15:59:57.861854,383017,227.58,227.09,7437,100,-12584,33757
886,AMX,2020-03-17,0 days 15:55:00.282706,42692,13.22,13.21,13033,9824,2871,-9127
887,AMX,2020-03-17,0 days 15:55:01.283968,39863,13.22,13.21,13197,9220,-2829,2871
888,AMX,2020-03-17,0 days 15:59:06.881262,43158,13.24,13.23,15291,8407,-2908,65
889,ANF,2020-03-17,0 days 15:54:56.541335,100301,9.48,9.46,115,778,-20511,2541
890,ANF,2020-03-17,0 days 15:55:24.612222,157439,9.47,9.46,4321,1089,-2811,1789
891,ANF,2020-03-17,0 days 15:55:25.614715,153450,9.47,9.46,4937,1172,3989,-2811
892,ANF,2020-03-17,0 days 15:55:31.632548,156850,9.48,9.47,1942,3278,2863,-7237
893,ANF,2020-03-17,0 days 15:59:40.227365,178634,9.47,9.46,18500,3726,-13128,1672
894,ANTM,2020-03-17,0 days 15:59:17.646149,563926,235.61,233.86,300,852,15775,-241971
895,ANTM,2020-03-17,0 days 15:59:18.648111,551726,235.59,233.88,300,761,-12300,15775
896,ANTM,2020-03-17,0 days 15:59:20.654455,564026,235.57,233.9,400,1144,1485,-2500
897,ANTM,2020-03-17,0 days 15:59:21.656035,562711,235.57,234.77,300,1455,-1315,1485
898,ANTM,2020-03-17,0 days 15:59:26.671685,545537,235.48,234.88,302,1038,23670,-5899
899,ANTM,2020-03-17,0 days 15:59:27.669864,530327,236.12,235.64,202,572,-15580,23670
900,ANTM,2020-03-17,0 days 15:59:46.715530,522882,238.19,237.98,100,206,-45380,2775
901,AON,2020-03-17,0 days 15:59:18.171408,408745,163.49,163.39,2,1153,2148,-99059
902,AON,2020-03-17,0 days 15:59:19.174332,401789,164.59,164.48,300,1565,-17492,2148
903,AOS,2020-03-17,0 days 15:55:00.143193,185784,38.99,38.92,183,1088,25409,-32939
904,AOS,2020-03-17,0 days 15:55:01.141104,182293,38.99,38.92,183,2788,-3491,25409
905,AOS,2020-03-17,0 days 15:55:25.200760,182815,38.96,38.95,822,200,-3026,3974
906,AOS,2020-03-17,0 days 15:55:36.226283,185841,38.91,38.89,782,300,4374,-9504
907,AOS,2020-03-17,0 days 15:55:37.228786,183615,38.93,38.9,500,620,-9504,4374
908,AOS,2020-03-17,0 days 15:55:47.252757,183915,38.95,38.94,959,400,-1926,7174
909,AOS,2020-03-17,0 days 15:55:52.268134,183915,38.97,38.95,500,900,-1926,4674
910,AOS,2020-03-17,0 days 15:56:10.309450,185841,38.98,38.95,395,1700,7175,-5373
911,AOS,2020-03-17,0 days 15:56:11.312151,183916,38.98,38.95,395,1700,-1925,7175
912,AOS,2020-03-17,0 days 15:56:23.339253,185841,39.06,39.01,17,300,7541,-2907
913,AOS,2020-03-17,0 days 15:56:24.343785,183982,39.06,39.01,17,742,-1859,7541
914,AOS,2020-03-17,0 days 15:56:35.368925,185841,39.13,39.08,1,300,7184,-11964
915,AOS,2020-03-17,0 days 15:56:36.370611,183925,39.13,39.08,1,890,-1916,7184
916,AOS,2020-03-17,0 days 15:56:46.394247,183992,39.11,39.08,400,102,-1849,7351
917,AOS,2020-03-17,0 days 15:56:50.403507,185841,39.0,38.95,429,400,7385,-2797
918,AOS,2020-03-17,0 days 15:56:51.406507,183892,39.06,39.01,260,432,-11997,7385
919,AOS,2020-03-17,0 days 15:56:58.425147,184036,39.02,39.0,318,398,-1805,8395
920,AOS,2020-03-17,0 days 15:57:10.454650,184120,39.12,39.11,100,164,-1721,7773
921,AOS,2020-03-17,0 days 15:57:41.527340,185841,39.13,39.12,174,200,374,-1326
922,AOS,2020-03-17,0 days 15:57:42.531253,184215,39.13,39.12,494,523,-1626,374
923,AOS,2020-03-17,0 days 15:57:56.564085,185842,39.29,39.2,100,300,15595,-3053
924,AOS,2020-03-17,0 days 15:57:57.566669,184137,39.27,39.21,221,401,-21653,15595
925,AOS,2020-03-17,0 days 15:58:00.576986,184171,39.28,39.24,226,1261,-21819,16796
926,AOS,2020-03-17,0 days 15:58:08.593814,184234,39.25,39.24,1694,267,-1625,16675
927,AOS,2020-03-17,0 days 15:58:34.659964,200307,39.01,38.99,200,103,1168,-332
928,AOS,2020-03-17,0 days 15:59:01.723712,185859,38.92,38.89,700,400,11617,-631
929,AOS,2020-03-17,0 days 15:59:02.725463,184576,38.91,38.89,304,356,-1283,11617
930,AOS,2020-03-17,0 days 15:59:06.739059,198314,38.94,38.93,11,364,33,-15382
931,AOS,2020-03-17,0 days 15:59:09.744317,187084,38.97,38.92,337,1300,-11487,18325
932,AOS,2020-03-17,0 days 15:59:14.756254,185596,38.97,38.95,205,672,-263,11537
933,AOS,2020-03-17,0 days 15:59:16.761722,198571,38.98,38.96,1509,372,6298,-263
934,AOS,2020-03-17,0 days 15:59:43.825303,186390,39.08,39.07,1081,1350,21654,-5154
935,AOS,2020-03-17,0 days 15:59:55.856381,203323,39.15,39.12,1366,300,-5575,16933
936,APA,2020-03-17,0 days 15:55:00.550965,1041763,4.52,4.51,46107,961,-9718,152141
937,APA,2020-03-17,0 days 15:55:17.594100,1045361,4.5,4.49,11946,3401,-6120,6080
938,APA,2020-03-17,0 days 15:55:20.600744,1051481,4.49,4.48,19216,4444,11380,-6120
939,APA,2020-03-17,0 days 15:55:21.603614,1046861,4.49,4.48,22651,4444,-4620,11380
940,APA,2020-03-17,0 days 15:55:40.650785,1051081,4.46,4.45,22121,9239,739,-4120
941,APA,2020-03-17,0 days 15:55:41.652439,1046920,4.46,4.45,22784,9339,-4161,739
942,APA,2020-03-17,0 days 15:56:09.718266,1051782,4.45,4.44,50287,4376,13045,-4159
943,APA,2020-03-17,0 days 15:56:10.720337,1049127,4.45,4.44,50366,4272,-2655,13045
944,APA,2020-03-17,0 days 15:57:54.971646,1052057,4.5,4.49,4400,10443,-2691,98409
945,APH,2020-03-17,0 days 15:55:44.245559,291357,69.95,69.9,179,30,426,-9883
946,APH,2020-03-17,0 days 15:55:46.250898,291683,70.08,69.95,47,200,-10083,426
947,APH,2020-03-17,0 days 15:55:53.266652,291557,70.19,70.08,30,300,126,-9983
948,APH,2020-03-17,0 days 15:55:55.272160,290383,70.2,70.14,118,200,-11783,126
949,APH,2020-03-17,0 days 15:56:08.302793,291685,70.18,70.08,1155,200,-378,128
950,APH,2020-03-17,0 days 15:56:30.356142,292263,70.49,70.41,300,101,2358,-8251
951,APH,2020-03-17,0 days 15:56:31.358650,287821,70.49,70.41,228,301,-4342,2358
952,APH,2020-03-17,0 days 15:57:14.462903,288944,71.02,70.93,233,229,-4332,8768
953,APH,2020-03-17,0 days 15:57:21.479622,288973,71.28,71.04,250,731,-4303,8797
954,APH,2020-03-17,0 days 15:57:43.532720,293276,71.13,71.04,1033,100,10997,-3312
955,APH,2020-03-17,0 days 15:57:44.541333,287119,71.13,71.04,1004,600,-21366,10997
956,APH,2020-03-17,0 days 15:57:49.551163,293276,71.24,71.16,3703,100,9543,-5866
957,APH,2020-03-17,0 days 15:57:50.549814,288919,71.24,71.16,4231,1,-4357,9543
958,APH,2020-03-17,0 days 15:57:57.566654,293276,71.19,71.15,150,177,9643,-6966
959,APH,2020-03-17,0 days 15:57:58.574825,288919,71.18,71.11,150,1200,-19566,9643
960,APH,2020-03-17,0 days 15:58:27.643157,294561,71.05,71.02,104,528,12054,-3109
961,APH,2020-03-17,0 days 15:58:28.642939,290415,71.05,71.02,24,528,-4146,12054
962,APH,2020-03-17,0 days 15:58:31.655412,294561,71.05,71.0,53,400,11154,-5455
963,APH,2020-03-17,0 days 15:58:32.653625,290615,71.05,71.0,175,400,-3946,11154
964,APH,2020-03-17,0 days 15:59:07.739564,291647,71.14,71.1,48,771,-19323,5177
965,APH,2020-03-17,0 days 15:59:17.761364,312385,71.24,71.16,2389,1567,55109,-26
966,APH,2020-03-17,0 days 15:59:58.861353,323663,71.38,71.32,653,1700,-10051,6068
967,APH,2020-03-17,0 days 15:59:59.866054,313853,71.33,71.32,26854,5700,9810,-10051
968,APLE,2020-03-17,0 days 15:58:04.984028,164262,6.28,6.27,17926,11990,-9040,5560
969,APLE,2020-03-17,0 days 15:58:05.988749,158702,6.28,6.27,18026,11990,5560,-9040
970,APLE,2020-03-17,0 days 15:58:10.998410,180690,6.28,6.27,18069,12331,-1112,5560
971,APLE,2020-03-17,0 days 15:58:12.000755,178602,6.28,6.27,18869,12731,2088,-1112
972,APLE,2020-03-17,0 days 15:59:24.176798,181377,6.31,6.3,3200,4487,-43028,2672
973,APO,2020-03-17,0 days 15:50:01.838840,426010,31.31,31.3,578,200,4160,-711
974,APO,2020-03-17,0 days 15:52:42.221135,426010,30.24,30.18,205,352,4544,-327
975,APO,2020-03-17,0 days 15:52:52.244184,430554,30.32,30.28,200,708,-327,4544
976,APO,2020-03-17,0 days 15:53:20.312373,430454,30.71,30.39,240,734,-427,4544
977,APO,2020-03-17,0 days 15:53:56.397593,430354,30.58,30.45,700,1008,-527,4344
978,APO,2020-03-17,0 days 15:54:07.424400,426010,30.66,30.57,516,728,4344,-527
979,APO,2020-03-17,0 days 15:54:23.462367,430354,30.74,30.62,440,1306,-527,4344
980,APO,2020-03-17,0 days 15:54:46.517444,426010,30.95,30.87,200,1201,4344,-527
981,APO,2020-03-17,0 days 15:54:49.524747,430354,30.94,30.87,1700,1290,-527,4344
982,APO,2020-03-17,0 days 15:55:00.552541,462904,31.12,30.98,200,703,23189,-527
983,APO,2020-03-17,0 days 15:56:45.806652,485493,31.17,31.15,100,302,-3915,8679
984,APO,2020-03-17,0 days 15:56:46.809191,483408,31.17,31.14,1274,1607,2085,-3915
985,APO,2020-03-17,0 days 15:57:00.841732,483208,31.19,31.17,1779,200,2101,-4099
986,APO,2020-03-17,0 days 15:57:40.940196,485493,31.05,31.02,100,200,-4315,2579
987,APO,2020-03-17,0 days 15:57:41.941352,483508,31.06,31.02,200,200,1985,-4315
988,APO,2020-03-17,0 days 15:57:48.958200,485493,30.96,30.91,625,600,-3715,9879
989,APO,2020-03-17,0 days 15:57:49.961411,483408,31.04,30.95,900,200,2085,-3715
990,APO,2020-03-17,0 days 15:57:53.969759,485493,31.01,30.95,180,300,-5315,10279
991,APO,2020-03-17,0 days 15:57:54.972698,483408,31.01,30.95,580,400,2085,-5315
992,APO,2020-03-17,0 days 15:58:12.013062,487793,30.97,30.95,234,1358,-3515,3879
993,APO,2020-03-17,0 days 15:58:13.015711,485508,30.96,30.93,401,354,3713,-3515
994,APO,2020-03-17,0 days 15:58:27.051404,486708,30.97,30.91,819,217,3513,-4287
995,APO,2020-03-17,0 days 15:58:49.103280,490421,30.87,30.8,1,613,-3287,3107
996,APO,2020-03-17,0 days 15:58:50.106109,487908,30.87,30.8,1,800,2513,-3287
997,APO,2020-03-17,0 days 15:59:03.137834,488508,30.85,30.81,492,300,1913,-3287
998,APO,2020-03-17,0 days 15:59:05.142504,490421,30.83,30.81,100,784,-3987,8307
999,APO,2020-03-17,0 days 15:59:06.145405,488508,30.85,30.81,272,688,1913,-3987
1000,APO,2020-03-17,0 days 15:59:13.164542,490421,30.88,30.85,200,379,-4011,2383
1001,APO,2020-03-17,0 days 15:59:14.167167,482138,30.89,30.86,300,300,8283,-4011
1002,APO,2020-03-17,0 days 15:59:15.169609,490421,30.92,30.87,19,900,-4011,8283
1003,APO,2020-03-17,0 days 15:59:16.168069,488632,30.96,30.9,400,56,1589,-4011
1004,APO,2020-03-17,0 days 15:59:26.191234,486454,31.03,30.98,200,1,1670,-9530
1005,APO,2020-03-17,0 days 15:59:31.204538,488124,31.04,30.97,100,1712,-6430,2102
1006,APO,2020-03-17,0 days 15:59:32.206320,478022,31.04,31.01,392,100,10102,-6430
1007,APO,2020-03-17,0 days 15:59:36.214714,488124,31.1,31.03,492,735,-8835,1602
1008,APO,2020-03-17,0 days 15:59:37.217901,487159,31.1,31.03,492,812,965,-8835
1009,APO,2020-03-17,0 days 15:59:44.233337,487389,31.17,31.09,300,1160,735,-3265
1010,APO,2020-03-17,0 days 15:59:50.252705,471222,31.17,31.12,138,1048,16902,-10465
1011,APO,2020-03-17,0 days 15:59:57.266098,487940,31.24,31.09,160,3567,-14,16902
1012,APO,2020-03-17,0 days 15:59:58.268241,483824,31.21,31.09,160,3178,4300,-14
1013,APRN,2020-03-17,0 days 15:55:20.225497,8261,6.42,6.41,1290,70,9270,-1530
1014,APRN,2020-03-17,0 days 15:55:21.229554,7641,6.48,6.41,500,70,-620,9270
1015,APRN,2020-03-17,0 days 15:55:59.318984,8261,6.44,6.4,3650,200,9280,-1530
1016,APRN,2020-03-17,0 days 15:56:00.320820,7641,6.4,6.38,200,801,-620,9280
1017,APTV,2020-03-17,0 days 15:55:00.282383,202688,48.13,48.08,677,200,-2197,64697
1018,APTV,2020-03-17,0 days 15:55:10.305986,190769,48.1,48.08,636,264,-14116,56745
1019,APTV,2020-03-17,0 days 15:55:12.311626,142143,48.09,48.07,906,295,61451,-1316
1020,APTV,2020-03-17,0 days 15:55:17.324368,191893,48.08,48.07,400,633,-12992,49651
1021,APTV,2020-03-17,0 days 15:55:18.326916,142143,48.07,48.06,900,104,61450,-12992
1022,APTV,2020-03-17,0 days 15:55:24.341458,192671,48.1,48.06,301,200,-12114,50528
1023,APTV,2020-03-17,0 days 15:55:25.344247,142143,48.09,48.07,200,400,61428,-12114
1024,APTV,2020-03-17,0 days 15:55:28.350657,194571,48.09,48.05,928,1098,-10214,52328
1025,APTV,2020-03-17,0 days 15:56:05.440560,143243,48.07,48.06,1004,121,61660,-1984
1026,APTV,2020-03-17,0 days 15:56:21.480055,195903,48.09,48.07,1091,600,-10082,52660
1027,APTV,2020-03-17,0 days 15:56:22.485188,143343,48.09,48.07,582,700,61660,-10082
1028,APTV,2020-03-17,0 days 15:56:43.533525,195803,48.07,48.05,521,301,-52906,7850
1029,APTV,2020-03-17,0 days 15:56:46.539117,140053,48.01,48.0,4,304,60650,-206
1030,APTV,2020-03-17,0 days 15:56:47.542249,195903,48.03,48.0,677,500,-55606,60650
1031,APTV,2020-03-17,0 days 15:56:59.570607,143661,48.18,48.16,505,300,62135,-2914
1032,APTV,2020-03-17,0 days 15:57:05.585356,201796,48.18,48.16,489,400,-56647,16626
1033,APTV,2020-03-17,0 days 15:57:16.611650,204594,48.35,48.26,804,710,-54967,7217
1034,APTV,2020-03-17,0 days 15:57:25.633798,204594,48.36,48.33,5,1285,-56369,61713
1035,APTV,2020-03-17,0 days 15:57:36.661141,206994,48.34,48.31,400,1489,-54069,5713
1036,APTV,2020-03-17,0 days 15:57:37.663242,206863,48.34,48.31,400,1489,131,-54069
1037,APTV,2020-03-17,0 days 15:57:53.701840,206363,48.46,48.43,500,1500,292,-2308
1038,APTV,2020-03-17,0 days 15:57:57.711347,206755,48.48,48.44,725,1666,-408,92
1039,APTV,2020-03-17,0 days 15:57:58.714342,206363,48.48,48.46,629,1000,1092,-408
1040,APTV,2020-03-17,0 days 15:58:01.721586,209601,48.42,48.35,421,313,-55162,6820
1041,APTV,2020-03-17,0 days 15:58:02.725415,209363,48.42,48.35,436,413,238,-55162
1042,APTV,2020-03-17,0 days 15:58:04.729512,204784,48.42,48.36,984,276,-3073,821
1043,APTV,2020-03-17,0 days 15:58:05.731309,207957,48.42,48.36,1746,276,727,-3073
1044,APTV,2020-03-17,0 days 15:58:06.735303,207384,48.35,48.33,556,44,-473,727
1045,APTV,2020-03-17,0 days 15:58:32.798526,207557,48.21,48.18,366,206,1638,-484
1046,APTV,2020-03-17,0 days 15:58:46.830949,207086,48.16,48.1,2192,301,-55471,5911
1047,APTV,2020-03-17,0 days 15:58:49.839180,207057,47.92,47.71,2,500,1429,-171
1048,APTV,2020-03-17,0 days 15:59:04.880051,221673,47.98,47.9,500,406,-57900,63198
1049,APTV,2020-03-17,0 days 15:59:06.881089,225073,47.98,47.97,1385,406,1167,-2400
1050,APTV,2020-03-17,0 days 15:59:13.898629,233971,48.07,48.01,1237,1233,-56610,6190
1051,APTV,2020-03-17,0 days 15:59:14.894721,232281,48.07,48.01,827,1248,490,-56610
1052,APTV,2020-03-17,0 days 15:59:43.957106,244731,48.33,48.3,1350,1878,-111609,4277
1053,APTV,2020-03-17,0 days 15:59:48.969335,245131,48.32,48.3,2519,87,-111209,80977
1054,APTV,2020-03-17,0 days 15:59:50.976568,168550,48.26,48.25,1004,100,76583,-36309
1055,APTV,2020-03-17,0 days 15:59:52.978397,245833,48.27,48.19,200,2,-26103,76583
1056,APY,2020-03-17,0 days 15:56:21.264898,92848,3.57,3.56,2613,2328,-642,2450
1057,APY,2020-03-17,0 days 15:56:53.340705,91669,3.63,3.61,1000,1997,-2065,4515
1058,APY,2020-03-17,0 days 15:56:54.343460,87534,3.63,3.61,5100,3197,4135,-2065
1059,APY,2020-03-17,0 days 15:57:39.453689,88312,3.67,3.66,1600,1700,2957,-1343
1060,APY,2020-03-17,0 days 15:57:40.454570,90081,3.78,3.69,300,300,-10625,2957
1061,APY,2020-03-17,0 days 15:57:41.456975,87706,3.79,3.71,400,700,2375,-10625
1062,APY,2020-03-17,0 days 15:58:31.579907,102822,3.8,3.75,2200,600,-8853,4329
1063,APY,2020-03-17,0 days 15:58:32.582371,99375,3.8,3.75,2200,600,3447,-8853
1064,APY,2020-03-17,0 days 15:59:23.703261,104203,3.72,3.7,3290,793,-14898,15046
1065,APY,2020-03-17,0 days 15:59:24.705091,102001,3.72,3.7,4390,890,2202,-14898
1066,APY,2020-03-17,0 days 15:59:48.763151,104108,3.65,3.62,414,3010,295,-905
1067,APY,2020-03-17,0 days 16:00:00.790149,104403,3.68,3.65,34447,3524,-2955,4893
1068,AR,2020-03-17,0 days 15:59:07.739468,3828171,1.26,1.25,65968,42421,57651,-93525
1069,AR,2020-03-17,0 days 15:59:26.783392,3886222,1.26,1.25,70242,30221,-40953,11694
1070,ARI,2020-03-17,0 days 15:59:17.895128,624967,9.1,9.09,12653,1372,48130,-10344
1071,ARI,2020-03-17,0 days 15:59:18.894769,613497,9.1,9.09,13558,1472,-11470,48130
1072,ARMK,2020-03-17,0 days 15:55:30.252835,446856,15.0,14.99,15350,9447,-157,4843
1073,ARMK,2020-03-17,0 days 15:55:37.269370,366213,15.0,14.99,15084,10049,80743,-157
1074,ARMK,2020-03-17,0 days 15:56:56.460447,453093,15.0,14.99,25829,10065,-8329,44371
1075,ARMK,2020-03-17,0 days 15:56:57.462677,443922,15.0,14.99,26143,9965,9171,-8329
1076,ARMK,2020-03-17,0 days 15:57:00.468997,453093,15.0,14.99,25633,3768,-20696,9171
1077,ARMK,2020-03-17,0 days 15:57:01.472317,446789,15.0,14.99,25833,4168,6304,-20696
1078,ARMK,2020-03-17,0 days 15:57:30.542546,453093,15.0,14.99,31311,26669,-9023,23277
1079,ARMK,2020-03-17,0 days 15:57:31.545341,401816,15.0,14.99,31053,27969,51277,-9023
1080,ARMK,2020-03-17,0 days 15:57:32.548707,453093,15.0,14.99,30868,27869,-2623,51277
1081,ARMK,2020-03-17,0 days 15:57:33.550297,446816,15.0,14.99,30995,27869,6277,-2623
1082,ARMK,2020-03-17,0 days 15:59:45.870301,477631,15.0,14.99,13436,8913,-334,1580
1083,ARMK,2020-03-17,0 days 15:59:48.875757,476108,15.0,14.99,13136,9103,1223,-2548
1084,ARNC,2020-03-17,0 days 15:55:35.202608,351812,17.48,17.46,1851,1650,-46224,14617
1085,ARNC,2020-03-17,0 days 15:55:36.203796,342636,17.48,17.47,323,700,7576,-46224
1086,ARNC,2020-03-17,0 days 15:55:45.226123,350212,17.49,17.47,1884,1384,-53628,8813
1087,ARNC,2020-03-17,0 days 15:55:46.228064,342540,17.49,17.48,1684,500,7672,-53628
1088,ARNC,2020-03-17,0 days 15:58:05.565474,370049,17.41,17.38,4539,547,-45180,14581
1089,ARNC,2020-03-17,0 days 15:58:06.575453,299668,17.39,17.38,932,4900,73907,-45180
1090,ARNC,2020-03-17,0 days 15:59:47.798070,417768,17.55,17.54,6627,2885,-1915,838
1091,ARNC,2020-03-17,0 days 15:59:48.802267,409550,17.55,17.54,6863,1908,8218,-1915
1092,ARNC,2020-03-17,0 days 15:59:52.812513,407271,17.6,17.58,7,2303,-9078,86839
1093,ARNC,2020-03-17,0 days 15:59:53.813854,331048,17.59,17.58,1224,3730,76223,-9078
1094,ARNC,2020-03-17,0 days 15:59:58.825498,407240,17.65,17.61,2799,7800,-11809,75023
1095,ARNC,2020-03-17,0 days 16:00:00.828147,333248,17.65,17.63,31388,65286,73992,-11809
1096,ATH,2020-03-17,0 days 15:55:12.145507,196495,19.86,19.85,5036,700,188,-312
1097,ATH,2020-03-17,0 days 15:55:13.148202,191983,19.86,19.85,8436,700,-4512,188
1098,ATH,2020-03-17,0 days 15:55:16.154799,196495,19.86,19.85,9358,800,4364,-4512
1099,ATH,2020-03-17,0 days 15:55:17.159857,193459,19.8,19.79,400,400,-2236,4364
1100,ATH,2020-03-17,0 days 15:56:09.282959,195695,19.76,19.75,20031,3161,2057,-885
1101,ATH,2020-03-17,0 days 15:56:10.285357,193052,19.76,19.75,22462,3061,-2643,2057
1102,ATH,2020-03-17,0 days 15:57:37.496043,195698,19.74,19.73,13549,3782,124,-1576
1103,ATH,2020-03-17,0 days 15:58:11.582434,196601,19.74,19.73,28034,10322,8857,-1978
1104,ATH,2020-03-17,0 days 15:58:12.579547,195958,19.74,19.73,28241,10122,-643,8857
1105,ATH,2020-03-17,0 days 15:58:17.591131,196601,19.74,19.73,27171,10017,4121,-643
1106,ATH,2020-03-17,0 days 15:59:03.702465,210696,19.74,19.73,7945,7320,-911,3595
1107,ATH,2020-03-17,0 days 15:59:15.722329,212150,19.74,19.73,6821,11954,5197,-948
1108,ATH,2020-03-17,0 days 15:59:16.721649,207553,19.74,19.73,6567,11654,-4597,5197
1109,ATI,2020-03-17,0 days 15:58:36.072715,246022,8.59,8.56,900,620,5511,-26789
1110,ATI,2020-03-17,0 days 15:59:08.150884,249437,8.58,8.56,2138,836,4340,-22160
1111,ATI,2020-03-17,0 days 15:59:15.169512,219672,8.55,8.52,2325,3268,-1334,3833
1112,ATI,2020-03-17,0 days 15:59:16.167929,218506,8.53,8.52,3,3479,1166,-1334
1113,ATI,2020-03-17,0 days 15:59:19.174250,219672,8.55,8.52,1977,3635,-1330,1166
1114,ATI,2020-03-17,0 days 15:59:20.175677,218702,8.55,8.52,1673,3714,970,-1330
1115,ATUS,2020-03-17,0 days 15:55:41.653406,224341,17.51,17.5,5706,12813,-4754,4446
1116,ATUS,2020-03-17,0 days 15:56:11.724833,196941,17.5,17.49,19599,3821,-854,35546
1117,ATUS,2020-03-17,0 days 15:58:02.991898,195877,17.41,17.4,5185,1709,-328,1872
1118,AU,2020-03-17,0 days 15:56:43.391769,56824,18.75,18.74,7859,600,-1076,524
1119,AU,2020-03-17,0 days 15:56:44.390053,56300,18.75,18.74,8100,541,524,-1076
1120,AU,2020-03-17,0 days 15:58:09.597271,56824,18.82,18.81,1285,4895,-2888,512
1121,AU,2020-03-17,0 days 15:58:36.662371,51812,18.8,18.79,600,881,5012,-5115
1122,AU,2020-03-17,0 days 15:58:46.686459,56012,18.83,18.82,614,187,812,-1888
1123,AU,2020-03-17,0 days 15:58:53.704898,56824,18.87,18.86,1188,670,-488,412
1124,AU,2020-03-17,0 days 15:58:54.706228,56512,18.87,18.86,1286,217,312,-488
1125,AU,2020-03-17,0 days 15:58:56.710815,56824,18.85,18.83,945,293,-7215,312
1126,AU,2020-03-17,0 days 15:58:57.713291,54612,18.88,18.86,706,800,2212,-7215
1127,AU,2020-03-17,0 days 15:59:09.744368,57026,18.99,18.97,1004,900,-9413,114
1128,AUY,2020-03-17,0 days 15:55:40.276784,154193,3.47,3.46,110470,104411,-16078,12222
1129,AUY,2020-03-17,0 days 15:55:41.278301,150025,3.47,3.46,110670,105341,4168,-16078
1130,AVTR,2020-03-17,0 days 15:51:38.592125,44906,10.04,10.03,1095,199,7410,-1310
1131,AVTR,2020-03-17,0 days 15:51:40.592355,52379,10.04,10.03,940,99,-1147,7410
1132,AVTR,2020-03-17,0 days 15:51:50.617508,44906,10.05,10.03,500,200,7410,-1147
1133,AVTR,2020-03-17,0 days 15:51:51.617819,52216,10.05,10.03,800,200,-1310,7410
1134,AVTR,2020-03-17,0 days 15:53:52.908030,52379,10.04,10.01,600,755,-1147,7410
1135,AVYA,2020-03-17,0 days 15:55:16.107258,237088,8.67,8.66,7863,3235,-1804,17296
1136,AVYA,2020-03-17,0 days 15:55:17.114606,222492,8.67,8.66,7463,3508,14596,-1804
1137,AWK,2020-03-17,0 days 15:55:00.538123,165315,137.94,137.56,116,34,-16329,30539
1138,AWK,2020-03-17,0 days 15:55:01.540506,164044,137.94,137.56,116,34,1271,-16329
1139,AWK,2020-03-17,0 days 15:55:18.582243,165816,137.07,136.61,220,90,-2745,2155
1140,AWK,2020-03-17,0 days 15:55:19.585156,164861,137.07,136.4,186,90,955,-2745
1141,AWK,2020-03-17,0 days 15:55:46.649800,166735,137.21,136.97,200,405,-1826,1274
1142,AWK,2020-03-17,0 days 15:55:47.652868,166161,137.21,137.01,200,90,574,-1826
1143,AWK,2020-03-17,0 days 15:55:50.662862,166735,137.12,136.97,100,90,-17726,20702
1144,AWK,2020-03-17,0 days 15:55:51.661965,166161,137.21,137.05,164,90,574,-17726
1145,AWK,2020-03-17,0 days 15:56:10.707790,168706,137.77,137.3,100,420,-15955,4943
1146,AWK,2020-03-17,0 days 15:56:11.709240,168061,137.78,137.3,28,456,645,-15955
1147,AWK,2020-03-17,0 days 15:56:29.753842,168635,138.51,138.14,3,90,-3326,6674
1148,AWK,2020-03-17,0 days 15:56:30.755541,167961,138.51,138.14,3,90,674,-3326
1149,AWK,2020-03-17,0 days 15:56:42.784397,168286,138.85,138.53,100,90,-175,25
1150,AWK,2020-03-17,0 days 15:56:43.786835,167661,138.86,138.53,35,90,625,-175
1151,AWK,2020-03-17,0 days 15:57:05.840444,167964,139.8,139.51,200,90,-479,310
1152,AWK,2020-03-17,0 days 15:57:06.842878,167643,139.8,139.55,200,91,321,-479
1153,AWK,2020-03-17,0 days 15:57:13.859846,167958,140.25,139.99,29,1366,-20485,22946
1154,AWK,2020-03-17,0 days 15:57:14.865819,167543,140.25,140.01,29,790,415,-20485
1155,AWK,2020-03-17,0 days 15:57:19.874669,167958,140.11,140.04,10,140,-20485,23446
1156,AWK,2020-03-17,0 days 15:57:20.876939,144512,140.13,140.02,10,461,23446,-20485
1157,AWK,2020-03-17,0 days 15:57:22.882204,167958,140.11,139.99,10,534,-20285,2546
1158,AWK,2020-03-17,0 days 15:57:23.883562,167543,140.1,139.99,90,852,415,-20285
1159,AWK,2020-03-17,0 days 15:57:27.893404,167958,139.98,139.94,227,200,-20285,23246
1160,AWK,2020-03-17,0 days 15:57:28.896637,144712,139.94,139.88,109,133,23252,-20285
1161,AWK,2020-03-17,0 days 15:57:29.898026,167964,139.81,139.76,36,10,-19979,23252
1162,AWK,2020-03-17,0 days 15:57:30.900499,167643,139.91,139.77,29,90,321,-19979
1163,AWK,2020-03-17,0 days 15:57:42.929630,168543,139.78,139.71,56,1072,196,-79
1164,AWK,2020-03-17,0 days 15:57:49.948367,168139,139.77,139.69,100,200,-27105,2626
1165,AWK,2020-03-17,0 days 15:57:50.951121,170944,139.73,139.69,200,400,195,-27105
1166,AWK,2020-03-17,0 days 15:57:52.953897,169453,139.71,139.48,100,311,-191,1109
1167,AWK,2020-03-17,0 days 15:57:53.957219,169644,139.71,139.48,200,411,409,-191
1168,AWK,2020-03-17,0 days 15:57:54.959109,169523,139.69,139.48,100,511,-121,409
1169,AWK,2020-03-17,0 days 15:58:00.974930,141113,139.49,139.48,115,95,27210,-121
1170,AWK,2020-03-17,0 days 15:58:01.976179,168323,139.46,139.08,120,96,-25921,27210
1171,AWK,2020-03-17,0 days 15:58:02.979060,169144,139.44,138.93,120,300,279,-25921
1172,AWK,2020-03-17,0 days 15:58:07.991501,168463,138.79,138.46,116,90,-554,246
1173,AWK,2020-03-17,0 days 15:58:08.992971,168317,138.6,138.45,1,57,146,-554
1174,AWK,2020-03-17,0 days 15:58:14.005215,168463,138.45,138.18,100,90,-25154,28377
1175,AWK,2020-03-17,0 days 15:58:15.007560,168317,138.41,138.18,25,90,146,-25154
1176,AWK,2020-03-17,0 days 15:58:48.088493,170917,137.84,137.79,305,49,714,-21186
1177,AWK,2020-03-17,0 days 15:59:09.140274,191949,136.87,136.77,500,500,-17193,3838
1178,AWK,2020-03-17,0 days 15:59:15.155108,190014,137.18,137.03,300,390,-18300,3581
1179,AWK,2020-03-17,0 days 15:59:16.158657,191014,137.6,137.07,500,390,2747,-18300
1180,AWK,2020-03-17,0 days 15:59:18.164053,193761,137.59,137.29,400,857,-18253,26685
1181,AWK,2020-03-17,0 days 15:59:34.201431,193273,137.94,137.93,500,1,-20716,23863
1182,AWK,2020-03-17,0 days 15:59:35.205091,166876,137.95,137.85,400,1,26397,-20716
1183,AWK,2020-03-17,0 days 15:59:41.217843,193265,138.19,138.07,265,93,-23224,2789
1184,AXP,2020-03-17,0 days 15:55:06.552724,541754,85.17,85.13,600,400,67281,-102667
1185,AXP,2020-03-17,0 days 15:55:07.554775,537735,85.29,85.23,265,337,-4019,67281
1186,AXP,2020-03-17,0 days 15:55:18.582208,531471,85.11,85.1,500,1442,-10323,67141
1187,AXP,2020-03-17,0 days 15:55:25.599233,541794,85.07,85.06,1400,300,71427,-98757
1188,AXP,2020-03-17,0 days 15:55:26.600953,538121,85.11,85.06,100,477,-3673,71427
1189,AXP,2020-03-17,0 days 15:55:28.607073,541794,85.19,85.06,517,477,2756,-3673
1190,AXP,2020-03-17,0 days 15:55:29.609950,538650,85.19,85.06,509,577,-3144,2756
1191,AXP,2020-03-17,0 days 15:55:40.637394,545958,85.11,85.07,201,644,-173784,71764
1192,AXP,2020-03-17,0 days 15:55:43.642165,545758,85.15,85.1,125,500,-173984,66000
1193,AXP,2020-03-17,0 days 15:55:46.649769,549594,85.18,85.15,206,300,71864,-98284
1194,AXP,2020-03-17,0 days 15:55:47.652836,510958,85.2,85.13,400,200,-208784,71864
1195,AXP,2020-03-17,0 days 15:55:51.661916,545958,85.18,85.16,614,100,-3636,58964
1196,AXP,2020-03-17,0 days 15:55:55.671405,545958,85.16,85.13,200,411,-3636,62464
1197,AXP,2020-03-17,0 days 15:56:23.739280,538653,85.36,85.31,84,1201,-183112,63059
1198,AXP,2020-03-17,0 days 15:56:24.741522,549694,85.34,85.33,140,1805,62759,-183112
1199,AXP,2020-03-17,0 days 15:56:25.743736,513753,85.34,85.32,296,400,-208012,62759
1200,AXP,2020-03-17,0 days 15:56:29.753842,543153,85.41,85.4,831,202,-6541,67459
1201,AXP,2020-03-17,0 days 15:56:33.763076,513753,85.41,85.4,1441,508,-34241,68659
1202,AXP,2020-03-17,0 days 15:56:40.779636,547999,85.39,85.38,300,667,75254,-97012
1203,AXP,2020-03-17,0 days 15:56:41.782345,513753,85.38,85.37,600,175,-34246,75254
1204,AXP,2020-03-17,0 days 15:56:51.806310,547999,85.39,85.36,317,100,77854,-109617
1205,AXP,2020-03-17,0 days 15:56:52.809083,544953,85.37,85.36,1817,256,-3046,77854
1206,AXP,2020-03-17,0 days 15:57:05.840370,548479,85.39,85.38,300,306,79484,-94687
1207,AXP,2020-03-17,0 days 15:57:06.842814,516963,85.42,85.41,300,207,-31516,79484
1208,AXP,2020-03-17,0 days 15:57:20.876907,550179,85.48,85.47,400,611,92671,-82123
1209,AXP,2020-03-17,0 days 15:57:21.879361,549151,85.49,85.47,100,200,-1028,92671
1210,AXP,2020-03-17,0 days 15:57:46.939512,550181,85.51,85.49,300,1235,91146,-172925
1211,AXP,2020-03-17,0 days 15:57:48.944821,552327,85.51,85.5,98,1200,-172225,2346
1212,AXP,2020-03-17,0 days 15:57:51.951810,550181,85.55,85.52,400,300,113046,-61125
1213,AXP,2020-03-17,0 days 15:58:12.000722,552340,85.53,85.52,1980,3716,-1242,59
1214,AXP,2020-03-17,0 days 15:58:45.080857,558559,85.53,85.52,10435,600,-223,1277
1215,AXP,2020-03-17,0 days 15:58:46.084872,558082,85.53,85.52,9093,600,277,-223
1216,AXP,2020-03-17,0 days 15:59:06.132536,558294,85.59,85.58,3312,200,-3371,5129
1217,AXP,2020-03-17,0 days 15:59:09.140244,554545,85.59,85.58,3591,500,43449,-177800
1218,AXP,2020-03-17,0 days 15:59:12.147766,559231,85.66,85.65,7106,106,-2299,3148
1219,AXP,2020-03-17,0 days 15:59:17.162345,791131,85.9,85.88,338,461,-67378,223601
1220,AXP,2020-03-17,0 days 15:59:18.164023,788709,85.93,85.9,100,1194,687,-67378
1221,AXP,2020-03-17,0 days 15:59:20.167231,789230,86.1,86.01,400,2847,-98144,183640
1222,AXP,2020-03-17,0 days 15:59:21.169862,788374,86.1,86.06,200,1609,856,-98144
1223,AXP,2020-03-17,0 days 15:59:22.173464,789230,86.16,86.09,212,200,-2460,856
1224,AXP,2020-03-17,0 days 15:59:23.175613,788690,86.2,86.09,508,1604,540,-2460
1225,AXP,2020-03-17,0 days 15:59:26.182093,576280,86.15,86.09,900,1628,212950,-5324
1226,AXP,2020-03-17,0 days 15:59:27.184419,789230,86.2,86.13,100,2200,-112624,212950
1227,AXP,2020-03-17,0 days 15:59:34.201398,582675,86.17,86.16,1374,3089,206555,-49548
1228,AXP,2020-03-17,0 days 15:59:49.236626,607975,86.32,86.31,1400,162,195454,-154606
1229,AXP,2020-03-17,0 days 15:59:51.243289,803429,86.34,86.32,985,2579,-159705,109054
1230,AXP,2020-03-17,0 days 15:59:52.245422,694375,86.36,86.32,395,5919,109054,-159705
1231,AXP,2020-03-17,0 days 15:59:53.247351,803429,86.38,86.35,10741,3199,-159905,109054
