,Symbol,Timestamp,TIME,iPaired,Ask_P,Bid_P,Ask_S,Bid_S,iShares,PreviShares
0,AA,2020-09-11,0 days 15:55:17.243451,132500,13.99,13.98,9839,8448,-4103,1322
1,AA,2020-09-11,0 days 15:55:18.243650,131603,13.99,13.98,8239,8957,897,-4103
2,AA,2020-09-11,0 days 15:55:43.245629,134700,14.0,13.99,13921,7595,-149,853
3,AA,2020-09-11,0 days 15:55:44.245715,133949,13.99,13.98,17027,700,751,-149
4,AA,2020-09-11,0 days 15:55:54.245104,134700,13.98,13.97,14022,11482,-4913,85
5,AA,2020-09-11,0 days 15:56:50.244960,131286,14.0,13.99,10549,12213,3414,-186
6,AA,2020-09-11,0 days 15:57:41.246259,134700,14.0,13.99,27711,12449,-1095,205
7,AA,2020-09-11,0 days 15:57:43.246393,133595,14.0,13.99,28441,12051,1105,-895
8,AA,2020-09-11,0 days 15:57:45.247533,135900,14.0,13.99,33944,8050,-5495,1105
9,AA,2020-09-11,0 days 15:57:55.247173,144495,14.0,13.99,34515,8679,301,-8437
10,AA,2020-09-11,0 days 15:57:56.247327,136058,14.0,13.99,34915,9381,-8437,301
11,AA,2020-09-11,0 days 15:58:01.247892,144495,14.0,13.99,36421,10282,5823,-8437
12,AA,2020-09-11,0 days 15:58:02.248614,143580,14.0,13.99,29891,16174,-914,5823
13,AA,2020-09-11,0 days 15:59:39.252842,170525,14.0,13.99,33645,26857,20893,-3207
14,AA,2020-09-11,0 days 15:59:40.253378,170355,14.0,13.99,32105,29352,-70,20893
15,AA,2020-09-11,0 days 15:59:44.252740,170525,14.0,13.99,20083,19618,9074,-70
16,AA,2020-09-11,0 days 15:59:45.253567,169299,14.0,13.99,17950,25835,-1226,9074
17,ABBV,2020-09-11,0 days 15:59:15.253681,657903,89.68,89.66,300,790,-22524,35828
18,ABBV,2020-09-11,0 days 15:59:16.252485,652727,89.65,89.63,528,1035,5176,-22524
19,ABBV,2020-09-11,0 days 15:59:34.251237,654281,89.71,89.69,1273,800,-7336,4208
20,ABBV,2020-09-11,0 days 15:59:35.252509,650717,89.69,89.67,1150,200,5786,-7336
21,ABBV,2020-09-11,0 days 15:59:39.251864,649062,89.7,89.69,200,300,-1766,5786
22,ABBV,2020-09-11,0 days 15:59:41.251934,651630,89.69,89.68,100,830,2651,-1860
23,ABEV,2020-09-11,0 days 15:59:01.924004,340659,2.3,2.29,938675,503680,79578,-14122
24,ABT,2020-09-11,0 days 15:55:00.915618,799218,104.9,104.87,1061,347,15626,-164934
25,ABT,2020-09-11,0 days 15:56:03.916789,823585,104.71,104.69,420,314,-162,589
26,ABT,2020-09-11,0 days 15:56:04.917264,822947,104.71,104.67,1220,300,638,-162
27,ABT,2020-09-11,0 days 15:56:10.916697,823879,104.75,104.72,503,615,-117,932
28,ABT,2020-09-11,0 days 15:56:11.916560,823296,104.75,104.72,500,615,583,-117
29,ABT,2020-09-11,0 days 15:57:44.919731,860390,104.66,104.64,700,536,-408,6543
30,ABT,2020-09-11,0 days 15:57:45.918385,856098,104.65,104.64,100,300,4292,-408
31,ABT,2020-09-11,0 days 15:58:01.919810,860390,104.71,104.68,600,319,-1437,1912
32,ABT,2020-09-11,0 days 15:58:02.919492,856227,104.71,104.67,619,1000,4163,-1437
33,ABT,2020-09-11,0 days 15:59:05.923464,836019,104.77,104.74,737,351,-7792,2313
34,ABT,2020-09-11,0 days 15:59:06.923451,834811,104.75,104.72,820,600,1208,-7792
35,ABT,2020-09-11,0 days 15:59:07.923101,844219,104.72,104.7,200,300,-2255,1208
36,ABT,2020-09-11,0 days 15:59:08.924437,846274,104.69,104.66,500,900,3645,-2255
37,ABT,2020-09-11,0 days 15:59:48.924024,861406,104.74,104.72,221,401,2431,-1
38,ABT,2020-09-11,0 days 15:59:55.922606,858847,104.74,104.68,1293,800,-1510,13490
39,ABT,2020-09-11,0 days 15:59:56.920824,860357,104.72,104.68,4800,200,15060,-1510
40,ACB,2020-09-11,0 days 15:58:05.198916,11765,6.99,6.98,8104,3657,1689,-1589
41,ACB,2020-09-11,0 days 15:59:01.203676,13609,6.98,6.97,6928,6907,-1433,1867
42,ACB,2020-09-11,0 days 15:59:02.200422,13442,6.98,6.97,6928,6990,167,-1433
43,ACB,2020-09-11,0 days 15:59:38.200383,15020,6.98,6.97,5173,8611,-2122,278
44,ACB,2020-09-11,0 days 15:59:39.199022,14842,6.98,6.97,5073,8311,178,-2122
45,ACI,2020-09-11,0 days 15:55:00.915733,64384,14.2,14.19,4668,8266,30529,-43531
46,ACI,2020-09-11,0 days 15:55:01.911785,59613,14.2,14.19,4668,8268,-4771,30529
47,ACI,2020-09-11,0 days 15:59:40.922624,76698,14.17,14.16,7865,2187,316,-134
48,ACN,2020-09-11,0 days 15:59:12.251320,214831,235.03,234.95,337,251,3451,-1566
49,ACN,2020-09-11,0 days 15:59:15.250661,218282,235.1,235.0,125,125,-8884,3451
50,ACN,2020-09-11,0 days 15:59:16.250541,217169,235.11,235.0,312,125,464,-8884
51,ACN,2020-09-11,0 days 15:59:20.253553,218507,235.1,235.0,325,100,-17525,841
52,ADM,2020-09-11,0 days 15:59:11.251772,448362,46.94,46.93,2403,1100,-5060,22640
53,ADM,2020-09-11,0 days 15:59:36.251585,462743,46.94,46.93,2140,900,-3079,4677
54,ADM,2020-09-11,0 days 15:59:40.251544,452043,46.92,46.91,700,3200,-1579,10021
55,ADT,2020-09-11,0 days 15:55:56.916380,104163,10.98,10.97,9701,4431,6165,-8835
56,ADT,2020-09-11,0 days 15:55:57.916300,103528,10.98,10.97,10101,4331,-635,6165
57,ADT,2020-09-11,0 days 15:59:10.925036,127189,10.97,10.96,7501,11322,-1510,170
58,ADT,2020-09-11,0 days 15:59:35.921366,128699,10.97,10.96,14336,11712,106,-1424
59,ADT,2020-09-11,0 days 15:59:46.923072,125982,10.97,10.96,10175,14155,-3994,4801
60,AEO,2020-09-11,0 days 15:55:49.680671,223893,13.77,13.76,14504,16839,-7479,11493
61,AEO,2020-09-11,0 days 15:55:50.680858,216372,13.77,13.76,14604,16639,7521,-7479
62,AEO,2020-09-11,0 days 15:56:32.681734,227488,13.77,13.76,4621,34173,-2948,3152
63,AEO,2020-09-11,0 days 15:56:33.681553,221036,13.77,13.76,4860,34973,6452,-2948
64,AEO,2020-09-11,0 days 15:57:12.682767,227788,13.8,13.79,5011,16982,-15932,1712
65,AEO,2020-09-11,0 days 15:57:13.683268,224928,13.8,13.79,4830,16024,3160,-15932
66,AEO,2020-09-11,0 days 15:57:36.684228,228088,13.8,13.79,9791,16252,-32,2168
67,AEO,2020-09-11,0 days 15:57:38.684681,224320,13.8,13.79,10342,15052,3768,-1532
68,AEO,2020-09-11,0 days 15:57:41.685970,228088,13.8,13.79,9751,17856,-2132,68
69,AEO,2020-09-11,0 days 15:57:42.684181,224920,13.8,13.79,10451,16056,3168,-2132
70,AEO,2020-09-11,0 days 15:57:45.685106,228088,13.8,13.79,15499,7353,-1932,168
71,AEO,2020-09-11,0 days 15:57:46.685020,222696,13.79,13.78,9800,11613,5392,-1932
72,AEO,2020-09-11,0 days 15:58:09.687221,227788,13.79,13.78,10689,12032,-6294,2967
73,AEO,2020-09-11,0 days 15:58:30.688085,225698,13.79,13.78,15187,5089,2090,-1210
74,AEO,2020-09-11,0 days 15:59:20.677443,226768,13.8,13.79,8492,22249,-8683,851
75,AEO,2020-09-11,0 days 15:59:21.677896,225151,13.8,13.79,8294,19089,1617,-8683
76,AEO,2020-09-11,0 days 15:59:38.677577,226868,13.8,13.79,15159,9216,-2263,1717
77,AEO,2020-09-11,0 days 15:59:39.678067,210031,13.8,13.79,16859,7297,16837,-2263
78,AEO,2020-09-11,0 days 15:59:40.678229,226868,13.8,13.79,13124,20942,-83,16837
79,AEP,2020-09-11,0 days 15:55:00.916817,149271,79.01,78.99,666,598,42293,-44083
80,AEP,2020-09-11,0 days 15:55:46.916286,154301,79.01,79.0,500,200,-15825,508
81,AEP,2020-09-11,0 days 15:56:02.916658,150125,78.98,78.97,100,799,11655,-878
82,AEP,2020-09-11,0 days 15:57:09.916986,168785,78.99,78.98,900,526,-3943,1059
83,AEP,2020-09-11,0 days 15:57:12.916219,172462,78.98,78.97,1080,100,523,-177
84,AEP,2020-09-11,0 days 15:57:13.916377,172085,78.98,78.97,820,200,-377,523
85,AEP,2020-09-11,0 days 15:57:36.917583,172461,79.0,78.99,200,401,724,-2923
86,AEP,2020-09-11,0 days 15:57:37.918515,172085,79.0,78.99,320,300,-376,724
87,AEP,2020-09-11,0 days 15:57:44.919973,173898,79.0,78.99,641,200,887,-413
88,AEP,2020-09-11,0 days 15:57:45.918566,172385,79.0,78.99,319,200,-1513,887
89,AEP,2020-09-11,0 days 15:57:52.918551,175898,79.01,79.0,426,700,1087,-413
90,AEP,2020-09-11,0 days 15:57:53.918585,175485,79.01,79.0,326,700,-413,1087
91,AEP,2020-09-11,0 days 15:58:02.919685,175898,79.02,79.0,1332,658,1095,-423
92,AEP,2020-09-11,0 days 15:58:05.922118,175393,79.03,79.02,338,800,-505,295
93,AEP,2020-09-11,0 days 15:58:06.921866,175898,79.03,79.02,602,610,95,-505
94,AEP,2020-09-11,0 days 15:58:08.920618,175393,79.03,79.02,602,532,-505,1095
95,AEP,2020-09-11,0 days 15:58:11.920589,175898,79.02,79.01,739,307,1095,-405
96,AEP,2020-09-11,0 days 15:58:13.920757,175393,79.02,79.01,433,507,-505,595
97,AEP,2020-09-11,0 days 15:58:26.921171,173898,78.99,78.98,344,800,2795,-5
98,AEP,2020-09-11,0 days 15:58:32.921312,172793,79.0,78.99,100,600,-5705,1285
99,AEP,2020-09-11,0 days 15:58:49.922085,199298,79.01,79.0,524,1030,2505,-1995
100,AEP,2020-09-11,0 days 15:59:20.920735,228586,79.01,78.98,977,500,-589,4895
101,AES,2020-09-11,0 days 15:56:02.242801,375234,17.81,17.8,3835,14024,20951,-8449
102,AES,2020-09-11,0 days 15:56:03.243603,367585,17.82,17.81,12996,2970,-9370,20951
103,AES,2020-09-11,0 days 15:59:00.253391,395955,17.8,17.79,18667,10725,7688,-472
104,AES,2020-09-11,0 days 15:59:01.251286,386643,17.8,17.79,16350,16446,-9312,7688
105,AES,2020-09-11,0 days 15:59:20.254136,411306,17.81,17.8,12634,14054,8730,-11465
106,AES,2020-09-11,0 days 15:59:21.252196,406636,17.81,17.8,10212,16389,-8097,8730
107,AFL,2020-09-11,0 days 15:56:03.200067,216890,36.42,36.41,2773,3980,-3735,624
108,AFL,2020-09-11,0 days 15:56:04.199277,215525,36.42,36.41,5374,1755,1365,-3735
109,AFL,2020-09-11,0 days 15:57:39.195342,220653,36.43,36.42,4775,3714,-496,1304
110,AFL,2020-09-11,0 days 15:57:40.195369,219249,36.43,36.42,5866,2592,1404,-496
111,AFL,2020-09-11,0 days 15:58:53.199647,232053,36.41,36.4,10272,14347,-206,398
112,AFL,2020-09-11,0 days 15:58:54.199318,229960,36.41,36.4,12257,12947,2093,-206
113,AFL,2020-09-11,0 days 15:59:02.200136,232053,36.41,36.4,13432,12370,-947,109
114,AFL,2020-09-11,0 days 15:59:03.201354,230770,36.41,36.4,14889,9350,1283,-947
115,AFL,2020-09-11,0 days 15:59:08.201730,231639,36.4,36.39,16113,4520,153,-5947
116,AFL,2020-09-11,0 days 15:59:09.201869,235626,36.4,36.39,14758,4452,-7547,153
117,AFL,2020-09-11,0 days 15:59:16.201515,235903,36.39,36.38,9575,8030,203,-131
118,AFL,2020-09-11,0 days 15:59:22.199103,236306,36.39,36.38,4047,6540,-4653,203
119,AG,2020-09-11,0 days 15:55:00.238899,64709,11.66,11.65,31610,1659,-9806,303
120,AGI,2020-09-11,0 days 15:55:00.244153,29004,9.71,9.7,13973,28384,-5140,712
121,AGI,2020-09-11,0 days 15:59:02.253241,65319,9.72,9.71,19909,39279,783,-6773
122,AGI,2020-09-11,0 days 15:59:07.256259,66102,9.72,9.71,17503,49307,-405,783
123,AGI,2020-09-11,0 days 15:59:15.253681,65146,9.72,9.71,14743,49852,956,-405
124,AGI,2020-09-11,0 days 15:59:25.251902,59602,9.72,9.71,30250,34193,-5544,956
125,AIG,2020-09-11,0 days 15:59:20.254424,1641347,28.47,28.46,2700,6644,-70819,674518
126,AIG,2020-09-11,0 days 15:59:21.252461,1605491,28.44,28.43,4311,5561,44847,-70819
127,AIG,2020-09-11,0 days 15:59:22.251258,1650338,28.45,28.44,4592,5609,-2236,44847
128,AIG,2020-09-11,0 days 15:59:45.253337,1784259,28.44,28.43,10352,1418,26341,-6696
129,AIG,2020-09-11,0 days 15:59:46.253466,1792409,28.44,28.43,5861,4900,-23265,26341
130,ALK,2020-09-11,0 days 15:59:08.254094,235281,40.44,40.43,8941,2650,4173,-5974
131,ALK,2020-09-11,0 days 15:59:09.254925,231854,40.44,40.43,9161,2422,-2978,4173
132,ALK,2020-09-11,0 days 15:59:46.252479,232478,40.4,40.39,5610,430,10259,-1513
133,ALLY,2020-09-11,0 days 15:55:00.678332,179986,23.91,23.9,3681,2260,1162,-5097
134,ALLY,2020-09-11,0 days 15:56:02.681627,181636,23.9,23.89,5193,3104,-17699,2483
135,ALLY,2020-09-11,0 days 15:56:03.681399,179135,23.9,23.89,8248,1584,2501,-17699
136,ALLY,2020-09-11,0 days 15:56:57.681757,181327,23.93,23.92,7165,6683,2113,-1287
137,ALLY,2020-09-11,0 days 15:57:35.684204,183440,23.91,23.9,6772,2808,-487,1113
138,ALLY,2020-09-11,0 days 15:57:36.684242,181427,23.91,23.9,6372,3008,2013,-487
139,ALLY,2020-09-11,0 days 15:57:38.684694,183440,23.91,23.9,6872,5307,-787,813
140,ALLY,2020-09-11,0 days 15:57:39.684909,181727,23.91,23.9,8643,1137,1713,-787
141,ALLY,2020-09-11,0 days 15:58:24.687373,183858,23.91,23.9,4998,7502,-168,1732
142,ALLY,2020-09-11,0 days 15:58:25.687298,182426,23.91,23.9,5576,9963,1432,-168
143,ALLY,2020-09-11,0 days 15:58:27.687086,183858,23.91,23.9,5159,10669,-1268,1432
144,ALLY,2020-09-11,0 days 15:58:28.687502,182426,23.91,23.9,5959,8995,1432,-1268
145,ALLY,2020-09-11,0 days 15:59:01.689524,167326,23.9,23.89,4278,12094,3545,-13760
146,ALLY,2020-09-11,0 days 15:59:07.689862,167187,23.9,23.89,8450,2068,-752,1060
147,ALLY,2020-09-11,0 days 15:59:08.690004,168611,23.9,23.89,7403,4012,1179,-752
148,ALLY,2020-09-11,0 days 15:59:15.677187,175090,23.9,23.89,11409,5612,-749,405
149,AM,2020-09-11,0 days 15:55:33.244890,616698,5.52,5.51,32399,24721,-45921,12679
150,AM,2020-09-11,0 days 15:55:34.244833,596219,5.52,5.51,32299,24621,20479,-45921
151,AM,2020-09-11,0 days 15:55:49.245337,599290,5.52,5.51,44907,20246,17408,-2343
152,AMC,2020-09-11,0 days 15:55:00.915368,49583,5.8,5.79,4806,7540,4123,-382
153,AMC,2020-09-11,0 days 15:55:30.915237,53554,5.79,5.78,7014,9067,-829,8571
154,AMC,2020-09-11,0 days 15:59:01.923756,63348,5.81,5.8,6991,8705,203,-269
155,AMC,2020-09-11,0 days 15:59:02.922893,62851,5.81,5.8,6291,9915,-497,203
156,AMC,2020-09-11,0 days 15:59:19.920284,61651,5.8,5.79,13132,12576,-357,1643
157,AMC,2020-09-11,0 days 15:59:36.921561,62008,5.8,5.79,11622,12554,1233,-167
158,AMC,2020-09-11,0 days 15:59:37.921575,61841,5.8,5.79,11122,12354,-167,1233
159,AMCR,2020-09-11,0 days 15:59:21.199363,1198699,11.04,11.03,49700,30245,-19148,21254
160,AMCR,2020-09-11,0 days 15:59:22.199153,1181247,11.04,11.03,43788,31145,17452,-19148
161,AMCR,2020-09-11,0 days 15:59:38.200223,1223217,11.04,11.03,67127,23877,-23630,13070
162,AMCR,2020-09-11,0 days 15:59:39.198827,1210147,11.04,11.03,65279,21571,13070,-23630
163,AMX,2020-09-11,0 days 15:55:00.242348,37391,12.56,12.55,32926,22526,-23815,3
164,AMX,2020-09-11,0 days 15:55:55.245783,61892,12.56,12.55,38306,23291,106,-1794
165,AMX,2020-09-11,0 days 15:56:02.246136,60891,12.56,12.55,36633,22127,-1001,106
166,AMX,2020-09-11,0 days 15:57:45.247544,63323,12.56,12.55,38225,24466,2339,-461
167,AMX,2020-09-11,0 days 15:57:46.246488,61562,12.56,12.55,36725,25766,-1761,2339
168,AMX,2020-09-11,0 days 15:59:02.250751,63523,12.55,12.54,52758,26569,3718,-1626
169,AMX,2020-09-11,0 days 15:59:10.251677,55108,12.54,12.53,49383,28352,-8215,4785
170,AMX,2020-09-11,0 days 15:59:36.251622,64081,12.54,12.53,69581,45026,788,-1112
171,AMX,2020-09-11,0 days 15:59:37.251855,63969,12.54,12.53,51515,46026,-112,788
172,ANF,2020-09-11,0 days 15:56:32.681689,77699,14.26,14.25,4403,3282,-850,250
173,ANF,2020-09-11,0 days 15:58:04.686458,79078,14.27,14.26,6899,6887,2635,-379
174,ANF,2020-09-11,0 days 15:58:51.688037,87913,14.27,14.26,6969,4821,-775,1405
175,AR,2020-09-11,0 days 15:55:00.238681,118623,2.72,2.71,35489,57075,3262,-4272
176,AR,2020-09-11,0 days 15:58:12.247893,132446,2.71,2.7,119965,60568,-22203,32968
177,AR,2020-09-11,0 days 15:58:13.248195,128449,2.71,2.7,119965,59953,3997,-22203
178,AR,2020-09-11,0 days 15:59:07.253374,134658,2.72,2.71,65302,98584,-5433,5849
179,AR,2020-09-11,0 days 15:59:08.251255,132491,2.72,2.71,65860,97184,2167,-5433
180,AR,2020-09-11,0 days 15:59:38.251396,161426,2.72,2.71,128943,59335,-46675,2525
181,AR,2020-09-11,0 days 15:59:39.250657,158901,2.72,2.71,125097,64505,2525,-46675
182,AR,2020-09-11,0 days 15:59:46.252889,161426,2.72,2.71,139954,41154,-3911,2425
183,AR,2020-09-11,0 days 15:59:47.251303,159237,2.72,2.71,138925,39639,2189,-3911
184,ARMK,2020-09-11,0 days 15:57:37.240000,138826,27.47,27.46,2463,807,149,-751
185,ARMK,2020-09-11,0 days 15:57:38.239730,136075,27.47,27.46,1607,1307,-2751,149
186,ARMK,2020-09-11,0 days 15:57:40.239227,138826,27.47,27.46,3134,707,449,-2726
187,ARMK,2020-09-11,0 days 15:57:41.239368,137675,27.47,27.46,2934,707,-1126,449
188,ARMK,2020-09-11,0 days 15:59:03.244406,139564,27.51,27.5,682,3881,8484,-2712
189,ARMK,2020-09-11,0 days 15:59:04.244251,137048,27.52,27.51,2360,200,-2442,8484
190,ARMK,2020-09-11,0 days 15:59:05.244691,139564,27.51,27.5,1088,2882,4923,-2442
191,ARMK,2020-09-11,0 days 15:59:06.244520,139176,27.51,27.5,891,2982,-314,4923
192,ASB,2020-09-11,0 days 15:58:48.199397,87550,13.19,13.18,12293,18188,-472,1328
193,ASB,2020-09-11,0 days 15:58:49.199138,86322,13.19,13.18,11593,18755,1228,-472
194,ASB,2020-09-11,0 days 15:59:37.199067,87375,13.19,13.18,17166,7778,474,-826
195,ASB,2020-09-11,0 days 15:59:46.201608,87849,13.19,13.18,8133,10705,-1326,474
196,ASB,2020-09-11,0 days 15:59:47.199630,87475,13.19,13.18,6622,13407,374,-1326
197,ATUS,2020-09-11,0 days 15:55:00.677268,461451,26.07,26.06,3489,6656,30067,-161962
198,ATUS,2020-09-11,0 days 15:55:01.677731,456418,26.08,26.07,6080,4700,-5033,30067
199,ATUS,2020-09-11,0 days 15:59:22.679385,550545,26.12,26.11,5189,10537,-1286,10614
200,ATUS,2020-09-11,0 days 15:59:34.677540,558431,26.13,26.12,10748,14416,7916,-946
201,ATUS,2020-09-11,0 days 15:59:35.677414,551647,26.13,26.12,10445,14613,-6784,7916
202,AU,2020-09-11,0 days 15:55:00.239091,72643,28.8,28.79,1300,2000,-1189,3138
203,AU,2020-09-11,0 days 15:59:14.251146,85310,28.85,28.84,1490,1425,30580,-2685
204,AUY,2020-09-11,0 days 15:59:36.244858,213846,6.02,6.01,272284,427986,-25749,30251
205,AUY,2020-09-11,0 days 15:59:37.245826,212295,6.02,6.01,273584,424601,1551,-25749
206,AUY,2020-09-11,0 days 15:59:46.246563,213846,6.02,6.01,276766,420996,-449,1551
207,AUY,2020-09-11,0 days 15:59:48.247188,212395,6.02,6.01,323466,398537,1451,-449
208,AVTR,2020-09-11,0 days 15:55:00.959088,146757,21.49,21.48,2947,2892,34243,-36018
209,AVTR,2020-09-11,0 days 15:55:01.955360,144700,21.49,21.48,2181,3593,-2057,34243
210,AVTR,2020-09-11,0 days 15:55:15.955237,146757,21.49,21.48,601,3104,2343,-2057
211,AVTR,2020-09-11,0 days 15:57:34.959876,174801,21.51,21.5,4150,4159,616,-684
212,AVTR,2020-09-11,0 days 15:57:35.959959,173317,21.51,21.5,5150,4059,-1084,616
213,AXP,2020-09-11,0 days 15:59:02.234599,266026,103.49,103.47,110,300,-732,4629
214,AXP,2020-09-11,0 days 15:59:04.235030,262831,103.48,103.45,1200,500,3195,-13405
215,AXP,2020-09-11,0 days 15:59:07.237840,268134,103.46,103.44,500,160,-6866,2005
216,AXP,2020-09-11,0 days 15:59:08.235780,266293,103.45,103.44,300,100,1841,-6866
217,AXP,2020-09-11,0 days 15:59:27.235565,266734,103.51,103.49,812,575,-683,778
218,AXP,2020-09-11,0 days 15:59:35.235296,267396,103.47,103.46,1106,200,1801,-662
219,AXP,2020-09-11,0 days 15:59:47.236605,264276,103.53,103.5,1725,1702,21,-2279
220,AXTA,2020-09-11,0 days 15:55:31.244365,110154,23.17,23.16,3600,2796,1475,-2289
221,AXTA,2020-09-11,0 days 15:55:32.244457,109829,23.17,23.16,4000,2809,-325,1475
222,AXTA,2020-09-11,0 days 15:55:44.245699,110157,23.16,23.15,5102,3586,788,-328
223,AXTA,2020-09-11,0 days 15:59:01.251231,124267,23.16,23.15,5958,11824,-1301,3199
224,AZEK,2020-09-11,0 days 15:52:27.958463,238389,33.97,33.79,1646,200,806110,-576968
225,AZEK,2020-09-11,0 days 15:52:28.958613,1037299,33.97,33.87,800,400,-574868,806110
226,AZEK,2020-09-11,0 days 15:55:00.959308,1650103,33.99,33.97,700,100,107369,-576968
227,AZEK,2020-09-11,0 days 15:56:09.958126,1652176,34.06,34.02,3405,2700,9211,-850
228,AZEK,2020-09-11,0 days 15:57:08.959093,1652188,34.18,34.16,2398,538,-888,5412
229,AZEK,2020-09-11,0 days 15:57:10.959494,1656260,34.17,34.16,4456,738,28,-488
230,AZEK,2020-09-11,0 days 15:57:11.959444,1655488,34.17,34.16,6821,907,-772,28
231,AZEK,2020-09-11,0 days 15:57:45.961384,1684788,34.13,34.12,2979,1390,-3955,1945
232,AZEK,2020-09-11,0 days 15:57:46.961824,1688743,34.12,34.1,400,4300,13745,-3955
233,AZEK,2020-09-11,0 days 15:57:47.961955,1684788,34.12,34.1,1600,4300,-3955,13745
234,AZEK,2020-09-11,0 days 15:58:24.964108,1680988,34.06,34.04,300,2023,-2646,1754
235,AZEK,2020-09-11,0 days 15:59:42.966837,1695688,34.2,34.05,600,6751,-12082,3914
236,AZN,2020-09-11,0 days 15:57:35.245867,79410,53.72,53.71,6456,4378,237,-263
237,AZN,2020-09-11,0 days 15:57:36.246232,78547,53.72,53.71,5233,6178,-863,237
238,AZN,2020-09-11,0 days 15:57:55.247129,79410,53.72,53.71,7249,3342,337,-763
239,AZN,2020-09-11,0 days 15:57:56.247284,78647,53.72,53.71,8079,2301,-763,337
240,AZN,2020-09-11,0 days 15:59:16.250120,79205,53.72,53.71,4850,1263,-378,194
241,AZN,2020-09-11,0 days 15:59:19.251142,79583,53.72,53.71,3053,5099,208,-378
242,AZN,2020-09-11,0 days 15:59:46.253730,86454,53.72,53.71,5216,4502,-1259,4390
243,AZN,2020-09-11,0 days 15:59:47.252712,85913,53.72,53.71,2706,6545,541,-1259
244,AZUL,2020-09-11,0 days 15:59:45.922854,126257,15.0,14.99,3600,23429,2121,-1700
245,AZUL,2020-09-11,0 days 15:59:46.922963,124678,15.0,14.99,3728,24729,-2045,2121
246,BABA,2020-09-11,0 days 15:59:17.251315,310378,271.01,270.97,500,100,4904,-4040
247,BABA,2020-09-11,0 days 15:59:18.251715,307444,271.05,271.0,273,200,-3390,4904
248,BABA,2020-09-11,0 days 15:59:20.251200,310834,271.17,271.15,816,200,27232,-2863
249,BABA,2020-09-11,0 days 15:59:21.250825,324952,271.23,271.18,489,600,-31614,27232
250,BABA,2020-09-11,0 days 15:59:22.251400,324366,271.14,271.13,170,200,2720,-31614
251,BABA,2020-09-11,0 days 15:59:23.249673,325647,271.2,271.14,300,784,-763,2720
252,BABA,2020-09-11,0 days 15:59:24.249811,324966,271.23,271.18,100,283,3131,-763
253,BABA,2020-09-11,0 days 15:59:32.250525,326653,271.45,271.37,200,1810,-11417,1505
254,BABA,2020-09-11,0 days 15:59:47.250776,335492,271.5,271.47,652,700,1478,-4462
255,BABA,2020-09-11,0 days 15:59:58.250636,341587,271.62,271.42,2473,300,-5743,4411
256,BABA,2020-09-11,0 days 15:59:59.248317,337101,271.62,271.41,2461,1902,9286,-5743
257,BABA,2020-09-11,0 days 16:00:00.248851,341887,271.62,271.61,8809,9429,-5406,9286
258,BAC,2020-09-11,0 days 15:59:15.250608,2309731,25.5,25.49,129738,65287,-13841,113520
259,BAC,2020-09-11,0 days 15:59:16.250194,2287072,25.49,25.48,129218,99266,22659,-13841
260,BAC,2020-09-11,0 days 15:59:37.251855,2395167,25.51,25.5,115019,76194,14203,-49284
261,BAM,2020-09-11,0 days 15:59:02.244554,23931,33.0,32.99,2113,2245,80,-687
262,BAM,2020-09-11,0 days 15:59:46.246989,24231,33.02,33.01,4406,2067,2279,-21
263,BAM,2020-09-11,0 days 15:59:47.245879,24110,33.02,33.01,4306,11870,-121,2279
264,BAX,2020-09-11,0 days 15:56:02.916578,443535,83.14,83.13,1803,219,-2300,685
265,BAX,2020-09-11,0 days 15:56:03.916874,441535,83.11,83.08,1078,500,2000,-2300
266,BAX,2020-09-11,0 days 15:56:29.916713,446804,83.16,83.14,1085,720,-412,1788
267,BAX,2020-09-11,0 days 15:56:44.918755,447416,83.14,83.13,798,401,534,-517
268,BAX,2020-09-11,0 days 15:56:45.918062,446950,83.14,83.13,880,620,-466,534
269,BAX,2020-09-11,0 days 15:57:09.916871,447416,83.15,83.14,1928,200,367,-1549
270,BAX,2020-09-11,0 days 15:57:10.916739,447118,83.15,83.14,1723,200,-303,367
271,BAX,2020-09-11,0 days 15:57:38.918179,452980,83.11,83.09,1528,300,3038,-962
272,BAX,2020-09-11,0 days 15:57:40.917836,452018,83.11,83.09,1819,321,-962,1038
273,BAX,2020-09-11,0 days 15:57:41.918001,452980,83.11,83.09,1819,321,4738,-962
274,BAX,2020-09-11,0 days 15:57:43.917770,452192,83.1,83.08,586,700,-788,1838
275,BAX,2020-09-11,0 days 15:57:45.918438,452980,83.1,83.08,1256,600,4538,-1888
276,BAX,2020-09-11,0 days 15:57:48.917776,452251,83.11,83.1,1424,437,-729,1697
277,BAX,2020-09-11,0 days 15:57:55.918524,453049,83.1,83.08,1203,275,1002,-898
278,BAX,2020-09-11,0 days 15:57:57.918525,452351,83.1,83.08,970,100,-698,1902
279,BAX,2020-09-11,0 days 15:58:05.922030,453249,83.14,83.12,220,400,1778,-1148
280,BAX,2020-09-11,0 days 15:58:06.921754,450327,83.14,83.13,133,1009,-2922,1778
281,BAX,2020-09-11,0 days 15:58:14.927079,458268,83.14,83.13,800,300,1123,-1780
282,BAX,2020-09-11,0 days 15:59:11.924854,463040,83.12,83.11,549,867,-84,2616
283,BAX,2020-09-11,0 days 15:59:38.922111,465147,83.13,83.12,1200,850,5380,-720
284,BAX,2020-09-11,0 days 15:59:48.924135,465347,83.14,83.12,1000,500,10580,-43
285,BB,2020-09-11,0 days 15:57:09.959171,33855,4.74,4.73,165122,94939,1758,-4846
286,BB,2020-09-11,0 days 15:59:15.965815,38597,4.74,4.73,85655,205047,-610,5671
287,BB,2020-09-11,0 days 15:59:28.965991,39284,4.74,4.73,82488,209064,2984,-687
288,BBD,2020-09-11,0 days 15:59:03.201632,441912,3.83,3.82,935438,257404,2778,-8522
289,BBD,2020-09-11,0 days 15:59:04.201797,304690,3.83,3.82,926872,264404,-137222,2778
290,BBD,2020-09-11,0 days 15:59:36.199270,519364,3.82,3.81,932841,533927,46898,-55102
291,BBD,2020-09-11,0 days 15:59:37.199081,516562,3.82,3.81,917260,535727,-2802,46898
292,BBD,2020-09-11,0 days 15:59:46.201619,519364,3.82,3.81,876877,550536,10098,-802
293,BBD,2020-09-11,0 days 15:59:47.199630,517162,3.82,3.81,870677,554336,-2202,10098
294,BBL,2020-09-11,0 days 15:55:21.914776,13797,44.54,44.53,1338,6442,-2486,414
295,BBL,2020-09-11,0 days 15:55:22.914257,13383,44.54,44.53,1838,6529,414,-2486
296,BBL,2020-09-11,0 days 15:59:01.923843,13401,44.53,44.52,3132,9175,-1326,483
297,BBL,2020-09-11,0 days 15:59:02.922982,12927,44.53,44.52,3432,4907,624,-1326
298,BBVA,2020-09-11,0 days 15:59:35.966729,33253,2.87,2.86,476818,57621,-211,1589
299,BBY,2020-09-11,0 days 15:55:00.915658,116637,106.99,106.95,301,300,30808,-30692
300,BBY,2020-09-11,0 days 15:55:46.916139,123775,106.99,106.96,499,400,-179,104
301,BBY,2020-09-11,0 days 15:55:52.916130,137454,106.97,106.94,208,501,2383,-214
302,BBY,2020-09-11,0 days 15:58:27.923010,148307,107.12,107.09,585,6128,-677,1323
303,BBY,2020-09-11,0 days 15:58:28.921316,146384,107.12,107.09,885,4623,1923,-677
304,BBY,2020-09-11,0 days 15:58:41.921928,144907,107.14,107.11,300,100,-2517,883
305,BBY,2020-09-11,0 days 15:58:42.921277,143424,107.14,107.11,300,100,1483,-2517
306,BBY,2020-09-11,0 days 15:59:07.923193,153332,107.11,107.09,160,987,-567,5102
307,BBY,2020-09-11,0 days 15:59:08.924437,151765,107.1,107.05,500,100,1567,-567
308,BBY,2020-09-11,0 days 15:59:11.924774,155731,107.07,107.04,123,300,-2170,4535
309,BBY,2020-09-11,0 days 15:59:12.924283,154701,107.1,107.06,500,400,1030,-2170
310,BBY,2020-09-11,0 days 15:59:21.921029,154801,107.12,107.07,471,522,1099,-2162
311,BBY,2020-09-11,0 days 15:59:23.921165,155900,107.12,107.07,300,400,-2401,4604
312,BBY,2020-09-11,0 days 15:59:24.921022,155001,107.12,107.07,401,200,899,-2401
313,BBY,2020-09-11,0 days 15:59:34.921777,162127,107.08,107.05,954,720,-1874,10731
314,BBY,2020-09-11,0 days 15:59:35.921185,160701,107.09,107.05,200,208,4931,-1874
315,BBY,2020-09-11,0 days 15:59:42.922636,162122,107.12,107.07,200,839,-4246,998
316,BBY,2020-09-11,0 days 15:59:43.921695,156522,107.12,107.07,200,739,5600,-4246
317,BBY,2020-09-11,0 days 15:59:50.925558,160568,107.11,107.04,300,100,2455,-1145
318,BBY,2020-09-11,0 days 15:59:55.922669,159623,107.14,107.03,211,2700,-1108,2455
319,BBY,2020-09-11,0 days 15:59:59.916191,155622,107.15,107.04,8370,3900,10906,-1147
320,BBY,2020-09-11,0 days 16:00:00.912439,159623,107.15,107.04,15870,2100,-1147,10906
321,BCS,2020-09-11,0 days 15:59:36.235426,109215,5.25,5.24,356362,236190,-42241,49659
322,BCS,2020-09-11,0 days 15:59:37.236404,106656,5.25,5.24,356362,203490,2559,-42241
323,BCS,2020-09-11,0 days 15:59:47.236552,109215,5.25,5.24,332072,242322,-11575,2559
324,BCS,2020-09-11,0 days 15:59:48.237892,106890,5.25,5.24,358972,227169,2325,-11575
325,BDX,2020-09-11,0 days 15:58:06.247647,89046,235.89,235.81,100,220,-139,661
326,BDX,2020-09-11,0 days 15:58:07.249876,86485,235.88,235.82,125,100,2561,-139
327,BDX,2020-09-11,0 days 15:59:07.253598,90232,235.87,235.73,100,300,-2321,1466
328,BDX,2020-09-11,0 days 15:59:08.251481,89263,235.86,235.76,219,400,669,-2321
329,BDX,2020-09-11,0 days 15:59:10.251475,90994,235.86,235.79,216,100,-2341,1381
330,BDX,2020-09-11,0 days 15:59:11.251772,90235,235.86,235.79,119,691,759,-2341
331,BDX,2020-09-11,0 days 15:59:24.251560,90762,235.88,235.79,100,110,547,-443
332,BDX,2020-09-11,0 days 15:59:48.252537,88910,236.04,236.0,500,100,2671,-1624
333,BE,2020-09-11,0 days 15:59:20.252368,140551,13.5,13.49,1400,5411,17005,-4045
334,BE,2020-09-11,0 days 15:59:21.251174,138856,13.5,13.49,1245,4697,-1695,17005
335,BE,2020-09-11,0 days 15:59:47.251195,140113,13.5,13.49,1472,13570,-438,1462
336,BEN,2020-09-11,0 days 15:55:00.677463,143863,20.26,20.25,1303,5805,-873,6360
337,BEN,2020-09-11,0 days 15:55:17.680298,144736,20.24,20.23,15629,1272,3788,-873
338,BEN,2020-09-11,0 days 15:55:43.680263,148641,20.23,20.22,2901,11840,-34,695
339,BEN,2020-09-11,0 days 15:55:48.681094,149174,20.23,20.22,13857,2100,879,-533
340,BEN,2020-09-11,0 days 15:56:30.681127,155053,20.22,20.21,10267,4111,-515,285
341,BEN,2020-09-11,0 days 15:57:15.684895,155568,20.21,20.2,8648,8614,1488,-512
342,BEN,2020-09-11,0 days 15:57:16.682848,155056,20.21,20.2,7869,9214,-512,1488
343,BEN,2020-09-11,0 days 15:57:43.685444,155568,20.21,20.2,15022,7391,407,-493
344,BEN,2020-09-11,0 days 15:57:44.685146,155075,20.21,20.2,14936,7674,-493,407
345,BEN,2020-09-11,0 days 15:58:00.687150,157703,20.2,20.19,13630,5296,-6239,2061
346,BEN,2020-09-11,0 days 15:58:01.686918,153042,20.2,20.19,11893,8533,4661,-6239
347,BEN,2020-09-11,0 days 15:58:22.686953,153933,20.21,20.2,20477,4001,3713,-3687
348,BEN,2020-09-11,0 days 15:58:23.687223,150246,20.21,20.2,5347,9401,-3687,3713
349,BEN,2020-09-11,0 days 15:58:58.689181,154154,20.22,20.21,17762,844,7126,-3908
350,BEN,2020-09-11,0 days 15:58:59.688924,161280,20.22,20.21,16094,3373,-5074,7126
351,BEN,2020-09-11,0 days 15:59:00.689831,160554,20.22,20.21,18869,2980,726,-5074
352,BEN,2020-09-11,0 days 15:59:08.689910,163582,20.21,20.2,6829,11451,-2260,1203
353,BEN,2020-09-11,0 days 15:59:09.689777,163142,20.21,20.2,13485,4508,3550,-2260
354,BEN,2020-09-11,0 days 15:59:22.679514,166692,20.22,20.21,3486,14332,-4377,653
355,BEN,2020-09-11,0 days 15:59:36.677490,172761,20.22,20.21,10950,13040,-561,6292
356,BGS,2020-09-11,0 days 15:57:47.246319,69509,26.47,26.46,1886,1799,-1533,405
357,BGS,2020-09-11,0 days 15:57:48.246120,68042,26.47,26.46,1886,1894,1305,-1533
358,BHC,2020-09-11,0 days 15:55:55.247853,72560,15.42,15.41,16810,646,34,-1866
359,BHC,2020-09-11,0 days 15:56:10.247795,68680,15.41,15.4,11934,17294,-3880,34
360,BHC,2020-09-11,0 days 15:57:43.249926,72826,15.4,15.39,12051,31152,354,-946
361,BHC,2020-09-11,0 days 15:57:44.251390,69280,15.4,15.39,13151,31152,-3546,354
362,BHC,2020-09-11,0 days 15:59:13.253260,74085,15.41,15.4,9627,19733,1910,-4990
363,BHC,2020-09-11,0 days 15:59:14.253531,72695,15.41,15.4,10079,19833,-1390,1910
364,BHC,2020-09-11,0 days 15:59:21.251397,74085,15.41,15.4,8862,22902,1182,-501
365,BHC,2020-09-11,0 days 15:59:23.250830,73187,15.41,15.4,9262,21102,-898,702
366,BHC,2020-09-11,0 days 15:59:46.252663,74085,15.41,15.4,18194,22836,6000,-898
367,BHP,2020-09-11,0 days 15:56:03.681358,23664,54.23,54.22,4600,481,-520,170
368,BHP,2020-09-11,0 days 15:56:04.681500,23284,54.22,54.21,3635,1004,380,-520
369,BHP,2020-09-11,0 days 15:59:01.689436,23327,54.26,54.25,3342,7292,-74,926
370,BHP,2020-09-11,0 days 15:59:45.679540,23938,54.23,54.22,594,5389,-400,371
371,BHP,2020-09-11,0 days 15:59:46.684120,24338,54.23,54.22,444,9185,300,-400
372,BHP,2020-09-11,0 days 15:59:50.680042,23938,54.21,54.2,3745,1280,-400,300
373,BILL,2020-09-11,0 days 15:57:06.248053,38006,90.03,90.0,238,200,8202,-1822
374,BILL,2020-09-11,0 days 15:57:07.247923,36468,90.07,90.02,445,300,-1538,8202
375,BILL,2020-09-11,0 days 15:59:02.253113,39501,90.08,90.01,1213,549,118,-308
376,BILL,2020-09-11,0 days 15:59:08.254009,39783,90.07,90.0,636,221,36,-682
377,BILL,2020-09-11,0 days 15:59:13.253143,39819,90.07,90.01,659,200,-213,36
378,BILL,2020-09-11,0 days 15:59:21.251097,40362,90.11,90.03,200,200,2845,-901
379,BILL,2020-09-11,0 days 15:59:22.251706,39807,90.11,90.03,640,400,-225,2845
380,BILL,2020-09-11,0 days 15:59:46.252401,39286,89.82,89.64,1094,818,1342,-556
381,BILL,2020-09-11,0 days 15:59:47.251161,38928,89.82,89.64,1194,1439,-358,1342
382,BK,2020-09-11,0 days 15:55:49.246722,289980,36.05,36.04,4704,5554,-2709,929
383,BK,2020-09-11,0 days 15:55:50.247178,292689,36.04,36.03,2110,5300,6523,-2709
384,BK,2020-09-11,0 days 15:57:34.250108,299630,36.05,36.04,6367,4275,-1510,490
385,BK,2020-09-11,0 days 15:58:31.253120,306251,36.04,36.03,7865,350,789,-811
386,BK,2020-09-11,0 days 15:58:32.252918,305640,36.03,36.02,301,12590,-611,789
387,BK,2020-09-11,0 days 15:59:02.253113,309354,36.03,36.02,4364,5778,2077,-2024
388,BK,2020-09-11,0 days 15:59:03.253813,308631,36.03,36.02,3829,6578,-723,2077
389,BK,2020-09-11,0 days 15:59:04.253696,309354,36.04,36.03,6266,1400,27456,-723
390,BK,2020-09-11,0 days 15:59:37.252394,336341,36.03,36.02,4676,8462,6869,-1138
391,BKR,2020-09-11,0 days 15:58:44.234554,699353,13.95,13.94,10200,18158,26231,-2969
392,BKR,2020-09-11,0 days 15:59:28.235299,779736,13.93,13.92,7654,25427,-8730,23970
393,BKR,2020-09-11,0 days 15:59:29.235180,759866,13.93,13.92,7068,25819,19870,-8730
394,BMY,2020-09-11,0 days 15:59:20.677333,1551027,59.08,59.07,8416,1946,-121445,228691
395,BMY,2020-09-11,0 days 15:59:45.679514,1749316,59.03,59.02,9487,5697,2530,-4990
396,BMY,2020-09-11,0 days 15:59:46.684053,1751846,59.03,59.02,7290,10018,-6079,2530
397,BP,2020-09-11,0 days 15:59:01.245127,65040,20.09,20.08,52186,51601,-23042,17618
398,BP,2020-09-11,0 days 15:59:02.244285,56682,20.09,20.08,55686,49707,8358,-23042
399,BP,2020-09-11,0 days 15:59:10.244935,65273,20.08,20.07,73320,18702,-3109,1191
400,BP,2020-09-11,0 days 15:59:11.245000,56482,20.08,20.07,75320,13302,8791,-3109
401,BP,2020-09-11,0 days 15:59:36.244940,74990,20.08,20.07,60482,58899,-8948,10552
402,BP,2020-09-11,0 days 15:59:37.245883,74438,20.08,20.07,64582,52399,552,-8948
403,BP,2020-09-11,0 days 15:59:46.246637,74990,20.08,20.07,58886,51303,-3486,452
404,BP,2020-09-11,0 days 15:59:47.245726,74576,20.08,20.07,60986,51003,414,-3486
405,BRFS,2020-09-11,0 days 15:59:36.244858,35943,3.8,3.79,101268,157522,6750,-8050
406,BRFS,2020-09-11,0 days 15:59:37.245826,35493,3.8,3.79,97968,173733,-450,6750
407,BRK.B,2020-09-11,0 days 15:57:37.960865,339829,218.06,218.02,519,200,-924,5626
408,BRK.B,2020-09-11,0 days 15:57:39.960659,334280,217.98,217.91,100,300,6026,-524
409,BRK.B,2020-09-11,0 days 15:59:30.965345,407023,217.91,217.86,100,123,-20608,29917
410,BRK.B,2020-09-11,0 days 15:59:31.966313,404952,217.86,217.81,526,200,52117,-20608
411,BRK.B,2020-09-11,0 days 15:59:33.965768,407023,217.96,217.88,600,328,-20608,29968
412,BRK.B,2020-09-11,0 days 15:59:34.966334,406206,217.96,217.88,605,394,817,-20608
413,BRK.B,2020-09-11,0 days 15:59:36.966143,400833,217.96,217.89,680,318,-12642,717
414,BRK.B,2020-09-11,0 days 15:59:37.966231,393306,217.96,217.89,680,388,13717,-12642
415,BRK.B,2020-09-11,0 days 15:59:42.966724,400834,217.95,217.91,479,329,-12491,868
416,BRK.B,2020-09-11,0 days 15:59:48.968346,394121,217.99,217.96,500,192,8088,-48102
417,BRX,2020-09-11,0 days 15:55:00.678253,104079,12.0,11.99,12254,5568,3571,-26852
418,BRX,2020-09-11,0 days 15:55:01.677959,103350,12.0,11.99,14454,5568,-729,3571
419,BRX,2020-09-11,0 days 15:55:42.680176,104279,11.99,11.98,11719,8618,1371,-929
420,BRX,2020-09-11,0 days 15:55:43.680338,103750,11.99,11.98,11419,8818,-529,1371
421,BRX,2020-09-11,0 days 15:55:44.680336,104279,11.99,11.98,3943,12776,14271,-529
422,BRX,2020-09-11,0 days 15:59:27.677750,127068,11.98,11.97,31593,7200,-1060,60
423,BRX,2020-09-11,0 days 15:59:35.677587,128335,11.97,11.96,23204,18804,4523,-690
424,BRX,2020-09-11,0 days 15:59:47.678396,136346,11.97,11.96,12535,14028,-2587,537
425,BSX,2020-09-11,0 days 15:55:00.957882,817220,40.28,40.27,2454,4674,-11298,20781
426,BSX,2020-09-11,0 days 15:55:01.954221,809918,40.28,40.27,2244,5684,7302,-11298
427,BSX,2020-09-11,0 days 15:59:28.964598,887599,40.3,40.29,8443,3645,6941,-20559
428,BSX,2020-09-11,0 days 15:59:36.964800,898531,40.3,40.29,8714,6646,705,-8495
429,BTI,2020-09-11,0 days 15:55:39.235964,23314,34.06,34.05,5395,3017,-212,1388
430,BTI,2020-09-11,0 days 15:55:40.236402,22526,34.06,34.05,5929,1693,788,-212
431,BTI,2020-09-11,0 days 15:59:36.245061,20116,34.05,34.04,9546,7885,-769,148
432,BTI,2020-09-11,0 days 15:59:37.245989,20085,34.05,34.04,9846,7085,31,-769
433,BTI,2020-09-11,0 days 15:59:50.251383,19345,34.05,34.04,7286,5941,571,-29
434,BURL,2020-09-11,0 days 15:59:20.251827,36843,203.6,203.52,200,100,-458,251
435,BURL,2020-09-11,0 days 15:59:21.250351,37301,203.6,203.52,200,100,2088,-458
436,BURL,2020-09-11,0 days 15:59:46.253730,39389,203.63,203.51,566,513,-39,539
437,BURL,2020-09-11,0 days 15:59:49.252451,39428,203.57,203.43,662,700,21,-39
438,BWA,2020-09-11,0 days 15:59:29.250800,378050,42.39,42.38,2845,2652,-9669,4431
439,BWA,2020-09-11,0 days 15:59:43.251784,390219,42.42,42.41,3100,5453,213,-2323
440,BWA,2020-09-11,0 days 15:59:47.251088,388356,42.42,42.41,5300,183,-1863,10120
441,BX,2020-09-11,0 days 15:55:00.960469,79352,51.47,51.46,200,913,47473,-32240
442,BX,2020-09-11,0 days 15:55:01.955992,78525,51.48,51.47,1100,508,-827,47473
443,BX,2020-09-11,0 days 15:59:33.965926,107100,51.47,51.46,1426,938,-1263,437
444,C,2020-09-11,0 days 15:55:00.241244,1008766,51.02,51.01,6148,5298,-95452,49980
445,C,2020-09-11,0 days 15:59:49.252329,1213032,51.02,51.01,13213,3345,18825,-4064
446,C,2020-09-11,0 days 15:59:55.253072,1205457,51.02,51.01,1000,7700,-7575,18183
447,CAG,2020-09-11,0 days 15:56:02.247485,634286,34.49,34.48,2408,3906,1778,-6832
448,CAG,2020-09-11,0 days 15:56:03.247917,628164,34.49,34.48,5733,2801,-6122,1778
449,CAG,2020-09-11,0 days 15:57:35.249425,634988,34.49,34.48,3043,4170,1453,-4847
450,CAG,2020-09-11,0 days 15:57:36.249671,630741,34.49,34.48,1743,5101,-4247,1453
451,CAG,2020-09-11,0 days 15:58:13.251571,636924,34.51,34.5,4739,3474,1052,-7148
452,CAG,2020-09-11,0 days 15:58:14.250964,634076,34.51,34.5,4090,3305,-2848,1052
453,CAG,2020-09-11,0 days 15:58:26.252782,636924,34.51,34.5,8816,1845,952,-2948
454,CAG,2020-09-11,0 days 15:58:27.252859,634276,34.51,34.5,7916,2046,-2648,952
455,CAG,2020-09-11,0 days 15:58:29.252938,636924,34.51,34.5,10445,1128,1052,-2648
456,CAG,2020-09-11,0 days 15:58:30.252841,634076,34.51,34.5,10135,826,-2848,1052
457,CAG,2020-09-11,0 days 15:59:13.253106,639505,34.48,34.47,3928,8560,-2036,7164
458,CAG,2020-09-11,0 days 15:59:33.251352,646510,34.48,34.47,5532,9648,8441,-2859
459,CAG,2020-09-11,0 days 15:59:34.251135,644451,34.48,34.47,154,13289,-2059,8441
460,CAG,2020-09-11,0 days 15:59:46.252368,646510,34.49,34.48,9989,3498,5619,-736
461,CAG,2020-09-11,0 days 15:59:47.251119,645075,34.5,34.49,6771,1548,-1435,5619
462,CAH,2020-09-11,0 days 15:55:00.196463,134114,48.46,48.44,1451,308,-80,4798
463,CAH,2020-09-11,0 days 15:55:46.200254,135777,48.41,48.39,100,500,385,-1096
464,CAH,2020-09-11,0 days 15:55:47.199166,135765,48.41,48.4,637,222,-12,385
465,CAH,2020-09-11,0 days 15:56:32.200469,136692,48.37,48.36,660,100,1673,-727
466,CAH,2020-09-11,0 days 15:56:33.199756,136265,48.37,48.36,200,321,-427,1673
467,CAH,2020-09-11,0 days 15:57:39.195565,141092,48.37,48.35,5234,276,630,-570
468,CAH,2020-09-11,0 days 15:57:40.195581,140522,48.37,48.35,4935,276,-570,630
469,CAH,2020-09-11,0 days 15:57:42.195844,141092,48.37,48.35,5401,276,230,-570
470,CAH,2020-09-11,0 days 15:57:43.195879,140522,48.37,48.35,5043,376,-570,230
471,CAH,2020-09-11,0 days 15:57:59.197390,141055,48.36,48.35,944,200,-361,633
472,CAH,2020-09-11,0 days 15:58:02.198127,141416,48.37,48.35,5394,1387,133,-361
473,CAH,2020-09-11,0 days 15:58:03.197573,141055,48.37,48.36,4846,798,-361,133
474,CAH,2020-09-11,0 days 15:58:13.198043,147456,48.41,48.39,592,1323,124,-3976
475,CAH,2020-09-11,0 days 15:58:14.198072,146380,48.41,48.39,592,1323,-1076,124
476,CAH,2020-09-11,0 days 15:59:01.203703,147759,48.4,48.39,374,1154,1972,-1032
477,CAH,2020-09-11,0 days 15:59:02.200457,146970,48.4,48.39,600,1053,-859,1972
478,CAH,2020-09-11,0 days 15:59:21.199819,149788,48.37,48.36,382,250,6790,-1086
479,CAH,2020-09-11,0 days 15:59:22.199379,149221,48.39,48.37,500,399,-1267,6790
480,CAH,2020-09-11,0 days 15:59:35.198998,149402,48.37,48.36,460,287,-386,8
481,CAH,2020-09-11,0 days 15:59:36.199294,149788,48.37,48.36,534,405,193,-386
482,CAH,2020-09-11,0 days 15:59:37.199114,149781,48.37,48.36,100,1086,-7,193
483,CAH,2020-09-11,0 days 15:59:41.200106,149681,48.38,48.37,200,184,-107,493
484,CARR,2020-09-11,0 days 15:57:40.960912,442804,29.27,29.26,4363,3115,1377,-1223
485,CARR,2020-09-11,0 days 15:57:42.962002,439281,29.27,29.26,4262,3948,-3523,577
486,CARR,2020-09-11,0 days 15:57:53.962156,442804,29.28,29.27,1806,3174,477,-1023
487,CARR,2020-09-11,0 days 15:57:54.962371,441481,29.28,29.27,1906,2950,-1323,477
488,CARR,2020-09-11,0 days 15:57:58.962560,442804,29.28,29.27,2306,3303,77,-3623
489,CARR,2020-09-11,0 days 15:57:59.963508,441681,29.28,29.27,2506,3203,-1123,77
490,CARR,2020-09-11,0 days 15:58:18.964295,443269,29.28,29.27,1507,1682,-1171,2476
491,CARR,2020-09-11,0 days 15:58:19.964002,444440,29.28,29.27,4720,971,676,-1171
492,CARR,2020-09-11,0 days 15:58:20.964236,443269,29.28,29.27,7303,1272,-1171,676
493,CAT,2020-09-11,0 days 15:55:00.960046,229813,153.93,153.89,246,420,-22632,29729
494,CAT,2020-09-11,0 days 15:55:01.955729,227645,153.91,153.88,463,160,2168,-22632
495,CAT,2020-09-11,0 days 15:56:12.958242,271521,153.8,153.76,400,200,-1881,134
496,CAT,2020-09-11,0 days 15:56:13.958517,265675,153.8,153.76,200,375,5846,-1881
497,CAT,2020-09-11,0 days 15:57:41.961163,282202,153.92,153.9,100,202,-310,890
498,CAT,2020-09-11,0 days 15:57:42.961992,275012,153.92,153.89,300,596,7190,-310
499,CAT,2020-09-11,0 days 15:57:48.961743,282202,153.89,153.83,405,1812,-10,890
500,CAT,2020-09-11,0 days 15:57:49.961873,278312,153.89,153.83,445,1812,3890,-10
501,CAT,2020-09-11,0 days 15:58:17.964239,281239,153.88,153.82,572,200,-3967,1133
502,CAT,2020-09-11,0 days 15:58:18.964295,277806,153.88,153.82,540,100,3433,-3967
503,CAT,2020-09-11,0 days 15:58:24.964202,281717,153.85,153.81,100,200,-1643,6076
504,CAT,2020-09-11,0 days 15:58:25.964033,278060,153.84,153.8,100,320,3657,-1643
505,CAT,2020-09-11,0 days 15:58:41.965171,278425,153.93,153.86,200,1969,3292,-1208
506,CAT,2020-09-11,0 days 15:59:05.967826,283611,153.83,153.79,300,400,-470,7587
507,CAT,2020-09-11,0 days 15:59:06.966383,277979,153.83,153.77,554,200,5632,-470
508,CAT,2020-09-11,0 days 15:59:07.966524,283611,153.81,153.76,400,400,-8983,5632
509,CAT,2020-09-11,0 days 15:59:08.967799,282072,153.79,153.73,920,108,2568,-8983
510,CAT,2020-09-11,0 days 15:59:20.965798,283968,153.86,153.82,200,300,772,-3267
511,CAT,2020-09-11,0 days 15:59:24.966114,284740,153.87,153.81,500,300,-2093,772
512,CAT,2020-09-11,0 days 15:59:25.966101,283833,153.9,153.81,100,1962,907,-2093
513,CAT,2020-09-11,0 days 15:59:33.965914,284740,153.85,153.81,220,532,-7363,6178
514,CAT,2020-09-11,0 days 15:59:34.966521,284103,153.85,153.81,246,1551,637,-7363
515,CAT,2020-09-11,0 days 15:59:35.966844,284740,153.87,153.82,532,216,-2474,637
516,CAT,2020-09-11,0 days 15:59:38.966775,282049,153.84,153.81,520,329,2691,-174
517,CAT,2020-09-11,0 days 15:59:40.967128,284528,153.94,153.9,400,301,-12300,7491
518,CAT,2020-09-11,0 days 15:59:48.968758,278856,153.79,153.75,1122,200,5890,-4531
519,CAT,2020-09-11,0 days 15:59:57.967824,284746,153.88,153.81,3200,1200,-14189,1190
520,CCL,2020-09-11,0 days 15:55:00.916104,331046,17.66,17.65,17194,12880,-27512,46332
521,CCL,2020-09-11,0 days 15:55:02.912046,323258,17.66,17.65,18582,15080,7788,-20712
522,CCL,2020-09-11,0 days 15:57:23.916649,347569,17.66,17.65,13643,23827,-846,354
523,CCL,2020-09-11,0 days 15:57:24.919017,339715,17.66,17.65,17873,16727,7854,-846
524,CCL,2020-09-11,0 days 15:59:12.924399,355701,17.68,17.67,47079,211125,-84,7751
525,CCL,2020-09-11,0 days 15:59:16.920410,350849,17.68,17.67,34821,214613,4852,-8148
526,CDE,2020-09-11,0 days 15:57:42.245710,143168,7.67,7.66,22565,40185,-430,570
527,CDE,2020-09-11,0 days 15:59:41.251730,161743,7.67,7.66,50006,13699,569,-685
528,CDE,2020-09-11,0 days 15:59:48.252551,161312,7.67,7.66,47098,16616,-622,378
529,CFG,2020-09-11,0 days 15:59:05.923641,525688,27.06,27.05,6482,5833,-17660,8576
530,CFG,2020-09-11,0 days 15:59:15.921046,535324,27.06,27.05,13868,3566,-77892,4962
531,CFG,2020-09-11,0 days 15:59:26.922206,524605,27.06,27.05,5541,7833,1083,-4817
532,CGC,2020-09-11,0 days 15:56:13.246297,23797,16.18,16.17,441,2360,-934,366
533,CGC,2020-09-11,0 days 15:56:14.245653,23131,16.18,16.17,441,2360,666,-934
534,CGC,2020-09-11,0 days 15:59:12.251354,23594,16.17,16.16,1175,3381,370,-810
535,CGC,2020-09-11,0 days 15:59:18.250773,24004,16.17,16.15,2194,5580,-48,232
536,CGC,2020-09-11,0 days 15:59:39.252734,20152,16.17,16.15,2788,4855,3832,-48
537,CHGG,2020-09-11,0 days 15:57:52.196545,523030,65.59,65.57,559,150,2593,-2307
538,CHGG,2020-09-11,0 days 15:57:53.196501,520723,65.59,65.57,559,150,-2307,2593
539,CHGG,2020-09-11,0 days 15:58:04.197738,519015,65.63,65.59,878,284,2608,-1492
540,CHGG,2020-09-11,0 days 15:58:05.198916,517123,65.63,65.59,878,284,-1892,2608
541,CHGG,2020-09-11,0 days 15:58:06.197843,519015,65.63,65.6,256,918,1408,-1892
542,CHGG,2020-09-11,0 days 15:58:07.200360,517123,65.63,65.6,356,918,-1892,1408
543,CHGG,2020-09-11,0 days 15:58:09.197737,519015,65.63,65.6,356,1118,1308,-1892
544,CHGG,2020-09-11,0 days 15:58:11.198333,512423,65.64,65.62,410,385,-6592,1708
545,CHGG,2020-09-11,0 days 15:58:15.198403,519015,65.64,65.6,720,403,1208,-1992
546,CHGG,2020-09-11,0 days 15:58:17.198747,517023,65.62,65.6,100,203,-1992,2508
547,CHGG,2020-09-11,0 days 15:58:25.198817,519015,65.62,65.59,100,317,2693,-807
548,CHGG,2020-09-11,0 days 15:58:26.198517,517108,65.62,65.59,200,517,-1907,2693
549,CHGG,2020-09-11,0 days 15:58:29.198724,519015,65.62,65.58,200,420,1293,-1907
550,CHGG,2020-09-11,0 days 15:58:30.198946,517108,65.61,65.58,400,220,-1907,1293
551,CHGG,2020-09-11,0 days 15:58:54.199751,518979,65.62,65.59,345,100,6429,-3196
552,CHGG,2020-09-11,0 days 15:58:55.201491,516808,65.62,65.59,323,319,-2171,6429
553,CHGG,2020-09-11,0 days 15:59:18.200824,521357,65.6,65.56,346,100,7640,-1985
554,CHGG,2020-09-11,0 days 15:59:19.199326,521393,65.61,65.58,100,721,-728,7640
555,CHGG,2020-09-11,0 days 15:59:34.199264,531746,65.61,65.59,379,2483,12748,-1453
556,CHGG,2020-09-11,0 days 15:59:54.200913,527402,65.62,65.59,2358,2197,-4818,5806
557,CHWY,2020-09-11,0 days 15:52:35.244881,41200,53.77,53.75,400,2961,-12718,7453
558,CHWY,2020-09-11,0 days 15:52:36.244789,33247,53.76,53.75,658,2822,7453,-12718
559,CHWY,2020-09-11,0 days 15:52:39.245917,41200,53.78,53.76,100,100,-12718,7453
560,CHWY,2020-09-11,0 days 15:53:03.246768,41200,53.6,53.58,737,601,-10518,9653
561,CHWY,2020-09-11,0 days 15:53:04.245799,31047,53.62,53.59,300,500,9653,-10518
562,CHWY,2020-09-11,0 days 15:53:08.245046,41200,53.77,53.73,500,801,-12718,9653
563,CHWY,2020-09-11,0 days 15:53:24.246920,41200,53.7,53.65,100,562,-10518,9653
564,CHWY,2020-09-11,0 days 15:53:26.245589,31047,53.8,53.69,505,562,9653,-10518
565,CHWY,2020-09-11,0 days 15:53:31.245639,31047,53.77,53.67,1192,462,9653,-10518
566,CHWY,2020-09-11,0 days 15:53:40.245706,41200,53.74,53.71,200,300,-10518,9653
567,CHWY,2020-09-11,0 days 15:53:45.246772,33247,53.79,53.75,400,2093,7453,-10518
568,CHWY,2020-09-11,0 days 15:53:47.246225,41200,53.76,53.71,500,400,-12718,7453
569,CHWY,2020-09-11,0 days 15:54:25.245775,41100,53.84,53.8,1002,940,-12818,7453
570,CHWY,2020-09-11,0 days 15:55:14.243344,32040,53.76,53.74,468,174,16194,-4095
571,CHWY,2020-09-11,0 days 15:55:23.243829,53047,53.84,53.8,1505,100,-1982,18407
572,CHWY,2020-09-11,0 days 15:55:34.244833,34340,53.82,53.8,300,193,18307,-2182
573,CHWY,2020-09-11,0 days 15:55:36.245114,53147,53.8,53.78,300,1101,-1982,18307
574,CHWY,2020-09-11,0 days 15:56:01.245676,53312,53.82,53.79,499,1325,-1817,18472
575,CHWY,2020-09-11,0 days 15:56:03.246138,34340,53.81,53.79,800,1350,18472,-1817
576,CHWY,2020-09-11,0 days 15:59:53.252523,73249,53.76,53.75,629,900,122,-878
577,CHWY,2020-09-11,0 days 15:59:56.254135,72471,53.81,53.75,1134,4048,-778,122
578,CHWY,2020-09-11,0 days 15:59:58.248486,73249,53.82,53.75,1003,1972,122,-778
579,CHX,2020-09-11,0 days 15:55:00.959793,70984,8.85,8.84,1786,400,48348,-35615
580,CHX,2020-09-11,0 days 15:55:48.957707,94039,8.85,8.84,6164,1248,-623,1855
581,CHX,2020-09-11,0 days 15:58:04.963254,102420,8.85,8.84,7541,6869,956,-944
582,CHX,2020-09-11,0 days 15:58:05.964282,100976,8.85,8.84,7441,6869,-1444,956
583,CHX,2020-09-11,0 days 15:59:40.967117,117140,8.86,8.85,6848,5307,-1556,4283
584,CIEN,2020-09-11,0 days 15:50:01.222500,60606,41.51,41.49,721,200,3292,-12033
585,CIEN,2020-09-11,0 days 15:56:05.228781,93364,41.54,41.52,1271,677,-5,12694
586,CIEN,2020-09-11,0 days 15:59:07.237992,102484,41.57,41.55,1100,4400,6579,-2101
587,CIEN,2020-09-11,0 days 15:59:08.235970,100963,41.57,41.56,639,700,-1505,6579
588,CIEN,2020-09-11,0 days 15:59:18.235415,107763,41.55,41.54,1046,900,-841,13459
589,CIEN,2020-09-11,0 days 15:59:29.235257,117933,41.53,41.52,687,616,-1283,1902
590,CIEN,2020-09-11,0 days 15:59:34.235754,119216,41.52,41.5,1200,400,1995,-483
591,CIEN,2020-09-11,0 days 15:59:35.235381,116233,41.53,41.52,1492,310,-2983,1995
592,CIEN,2020-09-11,0 days 15:59:46.237257,119748,41.54,41.53,600,1482,2036,-515
593,CIEN,2020-09-11,0 days 15:59:47.236766,119084,41.56,41.55,387,1008,-664,2036
594,CIG,2020-09-11,0 days 15:59:36.199114,46156,2.07,2.06,280243,520608,19635,-23065
595,CIG,2020-09-11,0 days 15:59:37.198904,44991,2.07,2.06,279643,522108,-1165,19635
596,CL,2020-09-11,0 days 15:55:37.241942,217507,76.74,76.72,605,1200,-12,288
597,CL,2020-09-11,0 days 15:55:40.242048,215819,76.74,76.72,1105,1271,1688,-112
598,CL,2020-09-11,0 days 15:59:07.253400,244173,76.74,76.73,1628,100,-6535,6254
599,CL,2020-09-11,0 days 15:59:08.251311,244073,76.73,76.72,400,1314,453,-6535
600,CL,2020-09-11,0 days 15:59:20.254150,247514,76.74,76.73,1145,750,-17252,2227
601,CL,2020-09-11,0 days 15:59:21.252207,247266,76.74,76.73,1341,298,248,-17252
602,CLDR,2020-09-11,0 days 15:59:46.253079,260870,10.97,10.96,20138,27525,8763,-397
603,CLDR,2020-09-11,0 days 15:59:47.251427,256333,10.97,10.96,20201,24004,-4537,8763
604,CLF,2020-09-11,0 days 15:59:14.245334,220326,6.1,6.09,164850,28381,-6249,3535
605,CLF,2020-09-11,0 days 15:59:36.245089,237757,6.1,6.09,170440,41955,9469,-16312
606,CLF,2020-09-11,0 days 15:59:37.246009,236626,6.1,6.09,169301,43176,-131,9469
607,CLF,2020-09-11,0 days 15:59:39.245225,237957,6.1,6.09,186599,40870,20569,-131
608,CLNY,2020-09-11,0 days 15:57:36.230487,226541,2.55,2.54,81839,41003,-7820,5280
609,CLNY,2020-09-11,0 days 15:59:40.236409,268981,2.55,2.54,75206,55236,1799,-2356
610,CLNY,2020-09-11,0 days 15:59:47.236552,264380,2.55,2.54,65540,58942,-4601,6699
611,CLX,2020-09-11,0 days 15:55:00.234447,80558,214.05,214.0,100,243,582,-17040
612,CLX,2020-09-11,0 days 15:55:41.238255,81399,214.01,213.93,200,157,-72,248
613,CLX,2020-09-11,0 days 15:55:42.235852,80871,214.01,213.93,301,257,528,-72
614,CLX,2020-09-11,0 days 15:57:44.240433,81775,213.99,213.92,220,100,-495,705
615,CLX,2020-09-11,0 days 15:57:45.240882,81370,213.98,213.94,300,100,405,-495
616,CLX,2020-09-11,0 days 15:57:52.240842,88114,213.99,213.95,553,300,-1256,744
617,CLX,2020-09-11,0 days 15:57:54.240324,89370,213.99,213.95,572,400,44,-1256
618,CLX,2020-09-11,0 days 15:57:55.241004,87914,213.98,213.92,120,100,-1456,44
619,CLX,2020-09-11,0 days 15:58:36.243223,88817,213.92,213.86,663,100,189,-411
620,CLX,2020-09-11,0 days 15:58:37.243174,88106,213.94,213.87,547,423,-711,189
621,CLX,2020-09-11,0 days 15:59:08.245513,88986,213.9,213.83,500,432,-403,528
622,CLX,2020-09-11,0 days 15:59:09.246706,89389,213.88,213.83,607,200,3044,-403
623,CNC,2020-09-11,0 days 15:55:00.915702,166299,56.39,56.33,1437,1007,308,-20745
624,CNC,2020-09-11,0 days 15:55:02.912001,163307,56.39,56.34,1740,1072,-2992,11208
625,CNC,2020-09-11,0 days 15:57:14.917677,167072,56.34,56.32,1070,1123,31,-669
626,CNC,2020-09-11,0 days 15:57:19.916664,164803,56.34,56.33,810,900,-2269,31
627,CNC,2020-09-11,0 days 15:59:03.923812,169181,56.37,56.35,300,768,9663,-1905
628,CNC,2020-09-11,0 days 15:59:28.922389,188838,56.42,56.41,300,659,108,-1792
629,CNC,2020-09-11,0 days 15:59:34.921810,188946,56.43,56.42,600,501,-1811,108
630,CNC,2020-09-11,0 days 15:59:54.923351,190484,56.45,56.42,1300,663,-760,340
631,CNC,2020-09-11,0 days 15:59:57.921944,191244,56.47,56.42,1059,100,340,-760
632,CNC,2020-09-11,0 days 16:00:00.912487,190484,56.45,56.42,16369,18134,-760,340
633,CNHI,2020-09-11,0 days 15:55:00.915476,52906,8.33,8.32,22529,44225,-23074,31817
634,CNHI,2020-09-11,0 days 15:55:01.911562,49880,8.33,8.32,31515,49115,3026,-23074
635,CNK,2020-09-11,0 days 15:55:42.247021,131713,12.0,11.99,15903,23613,-1051,2749
636,CNK,2020-09-11,0 days 15:55:43.247375,129394,12.0,11.99,3461,24544,2319,-1051
637,CNK,2020-09-11,0 days 15:55:46.247205,131713,12.0,11.99,16549,20842,-412,912
638,CNK,2020-09-11,0 days 15:55:47.247437,129625,12.0,11.99,17049,20742,2088,-412
639,CNK,2020-09-11,0 days 15:55:53.247363,133075,12.0,11.99,6472,24360,-7010,3416
640,CNK,2020-09-11,0 days 15:55:54.247100,131885,12.0,11.99,6838,24960,1190,-7010
641,CNK,2020-09-11,0 days 15:59:03.253981,155221,12.04,12.03,9486,22780,-11768,1090
642,CNK,2020-09-11,0 days 15:59:20.252506,178136,12.01,12.0,9370,12994,2761,-9815
643,CNK,2020-09-11,0 days 15:59:23.250830,188197,12.01,12.0,7069,14863,-1099,401
644,CNK,2020-09-11,0 days 15:59:30.253205,189796,12.01,12.0,6632,13368,58801,-1599
645,CNP,2020-09-11,0 days 15:58:59.199130,303682,19.47,19.46,20825,9208,-7362,905
646,CNQ,2020-09-11,0 days 15:59:16.677053,49397,17.95,17.94,10263,19903,-839,1381
647,CNQ,2020-09-11,0 days 15:59:28.677396,49773,17.95,17.94,18584,20401,4244,-376
648,CNQ,2020-09-11,0 days 15:59:29.677290,49297,17.95,17.94,14304,23101,-476,4244
649,CNQ,2020-09-11,0 days 15:59:34.677676,46808,17.94,17.93,24504,6840,-2956,3935
650,CNQ,2020-09-11,0 days 15:59:36.677560,50073,17.94,17.93,25534,5840,2035,-2956
651,CNX,2020-09-11,0 days 15:55:22.235271,169779,10.53,10.52,2106,12739,1954,-3046
652,CNX,2020-09-11,0 days 15:55:23.235385,167233,10.53,10.52,2106,12739,-2546,1954
653,CNX,2020-09-11,0 days 15:55:42.235764,170284,10.53,10.52,9340,4168,2249,-3046
654,CNX,2020-09-11,0 days 15:55:43.236377,168233,10.53,10.52,8840,4168,-2051,2249
655,CNX,2020-09-11,0 days 15:56:03.237472,170669,10.52,10.51,6465,6550,343,-311
656,CNX,2020-09-11,0 days 15:56:05.236992,169217,10.52,10.51,6065,6650,-1452,2048
657,CNX,2020-09-11,0 days 15:56:23.237272,173686,10.53,10.52,1504,13398,1426,-2174
658,CNX,2020-09-11,0 days 15:56:24.236875,171512,10.53,10.52,1004,14008,-2174,1426
659,CNX,2020-09-11,0 days 15:56:32.237581,175386,10.53,10.52,1078,17569,31,-2174
660,CNX,2020-09-11,0 days 15:56:36.237439,173517,10.53,10.52,665,18069,-1869,31
661,CNX,2020-09-11,0 days 15:58:00.242508,181591,10.54,10.53,10180,8932,192,-663
662,CNX,2020-09-11,0 days 15:58:01.241599,179483,10.54,10.53,11334,10036,-2108,192
663,CNX,2020-09-11,0 days 15:58:05.242818,181090,10.54,10.53,10341,11774,1893,-1607
664,CNX,2020-09-11,0 days 15:58:06.241696,179083,10.54,10.53,7741,14374,-2007,1893
665,CNX,2020-09-11,0 days 15:59:05.244793,188342,10.55,10.54,14061,4681,1025,-1137
666,CNX,2020-09-11,0 days 15:59:09.246538,188342,10.55,10.54,9910,8572,1161,-275
667,CNX,2020-09-11,0 days 15:59:12.245058,193003,10.55,10.54,6214,18612,-539,1161
668,CNX,2020-09-11,0 days 15:59:46.246637,198964,10.56,10.55,22950,14291,-6022,1332
669,CNX,2020-09-11,0 days 15:59:47.245726,204786,10.56,10.55,32161,4352,3855,-6022
670,COF,2020-09-11,0 days 15:55:00.233307,188562,71.13,71.1,414,362,1384,-44287
671,COF,2020-09-11,0 days 15:57:34.239795,192080,71.11,71.1,889,500,-281,819
672,COF,2020-09-11,0 days 15:57:35.239242,191161,71.11,71.1,1089,200,919,-281
673,COF,2020-09-11,0 days 15:57:46.239871,192129,71.12,71.11,1007,700,-713,238
674,COF,2020-09-11,0 days 15:57:47.240145,191442,71.12,71.11,110,1300,687,-713
675,COF,2020-09-11,0 days 15:57:55.240861,195680,71.13,71.11,607,709,-62,2038
676,COF,2020-09-11,0 days 15:57:56.240775,194642,71.12,71.11,458,709,1038,-62
677,COF,2020-09-11,0 days 15:58:01.241548,194703,71.12,71.1,1209,100,-60,2117
678,COF,2020-09-11,0 days 15:58:04.241794,193863,71.12,71.1,809,300,840,-1360
679,COF,2020-09-11,0 days 15:58:06.241571,194703,71.12,71.11,714,300,-1160,2040
680,COF,2020-09-11,0 days 15:58:07.242575,194163,71.13,71.12,124,400,540,-1160
681,COF,2020-09-11,0 days 15:58:21.242199,195203,71.13,71.1,1612,300,-460,2540
682,COF,2020-09-11,0 days 15:58:22.242387,194363,71.13,71.1,1612,200,840,-460
683,COF,2020-09-11,0 days 15:58:28.242798,195203,71.13,71.1,1161,400,-1960,840
684,COF,2020-09-11,0 days 15:58:29.242303,194363,71.13,71.11,585,200,840,-1960
685,COF,2020-09-11,0 days 15:58:44.243621,194363,71.11,71.1,100,300,840,-860
686,COF,2020-09-11,0 days 15:59:09.246509,229553,71.08,71.06,1203,100,2258,-4182
687,COF,2020-09-11,0 days 15:59:21.244965,229091,71.07,71.05,700,1029,2820,-7580
688,COF,2020-09-11,0 days 15:59:42.245899,228911,71.11,71.09,1021,1000,-1302,3308
689,COF,2020-09-11,0 days 15:59:43.246306,229054,71.1,71.08,200,824,13,-1302
690,COG,2020-09-11,0 days 15:56:06.228207,457284,18.24,18.23,5188,6790,-317,10130
691,COG,2020-09-11,0 days 15:57:35.230196,447377,18.25,18.24,6636,5325,10211,-7889
692,COG,2020-09-11,0 days 15:59:16.234858,466068,18.23,18.22,8874,13999,-2487,6451
693,COG,2020-09-11,0 days 15:59:21.235518,460036,18.23,18.22,11441,9377,6032,-2487
694,COG,2020-09-11,0 days 15:59:22.235213,466068,18.23,18.22,7341,14357,-1938,6032
695,COG,2020-09-11,0 days 15:59:29.235243,461146,18.23,18.22,7336,16522,5022,-7578
696,COG,2020-09-11,0 days 15:59:46.237185,484752,18.24,18.23,11995,9088,-3925,4995
697,COG,2020-09-11,0 days 15:59:50.240295,461812,18.24,18.23,14301,2256,22840,-5160
698,COP,2020-09-11,0 days 15:56:02.247598,437722,33.07,33.06,7125,3322,-35469,11051
699,COP,2020-09-11,0 days 15:56:03.248060,431191,33.06,33.05,3877,617,6765,-35469
700,COP,2020-09-11,0 days 15:59:10.254187,467435,33.1,33.09,9513,800,-16255,4013
701,COP,2020-09-11,0 days 15:59:17.251846,479341,33.09,33.08,8335,3270,372,-10963
702,COP,2020-09-11,0 days 15:59:20.252478,479713,33.09,33.08,7150,5371,-5194,372
703,COP,2020-09-11,0 days 15:59:35.252518,482583,33.1,33.09,8677,1709,86,-568
704,COP,2020-09-11,0 days 15:59:40.252058,492039,33.1,33.09,8824,669,-437,9463
705,COP,2020-09-11,0 days 15:59:43.251927,483555,33.11,33.1,8067,1605,553,-9286
706,COP,2020-09-11,0 days 15:59:46.252571,484801,33.11,33.1,3567,700,-6060,553
707,COTY,2020-09-11,0 days 15:55:00.959280,316399,3.53,3.52,22794,135670,135074,-149591
708,COTY,2020-09-11,0 days 15:55:01.955490,302573,3.53,3.52,71819,138960,-13826,135074
709,CPB,2020-09-11,0 days 15:59:46.922671,299406,45.53,45.52,1696,2121,818,-2783
710,CPB,2020-09-11,0 days 15:59:49.922407,290624,45.52,45.51,5086,956,-3613,3487
711,CPRI,2020-09-11,0 days 15:58:55.242510,209281,20.44,20.43,4562,2212,3955,-814
712,CPRI,2020-09-11,0 days 15:59:15.242648,221070,20.42,20.41,1319,2295,-61987,2225
713,CPRI,2020-09-11,0 days 15:59:16.242394,218957,20.4,20.39,1113,1300,2174,-61987
714,CRK,2020-09-11,0 days 15:55:42.245031,33781,4.68,4.67,10166,4215,-648,648
715,CRK,2020-09-11,0 days 15:55:43.245637,32629,4.68,4.67,11266,4215,1152,-648
716,CRK,2020-09-11,0 days 15:58:12.248602,39239,4.68,4.67,10637,21445,-255,1549
717,CRK,2020-09-11,0 days 15:58:13.248501,37894,4.68,4.67,10405,32614,1345,-255
718,CRK,2020-09-11,0 days 15:58:47.250458,40039,4.68,4.67,3972,36233,-52,1619
719,CRK,2020-09-11,0 days 15:59:17.250454,43714,4.68,4.67,13193,10225,-927,964
720,CRK,2020-09-11,0 days 15:59:18.250870,42941,4.68,4.67,14193,9425,773,-927
721,CRK,2020-09-11,0 days 15:59:21.250412,43714,4.68,4.67,12694,9379,-924,773
722,CRK,2020-09-11,0 days 15:59:22.250705,43138,4.68,4.67,13975,9098,576,-924
723,CRK,2020-09-11,0 days 15:59:38.252627,43714,4.68,4.67,16660,12335,-1324,576
724,CRK,2020-09-11,0 days 15:59:39.252853,43238,4.68,4.67,17446,11835,476,-1324
725,CRK,2020-09-11,0 days 15:59:41.254401,43714,4.68,4.67,14718,13463,-1477,476
726,CRK,2020-09-11,0 days 15:59:46.254010,43391,4.68,4.67,18319,8551,323,-977
727,CRM,2020-09-11,0 days 15:59:47.199390,273489,243.15,243.04,500,1115,-415,1344
728,CRM,2020-09-11,0 days 15:59:48.201305,271704,243.07,242.98,100,302,1785,-415
729,CS,2020-09-11,0 days 15:59:35.966853,49062,10.77,10.76,145438,67093,8310,-13590
730,CTL,2020-09-11,0 days 15:55:00.916500,591005,10.68,10.67,63825,32261,41798,-59139
731,CTL,2020-09-11,0 days 15:57:59.918774,653032,10.66,10.65,49282,74079,-2576,3324
732,CTL,2020-09-11,0 days 15:58:00.922537,649708,10.66,10.65,53282,72553,3320,-2576
733,CTL,2020-09-11,0 days 15:58:01.919952,653028,10.66,10.65,38975,73858,-1180,3320
734,CTL,2020-09-11,0 days 15:58:02.919685,621178,10.66,10.65,46050,71907,8469,-1180
735,CTL,2020-09-11,0 days 15:59:27.921466,900342,10.66,10.65,52065,73963,-9896,10104
736,CTL,2020-09-11,0 days 15:59:28.922553,891538,10.66,10.65,52184,69814,8804,-9896
737,CTL,2020-09-11,0 days 15:59:33.921335,900342,10.66,10.65,58959,97432,-53238,2104
738,CTL,2020-09-11,0 days 15:59:34.921888,895980,10.66,10.65,46049,72645,4362,-53238
739,CTL,2020-09-11,0 days 15:59:42.922805,901392,10.66,10.65,17407,96084,-14588,5412
740,CTVA,2020-09-11,0 days 15:56:52.237006,265689,29.04,29.03,5132,2600,-3716,2384
741,CTVA,2020-09-11,0 days 15:56:53.237184,263905,29.04,29.03,5871,1536,1784,-3716
742,CTVA,2020-09-11,0 days 15:58:07.242744,275287,29.07,29.06,300,4446,-2761,1639
743,CTVA,2020-09-11,0 days 15:58:08.241724,272648,29.07,29.06,2485,2801,2639,-2761
744,CTVA,2020-09-11,0 days 15:59:04.244401,284075,29.03,29.02,4775,2799,-16055,647
745,CTVA,2020-09-11,0 days 15:59:05.244887,283141,29.02,29.01,8960,1100,934,-16055
746,CTVA,2020-09-11,0 days 15:59:07.248371,284075,29.02,29.01,8313,300,-10627,734
747,CTVA,2020-09-11,0 days 15:59:08.245473,283802,29.01,29.0,3959,1800,273,-10627
748,CTVA,2020-09-11,0 days 15:59:22.245104,292775,29.0,28.99,4132,10326,-1797,729
749,CUK,2020-09-11,0 days 15:55:00.960620,10880,14.46,14.45,727,1400,5846,-7674
750,CUK,2020-09-11,0 days 15:55:01.956077,10326,14.46,14.45,1228,3400,-554,5846
751,CUK,2020-09-11,0 days 15:58:46.965054,11623,14.46,14.45,1270,320,1402,-560
752,CUK,2020-09-11,0 days 15:59:07.966552,11623,14.45,14.44,783,2200,287,-97
753,CUK,2020-09-11,0 days 15:59:35.966881,11623,14.46,14.45,700,2606,353,-156
754,CUK,2020-09-11,0 days 15:59:36.966407,11586,14.46,14.45,200,2506,-37,353
755,CUK,2020-09-11,0 days 15:59:45.968206,11623,14.47,14.46,7558,10873,967,-47
756,CVE,2020-09-11,0 days 15:59:35.966853,71351,4.12,4.11,589833,72038,25178,-32122
757,CVS,2020-09-11,0 days 15:59:15.920886,424440,57.38,57.37,1296,2205,2070,-19930
758,CVS,2020-09-11,0 days 15:59:18.921915,426828,57.4,57.39,2827,2903,-1685,997
759,CVS,2020-09-11,0 days 15:59:20.920549,421249,57.39,57.38,1175,3421,5433,-1685
760,CVS,2020-09-11,0 days 15:59:39.922162,429768,57.43,57.42,2645,5782,209,-5709
761,CVS,2020-09-11,0 days 15:59:43.921738,432088,57.44,57.43,1184,3737,-147,671
762,CVS,2020-09-11,0 days 15:59:50.925558,418349,57.42,57.41,3212,3925,13739,-161
763,CVX,2020-09-11,0 days 15:59:15.965982,687332,77.62,77.61,500,1270,-1327,16164
764,CVX,2020-09-11,0 days 15:59:40.967145,718465,77.64,77.63,749,300,-5019,33
765,CVX,2020-09-11,0 days 15:59:49.973278,688724,77.64,77.63,759,1131,35479,-7366
766,CWH,2020-09-11,0 days 15:55:00.959245,114768,34.31,34.29,100,200,-2066,3629
767,CWH,2020-09-11,0 days 15:55:41.957179,114768,34.3,34.27,871,100,-825,375
768,CX,2020-09-11,0 days 15:55:00.677232,220898,3.81,3.8,144311,73700,-14542,37502
769,CX,2020-09-11,0 days 15:57:45.684872,243028,3.81,3.8,125239,143551,104,-6196
770,CX,2020-09-11,0 days 15:57:49.684724,231977,3.79,3.78,130600,89300,-12551,2377
771,CX,2020-09-11,0 days 15:58:47.688889,243028,3.8,3.79,147671,217121,2385,-5683
772,CX,2020-09-11,0 days 15:58:48.687810,231413,3.8,3.79,146171,218621,-11615,2385
773,CX,2020-09-11,0 days 15:59:01.689228,243028,3.8,3.79,149961,218962,5471,-2615
774,CX,2020-09-11,0 days 15:59:02.689622,235205,3.8,3.79,148461,220462,-7823,5471
775,CX,2020-09-11,0 days 15:59:38.677381,238299,3.8,3.79,97235,259460,-4729,20871
776,CXO,2020-09-11,0 days 15:59:15.235276,168390,45.3,45.28,901,500,-7072,19814
777,CXO,2020-09-11,0 days 15:59:16.234858,165762,45.29,45.27,446,400,2628,-7072
778,CXO,2020-09-11,0 days 15:59:21.235482,168390,45.31,45.3,103,241,-14366,434
779,CXO,2020-09-11,0 days 15:59:22.235187,166320,45.3,45.29,340,400,2070,-14366
780,CXO,2020-09-11,0 days 15:59:30.237477,165628,45.33,45.32,300,175,1191,-1309
781,CXO,2020-09-11,0 days 15:59:37.236518,168390,45.32,45.3,1160,399,-358,2242
782,CXO,2020-09-11,0 days 15:59:44.236164,166448,45.34,45.32,193,500,43,-1929
783,CXO,2020-09-11,0 days 15:59:45.237230,166819,45.34,45.32,193,300,-1237,43
784,CXO,2020-09-11,0 days 15:59:46.237185,166356,45.34,45.32,193,354,135,-1237
785,D,2020-09-11,0 days 15:55:00.233366,331470,79.85,79.84,200,200,-32939,58210
786,D,2020-09-11,0 days 15:59:06.244565,369425,79.71,79.7,400,1300,2290,-1210
787,D,2020-09-11,0 days 15:59:10.244899,372715,79.7,79.68,445,397,-735,847
788,D,2020-09-11,0 days 15:59:34.244632,382006,79.69,79.68,306,700,3398,-6053
789,D,2020-09-11,0 days 15:59:35.245387,375804,79.69,79.68,401,877,-6202,3398
790,DAL,2020-09-11,0 days 15:55:00.916204,376256,31.82,31.81,5410,5118,28209,-44203
791,DAL,2020-09-11,0 days 15:55:01.911867,372365,31.82,31.81,14401,3439,-291,28209
792,DAL,2020-09-11,0 days 15:57:43.917855,406141,31.71,31.7,12452,6117,11090,-963
793,DAL,2020-09-11,0 days 15:57:44.919922,391661,31.73,31.72,8218,11077,-14780,11090
794,DAL,2020-09-11,0 days 15:57:57.918586,407443,31.73,31.72,6242,12538,318,-1180
795,DAL,2020-09-11,0 days 15:57:58.918886,405761,31.72,31.71,7486,8785,-680,318
796,DAL,2020-09-11,0 days 15:58:00.922500,406441,31.72,31.71,13228,1600,1820,-2780
797,DAL,2020-09-11,0 days 15:58:02.919664,401477,31.72,31.71,10102,13251,-795,372
798,DAL,2020-09-11,0 days 15:58:04.920144,402272,31.72,31.71,13406,12580,1705,-3395
799,DAL,2020-09-11,0 days 15:58:05.922081,401477,31.72,31.71,10226,20201,-795,1705
800,DAL,2020-09-11,0 days 15:58:11.920562,402272,31.72,31.71,16135,13966,1105,-695
801,DAL,2020-09-11,0 days 15:58:12.920295,401477,31.72,31.71,12435,17006,-795,1105
802,DAL,2020-09-11,0 days 15:58:15.922744,404684,31.72,31.71,5183,16900,2493,-1007
803,DAL,2020-09-11,0 days 15:58:17.921036,403677,31.72,31.71,12934,12143,-1007,5193
804,DAL,2020-09-11,0 days 15:58:21.921286,404684,31.72,31.71,9203,16043,4093,-1007
805,DAL,2020-09-11,0 days 15:58:22.921108,403577,31.72,31.71,8376,14140,-1107,4093
806,DAL,2020-09-11,0 days 15:58:25.921251,404684,31.72,31.71,11110,16013,593,-1107
807,DAL,2020-09-11,0 days 15:58:28.921360,404684,31.72,31.71,13889,14332,1293,-2307
808,DAL,2020-09-11,0 days 15:58:30.921353,403477,31.72,31.71,10589,16432,-1207,1193
809,DAL,2020-09-11,0 days 15:58:36.921339,404065,31.71,31.7,20150,4769,-319,4782
810,DAL,2020-09-11,0 days 15:59:50.925887,426502,31.73,31.72,22723,4537,-18021,5812
811,DD,2020-09-11,0 days 15:56:29.243172,259322,58.7,58.69,600,1216,8759,-15776
812,DD,2020-09-11,0 days 15:56:30.242920,252581,58.71,58.7,300,656,-6741,8759
813,DD,2020-09-11,0 days 15:59:16.250808,272591,58.58,58.57,500,1404,650,-9687
814,DDD,2020-09-11,0 days 15:59:01.250446,107176,5.22,5.21,52623,39113,7118,-9082
815,DDD,2020-09-11,0 days 15:59:02.248827,109997,5.22,5.21,52735,42453,-41,7118
816,DDD,2020-09-11,0 days 15:59:04.249447,110038,5.22,5.21,24388,37513,70,-41
817,DDD,2020-09-11,0 days 15:59:05.249530,112508,5.22,5.21,22945,40706,-1085,70
818,DDD,2020-09-11,0 days 15:59:22.249771,113606,5.22,5.21,31310,34943,170,-3138
819,DELL,2020-09-11,0 days 15:55:30.679721,65790,66.35,66.32,1172,807,-56,244
820,DELL,2020-09-11,0 days 15:55:31.679375,65346,66.34,66.32,1045,307,444,-56
821,DELL,2020-09-11,0 days 15:57:39.684909,81990,66.44,66.43,727,120,-708,92
822,DELL,2020-09-11,0 days 15:57:40.684491,80298,66.44,66.43,727,320,1692,-708
823,DELL,2020-09-11,0 days 15:57:45.685135,81990,66.43,66.4,306,500,-108,1292
824,DELL,2020-09-11,0 days 15:57:46.685042,80798,66.43,66.4,306,500,1192,-108
825,DELL,2020-09-11,0 days 15:58:14.687250,81990,66.43,66.42,2109,2094,-330,292
826,DELL,2020-09-11,0 days 15:58:15.687244,80720,66.43,66.42,2109,2094,1270,-330
827,DELL,2020-09-11,0 days 15:59:01.689524,81990,66.4,66.39,3613,300,-2286,1941
828,DELL,2020-09-11,0 days 15:59:02.689892,81144,66.4,66.39,3813,100,846,-2286
829,DELL,2020-09-11,0 days 15:59:07.689873,75936,66.37,66.34,1305,611,-5240,1086
830,DELL,2020-09-11,0 days 15:59:08.690014,75576,66.37,66.34,1077,411,360,-5240
831,DELL,2020-09-11,0 days 15:59:21.677925,83822,66.39,66.37,197,501,-3271,546
832,DELL,2020-09-11,0 days 15:59:22.679608,83193,66.39,66.37,496,527,761,-3271
833,DELL,2020-09-11,0 days 15:59:44.678781,83874,66.45,66.41,175,3198,122,-1178
834,DELL,2020-09-11,0 days 15:59:45.679690,83996,66.47,66.44,524,300,-1662,122
835,DELL,2020-09-11,0 days 15:59:50.680596,83204,66.44,66.39,900,213,792,-108
836,DHF,2020-09-11,0 days 15:59:35.966801,3842,2.74,2.73,21680,32570,-2058,3237
837,DHI,2020-09-11,0 days 15:55:00.225045,265740,71.63,71.62,2370,1036,7591,-28599
838,DHI,2020-09-11,0 days 15:59:08.235517,299356,71.33,71.32,1222,1505,4802,-10498
839,DHI,2020-09-11,0 days 15:59:20.236490,306606,71.34,71.33,790,3688,-12081,387
840,DHI,2020-09-11,0 days 15:59:21.235094,303915,71.34,71.33,810,3179,2691,-12081
841,DHR,2020-09-11,0 days 15:59:01.245003,195385,205.03,204.99,363,200,-3988,6545
842,DHR,2020-09-11,0 days 15:59:02.244120,191642,205.03,204.96,463,500,3743,-3988
843,DHR,2020-09-11,0 days 15:59:07.248106,198377,204.91,204.88,210,200,-2368,11400
844,DHR,2020-09-11,0 days 15:59:08.245299,195145,204.91,204.87,200,300,4039,-2368
845,DHR,2020-09-11,0 days 15:59:10.244828,199184,204.99,204.95,300,226,-3949,4039
846,DHR,2020-09-11,0 days 15:59:11.244902,191633,204.97,204.91,100,200,7551,-3949
847,DHR,2020-09-11,0 days 15:59:21.244920,199629,204.96,204.91,402,308,-736,1912
848,DHR,2020-09-11,0 days 15:59:35.244673,197983,204.99,204.91,1256,1012,1646,-3554
849,DHR,2020-09-11,0 days 15:59:36.244825,199629,204.99,204.91,716,1014,-1554,1646
850,DHR,2020-09-11,0 days 15:59:37.245759,198783,205.04,204.98,233,501,807,-1554
851,DHR,2020-09-11,0 days 15:59:43.246286,199590,205.07,204.98,300,1100,-498,702
852,DHR,2020-09-11,0 days 15:59:46.246476,197019,205.08,205.0,200,700,2571,-2154
853,DHT,2020-09-11,0 days 15:55:00.915717,73097,5.77,5.76,14988,26650,23110,-7571
854,DIS,2020-09-11,0 days 15:59:27.921454,460875,131.82,131.78,422,400,-9721,6009
855,DIS,2020-09-11,0 days 15:59:33.921324,470196,131.81,131.79,197,600,486,-2421
856,DIS,2020-09-11,0 days 15:59:40.922651,470682,131.82,131.8,100,300,-718,9
857,DIS,2020-09-11,0 days 15:59:49.922751,471882,131.79,131.77,1023,200,-362,1038
858,DIS,2020-09-11,0 days 15:59:50.926048,469944,131.77,131.74,1360,911,5168,-362
859,DIS,2020-09-11,0 days 15:59:55.922808,469682,131.84,131.76,3403,1440,-262,938
860,DIS,2020-09-11,0 days 15:59:57.922078,469944,131.84,131.76,207,1529,2768,-1085
861,DK,2020-09-11,0 days 15:55:03.226223,115616,12.07,12.06,2335,1604,-2934,666
862,DK,2020-09-11,0 days 15:55:53.227746,115719,12.06,12.04,826,2885,-13849,16651
863,DK,2020-09-11,0 days 15:56:28.228107,120768,12.08,12.06,929,2550,136,-164
864,DK,2020-09-11,0 days 15:56:34.227800,120904,12.08,12.07,1284,1940,-986,114
865,DK,2020-09-11,0 days 15:56:35.228124,120890,12.08,12.07,1547,1840,14,-986
866,DK,2020-09-11,0 days 15:56:55.228812,120904,12.08,12.07,1331,500,-275,14
867,DK,2020-09-11,0 days 15:59:02.234794,122069,12.09,12.08,880,1277,23,-847
868,DK,2020-09-11,0 days 15:59:12.236029,125576,12.1,12.08,2025,1935,-3622,146
869,DK,2020-09-11,0 days 15:59:18.235415,129373,12.09,12.08,2370,393,1128,-3440
870,DK,2020-09-11,0 days 15:59:22.235249,100941,12.09,12.08,2048,244,26660,-40
871,DK,2020-09-11,0 days 15:59:29.235257,127601,12.09,12.08,1254,232,-3488,24280
872,DK,2020-09-11,0 days 15:59:30.237497,131089,12.08,12.07,493,1572,27,-3488
873,DK,2020-09-11,0 days 15:59:41.236145,132726,12.08,12.07,3615,2900,-253,1137
874,DKS,2020-09-11,0 days 15:55:17.240237,61768,56.18,56.16,836,609,-175,2841
875,DKS,2020-09-11,0 days 15:55:33.241541,59451,56.19,56.18,5405,100,2417,-483
876,DKS,2020-09-11,0 days 15:57:12.243745,62030,56.28,56.25,354,1094,-3856,635
877,DKS,2020-09-11,0 days 15:57:13.243838,59698,56.28,56.26,604,200,2332,-3856
878,DKS,2020-09-11,0 days 15:58:51.249354,62516,56.31,56.3,224,621,-5085,266
879,DKS,2020-09-11,0 days 15:58:52.249791,61209,56.31,56.3,225,1081,1307,-5085
880,DKS,2020-09-11,0 days 15:59:08.251497,61132,56.27,56.24,240,821,-226,6315
881,DKS,2020-09-11,0 days 15:59:10.251475,60064,56.28,56.25,437,800,1068,-3055
882,DKS,2020-09-11,0 days 15:59:21.252432,62308,56.3,56.29,500,544,365,-2127
883,DKS,2020-09-11,0 days 15:59:35.250865,62736,56.33,56.31,692,617,-81,219
884,DKS,2020-09-11,0 days 15:59:40.251544,62217,56.33,56.31,955,512,519,-81
885,DKS,2020-09-11,0 days 15:59:50.256570,58426,56.33,56.27,487,508,4310,-1050
886,DOW,2020-09-11,0 days 15:55:44.237027,270595,49.94,49.93,1402,732,-5855,9611
887,DOW,2020-09-11,0 days 15:55:45.236153,263250,49.93,49.92,423,300,7345,-5855
888,DOW,2020-09-11,0 days 15:59:02.244120,280905,49.92,49.91,200,100,-960,2185
889,DOW,2020-09-11,0 days 15:59:10.244828,274971,49.9,49.88,400,400,6709,-23788
890,DOW,2020-09-11,0 days 15:59:14.245100,287477,49.88,49.86,442,2609,-34456,2938
891,DOW,2020-09-11,0 days 15:59:48.247084,327224,49.86,49.84,770,4555,-687,21046
892,DUK,2020-09-11,0 days 15:56:03.248060,244609,83.03,83.0,460,735,-251,182
893,DUK,2020-09-11,0 days 15:56:04.247209,243160,83.01,83.0,300,460,1449,-251
894,DUK,2020-09-11,0 days 15:59:07.256292,265756,82.94,82.93,1046,700,-7042,4032
895,DUK,2020-09-11,0 days 15:59:08.254174,264764,82.93,82.91,853,2487,992,-7042
896,DUK,2020-09-11,0 days 15:59:33.251454,307737,82.99,82.98,1688,200,3408,-792
897,DUK,2020-09-11,0 days 15:59:40.252058,307245,83.05,83.03,2909,976,-7631,2218
898,DUK,2020-09-11,0 days 15:59:41.251949,306220,83.05,83.04,2809,2620,925,-7631
899,DUK,2020-09-11,0 days 15:59:45.252883,308390,83.06,83.05,780,500,444,-799
900,DUK,2020-09-11,0 days 15:59:46.252678,308834,83.06,83.05,1509,200,-17,444
901,DUK,2020-09-11,0 days 15:59:47.251282,310190,83.07,83.05,1875,1402,1424,-17
902,DVN,2020-09-11,0 days 15:55:55.237427,596903,8.96,8.95,75916,5706,-2275,2448
903,DVN,2020-09-11,0 days 15:55:56.236409,589778,8.96,8.95,70650,19206,7295,-2275
904,DVN,2020-09-11,0 days 15:56:29.237183,592524,8.97,8.96,36976,41698,-2538,2125
905,DVN,2020-09-11,0 days 15:56:30.237548,586262,8.97,8.96,39376,44559,6262,-2538
906,DVN,2020-09-11,0 days 15:57:40.239673,593298,8.97,8.96,9578,80536,-4864,688
907,DVN,2020-09-11,0 days 15:58:05.242884,594041,8.97,8.96,46965,58999,-6167,4533
908,DVN,2020-09-11,0 days 15:58:06.241753,585208,8.97,8.96,48766,55972,8833,-6167
909,DVN,2020-09-11,0 days 15:58:10.242147,594090,8.97,8.96,42730,60648,-799,4401
910,DVN,2020-09-11,0 days 15:58:11.242371,589689,8.97,8.96,43831,58654,4352,-799
911,DVN,2020-09-11,0 days 15:58:18.242758,603064,8.97,8.96,43879,48781,-2125,5275
912,DVN,2020-09-11,0 days 15:58:19.241957,597789,8.97,8.96,48483,42598,5275,-2125
913,DVN,2020-09-11,0 days 15:58:28.242916,603124,8.97,8.96,41008,58837,-65,5335
914,DVN,2020-09-11,0 days 15:58:31.242768,597789,8.97,8.96,26583,65526,5275,-65
915,DVN,2020-09-11,0 days 15:59:15.244930,604605,8.96,8.95,59022,15033,-69786,393
916,DVN,2020-09-11,0 days 15:59:16.244424,585032,8.96,8.95,73167,16331,19324,-69786
917,DVN,2020-09-11,0 days 15:59:48.247370,652478,8.96,8.95,45227,48076,4892,-12908
918,DXC,2020-09-11,0 days 15:57:37.246491,206839,19.58,19.57,1595,3876,566,-1434
919,DXC,2020-09-11,0 days 15:57:38.245520,203905,19.58,19.57,1647,3876,-2934,566
920,DXC,2020-09-11,0 days 15:58:36.249305,203820,19.58,19.57,12276,1488,144,-1958
921,DXC,2020-09-11,0 days 15:58:37.249092,201364,19.58,19.57,12176,2188,-2435,144
922,DXC,2020-09-11,0 days 15:59:45.253337,215685,19.58,19.57,12963,3265,161,-5378
923,ED,2020-09-11,0 days 15:55:28.227145,282537,72.7,72.68,300,200,2490,-24710
924,ED,2020-09-11,0 days 15:55:29.226783,277627,72.71,72.69,900,200,-4910,2490
925,ED,2020-09-11,0 days 15:55:46.227997,283317,72.76,72.74,400,516,9729,-4728
926,ED,2020-09-11,0 days 15:55:47.227527,279746,72.76,72.75,678,600,-3571,9729
927,ED,2020-09-11,0 days 15:59:22.235263,302084,72.68,72.67,300,153,2150,-2888
928,ED,2020-09-11,0 days 15:59:23.235135,301134,72.7,72.68,300,141,-950,2150
929,ED,2020-09-11,0 days 15:59:44.236222,307104,72.77,72.75,300,648,639,-1061
930,ED,2020-09-11,0 days 15:59:47.236786,306165,72.77,72.74,1162,1158,-939,2561
931,ED,2020-09-11,0 days 15:59:56.238893,304164,72.76,72.74,400,300,-2940,1360
932,EIX,2020-09-11,0 days 15:57:36.684141,230335,50.6,50.59,300,3551,6974,-1526
933,EIX,2020-09-11,0 days 15:57:45.684932,232535,50.6,50.59,908,2670,4774,-926
934,EIX,2020-09-11,0 days 15:59:06.689992,237249,50.55,50.54,797,774,-5645,3150
935,EIX,2020-09-11,0 days 15:59:07.689701,233794,50.54,50.53,499,1700,3455,-5645
936,EIX,2020-09-11,0 days 15:59:46.683963,246208,50.62,50.61,772,2888,4670,-1622
937,ELAN,2020-09-11,0 days 15:55:00.677406,316086,27.11,27.1,1560,840,10548,-20687
938,ELAN,2020-09-11,0 days 15:56:13.681608,326880,27.08,27.07,300,1201,-2199,2601
939,ELAN,2020-09-11,0 days 15:56:14.681131,326579,27.08,27.07,484,1301,301,-2199
940,ELAN,2020-09-11,0 days 15:56:31.681912,326928,27.08,27.07,1688,1473,-1858,349
941,ELAN,2020-09-11,0 days 15:56:32.681641,326886,27.08,27.07,1688,1673,42,-1858
942,ELAN,2020-09-11,0 days 15:57:14.683525,328732,27.08,27.07,2364,775,-254,46
943,ELAN,2020-09-11,0 days 15:57:35.684073,329986,27.07,27.06,3062,1708,2346,-254
944,ELAN,2020-09-11,0 days 15:57:43.685419,339032,27.07,27.06,2410,2165,-1054,1046
945,ELAN,2020-09-11,0 days 15:57:44.685115,337986,27.07,27.06,2410,2286,1946,-1054
946,ELAN,2020-09-11,0 days 15:58:00.687059,340220,27.07,27.06,1283,199,1127,-673
947,ELAN,2020-09-11,0 days 15:59:01.689304,332072,27.09,27.08,701,2776,-3171,562
948,EMR,2020-09-11,0 days 15:59:15.250993,236789,67.84,67.82,509,1052,-2824,11728
949,EMR,2020-09-11,0 days 15:59:16.250589,231413,67.84,67.82,314,1051,5476,-2824
950,EMR,2020-09-11,0 days 15:59:25.251329,229571,67.85,67.83,348,700,7292,-182
951,EMR,2020-09-11,0 days 15:59:46.252889,233882,67.89,67.87,491,300,-1205,308
952,EMR,2020-09-11,0 days 15:59:47.251303,227905,67.89,67.87,305,2321,2577,-1205
953,ENB,2020-09-11,0 days 15:55:57.247283,24407,31.23,31.22,3800,7611,-419,111
954,ENB,2020-09-11,0 days 15:55:58.247382,25126,31.24,31.23,6432,5700,468,-419
955,ENB,2020-09-11,0 days 15:56:13.248107,25594,31.23,31.22,210,12460,-1746,454
956,ENB,2020-09-11,0 days 15:56:14.247794,23240,31.23,31.22,210,11178,2354,-1746
957,ENB,2020-09-11,0 days 15:59:01.254460,25572,31.2,31.19,11397,2402,-1835,1665
958,ENB,2020-09-11,0 days 15:59:03.253966,26718,31.2,31.19,8603,5200,737,-139
959,ENB,2020-09-11,0 days 15:59:04.253815,27413,31.2,31.19,10805,2497,-105,737
960,ENB,2020-09-11,0 days 15:59:21.251350,26908,31.19,31.18,3194,12597,1159,-341
961,ENB,2020-09-11,0 days 15:59:36.251596,28067,31.19,31.18,8983,9592,-2417,1083
962,EOG,2020-09-11,0 days 15:59:48.250785,592642,39.02,39.01,1543,600,-1820,5171
963,EOG,2020-09-11,0 days 15:59:49.250223,591706,39.02,39.01,1712,1111,936,-1820
964,EPD,2020-09-11,0 days 15:59:01.251034,82166,17.06,17.05,23365,16244,-4633,631
965,EPD,2020-09-11,0 days 15:59:03.250892,81340,17.06,17.05,28365,10649,826,-874
966,EPD,2020-09-11,0 days 15:59:05.250598,82166,17.06,17.05,33365,10113,-4760,826
967,EPD,2020-09-11,0 days 15:59:06.250737,81726,17.06,17.05,35565,8834,440,-4760
968,EPD,2020-09-11,0 days 15:59:46.253624,85861,17.05,17.04,7300,19453,-7751,349
969,EQH,2020-09-11,0 days 15:55:36.915678,136218,19.63,19.62,11854,5421,1818,-1982
970,EQH,2020-09-11,0 days 15:55:37.915833,134736,19.63,19.62,11795,5421,-1382,1818
971,EQH,2020-09-11,0 days 15:58:12.920175,153515,19.61,19.6,6584,10377,296,-2275
972,EQH,2020-09-11,0 days 15:58:13.920659,151567,19.61,19.6,6784,10377,-1648,296
973,EQH,2020-09-11,0 days 15:59:03.923812,153714,19.61,19.6,10272,9345,3445,-1213
974,EQH,2020-09-11,0 days 15:59:04.923394,150659,19.61,19.6,13472,8411,-1018,3445
975,EQH,2020-09-11,0 days 15:59:46.922898,163175,19.61,19.6,10522,9864,-2196,4787
976,EQNR,2020-09-11,0 days 15:59:36.199253,35401,15.62,15.61,68188,27615,-2268,1821
977,EQNR,2020-09-11,0 days 15:59:37.199067,35269,15.62,15.61,68188,27615,132,-2268
978,EQNR,2020-09-11,0 days 15:59:46.201608,35401,15.62,15.61,35067,33731,-1168,32
979,EQR,2020-09-11,0 days 15:55:00.239007,196096,54.79,54.78,449,306,4690,-7234
980,EQR,2020-09-11,0 days 15:55:25.241075,200271,54.79,54.77,1089,931,-146,554
981,EQR,2020-09-11,0 days 15:55:26.241008,199917,54.79,54.77,1198,675,354,-146
982,EQR,2020-09-11,0 days 15:55:42.241770,200271,54.81,54.79,855,754,-266,234
983,EQR,2020-09-11,0 days 15:55:43.242285,199937,54.81,54.79,855,754,334,-266
984,EQR,2020-09-11,0 days 15:55:54.242060,200659,54.76,54.74,1097,500,-740,322
985,EQR,2020-09-11,0 days 15:55:56.242129,200465,54.76,54.74,2002,300,3205,-206
986,EQR,2020-09-11,0 days 15:56:03.243706,203670,54.76,54.74,1029,728,-168,505
987,EQR,2020-09-11,0 days 15:56:04.242460,203238,54.75,54.74,100,603,432,-168
988,EQR,2020-09-11,0 days 15:56:52.242828,203718,54.8,54.78,411,804,-439,61
989,EQR,2020-09-11,0 days 15:56:53.242980,203457,54.8,54.79,249,100,261,-439
990,EQR,2020-09-11,0 days 15:57:25.244579,203718,54.79,54.77,367,200,-6188,863
991,EQR,2020-09-11,0 days 15:57:26.244543,203482,54.77,54.75,667,300,236,-6188
992,EQR,2020-09-11,0 days 15:59:06.250199,215635,54.75,54.74,469,100,-1217,33
993,EQR,2020-09-11,0 days 15:59:48.252487,253577,54.7,54.69,652,434,-259,241
994,EQR,2020-09-11,0 days 15:59:49.251631,253836,54.69,54.68,660,700,237,-259
995,EQR,2020-09-11,0 days 15:59:55.252373,252173,54.7,54.66,126,1257,-1663,6309
996,EQT,2020-09-11,0 days 15:59:18.922052,502113,14.02,14.01,3960,8995,-10000,12852
997,EQT,2020-09-11,0 days 15:59:19.920676,489913,14.02,14.01,11715,5895,12200,-10000
998,EQT,2020-09-11,0 days 15:59:38.922209,505685,14.03,14.02,8482,16813,938,-9362
999,EQT,2020-09-11,0 days 15:59:40.922661,506623,14.03,14.02,2259,19450,-2911,889
1000,EQT,2020-09-11,0 days 15:59:41.922369,505734,14.03,14.02,2460,18534,798,-2911
1001,EQT,2020-09-11,0 days 15:59:44.922179,505923,14.03,14.02,1022,21591,-971,498
1002,ERF,2020-09-11,0 days 15:57:16.682897,75581,1.9,1.89,6679,101911,-971,1929
1003,ERF,2020-09-11,0 days 15:57:17.683084,70452,1.9,1.89,6679,103411,5129,-971
1004,ERF,2020-09-11,0 days 15:59:48.679147,73207,1.91,1.9,95007,19152,2374,-2126
1005,ERJ,2020-09-11,0 days 15:57:23.238430,68737,5.08,5.07,26466,47778,273,-269
1006,ERJ,2020-09-11,0 days 15:57:26.238909,66023,5.08,5.07,26466,47778,-2714,1086
1007,EROS,2020-09-11,0 days 15:59:17.676608,38080,2.6,2.59,13656,8266,-1567,733
1008,ESRT,2020-09-11,0 days 15:55:42.246896,98871,5.96,5.95,19457,16267,2076,-124
1009,ESRT,2020-09-11,0 days 15:55:43.247275,97747,5.96,5.95,19657,16057,-1124,2076
1010,ESRT,2020-09-11,0 days 15:55:56.246952,102108,5.96,5.95,22019,16520,4299,-1261
1011,ESRT,2020-09-11,0 days 15:55:57.247179,96607,5.96,5.95,21716,17020,-5957,4299
1012,ESRT,2020-09-11,0 days 15:59:01.254216,109734,5.96,5.95,18268,24024,6732,-9068
1013,ESRT,2020-09-11,0 days 15:59:02.253067,108866,5.96,5.95,19901,26639,-868,6732
1014,ESRT,2020-09-11,0 days 15:59:04.253623,109734,5.96,5.95,28227,25139,2079,-868
1015,ESRT,2020-09-11,0 days 15:59:05.253544,109113,5.96,5.95,26477,24913,-621,2079
1016,ET,2020-09-11,0 days 15:59:40.252965,87945,5.86,5.85,60592,75076,206,-194
1017,ET,2020-09-11,0 days 15:59:46.253469,88151,5.86,5.85,75150,56235,-4594,106
1018,ETRN,2020-09-11,0 days 15:59:40.235117,590348,9.61,9.6,18730,24874,6762,-23499
1019,EXK,2020-09-11,0 days 15:55:33.679144,9666,4.07,4.06,104644,24011,-97,3333
1020,EXK,2020-09-11,0 days 15:59:36.677574,11668,4.07,4.06,119454,98139,2126,-2574
1021,EXK,2020-09-11,0 days 15:59:37.678153,11494,4.07,4.06,122854,97839,-174,2126
1022,F,2020-09-11,0 days 15:59:03.234745,1658258,6.99,6.98,177329,1331172,20379,-96498
1023,FCX,2020-09-11,0 days 15:55:28.241524,623646,16.26,16.25,38185,12042,-49955,5245
1024,FCX,2020-09-11,0 days 15:55:29.241316,616501,16.26,16.25,38275,18515,7145,-49955
1025,FCX,2020-09-11,0 days 15:55:49.241871,624446,16.25,16.24,52558,790,-2565,3045
1026,FCX,2020-09-11,0 days 15:55:50.242067,618211,16.24,16.23,30258,35695,5435,-2565
1027,FCX,2020-09-11,0 days 15:59:04.250504,669910,16.26,16.25,18541,67992,-20808,6323
1028,FCX,2020-09-11,0 days 15:59:05.250585,665343,16.26,16.25,27034,51838,4567,-20808
1029,FCX,2020-09-11,0 days 15:59:06.250119,669710,16.26,16.25,26555,49238,-15796,4567
1030,FCX,2020-09-11,0 days 15:59:07.253474,667306,16.26,16.25,42368,38535,2404,-15796
1031,FCX,2020-09-11,0 days 15:59:19.250253,673432,16.26,16.25,52910,28284,-1821,542
1032,FCX,2020-09-11,0 days 15:59:20.254178,671553,16.26,16.25,57366,21835,1879,-1821
1033,FDX,2020-09-11,0 days 15:55:00.677359,141193,232.74,232.66,320,200,244,-4025
1034,FDX,2020-09-11,0 days 15:55:25.680291,144300,232.59,232.52,600,300,-183,1285
1035,FDX,2020-09-11,0 days 15:55:26.680006,143083,232.56,232.51,285,612,1323,-183
1036,FDX,2020-09-11,0 days 15:57:34.683855,149554,232.98,232.95,200,100,-54,1146
1037,FDX,2020-09-11,0 days 15:57:35.684073,149008,232.99,232.89,385,1302,546,-54
1038,FDX,2020-09-11,0 days 15:57:37.684206,149554,233.04,232.88,704,1200,-254,546
1039,FDX,2020-09-11,0 days 15:59:09.689659,154589,232.65,232.58,200,599,6063,-3321
1040,FDX,2020-09-11,0 days 15:59:11.689722,160852,232.63,232.57,487,848,-90,763
1041,FDX,2020-09-11,0 days 15:59:12.689542,160642,232.63,232.57,712,850,210,-90
1042,FDX,2020-09-11,0 days 15:59:40.678117,163834,232.84,232.8,100,774,-988,592
1043,FDX,2020-09-11,0 days 15:59:41.681025,161742,232.82,232.76,400,666,2092,-988
1044,FDX,2020-09-11,0 days 15:59:42.677723,163834,232.86,232.78,200,860,-2388,2092
1045,FDX,2020-09-11,0 days 15:59:43.677966,162722,232.85,232.77,300,400,1112,-2388
1046,FDX,2020-09-11,0 days 15:59:45.679397,164134,232.87,232.8,811,315,-1438,3092
1047,FE,2020-09-11,0 days 15:55:00.233384,215391,29.35,29.34,2249,2244,3597,-24361
1048,FE,2020-09-11,0 days 15:55:25.235599,218988,29.33,29.32,3862,1711,-1524,3501
1049,FE,2020-09-11,0 days 15:55:26.235422,215812,29.33,29.32,3862,1510,3176,-1524
1050,FE,2020-09-11,0 days 15:57:10.237859,219477,29.31,29.3,6310,2736,-294,1890
1051,FE,2020-09-11,0 days 15:57:11.237858,216671,29.31,29.3,6310,2500,2806,-294
1052,FE,2020-09-11,0 days 15:57:36.239965,223077,29.31,29.3,6368,2693,-3694,9506
1053,FE,2020-09-11,0 days 15:57:37.240138,219071,29.31,29.3,6976,2393,4006,-3694
1054,FE,2020-09-11,0 days 15:58:25.242837,215378,29.32,29.31,2773,8104,-124,4876
1055,FE,2020-09-11,0 days 15:58:26.242460,213102,29.32,29.31,2773,8104,2276,-124
1056,FE,2020-09-11,0 days 15:59:06.244609,238634,29.34,29.33,5100,1792,-3337,18045
1057,FE,2020-09-11,0 days 15:59:09.246509,237071,29.33,29.32,5849,2536,2275,-1225
1058,FE,2020-09-11,0 days 15:59:16.244282,224844,29.33,29.32,5540,2736,-1638,3700
1059,FE,2020-09-11,0 days 15:59:17.244357,223982,29.33,29.32,6196,2153,862,-1638
1060,FE,2020-09-11,0 days 15:59:28.245675,224844,29.35,29.34,2800,2210,-495,262
1061,FE,2020-09-11,0 days 15:59:50.251021,232542,29.34,29.33,2246,6391,585,-2015
1062,FEAC,2020-09-11,0 days 15:53:05.960272,0,12.24,12.2,400,200,220,-1880
1063,FEAC,2020-09-11,0 days 15:59:35.966853,220,12.1,12.07,2014,971,-80,220
1064,FEAC,2020-09-11,0 days 15:59:36.966382,200,12.1,12.07,2258,971,20,-80
1065,FHN,2020-09-11,0 days 15:55:27.241211,989543,9.42,9.41,60631,31190,185,-7215
1066,FHN,2020-09-11,0 days 15:55:30.241769,989776,9.42,9.41,68213,24066,-168,232
1067,FHN,2020-09-11,0 days 15:55:49.241925,989944,9.42,9.41,66531,20362,3194,-168
1068,FHN,2020-09-11,0 days 15:55:50.242109,984238,9.42,9.41,66531,20462,-5706,3194
1069,FHN,2020-09-11,0 days 15:57:34.245221,993144,9.43,9.42,45653,32798,2839,-6961
1070,FHN,2020-09-11,0 days 15:57:35.245095,988283,9.43,9.42,43611,34198,-4861,2839
1071,FHN,2020-09-11,0 days 15:57:46.246084,993144,9.43,9.42,44201,30639,15039,-3961
1072,FHN,2020-09-11,0 days 15:57:47.246319,989183,9.43,9.42,42601,34938,-3961,15039
1073,FHN,2020-09-11,0 days 15:58:13.248315,993291,9.43,9.42,45340,30954,11562,-3702
1074,FHN,2020-09-11,0 days 15:58:14.248149,986453,9.43,9.42,43640,32354,-6838,11562
1075,FHN,2020-09-11,0 days 15:58:19.248194,993291,9.43,9.42,70650,23356,266,-3734
1076,FHN,2020-09-11,0 days 15:58:22.248579,981457,9.43,9.42,76762,21555,-8834,266
1077,FHN,2020-09-11,0 days 15:58:52.249743,980710,9.42,9.41,68272,31297,-9631,15769
1078,FHN,2020-09-11,0 days 15:59:09.252162,1002666,9.43,9.42,29753,50314,119262,-2238
1079,FIS,2020-09-11,0 days 15:59:16.252370,459329,144.33,144.29,300,200,-38513,33897
1080,FIS,2020-09-11,0 days 15:59:31.251005,488207,144.28,144.26,415,453,5213,-987
1081,FIS,2020-09-11,0 days 15:59:32.251598,486920,144.27,144.24,810,200,-1287,5213
1082,FIS,2020-09-11,0 days 15:59:34.251166,488207,144.28,144.24,243,1377,2336,-1287
1083,FIS,2020-09-11,0 days 15:59:35.252399,487143,144.29,144.26,100,700,-1357,2336
1084,FIS,2020-09-11,0 days 15:59:41.251831,488800,144.28,144.24,104,1007,10201,-816
1085,FIS,2020-09-11,0 days 15:59:42.252830,486801,144.39,144.34,900,964,-2199,10201
1086,FIS,2020-09-11,0 days 15:59:50.253424,490401,144.35,144.3,1425,583,-431,2669
1087,FIS,2020-09-11,0 days 15:59:55.250540,493755,144.3,144.22,543,540,2846,-3554
1088,FIS,2020-09-11,0 days 15:59:56.251396,490401,144.29,144.23,264,1022,-3554,2846
1089,FIS,2020-09-11,0 days 15:59:57.252022,493755,144.28,144.22,900,600,2846,-3554
1090,FIT,2020-09-11,0 days 15:59:06.235178,110587,6.3,6.29,77421,52041,-8353,3739
1091,FIT,2020-09-11,0 days 15:59:07.237977,108540,6.3,6.29,84397,48903,2047,-8353
1092,FIT,2020-09-11,0 days 15:59:36.235612,109657,6.3,6.29,8425,109532,-1303,4197
1093,FL,2020-09-11,0 days 15:57:44.251390,102819,34.24,34.23,3621,2549,-360,340
1094,FL,2020-09-11,0 days 15:57:45.250079,101079,34.21,34.2,2364,105,1740,-360
1095,FLR,2020-09-11,0 days 15:59:21.250351,181019,9.1,9.09,5364,9213,2011,-8104
1096,FLR,2020-09-11,0 days 15:59:39.252813,176867,9.12,9.11,21588,8593,-4393,1770
1097,FLR,2020-09-11,0 days 15:59:42.253549,177804,9.11,9.1,8324,4986,-3375,11885
1098,FLR,2020-09-11,0 days 15:59:46.253753,181219,9.11,9.1,23679,3166,5850,-3375
1099,FLR,2020-09-11,0 days 15:59:47.252712,178169,9.11,9.1,7917,3059,-3010,5850
1100,FNB,2020-09-11,0 days 15:55:46.245554,155981,7.05,7.04,25772,50090,259,-115
1101,FNB,2020-09-11,0 days 15:55:47.245096,153840,7.05,7.04,25372,50090,-2141,259
1102,FNB,2020-09-11,0 days 15:55:49.245284,155981,7.05,7.04,29304,31593,2043,-1157
1103,FNB,2020-09-11,0 days 15:55:50.245793,155148,7.05,7.04,30904,31593,-833,2043
1104,FNB,2020-09-11,0 days 15:56:32.246018,161691,7.05,7.04,28177,51628,8472,-13528
1105,FNB,2020-09-11,0 days 15:56:33.245591,159663,7.05,7.04,26691,51828,-2028,8472
1106,FNB,2020-09-11,0 days 15:57:02.244867,161691,7.05,7.04,36881,53048,1624,-2024
1107,FNB,2020-09-11,0 days 15:57:03.244369,146115,7.05,7.04,34577,54533,-15576,1624
1108,FRO,2020-09-11,0 days 15:59:48.250496,162297,7.48,7.47,5200,24241,2987,-613
1109,FSLY,2020-09-11,0 days 15:57:42.684090,441054,75.87,75.81,200,775,-1200,40407
1110,FSLY,2020-09-11,0 days 15:57:43.685419,435033,75.85,75.81,531,700,6021,-1200
1111,FSLY,2020-09-11,0 days 15:58:01.686841,438105,75.85,75.83,1139,1834,-6349,37458
1112,FSLY,2020-09-11,0 days 15:58:17.686839,436162,75.94,75.9,100,1136,-12392,35520
1113,FSLY,2020-09-11,0 days 15:58:19.686807,400647,75.92,75.9,731,100,35520,-12392
1114,FSLY,2020-09-11,0 days 15:58:25.687160,436162,75.95,75.91,139,1375,-12548,35520
1115,FSLY,2020-09-11,0 days 15:58:28.687401,400647,75.92,75.91,275,268,35515,-12548
1116,FSLY,2020-09-11,0 days 15:58:39.687670,439562,75.94,75.91,275,434,-9148,38915
1117,FSLY,2020-09-11,0 days 15:58:54.688306,439562,75.98,75.96,300,1115,-20814,38915
1118,FSLY,2020-09-11,0 days 15:58:55.688128,400647,75.98,75.94,400,694,38915,-20814
1119,FSLY,2020-09-11,0 days 15:58:56.688408,439562,76.0,75.96,204,675,-20814,38915
1120,FSLY,2020-09-11,0 days 15:59:00.689753,400647,75.95,75.94,929,250,38923,-16206
1121,FSLY,2020-09-11,0 days 15:59:16.676912,442185,75.86,75.85,100,925,-36322,10342
1122,FSLY,2020-09-11,0 days 15:59:20.677287,442264,75.92,75.83,100,775,-40499,10342
1123,FSLY,2020-09-11,0 days 15:59:22.679410,431843,75.96,75.87,542,875,10426,-40232
1124,FSLY,2020-09-11,0 days 15:59:23.677203,442269,75.89,75.85,300,798,-40232,10426
1125,FSLY,2020-09-11,0 days 15:59:33.677449,442264,75.96,75.91,454,1097,-51493,10421
1126,FSLY,2020-09-11,0 days 15:59:36.677406,431843,75.92,75.91,918,240,10421,-52829
1127,FSLY,2020-09-11,0 days 15:59:46.683963,444956,76.0,75.95,2233,364,-56904,13113
1128,FSM,2020-09-11,0 days 15:59:36.251645,57237,6.93,6.92,11974,92224,-3613,4387
1129,FSM,2020-09-11,0 days 15:59:37.252069,56950,6.93,6.92,14074,92038,287,-3613
1130,FSM,2020-09-11,0 days 15:59:38.251556,57237,6.93,6.92,14074,92038,-3913,287
1131,FTCH,2020-09-11,0 days 15:55:42.245009,65762,25.34,25.33,420,400,123,-223
1132,FTCH,2020-09-11,0 days 15:55:47.245107,63855,25.36,25.35,400,953,-1907,2393
1133,FTCH,2020-09-11,0 days 15:55:49.245302,65762,25.36,25.35,400,325,5693,-1907
1134,FTCH,2020-09-11,0 days 15:55:50.245793,64555,25.36,25.35,400,1325,-1207,5693
1135,FTCH,2020-09-11,0 days 15:55:56.244897,65762,25.37,25.36,745,1327,165,-1207
1136,FTCH,2020-09-11,0 days 15:55:57.245714,64727,25.36,25.35,688,100,-1166,165
1137,FTCH,2020-09-11,0 days 15:56:03.246121,65893,25.36,25.35,492,1144,2775,-1166
1138,FTCH,2020-09-11,0 days 15:56:04.245429,65168,25.37,25.36,784,1226,-725,2775
1139,FTCH,2020-09-11,0 days 15:56:17.245253,66055,25.4,25.39,500,1527,38,-1262
1140,FTCH,2020-09-11,0 days 15:56:18.245152,65293,25.4,25.39,528,1527,-762,38
1141,FTCH,2020-09-11,0 days 15:59:02.250689,66493,25.4,25.39,100,1163,1590,-616
1142,FTCH,2020-09-11,0 days 15:59:03.251010,66183,25.4,25.39,633,1205,-210,1590
1143,FTCH,2020-09-11,0 days 15:59:05.250698,66493,25.4,25.39,733,1106,229,-210
1144,FTI,2020-09-11,0 days 15:55:00.915658,225726,6.79,6.78,51324,29042,21169,-12770
1145,FTI,2020-09-11,0 days 15:57:30.917533,274054,6.79,6.78,49189,55755,-2518,3482
1146,FTI,2020-09-11,0 days 15:59:46.922831,308285,6.78,6.77,25516,67202,950,-2885
1147,FTI,2020-09-11,0 days 15:59:48.924084,305535,6.78,6.77,18190,77532,-2750,950
1148,FTV,2020-09-11,0 days 15:59:22.920925,256795,77.33,77.31,788,1116,1646,-69
1149,FTV,2020-09-11,0 days 15:59:23.921261,256241,77.33,77.31,698,2514,-554,1646
1150,FTV,2020-09-11,0 days 15:59:33.921324,257705,77.33,77.31,864,1312,230,-564
1151,FTV,2020-09-11,0 days 15:59:42.922727,259339,77.36,77.35,217,1643,-66,234
1152,FTV,2020-09-11,0 days 15:59:43.921807,259105,77.36,77.35,400,1825,234,-66
1153,FTV,2020-09-11,0 days 15:59:46.922963,255062,77.4,77.37,400,2550,-3143,309
1154,FVRR,2020-09-11,0 days 15:55:42.245009,9478,124.31,124.11,327,231,-158,142
1155,FVRR,2020-09-11,0 days 15:55:43.245629,9336,124.3,124.11,227,211,142,-158
1156,FVRR,2020-09-11,0 days 15:59:03.251048,9657,124.3,124.23,300,100,-355,127
1157,FVRR,2020-09-11,0 days 15:59:12.251430,9566,124.28,124.16,661,260,84,-62
1158,FVRR,2020-09-11,0 days 15:59:31.250345,10016,124.28,124.23,1122,100,-26,47
1159,FVRR,2020-09-11,0 days 15:59:32.250145,9942,124.28,124.24,1022,100,74,-26
1160,FVRR,2020-09-11,0 days 15:59:34.251426,10016,124.44,124.27,200,125,-199,74
1161,FVRR,2020-09-11,0 days 15:59:35.251397,10015,124.44,124.3,200,125,1,-199
1162,FVRR,2020-09-11,0 days 15:59:38.252592,10016,124.63,124.36,100,125,-145,1
1163,FVRR,2020-09-11,0 days 15:59:52.253009,9669,124.49,124.15,128,100,347,-145
1164,FVRR,2020-09-11,0 days 16:00:00.248309,10016,124.47,124.46,902,477,-145,1
1165,GE,2020-09-11,0 days 15:55:00.959453,2215037,5.97,5.96,736127,144713,-171972,635908
1166,GE,2020-09-11,0 days 15:55:01.955625,2103309,5.97,5.96,770338,145413,111728,-171972
1167,GE,2020-09-11,0 days 15:59:00.967350,2438663,5.95,5.94,117652,1117436,-36558,227868
1168,GFI,2020-09-11,0 days 15:55:28.241626,119058,12.86,12.85,20298,15451,-1849,5451
1169,GFI,2020-09-11,0 days 15:55:39.243110,125012,12.86,12.85,11110,19588,5246,-2554
1170,GFI,2020-09-11,0 days 15:56:51.242719,130838,12.87,12.86,26692,10838,-768,3606
1171,GFI,2020-09-11,0 days 15:59:06.250212,200334,12.87,12.86,8983,66254,-965,1420
1172,GFI,2020-09-11,0 days 15:59:16.250808,191799,12.88,12.87,22135,28710,3915,-5585
1173,GFI,2020-09-11,0 days 15:59:28.251377,195714,12.88,12.87,16685,35370,-6202,3134
1174,GFI,2020-09-11,0 days 15:59:29.250561,193216,12.88,12.87,31035,17812,2498,-6202
1175,GFI,2020-09-11,0 days 15:59:43.252467,200334,12.88,12.87,40945,18647,-3298,1698
1176,GFL,2020-09-11,0 days 15:56:13.681756,25171,20.52,20.51,300,200,-62,638
1177,GFL,2020-09-11,0 days 15:56:15.681056,23933,20.51,20.5,823,221,1238,-262
1178,GFL,2020-09-11,0 days 15:57:38.684694,25171,20.51,20.5,2334,3920,-1497,397
1179,GFL,2020-09-11,0 days 15:57:39.684909,24550,20.51,20.5,2534,3820,621,-1497
1180,GFL,2020-09-11,0 days 15:59:46.684176,44370,20.52,20.51,16311,8791,-2019,570
1181,GFL,2020-09-11,0 days 15:59:47.678396,44289,20.52,20.51,16011,8395,81,-2019
1182,GGB,2020-09-11,0 days 15:59:36.677574,63566,3.74,3.73,32616,411475,30594,-36006
1183,GGB,2020-09-11,0 days 15:59:37.678153,61760,3.74,3.73,30579,390188,-1806,30594
1184,GIS,2020-09-11,0 days 15:55:28.199281,443636,58.49,58.48,700,1503,2,-2830
1185,GIS,2020-09-11,0 days 15:55:29.198063,440209,58.49,58.48,300,1803,-3427,2
1186,GIS,2020-09-11,0 days 15:56:01.199379,451209,58.51,58.5,2367,650,95,-1205
1187,GIS,2020-09-11,0 days 15:56:03.200257,448604,58.5,58.49,1519,1604,-2605,4701
1188,GIS,2020-09-11,0 days 15:57:31.195627,451211,58.5,58.49,3277,1449,441,-859
1189,GIS,2020-09-11,0 days 15:57:32.195276,448352,58.5,58.49,2878,1767,-2859,441
1190,GIS,2020-09-11,0 days 15:59:08.201959,461004,58.52,58.51,3331,232,1431,-2280
1191,GIS,2020-09-11,0 days 15:59:09.202100,460435,58.51,58.5,2319,429,-569,1431
1192,GLW,2020-09-11,0 days 15:59:41.245831,450735,31.92,31.91,4485,6687,-3941,46940
1193,GM,2020-09-11,0 days 15:59:20.254136,1196525,30.48,30.47,9534,12647,39926,-2215
1194,GM,2020-09-11,0 days 15:59:26.251315,1194625,30.48,30.47,15578,8877,1560,-2512
1195,GM,2020-09-11,0 days 15:59:28.251214,1194495,30.48,30.47,11053,13307,-130,1560
1196,GM,2020-09-11,0 days 15:59:30.253325,1200525,30.48,30.47,7204,14032,1004,-130
1197,GM,2020-09-11,0 days 15:59:42.251855,1202766,30.49,30.48,7936,26818,-3373,2241
1198,GM,2020-09-11,0 days 15:59:48.252300,1215139,30.49,30.48,16711,18374,1067,-1766
1199,GM,2020-09-11,0 days 15:59:50.256040,1131325,30.49,30.48,17522,12418,-83814,5953
1200,GNW,2020-09-11,0 days 15:55:00.916156,242317,3.71,3.7,28975,30227,66731,-87502
1201,GNW,2020-09-11,0 days 15:55:01.911849,235648,3.71,3.7,39075,32127,-6669,66731
1202,GNW,2020-09-11,0 days 15:55:42.915480,242517,3.7,3.69,73109,3186,2731,-4569
1203,GNW,2020-09-11,0 days 15:55:43.923368,236748,3.7,3.69,73209,3167,-3469,2731
1204,GNW,2020-09-11,0 days 15:59:39.922267,318626,3.73,3.72,163893,50329,1286,-5121
1205,GNW,2020-09-11,0 days 15:59:47.921898,314224,3.73,3.72,114167,63794,-4402,9398
1206,GOLD,2020-09-11,0 days 15:55:00.916310,340867,29.75,29.74,17819,22268,97904,-136432
1207,GOLD,2020-09-11,0 days 15:55:02.912058,328927,29.75,29.74,8998,33068,-11940,38060
1208,GPK,2020-09-11,0 days 15:55:42.198801,192405,14.03,14.02,7919,25045,4890,-3379
1209,GPK,2020-09-11,0 days 15:55:43.199916,189395,14.03,14.02,7319,26345,-3010,4890
1210,GPK,2020-09-11,0 days 15:57:10.193631,193666,14.04,14.03,26231,13429,479,-1721
1211,GPK,2020-09-11,0 days 15:57:11.194003,191345,14.04,14.03,24731,14729,-2321,479
1212,GPK,2020-09-11,0 days 15:59:02.200422,198937,14.04,14.03,22718,10371,2478,-6847
1213,GPK,2020-09-11,0 days 15:59:03.201632,197315,14.04,14.03,20694,12056,-1622,2478
1214,GPK,2020-09-11,0 days 15:59:45.200712,203703,14.04,14.03,35304,6256,491,-936
1215,GPS,2020-09-11,0 days 15:57:40.231050,350435,16.66,16.65,17487,20116,334,-3066
1216,GPS,2020-09-11,0 days 15:57:42.231099,342936,16.66,16.65,12287,25745,-7499,138
1217,GPS,2020-09-11,0 days 15:57:45.232218,350435,16.66,16.65,19287,18104,7101,-2799
1218,GPS,2020-09-11,0 days 15:57:46.231286,349346,16.66,16.65,15287,21504,-1089,7101
1219,GPS,2020-09-11,0 days 15:59:48.238090,374603,16.67,16.66,19896,35330,-672,1865
1220,GS,2020-09-11,0 days 15:58:15.249011,144502,201.21,201.15,320,100,-7,2042
1221,GS,2020-09-11,0 days 15:58:19.248084,144709,201.17,201.14,100,300,493,-207
1222,GS,2020-09-11,0 days 15:58:30.248564,144502,201.15,201.09,100,500,-1307,793
1223,GS,2020-09-11,0 days 15:58:31.248450,140409,201.15,201.09,120,605,4093,-1307
1224,GS,2020-09-11,0 days 15:59:10.251162,151542,200.88,200.83,100,541,-13051,6839
1225,GS,2020-09-11,0 days 15:59:11.251565,149027,200.87,200.81,124,344,2515,-13051
1226,GS,2020-09-11,0 days 15:59:19.249861,151659,200.88,200.87,100,265,-1580,820
1227,GS,2020-09-11,0 days 15:59:20.253926,149839,200.87,200.83,100,100,1820,-1580
1228,GS,2020-09-11,0 days 15:59:40.251339,151926,201.04,200.99,628,487,-4413,645
1229,GS,2020-09-11,0 days 15:59:41.251494,151706,201.05,201.01,200,347,220,-4413
