,Symbol,Timestamp,TIME,iPaired,Ask_P,Bid_P,Ask_S,Bid_S,iShares,PreviShares
0,AA,2020-09-15,0 days 15:55:00.234398,61114,13.87,13.86,10594,4504,95,-3352
1,AA,2020-09-15,0 days 15:55:01.233379,60609,13.87,13.86,10994,5704,-505,95
2,ABBV,2020-09-15,0 days 15:52:12.237061,208499,90.99,90.97,700,481,-279,854
3,ABBV,2020-09-15,0 days 15:52:53.237437,208499,90.95,90.93,502,100,-279,2190
4,ABBV,2020-09-15,0 days 15:58:27.243533,394419,90.93,90.92,530,678,4882,-613
5,ABBV,2020-09-15,0 days 15:59:11.245552,402721,90.95,90.93,1163,1552,-6724,2718
6,ABBV,2020-09-15,0 days 15:59:12.245625,400924,90.95,90.93,1665,1372,3943,-6724
7,ABBV,2020-09-15,0 days 15:59:32.244489,407681,90.97,90.96,646,400,2299,-7796
8,ABBV,2020-09-15,0 days 15:59:34.244708,409980,90.97,90.95,639,1476,-10687,2299
9,ABBV,2020-09-15,0 days 15:59:35.244417,408672,90.97,90.95,739,1876,1308,-10687
10,ABBV,2020-09-15,0 days 15:59:39.244940,409980,90.97,90.96,311,342,-3787,1308
11,ABBV,2020-09-15,0 days 15:59:40.245556,401034,90.95,90.94,750,325,8946,-3787
12,ABBV,2020-09-15,0 days 15:59:44.245146,409978,90.97,90.96,387,932,-6568,1983
13,ABBV,2020-09-15,0 days 15:59:46.245821,401046,90.96,90.95,402,200,9137,-6201
14,ABBV,2020-09-15,0 days 15:59:47.244901,410183,90.98,90.97,200,400,-6096,9137
15,ABBV,2020-09-15,0 days 15:59:48.248854,401903,90.97,90.96,1225,200,8280,-6096
16,ABEV,2020-09-15,0 days 15:59:36.264233,125159,2.45,2.44,647420,1405706,-5398,6502
17,ABEV,2020-09-15,0 days 15:59:37.263188,124757,2.45,2.44,648901,1398705,402,-5398
18,ABT,2020-09-15,0 days 15:59:15.264210,551367,106.67,106.57,200,274,-38372,79073
19,ABT,2020-09-15,0 days 15:59:35.264154,577610,106.57,106.56,100,100,5757,-815
20,ABT,2020-09-15,0 days 15:59:36.264105,577320,106.6,106.58,405,100,-1265,5757
21,ABT,2020-09-15,0 days 15:59:37.263162,578585,106.59,106.57,325,500,1234,-1265
22,ABT,2020-09-15,0 days 15:59:38.263539,578619,106.59,106.57,373,200,-66,1234
23,ABT,2020-09-15,0 days 15:59:49.264991,587361,106.63,106.62,900,200,658,-1242
24,ABT,2020-09-15,0 days 15:59:55.265304,586619,106.67,106.62,100,3800,-8942,2908
25,ABT,2020-09-15,0 days 15:59:58.260323,586186,106.62,106.58,400,532,433,-542
26,ACB,2020-09-15,0 days 15:57:13.250794,10499,7.05,7.04,7136,3771,-1237,963
27,ACB,2020-09-15,0 days 15:58:10.248815,12836,7.06,7.05,3961,3587,546,-137
28,ACI,2020-09-15,0 days 15:59:39.263953,52067,13.23,13.22,488,4594,706,-4694
29,ACI,2020-09-15,0 days 15:59:46.264504,52673,13.25,13.24,901,12749,-294,406
30,ACI,2020-09-15,0 days 15:59:48.264892,51967,13.26,13.25,8130,13331,506,-294
31,ADM,2020-09-15,0 days 15:57:10.247325,239339,47.56,47.55,4956,6085,88,-1061
32,ADM,2020-09-15,0 days 15:57:11.247316,238427,47.56,47.55,4456,7285,-912,88
33,ADM,2020-09-15,0 days 15:57:40.246721,257639,47.56,47.55,9961,2154,1831,-1169
34,ADM,2020-09-15,0 days 15:57:41.247096,255270,47.56,47.55,8708,4764,-2369,1831
35,ADM,2020-09-15,0 days 15:59:06.252055,265574,47.55,47.54,3059,3353,122,-2878
36,ADM,2020-09-15,0 days 15:59:13.253019,266509,47.55,47.54,4899,5459,-203,515
37,ADM,2020-09-15,0 days 15:59:14.253077,266712,47.55,47.54,5029,5710,397,-203
38,ADM,2020-09-15,0 days 15:59:15.253780,267109,47.55,47.54,4719,7042,-3,397
39,ADM,2020-09-15,0 days 15:59:16.254078,267112,47.55,47.54,4740,7340,397,-3
40,ADM,2020-09-15,0 days 15:59:20.253069,267509,47.55,47.54,6458,4666,-103,397
41,ADM,2020-09-15,0 days 15:59:45.256538,378408,47.51,47.5,6578,2545,4041,-3329
42,ADM,2020-09-15,0 days 15:59:47.254969,384589,47.51,47.5,5935,4204,-3241,4787
43,AEM,2020-09-15,0 days 15:57:28.241081,34090,85.78,85.75,500,423,-1726,680
44,AEM,2020-09-15,0 days 15:57:29.240744,33416,85.76,85.74,200,321,674,-1726
45,AEM,2020-09-15,0 days 15:58:05.242622,33716,85.8,85.78,1000,100,318,-226
46,AEM,2020-09-15,0 days 15:59:26.244222,32469,85.87,85.85,101,287,125,-75
47,AEM,2020-09-15,0 days 15:59:36.245249,32594,85.88,85.84,1565,600,-75,125
48,AEO,2020-09-15,0 days 15:59:38.278935,335499,14.51,14.5,11050,21636,-11863,3943
49,AES,2020-09-15,0 days 15:56:41.246662,397854,17.8,17.79,4846,26516,-1870,11798
50,AES,2020-09-15,0 days 15:56:42.246719,392824,17.8,17.79,6644,23422,3498,-1870
51,AES,2020-09-15,0 days 15:58:28.249167,395324,17.79,17.78,16254,20540,2857,-843
52,AES,2020-09-15,0 days 15:59:15.253561,444167,17.8,17.79,15857,20267,-7415,3987
53,AES,2020-09-15,0 days 15:59:29.253226,443701,17.8,17.79,13718,21189,466,-2834
54,AES,2020-09-15,0 days 15:59:50.258741,447746,17.8,17.79,20138,21436,2155,-1645
55,AFL,2020-09-15,0 days 15:55:00.244407,199527,36.65,36.64,1808,3706,4078,-1509
56,AFL,2020-09-15,0 days 15:56:01.249058,205540,36.67,36.66,2616,11249,-844,3149
57,AFL,2020-09-15,0 days 15:56:02.249475,201884,36.67,36.66,3859,8437,3656,-844
58,AFL,2020-09-15,0 days 15:56:05.248904,205540,36.67,36.66,3546,8633,-244,3656
59,AFL,2020-09-15,0 days 15:56:07.249010,201884,36.67,36.66,4290,8829,3656,-544
60,AFL,2020-09-15,0 days 15:59:04.249002,231985,36.72,36.71,7065,3477,-73,7538
61,AFL,2020-09-15,0 days 15:59:06.249516,229971,36.72,36.71,7865,4880,1560,-2240
62,AFL,2020-09-15,0 days 15:59:09.249653,231581,36.74,36.73,13805,700,-2142,108
63,AFL,2020-09-15,0 days 15:59:43.241476,234862,36.72,36.71,5160,8157,-2145,621
64,AFL,2020-09-15,0 days 15:59:48.241200,234860,36.72,36.71,4870,7579,2,-2998
65,AFL,2020-09-15,0 days 15:59:49.241858,234862,36.72,36.71,2770,6879,-3522,2
66,AFL,2020-09-15,0 days 15:59:50.245121,231484,36.72,36.71,7956,957,3378,-3522
67,AG,2020-09-15,0 days 15:59:46.255781,56016,12.31,12.3,21373,53371,-3441,1759
68,AG,2020-09-15,0 days 15:59:47.254932,55157,12.31,12.3,20046,54829,859,-3441
69,AIG,2020-09-15,0 days 15:55:00.244453,349816,28.99,28.98,2142,6588,37155,-49334
70,AIG,2020-09-15,0 days 15:55:53.245494,366461,28.98,28.97,4757,2927,-9879,15621
71,AIG,2020-09-15,0 days 15:56:41.246846,375863,28.98,28.97,5651,6220,491,-302
72,AIG,2020-09-15,0 days 15:56:42.246855,375054,28.98,28.97,5951,5820,-809,491
73,AIG,2020-09-15,0 days 15:57:10.247341,377867,28.97,28.96,2659,3575,1702,-1498
74,AIG,2020-09-15,0 days 15:57:11.247328,376969,28.97,28.96,1459,4975,-1356,1702
75,AIG,2020-09-15,0 days 15:57:43.247780,378725,28.98,28.97,7290,3381,1244,-456
76,AIG,2020-09-15,0 days 15:57:44.246747,378569,28.98,28.97,3730,3246,-156,1244
77,AIG,2020-09-15,0 days 15:57:56.247340,378725,28.98,28.97,4596,6102,1922,-2978
78,AIG,2020-09-15,0 days 15:57:58.248343,378347,28.98,28.97,3194,8018,-378,1722
79,AIG,2020-09-15,0 days 15:58:03.247968,378696,28.97,28.96,16879,3953,2578,-1222
80,AIG,2020-09-15,0 days 15:58:07.249744,377074,28.97,28.96,24125,3063,-1551,1449
81,AIG,2020-09-15,0 days 15:58:10.250412,378625,28.97,28.96,24225,2355,5349,-1551
82,AIG,2020-09-15,0 days 15:58:12.250547,377074,28.96,28.95,2885,8561,-1551,3349
83,AIG,2020-09-15,0 days 15:58:13.249867,378325,28.96,28.95,5428,9121,300,-1551
84,AIG,2020-09-15,0 days 15:59:15.253822,429910,28.96,28.95,4362,10523,-22396,3500
85,AIG,2020-09-15,0 days 15:59:16.254129,427006,28.96,28.95,6958,5623,3731,-22396
86,AIG,2020-09-15,0 days 15:59:46.256006,440335,28.96,28.95,8310,3145,2476,-3521
87,AIG,2020-09-15,0 days 15:59:49.254688,443373,28.96,28.95,8662,1845,-825,1694
88,AIG,2020-09-15,0 days 15:59:50.259488,440498,28.96,28.95,10477,600,2313,-825
89,AIV,2020-09-15,0 days 15:59:30.236786,158785,36.6,36.59,318,1602,765,-535
90,AIV,2020-09-15,0 days 15:59:36.235223,155851,36.6,36.59,3022,4984,-2934,4798
91,ALLY,2020-09-15,0 days 15:57:09.271118,458011,24.86,24.85,314,17471,1129,-532
92,ALLY,2020-09-15,0 days 15:57:10.271387,456840,24.88,24.87,5986,7626,-1171,1129
93,ALLY,2020-09-15,0 days 15:59:13.277897,489692,24.86,24.85,7004,8696,2365,-5351
94,ALLY,2020-09-15,0 days 15:59:14.278145,484957,24.86,24.85,12852,3873,-34830,2365
95,AM,2020-09-15,0 days 15:52:40.236940,91594,5.35,5.34,18201,14850,-5897,25800
96,AM,2020-09-15,0 days 15:55:00.234876,326677,5.33,5.32,47842,9600,-12883,26749
97,AM,2020-09-15,0 days 15:57:19.238029,447721,5.25,5.24,51419,35890,-9733,6820
98,AM,2020-09-15,0 days 15:59:13.244576,474208,5.21,5.2,18467,24803,35608,-6721
99,AM,2020-09-15,0 days 15:59:14.243742,464616,5.21,5.2,15474,24005,-9592,35608
100,AM,2020-09-15,0 days 15:59:15.244150,474208,5.21,5.2,17082,24528,7841,-9592
101,AM,2020-09-15,0 days 15:59:16.243568,465949,5.21,5.2,2943,42488,-8259,7841
102,AM,2020-09-15,0 days 15:59:47.242829,494987,5.23,5.22,33484,8040,-2506,10292
103,AM,2020-09-15,0 days 15:59:54.244997,504687,5.23,5.22,6388,27767,-1385,13365
104,AMC,2020-09-15,0 days 15:59:17.263368,62047,5.54,5.53,17668,5076,8335,-226
105,AMC,2020-09-15,0 days 15:59:18.263684,61582,5.54,5.53,17733,2376,-465,8335
106,AMC,2020-09-15,0 days 15:59:19.263402,62047,5.54,5.53,17833,2376,5581,-465
107,AMX,2020-09-15,0 days 15:55:41.237113,89514,13.15,13.14,22460,20359,9612,-788
108,AMX,2020-09-15,0 days 15:55:42.236449,84226,13.15,13.14,22413,20359,-5288,9612
109,AMX,2020-09-15,0 days 15:55:49.236525,95139,13.15,13.14,22204,20259,2987,-5588
110,AMX,2020-09-15,0 days 15:55:50.236610,94026,13.15,13.14,22904,18559,-1113,2987
111,AMX,2020-09-15,0 days 15:56:48.238085,96739,13.15,13.14,22107,38535,2687,-1613
112,AMX,2020-09-15,0 days 15:56:49.237600,84226,13.15,13.14,24307,37335,-12513,2687
113,AMX,2020-09-15,0 days 15:58:00.241972,99639,13.17,13.16,16249,30695,10013,-10487
114,AMX,2020-09-15,0 days 15:58:01.241738,98252,13.17,13.16,14240,33995,-1387,10013
115,AMX,2020-09-15,0 days 15:58:06.240579,94314,13.17,13.16,13501,34195,5638,-1387
116,AMX,2020-09-15,0 days 15:58:07.240663,85152,13.17,13.16,13201,35695,-11511,5638
117,AMX,2020-09-15,0 days 15:58:08.240876,96663,13.17,13.16,13301,34095,589,-11511
118,AMX,2020-09-15,0 days 15:58:09.241363,85152,13.17,13.16,13601,35595,-11511,589
119,AMX,2020-09-15,0 days 15:59:00.246907,97934,13.17,13.16,7365,44306,1100,-9217
120,AMX,2020-09-15,0 days 15:59:46.244075,116601,13.16,13.15,48584,7162,1858,-1367
121,AMX,2020-09-15,0 days 15:59:47.242829,115659,13.16,13.15,36132,9255,-742,1858
122,ANF,2020-09-15,0 days 15:55:00.267821,47588,15.2,15.19,5169,5425,-1526,8131
123,ANF,2020-09-15,0 days 15:56:01.269844,58743,15.2,15.19,7099,8427,9359,-484
124,ANF,2020-09-15,0 days 15:56:16.269681,68254,15.21,15.2,2951,11344,-71,829
125,ANF,2020-09-15,0 days 15:56:17.269669,67525,15.21,15.2,3651,11444,729,-71
126,ANF,2020-09-15,0 days 15:59:11.278626,76991,15.19,15.18,4241,6085,-1343,797
127,ANF,2020-09-15,0 days 15:59:12.277869,75634,15.19,15.18,4019,5685,1457,-1343
128,ANF,2020-09-15,0 days 15:59:16.278575,77091,15.19,15.18,5710,4302,-5255,1326
129,ANF,2020-09-15,0 days 15:59:17.278356,76446,15.19,15.18,7657,5669,645,-5255
130,ANF,2020-09-15,0 days 15:59:38.278923,77091,15.21,15.2,5220,5903,-1132,345
131,ANF,2020-09-15,0 days 15:59:39.280266,72223,15.21,15.2,7120,9743,4868,-1132
132,ANF,2020-09-15,0 days 15:59:47.279349,76738,15.21,15.2,3507,12770,353,-1147
133,APLE,2020-09-15,0 days 15:55:00.225839,88712,11.16,11.15,8449,8952,-21178,57992
134,APLE,2020-09-15,0 days 15:55:01.225629,86090,11.16,11.15,8349,8052,2622,-21178
135,APLE,2020-09-15,0 days 15:57:03.229602,91056,11.17,11.16,2565,22166,-6594,4626
136,APLE,2020-09-15,0 days 15:57:04.229662,89550,11.17,11.16,2065,22366,1506,-6594
137,APO,2020-09-15,0 days 15:59:47.279417,113079,45.34,45.33,1138,1564,-4945,859
138,AR,2020-09-15,0 days 15:55:00.243058,68229,2.84,2.83,70444,9825,6063,-6123
139,AR,2020-09-15,0 days 15:58:08.248757,109092,2.83,2.82,52391,94368,-5852,16948
140,AR,2020-09-15,0 days 15:58:09.248884,105144,2.83,2.82,52391,103730,1948,-5852
141,AR,2020-09-15,0 days 15:59:16.253099,77724,2.83,2.82,74104,73545,-10784,215
142,AR,2020-09-15,0 days 15:59:35.253961,90408,2.83,2.82,67968,113828,22806,-9084
143,AR,2020-09-15,0 days 15:59:39.254183,114914,2.83,2.82,34805,134673,-58194,1406
144,ARMK,2020-09-15,0 days 15:57:43.231150,53484,28.77,28.76,2426,2058,-210,790
145,ARMK,2020-09-15,0 days 15:57:44.230669,52894,28.76,28.75,2382,263,590,-210
146,ARMK,2020-09-15,0 days 15:58:24.232690,51994,28.77,28.76,1911,1101,811,-189
147,ARMK,2020-09-15,0 days 15:59:14.236210,55197,28.81,28.8,1835,5488,-5843,1645
148,ASB,2020-09-15,0 days 15:55:40.248356,50631,13.28,13.27,17098,1774,5898,-902
149,ASB,2020-09-15,0 days 15:55:41.248125,49629,13.28,13.27,17047,1773,-602,5898
150,ASB,2020-09-15,0 days 15:57:38.245974,51653,13.27,13.26,4527,9395,164,-536
151,ASB,2020-09-15,0 days 15:57:39.245638,50817,13.27,13.26,4566,9229,-436,164
152,ASB,2020-09-15,0 days 15:59:04.249301,54856,13.28,13.27,4646,10720,1152,-1255
153,ATUS,2020-09-15,0 days 15:59:12.277689,284707,27.08,27.07,19788,8633,735,-12780
154,ATUS,2020-09-15,0 days 15:59:35.278664,287283,27.09,27.08,3000,16854,-5113,2376
155,AUY,2020-09-15,0 days 15:59:01.236148,143396,6.29,6.28,427396,332955,-72705,93000
156,AUY,2020-09-15,0 days 15:59:02.235333,132901,6.29,6.28,235165,422292,9295,-72705
157,AUY,2020-09-15,0 days 15:59:48.234470,150685,6.3,6.29,420067,326518,4916,-1884
158,AVTR,2020-09-15,0 days 15:55:33.511184,200879,21.75,21.74,3434,1843,-964,336
159,AVTR,2020-09-15,0 days 15:55:52.511113,210475,21.75,21.74,4585,3289,910,-290
160,AVTR,2020-09-15,0 days 15:56:03.512252,211406,21.75,21.74,5686,4699,-2885,931
161,AVTR,2020-09-15,0 days 15:56:04.512419,210891,21.75,21.74,5289,4999,515,-2885
162,AVTR,2020-09-15,0 days 15:58:59.519191,216309,21.78,21.77,2897,12447,-720,4446
163,AVTR,2020-09-15,0 days 15:59:00.519419,217029,21.77,21.76,1079,3662,2780,-720
164,AVTR,2020-09-15,0 days 15:59:03.519522,220652,21.77,21.76,4751,2041,-38781,2723
165,AXP,2020-09-15,0 days 15:59:49.236561,510386,106.73,106.71,1340,300,-2046,654
166,AXP,2020-09-15,0 days 15:59:50.238439,480632,106.72,106.71,100,417,29754,-2046
167,AXTA,2020-09-15,0 days 15:55:50.236596,346838,24.38,24.37,1197,3520,-2722,1278
168,AXTA,2020-09-15,0 days 15:55:51.237042,344660,24.38,24.37,1299,3520,4384,-2722
169,AXTA,2020-09-15,0 days 15:57:34.238848,349711,24.37,24.36,3545,8529,-5008,992
170,AXTA,2020-09-15,0 days 15:57:36.239805,349119,24.37,24.36,3540,8434,592,-6208
171,AXTA,2020-09-15,0 days 15:57:37.238945,349711,24.37,24.36,3440,9083,-608,592
172,AXTA,2020-09-15,0 days 15:57:38.239209,347219,24.37,24.36,2743,9034,2492,-608
173,AXTA,2020-09-15,0 days 15:58:00.241964,344368,24.37,24.36,715,9590,-4551,992
174,AXTA,2020-09-15,0 days 15:58:43.242950,344388,24.37,24.36,4112,1698,1938,-3362
175,AXTA,2020-09-15,0 days 15:58:44.243781,344026,24.37,24.36,6538,818,-362,1938
176,AXTA,2020-09-15,0 days 15:59:00.246884,346649,24.37,24.36,6829,6312,927,-235
177,AXTA,2020-09-15,0 days 15:59:01.244309,346446,24.37,24.36,6227,7012,-203,927
178,AXTA,2020-09-15,0 days 15:59:05.243849,346649,24.37,24.36,3801,8263,51,-295
179,AXTA,2020-09-15,0 days 15:59:06.243580,346400,24.37,24.36,3801,8712,-249,51
180,AXTA,2020-09-15,0 days 15:59:09.244079,346649,24.37,24.36,3876,9020,1651,-249
181,AXTA,2020-09-15,0 days 15:59:45.244830,362565,24.38,24.37,3286,20108,2824,-695
182,AZN,2020-09-15,0 days 15:58:01.241609,57188,55.27,55.26,3076,1507,-103,1297
183,AZN,2020-09-15,0 days 15:58:02.240571,56391,55.26,55.25,2256,2302,797,-103
184,AZN,2020-09-15,0 days 15:58:18.241110,57188,55.26,55.25,1876,5003,-64,1036
185,AZN,2020-09-15,0 days 15:58:19.241381,56552,55.26,55.25,1976,4902,636,-64
186,AZN,2020-09-15,0 days 15:59:02.244703,55389,55.28,55.27,3638,1096,-969,71
187,AZUL,2020-09-15,0 days 15:56:25.256323,20379,16.01,16.0,3285,3438,860,-1498
188,AZUL,2020-09-15,0 days 15:56:26.256043,20139,16.01,16.0,3185,3438,-240,860
189,AZUL,2020-09-15,0 days 15:57:03.256361,20379,16.01,16.0,1984,3531,560,-1098
190,AZUL,2020-09-15,0 days 15:57:04.256427,20139,16.01,16.0,1984,3231,-240,560
191,AZUL,2020-09-15,0 days 15:57:08.256961,20379,16.01,16.0,3581,3128,160,-240
192,AZUL,2020-09-15,0 days 15:57:25.257460,20539,16.02,16.01,3570,617,-140,160
193,AZUL,2020-09-15,0 days 15:57:27.257402,21295,16.01,16.0,9836,2191,1544,-140
194,AZUL,2020-09-15,0 days 15:57:28.257796,20539,16.01,16.0,10057,2391,-1180,1544
195,AZUL,2020-09-15,0 days 15:59:20.263858,28000,16.03,16.02,2318,3137,402,-1995
196,AZUL,2020-09-15,0 days 15:59:46.264547,29341,16.04,16.03,3929,10207,893,-398
197,BA,2020-09-15,0 days 15:57:14.271187,164704,163.42,163.38,449,400,9196,-2559
198,BA,2020-09-15,0 days 15:57:15.270967,160700,163.46,163.42,100,673,-8951,9196
199,BA,2020-09-15,0 days 15:59:04.277782,174509,163.51,163.47,200,339,74,-5458
200,BA,2020-09-15,0 days 15:59:21.279304,175923,163.57,163.52,400,300,-5492,4013
201,BA,2020-09-15,0 days 15:59:30.279043,176468,163.55,163.52,400,315,4155,-1192
202,BA,2020-09-15,0 days 15:59:31.280004,176023,163.56,163.54,200,460,-5392,4155
203,BA,2020-09-15,0 days 15:59:34.278548,181415,163.58,163.53,524,900,7054,-1192
204,BA,2020-09-15,0 days 15:59:35.278874,180273,163.65,163.56,848,1097,-1142,7054
205,BA,2020-09-15,0 days 15:59:36.279567,181415,163.64,163.56,500,1019,3258,-1142
206,BA,2020-09-15,0 days 15:59:42.278839,179945,163.57,163.53,500,300,-1470,7177
207,BA,2020-09-15,0 days 15:59:43.279074,181415,163.59,163.55,300,951,2830,-1470
208,BA,2020-09-15,0 days 15:59:50.283777,173366,163.56,163.52,582,1000,-3299,10101
209,BABA,2020-09-15,0 days 15:55:00.239384,755468,277.89,277.86,200,591,2887,-728
210,BABA,2020-09-15,0 days 15:55:01.239498,754655,277.85,277.82,1100,200,-813,2887
211,BABA,2020-09-15,0 days 15:55:09.239666,754464,277.78,277.75,600,100,191,-205
212,BABA,2020-09-15,0 days 15:55:10.239774,753655,277.75,277.73,220,200,-777,191
213,BABA,2020-09-15,0 days 15:55:20.240866,753946,277.56,277.54,200,400,105,-274
214,BABA,2020-09-15,0 days 15:55:21.240956,753251,277.58,277.54,520,1186,-662,105
215,BABA,2020-09-15,0 days 15:55:44.241129,760583,277.53,277.48,101,365,1554,-321
216,BABA,2020-09-15,0 days 15:56:02.242461,761885,277.66,277.63,119,300,-142,302
217,BABA,2020-09-15,0 days 15:56:03.241720,761227,277.65,277.63,517,300,658,-142
218,BABA,2020-09-15,0 days 15:56:23.241961,766551,277.89,277.86,100,300,-967,674
219,BABA,2020-09-15,0 days 15:56:24.242252,765618,277.94,277.86,100,300,933,-967
220,BABA,2020-09-15,0 days 15:56:39.242682,766551,277.97,277.91,601,381,-67,966
221,BABA,2020-09-15,0 days 15:56:40.243052,765618,277.97,277.91,701,281,933,-67
222,BABA,2020-09-15,0 days 15:57:00.243284,766554,277.95,277.9,401,883,-22,1011
223,BABA,2020-09-15,0 days 15:57:06.243235,760319,277.94,277.93,517,180,6235,-22
224,BABA,2020-09-15,0 days 15:57:34.240513,767869,277.86,277.84,587,400,-5674,1026
225,BABA,2020-09-15,0 days 15:57:37.240921,769010,277.84,277.81,512,196,359,-174
226,BABA,2020-09-15,0 days 15:57:41.240402,768269,277.79,277.77,400,100,-70,2730
227,BABA,2020-09-15,0 days 15:57:42.240807,768735,277.79,277.76,100,334,4334,-70
228,BABA,2020-09-15,0 days 15:57:46.240356,772669,277.81,277.78,300,286,-3009,159
229,BABA,2020-09-15,0 days 15:57:49.240338,776114,277.85,277.83,200,296,1655,-309
230,BABA,2020-09-15,0 days 15:57:51.240439,775769,277.85,277.83,100,304,-41,5255
231,BABA,2020-09-15,0 days 15:57:52.240665,776343,277.86,277.83,314,1039,1203,-41
232,BABA,2020-09-15,0 days 15:57:54.240625,775646,277.86,277.83,532,208,-164,336
233,BABA,2020-09-15,0 days 15:57:55.240858,776343,277.86,277.84,218,284,503,-164
234,BABA,2020-09-15,0 days 15:57:58.242112,774446,277.84,277.82,317,300,-4264,2136
235,BABA,2020-09-15,0 days 15:58:00.242843,776114,277.85,277.82,722,300,632,-4664
236,BABA,2020-09-15,0 days 15:58:01.243554,774546,277.84,277.82,522,400,-4764,632
237,BABA,2020-09-15,0 days 15:58:03.241532,776343,277.86,277.83,418,200,3,-6468
238,BABA,2020-09-15,0 days 15:58:04.241663,775446,277.86,277.83,318,200,-668,3
239,BABA,2020-09-15,0 days 15:58:08.241740,775778,277.83,277.81,319,575,1268,-6632
240,BABA,2020-09-15,0 days 15:58:09.241868,775246,277.83,277.81,619,577,-532,1268
241,BABA,2020-09-15,0 days 15:58:10.243755,775810,277.83,277.81,420,221,2940,-532
242,BABA,2020-09-15,0 days 15:58:11.242210,774950,277.82,277.81,100,205,-2928,2940
243,BABA,2020-09-15,0 days 15:58:15.242489,774932,277.71,277.68,321,300,618,-1585
244,BABA,2020-09-15,0 days 15:58:17.242298,775050,277.78,277.75,200,400,-89,75
245,BABA,2020-09-15,0 days 15:58:20.242306,776178,277.84,277.8,100,400,33,-6024
246,BABA,2020-09-15,0 days 15:58:33.242977,776611,277.89,277.86,300,263,-132,197
247,BABA,2020-09-15,0 days 15:58:34.243432,776543,277.89,277.86,100,400,68,-132
248,BABA,2020-09-15,0 days 15:58:37.242872,775711,277.92,277.91,300,200,-3265,68
249,BABA,2020-09-15,0 days 15:58:39.242738,778676,277.94,277.91,200,1134,135,-808
250,BABA,2020-09-15,0 days 15:58:40.243203,778611,277.94,277.91,222,1034,-65,135
251,BABA,2020-09-15,0 days 15:58:55.243450,779219,277.95,277.94,326,1171,23,-77
252,BABA,2020-09-15,0 days 15:58:56.243785,778942,277.96,277.94,300,1171,-277,23
253,BABA,2020-09-15,0 days 15:59:00.246680,779260,277.98,277.94,411,1482,11044,-1341
254,BABA,2020-09-15,0 days 15:59:01.244837,778813,277.98,277.94,773,1382,-415,11044
255,BABA,2020-09-15,0 days 15:59:11.245157,804441,277.9,277.89,200,200,15843,-4809
256,BABA,2020-09-15,0 days 15:59:15.243881,804184,277.9,277.89,400,200,-1452,1667
257,BABA,2020-09-15,0 days 15:59:20.243130,807562,277.85,277.78,530,300,122,-110
258,BAC,2020-09-15,0 days 15:59:43.242837,3057196,25.28,25.27,131793,113034,-16880,6471
259,BAC,2020-09-15,0 days 15:59:50.246825,3034603,25.29,25.28,166006,18691,44104,-33552
260,BAM,2020-09-15,0 days 15:55:12.226639,606120,33.31,33.3,2626,3840,659,-1241
261,BAM,2020-09-15,0 days 15:55:13.226606,605879,33.31,33.3,3626,3840,-241,659
262,BAM,2020-09-15,0 days 15:57:09.230550,612925,33.31,33.3,4752,1510,307,-819
263,BAM,2020-09-15,0 days 15:57:10.230668,612232,33.31,33.3,3811,3010,-693,307
264,BAM,2020-09-15,0 days 15:57:49.231220,612925,33.31,33.3,2579,1703,1107,-193
265,BAM,2020-09-15,0 days 15:57:50.231178,612732,33.31,33.3,2079,2807,-193,1107
266,BAM,2020-09-15,0 days 15:57:55.231273,612925,33.31,33.3,5140,100,5407,-193
267,BAM,2020-09-15,0 days 15:58:07.232529,612532,33.32,33.31,300,5704,-393,5707
268,BAM,2020-09-15,0 days 15:58:12.233507,614325,33.34,33.32,4119,6311,3607,-393
269,BAM,2020-09-15,0 days 15:58:23.232761,615325,33.34,33.33,2133,1824,2307,-393
270,BAM,2020-09-15,0 days 15:58:34.233757,614725,33.34,33.33,3498,3228,7,-893
271,BAM,2020-09-15,0 days 15:58:35.233830,614332,33.34,33.33,2998,3528,-393,7
272,BAM,2020-09-15,0 days 15:59:02.235538,615091,33.33,33.32,1681,5040,230,-152
273,BAM,2020-09-15,0 days 15:59:04.235330,614921,33.33,33.32,2191,4640,-170,330
274,BAM,2020-09-15,0 days 15:59:05.236069,615091,33.34,33.33,3079,1642,29893,-170
275,BAM,2020-09-15,0 days 15:59:39.233476,643684,33.35,33.34,700,10499,-1399,101
276,BAM,2020-09-15,0 days 15:59:46.235037,649114,33.35,33.34,371,13199,9573,-1293
277,BAM,2020-09-15,0 days 15:59:50.237754,647336,33.35,33.34,2180,6605,11351,-2144
278,BBY,2020-09-15,0 days 15:59:35.264185,207363,108.0,107.92,2430,584,-10737,280
279,BBY,2020-09-15,0 days 15:59:36.264200,206492,108.0,107.92,3421,894,871,-10737
280,BCE,2020-09-15,0 days 15:57:15.250556,24312,42.79,42.78,234,6600,218,-967
281,BCE,2020-09-15,0 days 15:57:16.246192,23330,42.8,42.79,3744,709,-982,218
282,BCE,2020-09-15,0 days 15:59:50.245165,24760,42.82,42.81,5619,4500,-1223,77
283,BCE,2020-09-15,0 days 15:59:54.243050,24433,42.8,42.79,8394,600,427,-548
284,BDN,2020-09-15,0 days 15:55:50.245133,82955,11.02,11.01,8647,6239,-3362,2191
285,BDN,2020-09-15,0 days 15:55:51.245660,80717,11.02,11.01,7747,7239,2238,-3362
286,BDN,2020-09-15,0 days 15:58:01.249600,97167,10.98,10.97,7417,23504,-794,735
287,BDN,2020-09-15,0 days 15:58:02.248379,96261,10.98,10.97,8723,22304,506,-794
288,BDN,2020-09-15,0 days 15:58:50.250646,96867,10.99,10.98,12701,13557,-322,1978
289,BDN,2020-09-15,0 days 15:58:51.250705,94889,10.99,10.98,14487,12057,1978,-322
290,BDN,2020-09-15,0 days 15:59:02.252654,97340,10.99,10.98,14311,13066,-1685,1940
291,BDN,2020-09-15,0 days 15:59:03.251744,96125,10.99,10.98,17274,12643,1215,-1685
292,BDN,2020-09-15,0 days 15:59:46.256020,103058,10.98,10.97,11295,20624,-2110,386
293,BDN,2020-09-15,0 days 15:59:47.254981,102868,10.98,10.97,20303,17915,190,-2110
294,BE,2020-09-15,0 days 15:58:51.243763,98055,14.47,14.46,5434,19551,-1566,5234
295,BE,2020-09-15,0 days 15:58:52.243827,93421,14.47,14.46,5434,18559,4634,-1566
296,BEN,2020-09-15,0 days 15:55:00.267785,101770,20.38,20.37,6539,2788,-1775,2288
297,BEN,2020-09-15,0 days 15:55:51.269079,104458,20.38,20.37,7205,14612,355,-243
298,BEN,2020-09-15,0 days 15:59:26.278300,153435,20.41,20.4,8392,6472,1672,-47228
299,BEN,2020-09-15,0 days 15:59:43.279014,158187,20.4,20.39,9069,13933,-2078,1316
300,BEN,2020-09-15,0 days 15:59:44.279422,157065,20.4,20.39,11969,11734,1122,-2078
301,BEN,2020-09-15,0 days 15:59:46.280071,160587,20.4,20.39,11068,15019,-1650,1122
302,BEN,2020-09-15,0 days 15:59:48.279803,160372,20.4,20.39,13146,14023,215,-3899
303,BEN,2020-09-15,0 days 15:59:49.281231,160587,20.4,20.39,15266,13123,-7532,215
304,BHC,2020-09-15,0 days 15:55:34.241692,67046,16.29,16.27,14324,3700,7753,-4602
305,BHC,2020-09-15,0 days 15:55:35.241957,63599,16.29,16.28,6724,12002,-3447,7753
306,BHC,2020-09-15,0 days 15:56:06.242319,81205,16.29,16.28,7055,9022,887,-3734
307,BHC,2020-09-15,0 days 15:56:07.242752,77392,16.29,16.28,7855,9022,-3813,887
308,BHC,2020-09-15,0 days 15:59:17.244615,82113,16.27,16.26,10973,7669,2516,-545
309,BHC,2020-09-15,0 days 15:59:18.243255,79429,16.27,16.26,10973,7469,-2684,2516
310,BHC,2020-09-15,0 days 15:59:19.244903,82113,16.27,16.26,12192,4963,898,-2684
311,BHC,2020-09-15,0 days 15:59:25.244233,79811,16.26,16.25,7538,9757,-2302,2798
312,BHC,2020-09-15,0 days 15:59:40.245580,82113,16.26,16.25,13334,12624,118,-11002
313,BK,2020-09-15,0 days 15:55:00.239661,288255,34.91,34.9,6306,2822,3840,-8639
314,BK,2020-09-15,0 days 15:55:44.241479,290216,34.94,34.93,3333,10220,-5655,3945
315,BK,2020-09-15,0 days 15:55:45.241323,287171,34.94,34.93,3836,10320,3045,-5655
316,BK,2020-09-15,0 days 15:55:50.241631,312617,34.94,34.93,5406,10316,-24104,20952
317,BK,2020-09-15,0 days 15:55:51.241902,311221,34.94,34.93,7788,6595,1440,-24104
318,BK,2020-09-15,0 days 15:56:42.243741,330162,34.92,34.91,7117,5393,-26610,590
319,BK,2020-09-15,0 days 15:56:43.243544,329672,34.91,34.9,7832,10790,490,-26610
320,BK,2020-09-15,0 days 15:57:34.241124,331584,34.93,34.92,9607,8464,-5783,817
321,BK,2020-09-15,0 days 15:57:56.241589,347997,34.91,34.9,13206,2200,-1170,5830
322,BK,2020-09-15,0 days 15:59:28.244258,355704,34.91,34.9,7154,12148,-476,137
323,BK,2020-09-15,0 days 15:59:48.248752,371326,34.91,34.9,15416,10995,901,-1995
324,BK,2020-09-15,0 days 15:59:49.248616,371797,34.91,34.9,14657,7583,-2296,901
325,BK,2020-09-15,0 days 15:59:54.250101,373993,34.88,34.87,9302,8000,1180,-796
326,BKR,2020-09-15,0 days 15:55:00.225839,428691,14.68,14.67,7754,11882,99380,-85700
327,BKR,2020-09-15,0 days 15:55:39.227053,522037,14.68,14.67,15891,5868,-3379,646
328,BKR,2020-09-15,0 days 15:55:40.227216,515316,14.68,14.67,16574,4568,6721,-3379
329,BKR,2020-09-15,0 days 15:57:07.229824,531106,14.69,14.68,18298,15316,-1682,5771
330,BKR,2020-09-15,0 days 15:57:08.229720,529688,14.69,14.68,16741,16816,1418,-1682
331,BKR,2020-09-15,0 days 15:57:14.230060,531106,14.69,14.68,12094,17130,-497,1418
332,BKR,2020-09-15,0 days 15:59:32.235303,553932,14.71,14.7,16256,21338,3182,-12118
333,BKR,2020-09-15,0 days 15:59:36.235106,567034,14.72,14.71,34835,12242,-897,13102
334,BKR,2020-09-15,0 days 15:59:48.236032,564577,14.72,14.71,35524,14060,2467,-2233
335,BMY,2020-09-15,0 days 15:59:17.278356,1342484,59.52,59.51,2943,3102,-36642,55851
336,BMY,2020-09-15,0 days 15:59:18.278119,1329726,59.5,59.49,4609,1564,15386,-36642
337,BMY,2020-09-15,0 days 15:59:23.278905,1342484,59.53,59.52,4280,3800,-14754,2290
338,BMY,2020-09-15,0 days 15:59:24.278059,1337938,59.52,59.51,3294,3751,4546,-14754
339,BMY,2020-09-15,0 days 15:59:32.279474,1338783,59.53,59.52,8399,2238,1194,-699
340,BMY,2020-09-15,0 days 15:59:33.278566,1339977,59.53,59.52,8791,1855,-56,1194
341,BMY,2020-09-15,0 days 15:59:34.278461,1339733,59.52,59.51,6224,1905,2751,-56
342,BMY,2020-09-15,0 days 15:59:41.279786,1343619,59.5,59.49,502,5111,196,-104
343,BMY,2020-09-15,0 days 15:59:44.279422,1343815,59.52,59.51,5864,1100,-2032,196
344,BMY,2020-09-15,0 days 15:59:45.280390,1359577,59.52,59.51,2942,4965,5735,-2032
345,BP,2020-09-15,0 days 15:58:02.232372,73997,19.68,19.67,37308,57502,-43191,6809
346,BRFS,2020-09-15,0 days 15:59:36.233893,48281,4.11,4.1,251310,55704,-23421,27679
347,BRFS,2020-09-15,0 days 15:59:37.233519,46802,4.11,4.1,249559,56404,1479,-23421
348,BRFS,2020-09-15,0 days 15:59:46.234610,48281,4.11,4.1,242609,99315,-121,1279
349,BRFS,2020-09-15,0 days 15:59:48.234470,47002,4.11,4.1,243409,98615,1279,-121
350,BRK.B,2020-09-15,0 days 15:59:15.518942,569822,219.23,219.21,757,173,-52122,56222
351,BRK.B,2020-09-15,0 days 15:59:16.518804,597222,219.06,218.96,720,304,75442,-52122
352,BRK.B,2020-09-15,0 days 15:59:30.519797,659174,219.02,218.98,1206,200,13029,-37017
353,BRK.B,2020-09-15,0 days 15:59:34.518908,620737,219.04,218.99,460,300,-64415,13029
354,BRK.B,2020-09-15,0 days 15:59:39.520383,661376,218.96,218.95,800,595,15859,-45609
355,BRK.B,2020-09-15,0 days 15:59:41.519734,677235,219.01,218.96,240,628,-3895,5451
356,BRK.B,2020-09-15,0 days 15:59:51.522428,672850,219.01,218.92,600,4700,1154,-49851
357,BSX,2020-09-15,0 days 15:59:04.518007,327794,41.06,41.05,4955,4868,-5314,3566
358,BSX,2020-09-15,0 days 15:59:29.517291,332336,41.05,41.04,2052,5620,1717,-1583
359,BSX,2020-09-15,0 days 15:59:34.517635,334053,41.05,41.04,1601,7552,-3322,1717
360,BSX,2020-09-15,0 days 15:59:35.518018,332675,41.05,41.04,2460,6645,1378,-3322
361,BWA,2020-09-15,0 days 15:55:50.241560,154635,42.39,42.38,3414,670,788,-4073
362,BWA,2020-09-15,0 days 15:55:51.241831,148523,42.39,42.38,3314,1473,-6112,788
363,BX,2020-09-15,0 days 15:59:04.519559,78390,53.15,53.14,2709,3051,321,-479
364,BX,2020-09-15,0 days 15:59:19.519112,77479,53.18,53.17,2494,3114,-601,699
365,BX,2020-09-15,0 days 15:59:35.519724,79148,53.19,53.18,610,1112,123,-177
366,BX,2020-09-15,0 days 15:59:44.520267,78971,53.21,53.2,780,4245,-177,123
367,BX,2020-09-15,0 days 15:59:45.520922,79148,53.21,53.2,880,4145,2569,-177
368,BX,2020-09-15,0 days 15:59:46.519920,79517,53.21,53.2,667,4346,-213,2569
369,BX,2020-09-15,0 days 15:59:48.521490,80071,53.21,53.2,675,5557,46,-213
370,BX,2020-09-15,0 days 15:59:50.523734,78617,53.21,53.2,987,677,-1113,346
371,BYD,2020-09-15,0 days 15:57:09.257178,48376,29.15,29.14,737,1267,336,-983
372,BYD,2020-09-15,0 days 15:57:10.257032,47512,29.17,29.16,1100,300,-864,336
373,BYD,2020-09-15,0 days 15:59:16.264001,55959,29.19,29.18,1896,2264,4552,-1420
374,BYD,2020-09-15,0 days 15:59:17.263660,54611,29.2,29.19,137,2606,-1348,4552
375,BYD,2020-09-15,0 days 15:59:38.263707,56766,29.2,29.19,2113,944,423,-655
376,BYD,2020-09-15,0 days 15:59:50.269025,55060,29.17,29.16,1477,670,-1206,1394
377,C,2020-09-15,0 days 15:55:00.233490,1670391,45.02,45.01,6269,6060,-4723,205048
378,C,2020-09-15,0 days 15:55:41.236987,1667191,44.97,44.96,5964,7302,-2523,10676
379,C,2020-09-15,0 days 15:55:57.236584,1727578,44.92,44.91,9400,5938,1399,-3778
380,C,2020-09-15,0 days 15:55:58.237132,1722677,44.92,44.91,9510,7163,-4901,1399
381,C,2020-09-15,0 days 15:56:09.236763,1745333,44.88,44.87,9480,11622,2007,-1993
382,C,2020-09-15,0 days 15:56:10.236938,1738140,44.89,44.88,8169,3589,-7193,2007
383,C,2020-09-15,0 days 15:56:13.237161,1745333,44.86,44.85,9812,9951,2909,-5091
384,C,2020-09-15,0 days 15:56:14.237354,1739542,44.86,44.85,3400,16510,-5791,2909
385,C,2020-09-15,0 days 15:56:16.237558,1745333,44.82,44.81,7900,1719,312,-5091
386,C,2020-09-15,0 days 15:56:18.236859,1741147,44.81,44.8,11142,16223,-4186,2112
387,C,2020-09-15,0 days 15:56:24.236967,1745303,44.78,44.77,12714,6552,5954,-2046
388,C,2020-09-15,0 days 15:56:25.237566,1743023,44.79,44.78,5639,8850,-2280,5954
389,C,2020-09-15,0 days 15:56:32.237399,1744780,44.72,44.71,6094,3402,-523,2123
390,C,2020-09-15,0 days 15:56:36.238533,1744782,44.69,44.68,12998,2623,-4994,1879
391,C,2020-09-15,0 days 15:56:57.237934,1757523,44.8,44.79,10266,4784,1009,-8091
392,C,2020-09-15,0 days 15:57:02.238209,1754900,44.77,44.76,1614,7784,-2993,1707
393,C,2020-09-15,0 days 15:57:34.238765,1759523,44.85,44.84,51515,3600,20105,-1995
394,C,2020-09-15,0 days 15:59:15.243876,2035552,44.86,44.85,9870,16113,-259022,127974
395,CAG,2020-09-15,0 days 15:55:44.241442,155343,34.62,34.61,2653,1920,953,-2107
396,CAG,2020-09-15,0 days 15:55:45.241183,154396,34.62,34.61,2453,1757,-947,953
397,CAG,2020-09-15,0 days 15:55:50.241583,161986,34.61,34.6,500,2874,405,-4490
398,CAG,2020-09-15,0 days 15:55:59.242113,164630,34.61,34.6,2768,3400,-2676,2491
399,CAG,2020-09-15,0 days 15:56:00.242421,164206,34.61,34.6,2932,3450,424,-2676
400,CAG,2020-09-15,0 days 15:56:02.242986,161439,34.62,34.61,1711,4488,-2767,424
401,CAG,2020-09-15,0 days 15:56:03.242214,160606,34.62,34.61,1311,5012,833,-2767
402,CAG,2020-09-15,0 days 15:57:35.241340,167416,34.64,34.63,3354,1262,-1005,1095
403,CAG,2020-09-15,0 days 15:57:36.242342,165521,34.63,34.62,1964,3000,1895,-1005
404,CAG,2020-09-15,0 days 15:57:48.241124,167716,34.63,34.62,3908,3539,-102,295
405,CAG,2020-09-15,0 days 15:57:49.240863,167421,34.63,34.62,2620,4640,495,-102
406,CAG,2020-09-15,0 days 15:57:59.241780,169015,34.63,34.62,2808,5344,-403,1494
407,CAG,2020-09-15,0 days 15:58:00.243186,168921,34.63,34.62,3008,5263,94,-403
408,CAG,2020-09-15,0 days 15:58:01.243878,166216,34.63,34.62,2593,5664,-2402,94
409,CAG,2020-09-15,0 days 15:58:02.242310,165321,34.63,34.62,2437,8860,895,-2402
410,CAG,2020-09-15,0 days 15:58:05.242511,166216,34.63,34.62,2138,6166,-817,480
411,CAG,2020-09-15,0 days 15:58:08.242037,166170,34.63,34.62,3681,5763,46,-1151
412,CAG,2020-09-15,0 days 15:58:09.242179,166216,34.63,34.62,3267,6063,-851,46
413,CAG,2020-09-15,0 days 15:58:10.244081,163770,34.63,34.62,3983,5663,2446,-851
414,CAG,2020-09-15,0 days 15:58:13.243159,166516,34.63,34.62,4768,3394,-1451,546
415,CAG,2020-09-15,0 days 15:58:14.242416,166167,34.63,34.62,5718,2894,349,-1451
416,CAG,2020-09-15,0 days 15:58:29.243146,166516,34.63,34.62,5653,5220,-851,349
417,CAG,2020-09-15,0 days 15:58:30.243324,166967,34.63,34.62,6202,4696,356,-851
418,CAG,2020-09-15,0 days 15:58:44.244226,166667,34.63,34.62,4414,3781,356,-244
419,CAG,2020-09-15,0 days 15:59:06.245348,167924,34.64,34.63,4525,5277,-162,304
420,CAG,2020-09-15,0 days 15:59:07.245268,167686,34.64,34.63,5892,4157,1290,-162
421,CAG,2020-09-15,0 days 15:59:10.245432,169064,34.64,34.63,3427,5914,-922,390
422,CAG,2020-09-15,0 days 15:59:11.245417,168786,34.64,34.63,4894,5569,278,-922
423,CAG,2020-09-15,0 days 15:59:12.245390,169072,34.64,34.63,5617,5618,-2292,278
424,CAG,2020-09-15,0 days 15:59:13.245502,168964,34.64,34.63,7084,3915,108,-2292
425,CAG,2020-09-15,0 days 15:59:23.244164,183597,34.63,34.62,1046,6325,-700,482
426,CAG,2020-09-15,0 days 15:59:24.243882,182697,34.63,34.62,2681,5425,900,-700
427,CAG,2020-09-15,0 days 15:59:27.243890,183597,34.63,34.62,1450,5150,-4200,597
428,CAG,2020-09-15,0 days 15:59:28.244258,183400,34.63,34.62,2488,4976,1697,-4200
429,CAG,2020-09-15,0 days 15:59:31.245010,184997,34.6,34.59,1454,2500,-39852,948
430,CAH,2020-09-15,0 days 15:55:00.245894,147918,46.66,46.64,1048,203,1643,-36115
431,CAH,2020-09-15,0 days 15:56:09.249326,151977,46.63,46.62,359,474,-8673,1227
432,CAH,2020-09-15,0 days 15:56:10.248884,151009,46.63,46.61,842,1656,968,-8673
433,CAH,2020-09-15,0 days 15:56:12.249628,151977,46.63,46.61,559,1051,-232,968
434,CAH,2020-09-15,0 days 15:56:13.249413,151609,46.63,46.62,559,305,368,-232
435,CAH,2020-09-15,0 days 15:57:10.250925,152110,46.63,46.61,1105,1621,-571,178
436,CAH,2020-09-15,0 days 15:57:11.250692,151881,46.63,46.61,1105,1621,229,-571
437,CAH,2020-09-15,0 days 15:57:39.245648,160477,46.61,46.6,700,2135,-8104,1796
438,CAH,2020-09-15,0 days 15:57:40.245786,161181,46.61,46.6,1480,2435,996,-8104
439,CAH,2020-09-15,0 days 15:57:46.245397,165077,46.61,46.6,2033,3081,-104,296
440,CAH,2020-09-15,0 days 15:57:48.245635,164581,46.6,46.59,800,1950,496,-404
441,CAH,2020-09-15,0 days 15:57:54.245088,166477,46.61,46.59,1057,2041,-171,629
442,CAH,2020-09-15,0 days 15:57:55.245289,165848,46.61,46.6,857,150,729,-171
443,CAH,2020-09-15,0 days 15:57:58.246682,167477,46.61,46.6,968,1693,-171,29
444,CAH,2020-09-15,0 days 15:57:59.246106,166748,46.61,46.6,668,1893,1029,-171
445,CAH,2020-09-15,0 days 15:58:01.247505,166877,46.62,46.61,145,860,-171,1029
446,CAH,2020-09-15,0 days 15:58:06.246660,166548,46.62,46.61,1695,2260,23,-471
447,CAH,2020-09-15,0 days 15:59:34.240877,329167,46.57,46.56,1670,1145,28735,-107893
448,CAH,2020-09-15,0 days 15:59:35.241011,321008,46.59,46.58,512,708,-8459,28735
449,CARR,2020-09-15,0 days 15:59:05.520346,344053,29.75,29.74,1708,700,-27701,6182
450,CARR,2020-09-15,0 days 15:59:06.519990,338154,29.74,29.73,556,2592,5997,-27701
451,CARR,2020-09-15,0 days 15:59:35.519712,360746,29.77,29.76,1700,787,-2933,855
452,CAT,2020-09-15,0 days 15:55:00.508834,218128,148.76,148.73,400,200,1698,-8466
453,CAT,2020-09-15,0 days 15:55:42.511562,221454,148.61,148.59,800,635,-2705,1872
454,CAT,2020-09-15,0 days 15:55:43.511534,220159,148.58,148.56,300,225,1295,-2705
455,CAT,2020-09-15,0 days 15:55:52.511890,222401,148.54,148.53,500,218,-658,1942
456,CAT,2020-09-15,0 days 15:55:53.511960,221259,148.53,148.52,390,100,1142,-658
457,CAT,2020-09-15,0 days 15:56:40.512695,224586,148.51,148.49,400,526,-9,343
458,CAT,2020-09-15,0 days 15:57:10.513289,224586,148.39,148.37,100,1056,-13,287
459,CAT,2020-09-15,0 days 15:57:14.513338,223466,148.41,148.39,298,500,1120,-280
460,CAT,2020-09-15,0 days 15:58:00.516837,239119,148.49,148.47,200,321,-2129,1271
461,CAT,2020-09-15,0 days 15:58:01.516459,236748,148.5,148.49,100,200,5771,-2129
462,CAT,2020-09-15,0 days 15:58:02.516373,231719,148.51,148.49,269,527,-8129,5771
463,CAT,2020-09-15,0 days 15:58:03.516546,229617,148.53,148.5,900,522,1102,-8129
464,CAT,2020-09-15,0 days 15:59:09.520578,230804,148.62,148.59,429,178,-4806,1759
465,CAT,2020-09-15,0 days 15:59:10.520526,228548,148.6,148.57,500,447,5956,-4806
466,CAT,2020-09-15,0 days 15:59:19.519112,238518,148.61,148.58,285,645,-12435,865
467,CAT,2020-09-15,0 days 15:59:20.519788,236948,148.61,148.59,406,204,1570,-12435
468,CAT,2020-09-15,0 days 15:59:30.520042,236710,148.63,148.61,170,1322,-1210,4090
469,CAT,2020-09-15,0 days 15:59:31.519557,235420,148.66,148.61,372,825,1290,-1210
470,CAT,2020-09-15,0 days 15:59:42.520245,235211,148.66,148.64,495,1430,-13068,16683
471,CAT,2020-09-15,0 days 15:59:43.520192,233055,148.66,148.65,236,821,2156,-13068
472,CCJ,2020-09-15,0 days 15:56:06.248414,62308,11.16,11.15,26540,9686,-1562,2421
473,CCJ,2020-09-15,0 days 15:56:07.248820,59953,11.16,11.15,26140,9540,2355,-1562
474,CCJ,2020-09-15,0 days 15:59:17.240444,66977,11.19,11.18,28956,20075,-1616,252
475,CCJ,2020-09-15,0 days 15:59:18.240190,65993,11.19,11.18,29656,19914,984,-1616
476,CCJ,2020-09-15,0 days 15:59:46.242484,66977,11.19,11.18,10680,46126,-3907,288
477,CDE,2020-09-15,0 days 15:59:21.253697,125790,8.21,8.2,23311,35196,-5233,4576
478,CDE,2020-09-15,0 days 15:59:22.254004,122523,8.21,8.2,26355,28267,3267,-5233
479,CDE,2020-09-15,0 days 15:59:47.254969,126785,8.2,8.19,33500,22030,1400,-13200
480,CFG,2020-09-15,0 days 15:55:00.253040,199413,26.75,26.74,14800,2110,-6591,54626
481,CFG,2020-09-15,0 days 15:55:01.251755,193604,26.74,26.73,11286,3841,4209,-6591
482,CFG,2020-09-15,0 days 15:55:24.254051,199972,26.76,26.75,1559,13270,-33932,4768
483,CFG,2020-09-15,0 days 15:55:25.254201,198004,26.76,26.75,4409,8977,368,-33932
484,CFG,2020-09-15,0 days 15:56:06.255095,201102,26.76,26.75,1875,14171,-670,2130
485,CFG,2020-09-15,0 days 15:59:04.263423,219468,26.72,26.71,13355,8364,-33943,1206
486,CHWY,2020-09-15,0 days 15:55:44.236974,51164,53.74,53.7,600,300,-1024,2676
487,CHWY,2020-09-15,0 days 15:55:45.236379,49188,53.74,53.7,600,1086,1976,-1024
488,CHWY,2020-09-15,0 days 15:57:40.239011,53342,53.84,53.82,100,569,-651,1452
489,CHWY,2020-09-15,0 days 15:57:41.239552,51693,53.84,53.83,972,300,1152,-651
490,CHWY,2020-09-15,0 days 15:58:34.241909,52448,53.86,53.85,531,1350,-1056,241
491,CHWY,2020-09-15,0 days 15:58:35.242808,40304,53.86,53.85,531,1350,10647,-1056
492,CIEN,2020-09-15,0 days 15:55:39.227132,91581,41.6,41.59,527,956,-163,177
493,CIEN,2020-09-15,0 days 15:55:40.227252,90944,41.6,41.59,527,856,637,-163
494,CIEN,2020-09-15,0 days 15:55:43.227905,91581,41.6,41.59,827,867,-6363,637
495,CIEN,2020-09-15,0 days 15:56:26.228396,108682,41.58,41.57,226,667,149,-10551
496,CIEN,2020-09-15,0 days 15:56:27.228683,108507,41.6,41.59,690,125,-275,149
497,CIEN,2020-09-15,0 days 15:56:28.228527,109082,41.6,41.59,590,225,125,-275
498,CIEN,2020-09-15,0 days 15:57:34.231276,112533,41.61,41.6,780,1581,-602,98
499,CIEN,2020-09-15,0 days 15:57:58.232261,112933,41.61,41.6,1436,726,-1102,198
500,CIEN,2020-09-15,0 days 15:57:59.231551,111835,41.61,41.6,1077,600,1098,-1102
501,CIEN,2020-09-15,0 days 15:58:16.232740,112625,41.61,41.59,1342,1448,108,-2392
502,CIEN,2020-09-15,0 days 15:58:30.233667,112733,41.61,41.6,1452,404,-792,108
503,CIG,2020-09-15,0 days 15:59:01.249184,171477,2.07,2.06,247546,404100,-57982,74018
504,CIG,2020-09-15,0 days 15:59:36.241127,171477,2.07,2.06,161146,490614,-32621,47979
505,CIM,2020-09-15,0 days 15:55:01.507992,75548,8.95,8.94,23381,27389,-1588,712
506,CIM,2020-09-15,0 days 15:57:42.514921,80789,8.95,8.94,31522,22811,465,-35
507,CIM,2020-09-15,0 days 15:57:43.515630,79254,8.95,8.94,30696,22731,-1535,465
508,CIM,2020-09-15,0 days 15:57:46.514818,80789,8.95,8.94,32171,20649,465,-235
509,CIM,2020-09-15,0 days 15:57:47.515186,79354,8.95,8.94,30671,22759,-1435,465
510,CIM,2020-09-15,0 days 15:57:49.514925,80789,8.95,8.94,32271,21264,1265,-235
511,CIM,2020-09-15,0 days 15:57:50.514935,70064,8.95,8.94,30671,22754,-10725,1265
512,CIM,2020-09-15,0 days 15:59:01.519494,81749,8.95,8.94,37043,19440,8592,-11208
513,CIM,2020-09-15,0 days 15:59:02.519592,80841,8.96,8.95,29873,29269,-908,8592
514,CIM,2020-09-15,0 days 15:59:38.519548,84385,8.95,8.94,35671,23519,1048,-1480
515,CIM,2020-09-15,0 days 15:59:39.520730,83733,8.95,8.94,42872,23780,-652,1048
516,CIM,2020-09-15,0 days 15:59:46.519759,84385,8.95,8.94,42558,21398,742,-652
517,CIM,2020-09-15,0 days 15:59:47.520818,83827,8.95,8.94,27440,25593,-558,742
518,CL,2020-09-15,0 days 15:55:05.242317,183853,77.09,77.08,433,1105,-466,2814
519,CL,2020-09-15,0 days 15:55:06.242339,181119,77.09,77.08,231,1405,2734,-466
520,CL,2020-09-15,0 days 15:55:34.244642,185378,77.01,77.0,1431,307,-198,3759
521,CL,2020-09-15,0 days 15:55:35.245097,182976,77.0,76.99,1231,395,2402,-198
522,CL,2020-09-15,0 days 15:56:16.246633,187686,77.07,77.06,1000,1429,-223,77
523,CL,2020-09-15,0 days 15:56:17.246262,185909,77.06,77.05,1303,930,1777,-223
524,CL,2020-09-15,0 days 15:57:12.247357,187686,77.09,77.08,1345,300,-139,340
525,CL,2020-09-15,0 days 15:57:25.245650,186396,77.09,77.08,343,2746,1290,-139
526,CL,2020-09-15,0 days 15:57:32.246142,187686,77.09,77.08,1854,939,-139,1290
527,CL,2020-09-15,0 days 15:57:34.246503,188025,77.09,77.08,1554,1134,1461,-339
528,CL,2020-09-15,0 days 15:57:39.246484,190786,77.09,77.08,1654,2570,-139,1461
529,CL,2020-09-15,0 days 15:57:40.246574,189325,77.09,77.08,1852,1970,1461,-139
530,CL,2020-09-15,0 days 15:58:01.249430,192689,77.06,77.05,719,2947,-1801,3296
531,CL,2020-09-15,0 days 15:58:02.248249,190340,77.06,77.05,2088,800,2349,-1801
532,CL,2020-09-15,0 days 15:59:03.251626,195025,77.07,77.06,681,2311,-253,1402
533,CL,2020-09-15,0 days 15:59:04.251754,194643,77.07,77.06,605,2311,382,-253
534,CL,2020-09-15,0 days 15:59:09.251914,195025,77.07,77.06,1664,1809,-3631,716
535,CL,2020-09-15,0 days 15:59:40.254321,225421,76.98,76.97,2700,1020,429,-4171
536,CLDR,2020-09-15,0 days 15:55:33.244868,129057,11.12,11.11,4586,21719,-39381,52719
537,CLDR,2020-09-15,0 days 15:55:34.244711,124138,11.12,11.11,6886,19345,4919,-39381
538,CLDR,2020-09-15,0 days 15:57:02.246896,133267,11.11,11.1,12869,15209,-3222,1318
539,CLDR,2020-09-15,0 days 15:57:03.246681,129789,11.11,11.1,13369,14209,3478,-3222
540,CLDR,2020-09-15,0 days 15:59:01.251684,135481,11.13,11.12,12829,13127,-2023,1977
541,CLDR,2020-09-15,0 days 15:59:02.252506,133604,11.13,11.12,10833,11890,2866,-2023
542,CLDR,2020-09-15,0 days 15:59:18.253216,139727,11.14,11.13,6652,22128,-9244,2158
543,CLDR,2020-09-15,0 days 15:59:32.254357,141989,11.15,11.14,43503,24422,374,-11326
544,CLDR,2020-09-15,0 days 15:59:36.253699,142363,11.15,11.14,46740,23834,-3726,4474
545,CLDR,2020-09-15,0 days 15:59:37.253829,142089,11.15,11.14,46459,24435,274,-3726
546,CLDR,2020-09-15,0 days 15:59:40.254376,142363,11.15,11.14,61719,24268,-2366,274
547,CLDR,2020-09-15,0 days 15:59:41.254948,142267,11.14,11.13,36788,7094,96,-2366
548,CLF,2020-09-15,0 days 15:55:00.227261,96002,6.43,6.42,48147,53688,10108,-2274
549,CLF,2020-09-15,0 days 15:55:49.228021,106110,6.43,6.42,58904,57181,-884,926
550,CLF,2020-09-15,0 days 15:55:53.228105,107394,6.43,6.42,60516,54214,14316,-484
551,CLF,2020-09-15,0 days 15:57:12.230570,121760,6.43,6.42,63504,114255,-2550,10384
552,CLF,2020-09-15,0 days 15:58:04.232230,139287,6.43,6.42,38898,126891,4632,-4142
553,CLF,2020-09-15,0 days 15:58:05.232613,104119,6.43,6.42,37212,127105,-28642,4632
554,CLF,2020-09-15,0 days 15:58:16.232651,148561,6.43,6.42,69940,107045,17678,-28622
555,CLF,2020-09-15,0 days 15:58:17.233431,144439,6.43,6.42,45066,113757,-3722,17678
556,CLF,2020-09-15,0 days 15:59:41.234349,150270,6.43,6.42,107811,45500,-284,38309
557,CLNY,2020-09-15,0 days 15:55:33.227189,69444,2.59,2.58,47051,19804,521,-2179
558,CLNY,2020-09-15,0 days 15:55:34.227357,67565,2.59,2.58,48451,10409,-1879,521
559,CLNY,2020-09-15,0 days 15:58:52.233618,85984,2.62,2.61,38835,55853,34757,-2743
560,CLNY,2020-09-15,0 days 15:58:53.233654,83241,2.62,2.61,38835,55853,-2743,34757
561,CLNY,2020-09-15,0 days 15:59:20.234522,91181,2.61,2.6,63958,48716,5414,-641
562,CLNY,2020-09-15,0 days 15:59:46.235946,91758,2.61,2.6,46259,57250,337,-1263
563,CLNY,2020-09-15,0 days 15:59:48.235947,90595,2.61,2.6,46459,54239,-1163,337
564,CLR,2020-09-15,0 days 15:55:34.227384,53028,13.02,13.01,5599,7193,6318,-682
565,CLR,2020-09-15,0 days 15:55:42.227745,58746,13.02,13.01,5965,3623,-223,5618
566,CLR,2020-09-15,0 days 15:55:44.227730,58969,13.02,13.01,6401,3821,977,-223
567,CLR,2020-09-15,0 days 15:58:35.233844,72903,13.02,13.01,9083,16474,2357,-3543
568,CLR,2020-09-15,0 days 15:58:36.233488,69060,13.02,13.01,8288,18174,-3843,2357
569,CMA,2020-09-15,0 days 15:55:59.242089,86554,40.57,40.56,967,1044,-1705,2495
570,CMA,2020-09-15,0 days 15:56:00.242421,86259,40.56,40.55,931,705,295,-1705
571,CMA,2020-09-15,0 days 15:56:06.242223,93454,40.57,40.55,507,1127,-843,895
572,CMA,2020-09-15,0 days 15:56:07.242620,92597,40.57,40.55,707,1127,857,-843
573,CMA,2020-09-15,0 days 15:57:18.240114,94717,40.49,40.47,300,100,-52,448
574,CMA,2020-09-15,0 days 15:57:33.240966,94717,40.48,40.47,166,1100,-152,607
575,CMA,2020-09-15,0 days 15:57:34.241057,94610,40.49,40.47,1041,1200,7007,-152
576,CMA,2020-09-15,0 days 15:58:38.243471,103874,40.53,40.51,531,1473,296,-704
577,CMA,2020-09-15,0 days 15:59:09.245442,106604,40.54,40.53,799,2244,-2089,1415
578,CMA,2020-09-15,0 days 15:59:10.245405,106193,40.54,40.53,733,2078,511,-2089
579,CMA,2020-09-15,0 days 15:59:12.245390,106947,40.54,40.53,699,1963,-1102,563
580,CMA,2020-09-15,0 days 15:59:30.245007,169152,40.6,40.59,1413,1335,4069,-4431
581,CMA,2020-09-15,0 days 15:59:35.244223,173521,40.59,40.58,368,348,-4010,149
582,CMA,2020-09-15,0 days 15:59:39.244782,172422,40.57,40.56,1300,303,1099,-8401
583,CNC,2020-09-15,0 days 15:57:37.258391,262493,58.14,58.11,935,1001,-1190,3010
584,CNC,2020-09-15,0 days 15:57:38.258440,254583,58.13,58.11,113,1001,7910,-1190
585,CNC,2020-09-15,0 days 15:59:29.263156,266716,58.24,58.22,235,399,-2221,7910
586,CNC,2020-09-15,0 days 15:59:32.264219,263037,58.22,58.21,294,100,3679,-2221
587,CNC,2020-09-15,0 days 15:59:35.264228,266716,58.23,58.22,133,400,-15135,3385
588,CNC,2020-09-15,0 days 16:00:00.256886,264557,58.2,58.15,3091,9942,2159,-13819
589,CNHI,2020-09-15,0 days 15:58:48.261731,14789,7.98,7.97,38621,53825,-2185,644
590,CNK,2020-09-15,0 days 15:58:50.243952,185308,12.42,12.41,16313,5979,46,-10624
591,CNK,2020-09-15,0 days 15:58:59.244221,177465,12.4,12.39,4508,5300,-2243,2746
592,CNK,2020-09-15,0 days 15:59:38.244313,190701,12.43,12.42,6157,6284,4872,-319
593,CNK,2020-09-15,0 days 15:59:39.244965,186573,12.43,12.42,20641,4576,-4128,4872
594,CNK,2020-09-15,0 days 15:59:46.245970,190701,12.43,12.42,22991,872,6963,-12928
595,CNP,2020-09-15,0 days 15:55:05.243840,245311,19.03,19.02,11765,8161,6048,-5152
596,CNP,2020-09-15,0 days 15:55:06.244140,242859,19.02,19.01,16570,7411,-2452,6048
597,CNP,2020-09-15,0 days 15:55:15.245569,245311,19.02,19.01,18954,4610,1041,-552
598,CNP,2020-09-15,0 days 15:55:16.245822,241752,19.02,19.01,18554,4610,-1659,1041
599,CNP,2020-09-15,0 days 15:55:39.246977,243411,19.01,19.0,9145,14696,1901,-675
600,CNP,2020-09-15,0 days 15:57:19.244240,250670,19.04,19.03,11889,16114,815,-985
601,CNP,2020-09-15,0 days 15:57:21.244714,251085,19.04,19.03,12311,14592,-1185,1115
602,CNP,2020-09-15,0 days 15:58:13.248044,263335,19.01,19.0,18675,6055,-1835,4765
603,CNP,2020-09-15,0 days 15:59:16.246432,309709,19.02,19.01,13215,18003,-327,1473
604,CNQ,2020-09-15,0 days 15:57:04.270941,35684,17.84,17.83,16300,9944,-249,351
605,CNQ,2020-09-15,0 days 15:57:05.270770,34133,17.84,17.83,17500,8944,1551,-249
606,CNQ,2020-09-15,0 days 15:57:53.273432,37784,17.84,17.83,15857,3610,-4293,2791
607,CNQ,2020-09-15,0 days 15:57:54.272918,37893,17.84,17.83,17167,3110,191,-4293
608,CNQ,2020-09-15,0 days 15:59:01.279192,39384,17.84,17.83,9162,10822,-395,2491
609,CNX,2020-09-15,0 days 15:59:11.236189,242407,10.64,10.63,8185,8983,6881,-15680
610,CNX,2020-09-15,0 days 15:59:12.236231,234288,10.64,10.63,740,24276,-8119,6881
611,CNX,2020-09-15,0 days 15:59:15.236166,242407,10.64,10.63,1697,16455,5825,-8119
612,CNX,2020-09-15,0 days 15:59:16.236038,235332,10.64,10.63,2196,18782,-7075,5825
613,CNX,2020-09-15,0 days 15:59:48.234502,240807,10.63,10.62,12067,4348,-1200,5900
614,COF,2020-09-15,0 days 15:55:10.226029,156951,73.18,73.17,200,316,680,-520
615,COF,2020-09-15,0 days 15:56:06.228473,158666,73.17,73.14,522,840,-1527,673
616,COF,2020-09-15,0 days 15:56:07.228332,157993,73.15,73.14,400,440,673,-1527
617,COF,2020-09-15,0 days 15:56:50.230035,158756,73.11,73.1,200,639,-459,440
618,COF,2020-09-15,0 days 15:56:51.229233,158015,73.11,73.1,600,539,741,-459
619,COF,2020-09-15,0 days 15:57:34.230315,159655,73.18,73.17,1100,799,-2614,486
620,COF,2020-09-15,0 days 15:57:35.230614,159215,73.18,73.17,1400,399,440,-2614
621,COF,2020-09-15,0 days 15:57:36.231307,159801,73.19,73.18,685,500,-1214,440
622,COF,2020-09-15,0 days 15:58:05.232465,168615,73.18,73.15,962,100,2075,-625
623,COF,2020-09-15,0 days 15:58:06.232271,167848,73.16,73.13,823,718,-767,2075
624,COF,2020-09-15,0 days 15:58:14.232532,203815,73.16,73.12,723,300,3533,-567
625,COF,2020-09-15,0 days 15:59:22.236742,274993,73.32,73.29,824,315,-98,62
626,COF,2020-09-15,0 days 15:59:29.234873,268625,73.29,73.27,324,660,6368,-2732
627,COF,2020-09-15,0 days 15:59:46.234558,276293,73.32,73.29,332,700,-2518,3160
628,COF,2020-09-15,0 days 15:59:48.234410,275488,73.33,73.31,690,200,805,-4050
629,COF,2020-09-15,0 days 15:59:49.233991,276293,73.33,73.31,436,100,-1323,805
630,COF,2020-09-15,0 days 15:59:50.236960,247615,73.32,73.28,300,360,28678,-1323
631,COG,2020-09-15,0 days 15:55:47.227726,629184,18.69,18.68,1639,8882,3617,-383
632,COG,2020-09-15,0 days 15:55:50.228240,643501,18.69,18.68,3996,7234,-1122,1290
633,COG,2020-09-15,0 days 15:57:06.229485,649056,18.69,18.68,8590,9316,1710,-1290
634,COG,2020-09-15,0 days 15:57:07.229867,647866,18.69,18.68,8886,10626,-1190,1710
635,COG,2020-09-15,0 days 15:57:43.231379,675456,18.7,18.69,16873,6343,2281,-3419
636,COG,2020-09-15,0 days 15:57:44.231207,671837,18.7,18.69,15173,8060,-3619,2281
637,COG,2020-09-15,0 days 15:57:48.231242,678456,18.7,18.69,17974,4017,8311,-6589
638,COG,2020-09-15,0 days 15:57:50.230981,668767,18.7,18.69,17574,4418,-9689,2011
639,COG,2020-09-15,0 days 15:58:06.232360,668782,18.69,18.68,13765,3236,1033,-4267
640,COG,2020-09-15,0 days 15:59:39.234887,693420,18.69,18.68,20696,5266,8730,-2970
641,COG,2020-09-15,0 days 15:59:40.235776,691350,18.69,18.68,20287,3566,-2070,8730
642,COG,2020-09-15,0 days 15:59:49.236658,675788,18.68,18.67,7974,12114,-265,4486
643,COP,2020-09-15,0 days 15:55:00.240598,532284,33.7,33.69,2547,3842,1561,-133970
644,COP,2020-09-15,0 days 15:55:05.239792,533845,33.7,33.69,4092,2808,-177,1561
645,COP,2020-09-15,0 days 15:55:06.240036,532122,33.7,33.69,3202,3823,1723,-177
646,COP,2020-09-15,0 days 15:55:41.242796,537870,33.68,33.67,1778,5143,-30396,3404
647,COP,2020-09-15,0 days 15:57:33.241054,583716,33.69,33.68,4915,4650,4333,-67
648,COP,2020-09-15,0 days 15:57:34.241177,580649,33.69,33.68,3915,5250,-1667,4333
649,COP,2020-09-15,0 days 15:57:35.241453,583716,33.69,33.68,4321,5138,933,-1667
650,COP,2020-09-15,0 days 15:57:36.242451,580949,33.69,33.68,6366,3433,-1367,933
651,COP,2020-09-15,0 days 15:57:57.241529,582316,33.67,33.66,7991,856,1033,-2667
652,COP,2020-09-15,0 days 15:57:58.242809,579649,33.67,33.66,7291,1354,-2667,1033
653,COP,2020-09-15,0 days 15:58:09.242296,569349,33.7,33.69,4105,3597,-8485,2615
654,COP,2020-09-15,0 days 15:59:06.245556,618949,33.74,33.73,3285,3259,1196,-12976
655,COP,2020-09-15,0 days 15:59:17.244615,622160,33.75,33.74,7037,2020,1219,-3181
656,COTY,2020-09-15,0 days 15:55:00.508021,539500,3.2,3.19,130741,244448,-10404,20529
657,COTY,2020-09-15,0 days 15:55:33.511651,549904,3.2,3.19,176689,236342,6526,-9874
658,COTY,2020-09-15,0 days 15:55:34.511609,468730,3.2,3.19,176689,235542,-81174,6526
659,COTY,2020-09-15,0 days 15:59:01.519463,591937,3.19,3.18,364328,210467,41379,-59679
660,COTY,2020-09-15,0 days 15:59:02.519558,589416,3.19,3.18,356728,250199,-3473,41379
661,COTY,2020-09-15,0 days 15:59:40.520144,613299,3.19,3.18,415345,204574,-68871,7829
662,COTY,2020-09-15,0 days 15:59:48.521228,681945,3.19,3.18,417142,147790,-3625,175
663,CPB,2020-09-15,0 days 15:59:21.264230,578695,45.51,45.5,800,3446,38434,-107085
664,CPE,2020-09-15,0 days 15:56:12.245898,58597,5.63,5.62,13878,1941,75,-1725
665,CPE,2020-09-15,0 days 15:56:27.246512,56872,5.63,5.62,13391,1658,-1725,75
666,CPRI,2020-09-15,0 days 15:56:21.224589,83367,21.15,21.14,3980,984,7369,-10831
667,CPRI,2020-09-15,0 days 15:59:30.233358,86584,21.17,21.16,4443,4413,-4293,1379
668,CRK,2020-09-15,0 days 15:55:50.236626,44036,4.98,4.97,8259,5563,-3263,5437
669,CRK,2020-09-15,0 days 15:57:08.238396,49631,4.96,4.95,11594,6013,1642,-2958
670,CRK,2020-09-15,0 days 15:57:09.238678,49073,4.96,4.95,10294,8667,-558,1642
671,CRK,2020-09-15,0 days 15:57:27.238342,50331,4.96,4.95,5712,9872,1342,-558
672,CRK,2020-09-15,0 days 15:57:28.238393,49773,4.96,4.95,5012,10372,-558,1342
673,CRK,2020-09-15,0 days 15:57:54.239708,50331,4.96,4.95,5223,10589,351,-549
674,CRK,2020-09-15,0 days 15:57:55.239991,46682,4.96,4.95,4923,11599,-3649,351
675,CRK,2020-09-15,0 days 15:58:03.240384,50331,4.96,4.95,5384,9485,2551,-3649
676,CRK,2020-09-15,0 days 15:58:04.240684,46682,4.96,4.95,4584,9793,-3649,2551
677,CRK,2020-09-15,0 days 15:58:06.240588,50331,4.96,4.95,5101,9793,2611,-3649
678,CRK,2020-09-15,0 days 15:58:07.240663,49942,4.96,4.95,4684,11210,-389,2611
679,CRM,2020-09-15,0 days 15:57:38.245831,298150,250.73,250.67,100,305,1217,-183
680,CRM,2020-09-15,0 days 15:57:39.245525,295167,250.73,250.63,300,479,-2983,1217
681,CRM,2020-09-15,0 days 15:57:40.245680,298150,250.72,250.63,241,579,3217,-2983
682,CRM,2020-09-15,0 days 15:57:41.245847,295267,250.74,250.67,1412,420,-2988,3217
683,CRM,2020-09-15,0 days 15:58:00.247271,297083,250.97,250.94,400,385,1152,-417
684,CRM,2020-09-15,0 days 15:58:01.247306,294635,251.0,250.96,100,340,-2448,1152
685,CRM,2020-09-15,0 days 15:58:07.246965,297083,250.94,250.88,550,143,152,-4148
686,CRM,2020-09-15,0 days 15:58:09.246614,294735,250.96,250.92,300,817,-2348,2052
687,CRM,2020-09-15,0 days 15:59:05.249647,300302,251.49,251.43,700,828,97,-2090
688,CRM,2020-09-15,0 days 15:59:14.249112,301755,251.57,251.51,100,434,-4557,243
689,CRM,2020-09-15,0 days 15:59:15.247228,306312,251.57,251.51,300,534,343,-4557
690,CRM,2020-09-15,0 days 15:59:44.241008,345558,251.84,251.8,282,717,-7142,13858
691,CRM,2020-09-15,0 days 15:59:45.242565,344100,251.91,251.89,100,340,3572,-7142
692,CTL,2020-09-15,0 days 15:57:43.258846,929292,10.99,10.98,50252,35232,-2581,5619
693,CTL,2020-09-15,0 days 15:57:44.258361,923673,10.99,10.98,55556,33732,5619,-2581
694,CTL,2020-09-15,0 days 15:57:57.258518,929292,10.99,10.98,66940,35481,-981,13819
695,CTL,2020-09-15,0 days 15:57:58.259128,923673,10.99,10.98,69140,31122,5619,-981
696,CTL,2020-09-15,0 days 15:58:00.260373,920190,10.99,10.98,53991,34231,-3483,5619
697,CTL,2020-09-15,0 days 15:58:01.261414,915373,10.99,10.98,57172,33027,4117,-3483
698,CTL,2020-09-15,0 days 15:59:04.263432,926649,10.99,10.98,48958,46480,-3024,4851
699,CTL,2020-09-15,0 days 15:59:05.263841,924173,10.99,10.98,44858,36953,2476,-3024
700,CTL,2020-09-15,0 days 15:59:10.264604,926649,10.99,10.98,45429,42980,-2486,2476
701,CTL,2020-09-15,0 days 15:59:11.263916,924535,10.99,10.98,50761,40280,2114,-2486
702,CTL,2020-09-15,0 days 15:59:12.263940,927349,10.99,10.98,62915,44515,-3868,2114
703,CTL,2020-09-15,0 days 15:59:19.263855,925277,10.99,10.98,61812,39396,1372,-2328
704,CTL,2020-09-15,0 days 15:59:28.264212,914649,11.01,11.0,36908,36343,-20028,1472
705,CTL,2020-09-15,0 days 15:59:45.266773,918277,11.0,10.99,55262,50769,3050,-150
706,CTVA,2020-09-15,0 days 15:55:06.225740,183676,29.54,29.53,4103,2689,-1058,1642
707,CTVA,2020-09-15,0 days 15:55:07.225616,183434,29.54,29.53,4201,2640,242,-1058
708,CTVA,2020-09-15,0 days 15:56:12.228340,187521,29.54,29.53,5645,4155,-8284,716
709,CTVA,2020-09-15,0 days 15:57:17.230453,194355,29.52,29.51,2871,2827,4209,-391
710,CTVA,2020-09-15,0 days 15:57:18.229619,193964,29.52,29.51,2132,3617,-391,4209
711,CTVA,2020-09-15,0 days 15:57:35.230707,194355,29.52,29.51,4608,5954,1609,-291
712,CTVA,2020-09-15,0 days 15:57:36.231418,193464,29.52,29.51,5635,5654,-891,1609
713,CTVA,2020-09-15,0 days 15:57:48.231031,202264,29.49,29.48,3212,3125,-1091,1209
714,CTVA,2020-09-15,0 days 15:58:01.232912,201964,29.5,29.49,1890,4283,-1691,609
715,CTVA,2020-09-15,0 days 15:58:10.233418,203001,29.5,29.49,6597,500,2163,-2637
716,CTVA,2020-09-15,0 days 15:58:11.232516,201264,29.5,29.49,4469,2500,-1737,2163
717,CVS,2020-09-15,0 days 15:55:49.254411,337419,57.04,57.03,1987,2581,-318,7793
718,CVS,2020-09-15,0 days 15:55:50.254560,330737,57.04,57.03,3219,999,6682,-318
719,CVS,2020-09-15,0 days 15:56:03.255256,328878,57.06,57.05,700,3956,5813,-2087
720,CVS,2020-09-15,0 days 15:57:20.257533,351470,57.06,57.05,3446,3614,-693,3307
721,CVS,2020-09-15,0 days 15:57:21.257414,348063,57.06,57.05,3066,4104,3407,-693
722,CVS,2020-09-15,0 days 15:58:01.261274,354250,57.01,57.0,9577,34875,-9526,5161
723,CVS,2020-09-15,0 days 15:58:02.260197,353971,57.01,57.0,9577,33346,279,-9526
724,CVS,2020-09-15,0 days 15:58:13.260562,348162,57.01,57.0,15654,31100,-1637,5763
725,CVS,2020-09-15,0 days 15:58:14.260382,344899,57.01,57.0,13454,33000,3263,-1637
726,CVS,2020-09-15,0 days 15:59:04.263292,359013,57.01,57.0,12866,18157,-43481,1962
727,CVX,2020-09-15,0 days 15:59:17.519110,1351392,76.24,76.21,913,1757,21743,-29786
728,CVX,2020-09-15,0 days 15:59:18.519270,1344235,76.24,76.23,444,755,-7157,21743
729,CVX,2020-09-15,0 days 15:59:21.519838,1360929,76.28,76.27,700,2387,248049,-8399
730,CWH,2020-09-15,0 days 15:55:38.511514,52884,33.25,33.22,370,125,1758,-2226
731,CWH,2020-09-15,0 days 15:56:11.512806,54664,33.19,33.16,325,100,-2589,411
732,CWH,2020-09-15,0 days 15:56:12.512364,54553,33.19,33.16,425,400,111,-2589
733,CWH,2020-09-15,0 days 15:57:10.513178,59822,33.13,33.1,422,705,-6098,1852
734,CWH,2020-09-15,0 days 15:57:11.512913,58920,33.13,33.1,422,705,902,-6098
735,CWH,2020-09-15,0 days 15:57:16.513649,62372,33.1,33.06,360,368,-1248,6002
736,CWH,2020-09-15,0 days 15:57:17.513447,61220,33.1,33.06,460,368,1152,-1248
737,CWH,2020-09-15,0 days 15:57:29.513923,58920,33.14,33.12,297,125,902,-1398
738,CWH,2020-09-15,0 days 15:57:40.514698,59822,33.18,33.14,715,607,-498,2
739,CWH,2020-09-15,0 days 15:57:41.514600,59520,33.18,33.14,1071,565,302,-498
740,CWH,2020-09-15,0 days 15:58:29.517099,61688,33.11,33.08,269,125,-779,921
741,CWH,2020-09-15,0 days 15:58:30.517540,61667,33.1,33.07,125,220,21,-779
742,CWH,2020-09-15,0 days 15:59:11.519855,62145,33.1,33.09,100,530,-6127,521
743,CX,2020-09-15,0 days 15:58:48.274964,60901,4.0,3.99,184349,109957,1698,-2855
744,CX,2020-09-15,0 days 15:59:02.276836,65008,4.0,3.99,183123,108108,-3536,998
745,CX,2020-09-15,0 days 15:59:36.279300,82732,4.0,3.99,214736,133139,11473,-17127
746,D,2020-09-15,0 days 15:59:21.236377,962093,80.97,80.96,200,944,9477,-46729
747,D,2020-09-15,0 days 15:59:22.236779,957970,80.98,80.97,220,407,-3923,9477
748,D,2020-09-15,0 days 15:59:38.233099,967993,80.99,80.97,467,1072,3917,-1283
749,D,2020-09-15,0 days 15:59:42.233207,959110,80.96,80.94,531,910,-2283,12617
750,D,2020-09-15,0 days 15:59:47.233289,961866,80.97,80.95,707,800,4586,-404
751,D,2020-09-15,0 days 15:59:48.234470,944752,80.97,80.96,400,228,-18016,4586
752,DAL,2020-09-15,0 days 15:55:46.254608,599773,33.56,33.55,6727,13215,19831,-71969
753,DAL,2020-09-15,0 days 15:55:47.254361,585504,33.56,33.55,9295,6512,-14269,19831
754,DAL,2020-09-15,0 days 15:58:10.261138,632370,33.53,33.52,14381,4597,2042,-3281
755,DAL,2020-09-15,0 days 15:58:11.260969,618212,33.53,33.52,14381,3519,-11858,2042
756,DAL,2020-09-15,0 days 15:59:01.263375,633948,33.53,33.52,10542,4864,5482,-18218
757,DAL,2020-09-15,0 days 15:59:34.264584,667830,33.58,33.57,12129,4940,19791,-3949
758,DAL,2020-09-15,0 days 15:59:50.268797,638930,33.56,33.55,6119,1430,-18708,26046
759,DAR,2020-09-15,0 days 15:55:00.234410,173921,35.01,34.99,1243,1206,-137,5655
760,DAR,2020-09-15,0 days 15:55:01.233379,172158,35.01,34.99,1737,1106,1763,-137
761,DAR,2020-09-15,0 days 15:57:09.238678,183721,34.99,34.97,1181,1564,-359,830
762,DAR,2020-09-15,0 days 15:57:10.238714,181880,34.99,34.98,1181,486,1841,-359
763,DAR,2020-09-15,0 days 15:58:10.242374,185421,35.01,35.0,358,418,-295,86
764,DAR,2020-09-15,0 days 15:58:11.241108,183816,35.01,35.0,558,418,1605,-295
765,DAR,2020-09-15,0 days 15:59:13.244555,186957,35.01,35.0,2083,1750,-1705,788
766,DAR,2020-09-15,0 days 15:59:14.243729,186062,35.01,35.0,2088,1805,895,-1705
767,DAR,2020-09-15,0 days 15:59:22.242917,186957,35.02,35.01,1122,1050,-846,331
768,DAR,2020-09-15,0 days 15:59:23.243020,186203,35.02,35.01,1122,645,754,-846
769,DB,2020-09-15,0 days 15:59:36.264358,53293,9.11,9.1,78211,117222,5309,-6391
770,DB,2020-09-15,0 days 15:59:37.263289,52902,9.11,9.1,75111,118718,-391,5309
771,DBI,2020-09-15,0 days 15:55:00.233490,38201,6.89,6.88,7028,7753,39103,-2015
772,DBI,2020-09-15,0 days 15:58:35.242710,81856,6.92,6.91,4900,13522,-798,2702
773,DBI,2020-09-15,0 days 15:58:36.242893,79454,6.92,6.91,8160,23112,2402,-798
774,DBI,2020-09-15,0 days 15:59:17.243734,80640,6.92,6.91,16919,9048,-60,1755
775,DBI,2020-09-15,0 days 15:59:35.243004,79458,6.92,6.91,9048,19632,1182,-3618
776,DBI,2020-09-15,0 days 15:59:45.244671,80740,6.92,6.91,3934,24231,-3023,977
777,DBI,2020-09-15,0 days 15:59:46.243837,80263,6.92,6.91,4304,23510,1533,-3023
778,DD,2020-09-15,0 days 15:59:28.253106,257698,59.55,59.54,853,1317,23,-1177
779,DD,2020-09-15,0 days 15:59:35.254197,255123,59.57,59.56,1497,528,-2575,9541
780,DD,2020-09-15,0 days 15:59:39.254372,257698,59.58,59.56,500,827,5898,-22232
781,DD,2020-09-15,0 days 15:59:46.255972,258416,59.56,59.55,1273,593,2663,-1020
782,DELL,2020-09-15,0 days 15:55:55.269606,55151,67.05,67.03,803,532,2402,-496
783,DELL,2020-09-15,0 days 15:55:56.269415,54953,67.05,67.03,686,752,-198,2402
784,DELL,2020-09-15,0 days 15:57:35.272188,60239,67.0,66.97,1050,200,134,-166
785,DELL,2020-09-15,0 days 15:57:36.272523,59752,66.98,66.96,220,200,-487,134
786,DELL,2020-09-15,0 days 15:57:44.272574,60439,66.94,66.92,644,200,592,-608
787,DELL,2020-09-15,0 days 15:57:45.272294,60210,66.94,66.92,411,300,-229,592
788,DELL,2020-09-15,0 days 15:57:55.272993,60439,66.97,66.95,200,300,92,-587
789,DELL,2020-09-15,0 days 15:57:56.273297,59652,66.99,66.96,400,981,-787,92
790,DELL,2020-09-15,0 days 15:58:09.273855,59452,67.04,67.02,337,400,-987,592
791,DELL,2020-09-15,0 days 15:58:13.274428,60031,67.02,67.01,240,253,-408,592
792,DFS,2020-09-15,0 days 15:57:42.514986,274091,57.03,57.02,100,725,-781,319
793,DFS,2020-09-15,0 days 15:57:43.515709,268272,57.02,57.0,407,300,5819,-781
794,DFS,2020-09-15,0 days 15:58:41.518479,254209,57.02,57.0,985,3185,7597,-8503
795,DFS,2020-09-15,0 days 15:59:05.520274,259162,57.04,57.02,200,711,-2316,1890
796,DFS,2020-09-15,0 days 15:59:06.519958,257478,57.04,57.02,100,711,1684,-2316
797,DFS,2020-09-15,0 days 15:59:39.520816,284804,57.02,57.0,200,446,193,-1007
798,DFS,2020-09-15,0 days 15:59:52.522308,286369,57.08,57.07,2979,5271,-4078,40415
799,DHI,2020-09-15,0 days 15:55:00.225573,188491,71.9,71.88,640,100,823,-2640
800,DHI,2020-09-15,0 days 15:55:40.226915,194856,71.83,71.82,100,480,-11878,122
801,DHI,2020-09-15,0 days 15:55:43.225626,195434,71.84,71.83,1045,778,47,-3
802,DHT,2020-09-15,0 days 15:57:24.257942,62818,5.61,5.6,21144,18149,-1605,795
803,DHT,2020-09-15,0 days 15:57:25.257390,67923,5.61,5.6,23041,15678,802,-1605
804,DHT,2020-09-15,0 days 15:58:01.261318,70867,5.61,5.6,23514,18752,-1056,1572
805,DHT,2020-09-15,0 days 15:58:02.260248,68223,5.61,5.6,25902,16457,2644,-1056
806,DHT,2020-09-15,0 days 15:58:04.259673,70867,5.61,5.6,24605,16907,-10316,2644
807,DHT,2020-09-15,0 days 15:58:05.260384,69283,5.61,5.6,26005,14820,1584,-10316
808,DIS,2020-09-15,0 days 15:59:14.263472,667292,131.3,131.28,1365,376,645,-24614
809,DIS,2020-09-15,0 days 15:59:21.264623,690263,131.34,131.32,400,438,-12616,7941
810,DIS,2020-09-15,0 days 15:59:22.263563,701514,131.32,131.31,200,625,7456,-12616
811,DIS,2020-09-15,0 days 15:59:23.263902,702170,131.34,131.32,748,1200,-171,7456
812,DIS,2020-09-15,0 days 15:59:34.264584,706945,131.3,131.27,688,635,2897,-27049
813,DIS,2020-09-15,0 days 15:59:44.264134,706349,131.36,131.32,535,1350,-2014,3022
814,DIS,2020-09-15,0 days 15:59:45.266759,708463,131.31,131.28,1188,621,13119,-2014
815,DIS,2020-09-15,0 days 15:59:50.268814,710561,131.28,131.26,900,113,-4203,5373
816,DKS,2020-09-15,0 days 15:57:10.247325,237760,57.49,57.48,600,547,-48,554
817,DKS,2020-09-15,0 days 15:57:11.247316,236008,57.49,57.48,701,547,1652,-48
818,DKS,2020-09-15,0 days 15:57:33.246431,238060,57.51,57.5,788,2572,-348,1952
819,DKS,2020-09-15,0 days 15:57:34.246744,236508,57.51,57.5,988,2339,1552,-348
820,DKS,2020-09-15,0 days 15:57:53.246899,238160,57.49,57.48,400,499,-48,152
821,DKS,2020-09-15,0 days 15:57:54.246804,236808,57.49,57.48,100,1085,1552,-48
822,DKS,2020-09-15,0 days 15:58:06.249198,237123,57.5,57.49,765,2151,1237,-148
823,DKS,2020-09-15,0 days 15:58:18.249202,238460,57.5,57.48,900,1522,-686,1714
824,DKS,2020-09-15,0 days 15:58:20.249046,237146,57.5,57.48,700,1589,1214,-186
825,DKS,2020-09-15,0 days 15:58:21.248950,238460,57.5,57.48,700,1589,-286,1214
826,DKS,2020-09-15,0 days 15:58:22.249489,237146,57.5,57.48,800,2498,1214,-286
827,DKS,2020-09-15,0 days 15:59:34.253907,242863,57.47,57.46,680,1545,-11582,220
828,DKS,2020-09-15,0 days 15:59:49.254675,242629,57.47,57.46,1226,1113,134,-14
829,DOW,2020-09-15,0 days 15:55:00.225960,239672,51.23,51.22,608,871,-42572,44297
830,DOW,2020-09-15,0 days 15:55:05.225608,248644,51.19,51.18,400,622,1196,-2972
831,DOW,2020-09-15,0 days 15:56:02.229026,262940,51.15,51.14,100,1480,-471,1928
832,DOW,2020-09-15,0 days 15:56:03.228302,260611,51.15,51.14,212,1780,2329,-471
833,DOW,2020-09-15,0 days 15:57:34.230286,268018,51.16,51.14,919,1388,-3366,1834
834,DOW,2020-09-15,0 days 15:57:35.230552,266184,51.16,51.15,1057,794,1834,-3366
835,DOW,2020-09-15,0 days 15:57:36.231242,268018,51.16,51.15,1050,825,-4666,1834
836,DOW,2020-09-15,0 days 15:57:39.230569,267184,51.15,51.14,438,1027,834,-166
837,DOW,2020-09-15,0 days 15:58:20.233199,268018,51.12,51.11,444,1794,-2688,412
838,DOW,2020-09-15,0 days 15:58:21.232873,267406,51.11,51.1,905,746,612,-2688
839,DOW,2020-09-15,0 days 15:58:22.233233,268018,51.11,51.1,901,600,-988,612
840,DOW,2020-09-15,0 days 15:58:23.232685,267406,51.11,51.1,1301,1243,612,-988
841,DOW,2020-09-15,0 days 15:58:25.233771,268018,51.11,51.1,1301,300,-2688,612
842,DOW,2020-09-15,0 days 15:58:26.233207,267406,51.11,51.1,504,1300,612,-2688
843,DOW,2020-09-15,0 days 15:58:36.233536,268418,51.1,51.09,300,646,-88,512
844,DOW,2020-09-15,0 days 15:59:10.236199,296857,51.09,51.07,300,2000,2148,-1452
845,DOW,2020-09-15,0 days 15:59:11.236080,294505,51.08,51.07,1126,1800,-246,2148
846,DOW,2020-09-15,0 days 15:59:40.233610,308341,51.09,51.07,300,500,-2510,4496
847,DOW,2020-09-15,0 days 15:59:43.233712,310445,51.08,51.07,104,582,832,-2510
848,DOW,2020-09-15,0 days 15:59:49.233950,311521,51.07,51.06,500,9000,2271,-2304
849,DOW,2020-09-15,0 days 15:59:50.236914,306992,51.09,51.06,300,9900,-4529,2271
850,DRE,2020-09-15,0 days 15:57:12.230535,187238,37.81,37.8,3768,2387,-750,853
851,DRE,2020-09-15,0 days 15:57:13.230214,184688,37.81,37.8,3868,1787,2550,-750
852,DRE,2020-09-15,0 days 15:59:06.235055,208695,37.78,37.77,2909,4717,1887,-7369
853,DRE,2020-09-15,0 days 15:59:19.234540,217899,37.78,37.77,4938,3960,-17529,3204
854,DRE,2020-09-15,0 days 15:59:20.234671,213760,37.77,37.76,3461,1718,6639,-17529
855,DRE,2020-09-15,0 days 15:59:25.234583,216753,37.81,37.8,3500,1673,-1768,2276
856,DRE,2020-09-15,0 days 15:59:26.234626,215121,37.81,37.8,5300,584,1188,-1768
857,DRE,2020-09-15,0 days 15:59:40.235776,219138,37.81,37.8,3232,3087,-1453,237
858,DRE,2020-09-15,0 days 15:59:43.235406,220591,37.81,37.8,4233,2290,2153,-13
859,DRE,2020-09-15,0 days 15:59:44.234879,219138,37.82,37.81,790,5765,-1453,2153
860,DRE,2020-09-15,0 days 15:59:48.236094,218108,37.82,37.81,8601,865,3503,-2221
861,DT,2020-09-15,0 days 15:57:10.244435,64315,40.56,40.53,908,844,-234,625
862,DT,2020-09-15,0 days 15:57:11.244405,63349,40.56,40.53,915,844,966,-234
863,DT,2020-09-15,0 days 15:59:00.247009,64753,40.56,40.54,1210,349,-134,620
864,DT,2020-09-15,0 days 15:59:03.244962,64771,40.55,40.54,539,406,449,-18
865,DT,2020-09-15,0 days 15:59:28.244338,67269,40.53,40.51,530,364,-105,161
866,DT,2020-09-15,0 days 15:59:36.245262,66922,40.53,40.51,937,302,347,-4253
867,DUK,2020-09-15,0 days 15:59:34.244731,270134,84.56,84.55,167,1689,-3834,383
868,DUK,2020-09-15,0 days 15:59:39.244965,272568,84.5,84.48,3246,200,2780,-2934
869,DUK,2020-09-15,0 days 15:59:41.245634,275348,84.5,84.49,879,900,-1368,2080
870,DUK,2020-09-15,0 days 15:59:45.246326,272233,84.51,84.5,923,100,8929,-1744
871,DVN,2020-09-15,0 days 15:55:05.225765,384910,9.24,9.23,13340,28845,-2400,5375
872,DVN,2020-09-15,0 days 15:55:06.225752,380210,9.24,9.23,10354,29852,4700,-2400
873,DVN,2020-09-15,0 days 15:55:50.228107,390231,9.24,9.23,16612,30838,-3998,642
874,DVN,2020-09-15,0 days 15:55:51.228247,386329,9.24,9.23,24278,27230,3902,-3998
875,DVN,2020-09-15,0 days 15:57:57.231426,393605,9.24,9.23,25037,28071,-433,3067
876,DVN,2020-09-15,0 days 15:57:58.232095,390538,9.24,9.23,25743,26271,3067,-433
877,DVN,2020-09-15,0 days 15:58:08.232086,393605,9.24,9.23,25681,37203,-5690,2110
878,DVN,2020-09-15,0 days 15:58:09.232061,391795,9.24,9.23,30782,21754,1810,-5690
879,DVN,2020-09-15,0 days 15:58:10.233432,393605,9.24,9.23,28088,24208,-16121,1810
880,DVN,2020-09-15,0 days 15:58:11.232543,386826,9.24,9.23,30368,19258,6779,-16121
881,DVN,2020-09-15,0 days 15:58:18.232578,393605,9.24,9.23,25475,36927,-221,3379
882,DVN,2020-09-15,0 days 15:58:27.233842,384526,9.24,9.23,31608,30581,9079,-221
883,DVN,2020-09-15,0 days 15:59:01.236344,399591,9.24,9.23,32855,22598,-2217,1183
884,DXC,2020-09-15,0 days 15:55:00.244502,90975,19.57,19.56,2627,2388,4357,-10915
885,DXC,2020-09-15,0 days 15:55:33.244909,92984,19.57,19.56,300,3658,-3391,2009
886,DXC,2020-09-15,0 days 15:56:41.246846,97061,19.55,19.54,2674,3896,213,-987
887,DXC,2020-09-15,0 days 15:57:08.248059,97274,19.56,19.55,1993,4131,-530,1370
888,DXC,2020-09-15,0 days 15:57:33.246464,97904,19.57,19.56,3552,3199,1252,-1048
889,DXC,2020-09-15,0 days 15:57:36.247623,99256,19.57,19.56,3125,4361,-5948,1252
890,EAF,2020-09-15,0 days 15:55:11.226753,104740,6.98,6.97,29284,4489,-4555,6345
891,EAF,2020-09-15,0 days 15:55:12.226639,98395,6.98,6.97,31504,3666,6345,-4555
892,EAF,2020-09-15,0 days 15:55:41.228006,104740,6.97,6.96,29500,6626,-927,2573
893,EAF,2020-09-15,0 days 15:55:44.227591,105667,6.97,6.96,14344,7523,1866,-927
894,EAF,2020-09-15,0 days 15:57:35.230707,110891,6.97,6.96,28625,14360,-4664,836
895,EAF,2020-09-15,0 days 15:57:59.231752,121491,6.97,6.96,6970,13474,-1103,2197
896,EAF,2020-09-15,0 days 15:58:02.232457,122594,6.97,6.96,27573,11331,1697,-1103
897,EAF,2020-09-15,0 days 15:58:03.231908,121491,6.97,6.96,13153,14284,-1103,1697
898,EAF,2020-09-15,0 days 15:58:06.232400,122594,6.97,6.96,28687,12034,197,-1103
899,EAF,2020-09-15,0 days 15:58:07.232505,121491,6.97,6.96,35348,12034,-1103,197
900,EAF,2020-09-15,0 days 15:58:11.232528,122594,6.97,6.96,35348,12034,431,-3
901,EAF,2020-09-15,0 days 15:58:12.233471,121531,6.97,6.96,35348,12034,-1063,431
902,EAF,2020-09-15,0 days 15:58:27.233842,122594,6.97,6.96,12775,16227,1637,-1063
903,EAF,2020-09-15,0 days 15:58:28.233432,121531,6.97,6.96,12675,16227,-1063,1637
904,EAF,2020-09-15,0 days 15:59:14.236386,129645,6.97,6.96,31102,11503,-1406,894
905,EAF,2020-09-15,0 days 15:59:32.233586,132738,6.97,6.96,25887,18447,-1457,1443
906,EAF,2020-09-15,0 days 15:59:39.233454,135325,6.97,6.96,32328,19808,7213,-2587
907,EAF,2020-09-15,0 days 15:59:40.233817,134238,6.97,6.96,31928,18516,-1087,7213
908,EAF,2020-09-15,0 days 15:59:46.234791,141325,6.96,6.95,16036,16240,976,-6023
909,EAF,2020-09-15,0 days 15:59:50.237460,138584,6.96,6.95,15251,21648,-1103,2197
910,EGO,2020-09-15,0 days 15:55:41.237087,31322,11.19,11.18,21564,8669,-2515,385
911,EGO,2020-09-15,0 days 15:55:42.236439,26437,11.19,11.18,21564,8369,4885,-2515
912,EGO,2020-09-15,0 days 15:57:08.238371,39865,11.18,11.17,5026,29062,-4071,6529
913,EGO,2020-09-15,0 days 15:57:09.238623,39236,11.18,11.17,5326,26662,629,-4071
914,EGO,2020-09-15,0 days 15:58:03.240359,40265,11.18,11.17,6231,29879,-56,1044
915,EGO,2020-09-15,0 days 15:58:04.240624,39321,11.18,11.17,6831,28679,944,-56
916,EMR,2020-09-15,0 days 15:55:55.245820,252701,68.43,68.42,2020,164,1333,-3787
917,EMR,2020-09-15,0 days 15:57:35.246540,255460,68.4,68.38,1962,900,-1441,2659
918,EMR,2020-09-15,0 days 15:57:36.247400,255101,68.4,68.38,1962,900,859,-1441
919,EMR,2020-09-15,0 days 15:57:41.246932,255081,68.4,68.39,1437,400,-220,280
920,EMR,2020-09-15,0 days 15:57:42.246792,254801,68.4,68.39,1538,100,280,-220
921,EMR,2020-09-15,0 days 15:57:54.246630,258160,68.38,68.37,1308,121,-841,359
922,EMR,2020-09-15,0 days 15:58:02.248211,251707,68.41,68.4,2700,501,-694,2599
923,EMR,2020-09-15,0 days 15:58:03.247822,249079,68.39,68.38,702,1071,2628,-694
924,EMR,2020-09-15,0 days 15:58:30.249005,254747,68.37,68.35,2017,1013,-189,614
925,EMR,2020-09-15,0 days 15:58:31.249497,254236,68.37,68.35,2313,1013,511,-189
926,EMR,2020-09-15,0 days 15:59:14.252858,253155,68.4,68.39,786,675,-3440,364
927,EMR,2020-09-15,0 days 15:59:21.253468,256595,68.4,68.39,1100,200,2040,-3427
928,EMR,2020-09-15,0 days 15:59:36.253595,257935,68.44,68.43,451,1371,-746,40
929,EMR,2020-09-15,0 days 15:59:46.255558,258681,68.44,68.42,752,1100,1122,-346
930,EOG,2020-09-15,0 days 15:58:27.243533,812269,38.5,38.49,813,1133,-4206,294
931,EOG,2020-09-15,0 days 15:59:13.245607,835912,38.5,38.49,784,1189,465,-55
932,EOG,2020-09-15,0 days 15:59:14.246563,834316,38.51,38.5,1071,635,-1596,465
933,EOG,2020-09-15,0 days 15:59:15.244255,835912,38.51,38.5,999,2202,239951,-1596
934,EQH,2020-09-15,0 days 15:59:04.263292,246418,19.04,19.03,9219,9577,22983,-8111
935,EQH,2020-09-15,0 days 15:59:11.263707,238638,19.04,19.03,4843,9734,-4845,13255
936,EQH,2020-09-15,0 days 15:59:28.264097,247183,19.05,19.04,18323,6951,384,-1331
937,EQH,2020-09-15,0 days 15:59:36.264200,244586,19.05,19.04,23214,6798,-2597,8603
938,EQH,2020-09-15,0 days 15:59:47.264132,245376,19.05,19.04,12429,2031,-1807,5741
939,EQR,2020-09-15,0 days 15:59:20.253028,280331,56.27,56.26,100,200,4936,-13775
940,EQT,2020-09-15,0 days 15:55:24.254038,91052,14.29,14.28,6311,6133,3958,-3042
941,EQT,2020-09-15,0 days 15:55:25.254201,89210,14.29,14.28,6311,5933,-1842,3958
942,EQT,2020-09-15,0 days 15:58:04.259709,112879,14.29,14.28,3829,13763,-3596,404
943,EQT,2020-09-15,0 days 15:58:09.260133,116475,14.29,14.28,5487,10663,304,-3296
944,EQT,2020-09-15,0 days 15:58:10.261158,112925,14.29,14.28,4087,13163,-3550,304
945,EQT,2020-09-15,0 days 15:59:01.263375,115675,14.27,14.26,3607,17280,224,-178
946,EQT,2020-09-15,0 days 15:59:08.264348,114199,14.27,14.26,3400,18031,-1242,458
947,EQT,2020-09-15,0 days 15:59:11.263960,115441,14.27,14.26,9340,15097,458,-1042
948,EQT,2020-09-15,0 days 15:59:14.263472,115022,14.27,14.26,400,22143,-419,29570
949,EQT,2020-09-15,0 days 15:59:35.264323,119838,14.27,14.26,1439,20821,2684,-216
950,ES,2020-09-15,0 days 15:55:00.251986,141946,84.12,84.11,200,111,-12457,35470
951,ES,2020-09-15,0 days 15:55:01.251562,131708,84.12,84.08,582,547,10238,-12457
952,ES,2020-09-15,0 days 15:55:15.252879,141976,84.04,84.02,1078,454,-518,56
953,ES,2020-09-15,0 days 15:55:16.252677,137857,84.04,84.02,828,378,4119,-518
954,ES,2020-09-15,0 days 15:57:30.258243,143201,84.04,84.03,200,816,-4486,338
955,ES,2020-09-15,0 days 15:57:31.258039,139047,84.03,84.02,324,411,4154,-4486
956,ES,2020-09-15,0 days 15:57:48.258521,140587,84.03,84.02,350,340,3275,-725
957,ES,2020-09-15,0 days 15:59:12.263704,148708,84.04,84.02,403,691,-4285,609
958,ES,2020-09-15,0 days 15:59:45.266525,151256,84.04,84.01,353,200,307,-166
959,ESRT,2020-09-15,0 days 15:55:46.242031,99793,6.38,6.37,18634,9171,-10899,15401
960,ESRT,2020-09-15,0 days 15:55:47.241342,98292,6.38,6.37,19683,9271,1501,-10899
961,ESRT,2020-09-15,0 days 15:59:11.245390,100542,6.38,6.37,10187,24561,-2211,689
962,ET,2020-09-15,0 days 15:55:00.233233,695392,5.88,5.87,87652,62861,-822182,275182
963,ETRN,2020-09-15,0 days 15:55:00.225525,303130,9.26,9.25,1136,20973,-17567,14477
964,ETRN,2020-09-15,0 days 15:55:33.224978,320697,9.25,9.24,7259,9416,38414,-17316
965,ETRN,2020-09-15,0 days 15:55:34.227105,308911,9.25,9.24,6684,10316,-11786,38414
966,ETRN,2020-09-15,0 days 15:55:50.227856,320697,9.23,9.22,9322,6689,3322,-1668
967,ETRN,2020-09-15,0 days 15:55:51.227981,308719,9.22,9.21,9744,3427,-11878,3322
968,ETRN,2020-09-15,0 days 15:59:36.234735,381956,9.19,9.18,15744,23764,7449,-13499
969,ETRN,2020-09-15,0 days 15:59:37.233650,377705,9.19,9.18,14882,23664,-4251,7449
970,EXK,2020-09-15,0 days 15:59:36.279604,31646,4.23,4.22,86710,119245,-11265,15358
971,EXPR,2020-09-15,0 days 15:59:41.245608,20170,0.96,0.95,6568,6800,3187,-513
972,EXPR,2020-09-15,0 days 15:59:58.252283,15090,0.96,0.95,12210,4556,-5280,4187
973,F,2020-09-15,0 days 15:55:43.227905,1140519,7.04,7.03,802380,404426,-47462,121938
974,F,2020-09-15,0 days 15:56:11.228463,1193020,7.04,7.03,719038,712456,892,-5993
975,F,2020-09-15,0 days 15:56:39.229080,1193912,7.04,7.03,854316,397426,-18528,672
976,FCAU,2020-09-15,0 days 15:55:33.241401,44293,12.82,12.81,30731,34130,-1128,272
977,FCAU,2020-09-15,0 days 15:55:50.241703,45557,12.82,12.81,36631,40717,3191,-1264
978,FCAU,2020-09-15,0 days 15:57:29.240777,49008,12.82,12.81,12906,49530,-2643,1545
979,FCX,2020-09-15,0 days 15:59:44.254537,664854,16.43,16.42,45631,32260,-1512,396
980,FCX,2020-09-15,0 days 15:59:45.256374,664566,16.43,16.42,67056,28648,288,-1512
981,FDX,2020-09-15,0 days 15:56:03.269571,171574,237.32,237.28,800,100,-1199,1401
982,FDX,2020-09-15,0 days 15:56:04.269632,167873,237.35,237.3,1300,200,3701,-1199
983,FDX,2020-09-15,0 days 15:57:33.271848,180940,237.34,237.27,1028,300,-334,2266
984,FDX,2020-09-15,0 days 15:57:34.271711,180574,237.34,237.25,1127,428,366,-334
985,FDX,2020-09-15,0 days 15:57:38.272094,182840,237.34,237.25,1907,228,-1563,2566
986,FDX,2020-09-15,0 days 15:57:39.272281,180003,237.33,237.19,928,242,2837,-1563
987,FDX,2020-09-15,0 days 15:58:19.274219,183704,236.79,236.7,400,100,-791,3509
988,FDX,2020-09-15,0 days 15:58:20.274744,180595,236.79,236.7,431,1156,3109,-791
989,FDX,2020-09-15,0 days 15:58:33.274897,183604,236.96,236.86,200,586,-91,2809
990,FDX,2020-09-15,0 days 15:58:34.275704,180795,236.96,236.86,500,1286,2809,-91
991,FDX,2020-09-15,0 days 15:58:37.275216,183604,236.96,236.87,910,220,-191,2709
992,FDX,2020-09-15,0 days 15:58:38.275187,180737,236.99,236.87,347,200,2867,-191
993,FDX,2020-09-15,0 days 15:58:49.275572,183604,237.3,237.2,600,200,-305,2595
994,FDX,2020-09-15,0 days 15:58:50.275765,183109,237.3,237.2,800,1432,195,-305
995,FDX,2020-09-15,0 days 15:58:54.276065,183304,237.34,237.19,504,220,-2305,2895
996,FDX,2020-09-15,0 days 15:58:55.275981,181927,237.34,237.2,641,107,1377,-2305
997,FDX,2020-09-15,0 days 15:59:16.278407,185897,237.3,237.05,1081,700,-2604,2592
998,FDX,2020-09-15,0 days 15:59:17.278240,179801,237.26,237.05,537,300,6396,-2604
999,FDX,2020-09-15,0 days 15:59:21.279084,187160,237.23,237.11,736,300,-2281,2359
1000,FE,2020-09-15,0 days 15:55:56.228255,227701,29.34,29.33,716,1720,-1615,509
1001,FE,2020-09-15,0 days 15:55:57.227952,220616,29.34,29.33,1919,3100,7085,-1615
1002,FHN,2020-09-15,0 days 15:55:01.242707,607316,9.63,9.62,24534,23716,1259,-5241
1003,FHN,2020-09-15,0 days 15:55:54.245293,608575,9.63,9.62,44259,3152,-93,446
1004,FHN,2020-09-15,0 days 15:56:02.246892,608255,9.63,9.62,39359,4203,320,-93
1005,FHN,2020-09-15,0 days 15:56:07.246487,608575,9.63,9.62,30649,18315,-2180,320
1006,FHN,2020-09-15,0 days 15:56:08.246038,607355,9.63,9.62,28549,19215,1220,-2180
1007,FHN,2020-09-15,0 days 15:56:57.247331,608945,9.62,9.61,32718,26380,-410,1590
1008,FHN,2020-09-15,0 days 15:56:58.247603,607755,9.62,9.61,39876,12529,1190,-410
1009,FHN,2020-09-15,0 days 15:57:35.246643,608945,9.63,9.62,21269,40300,-3130,2070
1010,FI,2020-09-15,0 days 15:55:00.243091,32666,2.41,2.4,4151,11900,-892,10167
1011,FIS,2020-09-15,0 days 15:55:39.241264,141288,148.54,148.51,100,500,460,-161
1012,FIS,2020-09-15,0 days 15:55:40.241324,140841,148.55,148.51,100,600,-447,460
1013,FIS,2020-09-15,0 days 15:55:51.241902,141288,148.53,148.5,400,100,1853,-347
1014,FIS,2020-09-15,0 days 15:55:52.242030,140441,148.53,148.51,400,300,-847,1853
1015,FIS,2020-09-15,0 days 15:55:55.242049,141870,148.54,148.52,303,300,1971,-1423
1016,FIS,2020-09-15,0 days 15:55:56.242404,141341,148.55,148.54,100,294,-715,1971
1017,FIS,2020-09-15,0 days 15:56:41.243019,144554,148.57,148.54,400,786,109,-591
1018,FIS,2020-09-15,0 days 15:57:15.244347,144691,148.7,148.65,300,657,-363,137
1019,FIS,2020-09-15,0 days 15:57:35.241379,145190,148.63,148.61,300,301,301,-499
1020,FIS,2020-09-15,0 days 15:57:36.242342,145191,148.62,148.58,460,520,-3499,301
1021,FIS,2020-09-15,0 days 15:57:58.242703,149290,148.59,148.56,200,700,601,-199
1022,FIS,2020-09-15,0 days 15:57:59.241780,147291,148.61,148.57,233,516,-1999,601
1023,FIS,2020-09-15,0 days 15:58:02.242350,149290,148.6,148.58,370,600,223,-477
1024,FIS,2020-09-15,0 days 15:58:05.242554,148913,148.6,148.58,221,833,-377,123
1025,FL,2020-09-15,0 days 15:55:44.241504,65843,35.74,35.73,1677,1783,2833,-2067
1026,FL,2020-09-15,0 days 15:56:59.243863,70242,35.77,35.76,1634,521,-440,360
1027,FL,2020-09-15,0 days 15:57:00.243909,69782,35.77,35.76,786,1144,460,-440
1028,FL,2020-09-15,0 days 15:57:37.241181,71795,35.8,35.79,1683,823,-287,413
1029,FL,2020-09-15,0 days 15:57:38.241551,71482,35.8,35.79,1968,559,313,-287
1030,FL,2020-09-15,0 days 15:57:39.241587,71795,35.8,35.79,2105,659,-887,313
1031,FL,2020-09-15,0 days 15:57:41.241055,71782,35.8,35.79,2270,859,113,-187
1032,FL,2020-09-15,0 days 15:57:42.241431,71895,35.8,35.79,2370,859,-387,113
1033,FL,2020-09-15,0 days 15:58:53.244202,77990,35.79,35.78,8091,200,279,-3026
1034,FL,2020-09-15,0 days 15:59:02.245045,81947,35.78,35.77,1557,1574,-1679,1521
1035,FL,2020-09-15,0 days 15:59:03.244972,81226,35.78,35.77,1257,1274,299,-1679
1036,FNB,2020-09-15,0 days 15:58:26.241292,457318,7.12,7.11,13569,66828,-57913,78687
1037,FNB,2020-09-15,0 days 15:58:27.241948,446131,7.12,7.11,16369,65271,11187,-57913
1038,FNB,2020-09-15,0 days 15:59:35.243051,464776,7.12,7.11,13079,41330,-17258,3884
1039,FNB,2020-09-15,0 days 15:59:46.243936,465734,7.13,7.12,26225,46084,2739,-6066
1040,FNF,2020-09-15,0 days 15:59:00.255638,91015,32.58,32.57,1884,4389,-388,1612
1041,FNF,2020-09-15,0 days 15:59:07.252888,85249,32.58,32.57,1997,5364,-3067,2903
1042,FNF,2020-09-15,0 days 15:59:09.252024,83516,32.59,32.58,1472,3549,133,-2167
1043,FNF,2020-09-15,0 days 15:59:20.253069,84423,32.59,32.58,1530,5866,-4758,187
1044,FRO,2020-09-15,0 days 15:55:34.241343,33510,7.42,7.41,11075,7683,-329,871
1045,FRO,2020-09-15,0 days 15:55:48.242212,34274,7.41,7.4,6308,17991,5990,-764
1046,FSLY,2020-09-15,0 days 15:55:00.267670,56707,84.18,84.13,175,101,-37,17451
1047,FSLY,2020-09-15,0 days 15:55:03.267215,56544,84.17,84.08,314,200,163,-37
1048,FSLY,2020-09-15,0 days 15:55:33.268385,56907,84.1,84.03,331,758,-137,463
1049,FSLY,2020-09-15,0 days 15:55:37.268467,55044,84.1,84.03,699,1261,1863,-237
1050,FSLY,2020-09-15,0 days 15:55:47.268619,56707,84.24,84.17,275,275,-4518,1070
1051,FSLY,2020-09-15,0 days 15:55:48.269097,55425,84.24,84.17,275,375,1282,-4518
1052,FSLY,2020-09-15,0 days 15:56:04.269654,56941,84.25,84.17,2210,500,-3597,1791
1053,FSLY,2020-09-15,0 days 15:56:05.269564,50050,84.25,84.17,2210,200,6891,-3597
1054,FSLY,2020-09-15,0 days 15:56:09.269351,56941,84.25,84.17,817,1302,-3897,1791
1055,FSLY,2020-09-15,0 days 15:56:10.269294,55838,84.28,84.21,200,285,1103,-3897
1056,FSLY,2020-09-15,0 days 15:56:19.269317,56941,84.26,84.18,275,661,-3797,1691
1057,FSLY,2020-09-15,0 days 15:56:20.269822,50250,84.21,84.17,465,200,6691,-3797
1058,FSLY,2020-09-15,0 days 15:56:27.269746,56941,84.26,84.22,175,100,-3497,1691
1059,FSLY,2020-09-15,0 days 15:56:28.269727,55938,84.26,84.18,175,275,1003,-3497
1060,FSLY,2020-09-15,0 days 15:56:43.270425,56941,84.36,84.29,213,315,-122,703
1061,FSLY,2020-09-15,0 days 15:56:44.270121,55863,84.36,84.29,213,315,1078,-122
1062,FSLY,2020-09-15,0 days 15:57:28.271665,61577,84.34,84.29,381,368,-2886,2846
1063,FSLY,2020-09-15,0 days 15:57:29.271963,60263,84.34,84.29,781,128,480,-2886
1064,FSLY,2020-09-15,0 days 15:57:53.273312,62238,84.38,84.32,374,300,1505,-195
1065,FSLY,2020-09-15,0 days 15:58:04.273696,61909,84.38,84.33,674,1423,-1529,705
1066,FSLY,2020-09-15,0 days 15:58:05.273974,60238,84.35,84.33,126,177,3505,-1529
1067,FSLY,2020-09-15,0 days 15:59:35.278714,59349,84.23,84.21,100,131,-33,167
1068,FSLY,2020-09-15,0 days 15:59:42.278696,59587,84.12,84.11,273,203,262,-638
1069,FSLY,2020-09-15,0 days 15:59:43.278922,59349,84.15,84.12,632,100,-2138,262
1070,FSLY,2020-09-15,0 days 15:59:50.283287,58427,84.15,84.08,1300,134,1422,-2078
1071,FSM,2020-09-15,0 days 15:55:33.244909,50037,7.56,7.55,63428,28349,-1606,394
1072,FSM,2020-09-15,0 days 15:55:34.244746,47943,7.56,7.55,63428,28349,2094,-1606
1073,FSM,2020-09-15,0 days 15:55:50.245133,50957,7.56,7.55,69545,24049,-13583,19397
1074,FSM,2020-09-15,0 days 15:55:51.245660,48840,7.56,7.55,69545,26749,6784,-13583
1075,FTCH,2020-09-15,0 days 15:55:40.236365,79649,25.61,25.6,1129,120,-105558,40942
1076,FTCH,2020-09-15,0 days 15:55:41.237087,38007,25.59,25.58,2429,800,41642,-105558
1077,FTCH,2020-09-15,0 days 15:55:44.236960,79649,25.61,25.6,320,1300,-105558,4342
1078,FTCH,2020-09-15,0 days 15:55:46.236436,37007,25.59,25.58,1150,1784,42642,-67558
1079,FTCH,2020-09-15,0 days 15:59:28.242092,293963,25.57,25.56,3407,1972,5696,-2813
1080,FTCH,2020-09-15,0 days 15:59:29.242843,280259,25.57,25.56,3507,2610,-13704,5696
1081,FTI,2020-09-15,0 days 15:55:00.252071,316087,6.82,6.81,29658,28585,4382,-104426
1082,FTI,2020-09-15,0 days 15:55:50.254508,321818,6.81,6.8,36987,36702,-928,3606
1083,FTI,2020-09-15,0 days 15:55:51.254902,318746,6.81,6.8,36987,36602,3072,-928
1084,FTI,2020-09-15,0 days 15:57:17.257083,322449,6.82,6.81,15891,63708,-1423,877
1085,GE,2020-09-15,0 days 15:55:38.511622,2076862,6.11,6.1,540533,687772,5112,-3454
1086,GE,2020-09-15,0 days 15:57:20.514291,2093493,6.11,6.1,362450,734157,-12610,8490
1087,GE,2020-09-15,0 days 15:59:01.519588,2300079,6.11,6.1,356777,831845,7879,-262355
1088,GE,2020-09-15,0 days 15:59:02.519710,2283258,6.11,6.1,330469,834445,-2021,7879
1089,GE,2020-09-15,0 days 15:59:14.520430,2275005,6.11,6.1,419969,673539,-11016,13465
1090,GE,2020-09-15,0 days 15:59:16.519001,2286021,6.11,6.1,412208,635548,3923,-6277
1091,GE,2020-09-15,0 days 15:59:20.519769,2238873,6.11,6.1,346802,685539,-47148,90293
1092,GES,2020-09-15,0 days 15:55:51.241975,49218,13.81,13.8,1482,5748,197,-272
1093,GES,2020-09-15,0 days 15:55:55.242114,51157,13.82,13.81,2140,2200,-205,253
1094,GES,2020-09-15,0 days 15:57:44.241114,52755,13.81,13.8,3357,5483,1209,-291
1095,GES,2020-09-15,0 days 15:57:45.240892,52264,13.81,13.8,2957,5783,-391,1209
1096,GES,2020-09-15,0 days 15:58:09.242306,52755,13.81,13.8,2171,7083,30,-485
1097,GGB,2020-09-15,0 days 15:59:36.279589,47450,4.06,4.05,122586,535964,6808,-8192
1098,GGB,2020-09-15,0 days 15:59:37.278669,46958,4.06,4.05,122286,529224,-492,6808
1099,GIS,2020-09-15,0 days 15:59:24.239845,288090,59.04,59.03,1979,3206,675,-5865
1100,GIS,2020-09-15,0 days 15:59:29.240467,282765,59.05,59.04,2196,3002,-5325,3012
1101,GLW,2020-09-15,0 days 15:55:00.226113,265473,32.87,32.86,4503,4816,4209,-32378
1102,GLW,2020-09-15,0 days 15:55:01.225530,260082,32.87,32.86,5711,5479,-5391,4209
1103,GLW,2020-09-15,0 days 15:59:14.236334,281226,32.82,32.81,7205,9963,1620,-13609
1104,GLW,2020-09-15,0 days 15:59:46.234694,283026,32.84,32.83,7217,11120,5273,-1278
1105,GM,2020-09-15,0 days 15:59:23.253430,1104548,31.59,31.58,4485,11363,18920,-10435
1106,GM,2020-09-15,0 days 15:59:24.253157,1102368,31.59,31.58,4813,13570,-2180,18920
1107,GM,2020-09-15,0 days 15:59:28.252950,1104548,31.59,31.58,5018,14903,747,-1380
1108,GME,2020-09-15,0 days 15:59:01.263135,64526,7.08,7.07,6735,28024,1070,-507
1109,GME,2020-09-15,0 days 15:59:02.263186,62996,7.08,7.07,10463,22271,-830,1070
1110,GME,2020-09-15,0 days 15:59:13.264514,66926,7.08,7.07,6527,27424,9378,-1159
1111,GME,2020-09-15,0 days 15:59:36.264105,67226,7.09,7.08,16275,25466,2626,-1574
1112,GNW,2020-09-15,0 days 15:59:41.264545,163811,3.54,3.53,95939,64118,267,-275
1113,GNW,2020-09-15,0 days 15:59:48.264984,161010,3.54,3.53,50594,140572,-3649,3451
1114,GOLD,2020-09-15,0 days 15:57:32.257940,186394,29.94,29.93,27522,18850,-14720,3880
1115,GOLD,2020-09-15,0 days 15:57:33.258133,179414,29.94,29.93,26422,21549,6980,-14720
1116,GOLD,2020-09-15,0 days 15:59:47.264278,189417,29.97,29.96,6000,46812,3825,-40575
1117,GPK,2020-09-15,0 days 15:55:00.245428,114131,14.27,14.26,31017,10332,30865,-61852
1118,GPK,2020-09-15,0 days 15:55:01.244433,112296,14.27,14.26,35967,11532,-1835,30865
1119,GPK,2020-09-15,0 days 15:55:55.248723,117777,14.27,14.26,37898,1622,9174,-1852
1120,GPK,2020-09-15,0 days 15:55:56.249687,112151,14.27,14.26,30213,11552,-5626,9174
1121,GPK,2020-09-15,0 days 15:59:05.249809,132601,14.26,14.25,21692,30779,60,-13341
1122,GPK,2020-09-15,0 days 15:59:07.249504,131961,14.26,14.25,13380,29956,-640,7860
1123,GPK,2020-09-15,0 days 15:59:09.249895,132601,14.26,14.25,15080,28556,1660,-640
1124,GPS,2020-09-15,0 days 15:59:21.234988,423896,16.9,16.89,32989,5597,-75000,127311
1125,GS,2020-09-15,0 days 15:59:22.253022,405333,198.46,198.44,100,141,-17279,2639
1126,GS,2020-09-15,0 days 15:59:23.253042,402812,198.33,198.28,115,130,3924,-17279
1127,GS,2020-09-15,0 days 15:59:29.252616,407480,198.31,198.25,1024,136,-4234,713
1128,GS,2020-09-15,0 days 15:59:30.254361,406214,198.27,198.24,300,401,1266,-4234
1129,GS,2020-09-15,0 days 15:59:35.253925,407280,198.3,198.27,903,556,-5929,346
1130,GS,2020-09-15,0 days 15:59:36.253577,406773,198.33,198.27,200,701,507,-5929
1131,GS,2020-09-15,0 days 15:59:40.254199,407280,198.39,198.33,100,432,-562,163
1132,GS,2020-09-15,0 days 15:59:47.254739,409838,198.45,198.42,466,498,-7315,1124
1133,GS,2020-09-15,0 days 15:59:55.255553,412734,198.36,198.22,300,838,4792,-2849
1134,GSX,2020-09-15,0 days 15:55:00.239465,1555929,100.56,100.34,401,600,11385,-477346
1135,GSX,2020-09-15,0 days 15:55:15.240312,1567314,100.5,100.43,101,1519,-4706,3285
1136,GSX,2020-09-15,0 days 15:55:16.240292,1564820,100.5,100.43,101,1621,2494,-4706
1137,GSX,2020-09-15,0 days 15:56:04.242306,1567514,100.99,100.85,505,610,-1605,118
1138,GSX,2020-09-15,0 days 15:56:05.242270,1565319,100.99,100.86,505,710,2195,-1605
1139,GSX,2020-09-15,0 days 15:57:22.240352,1567514,101.18,100.97,100,802,-1269,231
1140,GSX,2020-09-15,0 days 15:57:23.239959,1565683,101.18,100.97,100,1102,1831,-1269
1141,GSX,2020-09-15,0 days 15:57:24.240541,1561314,101.17,101.07,400,682,-5169,1831
1142,GSX,2020-09-15,0 days 15:57:25.240091,1560083,101.17,101.07,400,782,1231,-5169
1143,GSX,2020-09-15,0 days 15:57:29.240599,1561314,101.22,101.08,1100,1103,-4469,7431
1144,GSX,2020-09-15,0 days 15:57:30.240587,1560083,101.19,101.08,246,603,1231,-4469
1145,GSX,2020-09-15,0 days 15:57:45.240507,1614014,101.22,101.14,909,1000,-17869,8631
1146,GSX,2020-09-15,0 days 15:57:46.240616,1606464,101.24,101.16,146,800,7450,-17869
1147,GSX,2020-09-15,0 days 15:57:47.241131,1613914,101.24,101.16,146,800,-2850,7450
1148,GSX,2020-09-15,0 days 15:57:50.241243,1607764,101.19,101.11,2013,200,32750,-15550
1149,GSX,2020-09-15,0 days 15:58:31.243679,1639905,101.14,101.05,1534,100,-3141,3059
1150,GSX,2020-09-15,0 days 15:58:32.243050,1631446,101.14,101.05,1334,100,8459,-3141
1151,GSX,2020-09-15,0 days 15:59:10.245341,1638424,101.19,101.05,1134,739,-6559,47999
1152,GSX,2020-09-15,0 days 15:59:11.245332,1631783,101.19,101.09,773,637,6641,-6559
1153,GSX,2020-09-15,0 days 15:59:15.244061,1625381,101.28,101.15,41020,1300,-19002,7598
1154,GSX,2020-09-15,0 days 15:59:16.243355,1619683,101.28,101.18,41020,100,5698,-19002
1155,GTX,2020-09-15,0 days 15:58:45.233672,38764,3.18,3.17,5298,15825,-1445,655
1156,GTX,2020-09-15,0 days 15:59:46.236097,42811,3.17,3.16,1221,14707,448,-1167
1157,HAL,2020-09-15,0 days 15:55:00.244524,528914,14.46,14.45,32186,17651,11040,-157661
1158,HAL,2020-09-15,0 days 15:56:04.249161,567911,14.46,14.45,17847,46080,-1404,4470
1159,HAL,2020-09-15,0 days 15:56:05.248958,564815,14.46,14.45,19846,43380,3096,-1404
1160,HAL,2020-09-15,0 days 15:57:56.245368,583711,14.46,14.45,15203,44400,-45,6655
1161,HAL,2020-09-15,0 days 15:57:57.245296,578056,14.46,14.45,27531,35500,5655,-45
1162,HAL,2020-09-15,0 days 15:58:05.248080,583711,14.47,14.46,28340,38724,-1846,3854
1163,HAL,2020-09-15,0 days 15:58:06.246492,579857,14.47,14.46,40440,20424,3854,-1846
1164,HAL,2020-09-15,0 days 15:58:15.248655,588023,14.46,14.45,50290,28467,-934,5166
1165,HAL,2020-09-15,0 days 15:58:16.247634,583657,14.46,14.45,51790,27067,4366,-934
1166,HAL,2020-09-15,0 days 15:58:18.247818,588023,14.47,14.46,18713,65160,-1034,3466
1167,HAL,2020-09-15,0 days 15:59:12.249175,591130,14.47,14.46,27151,44145,-8650,1780
1168,HAL,2020-09-15,0 days 15:59:13.249467,584980,14.47,14.46,26551,40745,6150,-8650
1169,HAL,2020-09-15,0 days 15:59:25.240250,584879,14.46,14.45,28922,45682,6762,-5938
1170,HAL,2020-09-15,0 days 15:59:35.240820,591941,14.46,14.45,52939,7434,-32634,7062
1171,HBI,2020-09-15,0 days 15:59:50.259468,615677,15.71,15.7,25758,5767,26857,-213894
1172,HD,2020-09-15,0 days 15:59:21.264525,380997,285.83,285.78,610,310,-2226,1352
1173,HD,2020-09-15,0 days 15:59:22.263446,380128,285.81,285.78,125,125,869,-2226
1174,HD,2020-09-15,0 days 15:59:29.263156,380997,285.84,285.81,125,100,-138,126
1175,HD,2020-09-15,0 days 15:59:34.264528,380039,285.82,285.79,243,100,958,-238
1176,HD,2020-09-15,0 days 15:59:45.266640,381197,285.85,285.8,400,125,-15268,4012
1177,HD,2020-09-15,0 days 15:59:46.264504,378499,285.8,285.75,745,100,17098,-15268
1178,HES,2020-09-15,0 days 15:55:00.239594,186845,42.87,42.86,1841,778,423,-38990
1179,HES,2020-09-15,0 days 15:55:50.241583,193182,42.82,42.81,1426,100,-3282,2021
1180,HES,2020-09-15,0 days 15:55:51.241867,192564,42.82,42.81,1326,200,618,-3282
1181,HES,2020-09-15,0 days 15:56:01.242915,192441,42.85,42.84,642,647,-518,633
1182,HES,2020-09-15,0 days 15:56:02.242949,191959,42.85,42.84,542,999,768,-518
1183,HES,2020-09-15,0 days 15:57:10.244275,194627,42.83,42.81,924,300,-488,337
1184,HES,2020-09-15,0 days 15:57:11.244274,194015,42.82,42.81,457,345,612,-488
1185,HES,2020-09-15,0 days 15:57:27.240471,193566,42.84,42.83,850,979,461,-339
1186,HES,2020-09-15,0 days 15:57:39.241432,203427,42.85,42.84,907,904,-439,2461
1187,HES,2020-09-15,0 days 15:57:40.240918,202066,42.85,42.84,807,804,1361,-439
1188,HES,2020-09-15,0 days 15:57:46.240895,206027,42.86,42.85,491,342,-739,2261
1189,HES,2020-09-15,0 days 15:57:47.241329,204466,42.85,42.84,100,1729,1561,-739
1190,HES,2020-09-15,0 days 15:58:30.243297,207127,42.85,42.84,999,5064,-338,1762
1191,HES,2020-09-15,0 days 15:58:31.243871,206165,42.85,42.84,1099,4964,962,-338
1192,HES,2020-09-15,0 days 15:59:05.245501,229336,42.85,42.84,506,3358,-190,1764
1193,HES,2020-09-15,0 days 15:59:10.245405,229526,42.85,42.84,1385,2763,16,-190
1194,HES,2020-09-15,0 days 15:59:15.244126,229708,42.85,42.84,1306,2425,-3009,75
1195,HES,2020-09-15,0 days 15:59:16.243453,228317,42.85,42.84,1406,2426,1291,-3009
1196,HES,2020-09-15,0 days 15:59:56.250789,209553,42.87,42.84,557,2930,-21392,1368
1197,HL,2020-09-15,0 days 15:55:47.511533,187086,5.79,5.78,79897,34549,-4672,6127
1198,HL,2020-09-15,0 days 15:55:48.512366,182058,5.79,5.78,84257,29149,5028,-4672
1199,HL,2020-09-15,0 days 15:57:14.513313,204408,5.79,5.78,70042,51339,-286,6264
1200,HL,2020-09-15,0 days 15:57:17.513512,197794,5.79,5.78,81324,40881,6614,-2586
1201,HL,2020-09-15,0 days 15:59:03.519760,198014,5.8,5.79,98868,56301,3470,-9830
1202,HL,2020-09-15,0 days 15:59:04.519385,201484,5.8,5.79,98068,57650,-16341,3470
1203,HL,2020-09-15,0 days 15:59:05.520209,199325,5.8,5.79,98868,56445,2159,-16341
1204,HLT,2020-09-15,0 days 15:55:00.226280,100782,92.01,91.99,400,326,-7043,30708
1205,HLT,2020-09-15,0 days 15:55:01.225685,97825,92.01,91.99,400,100,2957,-7043
1206,HLT,2020-09-15,0 days 15:59:35.234983,118123,91.96,91.94,476,905,3777,-531
1207,HLT,2020-09-15,0 days 15:59:45.236671,123566,91.95,91.92,187,2097,-1952,543
1208,HLT,2020-09-15,0 days 15:59:47.235481,122418,91.97,91.95,231,747,160,-840
1209,HLX,2020-09-15,0 days 15:59:09.264178,50013,3.18,3.17,39207,27211,1294,-1161
1210,HLX,2020-09-15,0 days 15:59:10.264406,49107,3.18,3.17,37707,28311,-906,1294
1211,HLX,2020-09-15,0 days 15:59:12.263672,50013,3.18,3.17,48558,21615,361,-906
1212,HLX,2020-09-15,0 days 15:59:13.264446,49174,3.18,3.17,46967,23315,-839,361
1213,HLX,2020-09-15,0 days 15:59:41.264340,52583,3.19,3.18,16482,54722,588,-781
1214,HON,2020-09-15,0 days 15:59:21.245675,310125,168.34,168.31,323,300,-41320,10246
1215,HON,2020-09-15,0 days 15:59:22.244406,308445,168.27,168.24,200,300,1680,-41320
1216,HON,2020-09-15,0 days 15:59:23.244164,310125,168.31,168.25,530,600,-293,1680
1217,HON,2020-09-15,0 days 15:59:24.243905,304343,168.34,168.29,423,600,6782,-293
1218,HON,2020-09-15,0 days 15:59:35.244315,311125,168.39,168.3,1260,501,-3109,3922
1219,HON,2020-09-15,0 days 15:59:36.245161,309983,168.39,168.3,1260,100,1142,-3109
1220,HON,2020-09-15,0 days 15:59:42.244515,311390,168.34,168.31,462,400,-1941,847
1221,HON,2020-09-15,0 days 15:59:45.246192,311282,168.38,168.35,200,500,418,-292
1222,HON,2020-09-15,0 days 15:59:47.244776,311700,168.41,168.37,200,1890,-5199,418
1223,HP,2020-09-15,0 days 15:59:23.241163,151704,15.56,15.55,5890,6738,2821,-2779
1224,HP,2020-09-15,0 days 15:59:36.241248,154525,15.56,15.55,5138,8939,-658,2821
1225,HP,2020-09-15,0 days 15:59:47.241398,149782,15.57,15.56,2188,6008,318,-21546
1226,HPE,2020-09-15,0 days 15:55:00.225724,310416,9.29,9.28,9749,42359,20038,-47389
1227,HPE,2020-09-15,0 days 15:55:24.227027,332841,9.3,9.29,22744,38354,-29375,22425
1228,HPE,2020-09-15,0 days 15:59:11.235451,410866,9.29,9.28,48868,34267,6315,-22340
1229,HPE,2020-09-15,0 days 15:59:23.235187,429246,9.29,9.28,61127,23033,-2564,4136
1230,HPE,2020-09-15,0 days 15:59:35.234822,431810,9.29,9.28,49573,39261,11935,-2564
