,Symbol,Timestamp,TIME,iPaired,Ask_P,Bid_P,Ask_S,Bid_S,iShares,PreviShares
0,A,2020-08-20,0 days 15:58:01.628474,126171,97.73,97.71,1080,250,288,-1912
1,A,2020-08-20,0 days 15:58:02.630907,123359,97.74,97.72,150,300,-2812,288
2,A,2020-08-20,0 days 15:58:59.770053,126915,97.76,97.75,250,254,3946,-3749
3,A,2020-08-20,0 days 15:59:00.772911,124776,97.77,97.75,686,1054,-2398,3946
4,A,2020-08-20,0 days 15:59:27.836773,147043,97.87,97.84,250,533,681,-442
5,A,2020-08-20,0 days 15:59:34.853462,147724,97.86,97.84,850,285,-1957,681
6,A,2020-08-20,0 days 15:59:42.872781,149781,97.87,97.84,590,384,6978,-9817
7,A,2020-08-20,0 days 15:59:43.875354,148359,97.87,97.85,47,410,-1422,6978
8,A,2020-08-20,0 days 15:59:45.879729,149881,97.85,97.82,900,465,5778,-9117
9,A,2020-08-20,0 days 15:59:46.882124,148359,97.85,97.82,150,1615,-3555,5778
10,AA,2020-08-20,0 days 15:57:07.568995,302161,15.21,15.2,17273,1807,-9,1091
11,AA,2020-08-20,0 days 15:57:45.660530,313939,15.21,15.2,17746,3042,2022,-8778
12,AA,2020-08-20,0 days 15:57:46.661752,312761,15.21,15.2,16534,3061,-1178,2022
13,AA,2020-08-20,0 days 15:58:02.701367,316939,15.21,15.2,19839,821,1034,-5166
14,AA,2020-08-20,0 days 15:58:04.706869,303890,15.21,15.2,17980,1120,-13049,2271
15,AA,2020-08-20,0 days 15:58:06.711300,318425,15.2,15.19,9012,6333,9905,-3272
16,AA,2020-08-20,0 days 15:58:07.715740,312530,15.2,15.19,8771,8133,-5895,9905
17,AA,2020-08-20,0 days 15:59:07.858816,320928,15.21,15.2,18053,3071,377,-2723
18,AA,2020-08-20,0 days 15:59:37.923283,335427,15.21,15.2,19072,12699,-7537,7670
19,AA,2020-08-20,0 days 15:59:40.931221,342964,15.21,15.2,28515,15653,32463,-637
20,AA,2020-08-20,0 days 15:59:41.932697,342327,15.21,15.2,28015,9178,-756,32463
21,AA,2020-08-20,0 days 15:59:49.955724,338624,15.19,15.18,15481,4595,-578,2588
22,ABBV,2020-08-20,0 days 15:59:15.751569,659046,95.21,95.2,2909,922,16221,-26861
23,ABBV,2020-08-20,0 days 15:59:16.753819,652078,95.21,95.2,1838,1775,-6968,16221
24,ABBV,2020-08-20,0 days 15:59:48.830074,707819,95.17,95.16,2607,483,-844,4188
25,ABEV,2020-08-20,0 days 15:59:36.745434,102812,2.35,2.34,273100,1020230,33417,-39283
26,ABEV,2020-08-20,0 days 15:59:37.747888,100829,2.35,2.34,273200,1021730,-1983,33417
27,ABT,2020-08-20,0 days 15:59:15.694287,496870,101.75,101.74,100,1106,44303,-17426
28,ABT,2020-08-20,0 days 15:59:16.697013,492473,101.77,101.76,913,615,-4397,44303
29,ABT,2020-08-20,0 days 15:59:43.762091,580867,101.68,101.67,100,820,-1349,36651
30,ACB,2020-08-20,0 days 15:55:00.088965,2859,9.6,9.59,1201,4469,694,-762
31,ACB,2020-08-20,0 days 15:57:21.429013,3456,9.61,9.6,2244,11937,-648,94
32,ACC,2020-08-20,0 days 15:55:44.311716,64953,32.11,32.1,817,2181,4707,-348
33,ACC,2020-08-20,0 days 15:55:45.313709,63360,32.11,32.1,817,1685,-1593,4707
34,ACC,2020-08-20,0 days 15:56:42.451132,63711,32.11,32.1,1517,2409,-1327,173
35,ACC,2020-08-20,0 days 15:59:20.834474,68482,32.09,32.08,779,1046,251,-378
36,ACC,2020-08-20,0 days 15:59:33.866306,68365,32.09,32.08,1819,577,-617,251
37,ACC,2020-08-20,0 days 15:59:40.882567,68982,32.09,32.08,738,1473,369,-302
38,ACC,2020-08-20,0 days 15:59:45.894682,68697,32.1,32.09,212,1306,-285,890
39,ADT,2020-08-20,0 days 15:56:13.260327,77689,11.59,11.58,4045,12552,-248,1067
40,ADT,2020-08-20,0 days 15:57:38.463919,84687,11.59,11.58,4857,14024,902,-3598
41,ADT,2020-08-20,0 days 15:58:04.527777,87289,11.59,11.58,8197,6104,-1208,792
42,ADT,2020-08-20,0 days 15:59:07.681782,89206,11.59,11.58,6969,13298,-426,1774
43,ADT,2020-08-20,0 days 15:59:21.708939,92332,11.59,11.58,8439,3976,3008,-626
44,ADT,2020-08-20,0 days 15:59:22.712441,87940,11.59,11.58,8439,3676,-4392,3008
45,ADT,2020-08-20,0 days 15:59:45.767076,90440,11.58,11.57,12720,3360,-226,3171
46,AEG,2020-08-20,0 days 15:59:36.755022,26574,2.68,2.67,212163,275165,8389,-10411
47,AEG,2020-08-20,0 days 15:59:37.757752,26363,2.68,2.67,211959,265565,-211,8389
48,AEO,2020-08-20,0 days 15:55:35.083258,140512,11.22,11.21,7635,15149,-955,3345
49,AEO,2020-08-20,0 days 15:55:36.085627,137567,11.22,11.21,8039,14768,2945,-955
50,AEO,2020-08-20,0 days 15:55:39.092577,145512,11.22,11.21,9314,13448,-3560,3545
51,AEO,2020-08-20,0 days 15:55:40.094188,142772,11.22,11.21,9025,14448,2740,-3560
52,AEO,2020-08-20,0 days 15:58:59.564017,178277,11.2,11.19,20371,7237,-1298,2692
53,AEO,2020-08-20,0 days 15:59:00.567897,176675,11.2,11.19,20807,3040,6198,-1298
54,AEO,2020-08-20,0 days 15:59:07.585200,182883,11.2,11.19,17770,4130,-9157,6198
55,AEO,2020-08-20,0 days 15:59:13.598803,185122,11.2,11.19,18333,2794,-3141,1782
56,AEO,2020-08-20,0 days 15:59:14.600226,183163,11.2,11.19,19333,3332,1959,-3141
57,AEO,2020-08-20,0 days 15:59:34.637993,183405,11.2,11.19,11882,19621,1817,-14083
58,AEO,2020-08-20,0 days 15:59:39.649965,184380,11.2,11.19,11305,19221,842,-5958
59,AEO,2020-08-20,0 days 15:59:42.657836,184380,11.19,11.18,25288,7749,842,-15558
60,AEO,2020-08-20,0 days 15:59:45.665209,185222,11.2,11.19,6206,25765,-18458,21103
61,AEO,2020-08-20,0 days 15:59:46.666956,189780,11.2,11.19,15383,24465,515,-18458
62,AEP,2020-08-20,0 days 15:56:15.264642,228251,79.45,79.44,500,2014,13163,-54037
63,AEP,2020-08-20,0 days 15:56:16.267283,222814,79.46,79.45,200,878,-5437,13163
64,AEP,2020-08-20,0 days 15:57:45.481017,228251,79.42,79.41,600,1894,239,-1161
65,AEP,2020-08-20,0 days 15:57:48.487868,222690,79.42,79.41,1146,1896,-5561,239
66,AEP,2020-08-20,0 days 15:58:37.608545,224131,79.42,79.41,3515,2759,6002,-1759
67,AEP,2020-08-20,0 days 15:58:38.611383,217733,79.42,79.41,3030,2901,-6498,6002
68,AEP,2020-08-20,0 days 15:59:15.694640,230634,79.4,79.39,593,398,15522,-36240
69,AEP,2020-08-20,0 days 15:59:16.697315,228353,79.43,79.42,316,956,-2281,15522
70,AEP,2020-08-20,0 days 15:59:19.704296,230634,79.42,79.41,414,552,3350,-1410
71,AEP,2020-08-20,0 days 15:59:20.706626,225741,79.42,79.41,190,1111,-4893,3350
72,AEP,2020-08-20,0 days 15:59:25.718432,230834,79.42,79.41,278,992,107,-2293
73,AEP,2020-08-20,0 days 15:59:43.762281,232956,79.41,79.4,535,317,-496,1204
74,AEP,2020-08-20,0 days 15:59:44.764919,233452,79.4,79.39,1657,246,1366,-496
75,AEP,2020-08-20,0 days 15:59:45.767076,233018,79.41,79.39,1605,1410,-2287,1366
76,AES,2020-08-20,0 days 15:59:20.727472,522070,18.01,18.0,10962,23261,11909,-8893
77,AES,2020-08-20,0 days 15:59:21.729591,478743,18.01,18.0,9707,25758,-39527,11909
78,AES,2020-08-20,0 days 15:59:23.734630,516357,18.0,17.99,20274,7446,313,-87
79,AFL,2020-08-20,0 days 15:55:00.088220,199281,36.7,36.69,3409,1475,1151,-111254
80,AFL,2020-08-20,0 days 15:55:01.091955,196132,36.7,36.69,1697,4351,-3149,1151
81,AFL,2020-08-20,0 days 15:56:45.343069,197247,36.7,36.69,4028,3774,-2460,1087
82,AFL,2020-08-20,0 days 15:57:36.465478,199707,36.7,36.69,3637,5108,1329,-571
83,AFL,2020-08-20,0 days 15:57:37.467894,197336,36.71,36.7,3100,3887,-2371,1329
84,AFL,2020-08-20,0 days 15:59:15.703795,219586,36.7,36.69,6777,5714,17830,-2346
85,AFL,2020-08-20,0 days 15:59:16.707058,217124,36.71,36.7,3472,2789,-2462,17830
86,AFL,2020-08-20,0 days 15:59:21.718082,226140,36.7,36.69,3927,6381,389,-4616
87,AFL,2020-08-20,0 days 15:59:22.721174,226529,36.7,36.69,4190,4240,-2283,389
88,AFL,2020-08-20,0 days 15:59:27.732537,228812,36.7,36.69,5436,1547,377,-1824
89,AFL,2020-08-20,0 days 15:59:35.754839,221468,36.7,36.69,5412,6661,-7344,5356
90,AFL,2020-08-20,0 days 15:59:40.763636,228812,36.7,36.69,9054,5037,206,-644
91,AFL,2020-08-20,0 days 15:59:46.777638,228500,36.69,36.68,11314,1818,-557,1488
92,AFL,2020-08-20,0 days 15:59:48.782832,229057,36.68,36.67,10132,3503,910,-104
93,AFL,2020-08-20,0 days 15:59:49.785357,228767,36.68,36.67,9880,3403,-290,910
94,AG,2020-08-20,0 days 15:55:55.244383,54276,11.83,11.82,18192,11867,-3100,5300
95,AG,2020-08-20,0 days 15:55:56.246462,53376,11.83,11.82,19102,6767,900,-3100
96,AG,2020-08-20,0 days 15:56:20.304398,54276,11.82,11.81,9174,28050,-800,900
97,AG,2020-08-20,0 days 15:56:21.306916,50676,11.82,11.81,9574,27755,3600,-800
98,AG,2020-08-20,0 days 15:59:39.774269,55667,11.85,11.84,27755,23252,-7214,586
99,AG,2020-08-20,0 days 15:59:40.775850,55281,11.85,11.84,22428,31357,386,-7214
100,AGI,2020-08-20,0 days 15:57:40.528688,31333,10.39,10.38,49621,8273,1637,-1263
101,AGI,2020-08-20,0 days 15:58:58.718768,33301,10.39,10.38,9095,43574,-2796,668
102,AGI,2020-08-20,0 days 15:58:59.721356,31997,10.39,10.38,11495,41324,1304,-2796
103,AGI,2020-08-20,0 days 15:59:39.808683,33782,10.37,10.36,2223,49098,-5649,1151
104,AGI,2020-08-20,0 days 15:59:40.810813,33031,10.37,10.36,3123,49098,751,-5649
105,AIG,2020-08-20,0 days 15:55:00.110966,668255,29.14,29.13,1061,3486,5173,-375682
106,AIG,2020-08-20,0 days 15:55:41.210619,668545,29.15,29.14,883,8932,2571,-1729
107,AIG,2020-08-20,0 days 15:55:53.239862,672209,29.15,29.14,2345,10503,-2819,3581
108,AIG,2020-08-20,0 days 15:55:54.241734,669528,29.15,29.14,1936,10784,2681,-2819
109,AIG,2020-08-20,0 days 15:57:13.430328,679035,29.14,29.13,3804,10086,-1538,2262
110,AIG,2020-08-20,0 days 15:57:14.424920,675973,29.14,29.13,4304,9486,3062,-1538
111,AIG,2020-08-20,0 days 15:57:43.495208,668383,29.15,29.14,2322,8471,8055,-5735
112,AIG,2020-08-20,0 days 15:57:51.514353,676438,29.16,29.15,551,12185,-3335,8055
113,AIG,2020-08-20,0 days 15:57:52.516730,675683,29.16,29.15,951,12975,755,-3335
114,AIG,2020-08-20,0 days 15:57:54.521630,676438,29.17,29.16,4810,9557,-811,379
115,AIG,2020-08-20,0 days 15:57:55.524097,675759,29.17,29.16,5710,9841,679,-811
116,AIG,2020-08-20,0 days 15:57:58.531341,676438,29.17,29.16,4187,12679,-1911,679
117,AIG,2020-08-20,0 days 15:58:18.582181,670656,29.16,29.15,3197,12530,-6706,1684
118,AIG,2020-08-20,0 days 15:58:19.584805,668972,29.16,29.15,3352,12296,1884,-6706
119,AIG,2020-08-20,0 days 15:59:17.719509,711015,29.18,29.17,4869,14610,1046,-2154
120,AIG,2020-08-20,0 days 15:59:21.729792,744787,29.18,29.17,5658,8691,11234,-25626
121,AIG,2020-08-20,0 days 15:59:28.746082,759361,29.18,29.17,4578,17673,-2776,9824
122,AIG,2020-08-20,0 days 15:59:39.774308,707561,29.18,29.17,6909,1971,-49458,2042
123,ALC,2020-08-20,0 days 15:57:39.453796,20644,58.5,58.49,233,1554,67,-33
124,ALC,2020-08-20,0 days 15:57:40.456333,19911,58.51,58.49,1056,1846,-733,67
125,ALC,2020-08-20,0 days 15:58:59.648123,20644,58.52,58.51,21,300,136,-564
126,ALC,2020-08-20,0 days 15:59:00.652261,19980,58.52,58.51,21,247,-664,136
127,ALC,2020-08-20,0 days 15:59:06.665832,20028,58.51,58.5,300,281,899,-129
128,ALC,2020-08-20,0 days 15:59:07.668159,19627,58.51,58.5,910,281,-401,899
129,ALC,2020-08-20,0 days 15:59:18.690038,20668,58.51,58.5,966,2099,947,-580
130,ALC,2020-08-20,0 days 15:59:19.693170,20315,58.51,58.5,966,2099,-353,947
131,ALLY,2020-08-20,0 days 15:55:01.002409,170234,21.84,21.83,3414,5513,193895,-66355
132,ALLY,2020-08-20,0 days 15:59:04.576225,321632,21.86,21.85,4190,7442,-12656,777
133,ALLY,2020-08-20,0 days 15:59:05.580004,314494,21.86,21.85,7038,2974,7138,-12656
134,ALLY,2020-08-20,0 days 15:59:27.620588,320096,21.86,21.85,7153,7843,-7760,1723
135,ALLY,2020-08-20,0 days 15:59:28.623135,315056,21.86,21.85,8530,5749,5040,-7760
136,ALLY,2020-08-20,0 days 15:59:34.638021,320096,21.87,21.86,6178,5500,-4592,4734
137,ALLY,2020-08-20,0 days 15:59:35.640644,316094,21.86,21.85,8990,2020,4002,-4592
138,AM,2020-08-20,0 days 15:55:43.366106,170374,7.22,7.21,10587,21485,-1526,117
139,AM,2020-08-20,0 days 15:55:44.369704,164510,7.22,7.21,10687,19818,5864,-1526
140,AM,2020-08-20,0 days 15:59:17.874479,174532,7.23,7.22,3759,26678,-2120,1280
141,AM,2020-08-20,0 days 15:59:18.877346,171552,7.23,7.22,7059,25278,2980,-2120
142,AM,2020-08-20,0 days 15:59:40.931247,183996,7.22,7.21,4320,21524,-693,1391
143,AM,2020-08-20,0 days 15:59:45.942314,182389,7.22,7.21,7467,16087,1607,-12693
144,AMC,2020-08-20,0 days 15:55:01.085683,118802,5.69,5.68,3301,10847,-109339,97744
145,AMC,2020-08-20,0 days 15:55:02.085985,112741,5.69,5.68,3901,12347,6061,-109339
146,AMCR,2020-08-20,0 days 15:58:07.546440,545033,11.27,11.26,32188,35864,8050,-7344
147,AMCR,2020-08-20,0 days 15:58:08.544259,531283,11.27,11.26,31888,34464,-13750,8050
148,AMCR,2020-08-20,0 days 15:59:10.694620,571165,11.28,11.27,25429,50709,5107,-3725
149,AMCR,2020-08-20,0 days 15:59:43.770647,585291,11.29,11.28,58313,20577,23337,-15125
150,AMH,2020-08-20,0 days 15:55:00.071318,107371,28.52,28.51,1563,6754,15068,-31824
151,AMH,2020-08-20,0 days 15:55:01.073455,105139,28.52,28.51,1360,7555,-2232,15068
152,AMH,2020-08-20,0 days 15:57:41.458882,107729,28.57,28.56,5255,8410,22,-161
153,AMH,2020-08-20,0 days 15:57:54.490299,107751,28.57,28.56,4009,10556,-78,22
154,AMH,2020-08-20,0 days 15:58:03.512443,108529,28.57,28.56,5809,9018,125,-975
155,AMH,2020-08-20,0 days 15:58:04.515013,106354,28.57,28.56,5509,9303,-2175,125
156,AMH,2020-08-20,0 days 15:59:00.652225,109112,28.53,28.52,1262,6341,5396,-1856
157,AMH,2020-08-20,0 days 15:59:01.654540,108668,28.53,28.52,1162,6453,-444,5396
158,AMH,2020-08-20,0 days 15:59:19.693120,114980,28.53,28.52,5122,2310,-16482,156
159,AMH,2020-08-20,0 days 15:59:34.728764,131658,28.52,28.51,6044,1100,2514,-772
160,AMH,2020-08-20,0 days 15:59:35.732219,125972,28.52,28.51,6639,1200,-5683,2514
161,ATUS,2020-08-20,0 days 15:55:01.001340,669770,26.8,26.79,5671,8816,3574,-15049
162,ATUS,2020-08-20,0 days 15:55:02.000097,655244,26.8,26.79,5021,10522,-14526,3574
163,ATUS,2020-08-20,0 days 15:59:06.580980,717657,26.75,26.74,20086,21195,4198,-4227
164,ATUS,2020-08-20,0 days 15:59:11.592218,709594,26.73,26.72,11610,12867,-8763,23537
165,ATUS,2020-08-20,0 days 15:59:19.601709,718357,26.73,26.72,16450,200,54160,-1363
166,ATUS,2020-08-20,0 days 15:59:20.604128,713717,26.73,26.72,8928,4122,-4640,54160
167,ATUS,2020-08-20,0 days 15:59:27.620465,718357,26.73,26.72,9589,8265,10890,-2669
168,ATUS,2020-08-20,0 days 15:59:28.623006,716647,26.73,26.72,5184,9565,-1710,10890
169,ATUS,2020-08-20,0 days 15:59:49.674241,717460,26.73,26.72,14132,15535,-897,3503
170,AU,2020-08-20,0 days 15:55:00.110097,46346,28.81,28.8,1003,1401,182,-15720
171,AU,2020-08-20,0 days 15:56:14.289490,46539,28.84,28.83,3199,958,-4050,150
172,AU,2020-08-20,0 days 15:57:08.419946,49289,28.84,28.83,1982,700,1921,-179
173,AU,2020-08-20,0 days 15:57:09.422120,49110,28.84,28.83,2238,824,-179,1921
174,AU,2020-08-20,0 days 15:59:04.693683,49817,28.89,28.88,2790,2715,-134,2566
175,AU,2020-08-20,0 days 15:59:19.725575,59439,28.87,28.86,618,3522,-6912,8988
176,AU,2020-08-20,0 days 15:59:20.727648,58851,28.87,28.86,618,2622,588,-6912
177,AUY,2020-08-20,0 days 15:55:00.188939,78795,6.14,6.13,412636,300861,-13372,30433
178,AUY,2020-08-20,0 days 15:58:06.640383,92292,6.15,6.14,646692,229495,11290,-1870
179,AUY,2020-08-20,0 days 15:58:10.650581,104782,6.15,6.14,554087,262011,-8602,11290
180,AXP,2020-08-20,0 days 15:59:16.825222,446057,96.79,96.78,400,1150,-70631,48893
181,AYX,2020-08-20,0 days 15:59:15.703937,71760,113.66,113.62,859,219,-16,284
182,AYX,2020-08-20,0 days 15:59:16.707167,71776,113.65,113.61,640,1117,784,-16
183,AYX,2020-08-20,0 days 15:59:20.716184,72640,113.65,113.61,740,1317,-9970,864
184,AYX,2020-08-20,0 days 15:59:21.718228,66410,113.63,113.61,640,1016,6630,-9970
185,AYX,2020-08-20,0 days 15:59:22.721345,72140,113.71,113.65,655,1244,-364,6630
186,AYX,2020-08-20,0 days 15:59:24.725760,70226,113.71,113.65,555,1144,1614,-1286
187,AYX,2020-08-20,0 days 15:59:25.728609,70940,113.73,113.67,500,288,-954,1614
188,AYX,2020-08-20,0 days 15:59:26.729918,70594,113.73,113.67,500,288,346,-954
189,AYX,2020-08-20,0 days 15:59:33.748185,70945,113.76,113.7,500,522,-749,1251
190,AYX,2020-08-20,0 days 15:59:44.772931,71217,113.73,113.67,639,200,628,-272
191,AYX,2020-08-20,0 days 15:59:45.774629,71845,113.72,113.65,500,2014,-272,628
192,AYX,2020-08-20,0 days 15:59:50.788755,71117,113.71,113.65,419,1931,728,-472
193,AYX,2020-08-20,0 days 15:59:53.795762,70946,113.71,113.66,646,433,-171,728
194,AZN,2020-08-20,0 days 15:58:09.720237,77994,56.49,56.48,597,6342,2291,-576
195,AZN,2020-08-20,0 days 15:58:27.762787,80285,56.5,56.49,1990,4273,-1276,1691
196,AZN,2020-08-20,0 days 15:58:28.764344,78294,56.5,56.49,3388,3773,1991,-1276
197,AZN,2020-08-20,0 days 15:59:50.956402,71099,56.5,56.49,2783,2086,11267,-233
198,BA,2020-08-20,0 days 15:55:01.002056,208218,169.43,169.4,10,200,8824,-42977
199,BA,2020-08-20,0 days 15:55:02.000375,205042,169.49,169.46,100,211,-3530,8824
200,BA,2020-08-20,0 days 15:57:55.407229,214244,169.62,169.61,202,100,1171,-5229
201,BA,2020-08-20,0 days 15:57:56.409598,205115,169.67,169.64,1,339,-9129,1171
202,BA,2020-08-20,0 days 15:57:57.412016,214244,169.65,169.62,100,1322,1171,-9129
203,BA,2020-08-20,0 days 15:57:58.414810,211315,169.68,169.64,802,30,-2929,1171
204,BA,2020-08-20,0 days 15:58:01.422953,214344,169.64,169.62,580,223,935,-7329
205,BA,2020-08-20,0 days 15:58:02.425037,209460,169.63,169.61,100,291,-4884,935
206,BA,2020-08-20,0 days 15:58:08.439812,214344,169.59,169.58,138,210,116,-1284
207,BA,2020-08-20,0 days 15:58:09.442001,209960,169.63,169.6,130,300,-4384,116
208,BA,2020-08-20,0 days 15:58:12.449226,214384,169.63,169.61,632,24,476,-11084
209,BA,2020-08-20,0 days 15:58:13.452190,213160,169.62,169.59,242,352,-1224,476
210,BA,2020-08-20,0 days 15:59:15.592344,214721,169.73,169.71,200,200,36955,-3540
211,BA,2020-08-20,0 days 15:59:16.594657,220976,169.8,169.76,200,31,-4203,36955
212,BA,2020-08-20,0 days 15:59:48.672571,232836,169.62,169.6,100,404,2828,-5872
213,BA,2020-08-20,0 days 15:59:49.674406,235664,169.64,169.61,31,800,-4672,2828
214,BABA,2020-08-20,0 days 15:58:31.651635,1765734,257.99,257.97,1099,609,2813,-687
215,BABA,2020-08-20,0 days 15:59:07.741545,1768332,257.98,257.96,37,400,-8054,4075
216,BABA,2020-08-20,0 days 15:59:13.755975,1764886,257.98,257.96,1,493,3536,-364
217,BABA,2020-08-20,0 days 15:59:14.757859,1768322,257.99,257.97,126,539,-364,3536
218,BABA,2020-08-20,0 days 15:59:15.751105,1768686,257.99,257.97,276,687,13035,-364
219,BABA,2020-08-20,0 days 15:59:48.829731,1796352,258.1,258.07,2603,379,-1681,7266
220,BABA,2020-08-20,0 days 15:59:50.834982,1770716,257.99,257.94,1626,700,26316,-2664
221,BAC,2020-08-20,0 days 15:55:00.261037,1690572,25.1,25.09,41601,95875,-45701,17024
222,BAC,2020-08-20,0 days 15:55:01.263191,1677673,25.1,25.09,42902,97435,7944,-45701
223,BAC,2020-08-20,0 days 15:58:32.775821,1737898,25.11,25.1,105870,90579,1129,-3871
224,BAC,2020-08-20,0 days 15:59:14.868390,1922637,25.14,25.13,64934,102552,13601,-92536
225,BAC,2020-08-20,0 days 15:59:20.882321,1966032,25.14,25.13,42189,125495,-51974,5581
226,BAC,2020-08-20,0 days 15:59:24.891970,2114239,25.13,25.12,102013,90401,1234,-180313
227,BAC,2020-08-20,0 days 15:59:26.896241,2109679,25.13,25.12,78445,92565,-4960,48740
228,BAX,2020-08-20,0 days 15:55:00.091377,174145,82.91,82.89,200,400,3713,-32142
229,BAX,2020-08-20,0 days 15:55:36.171105,191605,82.9,82.89,20,164,-1484,3960
230,BAX,2020-08-20,0 days 15:55:44.190736,193685,82.9,82.88,300,300,29560,-1784
231,BAX,2020-08-20,0 days 15:55:45.192740,192145,82.9,82.87,683,400,-1536,29560
232,BAX,2020-08-20,0 days 15:56:01.233481,188021,82.89,82.86,689,300,4324,-1491
233,BAX,2020-08-20,0 days 15:56:02.233718,187045,82.89,82.88,620,200,-920,4324
234,BAX,2020-08-20,0 days 15:57:39.466093,191742,82.85,82.84,955,214,582,-1818
235,BAX,2020-08-20,0 days 15:57:40.468475,190624,82.84,82.83,200,300,-1118,582
236,BAX,2020-08-20,0 days 15:58:17.559829,198240,82.87,82.86,100,1437,327,-1217
237,BAX,2020-08-20,0 days 15:58:18.562978,196967,82.88,82.87,200,1138,-1273,327
238,BAX,2020-08-20,0 days 15:58:34.601002,198396,82.9,82.88,3083,877,671,-1429
239,BAX,2020-08-20,0 days 15:58:35.603128,197167,82.9,82.88,2938,983,-1329,671
240,BAX,2020-08-20,0 days 15:59:14.697913,199888,82.9,82.89,246,540,-695,705
241,BAX,2020-08-20,0 days 15:59:15.694340,200627,82.9,82.88,558,364,15759,-695
242,BB,2020-08-20,0 days 15:58:57.643403,30434,4.84,4.83,279692,143456,-1068,1567
243,BB,2020-08-20,0 days 15:59:27.711526,32310,4.84,4.83,303964,52977,1999,-893
244,BBVA,2020-08-20,0 days 15:59:36.733814,57965,2.89,2.88,360130,491272,23957,-28243
245,BBVA,2020-08-20,0 days 15:59:37.735626,56522,2.89,2.88,311880,496672,-1443,23957
246,BBY,2020-08-20,0 days 15:56:07.245662,129881,111.99,111.97,103,438,2996,-3901
247,BBY,2020-08-20,0 days 15:56:08.248041,124177,112.0,111.97,763,328,-5704,2996
248,BE,2020-08-20,0 days 15:56:59.430326,70618,16.42,16.41,1453,1778,-925,665
249,BE,2020-08-20,0 days 15:59:02.728601,72119,16.4,16.38,3389,1879,265,-2033
250,BE,2020-08-20,0 days 15:59:07.741999,69086,16.4,16.38,3457,1679,-2345,953
251,BE,2020-08-20,0 days 15:59:09.746097,71431,16.4,16.38,4738,1579,853,-745
252,BE,2020-08-20,0 days 15:59:10.749240,70786,16.39,16.38,901,1379,-682,853
253,BE,2020-08-20,0 days 15:59:37.803443,83751,16.37,16.36,3142,4475,3507,-261
254,BE,2020-08-20,0 days 15:59:38.806031,82859,16.37,16.36,3780,4622,-792,3507
255,BEKE,2020-08-20,0 days 15:55:03.267610,22504,40.9,40.74,54,1200,37,-117
256,BEKE,2020-08-20,0 days 15:55:04.272090,22341,40.9,40.74,54,1500,-163,37
257,BEKE,2020-08-20,0 days 15:55:11.288068,22504,40.95,40.74,1529,1700,137,-163
258,BEKE,2020-08-20,0 days 15:55:12.290655,22441,40.95,40.74,1529,1400,-63,137
259,BEKE,2020-08-20,0 days 15:55:34.346308,20104,40.95,40.74,1900,2316,2337,-63
260,BEKE,2020-08-20,0 days 15:56:12.436754,22504,40.9,40.76,2420,1512,177,-123
261,BEKE,2020-08-20,0 days 15:56:13.438452,21881,40.9,40.76,2520,1612,-623,177
262,BEKE,2020-08-20,0 days 15:56:19.452616,22504,40.89,40.76,2340,1612,177,-923
263,BEKE,2020-08-20,0 days 15:56:20.455704,21881,40.89,40.76,2540,1612,-623,177
264,BEKE,2020-08-20,0 days 15:57:05.564487,21881,40.82,40.7,1300,1000,-2223,177
265,BEKE,2020-08-20,0 days 15:57:24.608345,20104,40.82,40.7,2475,700,1777,-623
266,BEKE,2020-08-20,0 days 15:57:25.611159,21881,40.82,40.7,2475,800,-2223,1777
267,BEKE,2020-08-20,0 days 15:57:26.612773,20104,40.82,40.7,2475,800,1778,-2223
268,BEKE,2020-08-20,0 days 15:57:27.615604,21881,40.82,40.7,2275,600,-2223,1778
269,BEKE,2020-08-20,0 days 15:57:52.677203,20604,40.8,40.7,3105,1403,2177,-223
270,BEKE,2020-08-20,0 days 15:58:16.735601,21881,40.8,40.7,2805,500,-36423,3178
271,BEKE,2020-08-20,0 days 15:58:17.738555,20704,40.8,40.7,2805,758,39378,-36423
272,BEKE,2020-08-20,0 days 15:58:31.771833,58883,40.7,40.68,3400,597,-28021,3779
273,BEKE,2020-08-20,0 days 15:58:32.775813,55504,40.7,40.68,3800,397,3379,-28021
274,BEKE,2020-08-20,0 days 15:58:40.794484,94084,40.7,40.63,3800,35,-18020,7080
275,BEKE,2020-08-20,0 days 15:58:41.796241,87204,40.7,40.6,3800,900,6880,-18020
276,BEKE,2020-08-20,0 days 15:59:40.931247,49030,40.98,40.51,300,2422,-107639,8168
277,BEKE,2020-08-20,0 days 15:59:41.932708,56769,40.94,40.51,3300,700,105068,-107639
278,BEKE,2020-08-20,0 days 15:59:44.940918,121233,40.94,40.62,1500,577,-30636,9968
279,BEKE,2020-08-20,0 days 15:59:45.942314,117269,40.94,40.62,500,2577,3964,-30636
280,BEKE,2020-08-20,0 days 15:59:48.950692,86031,40.94,40.72,400,1977,-30706,2696
281,BEKE,2020-08-20,0 days 15:59:49.955737,65537,40.94,40.72,300,1200,20493,-30706
282,BEKE,2020-08-20,0 days 15:59:55.968044,49036,40.78,40.72,400,9000,-19101,20493
283,BEKE,2020-08-20,0 days 15:59:58.972224,65537,40.78,40.72,599,5260,20493,-19101
284,BEKE,2020-08-20,0 days 16:00:00.979261,49036,40.98,40.78,300,10074,-19101,20493
285,BHC,2020-08-20,0 days 15:55:35.228315,36465,16.88,16.87,8378,7613,-393,1007
286,BHC,2020-08-20,0 days 15:55:36.229972,35558,16.88,16.87,8078,14780,907,-393
287,BHC,2020-08-20,0 days 15:56:07.305562,36714,16.88,16.87,12559,4849,-634,653
288,BHC,2020-08-20,0 days 15:56:08.307165,35948,16.88,16.87,12459,5176,766,-634
289,BHC,2020-08-20,0 days 15:56:14.321831,36714,16.89,16.88,9183,3912,-1361,766
290,BHC,2020-08-20,0 days 15:56:15.324257,36175,16.89,16.88,9183,4113,539,-1361
291,BHC,2020-08-20,0 days 15:56:20.336349,36714,16.89,16.88,11683,3932,-1161,539
292,BHC,2020-08-20,0 days 15:56:21.338302,33475,16.89,16.88,11783,3932,3239,-1161
293,BHC,2020-08-20,0 days 15:59:33.794404,39503,16.89,16.88,15370,7634,-589,5711
294,BJ,2020-08-20,0 days 15:59:15.869772,176806,44.35,44.34,267,295,-1746,18912
295,BJ,2020-08-20,0 days 15:59:16.872006,172852,44.35,44.34,214,95,3954,-1746
296,BJ,2020-08-20,0 days 15:59:25.893550,176306,44.37,44.34,1245,1125,-2254,146
297,BJ,2020-08-20,0 days 15:59:26.896217,172860,44.37,44.34,1132,1112,3446,-2254
298,BK,2020-08-20,0 days 15:59:05.736515,553378,35.89,35.88,2484,6942,10954,-27626
299,BK,2020-08-20,0 days 15:59:06.738263,548026,35.89,35.88,2199,7542,-5352,10954
300,BK,2020-08-20,0 days 15:59:10.749240,555839,35.9,35.89,4142,7258,5890,-1052
301,BK,2020-08-20,0 days 15:59:11.750920,547957,35.9,35.89,2202,8560,-7882,5890
302,BK,2020-08-20,0 days 15:59:15.751430,555839,35.9,35.89,3361,7297,48081,-5553
303,BK,2020-08-20,0 days 15:59:16.753707,509420,35.9,35.89,2600,9135,-46419,48081
304,BK,2020-08-20,0 days 15:59:19.761430,547675,35.87,35.86,1659,4378,1047,-31392
305,BK,2020-08-20,0 days 15:59:20.764084,547094,35.87,35.86,7587,3600,-581,1047
306,BK,2020-08-20,0 days 15:59:26.776858,545275,35.86,35.85,5912,4806,2761,-681
307,BKR,2020-08-20,0 days 15:58:15.677270,555736,15.75,15.74,9717,12765,81818,-21282
308,BKR,2020-08-20,0 days 15:58:16.679011,421654,15.77,15.76,14517,3475,-134082,81818
309,BKR,2020-08-20,0 days 15:59:15.822069,559324,15.78,15.77,16994,24371,6883,-1008
310,BKR,2020-08-20,0 days 15:59:17.826433,555707,15.8,15.79,17247,18358,-12417,6883
311,BKR,2020-08-20,0 days 15:59:43.890502,562401,15.77,15.76,13180,7058,10714,-12782
312,BKR,2020-08-20,0 days 15:59:47.900251,567794,15.75,15.74,4234,11566,-1938,112662
313,BMY,2020-08-20,0 days 15:55:01.001580,448086,62.17,62.16,1442,5931,5274,-122080
314,BMY,2020-08-20,0 days 15:55:02.000269,441660,62.18,62.17,2530,4506,-6426,5274
315,BMY,2020-08-20,0 days 15:55:27.062318,450316,62.19,62.18,3704,2230,2285,-5571
316,BMY,2020-08-20,0 days 15:55:28.065159,449068,62.19,62.18,3505,2631,-1248,2285
317,BMY,2020-08-20,0 days 15:55:42.098949,452860,62.19,62.18,3733,5894,11208,-2592
318,BMY,2020-08-20,0 days 15:56:08.161961,456527,62.2,62.19,2467,6851,-2980,3620
319,BMY,2020-08-20,0 days 15:57:40.370539,468496,62.19,62.18,5215,637,853,-747
320,BMY,2020-08-20,0 days 15:58:13.452130,471101,62.21,62.2,3956,1849,60,-940
321,BMY,2020-08-20,0 days 15:58:19.466872,471301,62.22,62.21,4796,2205,960,-940
322,BMY,2020-08-20,0 days 15:58:30.493066,471901,62.23,62.22,2630,4870,60,-1040
323,BMY,2020-08-20,0 days 15:58:31.495601,470861,62.23,62.22,1830,5700,-1040,60
324,BMY,2020-08-20,0 days 15:58:41.519483,472301,62.23,62.22,6033,2663,4229,-1440
325,BMY,2020-08-20,0 days 15:58:42.522150,471992,62.23,62.22,6133,2001,-309,4229
326,BMY,2020-08-20,0 days 15:58:55.553593,472801,62.23,62.22,716,7228,2614,-515
327,BMY,2020-08-20,0 days 15:59:00.567816,471155,62.24,62.23,6844,997,-2103,2257
328,BMY,2020-08-20,0 days 15:59:04.576188,474451,62.24,62.23,4198,4434,-566,472
329,BMY,2020-08-20,0 days 15:59:22.608852,522881,62.24,62.23,3400,1441,-7476,2008
330,BP,2020-08-20,0 days 15:57:18.523517,142599,21.99,21.98,32879,30108,1963,-7807
331,BP,2020-08-20,0 days 15:59:22.824681,150628,22.0,21.99,49885,31042,-300,1357
332,BP,2020-08-20,0 days 15:59:31.846526,147915,21.99,21.98,65603,33512,-913,10587
333,BP,2020-08-20,0 days 15:59:35.855606,148828,21.99,21.98,65303,34256,1887,-913
334,BRK.B,2020-08-20,0 days 15:59:15.682637,515454,206.29,206.26,391,18,14916,-57604
335,BRK.B,2020-08-20,0 days 15:59:16.686160,508924,206.4,206.32,700,599,-6581,14916
336,BSX,2020-08-20,0 days 15:55:00.069865,283911,38.86,38.85,1206,7119,7764,-45413
337,BSX,2020-08-20,0 days 15:55:01.072046,282275,38.86,38.85,1927,8054,-1636,7764
338,BSX,2020-08-20,0 days 15:55:24.128428,283911,38.88,38.87,5259,5958,208,-1636
339,BSX,2020-08-20,0 days 15:55:25.130977,282419,38.88,38.87,5159,6558,-1492,208
340,BSX,2020-08-20,0 days 15:56:07.232280,287480,38.87,38.86,9288,923,71,-846
341,BSX,2020-08-20,0 days 15:56:10.239591,287551,38.87,38.86,8173,5649,-2329,71
342,BSX,2020-08-20,0 days 15:57:36.445410,292580,38.83,38.82,13929,3965,1275,-1625
343,BSX,2020-08-20,0 days 15:57:38.450373,291455,38.83,38.82,12061,4818,-1125,1375
344,BSX,2020-08-20,0 days 15:57:54.489046,295045,38.83,38.82,10451,6701,2145,-155
345,BSX,2020-08-20,0 days 15:57:55.491310,294390,38.83,38.82,10351,6401,-655,2145
346,BSX,2020-08-20,0 days 15:58:12.533696,295118,38.85,38.84,9695,2102,1980,-220
347,BSX,2020-08-20,0 days 15:58:13.537344,294498,38.85,38.84,10785,802,-620,1980
348,BSX,2020-08-20,0 days 15:58:16.543179,295118,38.85,38.84,9623,3199,180,-620
349,BSX,2020-08-20,0 days 15:58:17.545360,294498,38.85,38.84,5762,7273,-620,180
350,BSX,2020-08-20,0 days 15:58:19.550345,295118,38.85,38.84,5062,6805,1180,-2420
351,BSX,2020-08-20,0 days 15:58:20.552882,294498,38.85,38.84,1333,8273,-720,1180
352,BSX,2020-08-20,0 days 15:59:06.664389,288305,38.89,38.88,3642,11677,3894,-173
353,BSX,2020-08-20,0 days 15:59:11.676326,300303,38.89,38.88,4377,8079,-2604,485
354,BSX,2020-08-20,0 days 15:59:15.681393,338007,38.9,38.89,5588,8050,1333,-1008
355,BSX,2020-08-20,0 days 15:59:16.684876,339340,38.9,38.89,1488,10850,-1956,1333
356,BSX,2020-08-20,0 days 15:59:17.686354,337296,38.9,38.89,2849,9750,2044,-1956
357,BSX,2020-08-20,0 days 15:59:21.696484,337833,38.9,38.89,3210,9536,1555,-3445
358,BSX,2020-08-20,0 days 15:59:22.699206,339388,38.9,38.89,5610,8702,-16011,1555
359,BSX,2020-08-20,0 days 15:59:23.701224,338999,38.9,38.89,7110,5124,389,-16011
360,BSX,2020-08-20,0 days 15:59:25.705284,339388,38.9,38.89,10786,3258,-5111,389
361,BSX,2020-08-20,0 days 15:59:26.708065,337799,38.88,38.87,7746,7500,1589,-5111
362,BSX,2020-08-20,0 days 15:59:29.714620,340888,38.89,38.88,9722,1336,-11,689
363,BSX,2020-08-20,0 days 15:59:35.730570,340710,38.89,38.88,13522,3000,278,-1922
364,BSX,2020-08-20,0 days 15:59:36.732292,340988,38.89,38.88,3050,12410,-822,278
365,BSX,2020-08-20,0 days 15:59:39.739738,339810,38.88,38.87,9058,6458,1382,-722
366,BSX,2020-08-20,0 days 15:59:40.742277,341350,38.87,38.86,9337,6033,-660,1382
367,BSX,2020-08-20,0 days 15:59:43.748422,343809,38.87,38.86,12771,1763,-1001,1199
368,BSX,2020-08-20,0 days 15:59:45.753176,340710,38.87,38.86,16632,385,2385,-50
369,BSX,2020-08-20,0 days 15:59:46.755621,343095,38.87,38.86,8961,6176,-1901,2385
370,BSX,2020-08-20,0 days 15:59:47.758129,346430,38.87,38.86,16145,186,592,-1901
371,BTU,2020-08-20,0 days 15:58:05.637493,22120,2.58,2.57,26174,9421,3456,-2472
372,BTU,2020-08-20,0 days 15:59:10.794761,27941,2.58,2.57,25490,16903,-840,3512
373,BURL,2020-08-20,0 days 15:58:27.762787,56295,190.84,190.78,115,100,483,-916
374,BURL,2020-08-20,0 days 15:58:28.764344,54678,190.86,190.77,300,4500,-1617,483
375,BURL,2020-08-20,0 days 15:59:41.932646,57541,191.14,191.09,462,303,457,-5776
376,BURL,2020-08-20,0 days 15:59:42.936458,57098,191.13,191.09,413,3,-443,457
377,BURL,2020-08-20,0 days 15:59:48.950542,57541,191.15,191.02,325,600,457,-1375
378,BURL,2020-08-20,0 days 15:59:49.955631,57098,191.15,191.02,200,600,-443,457
379,BWA,2020-08-20,0 days 15:55:00.140687,539453,40.71,40.7,3647,1136,-8485,307362
380,BWA,2020-08-20,0 days 15:59:20.763958,599176,40.7,40.69,985,3091,6637,-4265
381,BWA,2020-08-20,0 days 15:59:21.765523,582912,40.71,40.7,3202,2695,-16264,6637
382,BWA,2020-08-20,0 days 15:59:23.770415,599176,40.71,40.7,3991,300,11640,-1987
383,BWA,2020-08-20,0 days 15:59:24.772346,578917,40.71,40.7,3457,723,-20259,11640
384,BWA,2020-08-20,0 days 15:59:27.779421,599176,40.7,40.69,706,3104,1764,-3696
385,BWA,2020-08-20,0 days 15:59:28.781811,594741,40.7,40.69,3667,2504,-4435,1764
386,BWA,2020-08-20,0 days 15:59:34.796014,599176,40.7,40.68,4549,3399,10963,-1314
387,BWA,2020-08-20,0 days 15:59:35.798783,595839,40.7,40.68,4379,3862,-3337,10963
388,BWA,2020-08-20,0 days 15:59:48.829813,599976,40.68,40.67,3545,1578,293,-1105
389,BWA,2020-08-20,0 days 15:59:49.832228,598069,40.68,40.67,4982,842,-1807,293
390,BX,2020-08-20,0 days 15:59:07.668305,145097,52.61,52.6,4145,1748,1591,-367
391,BX,2020-08-20,0 days 15:59:08.670624,143230,52.61,52.6,3834,100,-267,1591
392,BX,2020-08-20,0 days 15:59:12.680168,143497,52.57,52.56,1655,641,107,-267
393,BX,2020-08-20,0 days 15:59:19.693310,142219,52.57,52.56,1996,632,-1378,4780
394,BX,2020-08-20,0 days 15:59:27.711626,147686,52.57,52.56,1496,399,2626,-1167
395,BX,2020-08-20,0 days 15:59:28.713763,146212,52.57,52.56,521,1200,-1474,2626
396,C,2020-08-20,0 days 15:59:26.896142,707071,49.61,49.6,8798,3009,8914,-27741
397,C,2020-08-20,0 days 15:59:27.899285,697958,49.61,49.6,4008,8509,-16953,8914
398,C,2020-08-20,0 days 15:59:45.942134,712811,49.59,49.58,6859,11703,2079,-5626
399,C,2020-08-20,0 days 15:59:46.944555,703990,49.59,49.58,6459,13403,-8821,2079
400,CAG,2020-08-20,0 days 15:55:00.140759,121784,37.96,37.94,3032,6093,485,-10941
401,CAG,2020-08-20,0 days 15:56:05.299741,125684,37.99,37.98,951,3219,-1835,665
402,CAG,2020-08-20,0 days 15:56:06.302615,125219,37.99,37.98,1957,200,465,-1835
403,CAG,2020-08-20,0 days 15:56:42.389144,126595,37.98,37.97,3972,1285,-1272,1268
404,CAG,2020-08-20,0 days 15:56:43.391481,126367,37.98,37.97,4272,1485,228,-1272
405,CAG,2020-08-20,0 days 15:57:35.516418,126595,37.99,37.98,3816,1512,-2087,13
406,CAG,2020-08-20,0 days 15:57:49.550057,127082,37.98,37.97,4601,2318,1113,-487
407,CAG,2020-08-20,0 days 15:57:50.553325,126595,37.98,37.97,4001,3118,-487,1113
408,CAG,2020-08-20,0 days 15:58:10.602420,128723,37.97,37.96,2892,2933,440,-260
409,CAG,2020-08-20,0 days 15:58:11.604862,128463,37.97,37.96,581,5129,-60,440
410,CAG,2020-08-20,0 days 15:58:16.616654,128523,37.97,37.96,4281,2833,840,-260
411,CAG,2020-08-20,0 days 15:58:17.619062,128263,37.97,37.96,2981,3833,-260,840
412,CAG,2020-08-20,0 days 15:58:39.672066,128823,37.97,37.96,4370,4012,240,-60
413,CAG,2020-08-20,0 days 15:58:40.674850,128563,37.97,37.96,3670,5073,-360,240
414,CAG,2020-08-20,0 days 15:59:10.749205,148868,37.99,37.98,4738,500,10669,-415
415,CAG,2020-08-20,0 days 15:59:11.750848,139366,37.99,37.98,4728,1443,-10016,10669
416,CAG,2020-08-20,0 days 15:59:12.753517,149382,37.99,37.98,4647,1843,6013,-10016
417,CAG,2020-08-20,0 days 15:59:22.768468,168356,37.99,37.98,5472,744,-1319,2790
418,CAG,2020-08-20,0 days 15:59:27.779513,169775,37.98,37.97,3853,1785,3261,-1019
419,CAG,2020-08-20,0 days 15:59:28.781839,169036,37.98,37.97,1642,4832,-539,3261
420,CAG,2020-08-20,0 days 15:59:42.816093,174102,37.99,37.98,6412,398,219,-735
421,CAG,2020-08-20,0 days 15:59:46.824746,173725,37.98,37.97,1093,5203,-698,1723
422,CARR,2020-08-20,0 days 15:59:14.684394,255962,29.09,29.08,6694,4523,10134,-10991
423,CARR,2020-08-20,0 days 15:59:46.757280,256645,29.07,29.06,8000,152,-4965,7280
424,CCL,2020-08-20,0 days 15:55:00.091751,1079928,14.6,14.59,32539,24992,-18351,580891
425,CCL,2020-08-20,0 days 15:59:17.699133,1227681,14.58,14.57,65698,2391,2429,-21004
426,CCL,2020-08-20,0 days 15:59:19.704273,1209744,14.57,14.56,26809,35039,-38599,21263
427,CDE,2020-08-20,0 days 15:56:20.304415,96296,8.57,8.56,7540,38898,-550,1150
428,CDE,2020-08-20,0 days 15:56:21.306929,94346,8.57,8.56,7661,39013,1950,-550
429,CDE,2020-08-20,0 days 15:58:02.541972,93778,8.58,8.57,16148,34008,-1910,608
430,CDE,2020-08-20,0 days 15:58:03.545202,92188,8.58,8.57,17108,27482,1590,-1910
431,CDE,2020-08-20,0 days 15:59:04.693707,97026,8.58,8.57,12450,30442,-49,1266
432,CDE,2020-08-20,0 days 15:59:05.696819,97482,8.58,8.57,13393,29560,1253,-49
433,CDE,2020-08-20,0 days 15:59:09.706940,98735,8.58,8.57,17397,26611,-1140,1253
434,CDE,2020-08-20,0 days 15:59:10.709163,97675,8.58,8.57,18997,28160,1060,-1140
435,CDE,2020-08-20,0 days 15:59:15.716244,99917,8.57,8.56,32557,16526,-2168,1157
436,CFG,2020-08-20,0 days 15:59:14.698041,257373,24.34,24.33,5005,8142,15420,-6169
437,CFG,2020-08-20,0 days 15:59:16.697279,252326,24.34,24.33,3893,8112,-4847,15420
438,CFG,2020-08-20,0 days 15:59:19.704284,257473,24.35,24.34,7790,4130,21862,-4847
439,CFG,2020-08-20,0 days 15:59:20.706610,228935,24.35,24.34,7377,6975,-28238,21862
440,CFG,2020-08-20,0 days 15:59:21.708924,257173,24.34,24.33,7249,5689,707,-28238
441,CFG,2020-08-20,0 days 15:59:24.716081,249468,24.34,24.33,7040,6112,-8805,1695
442,CFG,2020-08-20,0 days 15:59:25.718419,258273,24.34,24.33,10395,2137,412,-8805
443,CFG,2020-08-20,0 days 15:59:33.738955,255454,24.34,24.33,6536,11776,-2819,112
444,CFG,2020-08-20,0 days 15:59:40.756628,266847,24.34,24.33,3717,12925,821,-529
445,CFG,2020-08-20,0 days 15:59:46.769634,261388,24.33,24.32,12482,3123,-2352,2141
446,CGC,2020-08-20,0 days 15:55:51.386920,17975,16.29,16.28,373,1161,-2358,542
447,CGC,2020-08-20,0 days 15:55:52.388561,17433,16.29,16.28,873,961,542,-2358
448,CGC,2020-08-20,0 days 15:56:20.455597,17975,16.29,16.28,1142,4927,-1158,542
449,CGC,2020-08-20,0 days 15:56:21.457748,17633,16.29,16.28,942,4927,342,-1158
450,CGC,2020-08-20,0 days 15:59:16.871910,19678,16.31,16.3,2201,400,486,-896
451,CGC,2020-08-20,0 days 15:59:17.874344,20164,16.31,16.3,2201,605,-1810,486
452,CGC,2020-08-20,0 days 15:59:34.915910,20674,16.31,16.3,1060,3245,6,-510
453,CHGG,2020-08-20,0 days 15:59:06.684771,82814,77.96,77.95,900,471,2574,-375
454,CHGG,2020-08-20,0 days 15:59:07.687672,80488,77.96,77.95,1200,119,-2326,2574
455,CHGG,2020-08-20,0 days 15:59:21.718278,82683,77.88,77.86,1200,806,1893,-348
456,CHGG,2020-08-20,0 days 15:59:22.721454,78412,77.88,77.86,1200,706,-4171,1893
457,CHGG,2020-08-20,0 days 15:59:48.783140,81447,77.83,77.82,417,261,-1136,165
458,CIG,2020-08-20,0 days 15:59:36.754968,208948,1.94,1.93,105951,444377,-35708,42492
459,CIG,2020-08-20,0 days 15:59:37.757667,206556,1.94,1.93,105951,444377,2392,-35708
460,CIG,2020-08-20,0 days 15:59:44.772896,208948,1.94,1.93,94007,454951,-9608,2392
461,CIG,2020-08-20,0 days 15:59:45.774545,207156,1.94,1.93,94007,453051,1792,-9608
462,CIM,2020-08-20,0 days 15:59:18.690002,67319,8.83,8.82,47865,21007,2476,-3799
463,CIM,2020-08-20,0 days 15:59:36.733763,74150,8.83,8.82,53345,25972,-4869,5931
464,CIM,2020-08-20,0 days 15:59:37.735577,73719,8.83,8.82,55145,23677,431,-4869
465,CIM,2020-08-20,0 days 15:59:40.743745,74150,8.83,8.82,49289,32642,-445,431
466,CIM,2020-08-20,0 days 15:59:41.745209,72995,8.83,8.82,49589,31142,1155,-445
467,CL,2020-08-20,0 days 15:58:12.567637,275771,78.18,78.17,1682,3177,-1269,3379
468,CL,2020-08-20,0 days 15:58:13.570633,268382,78.18,78.17,2582,2274,7389,-1269
469,CL,2020-08-20,0 days 15:59:12.714600,275484,78.25,78.24,1450,1000,14473,-357
470,CL,2020-08-20,0 days 15:59:16.717774,223914,78.28,78.27,2072,93,1701,-57970
471,CL,2020-08-20,0 days 15:59:20.727517,225615,78.27,78.25,1692,1301,-9112,1701
472,CL,2020-08-20,0 days 15:59:21.729611,219127,78.27,78.25,1892,1201,6488,-9112
473,CL,2020-08-20,0 days 15:59:22.732904,225615,78.27,78.25,1922,600,-4086,6488
474,CL,2020-08-20,0 days 15:59:25.739094,228016,78.24,78.23,1600,1500,61941,-2401
475,CL,2020-08-20,0 days 15:59:28.745948,225615,78.27,78.26,1167,200,-63748,594
476,CL,2020-08-20,0 days 15:59:46.790163,290763,78.26,78.25,1784,1600,-9389,51025
477,CLDR,2020-08-20,0 days 15:58:37.627600,115213,12.25,12.24,25267,10037,646,-1902
478,CLDR,2020-08-20,0 days 15:58:38.629794,113059,12.25,12.24,24614,10237,-2154,646
479,CLDR,2020-08-20,0 days 15:59:18.721954,117871,12.25,12.24,14814,13484,1811,-3195
480,CLDR,2020-08-20,0 days 15:59:19.725491,113482,12.25,12.24,14498,13684,-4389,1811
481,CLDR,2020-08-20,0 days 15:59:38.770324,118212,12.24,12.23,13579,17548,-2181,341
482,CLDR,2020-08-20,0 days 15:59:40.775763,120393,12.24,12.23,13031,15946,3119,-2181
483,CLF,2020-08-20,0 days 15:55:57.328238,183922,6.42,6.41,56985,23724,1694,-402
484,CLF,2020-08-20,0 days 15:55:58.330865,178916,6.42,6.41,56985,23724,-5006,1694
485,CLF,2020-08-20,0 days 15:59:40.868022,201197,6.42,6.41,106997,48008,42339,-1963
486,CLF,2020-08-20,0 days 15:59:41.870109,197936,6.42,6.41,102020,46008,-3353,42339
487,CLNY,2020-08-20,0 days 15:59:12.817795,268963,2.87,2.86,61217,39215,-1123,1696
488,CLNY,2020-08-20,0 days 15:59:31.860952,259023,2.87,2.86,60792,54372,4350,-6850
489,CLNY,2020-08-20,0 days 15:59:44.892141,264973,2.87,2.86,44562,64444,-3950,4350
490,CNC,2020-08-20,0 days 15:59:00.666021,302971,62.53,62.52,700,227,-9363,6537
491,CNC,2020-08-20,0 days 15:59:07.681660,312502,62.54,62.53,200,427,3580,-6794
492,CNC,2020-08-20,0 days 15:59:08.683860,306555,62.55,62.54,400,700,-5947,3580
493,CNC,2020-08-20,0 days 15:59:14.697913,312743,62.55,62.54,700,910,13128,-929
494,CNC,2020-08-20,0 days 15:59:15.694382,309244,62.55,62.54,301,937,-8113,13128
495,CNC,2020-08-20,0 days 15:59:24.715997,338098,62.5,62.49,608,600,9205,-16667
496,CNC,2020-08-20,0 days 15:59:25.718325,332703,62.5,62.47,1319,200,-5495,9205
497,CNC,2020-08-20,0 days 15:59:34.740212,338770,62.48,62.47,500,507,2026,-2483
498,CNC,2020-08-20,0 days 15:59:49.777123,337028,62.43,62.42,389,231,-2890,4510
499,CNK,2020-08-20,0 days 15:55:39.237095,280253,12.37,12.36,5968,9445,-917,5566
500,CNK,2020-08-20,0 days 15:55:41.242648,268570,12.37,12.36,6668,8345,11683,-8517
501,CNP,2020-08-20,0 days 15:59:13.701664,532221,19.89,19.88,15906,13938,-3818,9982
502,CNP,2020-08-20,0 days 15:59:20.715749,537539,19.88,19.87,19906,7521,26689,-1918
503,CNP,2020-08-20,0 days 15:59:21.717678,497228,19.88,19.87,15775,14724,-20711,26689
504,CNP,2020-08-20,0 days 15:59:29.736253,656171,19.85,19.84,16208,19673,-15838,12162
505,CNP,2020-08-20,0 days 15:59:33.747719,706706,19.85,19.84,33668,2008,10071,-49635
506,CNP,2020-08-20,0 days 15:59:34.749819,691377,19.85,19.84,29308,3224,-25911,10071
507,CNX,2020-08-20,0 days 15:58:08.646191,187343,11.2,11.19,16140,2200,147,-1053
508,CNX,2020-08-20,0 days 15:58:26.690031,180190,11.2,11.19,4468,16008,-7153,147
509,CNX,2020-08-20,0 days 15:59:10.797440,185814,11.2,11.19,18166,3723,-1738,2062
510,COF,2020-08-20,0 days 15:55:33.270180,102619,64.29,64.28,561,2,139,-61
511,COF,2020-08-20,0 days 15:58:08.646156,107649,64.32,64.31,254,328,4888,-2100
512,COF,2020-08-20,0 days 15:58:09.648656,106244,64.32,64.31,214,728,-1405,4888
513,COF,2020-08-20,0 days 15:59:12.803411,114654,64.37,64.36,747,200,4135,-1261
514,COF,2020-08-20,0 days 15:59:22.824526,122422,64.37,64.36,495,2457,-339,847
515,COF,2020-08-20,0 days 15:59:40.867797,123166,64.36,64.35,19,453,356,-44
516,COF,2020-08-20,0 days 15:59:43.875175,122736,64.33,64.32,155,415,-530,756
517,COF,2020-08-20,0 days 15:59:47.884849,123536,64.28,64.27,200,600,-491,1370
518,COF,2020-08-20,0 days 15:59:48.887469,123388,64.29,64.28,247,400,748,-491
519,COG,2020-08-20,0 days 15:59:14.821960,385153,19.45,19.44,10517,6956,24893,-455
520,COG,2020-08-20,0 days 15:59:15.822129,375146,19.45,19.44,8403,11926,-10007,24893
521,COG,2020-08-20,0 days 15:59:22.839346,373893,19.44,19.43,9977,11207,-8860,5340
522,COP,2020-08-20,0 days 15:59:49.832446,530746,38.79,38.78,900,1799,-2514,12684
523,COP,2020-08-20,0 days 15:59:53.841416,532960,38.76,38.75,4100,6609,2451,-349
524,COTY,2020-08-20,0 days 15:55:00.071269,149295,3.81,3.8,81839,91349,41844,-10136
525,COTY,2020-08-20,0 days 15:58:25.565939,229990,3.81,3.8,195065,46679,-39543,55757
526,COTY,2020-08-20,0 days 15:58:26.568627,224333,3.81,3.8,196590,40723,4157,-39543
527,COTY,2020-08-20,0 days 15:59:35.732184,234525,3.81,3.8,188300,143646,-4501,2983
528,COTY,2020-08-20,0 days 15:59:37.735540,220880,3.81,3.8,200467,133472,12145,-2855
529,CPE,2020-08-20,0 days 15:59:00.684878,39677,7.1,7.09,3388,16190,-230,2929
530,CPE,2020-08-20,0 days 15:59:10.708959,35207,7.1,7.09,8780,10351,4170,-1730
531,CPE,2020-08-20,0 days 15:59:23.734630,43252,7.1,7.09,2634,22842,-1055,5045
532,CPE,2020-08-20,0 days 15:59:24.736901,41507,7.1,7.09,2734,21942,1445,-1055
533,CRM,2020-08-20,0 days 15:55:00.088355,316271,209.87,209.85,273,501,19640,-58818
534,CRM,2020-08-20,0 days 15:56:04.244387,337478,209.98,209.96,300,201,-180,5220
535,CRM,2020-08-20,0 days 15:56:13.265904,337658,209.99,209.96,514,600,760,-180
536,CRM,2020-08-20,0 days 15:56:15.270578,338418,210.0,209.97,900,275,-9040,760
537,CRM,2020-08-20,0 days 15:56:16.273061,335158,209.99,209.95,300,100,3260,-9040
538,CRM,2020-08-20,0 days 15:57:34.460541,339213,209.99,209.97,200,200,-1955,3445
539,CRM,2020-08-20,0 days 15:57:35.463409,336323,209.96,209.93,432,328,2890,-1955
540,CRM,2020-08-20,0 days 15:57:38.470818,339213,209.96,209.92,475,347,-1810,1090
541,CRM,2020-08-20,0 days 15:57:39.472740,336868,209.96,209.92,475,647,2345,-1810
542,CRM,2020-08-20,0 days 15:57:59.521093,339219,209.98,209.95,1141,192,-44,1556
543,CRM,2020-08-20,0 days 15:58:01.526901,331490,209.92,209.89,400,400,7729,-144
544,CRM,2020-08-20,0 days 15:58:03.531810,336347,209.95,209.91,1103,300,-1243,1909
545,CRM,2020-08-20,0 days 15:58:04.534435,334990,209.95,209.91,1716,197,1357,-1243
546,CRM,2020-08-20,0 days 15:58:52.649994,337783,209.87,209.85,430,125,-263,719
547,CRM,2020-08-20,0 days 15:58:53.652485,336446,209.86,209.85,402,172,1337,-263
548,CRM,2020-08-20,0 days 15:59:20.716102,359464,209.86,209.83,221,5,-8731,3756
549,CRM,2020-08-20,0 days 15:59:21.718134,354004,209.81,209.8,43,98,5460,-8731
550,CRM,2020-08-20,0 days 15:59:22.721250,359464,209.75,209.7,921,200,-21983,5460
551,CTL,2020-08-20,0 days 15:59:22.712372,1008492,11.03,11.02,35167,68554,113514,-37829
552,CTL,2020-08-20,0 days 15:59:23.714404,993506,11.03,11.02,33501,67454,-48237,113514
553,CTL,2020-08-20,0 days 15:59:40.756628,1072580,11.03,11.02,37151,72841,557,-2723
554,CTL,2020-08-20,0 days 15:59:42.760059,1073137,11.03,11.02,39317,69598,-6112,557
555,CTL,2020-08-20,0 days 15:59:44.764906,1067249,11.03,11.02,55673,15486,6188,-5912
556,CTL,2020-08-20,0 days 15:59:47.772405,1073337,11.02,11.01,62417,50342,-2880,7453
557,CTVA,2020-08-20,0 days 15:58:28.694135,306141,28.7,28.69,2562,2885,1455,-9438
558,CTVA,2020-08-20,0 days 15:58:29.697400,303696,28.7,28.69,1362,6056,-1938,1455
559,CTVA,2020-08-20,0 days 15:59:16.812117,328155,28.72,28.71,10242,818,-7271,12386
560,CTVA,2020-08-20,0 days 15:59:33.850825,431070,28.71,28.7,6743,3802,34653,-3537
561,CTVA,2020-08-20,0 days 15:59:34.853450,425423,28.71,28.7,5326,3402,-4640,34653
562,CTVA,2020-08-20,0 days 15:59:39.865709,509519,28.75,28.74,6896,8371,361139,-4258
563,CVE,2020-08-20,0 days 15:59:36.733875,32042,4.94,4.93,211213,58829,-553,6269
564,CVE,2020-08-20,0 days 15:59:41.745391,30295,4.94,4.93,226718,50454,538,-862
565,CVS,2020-08-20,0 days 15:55:38.175820,554473,63.74,63.72,1772,2115,10539,-9661
566,CVS,2020-08-20,0 days 15:55:40.180781,547220,63.75,63.74,1405,2300,-7253,747
567,CVS,2020-08-20,0 days 15:58:14.552356,566901,63.7,63.69,3914,501,2755,-9045
568,CVS,2020-08-20,0 days 15:58:15.556046,559456,63.72,63.71,1755,1124,-7545,2755
569,CVS,2020-08-20,0 days 15:58:50.639990,567801,63.7,63.69,200,1693,2655,-17
570,CVS,2020-08-20,0 days 15:58:51.642347,560456,63.71,63.7,1396,182,-7345,2655
571,CVS,2020-08-20,0 days 15:59:15.694340,570032,63.72,63.71,1472,1422,40053,-966
572,CVS,2020-08-20,0 days 15:59:16.697041,563405,63.75,63.74,654,1572,-6627,40053
573,CVS,2020-08-20,0 days 15:59:17.699043,570032,63.74,63.72,2451,1695,664,-6627
574,CVS,2020-08-20,0 days 15:59:21.708761,570270,63.73,63.72,1822,821,-2045,1355
575,CVS,2020-08-20,0 days 15:59:34.740174,611169,63.72,63.71,692,1500,2881,-5918
576,CVS,2020-08-20,0 days 15:59:35.744237,601150,63.72,63.71,488,1700,-11297,2881
577,CVS,2020-08-20,0 days 15:59:42.759926,612547,63.74,63.73,400,1415,2745,-2105
578,CVS,2020-08-20,0 days 15:59:47.772299,619308,63.73,63.72,2325,2707,-1545,1387
579,CVX,2020-08-20,0 days 15:59:56.781989,963232,84.82,84.8,7140,1173,2365,-2603
580,CWH,2020-08-20,0 days 15:50:02.363123,26314,33.34,33.33,100,104,19219,-600
581,CWH,2020-08-20,0 days 15:50:09.380491,45933,33.48,33.42,100,225,-1100,19219
582,CWH,2020-08-20,0 days 15:50:10.382355,26314,33.5,33.43,614,488,18019,-1100
583,CWH,2020-08-20,0 days 15:50:13.389492,44533,33.44,33.43,18,200,-2500,18019
584,CWH,2020-08-20,0 days 15:50:15.394326,26314,33.37,33.36,125,125,19219,-800
585,CWH,2020-08-20,0 days 15:51:09.524154,46233,33.36,33.31,325,325,-800,19219
586,CWH,2020-08-20,0 days 15:53:00.784991,46033,33.4,33.36,1100,808,-1000,19219
587,CWH,2020-08-20,0 days 15:54:51.047646,45933,33.41,33.39,600,157,-1100,18019
588,CWH,2020-08-20,0 days 15:55:00.071224,48755,33.4,33.38,58,481,7565,-1000
589,CWH,2020-08-20,0 days 15:56:06.230541,55809,33.46,33.44,1060,224,-1594,19637
590,CWH,2020-08-20,0 days 15:56:17.257339,35972,33.44,33.43,183,380,21028,-103
591,CWH,2020-08-20,0 days 15:58:51.628737,59096,33.35,33.33,325,562,-188,20745
592,CWH,2020-08-20,0 days 15:59:11.677629,38553,33.28,33.27,543,200,19686,-843
593,CWH,2020-08-20,0 days 15:59:43.749859,61745,33.13,33.11,239,214,-11456,13792
594,CWH,2020-08-20,0 days 16:00:00.790509,47253,33.09,33.08,100,14734,13942,-11089
595,CX,2020-08-20,0 days 15:59:18.599637,64452,3.48,3.47,32812,345833,280,-2012
596,CXW,2020-08-20,0 days 15:59:17.719493,89070,9.35,9.34,18979,9226,5413,-3546
597,CXW,2020-08-20,0 days 15:59:18.722080,86783,9.35,9.34,17136,9456,-2287,5413
598,D,2020-08-20,0 days 15:59:33.850678,280594,77.72,77.71,324,300,3302,-16203
599,D,2020-08-20,0 days 15:59:34.853291,277456,77.73,77.71,400,1605,-3138,3302
600,D,2020-08-20,0 days 15:59:44.877756,280816,77.73,77.71,826,600,2305,-489
601,D,2020-08-20,0 days 15:59:45.879582,278721,77.73,77.71,526,1200,-3295,2305
602,DAL,2020-08-20,0 days 15:55:27.149124,235388,27.65,27.64,5969,18495,477,-4078
603,DAL,2020-08-20,0 days 15:55:38.175900,235865,27.66,27.65,3201,18250,-2333,267
604,DAL,2020-08-20,0 days 15:57:38.463898,254618,27.65,27.64,15075,9280,117,-1922
605,DAL,2020-08-20,0 days 15:57:41.471078,249235,27.65,27.64,15239,12693,-5022,1117
606,DAL,2020-08-20,0 days 15:59:50.780594,252438,27.63,27.62,5625,38483,-16559,10341
607,DD,2020-08-20,0 days 15:59:33.761542,318690,56.18,56.16,703,711,-2326,647
608,DD,2020-08-20,0 days 15:59:46.790376,306027,56.14,56.13,261,530,-13959,5701
609,DD,2020-08-20,0 days 15:59:47.792498,322074,56.12,56.11,834,1467,1966,-13959
610,DD,2020-08-20,0 days 15:59:48.796244,321440,56.12,56.11,900,1753,-634,1966
611,DDD,2020-08-20,0 days 15:59:01.685980,106472,5.35,5.34,15367,22675,2107,-4993
612,DDD,2020-08-20,0 days 15:59:02.687012,103379,5.35,5.34,13358,24314,-3093,2107
613,DDD,2020-08-20,0 days 15:59:16.716654,111631,5.34,5.33,37691,11408,652,-3452
614,DDD,2020-08-20,0 days 15:59:20.726504,106626,5.34,5.33,28414,16652,-5005,4418
615,DHF,2020-08-20,0 days 15:59:36.733848,188,2.77,2.76,41590,62331,-12,188
616,DHF,2020-08-20,0 days 15:59:37.735657,100,2.77,2.76,41590,62331,88,-12
617,DHI,2020-08-20,0 days 15:56:06.363572,142920,74.81,74.8,1257,100,-6035,665
618,DHI,2020-08-20,0 days 15:56:07.366500,142855,74.8,74.79,654,400,65,-6035
619,DHI,2020-08-20,0 days 15:56:13.379898,145220,74.78,74.77,383,1002,-305,165
620,DHI,2020-08-20,0 days 15:56:30.421458,143739,74.77,74.76,2421,631,1981,-319
621,DHI,2020-08-20,0 days 15:56:31.423191,143620,74.77,74.76,1588,1432,-119,1981
622,DHI,2020-08-20,0 days 15:57:05.506278,145820,74.71,74.7,1665,1181,-219,181
623,DHI,2020-08-20,0 days 15:57:44.600423,181839,74.71,74.69,1432,968,3840,-826
624,DHI,2020-08-20,0 days 15:57:49.612231,185879,74.72,74.71,899,1500,-260,740
625,DHI,2020-08-20,0 days 15:57:50.614447,183939,74.72,74.71,99,1720,1940,-260
626,DHI,2020-08-20,0 days 15:58:26.703464,184077,74.71,74.7,939,793,1974,-526
627,DHI,2020-08-20,0 days 15:58:57.778100,185377,74.7,74.69,1379,3597,674,-3226
628,DHI,2020-08-20,0 days 15:59:10.811032,188944,74.71,74.7,4269,300,-1419,1150
629,DHI,2020-08-20,0 days 15:59:11.813258,185863,74.71,74.7,4305,300,3081,-1419
630,DHI,2020-08-20,0 days 15:59:12.817537,188944,74.7,74.69,849,1172,-2696,3081
631,DHI,2020-08-20,0 days 15:59:14.821740,192440,74.7,74.69,1606,377,21504,-2496
632,DHI,2020-08-20,0 days 15:59:15.821896,213049,74.71,74.7,2566,1777,-19091,21504
633,DHI,2020-08-20,0 days 15:59:16.824889,211540,74.69,74.68,75,784,1509,-19091
634,DHI,2020-08-20,0 days 15:59:24.843040,213559,74.66,74.65,42,1280,-27884,156
635,DHI,2020-08-20,0 days 15:59:39.880348,247112,74.65,74.63,1288,829,18281,-17819
636,DHI,2020-08-20,0 days 15:59:41.885774,244966,74.65,74.64,528,300,-746,4554
637,DHI,2020-08-20,0 days 15:59:44.891874,245712,74.62,74.61,2325,398,803,-86
638,DHI,2020-08-20,0 days 15:59:45.894448,245141,74.62,74.61,1665,500,-1038,803
639,DHI,2020-08-20,0 days 15:59:48.901898,255171,74.61,74.6,1986,875,71,-8279
640,DHT,2020-08-20,0 days 15:59:19.704175,79862,6.22,6.21,26908,15883,2541,-4359
641,DHT,2020-08-20,0 days 15:59:41.757901,81659,6.23,6.22,20558,35596,944,-4456
642,DIS,2020-08-20,0 days 15:59:09.686585,334970,128.17,128.15,200,510,20895,-21051
643,DIS,2020-08-20,0 days 15:59:10.688822,334431,128.18,128.15,887,910,-2008,20895
644,DIS,2020-08-20,0 days 15:59:15.694569,336937,128.16,128.15,1253,210,76138,-2506
645,DIS,2020-08-20,0 days 15:59:22.712351,360525,128.19,128.18,434,19,-1694,4426
646,DIS,2020-08-20,0 days 15:59:23.714404,349119,128.18,128.16,638,854,11936,-1694
647,DIS,2020-08-20,0 days 15:59:25.718419,361055,128.19,128.17,847,600,-3526,5036
648,DIS,2020-08-20,0 days 15:59:35.744348,365358,128.15,128.12,1836,1000,731,-2569
649,DIS,2020-08-20,0 days 15:59:36.745540,366089,128.16,128.14,45,1500,-1769,731
650,DIS,2020-08-20,0 days 15:59:42.760059,365995,128.15,128.11,1737,1200,1715,-1285
651,DKS,2020-08-20,0 days 15:55:01.114210,51408,45.25,45.24,425,585,668,-22232
652,DKS,2020-08-20,0 days 15:56:14.289509,56144,45.27,45.26,1429,1370,-117,783
653,DKS,2020-08-20,0 days 15:56:15.291944,55261,45.27,45.26,1605,1270,883,-117
654,DKS,2020-08-20,0 days 15:57:38.482876,59444,45.28,45.27,1155,100,-518,182
655,DKS,2020-08-20,0 days 15:57:39.485167,58562,45.27,45.26,1002,400,882,-518
656,DKS,2020-08-20,0 days 15:58:02.541986,58647,45.27,45.26,888,624,-755,742
657,DKS,2020-08-20,0 days 15:58:03.545202,58002,45.27,45.26,888,1024,645,-755
658,DKS,2020-08-20,0 days 15:58:08.557559,58647,45.27,45.25,1020,332,-31,1003
659,DKS,2020-08-20,0 days 15:58:09.559649,58278,45.27,45.25,920,532,369,-31
660,DKS,2020-08-20,0 days 15:58:49.656378,58939,45.32,45.31,402,837,-139,61
661,DKS,2020-08-20,0 days 15:58:50.658750,58378,45.32,45.31,200,2695,561,-139
662,DKS,2020-08-20,0 days 15:59:02.688289,58247,45.33,45.32,1307,1634,-302,421
663,DKS,2020-08-20,0 days 15:59:03.690883,57749,45.33,45.32,1317,1597,2298,-302
664,DKS,2020-08-20,0 days 15:59:19.725608,60252,45.28,45.26,1200,200,-15357,337
665,DOW,2020-08-20,0 days 15:56:11.362275,284646,43.75,43.74,700,1610,16257,-8743
666,DOW,2020-08-20,0 days 15:56:12.364238,281303,43.76,43.75,300,2765,-3343,16257
667,DOW,2020-08-20,0 days 15:59:15.809159,344915,43.74,43.73,2101,495,24843,-9271
668,DOW,2020-08-20,0 days 15:59:16.811966,343258,43.75,43.74,1757,586,-1657,24843
669,DOW,2020-08-20,0 days 15:59:19.818044,344915,43.74,43.73,841,1256,155,-944
670,DOW,2020-08-20,0 days 15:59:50.892794,346183,43.71,43.7,4283,756,-1170,19890
671,DRE,2020-08-20,0 days 15:55:40.301693,378539,38.11,38.1,1000,2320,-517,917
672,DRE,2020-08-20,0 days 15:55:41.304396,378456,38.11,38.1,1158,2091,172,-517
673,DRE,2020-08-20,0 days 15:55:53.333044,368228,38.12,38.11,801,3003,-10228,172
674,DRI,2020-08-20,0 days 15:55:00.260167,51994,80.85,80.82,1247,410,1603,-12099
675,DRI,2020-08-20,0 days 15:56:13.438351,54338,80.91,80.89,29,745,-428,872
676,DRI,2020-08-20,0 days 15:56:14.440923,53784,80.92,80.91,51,300,554,-428
677,DRI,2020-08-20,0 days 15:56:25.467702,54338,80.91,80.88,882,596,-94,354
678,DRI,2020-08-20,0 days 15:56:26.469622,53532,80.91,80.88,982,606,806,-94
679,DRI,2020-08-20,0 days 15:58:02.701202,57100,80.91,80.88,100,563,-4443,285
680,DRI,2020-08-20,0 days 15:58:06.711123,54243,80.9,80.88,588,366,1634,-666
681,DRI,2020-08-20,0 days 15:58:12.726027,55877,80.9,80.87,305,1387,-394,829
682,DRI,2020-08-20,0 days 15:58:13.728319,55271,80.9,80.87,360,1667,606,-394
683,DRI,2020-08-20,0 days 15:58:19.742024,55877,80.9,80.88,101,423,-94,606
684,DRI,2020-08-20,0 days 15:58:20.745427,55271,80.91,80.89,341,404,606,-94
685,DRI,2020-08-20,0 days 15:58:28.764257,55877,80.91,80.9,200,100,-394,506
686,DRI,2020-08-20,0 days 15:58:29.767544,55171,80.92,80.9,200,516,706,-394
687,DRI,2020-08-20,0 days 15:59:15.869586,63270,80.94,80.9,553,1364,-1079,904
688,DRI,2020-08-20,0 days 15:59:16.871797,62449,80.94,80.9,553,1111,821,-1079
689,DRI,2020-08-20,0 days 15:59:34.915837,64956,80.92,80.89,1633,17,-1521,270
690,DRI,2020-08-20,0 days 15:59:44.940703,65677,80.84,80.82,324,600,1202,-721
691,DS,2020-08-20,0 days 15:58:07.644145,1919,1.51,1.5,12421,15195,-1667,777
692,DT,2020-08-20,0 days 15:55:00.141314,134945,40.21,40.2,316,500,1910,-5596
693,DT,2020-08-20,0 days 15:57:38.523879,136940,40.27,40.26,300,656,-579,321
694,DT,2020-08-20,0 days 15:57:39.525909,136119,40.27,40.26,740,561,821,-579
695,DT,2020-08-20,0 days 15:57:41.531064,136940,40.27,40.26,640,361,-879,21
696,DT,2020-08-20,0 days 15:58:02.582746,135286,40.26,40.25,764,1222,-1233,2021
697,DT,2020-08-20,0 days 15:58:03.585302,135219,40.26,40.25,864,1222,67,-1233
698,DT,2020-08-20,0 days 15:58:42.679539,135286,40.27,40.26,1867,2137,-22,178
699,DUK,2020-08-20,0 days 15:59:01.726761,256261,81.08,81.07,1167,732,58,-342
700,DUK,2020-08-20,0 days 15:59:02.728723,256240,81.07,81.06,178,1395,-21,58
701,DUK,2020-08-20,0 days 15:59:10.749392,256317,81.08,81.07,354,1368,810,-2479
702,DUK,2020-08-20,0 days 15:59:32.791196,263071,81.09,81.08,212,899,-237,363
703,DUK,2020-08-20,0 days 15:59:35.799116,267363,81.09,81.08,500,200,108,-592
704,DUK,2020-08-20,0 days 15:59:44.820738,268922,81.08,81.06,1858,200,49,-1255
705,DUK,2020-08-20,0 days 15:59:45.823031,268971,81.07,81.05,1112,798,-665,49
706,DVN,2020-08-20,0 days 15:58:36.714669,418762,10.72,10.71,24379,31229,1800,-7138
707,DVN,2020-08-20,0 days 15:58:37.716229,402862,10.72,10.71,22085,32425,-31300,1800
708,EAT,2020-08-20,0 days 15:55:01.001681,77713,38.31,38.29,428,496,-25785,19154
709,EAT,2020-08-20,0 days 15:55:02.000342,74998,38.3,38.29,415,1124,2715,-25785
710,EAT,2020-08-20,0 days 15:57:43.377901,80382,38.25,38.24,16,700,-338,462
711,EAT,2020-08-20,0 days 15:57:44.380391,78220,38.26,38.24,1380,1740,2162,-338
712,EAT,2020-08-20,0 days 15:58:00.419889,80503,38.27,38.26,1297,1202,-117,62
713,EAT,2020-08-20,0 days 15:58:03.427947,77361,38.24,38.22,469,842,2289,-970
714,EAT,2020-08-20,0 days 15:59:38.647467,80110,38.31,38.28,1549,814,-339,1373
715,EAT,2020-08-20,0 days 15:59:39.649953,78854,38.31,38.28,1449,914,1256,-339
716,EGO,2020-08-20,0 days 15:56:20.455643,22768,11.42,11.41,6292,22669,-310,1390
717,EGO,2020-08-20,0 days 15:56:21.457748,22078,11.42,11.41,6892,22605,690,-310
718,EGO,2020-08-20,0 days 15:58:52.823277,22658,11.44,11.43,22692,22332,-352,77
719,EGO,2020-08-20,0 days 15:58:59.840375,23010,11.44,11.43,34397,16561,374,-352
720,EIX,2020-08-20,0 days 15:55:01.001396,169373,51.41,51.4,305,400,41726,-47826
721,EIX,2020-08-20,0 days 15:55:02.000136,168999,51.43,51.42,294,1095,-374,41726
722,EIX,2020-08-20,0 days 15:55:24.055040,169673,51.44,51.43,300,539,40,-484
723,EIX,2020-08-20,0 days 15:55:25.057675,169213,51.44,51.43,200,839,-460,40
724,EIX,2020-08-20,0 days 15:59:10.590930,213347,51.31,51.3,962,700,3251,-996
725,EIX,2020-08-20,0 days 15:59:11.592258,211098,51.31,51.3,84,900,-2049,3251
726,EIX,2020-08-20,0 days 15:59:13.598692,213347,51.31,51.3,109,1300,9313,-2049
727,EIX,2020-08-20,0 days 15:59:14.600142,212360,51.31,51.3,461,900,-1360,9313
728,EIX,2020-08-20,0 days 15:59:28.623157,234318,51.29,51.28,210,400,3440,-2821
729,EIX,2020-08-20,0 days 15:59:29.625084,232358,51.31,51.28,200,884,-4598,3440
730,EMR,2020-08-20,0 days 15:55:00.109588,147723,67.65,67.64,529,400,3892,-8246
731,EMR,2020-08-20,0 days 15:56:25.318113,153320,67.72,67.71,1529,3267,-160,388
732,EMR,2020-08-20,0 days 15:56:26.318829,151180,67.71,67.7,1993,108,2140,-160
733,EMR,2020-08-20,0 days 15:59:07.701343,155916,67.7,67.69,2986,202,-1305,1305
734,EMR,2020-08-20,0 days 15:59:13.716475,176537,67.7,67.68,2913,1100,2891,-736
735,EMR,2020-08-20,0 days 15:59:22.732880,183028,67.71,67.7,2460,1541,-3412,1979
736,EMR,2020-08-20,0 days 15:59:23.734478,175340,67.71,67.7,3121,425,7688,-3412
737,EMR,2020-08-20,0 days 15:59:34.761229,183028,67.71,67.7,1463,4634,-5463,1026
738,EMR,2020-08-20,0 days 15:59:35.765396,175991,67.71,67.7,1799,4036,7037,-5463
739,EPD,2020-08-20,0 days 15:55:00.260248,140778,18.19,18.18,6303,6300,-2243,102282
740,EPD,2020-08-20,0 days 15:58:16.735515,143021,18.2,18.19,5277,5900,73,-827
741,EPD,2020-08-20,0 days 15:58:17.738497,141594,18.2,18.19,3277,7900,-1427,73
742,EPD,2020-08-20,0 days 15:59:13.873676,144210,18.19,18.18,8598,5953,-511,289
743,EQH,2020-08-20,0 days 15:57:04.383263,313827,20.89,20.88,4899,1582,908,-3867
744,EQH,2020-08-20,0 days 15:57:05.385517,310035,20.89,20.88,4999,1897,-3792,908
745,EQH,2020-08-20,0 days 15:59:13.696170,349161,20.87,20.86,1900,3429,2056,-7919
746,EQH,2020-08-20,0 days 15:59:14.697913,345717,20.87,20.86,1900,4183,-3444,2056
747,EQH,2020-08-20,0 days 15:59:15.694340,349161,20.87,20.86,2713,3581,3670,-3444
748,EQH,2020-08-20,0 days 15:59:16.697041,346231,20.87,20.86,2113,3381,-2930,3670
749,EQH,2020-08-20,0 days 15:59:44.764758,365522,20.86,20.85,5860,455,4140,-3052
750,EQR,2020-08-20,0 days 15:55:01.114171,132166,55.25,55.24,343,1074,-1188,4312
751,EQR,2020-08-20,0 days 15:57:37.480881,136295,55.3,55.29,500,883,960,-340
752,EQR,2020-08-20,0 days 15:57:38.482859,135055,55.3,55.29,200,1883,-1240,960
753,EQR,2020-08-20,0 days 15:57:45.500081,136295,55.28,55.27,262,600,1019,-281
754,EQR,2020-08-20,0 days 15:57:46.502069,135285,55.29,55.28,711,100,-1010,1019
755,EQR,2020-08-20,0 days 15:58:59.681200,157738,55.29,55.28,400,217,475,-8726
756,EQR,2020-08-20,0 days 15:59:00.685056,156456,55.29,55.28,680,230,-553,475
757,EQR,2020-08-20,0 days 15:59:05.696751,150304,55.29,55.28,1080,1347,6152,-553
758,EQR,2020-08-20,0 days 15:59:06.698448,148987,55.3,55.29,500,770,-1791,6152
759,EQR,2020-08-20,0 days 15:59:11.710849,158421,55.29,55.28,892,800,1435,-6105
760,EQR,2020-08-20,0 days 15:59:12.714769,157638,55.29,55.28,992,600,-783,1435
761,EQR,2020-08-20,0 days 15:59:16.717874,154426,55.29,55.27,902,1090,-2996,1105
762,EQR,2020-08-20,0 days 15:59:46.790332,157458,55.25,55.23,3903,395,580,-700
763,EQR,2020-08-20,0 days 15:59:47.792458,156977,55.25,55.23,2859,291,-481,580
764,EQT,2020-08-20,0 days 15:59:10.688822,255025,15.93,15.92,5517,8601,-7571,4838
765,EQT,2020-08-20,0 days 15:59:33.738943,265859,15.92,15.91,10107,6605,8920,-3287
766,EQT,2020-08-20,0 days 15:59:47.772395,262489,15.91,15.9,14487,5390,-3370,5430
767,ESI,2020-08-20,0 days 15:55:01.002095,179163,10.68,10.67,5711,6152,32506,-53883
768,ESI,2020-08-20,0 days 15:55:02.000375,170669,10.68,10.67,5511,15922,-8494,32506
769,ESI,2020-08-20,0 days 15:59:13.598815,201039,10.68,10.67,9348,3460,7903,-13716
770,ESI,2020-08-20,0 days 15:59:14.600239,195755,10.68,10.67,9348,3906,-4984,7903
771,ESI,2020-08-20,0 days 15:59:21.606825,201039,10.68,10.67,9124,3900,1437,-561
772,ESI,2020-08-20,0 days 15:59:48.672571,199765,10.67,10.66,15916,2361,-829,2151
773,ESRT,2020-08-20,0 days 15:56:20.336213,111328,6.22,6.21,19442,15762,1359,-341
774,ESRT,2020-08-20,0 days 15:56:21.338198,108987,6.22,6.21,21590,15562,-2341,1359
775,ESRT,2020-08-20,0 days 15:58:06.592432,112132,6.22,6.21,27349,3218,2970,-1941
776,ESRT,2020-08-20,0 days 15:58:14.611781,111689,6.21,6.2,9177,14413,-1043,1757
777,ESRT,2020-08-20,0 days 15:58:20.626583,112732,6.21,6.2,14105,16741,457,-1043
778,ESRT,2020-08-20,0 days 15:58:21.629041,111689,6.21,6.2,12678,18041,-1043,457
779,ESRT,2020-08-20,0 days 15:59:09.745982,114409,6.21,6.2,17765,15261,655,-911
780,ESRT,2020-08-20,0 days 15:59:10.749162,112164,6.21,6.2,17582,16809,-2245,655
781,ESRT,2020-08-20,0 days 15:59:13.756273,114409,6.21,6.2,18365,15678,4723,-845
782,ESRT,2020-08-20,0 days 15:59:14.758296,110532,6.21,6.2,19380,16363,-3877,4723
783,ET,2020-08-20,0 days 15:55:00.260025,265761,6.66,6.65,79440,99316,-11545,189452
784,ETRN,2020-08-20,0 days 15:55:01.206151,72245,10.82,10.81,6139,1405,-732,734
785,ETRN,2020-08-20,0 days 15:55:02.208130,71677,10.82,10.81,6837,1300,543,-732
786,ETRN,2020-08-20,0 days 15:56:14.382319,73038,10.83,10.82,5406,6994,-5282,318
787,ETRN,2020-08-20,0 days 15:57:55.626365,81412,10.81,10.8,7280,6371,751,-149
788,ETRN,2020-08-20,0 days 15:57:56.629509,80863,10.81,10.8,7480,6371,-549,751
789,ETRN,2020-08-20,0 days 15:57:57.630946,78779,10.8,10.79,7073,3322,2084,-549
790,ETRN,2020-08-20,0 days 15:57:58.633274,77163,10.8,10.79,7018,4122,-835,2084
791,ETRN,2020-08-20,0 days 15:59:02.791161,103567,10.8,10.79,9058,9571,14771,-16629
792,ETRN,2020-08-20,0 days 15:59:03.792664,100938,10.8,10.79,9058,9871,-2629,14771
793,ETRN,2020-08-20,0 days 15:59:40.882301,125628,10.8,10.79,10737,13658,5236,-3464
794,ETRN,2020-08-20,0 days 15:59:41.885553,123664,10.8,10.79,10537,9852,-1964,5236
795,EVRG,2020-08-20,0 days 15:55:59.254047,91307,50.81,50.8,300,722,253,-2747
796,EVRG,2020-08-20,0 days 15:56:00.256090,89260,50.81,50.8,332,989,-2047,253
797,EVRG,2020-08-20,0 days 15:58:06.552586,94631,50.79,50.78,669,642,7697,-1296
798,EVRG,2020-08-20,0 days 15:58:07.559741,93462,50.8,50.79,929,100,-1169,7697
799,EVRG,2020-08-20,0 days 15:58:24.595935,91832,50.78,50.77,200,162,-1299,601
800,EVRG,2020-08-20,0 days 15:59:15.716244,81285,50.79,50.78,651,262,-14435,3976
801,EVRG,2020-08-20,0 days 15:59:33.761542,97220,50.81,50.79,279,809,4135,-111
802,EVRI,2020-08-20,0 days 15:56:20.276990,97036,7.23,7.22,8327,11308,91,-1609
803,EVRI,2020-08-20,0 days 15:56:21.279104,95527,7.23,7.22,8327,11308,-1509,91
804,EVRI,2020-08-20,0 days 15:58:09.539963,98136,7.23,7.22,6644,9599,2467,-1617
805,EVRI,2020-08-20,0 days 15:58:10.542985,96703,7.23,7.22,6744,9599,-1433,2467
806,EVRI,2020-08-20,0 days 15:59:23.714416,99581,7.23,7.22,10177,12473,3615,-1144
807,EVRI,2020-08-20,0 days 15:59:24.716098,98796,7.23,7.22,11667,10538,-785,3615
808,EW,2020-08-20,0 days 15:56:01.145685,182874,79.0,78.97,340,215,2726,-10074
809,EW,2020-08-20,0 days 15:56:02.147957,179500,79.0,78.98,340,400,-3374,2726
810,EW,2020-08-20,0 days 15:59:15.592289,174339,79.05,79.04,100,1200,-38124,23876
811,EW,2020-08-20,0 days 15:59:16.594640,210863,79.05,79.01,100,429,32976,-38124
812,EW,2020-08-20,0 days 15:59:17.596751,174439,79.07,79.05,215,240,-38024,32976
813,EW,2020-08-20,0 days 15:59:34.637993,230141,79.13,79.11,504,336,3176,-830
814,EW,2020-08-20,0 days 15:59:35.640619,226017,79.12,79.1,500,1303,-4124,3176
815,EXK,2020-08-20,0 days 15:58:58.561494,6013,3.86,3.85,105349,94396,259,-2214
816,EXK,2020-08-20,0 days 15:59:36.643114,6727,3.86,3.85,146649,87556,-486,714
817,EXK,2020-08-20,0 days 15:59:37.645077,6613,3.86,3.85,146949,76056,114,-486
818,EXK,2020-08-20,0 days 15:59:40.652767,6727,3.86,3.85,145449,78741,-1086,114
819,EXK,2020-08-20,0 days 15:59:41.655837,6613,3.86,3.85,146949,78441,114,-1086
820,F,2020-08-20,0 days 15:59:44.892278,3258707,6.85,6.84,420598,650553,4340,-7660
821,F,2020-08-20,0 days 15:59:48.902316,3250247,6.85,6.84,496678,592717,-8460,4340
822,FDX,2020-08-20,0 days 15:55:01.001396,137460,208.73,208.66,340,203,2644,-2027
823,FDX,2020-08-20,0 days 15:55:24.055040,138304,208.73,208.68,201,2,-171,108
824,FDX,2020-08-20,0 days 15:55:25.057675,138175,208.79,208.69,55,300,129,-171
825,FDX,2020-08-20,0 days 15:55:40.094100,139054,208.88,208.8,1,229,-145,77
826,FDX,2020-08-20,0 days 15:57:29.343327,142176,208.71,208.64,332,329,1056,-244
827,FDX,2020-08-20,0 days 15:57:30.346125,141832,208.71,208.65,132,310,-344,1056
828,FDX,2020-08-20,0 days 15:57:39.368154,142676,208.81,208.78,241,1000,356,-844
829,FDX,2020-08-20,0 days 15:57:40.370466,142332,208.78,208.77,103,4,-344,356
830,FDX,2020-08-20,0 days 15:57:45.382678,168895,208.87,208.76,15,200,1340,-160
831,FDX,2020-08-20,0 days 15:59:05.579794,169641,209.02,208.96,802,514,-1546,2182
832,FDX,2020-08-20,0 days 15:59:06.581003,167487,209.01,208.96,19,401,1200,-1546
833,FDX,2020-08-20,0 days 15:59:20.604179,173243,209.02,208.95,12,400,-328,3099
834,FDX,2020-08-20,0 days 15:59:21.606663,171271,208.99,208.95,78,302,1972,-328
835,FDX,2020-08-20,0 days 15:59:22.608744,173243,209.04,208.97,677,402,-2020,1972
836,FDX,2020-08-20,0 days 15:59:23.611380,171563,209.02,208.97,45,315,1680,-2020
837,FDX,2020-08-20,0 days 15:59:31.630419,173443,209.05,208.99,1331,446,-257,638
838,FDX,2020-08-20,0 days 15:59:32.632592,172000,209.01,208.95,144,500,1443,-257
839,FE,2020-08-20,0 days 15:55:00.188960,253540,28.37,28.36,5443,9439,-1636,45848
840,FE,2020-08-20,0 days 15:57:11.506724,253776,28.32,28.31,1835,8664,-2924,1776
841,FE,2020-08-20,0 days 15:57:20.528867,256700,28.31,28.3,12751,3524,376,-2924
842,FE,2020-08-20,0 days 15:57:21.530654,253776,28.31,28.3,10117,6524,-2624,376
843,FE,2020-08-20,0 days 15:58:01.628366,266194,28.36,28.35,8401,4087,923,-3358
844,FE,2020-08-20,0 days 15:58:02.630822,262842,28.36,28.35,9605,4487,-852,923
845,FE,2020-08-20,0 days 15:58:31.701653,284476,28.33,28.32,26019,9702,97935,-22916
846,FE,2020-08-20,0 days 15:59:34.853333,425733,28.39,28.38,4635,4526,-342,34123
847,FE,2020-08-20,0 days 15:59:36.858332,400093,28.38,28.37,4100,3700,25640,-360
848,FE,2020-08-20,0 days 15:59:39.865615,425733,28.38,28.37,11118,3099,-560,5640
849,FE,2020-08-20,0 days 15:59:47.884890,425758,28.36,28.35,3617,9654,-7437,26229
850,FE,2020-08-20,0 days 15:59:48.887556,408282,28.36,28.35,2517,9628,17451,-7437
851,FE,2020-08-20,0 days 15:59:50.892969,425733,28.36,28.35,3140,8560,-3196,8030
852,FHN,2020-08-20,0 days 15:58:37.627600,254389,9.49,9.48,43643,38703,167,-9333
853,FHN,2020-08-20,0 days 15:58:40.634847,245056,9.49,9.48,42443,35325,-9333,167
854,FHN,2020-08-20,0 days 15:59:05.696659,254730,9.49,9.48,20518,51384,29505,-7784
855,FHN,2020-08-20,0 days 15:59:06.698410,251235,9.49,9.48,14918,51889,-3495,29505
856,FHN,2020-08-20,0 days 15:59:07.701463,254730,9.49,9.48,14097,50390,8805,-3495
857,FHN,2020-08-20,0 days 15:59:08.703123,252135,9.49,9.48,13987,52290,-2595,8805
858,FHN,2020-08-20,0 days 15:59:09.706808,254730,9.49,9.48,15487,49590,1033,-2595
859,FHN,2020-08-20,0 days 15:59:10.709046,252463,9.49,9.48,17566,52769,-2267,1033
860,FHN,2020-08-20,0 days 15:59:18.721954,269469,9.5,9.49,27988,55945,4044,-3200
861,FHN,2020-08-20,0 days 15:59:19.725491,262113,9.5,9.49,27288,59070,-7356,4044
862,FHN,2020-08-20,0 days 15:59:33.761480,269469,9.5,9.49,36921,70773,2945,-1655
863,FHN,2020-08-20,0 days 15:59:35.765508,259578,9.5,9.49,35861,79036,-9891,4809
864,FIS,2020-08-20,0 days 15:55:40.239991,221890,141.1,141.05,422,2419,3537,-763
865,FIS,2020-08-20,0 days 15:56:13.319349,225480,141.17,141.16,100,1146,-1106,3105
866,FIS,2020-08-20,0 days 15:56:14.321751,222186,141.18,141.17,400,326,3694,-1106
867,FIS,2020-08-20,0 days 15:59:00.724621,238848,141.21,141.2,212,367,-5399,4422
868,FIS,2020-08-20,0 days 15:59:01.726614,233586,141.21,141.19,696,1772,5262,-5399
869,FIS,2020-08-20,0 days 15:59:07.741999,234893,141.22,141.2,1007,1519,-746,794
870,FIS,2020-08-20,0 days 15:59:10.749205,235739,141.22,141.2,1522,523,3908,-746
871,FIS,2020-08-20,0 days 15:59:23.770460,264277,141.24,141.23,300,401,-337,2854
872,FIS,2020-08-20,0 days 15:59:29.784751,262544,141.24,141.23,480,540,1733,-1767
873,FIS,2020-08-20,0 days 15:59:33.794238,266477,141.25,141.24,1498,743,-5682,1733
874,FIS,2020-08-20,0 days 15:59:34.796128,263216,141.24,141.23,800,546,1061,-5682
875,FL,2020-08-20,0 days 15:55:42.244527,115562,27.2,27.19,802,3845,9350,-6750
876,FL,2020-08-20,0 days 15:55:43.246623,111612,27.2,27.19,778,3791,-3950,9350
877,FL,2020-08-20,0 days 15:55:58.283375,118133,27.19,27.18,2479,2664,11676,-6210
878,FL,2020-08-20,0 days 15:55:59.286137,115709,27.19,27.18,2902,2762,-2424,11676
879,FL,2020-08-20,0 days 15:59:22.768630,148588,27.2,27.19,3723,8423,17740,-3260
880,FL,2020-08-20,0 days 15:59:43.818697,160083,27.21,27.2,1053,810,1836,-64
881,FSLY,2020-08-20,0 days 15:55:01.001435,214365,88.82,88.79,543,103,72916,-38513
882,FSLY,2020-08-20,0 days 15:57:34.355869,260362,88.69,88.65,375,300,1037,-663
883,FSLY,2020-08-20,0 days 15:57:38.365546,259862,88.69,88.65,275,100,1132,-468
884,FSLY,2020-08-20,0 days 15:57:53.401955,260790,88.81,88.8,422,600,-5572,4137
885,FSLY,2020-08-20,0 days 15:57:54.404712,259962,88.81,88.8,525,600,828,-5572
886,FSLY,2020-08-20,0 days 15:58:07.437261,260348,88.82,88.8,205,1006,1454,-258
887,FSLY,2020-08-20,0 days 15:58:09.441836,261802,88.89,88.86,218,464,-2189,211
888,FSLY,2020-08-20,0 days 15:58:10.444741,261191,88.87,88.83,275,7,611,-2189
889,FSLY,2020-08-20,0 days 15:58:17.461503,261802,88.84,88.81,114,101,-1489,1711
890,FSLY,2020-08-20,0 days 15:58:19.466835,261191,88.91,88.9,900,941,611,-1589
891,FSLY,2020-08-20,0 days 15:58:28.488195,261802,88.91,88.9,175,1469,-2089,611
892,FSLY,2020-08-20,0 days 15:58:29.490353,261191,88.91,88.9,1738,783,611,-2089
893,FSLY,2020-08-20,0 days 15:58:38.512333,260402,89.01,89.0,158,545,-7389,2211
894,FSLY,2020-08-20,0 days 15:58:43.524738,262191,89.01,89.0,466,417,3111,-189
895,FSLY,2020-08-20,0 days 15:58:44.527075,265302,89.01,89.0,766,600,-2189,3111
896,FSLY,2020-08-20,0 days 15:58:45.529181,264991,89.04,89.01,10,575,311,-2189
897,FSLY,2020-08-20,0 days 15:58:46.531788,265302,89.07,89.05,3021,10,-3589,311
898,FSLY,2020-08-20,0 days 15:58:47.533935,262191,89.04,89.01,375,175,3811,-3589
899,FSLY,2020-08-20,0 days 15:58:48.537216,265302,89.07,89.03,2703,375,-3589,3811
900,FSLY,2020-08-20,0 days 15:59:06.581003,280798,89.03,89.01,39,289,630,-604
901,FSLY,2020-08-20,0 days 15:59:07.585043,281428,89.06,89.03,3,475,-4393,630
902,FSLY,2020-08-20,0 days 15:59:09.587938,282006,89.02,89.0,396,400,2222,-2801
903,FSLY,2020-08-20,0 days 15:59:14.600102,272028,88.87,88.83,399,2,-598,6302
904,FSLY,2020-08-20,0 days 15:59:42.657637,269586,88.78,88.77,531,400,8045,-469
905,FSLY,2020-08-20,0 days 15:59:44.661772,271844,88.86,88.78,175,175,-342,545
906,FSLY,2020-08-20,0 days 15:59:49.674287,278644,88.86,88.82,175,100,-566,1044
907,FSLY,2020-08-20,0 days 15:59:57.694301,276644,88.86,88.76,1200,47,-1456,8162
908,FSLY,2020-08-20,0 days 15:59:58.696215,268482,88.87,88.74,8136,72,8162,-1456
909,FTCH,2020-08-20,0 days 15:55:00.260384,125110,29.02,29.01,3564,1814,-4479,7400
910,FTCH,2020-08-20,0 days 15:55:39.357296,129589,29.01,29.0,2771,2107,1581,-2974
911,FTCH,2020-08-20,0 days 15:55:40.360343,125770,29.03,29.01,1410,1300,-3819,1581
912,FTCH,2020-08-20,0 days 15:56:45.515689,126092,28.97,28.96,2300,1217,-3088,2012
913,FTCH,2020-08-20,0 days 15:56:46.518511,129180,28.96,28.95,1100,1312,12,-3088
914,FTCH,2020-08-20,0 days 15:57:06.566229,126892,28.92,28.91,2237,217,-2288,612
915,FTCH,2020-08-20,0 days 15:59:11.868717,131830,28.98,28.97,600,1767,2693,-407
916,FTCH,2020-08-20,0 days 15:59:12.871666,131123,28.98,28.97,1206,1477,-707,2693
917,FTCH,2020-08-20,0 days 15:59:15.869772,131830,28.96,28.95,1000,2073,393,-607
918,FTCH,2020-08-20,0 days 15:59:16.872006,127237,28.98,28.97,1183,2400,-2324,393
919,FTCH,2020-08-20,0 days 15:59:47.947906,131431,29.03,29.02,1429,1585,-51,11349
920,FTI,2020-08-20,0 days 15:59:31.732670,297749,7.74,7.73,88507,6577,4666,-33867
921,FTV,2020-08-20,0 days 15:55:40.180831,140711,71.88,71.87,169,1007,-6,1494
922,FTV,2020-08-20,0 days 15:55:53.211876,140717,71.86,71.84,302,332,636,-6
923,FTV,2020-08-20,0 days 15:56:15.264609,141389,71.85,71.84,204,1116,-1428,5172
924,FTV,2020-08-20,0 days 15:56:16.267283,138217,71.84,71.83,100,700,3172,-1428
925,FTV,2020-08-20,0 days 15:58:16.557651,141412,71.84,71.82,156,1000,-241,459
926,FTV,2020-08-20,0 days 15:58:20.568143,137953,71.84,71.82,524,500,3459,-241
927,FTV,2020-08-20,0 days 15:59:15.694569,141918,71.88,71.87,100,249,-5077,1234
928,FTV,2020-08-20,0 days 15:59:16.697159,140695,71.88,71.87,111,135,1223,-5077
929,FTV,2020-08-20,0 days 15:59:19.704224,141918,71.88,71.87,38,843,-902,730
930,FTV,2020-08-20,0 days 15:59:23.714379,142820,71.88,71.87,1289,200,13898,-902
931,FTV,2020-08-20,0 days 15:59:24.716046,156718,71.88,71.87,215,447,-10391,13898
932,FTV,2020-08-20,0 days 15:59:25.718387,154909,71.87,71.86,51,156,1809,-10391
933,FTV,2020-08-20,0 days 15:59:48.775118,158414,71.89,71.88,448,200,-700,1100
934,FTV,2020-08-20,0 days 15:59:50.780479,158072,71.89,71.88,274,748,342,-700
935,GE,2020-08-20,0 days 15:55:00.071409,1853398,6.28,6.27,299165,336280,104039,-395511
936,GE,2020-08-20,0 days 15:56:12.245493,1972084,6.28,6.27,190739,633446,-27479,59621
937,GE,2020-08-20,0 days 15:56:13.247595,1952063,6.28,6.27,195612,624446,20021,-27479
938,GE,2020-08-20,0 days 15:59:19.693244,2125904,6.28,6.27,263841,687207,-2119,20645
939,GE,2020-08-20,0 days 15:59:24.704678,2019743,6.28,6.27,321466,611995,106326,-12574
940,GE,2020-08-20,0 days 15:59:36.733848,2126069,6.28,6.27,468765,623591,-87633,103967
941,GE,2020-08-20,0 days 15:59:37.735657,2120102,6.28,6.27,468367,606680,5967,-87633
942,GE,2020-08-20,0 days 15:59:39.741290,2126069,6.28,6.27,465167,619369,-147433,5967
943,GE,2020-08-20,0 days 15:59:40.743861,2120402,6.28,6.27,473528,606241,5667,-147433
944,GE,2020-08-20,0 days 15:59:46.757231,2121002,6.28,6.27,489543,340311,5167,-9733
945,GE,2020-08-20,0 days 15:59:47.759632,2126169,6.28,6.27,501049,302680,-4379,5167
946,GE,2020-08-20,0 days 15:59:49.764744,2121994,6.28,6.27,491349,310937,4175,-4825
947,GFI,2020-08-20,0 days 15:56:38.347113,86279,12.41,12.4,35245,9517,1824,-2129
948,GFI,2020-08-20,0 days 15:58:21.588847,90025,12.47,12.46,31513,35097,656,-44
949,GFI,2020-08-20,0 days 15:58:32.615393,90681,12.47,12.46,32320,54966,-644,156
950,GFI,2020-08-20,0 days 15:58:37.627687,91325,12.47,12.46,52854,22275,1356,-644
951,GFI,2020-08-20,0 days 15:59:05.696819,92596,12.47,12.46,15072,31805,-5746,904
952,GFI,2020-08-20,0 days 15:59:12.714820,96009,12.45,12.44,32509,6322,300,-3413
953,GFL,2020-08-20,0 days 15:55:43.101669,427383,19.26,19.25,758,2534,285,-3587
954,GFL,2020-08-20,0 days 15:56:15.179095,427668,19.28,19.27,1297,412,-815,85
955,GFL,2020-08-20,0 days 15:59:17.596777,440028,19.35,19.34,578,3768,820,-606
956,GFL,2020-08-20,0 days 15:59:19.601917,440948,19.35,19.34,678,10619,-2676,820
957,GFL,2020-08-20,0 days 15:59:20.604341,440224,19.35,19.34,1078,1765,724,-2676
958,GFL,2020-08-20,0 days 15:59:45.665248,440537,19.37,19.36,1497,1445,311,-2676
959,GGB,2020-08-20,0 days 15:59:36.643104,50170,3.68,3.67,206229,838873,13443,-15957
960,GGB,2020-08-20,0 days 15:59:37.645065,49313,3.68,3.67,206247,832173,-857,13443
961,GLW,2020-08-20,0 days 15:55:36.277834,188747,31.85,31.84,2727,9213,-4398,2472
962,GLW,2020-08-20,0 days 15:55:37.279849,186845,31.85,31.84,3027,9141,1902,-4398
963,GLW,2020-08-20,0 days 15:55:43.294703,188747,31.85,31.84,3248,9055,-1084,202
964,GLW,2020-08-20,0 days 15:55:44.297156,187131,31.85,31.84,4348,8569,1616,-1084
965,GLW,2020-08-20,0 days 15:56:04.345565,189069,31.86,31.85,7398,6531,-395,1805
966,GLW,2020-08-20,0 days 15:56:05.347567,187664,31.86,31.85,7298,6254,1305,-395
967,GLW,2020-08-20,0 days 15:57:09.501576,189641,31.86,31.85,12389,8398,-1117,580
968,GLW,2020-08-20,0 days 15:57:10.503883,188458,31.86,31.85,12989,7738,1083,-1117
969,GLW,2020-08-20,0 days 15:57:34.562873,189556,31.86,31.85,4424,13980,-1405,895
970,GLW,2020-08-20,0 days 15:57:35.564837,188561,31.86,31.85,6658,12453,995,-1405
971,GLW,2020-08-20,0 days 15:57:42.582011,189857,31.86,31.85,11432,10137,2399,-1701
972,GLW,2020-08-20,0 days 15:58:15.663400,192917,31.87,31.86,4783,19413,-2,98
973,GLW,2020-08-20,0 days 15:58:16.664645,192219,31.87,31.86,6683,16914,698,-2
974,GLW,2020-08-20,0 days 15:58:18.669982,192917,31.87,31.86,4583,19152,-2,698
975,GLW,2020-08-20,0 days 15:58:19.672553,192219,31.87,31.86,4483,20100,698,-2
976,GLW,2020-08-20,0 days 15:59:12.803481,250209,31.92,31.91,1441,13099,-1806,1681
977,GLW,2020-08-20,0 days 15:59:13.804242,245524,31.92,31.91,5572,7838,4685,-1806
978,GLW,2020-08-20,0 days 15:59:47.884931,257862,31.88,31.87,11335,7300,-1608,1666
979,GLW,2020-08-20,0 days 15:59:48.887596,255270,31.88,31.87,13180,4600,2592,-1608
980,GM,2020-08-20,0 days 15:55:34.193519,669059,28.85,28.84,1887,14709,2334,-12646
981,GM,2020-08-20,0 days 15:55:35.197309,665693,28.86,28.85,1342,19116,-3366,2334
982,GM,2020-08-20,0 days 15:55:59.253896,680961,28.86,28.85,3982,10708,2902,-4278
983,GM,2020-08-20,0 days 15:56:00.255961,677983,28.86,28.85,1582,12573,-2978,2902
984,GM,2020-08-20,0 days 15:57:20.440582,686220,28.84,28.83,10902,9676,2731,-4169
985,GM,2020-08-20,0 days 15:57:21.442204,682851,28.84,28.83,8631,12055,-3369,2731
986,GM,2020-08-20,0 days 15:57:55.523974,695920,28.84,28.83,16675,11097,2109,-4091
987,GM,2020-08-20,0 days 15:57:56.526149,691829,28.84,28.83,15671,11657,-4091,2109
988,GM,2020-08-20,0 days 15:57:57.529110,695920,28.84,28.83,17137,10557,4109,-4091
989,GM,2020-08-20,0 days 15:57:59.533781,691829,28.84,28.83,16137,12395,-4091,209
990,GM,2020-08-20,0 days 15:58:40.634812,698020,28.84,28.83,23803,5845,256,-6444
991,GM,2020-08-20,0 days 15:58:41.637190,693276,28.83,28.82,12413,8167,-3444,256
992,GM,2020-08-20,0 days 15:59:05.696572,692494,28.83,28.82,8366,14091,3585,-513
993,GM,2020-08-20,0 days 15:59:07.701418,692499,28.83,28.82,9398,14095,-6995,6005
994,GM,2020-08-20,0 days 15:59:09.706722,699494,28.83,28.82,9497,14184,6205,-495
995,GM,2020-08-20,0 days 15:59:10.708959,699499,28.83,28.82,12793,10050,-5357,6205
996,GM,2020-08-20,0 days 15:59:14.718355,708073,28.83,28.82,11131,11070,17176,-3574
997,GM,2020-08-20,0 days 15:59:18.721910,709449,28.83,28.82,11814,13266,-4494,1276
998,GM,2020-08-20,0 days 15:59:19.725404,713943,28.83,28.82,9853,13239,806,-4494
999,GM,2020-08-20,0 days 15:59:22.732904,719257,28.83,28.82,9255,15612,-21917,706
1000,GM,2020-08-20,0 days 15:59:35.765469,754271,28.83,28.82,9921,17454,50057,-12814
1001,GM,2020-08-20,0 days 15:59:36.765582,741230,28.84,28.83,4870,24223,-13041,50057
1002,GM,2020-08-20,0 days 15:59:37.768483,754271,28.84,28.83,5370,20170,2459,-13041
1003,GM,2020-08-20,0 days 15:59:40.775686,757880,28.84,28.83,12735,20520,-491,1159
1004,GM,2020-08-20,0 days 15:59:41.777690,758371,28.84,28.83,15986,18639,4509,-491
1005,GM,2020-08-20,0 days 15:59:50.801100,747176,28.84,28.83,4681,14691,-17197,4237
1006,GME,2020-08-20,0 days 15:58:10.542836,67416,4.62,4.61,47977,21370,1133,-7482
1007,GME,2020-08-20,0 days 15:58:11.545320,64449,4.62,4.61,47510,26180,-2967,1133
1008,GME,2020-08-20,0 days 15:59:40.756398,71072,4.62,4.61,18579,34330,9337,-2232
1009,GME,2020-08-20,0 days 15:59:41.757815,69309,4.62,4.61,14815,35168,-1763,9337
1010,GNW,2020-08-20,0 days 15:55:05.093878,107905,2.77,2.76,36574,36806,-31296,2204
1011,GOLD,2020-08-20,0 days 15:57:06.387617,291503,29.95,29.94,23957,3162,4219,-4731
1012,GOLD,2020-08-20,0 days 15:57:07.390581,287522,29.94,29.93,12928,27110,-3981,4219
1013,GOLD,2020-08-20,0 days 15:59:05.677002,303214,29.98,29.97,15748,26348,330,-2670
1014,GOLD,2020-08-20,0 days 15:59:14.698024,304906,29.98,29.97,24673,43099,7832,-1362
1015,GOLD,2020-08-20,0 days 15:59:15.694569,304228,29.98,29.97,36722,7556,-623,7832
1016,GOLD,2020-08-20,0 days 15:59:18.701332,304906,29.98,29.97,20313,32464,2629,-2468
1017,GOLD,2020-08-20,0 days 15:59:20.706585,307535,29.98,29.97,19184,34564,-4591,2629
1018,GOLD,2020-08-20,0 days 15:59:35.744338,305264,29.96,29.95,36066,21346,-1633,8167
1019,GOLD,2020-08-20,0 days 15:59:50.780654,289783,29.96,29.95,21570,30720,-17114,1232
1020,GPK,2020-08-20,0 days 15:56:50.356970,289026,13.95,13.94,48251,700,29431,-4063
1021,GPK,2020-08-20,0 days 15:57:01.383904,290757,13.95,13.94,26220,19862,-1763,1731
1022,GPK,2020-08-20,0 days 15:57:05.391207,289026,13.95,13.94,33960,4857,1731,-1763
1023,GPK,2020-08-20,0 days 15:57:16.416655,291326,13.94,13.93,22751,14868,-1594,1900
1024,GPK,2020-08-20,0 days 15:57:20.427672,289426,13.94,13.93,25151,12471,1900,-1594
1025,GPK,2020-08-20,0 days 15:57:31.454004,291326,13.94,13.93,20583,27457,-1594,1900
1026,GPK,2020-08-20,0 days 15:57:50.500587,292944,13.94,13.93,17883,28407,282,-118
1027,GPK,2020-08-20,0 days 15:58:48.640666,292944,13.94,13.93,32794,10521,4389,-1511
1028,GPS,2020-08-20,0 days 15:59:27.852277,234127,14.58,14.57,19777,5899,-5994,34
1029,GPS,2020-08-20,0 days 15:59:43.890563,230739,14.58,14.57,24364,18897,-1264,636
1030,GPS,2020-08-20,0 days 15:59:44.892278,230003,14.58,14.57,38149,2077,736,-1264
1031,GS,2020-08-20,0 days 15:55:43.214246,113664,201.98,201.95,236,700,-304,488
1032,GS,2020-08-20,0 days 15:55:44.217794,112968,201.98,201.95,236,700,3296,-304
1033,GS,2020-08-20,0 days 15:57:37.480017,118393,201.98,201.95,238,600,-847,503
1034,GS,2020-08-20,0 days 15:57:38.482148,118040,201.98,201.95,356,700,303,-847
1035,GS,2020-08-20,0 days 15:58:06.552325,118415,202.0,201.99,287,514,-56,644
1036,GS,2020-08-20,0 days 15:58:07.558919,117771,201.98,201.96,45,3,644,-56
1037,GS,2020-08-20,0 days 15:58:11.563999,119542,202.0,201.99,288,67,-51,649
1038,GS,2020-08-20,0 days 15:58:12.567574,119293,202.0,201.99,182,56,249,-51
1039,GS,2020-08-20,0 days 15:58:26.600422,119542,202.0,201.99,100,60,-751,749
1040,GS,2020-08-20,0 days 15:58:27.604281,118893,202.0,201.99,200,160,649,-751
1041,GS,2020-08-20,0 days 15:58:37.626930,119542,202.0,201.99,515,821,-351,649
1042,GS,2020-08-20,0 days 15:58:38.629079,118893,202.0,201.98,996,524,649,-351
1043,GS,2020-08-20,0 days 15:59:06.698269,117912,202.01,202.0,1311,1693,-1248,795
1044,GS,2020-08-20,0 days 15:59:08.702960,117385,202.01,202.0,1175,1688,527,-973
1045,GS,2020-08-20,0 days 15:59:11.710001,119660,202.0,201.98,614,388,-2225,2875
1046,GS,2020-08-20,0 days 15:59:12.714393,118685,201.98,201.96,171,1100,1253,-2225
1047,GSX,2020-08-20,0 days 15:59:03.730677,24829,88.5,88.48,200,225,-747,53
1048,GSX,2020-08-20,0 days 15:59:04.732979,23576,88.5,88.48,100,225,1553,-747
1049,GSX,2020-08-20,0 days 15:59:07.741870,25129,88.54,88.48,388,423,-18555,353
1050,GSX,2020-08-20,0 days 15:59:15.751294,21564,88.5,88.42,6,823,4865,-1355
1051,GSX,2020-08-20,0 days 15:59:34.795808,41329,88.5,88.44,190,101,-1586,3399
1052,HAL,2020-08-20,0 days 15:59:35.754892,742395,16.04,16.03,17100,48903,64131,-7923
1053,HAL,2020-08-20,0 days 15:59:36.754908,648426,16.04,16.03,9324,52124,-93969,64131
1054,HAL,2020-08-20,0 days 15:59:48.782963,753179,16.03,16.02,52704,8712,-4436,37877
1055,HBI,2020-08-20,0 days 15:59:44.785692,342563,15.69,15.68,25098,2389,6382,-1418
1056,HBI,2020-08-20,0 days 15:59:49.798949,330504,15.68,15.67,26693,3994,-4527,2814
1057,HD,2020-08-20,0 days 15:59:14.697913,347493,280.85,280.83,300,157,29041,-66852
1058,HD,2020-08-20,0 days 15:59:15.694382,345988,280.96,280.92,200,342,-1605,29041
1059,HD,2020-08-20,0 days 15:59:23.714352,361970,280.85,280.84,60,228,863,-373
1060,HD,2020-08-20,0 days 15:59:24.715997,361433,280.84,280.83,60,100,-537,863
1061,HD,2020-08-20,0 days 15:59:34.740254,365159,280.87,280.84,1380,654,1315,-300
1062,HD,2020-08-20,0 days 15:59:35.744285,362710,280.85,280.83,246,20,-3398,1315
1063,HD,2020-08-20,0 days 15:59:42.759961,366108,280.78,280.75,900,6,20195,-588
1064,HFC,2020-08-20,0 days 15:56:01.261340,240742,25.45,25.44,815,1445,1747,-22153
1065,HFC,2020-08-20,0 days 15:56:02.260823,234389,25.45,25.44,1058,2145,-6353,1747
1066,HFC,2020-08-20,0 days 15:58:12.567711,254941,25.44,25.43,1927,750,-6975,2046
1067,HFC,2020-08-20,0 days 15:59:22.733057,259388,25.4,25.39,2042,600,2916,-1726
1068,HFC,2020-08-20,0 days 15:59:23.734715,249504,25.4,25.39,1809,500,-9884,2916
1069,HFC,2020-08-20,0 days 15:59:44.785647,255466,25.38,25.37,1559,1166,-1707,3093
1070,HL,2020-08-20,0 days 15:59:21.697835,244097,6.02,6.01,62716,102504,-10834,8440
1071,HL,2020-08-20,0 days 15:59:36.733763,254931,6.02,6.01,108518,54552,9066,-10834
1072,HL,2020-08-20,0 days 15:59:37.735577,254297,6.02,6.01,109318,48100,-634,9066
1073,HL,2020-08-20,0 days 15:59:38.737972,254931,6.02,6.01,109671,45962,5222,-634
1074,HL,2020-08-20,0 days 15:59:40.743745,254553,6.02,6.01,104083,56915,-378,39222
1075,HLT,2020-08-20,0 days 15:55:00.204226,69277,85.13,85.11,115,127,-117563,13384
1076,HLT,2020-08-20,0 days 15:55:01.206582,65674,85.12,85.11,115,840,3603,-117563
1077,HLT,2020-08-20,0 days 15:55:40.301707,69658,85.09,85.05,15,1018,-2329,91
1078,HLT,2020-08-20,0 days 15:55:41.304423,69387,85.09,85.05,115,1018,271,-2329
1079,HLT,2020-08-20,0 days 15:55:47.318353,69758,85.06,85.02,416,500,-539,284
1080,HLT,2020-08-20,0 days 15:55:48.320800,69497,85.06,85.02,516,500,261,-539
1081,HLT,2020-08-20,0 days 15:57:48.610465,72885,85.23,85.21,400,239,-326,389
1082,HLT,2020-08-20,0 days 15:57:49.613278,71900,85.21,85.19,78,700,989,-326
1083,HLT,2020-08-20,0 days 15:58:05.652416,72846,85.2,85.19,195,1758,-2020,913
1084,HLT,2020-08-20,0 days 15:58:06.655235,71866,85.2,85.19,338,1116,980,-2020
1085,HLT,2020-08-20,0 days 15:58:07.658249,72846,85.18,85.17,240,400,-749,980
1086,HLT,2020-08-20,0 days 15:58:08.660370,72295,85.17,85.16,100,100,551,-749
1087,HLT,2020-08-20,0 days 15:58:47.755625,72842,85.23,85.22,400,400,-764,551
1088,HLT,2020-08-20,0 days 15:58:49.759548,73317,85.29,85.27,543,219,5620,-164
1089,HLT,2020-08-20,0 days 15:59:04.797277,79819,85.23,85.22,11,405,-495,1120
1090,HLT,2020-08-20,0 days 15:59:05.800020,79514,85.23,85.21,411,200,305,-495
1091,HLT,2020-08-20,0 days 15:59:09.810018,79913,85.2,85.19,11,430,-8660,20
1092,HLT,2020-08-20,0 days 15:59:14.822005,83507,85.22,85.2,308,770,3678,-3594
1093,HLT,2020-08-20,0 days 15:59:15.822181,87185,85.23,85.2,321,210,-30,3678
1094,HLT,2020-08-20,0 days 15:59:16.825324,78445,85.23,85.19,521,324,8740,-30
1095,HLT,2020-08-20,0 days 15:59:18.828794,87181,85.26,85.24,224,612,-291,5209
1096,HLT,2020-08-20,0 days 15:59:27.852277,89590,85.0,84.99,57961,843,-2575,374
1097,HLT,2020-08-20,0 days 15:59:28.853633,89365,85.0,84.99,59197,1827,125,-2575
1098,HLT,2020-08-20,0 days 15:59:33.866323,89590,85.0,84.99,55710,3814,-1776,125
1099,HOME,2020-08-20,0 days 15:55:00.141862,35785,19.26,19.25,54,6443,493,-1562
1100,HOME,2020-08-20,0 days 15:55:35.228315,36278,19.31,19.3,644,2913,-7,493
1101,HOME,2020-08-20,0 days 15:55:36.229961,35985,19.31,19.3,522,3014,293,-7
1102,HOME,2020-08-20,0 days 15:56:04.298045,36716,19.29,19.27,2634,601,-222,678
1103,HOME,2020-08-20,0 days 15:56:05.299856,36238,19.27,19.25,2765,1000,478,-222
1104,HOME,2020-08-20,0 days 15:56:20.336339,36716,19.27,19.26,1846,6800,-1293,407
1105,HOME,2020-08-20,0 days 15:56:21.338289,36509,19.27,19.26,2346,9788,207,-1293
1106,HOME,2020-08-20,0 days 15:56:48.403520,36816,19.25,19.24,1760,6099,-414,178
1107,HOME,2020-08-20,0 days 15:56:49.406329,36630,19.26,19.25,2108,517,186,-414
1108,HOME,2020-08-20,0 days 15:59:08.743427,36173,19.23,19.22,2331,8674,-311,139
1109,HOME,2020-08-20,0 days 15:59:09.746200,35884,19.23,19.22,2740,8692,288,-311
1110,HOME,2020-08-20,0 days 15:59:15.751644,36272,19.24,19.23,715,3751,-226,88
1111,HON,2020-08-20,0 days 15:59:12.753517,129075,156.36,156.34,558,10,6134,-15066
1112,HON,2020-08-20,0 days 15:59:13.756309,127009,156.41,156.39,200,200,-3525,6134
1113,HON,2020-08-20,0 days 15:59:15.751401,130535,156.41,156.38,400,200,26144,-3026
1114,HON,2020-08-20,0 days 15:59:16.753707,124335,156.44,156.39,255,986,-6200,26144
1115,HON,2020-08-20,0 days 15:59:17.755929,130535,156.39,156.37,100,251,5711,-6200
1116,HON,2020-08-20,0 days 15:59:18.758173,130246,156.38,156.35,351,300,-289,5711
1117,HON,2020-08-20,0 days 15:59:42.816116,141392,156.3,156.27,800,125,99,-201
1118,HON,2020-08-20,0 days 15:59:47.828332,141659,156.26,156.23,800,277,-1197,267
1119,HON,2020-08-20,0 days 15:59:50.835184,139759,156.23,156.19,379,321,-3129,1003
1120,HPE,2020-08-20,0 days 15:55:38.297193,752859,9.27,9.26,24584,46345,32248,-12052
1121,HPE,2020-08-20,0 days 15:55:39.299102,733207,9.27,9.26,26584,45745,-16652,32248
1122,HPE,2020-08-20,0 days 15:56:39.443976,755559,9.28,9.27,38764,68547,25486,-14214
1123,HPE,2020-08-20,0 days 15:56:40.445926,740045,9.28,9.27,36821,70232,-15514,25486
1124,HPQ,2020-08-20,0 days 15:59:15.694469,734461,18.15,18.14,33440,1858,42958,-6917
1125,HUD,2020-08-20,0 days 15:55:00.109545,56889,7.5,7.49,17274,38939,-19045,47433
1126,HUD,2020-08-20,0 days 15:55:01.113978,53134,7.5,7.49,17275,39089,3755,-19045
1127,HUD,2020-08-20,0 days 15:56:52.380054,58339,7.49,7.48,25610,136308,-5308,4692
1128,HUD,2020-08-20,0 days 15:56:53.382517,54547,7.49,7.48,24676,136308,3792,-5308
1129,IAG,2020-08-20,0 days 15:57:25.610295,30471,4.29,4.28,165790,120670,-6663,2229
1130,IBM,2020-08-20,0 days 15:58:59.783793,296774,123.3,123.29,805,381,6172,-4516
1131,IBM,2020-08-20,0 days 15:59:00.787187,291936,123.3,123.29,1079,581,-4938,6172
1132,IBM,2020-08-20,0 days 15:59:15.821716,303157,123.23,123.22,451,200,22288,-3414
1133,IBM,2020-08-20,0 days 15:59:22.838898,315194,123.21,123.18,756,1125,1460,-2042
1134,IBM,2020-08-20,0 days 15:59:23.840602,312654,123.21,123.19,225,113,-2540,1460
1135,IBN,2020-08-20,0 days 15:59:17.687750,383088,10.06,10.05,67214,126771,-10064,14861
1136,IBN,2020-08-20,0 days 15:59:24.704606,393152,10.06,10.05,77339,104821,45919,-8481
1137,IBN,2020-08-20,0 days 15:59:25.706663,384671,10.06,10.05,75739,128621,-8481,45919
1138,IBN,2020-08-20,0 days 15:59:36.733726,403583,10.06,10.05,66179,137393,15988,-18912
1139,IBN,2020-08-20,0 days 15:59:37.735577,402571,10.06,10.05,65283,137421,-1012,15988
1140,IBN,2020-08-20,0 days 15:59:46.757108,521501,10.06,10.05,99490,130812,28375,-99930
1141,IBN,2020-08-20,0 days 15:59:47.759515,516376,10.06,10.05,108890,89667,-24652,28375
1142,ICE,2020-08-20,0 days 15:56:04.244589,253716,103.68,103.67,790,1109,1137,-2563
1143,ICE,2020-08-20,0 days 15:56:05.246420,245153,103.68,103.67,1010,1083,-8563,1137
1144,ICE,2020-08-20,0 days 15:57:04.388893,261785,103.7,103.68,800,200,37438,-12262
1145,ICE,2020-08-20,0 days 15:57:05.391207,257523,103.7,103.66,1000,682,-4262,37438
1146,ICE,2020-08-20,0 days 15:57:46.490263,263188,103.7,103.68,419,522,240,-150
1147,ICE,2020-08-20,0 days 15:57:47.491987,259328,103.71,103.68,155,1182,-3860,240
1148,ICE,2020-08-20,0 days 15:59:00.671083,258963,103.7,103.69,315,1380,5940,-1760
1149,ICE,2020-08-20,0 days 15:59:01.673700,253703,103.7,103.69,65,1001,-5002,5940
1150,ICE,2020-08-20,0 days 15:59:15.704145,264388,103.71,103.69,235,686,14613,-2333
1151,ICE,2020-08-20,0 days 15:59:23.723453,251267,103.77,103.74,202,1029,-15021,11563
1152,ICE,2020-08-20,0 days 15:59:24.725801,265688,103.77,103.73,1263,29,49079,-15021
1153,ICE,2020-08-20,0 days 15:59:25.728707,251367,103.78,103.76,564,529,-14921,49079
1154,ICE,2020-08-20,0 days 15:59:27.732891,273788,103.76,103.74,905,802,3879,-8321
1155,ICE,2020-08-20,0 days 15:59:28.734743,271767,103.76,103.74,305,162,-7461,3879
1156,ICE,2020-08-20,0 days 15:59:29.736815,279228,103.76,103.75,5,110,52665,-7461
1157,ICE,2020-08-20,0 days 15:59:30.740284,254593,103.78,103.76,300,986,-25235,52665
1158,ICE,2020-08-20,0 days 15:59:41.765984,374659,103.68,103.66,590,665,18534,-1366
1159,ICE,2020-08-20,0 days 15:59:42.767970,371493,103.67,103.66,301,100,-2983,18534
1160,ICE,2020-08-20,0 days 15:59:47.780220,380884,103.73,103.71,200,602,37819,-3194
1161,ICE,2020-08-20,0 days 15:59:50.789388,268608,103.77,103.75,300,1034,-112899,37096
1162,ING,2020-08-20,0 days 15:55:01.001559,24238,7.87,7.86,46321,141773,-3208,6969
1163,INVH,2020-08-20,0 days 15:55:01.114096,198910,28.77,28.76,2632,5079,-2949,2251
1164,INVH,2020-08-20,0 days 15:55:10.135830,201859,28.77,28.76,3240,5764,807,-158
1165,INVH,2020-08-20,0 days 15:55:11.137205,199266,28.77,28.76,2940,5864,-2593,807
1166,INVH,2020-08-20,0 days 15:55:36.198828,201859,28.79,28.78,3420,2400,31007,-2593
1167,INVH,2020-08-20,0 days 15:57:10.424319,235479,28.81,28.8,7258,9328,-774,1426
1168,INVH,2020-08-20,0 days 15:57:11.427076,233053,28.81,28.8,7885,9065,1326,-774
1169,INVH,2020-08-20,0 days 15:58:06.552502,243819,28.79,28.78,2000,5918,-7162,4014
1170,INVH,2020-08-20,0 days 15:58:07.559571,241814,28.79,28.78,5854,3211,2005,-7162
1171,INVH,2020-08-20,0 days 15:58:10.562016,243819,28.79,28.78,4800,8242,-162,138
1172,INVH,2020-08-20,0 days 15:58:11.564867,241981,28.79,28.78,3700,9495,1838,-162
1173,INVH,2020-08-20,0 days 15:58:20.586757,243819,28.79,28.78,2091,10200,-262,1838
1174,INVH,2020-08-20,0 days 15:58:21.588815,241981,28.79,28.78,4091,9802,1838,-262
1175,INVH,2020-08-20,0 days 15:58:37.627600,242492,28.79,28.78,7440,10010,-589,3138
1176,INVH,2020-08-20,0 days 15:58:38.629794,240881,28.79,28.78,8240,9510,1611,-589
1177,INVH,2020-08-20,0 days 15:59:15.716049,252873,28.78,28.77,7750,5309,-2625,547
1178,INVH,2020-08-20,0 days 15:59:16.717825,251798,28.78,28.77,6250,5709,1075,-2625
1179,INVH,2020-08-20,0 days 15:59:19.725491,253173,28.78,28.77,9257,1587,-3285,1075
1180,INVH,2020-08-20,0 days 15:59:21.729643,249662,28.77,28.76,6594,3604,3211,-2789
1181,INVH,2020-08-20,0 days 15:59:27.743910,253173,28.77,28.76,6188,3228,-2333,711
1182,INVH,2020-08-20,0 days 15:59:28.745993,252906,28.77,28.76,7874,1628,267,-2333
1183,INVH,2020-08-20,0 days 15:59:35.765508,258095,28.77,28.76,4430,4966,-3711,5189
1184,INVH,2020-08-20,0 days 15:59:36.765671,257606,28.77,28.76,7830,4222,489,-3711
1185,INVH,2020-08-20,0 days 15:59:42.780516,258095,28.77,28.76,8349,1322,-111,289
1186,INVH,2020-08-20,0 days 15:59:46.790248,257820,28.77,28.76,9021,693,275,-2225
1187,INVH,2020-08-20,0 days 15:59:47.792380,258095,28.77,28.76,8121,567,-225,275
1188,IPG,2020-08-20,0 days 15:55:01.002008,237602,17.87,17.86,6551,6821,27138,-98888
1189,IPG,2020-08-20,0 days 15:55:02.000361,227440,17.87,17.86,5835,8124,-10162,27138
1190,IPG,2020-08-20,0 days 15:56:02.147957,237652,17.87,17.86,8504,8732,5449,-8065
1191,IPG,2020-08-20,0 days 15:56:03.150085,227801,17.87,17.86,8504,8732,-9851,5449
1192,IPG,2020-08-20,0 days 15:57:07.305778,246435,17.86,17.85,15234,4608,789,-2509
1193,IPG,2020-08-20,0 days 15:57:09.309678,247224,17.86,17.85,15125,7608,-10679,789
1194,IPG,2020-08-20,0 days 15:57:42.375651,258903,17.85,17.84,19660,2252,121,-879
1195,IPG,2020-08-20,0 days 15:57:45.382731,255124,17.84,17.83,11560,7903,-3879,5021
1196,IPG,2020-08-20,0 days 15:59:08.586536,263990,17.83,17.82,4131,8003,4698,-8289
1197,IPG,2020-08-20,0 days 15:59:09.588108,263388,17.83,17.82,4917,8803,-602,4698
1198,IPG,2020-08-20,0 days 15:59:23.611576,289262,17.83,17.82,9125,10945,14570,-1837
1199,IPG,2020-08-20,0 days 15:59:29.625246,286673,17.83,17.82,9183,9717,-2589,5111
1200,IPG,2020-08-20,0 days 15:59:34.638008,289262,17.83,17.82,19052,8797,11964,-2589
1201,IPG,2020-08-20,0 days 15:59:35.640631,287626,17.83,17.82,10147,13956,-1636,11964
1202,IVR,2020-08-20,0 days 15:59:36.642821,59989,3.01,3.0,134204,140928,26998,-31702
1203,IVR,2020-08-20,0 days 15:59:37.644182,58387,3.01,3.0,127404,140540,-1602,26998
1204,IVR,2020-08-20,0 days 15:59:40.652396,59989,3.01,3.0,126648,125073,441,-1602
1205,IVR,2020-08-20,0 days 15:59:48.672218,58430,3.01,3.0,118654,153131,-1559,441
1206,IVZ,2020-08-20,0 days 15:58:06.519708,299602,10.03,10.02,30057,40037,8204,-7571
1207,IVZ,2020-08-20,0 days 15:58:07.525247,191106,10.03,10.02,27290,39641,-108196,8204
1208,IVZ,2020-08-20,0 days 15:59:18.688787,303887,10.04,10.03,31558,21445,13294,-1065
1209,IVZ,2020-08-20,0 days 15:59:19.692938,299381,10.04,10.03,29477,22333,-4506,13294
1210,IVZ,2020-08-20,0 days 15:59:34.728522,304587,10.04,10.03,34083,37060,3469,-5206
1211,IVZ,2020-08-20,0 days 15:59:35.732033,293756,10.04,10.03,32305,39222,-10831,3469
1212,IVZ,2020-08-20,0 days 15:59:40.743543,304587,10.04,10.03,33122,27277,1444,-2731
1213,IVZ,2020-08-20,0 days 15:59:48.763323,301931,10.03,10.02,24756,34829,-2555,1045
1214,JCI,2020-08-20,0 days 15:59:16.753239,299907,40.16,40.15,9517,5648,-1421,20479
1215,JCI,2020-08-20,0 days 15:59:23.770051,301832,40.18,40.17,4236,4400,-8436,15690
1216,JCI,2020-08-20,0 days 15:59:25.773582,310268,40.17,40.16,7805,1675,4148,-18936
1217,JCI,2020-08-20,0 days 15:59:26.775637,307616,40.16,40.15,3473,5592,-2452,4148
1218,JCI,2020-08-20,0 days 15:59:34.794924,317842,40.16,40.15,8422,2493,2275,-953
1219,JCI,2020-08-20,0 days 15:59:35.798512,310417,40.16,40.15,9034,4496,-1725,2275
1220,JCI,2020-08-20,0 days 15:59:37.802233,317842,40.15,40.14,2637,11011,506,-7425
1221,JCI,2020-08-20,0 days 15:59:39.808064,310848,40.16,40.15,8901,3394,-1294,6206
1222,JMIA,2020-08-20,0 days 15:59:01.686990,29534,10.89,10.88,1,1090,-928,85
1223,JMIA,2020-08-20,0 days 15:59:02.688289,28862,10.89,10.88,1,490,465,-928
1224,JMIA,2020-08-20,0 days 15:59:16.717901,34903,10.9,10.89,2066,304,-659,5741
1225,JMIA,2020-08-20,0 days 15:59:18.722080,34341,10.9,10.88,2066,502,355,-4038
1226,JMIA,2020-08-20,0 days 15:59:21.729767,36130,10.9,10.88,900,602,-9136,1320
1227,JNJ,2020-08-20,0 days 15:55:01.002409,611125,151.3,151.28,760,341,118886,-395697
1228,JNJ,2020-08-20,0 days 15:55:39.092591,680911,151.4,151.35,886,532,-42596,992
1229,JNJ,2020-08-20,0 days 15:55:40.094200,680345,151.39,151.35,315,532,566,-42596
1230,JNJ,2020-08-20,0 days 15:56:17.184570,685779,151.41,151.4,210,417,-4915,948
