,Symbol,Timestamp,TIME,iPaired,Ask_P,Bid_P,Ask_S,Bid_S,iShares,PreviShares
0,AA,2020-09-02,0 days 15:55:01.221905,131369,14.75,14.74,4139,21137,-1915,20385
1,AA,2020-09-02,0 days 15:56:03.225571,137316,14.72,14.71,4504,9383,53,-1290
2,AA,2020-09-02,0 days 15:56:10.226344,135489,14.72,14.71,16685,4641,-1827,873
3,AA,2020-09-02,0 days 15:59:16.232443,176024,14.72,14.71,18975,3745,8435,-9572
4,AA,2020-09-02,0 days 15:59:17.232237,172459,14.72,14.71,16976,4826,-3513,8435
5,AA,2020-09-02,0 days 15:59:28.233412,176674,14.7,14.69,25513,3906,365,-63
6,AA,2020-09-02,0 days 15:59:31.232930,174539,14.7,14.69,23203,7232,-2083,2617
7,AA,2020-09-02,0 days 15:59:39.233051,192002,14.69,14.68,23238,20005,6475,-63
8,AA,2020-09-02,0 days 15:59:40.233491,190877,14.69,14.68,31471,17008,-1125,6475
9,AA,2020-09-02,0 days 15:59:46.233678,192002,14.69,14.68,32020,11566,3095,-1125
10,ABB,2020-09-02,0 days 15:56:08.241225,25639,25.86,25.85,10762,17075,-970,363
11,ABB,2020-09-02,0 days 15:56:09.243161,24309,25.86,25.85,11162,15461,1330,-970
12,ABB,2020-09-02,0 days 15:59:41.247293,25713,25.86,25.85,31811,18370,-343,307
13,ABBV,2020-09-02,0 days 15:59:22.244476,690069,93.94,93.93,1410,1200,-161,1802
14,ABBV,2020-09-02,0 days 15:59:23.244478,690230,93.94,93.93,1199,1507,1496,-161
15,ABEV,2020-09-02,0 days 15:59:36.243075,214929,2.4,2.39,1868338,265090,75510,-95890
16,ABEV,2020-09-02,0 days 15:59:48.244449,207349,2.39,2.38,1689666,865376,-4480,7720
17,ABT,2020-09-02,0 days 15:55:01.235054,547540,109.68,109.66,414,155,5385,-2915
18,ABT,2020-09-02,0 days 15:55:31.237560,554025,109.67,109.65,414,200,-5204,6496
19,ABT,2020-09-02,0 days 15:55:32.237063,549629,109.66,109.64,215,300,4396,-5204
20,ABT,2020-09-02,0 days 15:56:07.237766,557574,109.66,109.64,945,1040,4361,-739
21,ABT,2020-09-02,0 days 15:56:26.239029,561935,109.63,109.6,1296,820,-4540,3560
22,ABT,2020-09-02,0 days 15:56:27.238522,557975,109.6,109.58,1120,208,3960,-4540
23,ABT,2020-09-02,0 days 15:57:35.238957,563135,109.59,109.58,200,200,-10654,1646
24,ABT,2020-09-02,0 days 15:57:38.239562,562089,109.59,109.56,1097,730,2342,-654
25,ABT,2020-09-02,0 days 15:57:44.239368,564431,109.58,109.56,400,700,-4663,1737
26,ABT,2020-09-02,0 days 15:57:54.239520,570026,109.58,109.56,486,600,-268,237
27,ABT,2020-09-02,0 days 15:58:02.241068,570026,109.57,109.56,534,302,-8468,7032
28,ABT,2020-09-02,0 days 15:58:03.241029,563994,109.57,109.56,825,300,6032,-8468
29,ABT,2020-09-02,0 days 15:58:17.240953,575705,109.58,109.56,830,3268,860,-2645
30,ABT,2020-09-02,0 days 15:59:09.244454,568392,109.43,109.41,503,515,-709,1867
31,ABT,2020-09-02,0 days 15:59:10.243152,567718,109.44,109.42,643,700,674,-709
32,ABT,2020-09-02,0 days 15:59:19.241528,590236,109.46,109.44,930,422,-10036,3497
33,ABT,2020-09-02,0 days 15:59:21.242366,589815,109.46,109.44,498,208,900,-100
34,ABT,2020-09-02,0 days 15:59:27.242274,591190,109.44,109.42,300,411,-3822,2641
35,ABT,2020-09-02,0 days 15:59:29.242516,591112,109.44,109.43,930,400,1265,-235
36,ABT,2020-09-02,0 days 15:59:44.243631,599700,109.5,109.49,100,400,-1512,988
37,ABT,2020-09-02,0 days 15:59:45.245167,598912,109.5,109.48,517,305,400,-1512
38,ABT,2020-09-02,0 days 15:59:47.243946,601755,109.52,109.51,100,300,-2661,1943
39,ACB,2020-09-02,0 days 15:56:34.230758,6461,9.03,9.02,1565,5243,1588,-2212
40,ACB,2020-09-02,0 days 15:56:35.230623,6249,9.02,9.01,300,7551,-212,1588
41,ACB,2020-09-02,0 days 15:56:46.231174,6461,9.01,9.0,949,9589,1588,-2212
42,ACB,2020-09-02,0 days 15:56:47.231118,6249,9.01,9.0,1300,10483,-212,1588
43,ACB,2020-09-02,0 days 15:57:02.231523,6461,9.01,9.0,3506,2512,1388,-2112
44,ACB,2020-09-02,0 days 15:57:03.231420,6349,9.01,9.0,3606,2512,-112,1388
45,ACI,2020-09-02,0 days 15:59:04.243538,33214,14.0,13.99,8949,9457,-734,1093
46,ACI,2020-09-02,0 days 15:59:05.245285,31748,14.0,13.99,8149,9274,631,-734
47,ACI,2020-09-02,0 days 15:59:46.244288,35579,14.0,13.99,1310,24867,-3119,1593
48,ACI,2020-09-02,0 days 15:59:47.244072,34698,14.0,13.99,1310,26267,851,-3119
49,ADM,2020-09-02,0 days 15:55:00.238750,357778,45.86,45.85,1300,2938,3769,-72073
50,ADM,2020-09-02,0 days 15:55:51.240915,360207,45.79,45.78,2413,3633,-204,1136
51,ADM,2020-09-02,0 days 15:55:52.241699,357153,45.79,45.78,2728,3633,3054,-204
52,ADM,2020-09-02,0 days 15:57:35.245674,363308,45.8,45.79,3378,7896,-2220,4680
53,ADM,2020-09-02,0 days 15:57:36.246141,361228,45.8,45.79,3834,6171,2080,-2220
54,ADM,2020-09-02,0 days 15:57:37.246216,363308,45.8,45.79,2378,7671,-1420,2080
55,ADM,2020-09-02,0 days 15:57:38.245858,361528,45.8,45.79,3978,6943,1780,-1420
56,ADM,2020-09-02,0 days 15:57:47.246297,363308,45.8,45.79,2110,8232,-620,80
57,ADM,2020-09-02,0 days 15:57:48.246095,362028,45.8,45.79,2535,7332,1280,-620
58,ADM,2020-09-02,0 days 15:58:04.246023,375244,45.8,45.79,993,7548,-13784,3916
59,ADM,2020-09-02,0 days 15:58:05.245778,374728,45.8,45.79,5067,7220,516,-13784
60,ADM,2020-09-02,0 days 15:58:14.246421,375318,45.8,45.79,2005,9750,-8255,2491
61,ADM,2020-09-02,0 days 15:58:15.246002,373973,45.8,45.79,2608,9349,1345,-8255
62,ADM,2020-09-02,0 days 15:58:19.246204,375318,45.8,45.79,3121,9950,-1855,1345
63,ADM,2020-09-02,0 days 15:58:20.246085,373973,45.8,45.79,3931,8741,1345,-1855
64,ADM,2020-09-02,0 days 15:58:29.246149,375318,45.8,45.79,2550,9886,-1355,1245
65,ADM,2020-09-02,0 days 15:58:30.246208,373973,45.8,45.79,3604,5311,1345,-1355
66,ADM,2020-09-02,0 days 15:59:01.250940,375318,45.8,45.79,8722,8256,-140,87
67,ADM,2020-09-02,0 days 15:59:02.249277,373958,45.8,45.79,10979,2149,1217,-140
68,ADM,2020-09-02,0 days 15:59:20.247583,386439,45.79,45.78,5757,7665,-546,1056
69,ADM,2020-09-02,0 days 15:59:25.246818,387590,45.79,45.78,5530,6225,-2310,71
70,ADM,2020-09-02,0 days 15:59:29.246951,391209,45.79,45.78,8227,2083,281,-1719
71,ADM,2020-09-02,0 days 15:59:42.248072,390306,45.79,45.78,4693,8171,-756,255
72,ADM,2020-09-02,0 days 15:59:43.247901,391548,45.79,45.78,4855,6420,763,-756
73,ADT,2020-09-02,0 days 15:55:06.235038,130977,10.89,10.88,1153,6434,-17,2883
74,ADT,2020-09-02,0 days 15:55:10.235359,130994,10.89,10.88,2822,5434,883,-17
75,ADT,2020-09-02,0 days 15:59:12.243591,130404,10.86,10.85,9668,4837,383,-10117
76,ADT,2020-09-02,0 days 15:59:22.242618,130787,10.85,10.84,2602,7394,-4329,1029
77,AEG,2020-09-02,0 days 15:59:36.237116,13435,2.72,2.71,174059,265789,-8356,9944
78,AEG,2020-09-02,0 days 15:59:37.237234,12891,2.72,2.71,185059,264718,544,-8356
79,AEO,2020-09-02,0 days 15:55:00.292193,288497,13.06,13.05,1987,12129,-13828,37256
80,AEO,2020-09-02,0 days 15:56:03.294461,310100,13.05,13.04,9487,8175,386,-1031
81,AEO,2020-09-02,0 days 15:56:08.294675,297886,13.05,13.04,9987,8972,-12214,2086
82,AEO,2020-09-02,0 days 15:59:20.302950,330361,13.03,13.02,7209,11828,8505,-1176
83,AEO,2020-09-02,0 days 15:59:21.300286,323366,13.03,13.02,4426,14620,-6995,8505
84,AEP,2020-09-02,0 days 15:55:00.235882,532838,80.4,80.38,659,1077,18506,-34830
85,AEP,2020-09-02,0 days 15:55:45.238270,538671,80.38,80.37,1300,813,-786,412
86,AEP,2020-09-02,0 days 15:55:46.237251,538357,80.38,80.37,1600,613,405,-786
87,AEP,2020-09-02,0 days 15:56:15.238074,541632,80.38,80.36,1303,634,-161,139
88,AEP,2020-09-02,0 days 15:56:16.238342,541193,80.37,80.36,600,634,439,-161
89,AEP,2020-09-02,0 days 15:57:55.239841,551244,80.38,80.37,107,2404,2828,-2972
90,AEP,2020-09-02,0 days 15:57:56.243509,550472,80.38,80.37,755,2024,-772,2828
91,AEP,2020-09-02,0 days 15:57:58.240036,551244,80.38,80.37,1049,2025,4728,-4872
92,AEP,2020-09-02,0 days 15:57:59.240422,551072,80.38,80.37,935,1925,-172,4728
93,AEP,2020-09-02,0 days 15:58:48.242380,552372,80.4,80.39,1203,307,-1847,7253
94,AEP,2020-09-02,0 days 15:59:05.245357,548356,80.39,80.38,1143,1896,5593,-991
95,AEP,2020-09-02,0 days 15:59:07.243546,559358,80.39,80.38,1156,2496,-421,502
96,AEP,2020-09-02,0 days 15:59:13.243859,565420,80.38,80.37,3074,1146,6952,-856
97,AEP,2020-09-02,0 days 15:59:14.245611,562672,80.38,80.37,2921,801,-2748,6952
98,AES,2020-09-02,0 days 15:55:06.238340,362494,18.24,18.23,8927,22196,-1662,2849
99,AES,2020-09-02,0 days 15:55:07.238843,359656,18.24,18.23,6490,24196,2838,-1662
100,AES,2020-09-02,0 days 15:57:36.245914,368200,18.2,18.19,6678,17187,-1128,2472
101,AES,2020-09-02,0 days 15:57:37.246043,366028,18.2,18.19,7788,15400,2172,-1128
102,AES,2020-09-02,0 days 15:58:07.245737,368200,18.2,18.19,15677,18001,-1295,305
103,AES,2020-09-02,0 days 15:58:09.245880,366795,18.2,18.19,20084,15362,1405,-2195
104,AES,2020-09-02,0 days 15:58:11.247461,368200,18.2,18.19,18797,16662,-5195,1405
105,AES,2020-09-02,0 days 15:58:12.245739,378352,18.2,18.19,20697,14562,1854,-5195
106,AES,2020-09-02,0 days 15:58:58.247058,380315,18.19,18.18,18670,13687,-145,163
107,AES,2020-09-02,0 days 15:58:59.247012,377830,18.19,18.18,19806,14181,2485,-145
108,AES,2020-09-02,0 days 15:59:03.248959,382850,18.19,18.18,9814,13249,-3330,5492
109,AES,2020-09-02,0 days 15:59:04.248531,381080,18.19,18.18,13297,12501,1770,-3330
110,AES,2020-09-02,0 days 15:59:11.248413,382903,18.19,18.18,18288,12399,-2522,1612
111,AES,2020-09-02,0 days 15:59:12.247568,381425,18.18,18.17,16287,5200,1478,-2522
112,AES,2020-09-02,0 days 15:59:15.246944,382903,18.18,18.17,14267,9739,-6655,1478
113,AES,2020-09-02,0 days 15:59:22.246936,400478,18.19,18.18,12266,8487,-2031,17192
114,AES,2020-09-02,0 days 15:59:23.246151,399909,18.19,18.18,15966,7390,569,-2031
115,AES,2020-09-02,0 days 15:59:28.248961,400936,18.19,18.18,15362,8432,-531,1027
116,AES,2020-09-02,0 days 15:59:34.246640,400220,18.19,18.18,22678,7098,716,-12484
117,AES,2020-09-02,0 days 15:59:40.247977,400936,18.19,18.18,21145,12268,-8784,716
118,AES,2020-09-02,0 days 15:59:41.247220,400420,18.19,18.18,22345,11464,516,-8784
119,AES,2020-09-02,0 days 15:59:44.248184,400952,18.19,18.18,17972,22605,-2368,532
120,AFL,2020-09-02,0 days 15:55:00.226192,307909,36.98,36.97,3260,2116,1001,-124066
121,AFL,2020-09-02,0 days 15:55:09.227611,307851,36.98,36.97,7975,2595,-178,1222
122,AFL,2020-09-02,0 days 15:55:33.229527,309329,36.95,36.94,1963,4068,522,-1278
123,AFL,2020-09-02,0 days 15:55:34.229973,309051,36.95,36.94,1874,3411,-278,522
124,AFL,2020-09-02,0 days 15:55:53.229151,309708,36.95,36.94,7412,3785,1147,-51
125,AFL,2020-09-02,0 days 15:55:54.229783,308755,36.95,36.94,3427,4433,-953,1147
126,AFL,2020-09-02,0 days 15:56:09.229889,309708,36.92,36.91,4154,4563,3347,-953
127,AFL,2020-09-02,0 days 15:56:10.230246,308755,36.92,36.91,9042,1621,-953,3347
128,AFL,2020-09-02,0 days 15:56:55.230672,310108,36.9,36.89,4459,2070,3447,-1353
129,AFL,2020-09-02,0 days 15:56:56.230820,308755,36.9,36.89,5079,1218,-1353,3447
130,AFL,2020-09-02,0 days 15:56:58.230606,310508,36.9,36.89,5334,2474,747,-1353
131,AFL,2020-09-02,0 days 15:57:00.232253,309226,36.91,36.9,3151,3656,-1282,88
132,AFL,2020-09-02,0 days 15:57:35.231755,310508,36.9,36.89,2406,3844,1696,-1304
133,AFL,2020-09-02,0 days 15:59:16.235672,335924,36.92,36.91,1232,6483,-428,5533
134,AFL,2020-09-02,0 days 15:59:21.236551,335980,36.92,36.91,475,5864,-2866,746
135,AFL,2020-09-02,0 days 15:59:22.236422,335446,36.92,36.91,447,5450,534,-2866
136,AFL,2020-09-02,0 days 15:59:26.236676,338893,36.92,36.91,5076,3203,945,-2085
137,AFL,2020-09-02,0 days 15:59:41.237058,339617,36.93,36.92,8254,232,221,-3179
138,AG,2020-09-02,0 days 15:59:39.247741,108665,11.54,11.53,13043,37232,-6095,3005
139,AGI,2020-09-02,0 days 15:55:00.238599,53480,10.05,10.04,12311,6220,13555,-16179
140,AGI,2020-09-02,0 days 15:57:17.242661,55224,10.07,10.06,11527,20963,7911,-2089
141,AGI,2020-09-02,0 days 15:57:18.243115,52135,10.07,10.06,10032,23163,-3089,7911
142,AGI,2020-09-02,0 days 15:59:01.245081,58091,10.1,10.09,47909,9165,3344,-4898
143,AGI,2020-09-02,0 days 15:59:02.243608,57435,10.1,10.09,53133,3485,-614,3344
144,AGI,2020-09-02,0 days 15:59:13.243778,58091,10.1,10.09,25806,19377,9100,-97
145,AIG,2020-09-02,0 days 15:55:00.239303,472767,29.85,29.84,5507,4562,4633,-81456
146,AIG,2020-09-02,0 days 15:55:11.239935,504820,29.83,29.82,5090,4746,-1593,1253
147,AIG,2020-09-02,0 days 15:55:25.245875,504613,29.82,29.81,6306,2784,207,-1593
148,AIG,2020-09-02,0 days 15:55:26.241143,502120,29.82,29.81,5433,3211,-2493,207
149,AIG,2020-09-02,0 days 15:56:11.241133,513038,29.82,29.81,7399,5887,2256,-1775
150,AIG,2020-09-02,0 days 15:56:12.241526,510494,29.82,29.81,8199,5746,-2175,2256
151,AIG,2020-09-02,0 days 15:57:37.246216,519032,29.83,29.82,9771,3976,1108,-3262
152,AIG,2020-09-02,0 days 15:57:38.245869,517140,29.83,29.82,9500,4887,-1462,1108
153,AIG,2020-09-02,0 days 15:57:41.246603,518602,29.83,29.82,9554,4421,3638,-1462
154,AIG,2020-09-02,0 days 15:57:59.245560,521169,29.83,29.82,10241,12480,759,-811
155,AIG,2020-09-02,0 days 15:58:00.246246,520228,29.83,29.82,10413,13008,-211,759
156,AIG,2020-09-02,0 days 15:58:12.245882,514265,29.83,29.82,9194,15223,-1674,2226
157,AIG,2020-09-02,0 days 15:58:14.246446,515939,29.83,29.82,5894,15423,16526,-1674
158,AIG,2020-09-02,0 days 15:58:15.246012,514565,29.84,29.83,8319,10010,-1374,16526
159,AIG,2020-09-02,0 days 15:58:20.246094,518369,29.84,29.83,10238,7735,1996,-3074
160,AIG,2020-09-02,0 days 15:58:21.246496,516465,29.84,29.83,9638,8048,-1174,1996
161,AIG,2020-09-02,0 days 15:59:28.249132,546993,29.83,29.82,6921,18334,-1184,4099
162,AIG,2020-09-02,0 days 15:59:29.246962,544307,29.83,29.82,8788,17845,2686,-1184
163,ALK,2020-09-02,0 days 15:59:33.244617,87502,40.48,40.47,638,809,4359,-1324
164,ALL,2020-09-02,0 days 15:57:37.246087,215930,94.65,94.61,505,700,163,-1937
165,ALL,2020-09-02,0 days 15:57:38.245768,216093,94.64,94.62,100,200,-1237,163
166,ALL,2020-09-02,0 days 15:57:44.246078,217330,94.63,94.61,299,425,663,-37
167,ALL,2020-09-02,0 days 15:57:45.246357,216593,94.63,94.62,200,293,-737,663
168,ALL,2020-09-02,0 days 15:57:49.246450,217330,94.64,94.62,301,200,63,-237
169,ALL,2020-09-02,0 days 15:57:51.246485,213793,94.65,94.62,505,1357,-3537,63
170,ALL,2020-09-02,0 days 15:58:08.245633,217330,94.65,94.62,300,667,3,-2497
171,ALL,2020-09-02,0 days 15:58:12.245792,216078,94.65,94.63,441,983,-1252,2648
172,ALL,2020-09-02,0 days 15:58:47.246968,216107,94.62,94.6,900,300,-1223,377
173,ALL,2020-09-02,0 days 15:59:21.246768,221008,94.67,94.65,460,500,4375,-2107
174,ALL,2020-09-02,0 days 15:59:28.248982,221008,94.65,94.62,200,100,985,-515
175,ALL,2020-09-02,0 days 15:59:29.246861,220493,94.65,94.62,200,200,-515,985
176,ALL,2020-09-02,0 days 15:59:33.246391,221008,94.63,94.61,247,741,4221,-215
177,ALL,2020-09-02,0 days 15:59:50.253364,220486,94.66,94.65,1805,100,-1171,1529
178,ALL,2020-09-02,0 days 15:59:51.253090,221008,94.64,94.6,2149,200,178,-1171
179,ALLY,2020-09-02,0 days 15:55:00.292699,146888,23.61,23.6,3356,10444,1125,-54554
180,ALLY,2020-09-02,0 days 15:56:30.295340,146422,23.58,23.57,2127,14859,-2797,595
181,ALLY,2020-09-02,0 days 15:56:31.295684,144119,23.58,23.57,967,15259,2303,-2797
182,ALLY,2020-09-02,0 days 15:58:00.298504,148463,23.55,23.54,9917,957,-1448,2389
183,ALLY,2020-09-02,0 days 15:58:04.298854,150125,23.54,23.53,10669,3800,1212,-1472
184,ALLY,2020-09-02,0 days 15:58:28.299842,151337,23.55,23.54,10926,2244,-3096,1104
185,ALLY,2020-09-02,0 days 15:58:29.300482,150133,23.55,23.54,11725,1244,1104,-3096
186,ALLY,2020-09-02,0 days 15:58:49.300911,151337,23.54,23.53,1267,8813,-796,904
187,ALLY,2020-09-02,0 days 15:59:03.301915,153885,23.54,23.53,8307,1749,1144,-456
188,ALLY,2020-09-02,0 days 15:59:16.299940,172518,23.55,23.54,5780,7093,-3429,1816
189,ALLY,2020-09-02,0 days 15:59:18.300019,165927,23.55,23.54,9880,3870,1523,-3097
190,ALLY,2020-09-02,0 days 15:59:28.300654,167450,23.55,23.54,8059,3931,-282,1531
191,ALLY,2020-09-02,0 days 15:59:29.300242,166032,23.55,23.54,9052,3180,1418,-282
192,ALLY,2020-09-02,0 days 15:59:34.301261,170001,23.55,23.54,9775,4228,-2408,3848
193,ALLY,2020-09-02,0 days 15:59:35.300589,168709,23.55,23.54,9975,3799,1292,-2408
194,ALLY,2020-09-02,0 days 15:59:40.301193,170001,23.55,23.54,8993,5810,-9708,1292
195,ALLY,2020-09-02,0 days 15:59:41.301278,168609,23.55,23.54,9993,4168,1392,-9708
196,AM,2020-09-02,0 days 15:56:03.225580,96399,6.29,6.28,37717,14301,8290,-1249
197,AM,2020-09-02,0 days 15:58:08.229236,141498,6.25,6.24,24090,63902,-8460,4040
198,AM,2020-09-02,0 days 15:58:09.229445,138458,6.25,6.24,23890,64302,3040,-8460
199,AM,2020-09-02,0 days 15:58:21.229574,209898,6.25,6.24,20357,64400,-6660,3040
200,AM,2020-09-02,0 days 15:58:24.229855,130258,6.25,6.24,20657,40067,11240,-6660
201,AM,2020-09-02,0 days 15:58:44.230132,142198,6.25,6.24,27778,34452,-10860,3040
202,AM,2020-09-02,0 days 15:59:13.232780,148747,6.25,6.24,25336,46341,25751,-2349
203,AM,2020-09-02,0 days 15:59:14.234167,146298,6.25,6.24,25942,48041,-2449,25751
204,AM,2020-09-02,0 days 15:59:21.232474,150197,6.25,6.24,21785,51268,14401,-2953
205,AM,2020-09-02,0 days 15:59:22.232184,146298,6.25,6.24,22973,49737,-3899,14401
206,AM,2020-09-02,0 days 15:59:40.233514,165197,6.26,6.25,14158,37156,397,-25153
207,AM,2020-09-02,0 days 15:59:45.234373,179894,6.26,6.25,27427,14957,-2503,397
208,AMC,2020-09-02,0 days 15:55:58.238175,87144,7.04,7.03,4993,5392,-1363,137
209,AMC,2020-09-02,0 days 15:59:13.243534,92672,7.04,7.03,10160,9228,6203,-718
210,AMCR,2020-09-02,0 days 15:55:00.226283,1944063,11.4,11.39,19253,41575,63832,-420301
211,AMX,2020-09-02,0 days 15:55:00.222691,56502,12.29,12.28,29241,19215,1137,-1536
212,AMX,2020-09-02,0 days 15:56:54.226601,58202,12.27,12.26,32919,6440,-6900,9900
213,AMX,2020-09-02,0 days 15:56:55.226461,57102,12.27,12.26,32919,6440,1100,-6900
214,AMX,2020-09-02,0 days 15:59:02.233476,61921,12.29,12.28,28821,29999,469,-830
215,AMX,2020-09-02,0 days 15:59:03.232106,62390,12.29,12.28,28621,31599,-527,469
216,AMX,2020-09-02,0 days 15:59:15.232458,58339,12.29,12.28,34468,27050,4051,-3368
217,AMX,2020-09-02,0 days 15:59:17.232249,62390,12.29,12.28,31568,29005,-10995,4051
218,ANF,2020-09-02,0 days 15:59:36.302940,124896,12.71,12.7,7443,19555,-1929,1042
219,ANF,2020-09-02,0 days 15:59:39.300755,103725,12.71,12.7,11663,17020,21171,-1929
220,ANF,2020-09-02,0 days 15:59:40.301151,124896,12.71,12.7,10563,19321,-249,21171
221,AR,2020-09-02,0 days 15:57:06.241902,183819,2.92,2.91,84980,56763,7166,-8585
222,AR,2020-09-02,0 days 15:59:01.250710,189068,2.91,2.9,113304,89266,7212,-26463
223,AR,2020-09-02,0 days 15:59:06.248742,187056,2.91,2.9,140253,86403,-2412,9088
224,ATUS,2020-09-02,0 days 15:55:48.294469,320453,28.66,28.65,2509,10591,-3290,9120
225,ATUS,2020-09-02,0 days 15:55:49.294134,310043,28.66,28.65,3050,11818,7710,-3290
226,ATUS,2020-09-02,0 days 15:57:06.296069,327772,28.65,28.64,17168,856,-7193,4275
227,ATUS,2020-09-02,0 days 15:57:07.296332,322961,28.65,28.64,16968,1090,4811,-7193
228,ATUS,2020-09-02,0 days 15:58:02.298532,309410,28.65,28.64,10106,3736,-16996,1366
229,ATUS,2020-09-02,0 days 15:58:03.298635,298706,28.64,28.63,4380,8600,10704,-16996
230,ATUS,2020-09-02,0 days 15:59:10.302566,327314,28.65,28.64,11836,22306,6952,-4151
231,ATUS,2020-09-02,0 days 15:59:11.303307,334266,28.65,28.64,11646,21459,-1777,6952
232,ATUS,2020-09-02,0 days 15:59:24.299881,349412,28.67,28.66,1857,32118,-232,1646
233,ATUS,2020-09-02,0 days 15:59:28.300506,352112,28.65,28.64,8639,8872,-4151,4568
234,ATUS,2020-09-02,0 days 15:59:29.300112,349463,28.65,28.64,6481,9872,2649,-4151
235,ATUS,2020-09-02,0 days 15:59:33.300682,352112,28.66,28.65,7020,12062,-6023,2649
236,ATUS,2020-09-02,0 days 15:59:34.300994,350235,28.66,28.65,9463,9311,1877,-6023
237,ATUS,2020-09-02,0 days 15:59:44.301227,346256,28.67,28.66,17100,24367,3156,-5844
238,ATUS,2020-09-02,0 days 15:59:45.302451,349412,28.67,28.66,18456,10178,-8748,3156
239,ATUS,2020-09-02,0 days 15:59:50.305007,335543,28.67,28.66,21583,1500,14182,-6618
240,AUY,2020-09-02,0 days 15:59:36.259854,257197,6.19,6.18,363763,397808,-13610,16090
241,AUY,2020-09-02,0 days 15:59:37.258776,256307,6.19,6.18,365163,390558,890,-13610
242,AUY,2020-09-02,0 days 15:59:39.258798,257197,6.19,6.18,394763,331252,-15310,890
243,AUY,2020-09-02,0 days 15:59:40.258622,256307,6.19,6.18,376109,311987,890,-15310
244,AVTR,2020-09-02,0 days 15:55:00.235294,118542,22.51,22.5,3112,5395,69832,-45446
245,AVTR,2020-09-02,0 days 15:55:01.236275,116974,22.51,22.5,5861,5911,-1568,69832
246,AVTR,2020-09-02,0 days 15:57:30.230806,130263,22.47,22.46,2399,6329,-2053,251
247,AVTR,2020-09-02,0 days 15:57:39.231116,132316,22.47,22.46,8470,5661,447,-1153
248,AVTR,2020-09-02,0 days 15:57:40.231122,128163,22.47,22.46,8565,6305,-4153,447
249,AVTR,2020-09-02,0 days 15:58:55.233472,132316,22.44,22.43,2201,7800,2398,-5011
250,AVTR,2020-09-02,0 days 15:58:56.231924,129414,22.44,22.43,1601,9100,-2902,2398
251,AVTR,2020-09-02,0 days 15:59:03.234605,132801,22.44,22.43,4295,7700,3913,-10062
252,AVTR,2020-09-02,0 days 15:59:04.235553,130514,22.44,22.43,3624,5441,-3287,3913
253,AVTR,2020-09-02,0 days 15:59:28.235384,135504,22.43,22.42,7030,7162,12151,-567
254,AVTR,2020-09-02,0 days 15:59:29.234028,134455,22.43,22.42,7330,7262,-1049,12151
255,AVTR,2020-09-02,0 days 15:59:33.234080,140951,22.43,22.42,5671,7506,8829,-796
256,AVTR,2020-09-02,0 days 15:59:34.234457,140280,22.43,22.42,7871,5906,-671,8829
257,AVTR,2020-09-02,0 days 15:59:47.234940,169283,22.42,22.41,19992,11743,-1468,7932
258,AVTR,2020-09-02,0 days 15:59:52.235681,169751,22.41,22.4,5575,4105,1982,-6768
259,AXP,2020-09-02,0 days 15:55:00.503943,333203,104.81,104.79,1572,2390,9315,-16558
260,AXP,2020-09-02,0 days 15:55:11.505102,386417,104.78,104.77,544,200,-19268,6918
261,AXP,2020-09-02,0 days 15:55:12.505298,382185,104.78,104.77,500,100,4232,-19268
262,AXP,2020-09-02,0 days 15:56:20.507011,390100,104.57,104.56,590,1080,-7203,1897
263,AXP,2020-09-02,0 days 15:56:21.506694,386403,104.56,104.55,436,400,3697,-7203
264,AXP,2020-09-02,0 days 15:56:28.506601,390100,104.59,104.58,595,500,-2403,3570
265,AXP,2020-09-02,0 days 15:56:29.506452,387303,104.59,104.58,823,373,2797,-2403
266,AXP,2020-09-02,0 days 15:57:34.509746,390169,104.53,104.51,800,600,-2220,1580
267,AXP,2020-09-02,0 days 15:57:36.508607,388476,104.5,104.49,127,100,1693,-1207
268,AXP,2020-09-02,0 days 15:57:42.508761,390169,104.51,104.5,983,500,-77,1223
269,AXP,2020-09-02,0 days 15:57:43.508736,388746,104.51,104.5,776,600,1423,-77
270,AXP,2020-09-02,0 days 15:58:09.510522,391877,104.51,104.5,2028,400,-3323,1177
271,AXP,2020-09-02,0 days 15:58:10.511759,390700,104.49,104.48,711,310,1177,-3323
272,AXP,2020-09-02,0 days 15:58:12.510748,391877,104.49,104.48,742,1842,-2727,1177
273,AXP,2020-09-02,0 days 15:58:13.510989,390800,104.51,104.5,472,679,1077,-2727
274,AXP,2020-09-02,0 days 15:59:04.512847,391852,104.49,104.48,1278,400,-2618,1017
275,AXP,2020-09-02,0 days 15:59:05.513601,386500,104.49,104.48,2378,100,2948,-2618
276,AXP,2020-09-02,0 days 15:59:27.513403,401798,104.49,104.47,505,985,-2379,746
277,AXP,2020-09-02,0 days 15:59:28.513703,400577,104.47,104.46,425,400,1221,-2379
278,AXP,2020-09-02,0 days 15:59:34.512200,401798,104.49,104.47,420,900,-1452,370
279,AXP,2020-09-02,0 days 15:59:35.512522,401150,104.49,104.47,727,1135,648,-1452
280,AXP,2020-09-02,0 days 15:59:38.512279,401798,104.52,104.5,300,1856,-2463,648
281,AXP,2020-09-02,0 days 15:59:39.512081,401061,104.51,104.5,209,100,737,-2463
282,AXP,2020-09-02,0 days 15:59:47.512638,401798,104.5,104.49,240,200,-352,1033
283,AXTA,2020-09-02,0 days 15:55:48.225811,85021,24.27,24.26,7882,4111,-1633,1255
284,AXTA,2020-09-02,0 days 15:55:49.225691,83054,24.27,24.26,8123,3889,1967,-1633
285,AXTA,2020-09-02,0 days 15:59:19.231883,101227,24.25,24.24,4000,7282,-560,5440
286,AXTA,2020-09-02,0 days 15:59:20.233769,109587,24.26,24.25,3100,5477,2547,-560
287,AZN,2020-09-02,0 days 15:55:11.223420,39104,55.98,55.97,3138,4947,-4377,1455
288,AZN,2020-09-02,0 days 15:55:12.223189,38181,55.98,55.97,3658,4804,923,-4377
289,AZN,2020-09-02,0 days 15:56:10.226229,40455,55.95,55.94,1714,1301,-460,974
290,AZN,2020-09-02,0 days 15:56:11.225738,39615,55.95,55.93,3273,2472,840,-460
291,AZN,2020-09-02,0 days 15:57:19.227665,44569,55.94,55.93,2661,2097,-2346,734
292,AZN,2020-09-02,0 days 15:57:21.227444,43815,55.93,55.92,1749,1509,1145,-2431
293,AZN,2020-09-02,0 days 15:59:46.233597,49078,55.91,55.9,868,3161,-3087,279
294,AZN,2020-09-02,0 days 15:59:50.237641,45665,55.91,55.9,4007,1989,3413,-287
295,BA,2020-09-02,0 days 15:55:00.292288,258998,174.98,174.96,1605,200,3649,-45278
296,BA,2020-09-02,0 days 15:58:54.301298,295381,174.75,174.72,109,220,-540,5738
297,BA,2020-09-02,0 days 15:58:55.300674,290321,174.75,174.7,1066,100,4360,-540
298,BABA,2020-09-02,0 days 15:55:45.240557,394201,295.79,295.76,321,723,122,-13128
299,BABA,2020-09-02,0 days 15:55:51.239616,391226,295.76,295.74,200,1155,-2975,251
300,BABA,2020-09-02,0 days 15:56:20.240033,394201,295.71,295.68,300,219,929,-2371
301,BABA,2020-09-02,0 days 15:56:21.240041,391296,295.72,295.71,206,300,-2905,929
302,BABA,2020-09-02,0 days 15:57:37.237823,394201,295.85,295.83,300,100,1083,-183
303,BABA,2020-09-02,0 days 15:57:38.237682,391580,295.92,295.88,300,100,-2621,1083
304,BABA,2020-09-02,0 days 15:57:45.237802,394293,295.93,295.9,500,885,1118,-90
305,BABA,2020-09-02,0 days 15:57:46.238824,393311,295.97,295.93,200,217,-982,1118
306,BABA,2020-09-02,0 days 15:58:05.239437,397862,295.96,295.94,620,418,2044,-1521
307,BABA,2020-09-02,0 days 15:58:06.240248,396441,295.98,295.95,1200,418,-1421,2044
308,BABA,2020-09-02,0 days 15:58:58.241755,397770,295.82,295.78,645,276,2238,-435
309,BABA,2020-09-02,0 days 15:58:59.241481,396673,295.86,295.8,737,224,-1097,2238
310,BABA,2020-09-02,0 days 15:59:04.242476,405593,295.82,295.79,1698,681,608,-1146
311,BABA,2020-09-02,0 days 15:59:14.244669,413048,295.89,295.86,200,358,-1109,1564
312,BABA,2020-09-02,0 days 15:59:15.243944,411857,295.9,295.87,1130,593,1191,-1109
313,BABA,2020-09-02,0 days 15:59:24.244037,407473,296.09,296.04,600,509,-11876,7558
314,BABA,2020-09-02,0 days 15:59:25.243032,406749,296.08,296.04,200,529,724,-11876
315,BABA,2020-09-02,0 days 15:59:39.245777,408203,296.14,296.1,200,530,-11646,1889
316,BABA,2020-09-02,0 days 15:59:40.245053,407649,296.08,296.03,1000,200,554,-11646
317,BABA,2020-09-02,0 days 15:59:42.245910,408203,296.14,296.08,558,1268,-12246,14123
318,BABA,2020-09-02,0 days 15:59:43.244983,407649,296.1,296.01,200,1229,554,-12246
319,BABA,2020-09-02,0 days 15:59:50.249946,404549,296.18,296.15,304,450,749,-2217
320,BAC,2020-09-02,0 days 15:59:32.232396,3407303,26.05,26.04,98662,115928,68699,-19169
321,BAC,2020-09-02,0 days 15:59:33.232197,3395502,26.05,26.04,104155,120138,-2162,68699
322,BAC,2020-09-02,0 days 15:59:34.232595,3397664,26.05,26.04,110155,111638,638,-2162
323,BAC,2020-09-02,0 days 15:59:35.233024,3398302,26.05,26.04,105955,118869,-262,638
324,BAC,2020-09-02,0 days 15:59:43.234005,3399464,26.05,26.04,117364,71052,5463,-4108
325,BAC,2020-09-02,0 days 15:59:47.233673,3407180,26.04,26.03,73136,125274,-11455,43773
326,BAC,2020-09-02,0 days 15:59:48.234830,3418635,26.04,26.03,23427,144142,26205,-11455
327,BAC,2020-09-02,0 days 15:59:49.233952,3421431,26.05,26.04,115713,103445,-2998,26205
328,BAX,2020-09-02,0 days 15:56:20.238258,224246,85.86,85.85,284,1425,8726,-1174
329,BAX,2020-09-02,0 days 15:56:21.238763,222072,85.86,85.85,578,1138,-2174,8726
330,BAX,2020-09-02,0 days 15:57:29.238694,223043,85.76,85.75,1350,200,-1597,3103
331,BAX,2020-09-02,0 days 15:57:30.239047,224640,85.76,85.75,1273,300,2503,-1597
332,BAX,2020-09-02,0 days 15:57:31.239173,223443,85.76,85.75,1175,100,-1197,2503
333,BAX,2020-09-02,0 days 15:57:46.239804,225340,85.8,85.79,300,300,3203,-7297
334,BAX,2020-09-02,0 days 15:57:47.239080,224343,85.8,85.79,500,701,-997,3203
335,BAX,2020-09-02,0 days 15:58:01.242116,225282,85.8,85.79,748,4188,791,-209
336,BAX,2020-09-02,0 days 15:58:40.242036,226600,85.81,85.8,3845,908,156,-144
337,BAX,2020-09-02,0 days 15:58:41.241887,226256,85.8,85.79,1221,2417,-344,156
338,BAX,2020-09-02,0 days 15:58:55.242898,226600,85.8,85.79,3725,2373,98,-2
339,BAX,2020-09-02,0 days 15:58:56.242448,226398,85.8,85.79,3638,2473,-202,98
340,BAX,2020-09-02,0 days 15:59:00.250885,221088,85.8,85.79,3153,3463,5790,-522
341,BB,2020-09-02,0 days 15:59:12.234845,65359,5.54,5.53,157651,37299,2380,-17530
342,BBD,2020-09-02,0 days 15:56:17.230056,263402,3.93,3.92,775534,516665,20947,-129053
343,BBD,2020-09-02,0 days 15:59:15.237212,300692,3.92,3.91,1314300,888023,-92484,34173
344,BBD,2020-09-02,0 days 15:59:36.237201,396178,3.92,3.91,1265722,950001,79520,-93380
345,BBD,2020-09-02,0 days 15:59:37.237324,391498,3.92,3.91,1510812,607101,-4680,79520
346,BBVA,2020-09-02,0 days 15:57:30.230971,366396,2.81,2.8,443119,412082,1584,-11684
347,BBVA,2020-09-02,0 days 15:57:31.231017,351080,2.81,2.8,438763,425282,-15316,1584
348,BBVA,2020-09-02,0 days 15:59:36.234659,370148,2.81,2.8,542909,565660,29065,-34135
349,BBVA,2020-09-02,0 days 15:59:37.234567,368413,2.81,2.8,539209,567160,-1735,29065
350,BBY,2020-09-02,0 days 15:59:09.244497,255892,114.05,114.03,526,317,-1379,6694
351,BBY,2020-09-02,0 days 15:59:11.243362,251461,114.05,114.03,642,519,4431,-1379
352,BBY,2020-09-02,0 days 15:59:28.244673,263657,114.09,114.06,713,229,-3294,2839
353,BBY,2020-09-02,0 days 15:59:29.242516,259951,114.08,114.04,300,731,3706,-3294
354,BBY,2020-09-02,0 days 15:59:33.243264,263657,114.07,114.04,104,1316,-1807,1046
355,BBY,2020-09-02,0 days 15:59:34.243001,260578,114.06,114.04,200,966,3079,-1807
356,BBY,2020-09-02,0 days 15:59:40.243928,263657,114.07,114.05,1336,318,-2253,2079
357,BBY,2020-09-02,0 days 15:59:45.245196,263657,114.09,114.06,118,250,-164,1949
358,BBY,2020-09-02,0 days 15:59:49.244265,263578,114.07,114.04,1646,444,79,-25
359,BCS,2020-09-02,0 days 15:57:55.512957,60180,5.53,5.52,245103,139000,-244,656
360,BCS,2020-09-02,0 days 15:58:47.511807,63524,5.53,5.52,287960,191918,8692,-3344
361,BCS,2020-09-02,0 days 15:59:36.512953,74194,5.53,5.52,265097,195863,-8709,10391
362,BCS,2020-09-02,0 days 15:59:37.512756,73603,5.53,5.52,264927,194063,591,-8709
363,BDN,2020-09-02,0 days 15:57:10.242984,191054,11.14,11.13,9754,12093,-112,101
364,BDN,2020-09-02,0 days 15:57:11.243176,188066,11.14,11.13,10354,11093,2988,-112
365,BDN,2020-09-02,0 days 15:57:37.246216,191054,11.14,11.13,13525,9455,-1212,2988
366,BDN,2020-09-02,0 days 15:57:38.245869,188066,11.14,11.13,14939,8259,2988,-1212
367,BDN,2020-09-02,0 days 15:58:02.245131,193154,11.14,11.13,9740,14915,-2212,2288
368,BDN,2020-09-02,0 days 15:58:03.245431,189865,11.14,11.13,10440,14835,3289,-2212
369,BDN,2020-09-02,0 days 15:58:09.246020,193154,11.14,11.13,8866,17357,-2545,3755
370,BDN,2020-09-02,0 days 15:58:10.246723,189999,11.14,11.13,9948,16057,3155,-2545
371,BDN,2020-09-02,0 days 15:59:03.249202,192391,11.15,11.14,24386,5058,-5435,2265
372,BDN,2020-09-02,0 days 15:59:04.248741,190926,11.15,11.14,24920,4498,1465,-5435
373,BDN,2020-09-02,0 days 15:59:16.245880,203447,11.13,11.12,14264,13981,-7101,1250
374,BDN,2020-09-02,0 days 15:59:17.246503,201748,11.13,11.12,15266,11563,1699,-7101
375,BDN,2020-09-02,0 days 15:59:20.247728,203447,11.13,11.12,13246,16235,-1386,1699
376,BDN,2020-09-02,0 days 15:59:47.249066,195879,11.15,11.14,12503,5605,629,-79
377,BE,2020-09-02,0 days 15:56:07.240750,124486,16.46,16.45,3917,5311,-32,1668
378,BE,2020-09-02,0 days 15:56:09.242659,124518,16.46,16.45,3917,5500,945,-32
379,BE,2020-09-02,0 days 15:59:20.245354,133906,16.48,16.47,3720,1853,-2678,4026
380,BE,2020-09-02,0 days 15:59:21.244235,131996,16.48,16.47,3620,3436,1910,-2678
381,BE,2020-09-02,0 days 15:59:39.246028,133906,16.48,16.47,746,9606,-3249,1526
382,BHC,2020-09-02,0 days 15:55:06.238944,68715,16.42,16.41,8649,6326,-2029,1594
383,BHC,2020-09-02,0 days 15:55:07.239136,67344,16.42,16.41,11046,3670,1371,-2029
384,BHC,2020-09-02,0 days 15:57:21.242489,79375,16.39,16.38,6006,10697,-582,1660
385,BHC,2020-09-02,0 days 15:57:22.237152,77257,16.39,16.38,4805,11597,2118,-582
386,BHC,2020-09-02,0 days 15:58:38.242115,82071,16.39,16.38,11876,8983,807,-4981
387,BHC,2020-09-02,0 days 15:59:14.245218,97353,16.37,16.36,15929,9040,-2501,5848
388,BHC,2020-09-02,0 days 15:59:15.244782,95054,16.37,16.36,20990,7947,2299,-2501
389,BHC,2020-09-02,0 days 15:59:31.245265,92854,16.39,16.38,17215,1667,2042,-6158
390,BHC,2020-09-02,0 days 15:59:46.246577,103503,16.38,16.37,7724,11183,-5941,1849
391,BHC,2020-09-02,0 days 15:59:47.245845,102044,16.38,16.37,7713,12283,1459,-5941
392,BHP,2020-09-02,0 days 15:55:00.291887,16396,56.42,56.41,4246,1196,-1877,3651
393,BHP,2020-09-02,0 days 15:55:01.291843,15973,56.42,56.41,1916,1096,423,-1877
394,BHP,2020-09-02,0 days 15:56:04.294704,20625,56.36,56.35,5153,3468,-2670,530
395,BHP,2020-09-02,0 days 15:56:05.294364,20435,56.36,56.35,4505,4818,190,-2670
396,BHP,2020-09-02,0 days 15:59:01.302837,20898,56.41,56.4,1000,4437,-1145,854
397,BHP,2020-09-02,0 days 15:59:02.301695,20643,56.41,56.4,2640,2951,244,-1145
398,BHP,2020-09-02,0 days 15:59:09.302337,20898,56.4,56.39,1915,4085,-1343,255
399,BHP,2020-09-02,0 days 15:59:15.301094,20643,56.4,56.39,5940,2644,255,-1343
400,BHP,2020-09-02,0 days 15:59:17.300703,20898,56.4,56.39,3413,4444,-3978,255
401,BILL,2020-09-02,0 days 15:59:09.244232,38962,99.83,99.78,191,345,-4595,4245
402,BILL,2020-09-02,0 days 15:59:10.243519,36892,99.83,99.78,385,743,2070,-4595
403,BJ,2020-09-02,0 days 15:59:23.232113,128019,43.79,43.78,4168,2300,-8812,3896
404,BJ,2020-09-02,0 days 15:59:24.232174,126031,43.79,43.78,4568,1800,1988,-8812
405,BJ,2020-09-02,0 days 15:59:46.233631,129419,43.79,43.78,3384,5228,-3957,3048
406,BK,2020-09-02,0 days 15:57:57.239395,509567,37.68,37.67,4215,4832,-148,252
407,BK,2020-09-02,0 days 15:59:11.243619,512109,37.68,37.67,2654,6075,3467,-6238
408,BK,2020-09-02,0 days 15:59:33.244571,532231,37.67,37.66,606,9124,-6734,3070
409,BKR,2020-09-02,0 days 15:58:49.511575,629245,14.13,14.12,8700,12582,22624,-21176
410,BKR,2020-09-02,0 days 15:58:50.511937,614669,14.13,14.12,12916,6378,-14576,22624
411,BKR,2020-09-02,0 days 15:59:20.515070,650511,14.12,14.11,8169,11115,82949,-4567
412,BKR,2020-09-02,0 days 15:59:21.513775,646860,14.12,14.11,969,19963,-3651,82949
413,BKR,2020-09-02,0 days 15:59:23.513417,654498,14.12,14.11,1000,21725,554,-7611
414,BKR,2020-09-02,0 days 15:59:29.512635,651625,14.12,14.11,5194,18808,-2873,7527
415,BKR,2020-09-02,0 days 15:59:45.513539,657598,14.13,14.12,2958,21325,26422,-4573
416,BKR,2020-09-02,0 days 15:59:57.513722,663405,14.12,14.11,500,18891,8579,-62
417,BMY,2020-09-02,0 days 15:55:00.291615,848976,61.72,61.71,1293,5261,22914,-105970
418,BMY,2020-09-02,0 days 15:55:50.294268,915311,61.73,61.72,5118,1900,-7171,8414
419,BMY,2020-09-02,0 days 15:55:51.294344,909882,61.71,61.7,662,3605,6729,-7171
420,BMY,2020-09-02,0 days 15:56:03.294450,916601,61.69,61.68,1471,3705,-1125,9158
421,BMY,2020-09-02,0 days 15:56:04.294662,914750,61.69,61.68,4344,1100,1851,-1125
422,BMY,2020-09-02,0 days 15:57:19.297151,921135,61.61,61.6,4977,3173,-3866,3385
423,BMY,2020-09-02,0 days 15:57:20.297331,918001,61.6,61.59,3854,1800,3134,-3866
424,BMY,2020-09-02,0 days 15:57:43.297155,928826,61.6,61.59,5377,2383,3509,-1691
425,BMY,2020-09-02,0 days 15:57:50.297459,932335,61.62,61.61,1200,4825,-1866,2634
426,BMY,2020-09-02,0 days 15:57:52.297501,928901,61.62,61.61,5184,542,3434,-5266
427,BMY,2020-09-02,0 days 15:58:04.298777,937648,61.61,61.6,4491,5319,-3509,12216
428,BMY,2020-09-02,0 days 15:58:05.298777,933832,61.61,61.6,6298,3175,3816,-3509
429,BMY,2020-09-02,0 days 15:58:06.299024,937648,61.6,61.59,1874,6893,-200909,3816
430,BMY,2020-09-02,0 days 15:59:04.302226,1121573,61.58,61.57,3566,5493,-10848,4516
431,BMY,2020-09-02,0 days 15:59:16.299834,1152063,61.57,61.56,700,3261,23950,-30090
432,BMY,2020-09-02,0 days 15:59:17.300673,1142733,61.58,61.57,1408,3146,-8915,23950
433,BMY,2020-09-02,0 days 15:59:33.300770,1163722,61.55,61.54,3500,1170,-50241,1901
434,BMY,2020-09-02,0 days 15:59:46.302049,1214863,61.54,61.53,7768,1367,7563,-1646
435,BMY,2020-09-02,0 days 15:59:48.301808,1212958,61.53,61.52,5800,4605,-2311,8236
436,BMY,2020-09-02,0 days 15:59:49.301730,1214411,61.51,61.5,2025,18728,7530,-2311
437,BMY,2020-09-02,0 days 15:59:50.305220,1178524,61.51,61.5,5484,11404,-35727,7530
438,BOX,2020-09-02,0 days 15:55:48.225726,160782,20.59,20.58,3357,6000,-64,5572
439,BOX,2020-09-02,0 days 15:55:51.225837,157046,20.59,20.58,5083,5700,3736,-964
440,BOX,2020-09-02,0 days 15:59:03.232021,162135,20.58,20.57,7763,9569,-519,1776
441,BOX,2020-09-02,0 days 15:59:15.232306,162557,20.56,20.55,6982,4492,659,-6884
442,BOX,2020-09-02,0 days 15:59:19.231756,164060,20.55,20.54,5898,1300,-13224,903
443,BP,2020-09-02,0 days 15:56:03.255481,90561,20.58,20.57,73814,123159,-4254,843
444,BP,2020-09-02,0 days 15:56:05.255303,94815,20.58,20.57,75286,122709,1168,-4254
445,BP,2020-09-02,0 days 15:56:07.255238,96283,20.58,20.57,74086,123809,-156,1168
446,BP,2020-09-02,0 days 15:56:54.255978,92116,20.58,20.57,61924,164078,3867,-1530
447,BP,2020-09-02,0 days 15:57:06.257133,95983,20.58,20.57,56579,171160,-1530,3867
448,BP,2020-09-02,0 days 15:57:35.257962,92749,20.59,20.58,71357,75918,3797,-1100
449,BP,2020-09-02,0 days 15:57:50.259390,96546,20.59,20.58,5668,95195,-2000,3297
450,BRFS,2020-09-02,0 days 15:57:47.259376,31196,3.86,3.85,48119,267178,496,-4
451,BRFS,2020-09-02,0 days 15:59:21.260739,34492,3.86,3.85,122337,359465,-21704,3296
452,BRFS,2020-09-02,0 days 15:59:36.259817,57164,3.86,3.85,158757,337919,19228,-22672
453,BRFS,2020-09-02,0 days 15:59:37.258739,55992,3.86,3.85,157062,339468,-1172,19228
454,BRK.B,2020-09-02,0 days 15:55:00.235294,512198,222.03,222.01,600,204,208769,-16241
455,BRX,2020-09-02,0 days 15:55:00.292598,232283,12.38,12.37,5434,10961,2394,-8013
456,BRX,2020-09-02,0 days 15:55:01.291881,230477,12.38,12.37,5634,10962,-1806,2394
457,BRX,2020-09-02,0 days 15:56:08.294689,240305,12.35,12.34,8269,12621,569,-2391
458,BRX,2020-09-02,0 days 15:56:09.296146,238174,12.35,12.34,10092,10021,-2131,569
459,BRX,2020-09-02,0 days 15:56:18.294787,240305,12.35,12.34,18168,4575,6169,-2131
460,BRX,2020-09-02,0 days 15:56:19.294954,238874,12.35,12.34,18568,4975,-1431,6169
461,BRX,2020-09-02,0 days 15:57:48.297459,255315,12.36,12.35,18416,11886,5659,-7041
462,BRX,2020-09-02,0 days 15:57:49.297807,253474,12.36,12.35,12174,28491,-1841,5659
463,BRX,2020-09-02,0 days 15:57:53.297813,255315,12.36,12.35,13174,27009,3459,-1841
464,BRX,2020-09-02,0 days 15:57:54.297952,253474,12.36,12.35,13574,28309,-1841,3459
465,BRX,2020-09-02,0 days 15:58:05.298821,255315,12.36,12.35,8419,30845,1759,-1241
466,BRX,2020-09-02,0 days 15:58:06.299080,253574,12.36,12.35,16559,32589,-1741,1759
467,BRX,2020-09-02,0 days 15:58:09.299485,255545,12.36,12.35,23979,29565,3329,-1741
468,BRX,2020-09-02,0 days 15:58:10.300186,254374,12.36,12.35,20059,32066,-1171,3329
469,BRX,2020-09-02,0 days 15:59:07.302078,257599,12.37,12.36,10653,17977,-138,2361
470,BRX,2020-09-02,0 days 15:59:08.302223,271958,12.37,12.36,13600,16377,15941,-138
471,BRX,2020-09-02,0 days 15:59:09.302372,270299,12.37,12.36,14200,17267,-1659,15941
472,BRX,2020-09-02,0 days 15:59:10.302722,273595,12.37,12.36,15219,16910,1431,-1659
473,BRX,2020-09-02,0 days 15:59:11.303519,272126,12.37,12.36,10399,17885,-1469,1431
474,BRX,2020-09-02,0 days 15:59:19.299825,267541,12.36,12.35,19327,13455,5029,-950
475,BSX,2020-09-02,0 days 15:56:16.238018,529499,42.21,42.2,17455,7720,-403,697
476,BSX,2020-09-02,0 days 15:56:17.237553,527202,42.21,42.2,18364,7020,2297,-403
477,BSX,2020-09-02,0 days 15:56:46.238192,529104,42.24,42.23,2724,12301,1395,-6805
478,BSX,2020-09-02,0 days 15:57:33.229680,530594,42.24,42.23,2227,9602,-114,130
479,BSX,2020-09-02,0 days 15:57:34.229718,529408,42.25,42.24,6229,2783,1130,-114
480,BSX,2020-09-02,0 days 15:57:35.229511,530594,42.25,42.24,5829,3883,-4114,1130
481,BSX,2020-09-02,0 days 15:57:36.229847,528908,42.25,42.24,6511,1883,1630,-4114
482,BSX,2020-09-02,0 days 15:57:37.229877,530594,42.23,42.22,1614,10807,-3914,1630
483,BSX,2020-09-02,0 days 15:57:51.230088,544008,42.23,42.22,2976,22326,5786,-4014
484,BSX,2020-09-02,0 days 15:57:52.230229,539994,42.23,42.22,2485,22527,-4014,5786
485,BSX,2020-09-02,0 days 15:58:09.230720,538494,42.22,42.21,17929,27778,-2839,6351
486,BSX,2020-09-02,0 days 15:58:10.231594,535143,42.22,42.21,21459,24278,4051,-2839
487,BSX,2020-09-02,0 days 15:58:12.231066,549394,42.22,42.21,19329,9673,-6751,4051
488,BSX,2020-09-02,0 days 15:59:01.234235,555845,42.24,42.23,1031,31410,16093,-1326
489,BSX,2020-09-02,0 days 15:59:21.232340,648798,42.27,42.26,8064,15312,-8030,67949
490,BSX,2020-09-02,0 days 15:59:22.232408,643628,42.27,42.26,15988,600,5232,-8030
491,BSX,2020-09-02,0 days 15:59:28.233843,662194,42.27,42.26,12581,25740,-15435,6166
492,BSX,2020-09-02,0 days 15:59:29.232568,658629,42.27,42.26,13351,16159,11265,-15435
493,BSX,2020-09-02,0 days 15:59:46.234252,682771,42.29,42.28,9896,16348,743,-2107
494,BSX,2020-09-02,0 days 15:59:47.233388,684174,42.29,42.28,9022,17746,-1413,743
495,BSX,2020-09-02,0 days 15:59:48.233993,686787,42.29,42.28,9616,16907,5385,-1413
496,BSX,2020-09-02,0 days 15:59:49.233662,692172,42.29,42.28,8616,17412,-4301,5385
497,BSX,2020-09-02,0 days 15:59:50.237731,690573,42.29,42.28,9653,16826,2396,-4301
498,BWA,2020-09-02,0 days 15:50:02.233069,120279,43.01,43.0,1620,2600,-347,253
499,BWA,2020-09-02,0 days 15:55:00.237942,211362,43.05,43.04,2427,901,4018,-347
500,BWA,2020-09-02,0 days 15:56:20.241039,218789,42.94,42.93,5239,719,-1015,1085
501,BWA,2020-09-02,0 days 15:56:21.241124,215504,42.94,42.93,6340,210,3285,-1015
502,BWA,2020-09-02,0 days 15:57:36.238883,219048,42.96,42.95,2018,6270,-1747,343
503,BWA,2020-09-02,0 days 15:57:37.238904,218805,42.96,42.95,417,7016,243,-1747
504,BWA,2020-09-02,0 days 15:57:39.238375,219048,42.96,42.95,517,8166,-2547,243
505,BWA,2020-09-02,0 days 15:57:40.238739,217205,42.96,42.95,517,7666,1843,-2547
506,BWA,2020-09-02,0 days 15:57:41.238857,219048,42.96,42.95,517,8079,-247,1843
507,BWA,2020-09-02,0 days 15:57:43.238409,217605,42.96,42.95,1499,7558,1443,-447
508,BWA,2020-09-02,0 days 15:57:45.238891,219048,42.97,42.96,1547,5740,-567,1443
509,BWA,2020-09-02,0 days 15:57:46.239168,217925,42.98,42.97,3674,1253,1123,-567
510,BWA,2020-09-02,0 days 15:58:00.241881,218555,42.97,42.96,5676,336,-82,1108
511,BWA,2020-09-02,0 days 15:58:01.240967,218247,42.97,42.96,5776,836,308,-82
512,BWA,2020-09-02,0 days 15:58:09.240717,218555,42.97,42.96,7008,5283,-272,918
513,BWA,2020-09-02,0 days 15:58:10.241529,216127,42.95,42.94,5423,3200,2428,-272
514,BWA,2020-09-02,0 days 15:58:11.240838,218555,42.95,42.94,1594,5345,-1624,2428
515,BWA,2020-09-02,0 days 15:58:12.241244,217489,42.95,42.94,1707,9237,1066,-1624
516,BWA,2020-09-02,0 days 15:58:19.241217,218555,42.96,42.95,5195,4733,-824,866
517,BWA,2020-09-02,0 days 15:58:21.241232,217489,42.96,42.95,6289,4634,1066,-1124
518,BWA,2020-09-02,0 days 15:58:47.242088,218555,42.95,42.94,5270,3904,-757,76
519,BWA,2020-09-02,0 days 15:58:48.241996,217712,42.95,42.94,4826,8313,843,-757
520,BWA,2020-09-02,0 days 15:59:16.243675,233084,43.0,42.99,3497,9161,-12357,1743
521,BWA,2020-09-02,0 days 15:59:17.244717,231698,43.0,42.99,5696,2988,3828,-12357
522,BWA,2020-09-02,0 days 15:59:20.245179,236726,42.98,42.97,2413,2798,-5625,2528
523,BWA,2020-09-02,0 days 15:59:26.244125,236744,42.95,42.94,3475,3238,41,-8
524,BWA,2020-09-02,0 days 15:59:28.246451,236785,42.95,42.94,3293,3782,-1501,41
525,BWA,2020-09-02,0 days 15:59:33.244475,242479,42.95,42.94,1471,4895,150,-5684
526,BWA,2020-09-02,0 days 15:59:34.244949,242629,42.95,42.94,1771,4595,-2078,150
527,BX,2020-09-02,0 days 15:55:29.238902,106709,54.53,54.51,600,419,-398,802
528,BX,2020-09-02,0 days 15:55:30.240731,106007,54.54,54.52,500,1100,702,-398
529,BX,2020-09-02,0 days 15:55:46.238626,106709,54.52,54.5,1097,1641,-2485,684
530,BX,2020-09-02,0 days 15:55:47.238725,106294,54.52,54.5,1097,841,415,-2485
531,BX,2020-09-02,0 days 15:56:18.239722,107652,54.49,54.47,769,900,-2985,315
532,BX,2020-09-02,0 days 15:56:19.239563,107337,54.48,54.47,616,400,315,-2985
533,BX,2020-09-02,0 days 15:57:48.232408,111652,54.51,54.5,900,1200,-2940,260
534,BX,2020-09-02,0 days 15:57:49.231400,111292,54.51,54.5,1299,700,260,-2940
535,BX,2020-09-02,0 days 15:57:50.232145,111652,54.51,54.5,1299,1400,-440,260
536,BX,2020-09-02,0 days 15:57:52.231878,111092,54.51,54.5,1199,1600,560,-240
537,BX,2020-09-02,0 days 15:57:58.231816,111752,54.51,54.5,800,1477,-340,260
538,BX,2020-09-02,0 days 15:57:59.231999,111492,54.51,54.5,1002,1577,160,-340
539,BX,2020-09-02,0 days 15:58:00.233746,111652,54.51,54.5,603,2177,-40,160
540,BX,2020-09-02,0 days 15:58:01.233274,111292,54.49,54.47,684,5500,460,-40
541,BX,2020-09-02,0 days 15:58:14.233178,111752,54.51,54.5,100,1904,-30,2070
542,BX,2020-09-02,0 days 15:58:20.233080,111752,54.51,54.5,600,2621,-30,1070
543,BX,2020-09-02,0 days 15:58:21.233105,111582,54.51,54.5,685,2122,70,-30
544,BX,2020-09-02,0 days 15:58:30.232553,111752,54.48,54.47,817,4400,-30,170
545,BX,2020-09-02,0 days 15:58:31.232463,111582,54.48,54.47,1417,7252,170,-30
546,BX,2020-09-02,0 days 15:58:35.233111,111752,54.49,54.48,908,502,-130,170
547,BX,2020-09-02,0 days 15:58:36.232939,111582,54.48,54.47,100,7752,170,-130
548,BX,2020-09-02,0 days 15:58:40.233250,111752,54.49,54.48,834,1102,-30,170
549,BX,2020-09-02,0 days 15:58:41.233127,111282,54.48,54.47,981,3900,470,-30
550,BX,2020-09-02,0 days 15:58:50.233590,111752,54.49,54.48,1590,900,-130,70
551,BX,2020-09-02,0 days 15:59:06.234429,113907,54.5,54.49,1612,566,8,-92
552,BX,2020-09-02,0 days 15:59:10.234626,113915,54.48,54.47,146,3900,-192,108
553,BX,2020-09-02,0 days 15:59:11.234746,113807,54.48,54.47,246,3700,108,-192
554,BX,2020-09-02,0 days 15:59:14.236433,113915,54.48,54.47,1105,3700,-1294,124
555,BX,2020-09-02,0 days 15:59:17.234221,115409,54.48,54.47,886,4500,458,-1494
556,BX,2020-09-02,0 days 15:59:20.235251,115867,54.49,54.48,1410,200,-24705,58
557,C,2020-09-02,0 days 15:55:00.221535,710976,52.14,52.13,7150,5305,27233,-53729
558,C,2020-09-02,0 days 15:55:11.223368,739567,52.13,52.12,12237,6070,-10343,12766
559,C,2020-09-02,0 days 15:55:12.223146,728723,52.12,52.11,10050,5909,10844,-10343
560,C,2020-09-02,0 days 15:59:20.233397,821028,51.98,51.97,1600,9926,-19369,2859
561,C,2020-09-02,0 days 15:59:21.232214,810588,51.98,51.97,11767,1962,7040,-19369
562,C,2020-09-02,0 days 15:59:26.232167,820977,51.98,51.97,7896,5496,-5490,8033
563,C,2020-09-02,0 days 15:59:27.231680,815667,51.98,51.97,12339,1296,5310,-5490
564,C,2020-09-02,0 days 15:59:36.232117,827279,51.99,51.98,2427,14383,-5036,13483
565,CAG,2020-09-02,0 days 15:59:07.243314,255618,38.29,38.28,8162,2998,-13163,1185
566,CAG,2020-09-02,0 days 15:59:08.243230,251336,38.28,38.27,6330,1089,4282,-13163
567,CAG,2020-09-02,0 days 15:59:20.245217,255975,38.28,38.27,4865,2889,-1170,38
568,CAG,2020-09-02,0 days 15:59:21.244134,254045,38.28,38.27,4870,3289,1930,-1170
569,CAG,2020-09-02,0 days 15:59:29.244460,261693,38.27,38.26,6083,1620,-274,2405
570,CAG,2020-09-02,0 days 15:59:35.244621,259706,38.27,38.26,6633,609,1987,-2613
571,CAH,2020-09-02,0 days 15:58:54.237721,264345,51.08,51.07,1819,555,60,-940
572,CAH,2020-09-02,0 days 15:59:05.238288,261225,51.08,51.07,2658,1636,-490,3001
573,CAH,2020-09-02,0 days 15:59:23.236398,273312,51.08,51.07,763,1216,1395,-3389
574,CAH,2020-09-02,0 days 15:59:24.237010,271307,51.07,51.06,300,1370,-2005,1395
575,CAH,2020-09-02,0 days 15:59:33.237510,274299,51.05,51.04,1098,501,2190,-2092
576,CAH,2020-09-02,0 days 15:59:34.237758,272389,51.05,51.04,1766,528,-1810,2190
577,CAH,2020-09-02,0 days 15:59:46.238529,274199,51.05,51.04,2857,665,1554,-1160
578,CAH,2020-09-02,0 days 15:59:47.238217,273053,51.05,51.04,4436,465,-1146,1554
579,CALX,2020-09-02,0 days 15:55:00.221570,25573,21.68,21.67,400,237,2979,-653
580,CALX,2020-09-02,0 days 15:55:06.222479,28352,21.67,21.66,215,1065,-621,2079
581,CALX,2020-09-02,0 days 15:57:01.227329,28393,21.66,21.65,1800,576,-143,457
582,CALX,2020-09-02,0 days 15:57:19.227625,28588,21.65,21.64,1579,842,705,-195
583,CALX,2020-09-02,0 days 15:57:20.228103,28393,21.65,21.64,1579,1265,-195,705
584,CALX,2020-09-02,0 days 15:57:51.226947,28588,21.65,21.64,1998,1304,805,-195
585,CALX,2020-09-02,0 days 15:58:02.228851,29393,21.65,21.64,1632,1209,-195,105
586,CALX,2020-09-02,0 days 15:58:03.228792,29306,21.67,21.65,399,636,87,-195
587,CALX,2020-09-02,0 days 15:58:09.229342,29393,21.66,21.65,445,412,-264,87
588,CALX,2020-09-02,0 days 15:58:10.229800,28975,21.66,21.65,845,514,418,-264
589,CALX,2020-09-02,0 days 15:58:12.229370,29393,21.66,21.65,645,653,-674,418
590,CALX,2020-09-02,0 days 15:58:13.229420,30085,21.66,21.65,379,1298,172,-674
591,CALX,2020-09-02,0 days 15:59:04.232157,30985,21.68,21.67,1675,572,163,-88
592,CALX,2020-09-02,0 days 15:59:10.232210,31448,21.68,21.67,836,1010,-2,63
593,CALX,2020-09-02,0 days 15:59:22.232042,35403,21.67,21.65,1377,100,1100,-3755
594,CALX,2020-09-02,0 days 15:59:25.231913,34303,21.67,21.65,599,600,-200,700
595,CALX,2020-09-02,0 days 15:59:51.237325,35065,21.67,21.64,1809,400,138,-951
596,CARR,2020-09-02,0 days 15:56:02.239247,381059,30.74,30.73,2800,1303,-16038,45962
597,CARR,2020-09-02,0 days 15:56:03.239326,367697,30.74,30.73,2718,800,13362,-16038
598,CARR,2020-09-02,0 days 15:57:02.240993,305374,30.75,30.74,2715,2480,-69018,7212
599,CARR,2020-09-02,0 days 15:57:03.240869,299892,30.75,30.74,2612,2475,5082,-69018
600,CARR,2020-09-02,0 days 15:59:09.235036,390986,30.74,30.73,2357,4413,-12461,5455
601,CARR,2020-09-02,0 days 15:59:10.234626,381847,30.74,30.73,2350,5015,9279,-12461
602,CARR,2020-09-02,0 days 15:59:17.234210,383784,30.74,30.73,3374,5119,6670,-5964
603,CARR,2020-09-02,0 days 15:59:28.235747,390100,30.77,30.76,2097,2532,-2803,3944
604,CARR,2020-09-02,0 days 15:59:30.236302,383329,30.77,30.76,2712,2624,6771,-2803
605,CARR,2020-09-02,0 days 15:59:33.234356,390300,30.77,30.76,2737,3772,-9700,6771
606,CARR,2020-09-02,0 days 15:59:34.234702,384766,30.77,30.76,2362,3690,5334,-9700
607,CARR,2020-09-02,0 days 15:59:45.236020,390500,30.79,30.78,2000,3701,-3265,722
608,CARR,2020-09-02,0 days 15:59:48.235951,388121,30.79,30.78,5292,2625,2568,-6566
609,CARR,2020-09-02,0 days 15:59:49.235512,390689,30.79,30.78,6426,4105,-663,2568
610,CARR,2020-09-02,0 days 15:59:50.240458,382233,30.79,30.78,6846,3999,8456,-663
611,CAT,2020-09-02,0 days 15:55:00.236373,254143,149.51,149.48,243,450,9521,-26279
612,CAT,2020-09-02,0 days 15:56:20.239272,268197,149.24,149.23,966,300,-53,3347
613,CAT,2020-09-02,0 days 15:56:22.239114,261971,149.22,149.2,343,500,6226,-691
614,CAT,2020-09-02,0 days 15:57:35.231048,268997,149.38,149.36,719,337,-1530,1170
615,CAT,2020-09-02,0 days 15:57:36.231524,266427,149.38,149.36,719,637,2570,-1530
616,CAT,2020-09-02,0 days 15:57:37.231494,268997,149.38,149.36,219,1837,-30,2570
617,CAT,2020-09-02,0 days 15:57:39.231326,264327,149.38,149.37,706,637,4670,-330
618,CAT,2020-09-02,0 days 15:57:42.231004,269697,149.41,149.38,418,1138,-730,270
619,CAT,2020-09-02,0 days 15:57:43.231219,265527,149.41,149.39,418,1137,4170,-730
620,CAT,2020-09-02,0 days 15:57:50.232129,269697,149.45,149.44,1609,1000,-3348,1652
621,CAT,2020-09-02,0 days 15:57:51.231768,265905,149.44,149.43,394,500,3792,-3348
622,CAT,2020-09-02,0 days 15:58:13.233245,271083,149.44,149.4,351,1726,-1584,4213
623,CAT,2020-09-02,0 days 15:58:14.233164,268467,149.43,149.42,200,400,2616,-1584
624,CAT,2020-09-02,0 days 15:58:54.234646,271483,149.43,149.42,136,2923,-670,116
625,CAT,2020-09-02,0 days 15:58:55.233680,268853,149.42,149.4,437,200,2730,-670
626,CAT,2020-09-02,0 days 15:59:33.234345,313309,149.44,149.41,883,304,-2472,3117
627,CAT,2020-09-02,0 days 15:59:34.234689,309481,149.44,149.41,533,400,3828,-2472
628,CAT,2020-09-02,0 days 15:59:44.234745,313409,149.44,149.4,732,1000,-28990,3328
629,CAT,2020-09-02,0 days 15:59:45.236011,311699,149.44,149.4,300,1350,1710,-28990
630,CCL,2020-09-02,0 days 15:55:06.235015,302256,16.77,16.76,72020,36282,-1239,3711
631,CCL,2020-09-02,0 days 15:55:07.235600,299095,16.77,16.76,70520,36247,3161,-1239
632,CCL,2020-09-02,0 days 15:56:20.238286,315162,16.73,16.72,23920,16888,-12036,6464
633,CCL,2020-09-02,0 days 15:56:21.238829,313498,16.72,16.71,19728,20915,1664,-12036
634,CCL,2020-09-02,0 days 15:57:36.239349,318862,16.71,16.7,13945,33103,-1236,1864
635,CCL,2020-09-02,0 days 15:57:46.239883,315162,16.73,16.72,18153,28100,-5390,4710
636,CFG,2020-09-02,0 days 15:59:20.244086,412987,26.82,26.81,1921,8179,57103,-11853
637,CFG,2020-09-02,0 days 15:59:21.242604,408604,26.84,26.83,4040,2765,-11153,57103
638,CFG,2020-09-02,0 days 15:59:25.242561,413557,26.83,26.82,5048,3337,112,-339
639,CFG,2020-09-02,0 days 15:59:26.242846,413669,26.83,26.82,5348,3814,-14,112
640,CFG,2020-09-02,0 days 15:59:40.244055,419186,26.81,26.8,10202,6713,748,-1204
641,CFG,2020-09-02,0 days 15:59:46.244384,420834,26.81,26.8,8303,9677,-3316,748
642,CFG,2020-09-02,0 days 15:59:47.244168,425398,26.81,26.8,9161,9470,894,-3316
643,CFG,2020-09-02,0 days 15:59:49.244395,424166,26.81,26.8,7530,9494,-1091,3003
644,CFG,2020-09-02,0 days 15:59:51.247162,425705,26.81,26.8,6315,4958,5,-35023
645,CGC,2020-09-02,0 days 15:55:26.225236,40766,16.39,16.38,1567,3705,4674,-2126
646,CGC,2020-09-02,0 days 15:55:27.225505,39240,16.39,16.38,1567,3605,-1526,4674
647,CGC,2020-09-02,0 days 15:56:07.225444,40766,16.4,16.39,1832,4382,1288,-412
648,CGC,2020-09-02,0 days 15:56:08.225736,39554,16.4,16.39,1832,4582,-1212,1288
649,CGC,2020-09-02,0 days 15:58:04.228579,40767,16.4,16.39,410,1106,6170,-549
650,CGC,2020-09-02,0 days 15:58:05.228751,40118,16.4,16.39,984,906,-649,6170
651,CGC,2020-09-02,0 days 15:58:40.230368,48094,16.38,16.36,710,4467,998,-1964
652,CGC,2020-09-02,0 days 15:58:41.230340,46442,16.38,16.36,1392,6186,-1652,998
653,CGC,2020-09-02,0 days 15:59:33.232081,47044,16.37,16.36,500,5753,-1149,1551
654,CHGG,2020-09-02,0 days 15:55:01.227147,108681,78.12,78.08,1100,200,-707,2093
655,CHGG,2020-09-02,0 days 15:58:29.234768,118463,78.0,77.99,300,300,686,-714
656,CHGG,2020-09-02,0 days 15:58:30.234752,117349,78.0,77.99,200,500,-614,686
657,CHGG,2020-09-02,0 days 15:58:54.237696,118363,77.98,77.94,736,300,3134,-814
658,CHGG,2020-09-02,0 days 15:59:04.236970,117865,77.96,77.95,631,221,-182,1318
659,CHGG,2020-09-02,0 days 15:59:08.236780,115848,77.97,77.96,612,300,1151,-283
660,CHGG,2020-09-02,0 days 15:59:23.236383,116559,77.93,77.92,100,478,256,-302
661,CHGG,2020-09-02,0 days 15:59:24.236987,116315,77.93,77.91,500,400,-44,256
662,CHGG,2020-09-02,0 days 15:59:33.237478,117417,77.95,77.93,668,798,2225,-50
663,CHGG,2020-09-02,0 days 15:59:55.239898,125285,78.04,77.98,500,819,-8704,4938
664,CHGG,2020-09-02,0 days 15:59:59.239586,120347,77.98,77.95,564,1430,4938,-8547
665,CHWY,2020-09-02,0 days 15:56:34.226205,55538,70.19,70.16,100,457,-1341,1259
666,CHWY,2020-09-02,0 days 15:56:35.226179,54379,70.22,70.17,300,100,1159,-1341
667,CHWY,2020-09-02,0 days 15:57:12.227602,45179,70.24,70.21,400,139,10359,-498841
668,CHWY,2020-09-02,0 days 15:57:32.226795,55543,70.25,70.21,438,474,-82536,1164
669,CHWY,2020-09-02,0 days 15:57:33.226882,54279,70.21,70.2,524,990,1264,-82536
670,CHWY,2020-09-02,0 days 15:57:48.226912,57520,70.21,70.18,651,201,-160,1419
671,CHWY,2020-09-02,0 days 15:57:50.227766,54780,70.21,70.17,1151,200,6740,-160
672,CHWY,2020-09-02,0 days 15:58:12.229493,63225,70.17,70.16,955,250,-542,2058
673,CHWY,2020-09-02,0 days 15:58:13.229538,61416,70.17,70.15,855,519,2481,-542
674,CHWY,2020-09-02,0 days 15:58:20.229926,62150,70.33,70.26,300,627,-399366,677
675,CHWY,2020-09-02,0 days 15:58:22.229914,40316,70.25,70.23,562,608,21877,-378466
676,CHWY,2020-09-02,0 days 15:58:32.229888,62193,70.25,70.22,1697,300,-398204,1796
677,CHWY,2020-09-02,0 days 15:59:12.232357,66490,70.15,70.1,1334,400,-398711,1889
678,CHWY,2020-09-02,0 days 15:59:24.232211,43163,70.12,70.09,300,100,174328,-240072
679,CHWY,2020-09-02,0 days 15:59:25.232104,66891,70.14,70.1,151,200,-412572,174328
680,CHWY,2020-09-02,0 days 15:59:32.232396,43163,70.12,70.09,300,200,176706,-238294
681,CHWY,2020-09-02,0 days 15:59:33.232211,69569,70.16,70.1,200,1062,-373694,176706
682,CHWY,2020-09-02,0 days 15:59:51.237520,43483,70.1,70.09,1858,400,73714,-340686
683,CIEN,2020-09-02,0 days 15:55:27.505751,116868,60.18,60.16,653,1002,8387,-3313
684,CIEN,2020-09-02,0 days 15:55:28.507276,114655,60.17,60.16,200,100,-2213,8387
685,CIEN,2020-09-02,0 days 15:56:08.506328,117508,60.23,60.2,1612,1524,1082,-783
686,CIEN,2020-09-02,0 days 15:56:09.506130,116790,60.23,60.2,1412,1324,-718,1082
687,CIEN,2020-09-02,0 days 15:56:14.506276,117508,60.22,60.2,3660,1742,81,-119
688,CIEN,2020-09-02,0 days 15:56:15.506197,116889,60.21,60.2,200,1158,-619,81
689,CIEN,2020-09-02,0 days 15:59:04.513026,144013,60.27,60.26,2834,700,-1661,1139
690,CIEN,2020-09-02,0 days 15:59:13.513861,172963,60.27,60.26,1513,400,93,-221
691,CIEN,2020-09-02,0 days 15:59:20.515388,170475,60.25,60.23,1269,536,-858,8198
692,CIEN,2020-09-02,0 days 15:59:45.513661,178353,60.21,60.19,2195,433,2699,-1501
693,CIEN,2020-09-02,0 days 15:59:46.513884,176752,60.2,60.19,386,100,-1185,2699
694,CIEN,2020-09-02,0 days 15:59:47.512763,177937,60.2,60.19,564,100,3412,-1185
695,CIEN,2020-09-02,0 days 15:59:48.512997,176649,60.2,60.19,500,416,-1288,3412
696,CIG,2020-09-02,0 days 15:55:51.229367,270042,2.08,2.07,44279,647001,-4188,10762
697,CIG,2020-09-02,0 days 15:55:52.230243,250030,2.08,2.07,43979,647801,20012,-4188
698,CIG,2020-09-02,0 days 15:59:01.237312,297603,2.09,2.08,277305,655144,-57727,187273
699,CIG,2020-09-02,0 days 15:59:36.237116,403944,2.09,2.08,413150,601637,29495,-34705
700,CIG,2020-09-02,0 days 15:59:37.237189,402139,2.09,2.08,392950,560237,-1805,29495
701,CIG,2020-09-02,0 days 15:59:46.238208,409744,2.09,2.08,373088,597601,1252,-7605
702,CIG,2020-09-02,0 days 15:59:48.238937,407796,2.09,2.08,371445,608591,-1948,1252
703,CIM,2020-09-02,0 days 15:59:15.234465,216132,8.73,8.72,41976,13687,-854,1390
704,CIM,2020-09-02,0 days 15:59:33.234212,216986,8.73,8.72,31648,33321,390,-854
705,CIM,2020-09-02,0 days 15:59:37.234536,217376,8.73,8.72,22952,35250,-510,390
706,CIM,2020-09-02,0 days 15:59:38.235410,217786,8.73,8.72,17295,41410,763,-510
707,CIM,2020-09-02,0 days 15:59:40.234921,217593,8.73,8.72,6568,42191,-1943,763
708,CIM,2020-09-02,0 days 15:59:41.234497,216036,8.73,8.72,8287,41206,1557,-1943
709,CL,2020-09-02,0 days 15:59:44.248184,392313,79.55,79.53,500,5023,1494,-3606
710,CL,2020-09-02,0 days 15:59:46.250309,393607,79.56,79.55,2256,684,-5866,794
711,CL,2020-09-02,0 days 15:59:47.248827,392973,79.55,79.54,4167,102,634,-5866
712,CLDR,2020-09-02,0 days 15:55:17.240145,149898,13.26,13.25,3347,5712,3068,-632
713,CLDR,2020-09-02,0 days 15:56:15.240968,152308,13.31,13.3,6850,9094,986,-514
714,CLDR,2020-09-02,0 days 15:56:36.242937,153494,13.26,13.25,864,4274,-3482,918
715,CLDR,2020-09-02,0 days 15:56:37.242736,152076,13.26,13.25,1874,3974,1418,-3482
716,CLDR,2020-09-02,0 days 15:56:58.244147,152276,13.27,13.26,1493,3513,1418,-482
717,CLDR,2020-09-02,0 days 15:57:21.242686,153694,13.27,13.26,397,3932,-2130,1870
718,CLDR,2020-09-02,0 days 15:57:22.242917,152645,13.27,13.26,928,3732,1049,-2130
719,CLDR,2020-09-02,0 days 15:59:08.248087,158878,13.23,13.22,9531,6000,2888,-467
720,CLDR,2020-09-02,0 days 15:59:16.245739,162013,13.24,13.23,3980,4969,-2406,515
721,CLDR,2020-09-02,0 days 15:59:17.246397,160619,13.24,13.23,5369,4214,1394,-2406
722,CLDR,2020-09-02,0 days 15:59:33.246428,158205,13.25,13.24,40415,6510,1108,-1392
723,CLF,2020-09-02,0 days 15:55:00.252102,189751,6.82,6.81,24613,82354,7022,-11852
724,CLF,2020-09-02,0 days 15:56:29.256061,171952,6.81,6.8,26778,85266,-30581,4519
725,CLF,2020-09-02,0 days 15:56:30.255957,168433,6.81,6.8,27678,79466,3519,-30581
726,CLF,2020-09-02,0 days 15:57:47.259481,206252,6.82,6.81,91480,94907,-601,1399
727,CLF,2020-09-02,0 days 15:57:48.258725,201453,6.82,6.81,93411,95507,4799,-601
728,CLF,2020-09-02,0 days 15:59:01.264499,199549,6.81,6.8,83190,67591,-7586,3312
729,CLF,2020-09-02,0 days 15:59:02.263006,196335,6.81,6.8,92286,57675,3214,-7586
730,CLNY,2020-09-02,0 days 15:55:00.503855,364047,2.85,2.84,100421,37719,-69610,65369
731,CLNY,2020-09-02,0 days 15:56:18.506022,433957,2.84,2.83,98521,18300,190,-48010
732,CLNY,2020-09-02,0 days 15:56:19.506195,429747,2.84,2.83,97235,19700,-4210,190
733,CLNY,2020-09-02,0 days 15:59:15.513457,466940,2.83,2.82,48174,125070,13638,-205
734,CLNY,2020-09-02,0 days 15:59:16.513007,462978,2.83,2.82,47874,121988,-3962,13638
735,CLNY,2020-09-02,0 days 15:59:17.512847,466940,2.83,2.82,48074,118988,538,-3962
736,CLNY,2020-09-02,0 days 15:59:34.512200,463592,2.83,2.82,56358,124748,-3348,4152
737,CLNY,2020-09-02,0 days 15:59:44.512659,466941,2.83,2.82,59467,120706,2551,-3349
738,CLNY,2020-09-02,0 days 15:59:48.512655,465092,2.83,2.82,53100,124013,-1849,251
739,CMS,2020-09-02,0 days 15:58:09.245985,155725,61.69,61.67,1804,478,-39066,9327
740,CMS,2020-09-02,0 days 15:59:28.249065,209940,61.71,61.7,563,444,2096,-1873
741,CMS,2020-09-02,0 days 15:59:29.246935,207036,61.71,61.7,663,700,-2904,2096
742,CMS,2020-09-02,0 days 15:59:33.246531,209940,61.71,61.7,356,851,216,-2545
743,CMS,2020-09-02,0 days 15:59:40.248166,208144,61.69,61.68,1300,140,-1796,3304
744,CMS,2020-09-02,0 days 15:59:43.247887,209940,61.7,61.69,1000,939,1606,-4560
745,CMS,2020-09-02,0 days 15:59:57.254451,215791,61.77,61.76,3400,100,-992,4969
746,CNC,2020-09-02,0 days 15:55:00.234688,219598,62.13,62.12,100,1576,14281,-5314
747,CNC,2020-09-02,0 days 15:57:45.239198,237551,62.09,62.08,200,429,-750,1450
748,CNC,2020-09-02,0 days 15:57:49.239378,238301,62.1,62.09,253,829,1250,-750
749,CNC,2020-09-02,0 days 15:57:50.239628,237553,62.1,62.09,353,1032,-848,1250
750,CNC,2020-09-02,0 days 15:59:26.242765,262235,62.03,62.02,654,313,-202,70
751,CNC,2020-09-02,0 days 15:59:34.243079,261560,62.03,62.02,1138,400,675,-202
752,CNK,2020-09-02,0 days 15:55:37.240709,255871,16.13,16.12,9190,3865,514,-4307
753,CNK,2020-09-02,0 days 15:56:10.241483,256045,16.14,16.13,5375,459,1297,-1659
754,CNK,2020-09-02,0 days 15:56:50.241931,244849,16.13,16.12,9333,2495,-11142,3902
755,CNK,2020-09-02,0 days 15:59:33.244702,256611,16.1,16.09,3502,14901,118,-2515
756,CNK,2020-09-02,0 days 15:59:35.244773,250394,16.11,16.1,1186,10389,-6217,118
757,CNK,2020-09-02,0 days 15:59:40.245640,256611,16.11,16.1,9538,3947,5333,-6150
758,CNK,2020-09-02,0 days 15:59:41.245343,252244,16.11,16.1,7438,4751,-4300,5333
759,CNP,2020-09-02,0 days 15:55:00.225767,394886,20.5,20.49,10647,9781,6403,-153691
760,CNP,2020-09-02,0 days 15:58:04.233333,424128,20.45,20.44,14135,12929,-799,8661
761,CNP,2020-09-02,0 days 15:58:05.233540,416327,20.45,20.44,16973,14278,7801,-799
762,CNP,2020-09-02,0 days 15:59:04.236425,427300,20.45,20.44,15465,22859,-9692,6508
763,CNP,2020-09-02,0 days 15:59:24.236513,439970,20.45,20.44,21358,21407,-86,37
764,CNP,2020-09-02,0 days 15:59:44.237908,440067,20.45,20.44,27226,5485,103,-97
765,CNQ,2020-09-02,0 days 15:55:00.292346,24427,19.87,19.86,15200,8614,2059,-4375
766,CNQ,2020-09-02,0 days 15:55:51.294394,26726,19.85,19.84,14590,4511,-2302,798
767,CNQ,2020-09-02,0 days 15:57:27.296563,36724,19.83,19.82,15937,1408,1802,-4098
768,CNQ,2020-09-02,0 days 15:57:28.297179,35726,19.83,19.82,14037,5208,-998,1802
769,CNQ,2020-09-02,0 days 15:57:47.297501,38190,19.85,19.84,5200,10728,436,-721
770,CNQ,2020-09-02,0 days 15:57:48.297443,37126,19.85,19.84,4800,10728,-247,436
771,CNQ,2020-09-02,0 days 15:59:17.300724,39945,19.85,19.84,3646,11592,1290,-127
772,CNQ,2020-09-02,0 days 15:59:18.299984,39135,19.86,19.85,5370,20222,-810,1290
773,CNQ,2020-09-02,0 days 15:59:20.302980,39945,19.86,19.85,2392,20622,254,-810
774,CNQ,2020-09-02,0 days 15:59:21.300307,39199,19.87,19.86,7817,4701,-746,254
775,CNQ,2020-09-02,0 days 15:59:46.302117,39945,19.87,19.86,10391,8052,754,-546
776,CNQ,2020-09-02,0 days 15:59:47.301990,39499,19.87,19.86,10683,9772,-446,754
777,CNX,2020-09-02,0 days 15:59:19.260930,324027,10.13,10.12,2224,28792,-10368,6418
778,CNX,2020-09-02,0 days 15:59:20.263571,318995,10.13,10.12,3624,25200,5032,-10368
779,CNX,2020-09-02,0 days 15:59:39.258834,328342,10.14,10.13,27754,18405,-9950,3350
780,CNX,2020-09-02,0 days 15:59:40.258674,327592,10.14,10.13,29854,12281,750,-9950
781,CNX,2020-09-02,0 days 15:59:48.257072,327392,10.15,10.14,19257,9426,950,-1450
782,COG,2020-09-02,0 days 15:55:00.504058,270986,18.16,18.15,3922,8934,344,-52226
783,COG,2020-09-02,0 days 15:55:29.506474,273204,18.14,18.13,5379,8503,-232,1018
784,COG,2020-09-02,0 days 15:57:14.508982,294250,18.13,18.12,8671,10586,610,-5490
785,COG,2020-09-02,0 days 15:58:01.510801,276067,18.14,18.13,10746,7502,-18927,2011
786,COG,2020-09-02,0 days 15:59:08.513540,316965,18.16,18.15,6087,13667,18668,-17255
787,COG,2020-09-02,0 days 15:59:11.513353,333577,18.17,18.16,10249,4973,1182,-8602
788,COG,2020-09-02,0 days 15:59:21.513816,334959,18.17,18.16,7025,17351,-1596,1382
789,COG,2020-09-02,0 days 15:59:27.513460,335058,18.17,18.16,10119,11369,-1533,3
790,COG,2020-09-02,0 days 15:59:28.513762,333391,18.17,18.16,10403,9887,1667,-1533
791,COG,2020-09-02,0 days 15:59:35.512671,331626,18.18,18.17,8706,20262,1432,-2168
792,COG,2020-09-02,0 days 15:59:42.513032,333058,18.18,18.17,4314,20939,-2755,1432
793,COP,2020-09-02,0 days 15:59:21.244382,667116,36.43,36.42,5507,10208,-30956,13111
794,COP,2020-09-02,0 days 15:59:33.244702,698348,36.42,36.41,2577,8263,4482,-3781
795,COP,2020-09-02,0 days 15:59:36.244831,702915,36.45,36.44,5176,2725,-5933,4567
796,COP,2020-09-02,0 days 15:59:49.245934,693820,36.43,36.42,7032,3602,-5296,3504
797,CPB,2020-09-02,0 days 15:59:33.243167,239464,52.48,52.46,1663,2364,5567,-484
798,CPB,2020-09-02,0 days 15:59:34.242889,237031,52.48,52.46,1563,3269,-2433,5567
799,CTL,2020-09-02,0 days 15:56:58.239780,671553,10.92,10.91,11986,96139,-668,4332
800,CTL,2020-09-02,0 days 15:57:00.240215,672221,10.92,10.91,13993,92162,29632,-668
801,CTL,2020-09-02,0 days 15:59:23.242630,768608,10.91,10.9,66508,38279,-1199,201
802,CTL,2020-09-02,0 days 15:59:24.243002,769807,10.91,10.9,68188,38136,1355,-1199
803,CTL,2020-09-02,0 days 15:59:33.243383,771162,10.91,10.9,77934,32008,-35891,1080
804,CTL,2020-09-02,0 days 15:59:34.243157,754753,10.91,10.9,78834,31621,16409,-35891
805,CTVA,2020-09-02,0 days 15:59:17.262374,752197,30.14,30.13,2500,5796,-114,28583
806,CTVA,2020-09-02,0 days 15:59:21.260925,742504,30.11,30.1,4039,800,10180,-28068
807,CTVA,2020-09-02,0 days 15:59:33.259358,755185,30.11,30.1,2456,2502,-11348,7681
808,CTVA,2020-09-02,0 days 15:59:34.259100,748843,30.11,30.1,2363,3202,6342,-11348
809,CTVA,2020-09-02,0 days 15:59:43.260226,755185,30.11,30.1,200,4410,-3330,5147
810,CVS,2020-09-02,0 days 15:59:01.244721,672581,60.99,60.98,4200,6149,-17888,1961
811,CVS,2020-09-02,0 days 15:59:02.244201,658388,60.98,60.97,2433,1606,14176,-17888
812,CVS,2020-09-02,0 days 15:59:14.245461,670993,60.92,60.91,975,2009,10416,-69110
813,CVS,2020-09-02,0 days 15:59:15.242425,677034,60.94,60.93,2800,300,-2202,10416
814,CVS,2020-09-02,0 days 15:59:16.241593,673136,60.94,60.93,1365,1575,3898,-2202
815,CVS,2020-09-02,0 days 15:59:26.242707,677347,60.96,60.95,1399,2729,2807,-3793
816,CVS,2020-09-02,0 days 15:59:28.244673,679854,60.96,60.95,1875,3453,-2143,2807
817,CVS,2020-09-02,0 days 15:59:29.242516,677497,60.96,60.95,200,2975,2357,-2143
818,CVS,2020-09-02,0 days 15:59:32.243353,679252,60.99,60.98,4952,673,-5045,8255
819,CVS,2020-09-02,0 days 15:59:33.243264,677197,60.97,60.96,390,1960,2055,-5045
820,CVS,2020-09-02,0 days 15:59:50.248168,677280,60.99,60.98,1437,3983,2311,-2089
821,CVX,2020-09-02,0 days 15:57:35.231059,1157256,83.16,83.15,100,1700,4039,-9485
822,CVX,2020-09-02,0 days 15:57:37.231509,1156695,83.19,83.17,300,1552,-561,1639
823,CVX,2020-09-02,0 days 15:57:50.232145,1158139,83.19,83.18,865,2822,2656,-5761
824,CVX,2020-09-02,0 days 15:58:08.232709,1163758,83.21,83.2,1899,4846,-20768,2466
825,CVX,2020-09-02,0 days 15:59:01.236154,1154123,83.15,83.14,900,2120,19180,-7664
826,CVX,2020-09-02,0 days 15:59:05.236204,1173578,83.14,83.13,300,3896,-845,2480
827,CVX,2020-09-02,0 days 15:59:06.234429,1171581,83.14,83.13,303,4039,1551,-845
828,CX,2020-09-02,0 days 15:58:47.300581,171491,3.28,3.27,355064,154798,-2530,17221
829,CX,2020-09-02,0 days 15:58:48.300461,56721,3.28,3.27,361064,153298,114770,-2530
830,D,2020-09-02,0 days 15:55:00.250809,419486,79.8,79.79,858,405,-324,19138
831,D,2020-09-02,0 days 15:55:06.252849,419810,79.8,79.79,882,819,1527,-324
832,D,2020-09-02,0 days 15:55:07.252281,409062,79.8,79.79,306,1019,-10748,1527
833,D,2020-09-02,0 days 15:58:56.261711,423353,79.66,79.65,400,950,-5404,2396
834,D,2020-09-02,0 days 15:59:06.262779,423968,79.66,79.64,3400,3502,1537,-3114
835,D,2020-09-02,0 days 15:59:08.263105,421776,79.68,79.67,300,881,-3979,1537
836,D,2020-09-02,0 days 15:59:21.260739,448865,79.67,79.65,718,587,2411,-89
837,D,2020-09-02,0 days 15:59:22.260906,445988,79.68,79.66,1060,882,-2877,2411
838,D,2020-09-02,0 days 15:59:26.258623,450723,79.67,79.65,1844,380,1439,-1995
839,D,2020-09-02,0 days 15:59:33.259196,452281,79.69,79.68,500,1274,430,-6419
840,D,2020-09-02,0 days 15:59:39.258798,452020,79.67,79.65,1254,1027,-461,7417
841,DAL,2020-09-02,0 days 15:55:00.235283,292467,31.29,31.28,3275,8224,2472,-82392
842,DAL,2020-09-02,0 days 15:55:33.238319,296813,31.26,31.25,10088,6641,-1548,2907
843,DAL,2020-09-02,0 days 15:55:45.238249,298387,31.24,31.23,8541,5670,202,-1574
844,DAL,2020-09-02,0 days 15:55:46.237241,298589,31.23,31.22,6611,8758,-374,202
845,DAL,2020-09-02,0 days 15:55:48.237849,307328,31.23,31.22,9611,4804,518,-374
846,DAL,2020-09-02,0 days 15:56:21.238844,326078,31.23,31.22,4702,11759,-1185,2815
847,DAL,2020-09-02,0 days 15:57:23.238850,327313,31.2,31.19,7841,8170,3677,-1223
848,DAL,2020-09-02,0 days 15:57:24.238833,325890,31.2,31.19,5041,9770,-1423,3677
849,DAL,2020-09-02,0 days 15:57:35.239075,327313,31.2,31.19,3603,11705,877,-1423
850,DAL,2020-09-02,0 days 15:57:36.239349,326090,31.2,31.19,5639,10696,-1223,877
851,DAL,2020-09-02,0 days 15:57:56.243501,332113,31.23,31.22,6078,8877,1879,-2321
852,DAL,2020-09-02,0 days 15:57:59.240408,330492,31.23,31.22,8032,6055,-1321,379
853,DAL,2020-09-02,0 days 15:58:01.242178,329613,31.19,31.18,7764,5456,1379,-1321
854,DAL,2020-09-02,0 days 15:58:03.241148,326792,31.19,31.18,8053,5591,-3256,179
855,DAL,2020-09-02,0 days 15:58:05.240554,330413,31.19,31.18,9682,6769,1279,-56
856,DAL,2020-09-02,0 days 15:58:06.240831,329192,31.19,31.18,6782,12848,-1156,1279
857,DAL,2020-09-02,0 days 15:58:14.241692,331880,31.19,31.18,9490,11115,7599,-2423
858,DAL,2020-09-02,0 days 15:58:15.241991,330979,31.19,31.18,8130,12318,-536,7599
859,DAL,2020-09-02,0 days 15:59:01.244857,328537,31.2,31.19,6567,9995,7044,-30522
860,DAL,2020-09-02,0 days 15:59:05.245334,312948,31.19,31.18,10757,7079,-19949,3073
861,DAL,2020-09-02,0 days 15:59:06.243493,332897,31.18,31.17,3651,8001,5191,-19949
862,DAL,2020-09-02,0 days 15:59:33.243370,359720,31.18,31.17,11195,1099,-6060,5270
863,DAL,2020-09-02,0 days 15:59:50.248489,358352,31.17,31.16,2133,17820,-10076,17926
864,DB,2020-09-02,0 days 15:58:47.242116,29983,9.45,9.44,167174,120480,-3509,2073
865,DB,2020-09-02,0 days 15:59:36.243213,34093,9.45,9.44,151995,107727,2367,-2933
866,DB,2020-09-02,0 days 15:59:37.243454,33860,9.45,9.44,149095,111627,-233,2367
867,DB,2020-09-02,0 days 15:59:38.244006,34093,9.45,9.44,142002,110727,8867,-233
868,DB,2020-09-02,0 days 15:59:39.243926,33860,9.45,9.44,147262,111627,-233,8867
869,DBI,2020-09-02,0 days 15:55:31.225138,55305,8.28,8.27,7644,5301,1268,-2132
870,DBI,2020-09-02,0 days 15:55:32.224805,54973,8.28,8.27,7581,5201,-332,1268
871,DBI,2020-09-02,0 days 15:55:41.225245,55305,8.28,8.27,7338,7158,5802,-2798
872,DBI,2020-09-02,0 days 15:58:02.228817,83935,8.24,8.23,4201,4965,-4762,1658
873,DBI,2020-09-02,0 days 15:58:03.228757,81497,8.24,8.23,4701,4600,2438,-4762
874,DD,2020-09-02,0 days 15:55:00.239222,541172,60.22,60.21,619,796,17331,-45981
875,DD,2020-09-02,0 days 15:56:20.241281,569668,60.13,60.12,1292,1372,-358,11542
876,DD,2020-09-02,0 days 15:56:24.241981,558161,60.15,60.13,300,1165,11507,-958
877,DDD,2020-09-02,0 days 15:55:00.237666,87820,5.62,5.61,12789,13157,-4431,10468
878,DDD,2020-09-02,0 days 15:55:27.238562,92251,5.62,5.61,13084,11405,5869,-4431
879,DDD,2020-09-02,0 days 15:55:28.238561,88420,5.62,5.61,13084,11405,-3831,5869
880,DDD,2020-09-02,0 days 15:55:57.239320,92251,5.62,5.61,12470,11576,1629,-1566
881,DDD,2020-09-02,0 days 15:55:58.240774,88980,5.62,5.61,12470,11676,-3271,1629
882,DDD,2020-09-02,0 days 15:59:14.248319,90386,5.61,5.6,17853,30972,-1981,2719
883,DDD,2020-09-02,0 days 15:59:50.252967,91798,5.6,5.59,27700,18063,-1269,3659
884,DELL,2020-09-02,0 days 15:57:25.296998,97397,68.41,68.39,920,200,-692,2726
885,DELL,2020-09-02,0 days 15:57:26.296409,95369,68.41,68.39,720,400,2028,-692
886,DELL,2020-09-02,0 days 15:57:43.297177,94767,68.45,68.43,100,900,1630,-2870
887,DELL,2020-09-02,0 days 15:59:25.300340,104134,68.47,68.46,796,333,3317,-1281
888,DGX,2020-09-02,0 days 15:57:46.239342,89797,110.66,110.63,225,116,4446,-654
889,DGX,2020-09-02,0 days 15:57:47.239013,89243,110.66,110.63,225,500,-554,4446
890,DGX,2020-09-02,0 days 15:57:53.239610,89797,110.64,110.62,225,320,2248,-754
891,DGX,2020-09-02,0 days 15:57:54.239432,89345,110.65,110.63,165,874,-452,2248
892,DGX,2020-09-02,0 days 15:58:03.240818,88845,110.65,110.62,1292,403,-952,91
893,DGX,2020-09-02,0 days 15:59:03.243243,92145,110.69,110.68,125,767,1187,-676
894,DGX,2020-09-02,0 days 15:59:04.243896,91969,110.7,110.68,725,1074,-176,1187
895,DGX,2020-09-02,0 days 15:59:13.243792,97975,110.71,110.7,400,391,1981,-29
896,DGX,2020-09-02,0 days 15:59:14.245202,97692,110.7,110.69,500,251,-283,1981
897,DGX,2020-09-02,0 days 15:59:17.244924,93855,110.71,110.69,237,219,1135,-436
898,DGX,2020-09-02,0 days 15:59:35.244763,95883,110.74,110.73,181,525,-215,185
899,DGX,2020-09-02,0 days 15:59:43.245541,96120,110.79,110.77,525,267,139,-574
900,DGX,2020-09-02,0 days 15:59:44.245063,95959,110.78,110.76,100,550,-139,139
901,DHI,2020-09-02,0 days 15:55:11.504207,245357,73.18,73.17,424,600,-1169,3707
902,DHI,2020-09-02,0 days 15:55:12.504636,241226,73.19,73.18,716,545,3631,-1169
903,DHI,2020-09-02,0 days 15:59:04.512550,258312,73.04,73.03,441,1110,-20847,6167
904,DHI,2020-09-02,0 days 15:59:05.513528,255515,73.05,73.04,200,300,265,-20847
905,DHI,2020-09-02,0 days 15:59:07.512835,255780,73.05,73.04,142,598,-740,175
906,DHI,2020-09-02,0 days 15:59:08.513300,254220,73.05,73.04,300,821,1560,-740
907,DHI,2020-09-02,0 days 15:59:13.513383,256012,73.02,73.01,979,601,-37309,1592
908,DHI,2020-09-02,0 days 15:59:34.511923,311937,73.0,72.99,990,543,-3914,10929
909,DHI,2020-09-02,0 days 15:59:35.512408,315851,72.95,72.94,1500,739,9680,-3914
910,DHI,2020-09-02,0 days 15:59:36.512593,312637,72.97,72.96,300,1000,-3214,9680
911,DIS,2020-09-02,0 days 15:59:48.244620,725661,135.44,135.42,725,911,-155,7174
912,DIS,2020-09-02,0 days 15:59:50.248596,698489,135.42,135.38,100,1879,27172,-255
913,DKS,2020-09-02,0 days 15:55:00.238969,60198,56.29,56.27,600,1190,-388,10804
914,DKS,2020-09-02,0 days 15:55:28.240382,65132,56.3,56.29,700,513,183,-1017
915,DKS,2020-09-02,0 days 15:55:29.240398,64415,56.29,56.26,786,400,-717,183
916,DKS,2020-09-02,0 days 15:57:00.243203,72466,56.24,56.23,100,122,2782,-318
917,DKS,2020-09-02,0 days 15:57:01.243767,71648,56.24,56.23,100,600,-818,2782
918,DKS,2020-09-02,0 days 15:57:04.242552,68254,56.24,56.22,500,600,3394,-818
919,DKS,2020-09-02,0 days 15:57:05.242995,67348,56.24,56.22,300,1310,-906,3394
920,DKS,2020-09-02,0 days 15:59:04.248727,71946,56.26,56.25,1564,100,2220,-1067
921,DKS,2020-09-02,0 days 15:59:06.248932,71166,56.24,56.23,301,800,-380,1320
922,DKS,2020-09-02,0 days 15:59:20.247583,79457,56.24,56.22,1627,800,236,-631
923,DKS,2020-09-02,0 days 15:59:22.247135,79693,56.24,56.22,2088,573,-17,10
924,DLPH,2020-09-02,0 days 15:55:00.503725,7794,18.43,18.42,2321,10544,-2309,717
925,DLPH,2020-09-02,0 days 15:56:09.505917,10103,18.4,18.39,5770,6112,763,-337
926,DLPH,2020-09-02,0 days 15:59:03.513026,10800,18.38,18.37,5939,5920,-251,561
927,DLPH,2020-09-02,0 days 15:59:15.513387,13452,18.4,18.39,7956,2030,29,-249
928,DLPH,2020-09-02,0 days 15:59:16.512918,13188,18.4,18.39,7956,1530,-264,29
929,DLPH,2020-09-02,0 days 15:59:32.511626,13452,18.39,18.38,8380,1000,166,-122
930,DLPH,2020-09-02,0 days 15:59:34.512121,13247,18.39,18.38,8261,2457,-105,83
931,DOW,2020-09-02,0 days 15:55:00.250698,696685,49.23,49.22,1100,166,18247,-34805
932,DOW,2020-09-02,0 days 15:56:20.255955,719525,49.18,49.17,200,1972,-18068,8032
933,DOW,2020-09-02,0 days 15:56:21.255888,702593,49.19,49.18,800,100,16932,-18068
934,DOW,2020-09-02,0 days 15:57:35.257874,719959,49.22,49.21,1867,1843,-2123,5077
935,DOW,2020-09-02,0 days 15:57:36.258617,713582,49.22,49.21,2767,1330,6377,-2123
936,DOW,2020-09-02,0 days 15:57:37.258542,719959,49.22,49.21,3047,1530,-723,6377
937,DOW,2020-09-02,0 days 15:57:39.258597,709482,49.22,49.21,2847,1630,10477,-723
938,DOW,2020-09-02,0 days 15:57:42.258412,719959,49.23,49.22,755,396,-3749,9951
939,DOW,2020-09-02,0 days 15:57:43.258179,709608,49.22,49.21,515,2081,10351,-3749
940,DOW,2020-09-02,0 days 15:57:47.259329,719959,49.24,49.23,1600,542,-2049,5151
941,DOW,2020-09-02,0 days 15:57:48.258579,710008,49.24,49.23,2115,700,9951,-2049
942,DOW,2020-09-02,0 days 15:58:19.261080,723833,49.21,49.2,200,2585,-16735,3330
943,DOW,2020-09-02,0 days 15:58:21.261371,718100,49.21,49.2,982,1573,5733,-5235
944,DOW,2020-09-02,0 days 15:59:32.258397,880667,49.26,49.25,3520,2507,-11992,6762
945,DOW,2020-09-02,0 days 15:59:33.259145,869159,49.26,49.25,4718,1196,29245,-11992
946,DS,2020-09-02,0 days 15:55:00.250809,150,1.43,1.42,2600,3519,-1106,30
947,DT,2020-09-02,0 days 15:55:38.239895,113077,46.91,46.88,400,956,-124,1999
948,DT,2020-09-02,0 days 15:55:50.240538,111101,46.89,46.87,700,200,1976,-824
949,DT,2020-09-02,0 days 15:57:28.238207,116077,46.85,46.84,1633,1115,-18,66
950,DT,2020-09-02,0 days 15:57:36.239003,114595,46.84,46.82,1163,4502,1482,-6618
951,DT,2020-09-02,0 days 15:58:02.240645,116077,46.88,46.87,300,300,-115,1238
952,DT,2020-09-02,0 days 15:58:03.240818,114992,46.88,46.87,600,100,1085,-115
953,DT,2020-09-02,0 days 15:58:59.242698,116136,46.86,46.84,570,200,-21753,844
954,DT,2020-09-02,0 days 15:59:28.246554,168856,46.75,46.74,1742,901,2184,-2037
955,DT,2020-09-02,0 days 15:59:29.244531,166240,46.75,46.74,2199,3701,-2616,2184
956,DT,2020-09-02,0 days 15:59:30.247316,168856,46.75,46.74,2771,7125,384,-2616
957,DT,2020-09-02,0 days 15:59:34.245145,166933,46.75,46.74,683,7552,-1923,6877
958,DT,2020-09-02,0 days 15:59:46.246503,168907,46.66,46.65,680,1197,2634,-1923
959,DT,2020-09-02,0 days 15:59:47.245823,167741,46.68,46.65,800,1297,-1166,2634
960,DT,2020-09-02,0 days 15:59:49.245922,168907,46.68,46.67,100,2103,973,-3966
961,DT,2020-09-02,0 days 15:59:50.250561,168280,46.68,46.67,301,1862,-627,973
962,DUK,2020-09-02,0 days 15:55:00.239371,266763,81.6,81.58,1151,201,17094,-33258
963,DUK,2020-09-02,0 days 15:55:07.239136,283457,81.64,81.62,319,560,-5432,3774
964,DUK,2020-09-02,0 days 15:55:08.239546,280089,81.64,81.62,300,410,3368,-5432
965,DUK,2020-09-02,0 days 15:59:11.243734,328162,81.51,81.5,1966,720,-610,2499
966,DUK,2020-09-02,0 days 15:59:19.243839,325441,81.5,81.49,600,1122,2841,-1059
967,DUK,2020-09-02,0 days 15:59:28.246569,329018,81.51,81.5,1848,659,-3762,850
968,DUK,2020-09-02,0 days 15:59:29.244531,327180,81.5,81.49,200,993,1102,-3762
969,DUK,2020-09-02,0 days 15:59:42.246136,330634,81.51,81.5,225,400,-1784,472
970,DVN,2020-09-02,0 days 15:55:25.259900,375965,10.65,10.64,23841,23037,67555,-89631
971,DVN,2020-09-02,0 days 15:55:26.254217,368720,10.65,10.64,35552,23638,-6445,67555
972,DVN,2020-09-02,0 days 15:55:53.255080,375507,10.65,10.64,24407,23333,2732,-6684
973,DVN,2020-09-02,0 days 15:55:54.255237,369239,10.65,10.64,24307,23204,-6268,2732
974,DVN,2020-09-02,0 days 15:56:21.256095,384112,10.65,10.64,35544,21859,2617,-7914
975,DVN,2020-09-02,0 days 15:56:22.255984,377129,10.65,10.64,35644,18759,-6183,2617
976,DVN,2020-09-02,0 days 15:59:16.262179,432481,10.67,10.66,4357,46465,-5525,10775
977,EC,2020-09-02,0 days 15:56:08.241288,22000,11.83,11.82,8872,10864,1242,-296
978,EC,2020-09-02,0 days 15:59:01.250929,25892,11.86,11.85,11422,25744,-229,444
979,EC,2020-09-02,0 days 15:59:38.247659,26921,11.86,11.85,20108,11408,146,-654
980,EMR,2020-09-02,0 days 15:59:06.248742,352487,70.73,70.72,1572,1096,177,-3798
981,EMR,2020-09-02,0 days 15:59:08.247966,353064,70.73,70.72,1234,2174,-3525,3418
982,EMR,2020-09-02,0 days 15:59:20.247235,372850,70.74,70.72,800,994,12903,-4879
983,EMR,2020-09-02,0 days 15:59:21.246697,374967,70.76,70.73,1335,2229,-3323,12903
984,EMR,2020-09-02,0 days 15:59:28.248929,378290,70.75,70.74,1002,1193,2946,-2351
985,EMR,2020-09-02,0 days 15:59:29.246782,375436,70.75,70.74,967,1293,-2854,2946
986,EMR,2020-09-02,0 days 15:59:32.246454,378290,70.75,70.74,1000,1684,14756,-2654
987,EMR,2020-09-02,0 days 15:59:33.246342,376346,70.77,70.76,290,1690,-1944,14756
988,EMR,2020-09-02,0 days 15:59:34.246591,378290,70.77,70.76,890,472,5258,-1944
989,EMR,2020-09-02,0 days 15:59:35.246676,377448,70.77,70.76,891,872,-842,5258
990,EMR,2020-09-02,0 days 15:59:48.248881,381831,70.77,70.76,2033,378,4059,-320
991,ENB,2020-09-02,0 days 15:55:00.238905,27303,32.62,32.61,5213,6462,1865,-740
992,ENB,2020-09-02,0 days 15:58:02.240654,23291,32.57,32.56,6425,8545,-6477,665
993,ENB,2020-09-02,0 days 15:59:07.243467,28595,32.57,32.56,7078,9160,4223,-2339
994,EOG,2020-09-02,0 days 15:55:00.238570,763050,43.77,43.76,1503,2767,3890,-158541
995,EOG,2020-09-02,0 days 15:55:01.237971,754940,43.78,43.77,1300,877,-8110,3890
996,EOG,2020-09-02,0 days 15:56:01.241061,802088,43.77,43.76,2920,5771,4434,-32159
997,EOG,2020-09-02,0 days 15:56:02.240681,790522,43.78,43.77,1275,1443,-11566,4434
998,EOG,2020-09-02,0 days 15:59:07.243457,818213,43.76,43.75,3650,3201,620,-10137
999,EOG,2020-09-02,0 days 15:59:11.243697,811653,43.76,43.75,3110,4113,-5718,270
1000,EOG,2020-09-02,0 days 15:59:29.244513,816111,43.76,43.75,1087,747,-3246,5247
1001,EOG,2020-09-02,0 days 15:59:34.245130,819557,43.77,43.76,1600,1270,303,-1999
1002,EOG,2020-09-02,0 days 15:59:35.244763,826067,43.77,43.76,500,2270,-3646,303
1003,EOG,2020-09-02,0 days 15:59:52.246734,822723,43.72,43.71,1307,525,5393,-6114
1004,EPD,2020-09-02,0 days 15:59:01.233282,139791,17.53,17.52,26157,60629,17381,-23072
1005,EPD,2020-09-02,0 days 15:59:02.233292,138019,17.53,17.52,25650,61773,-1172,17381
1006,EPD,2020-09-02,0 days 15:59:12.232177,139887,17.54,17.53,16530,19541,60670,-519
1007,EPD,2020-09-02,0 days 15:59:18.231379,196509,17.55,17.54,13821,21737,-45378,57122
1008,EPD,2020-09-02,0 days 15:59:19.231756,192487,17.55,17.54,16621,18889,4022,-45378
1009,EPD,2020-09-02,0 days 15:59:28.233278,196509,17.55,17.54,14907,21938,-3328,3822
1010,EPD,2020-09-02,0 days 15:59:29.232046,193037,17.55,17.54,19354,18490,3472,-3328
1011,EPD,2020-09-02,0 days 15:59:34.232423,196509,17.55,17.54,19028,24502,-8328,3472
1012,EPD,2020-09-02,0 days 15:59:35.232887,193837,17.55,17.54,20128,23254,2672,-8328
1013,EPD,2020-09-02,0 days 15:59:43.233859,196509,17.55,17.54,14249,23853,-2272,2672
1014,EPD,2020-09-02,0 days 15:59:44.233701,194881,17.55,17.54,12596,26505,2876,-2272
1015,EPD,2020-09-02,0 days 15:59:46.233466,197757,17.55,17.54,7379,28153,-5188,1146
1016,EPD,2020-09-02,0 days 15:59:48.234656,196654,17.55,17.54,7306,26805,1403,-3597
1017,EPD,2020-09-02,0 days 15:59:49.233758,198057,17.55,17.54,6070,26805,-7961,1403
1018,EPD,2020-09-02,0 days 15:59:50.237425,196218,17.55,17.54,6973,23905,1839,-7961
1019,EQH,2020-09-02,0 days 15:59:20.243902,327084,21.61,21.6,3738,8610,12646,-3962
1020,EQH,2020-09-02,0 days 15:59:21.242457,322530,21.61,21.6,4538,7919,-6289,12646
1021,EQH,2020-09-02,0 days 15:59:46.244239,329319,21.6,21.59,5903,9531,1904,-1889
1022,EQH,2020-09-02,0 days 15:59:48.244413,326323,21.6,21.59,6597,10851,-2996,1904
1023,EQNR,2020-09-02,0 days 15:55:00.226768,45128,15.83,15.82,26754,48271,-6464,32709
1024,EQNR,2020-09-02,0 days 15:59:09.237837,54821,15.82,15.81,36061,80184,2510,-3647
1025,EQNR,2020-09-02,0 days 15:59:36.237186,62122,15.82,15.81,51731,84821,-5776,6924
1026,EQNR,2020-09-02,0 days 15:59:37.237313,61698,15.82,15.81,49531,85021,424,-5776
1027,EQNR,2020-09-02,0 days 15:59:46.238375,62122,15.82,15.81,10917,92330,-216,424
1028,EQNR,2020-09-02,0 days 15:59:48.239093,61738,15.82,15.81,23831,88630,384,-216
1029,EQR,2020-09-02,0 days 15:56:18.241412,277697,57.5,57.49,877,1287,5876,-4424
1030,EQR,2020-09-02,0 days 15:56:19.241690,273673,57.5,57.49,977,1087,-4024,5876
1031,EQR,2020-09-02,0 days 15:57:37.246189,277697,57.54,57.53,298,2004,1545,-3055
1032,EQR,2020-09-02,0 days 15:57:38.245840,274942,57.54,57.53,276,1967,-2755,1545
1033,EQR,2020-09-02,0 days 15:57:48.246078,278397,57.58,57.57,2210,200,7445,-2855
1034,EQR,2020-09-02,0 days 15:57:49.246571,276342,57.58,57.57,1210,1612,-2055,7445
1035,EQR,2020-09-02,0 days 15:58:13.247876,278662,57.61,57.6,400,373,88,-133
1036,EQR,2020-09-02,0 days 15:58:16.245830,276850,57.61,57.6,400,1015,-1812,788
1037,EQR,2020-09-02,0 days 15:58:20.246069,278662,57.63,57.61,400,990,3888,-1812
1038,EQR,2020-09-02,0 days 15:58:21.246463,276950,57.63,57.61,400,1490,-1712,3888
1039,EQR,2020-09-02,0 days 15:58:35.246490,278662,57.63,57.62,472,1731,388,-312
1040,EQR,2020-09-02,0 days 15:58:36.246472,277250,57.63,57.62,472,1731,-1412,388
1041,EQR,2020-09-02,0 days 15:58:45.247985,278662,57.63,57.62,318,1769,88,-612
1042,EQR,2020-09-02,0 days 15:58:46.246824,277350,57.63,57.62,200,1751,-1312,88
1043,EQR,2020-09-02,0 days 15:59:03.249133,280921,57.64,57.62,1165,1442,929,-871
1044,EQR,2020-09-02,0 days 15:59:04.248685,280250,57.63,57.61,669,591,-671,929
1045,EQR,2020-09-02,0 days 15:59:05.249778,280921,57.61,57.6,100,739,129,-671
1046,EQR,2020-09-02,0 days 15:59:07.248471,280680,57.61,57.59,644,546,-241,5859
1047,EQR,2020-09-02,0 days 15:59:15.247108,298507,57.59,57.57,1280,2416,16474,-1108
1048,EQR,2020-09-02,0 days 15:59:33.246531,390159,57.72,57.71,1295,1101,-8829,6595
1049,EQR,2020-09-02,0 days 15:59:34.246789,383186,57.71,57.7,1493,595,6973,-8829
1050,EQR,2020-09-02,0 days 15:59:45.249859,392959,57.71,57.7,1606,1223,-3751,2094
1051,EQR,2020-09-02,0 days 15:59:48.249077,393143,57.71,57.7,2458,833,8406,-3820
1052,EQT,2020-09-02,0 days 15:57:37.239219,167316,15.08,15.07,4808,12132,51,-2849
1053,EQT,2020-09-02,0 days 15:57:39.239215,165267,15.08,15.07,2520,14926,-2049,351
1054,EQT,2020-09-02,0 days 15:58:08.241398,167370,15.07,15.06,18147,1390,2090,-4616
1055,EQT,2020-09-02,0 days 15:59:08.243367,165743,15.07,15.06,3123,9500,-1674,626
1056,EQT,2020-09-02,0 days 15:59:11.243472,167417,15.07,15.06,5519,10471,1418,-1674
1057,EQT,2020-09-02,0 days 15:59:12.243576,166601,15.07,15.06,5519,10162,-935,1418
1058,EQT,2020-09-02,0 days 15:59:16.241732,167536,15.06,15.05,6949,7814,2602,-9246
1059,EQT,2020-09-02,0 days 15:59:21.242575,166838,15.06,15.05,3023,11480,-831,4869
1060,EQT,2020-09-02,0 days 15:59:34.243157,167669,15.06,15.05,5357,17978,1617,-331
1061,ERJ,2020-09-02,0 days 15:55:33.255513,35740,5.59,5.58,37135,10910,7942,-11558
1062,ERJ,2020-09-02,0 days 15:55:34.255820,34382,5.59,5.58,34502,8554,-1358,7942
1063,ERJ,2020-09-02,0 days 15:55:43.254574,38240,5.59,5.58,35602,8200,7034,-10866
1064,ERJ,2020-09-02,0 days 15:55:44.255164,36774,5.59,5.58,35602,8500,-1466,7034
1065,ERJ,2020-09-02,0 days 15:56:07.255306,38240,5.58,5.57,25658,26791,352,-1348
1066,ERJ,2020-09-02,0 days 15:56:08.255380,36892,5.58,5.57,25658,26791,-1348,352
1067,ERJ,2020-09-02,0 days 15:59:01.264444,38485,5.58,5.57,9355,43805,8808,-11831
1068,ERJ,2020-09-02,0 days 15:59:02.262962,37393,5.58,5.57,9057,44167,-1587,8808
1069,ERJ,2020-09-02,0 days 15:59:46.260543,41141,5.59,5.58,57221,5028,1225,-2149
1070,ERJ,2020-09-02,0 days 15:59:47.259273,40466,5.58,5.57,48047,43294,-114,1225
1071,EROS,2020-09-02,0 days 15:58:58.300298,36377,3.05,3.04,18602,30871,-503,4174
1072,EROS,2020-09-02,0 days 15:59:36.302749,41614,3.05,3.04,16901,37901,7986,-2214
1073,ESRT,2020-09-02,0 days 15:57:36.238883,115917,6.46,6.45,9124,48166,-2135,2365
1074,ESRT,2020-09-02,0 days 15:57:37.238935,114052,6.46,6.45,9824,45706,1865,-2135
1075,ESRT,2020-09-02,0 days 15:57:42.238592,115917,6.46,6.45,9410,48931,-498,1094
1076,ESRT,2020-09-02,0 days 15:57:43.238409,114423,6.46,6.45,10310,47124,1494,-498
1077,ESRT,2020-09-02,0 days 15:59:19.243660,117431,6.46,6.45,14369,30745,-945,721
1078,ET,2020-09-02,0 days 15:55:53.225045,309527,6.31,6.3,63115,105256,1008,-18792
1079,ET,2020-09-02,0 days 15:59:15.231166,317009,6.32,6.31,14618,145593,38548,-25823
1080,ET,2020-09-02,0 days 15:59:16.231295,314857,6.32,6.31,11118,145393,-1650,38548
1081,ET,2020-09-02,0 days 15:59:46.232994,322570,6.32,6.31,75818,81007,87,-7713
1082,ET,2020-09-02,0 days 15:59:48.234160,315557,6.32,6.31,76118,82750,-7013,87
1083,ETRN,2020-09-02,0 days 15:55:00.503645,146706,10.08,10.07,8077,9713,4051,-31855
1084,ETRN,2020-09-02,0 days 15:58:00.510294,164357,10.05,10.04,11188,7944,-747,5977
1085,ETRN,2020-09-02,0 days 15:58:01.510424,160580,10.05,10.04,11191,7725,3577,-747
1086,ETRN,2020-09-02,0 days 15:58:34.510867,168525,10.06,10.05,3784,14913,-1596,1450
1087,ETRN,2020-09-02,0 days 15:58:35.511067,165301,10.06,10.05,4284,14413,2424,-1596
1088,ETRN,2020-09-02,0 days 15:59:01.512795,147053,10.07,10.06,3635,15665,-387,2385
1089,ETRN,2020-09-02,0 days 15:59:02.512696,146140,10.07,10.06,3935,14755,913,-387
1090,ETRN,2020-09-02,0 days 15:59:03.512799,147053,10.07,10.06,3918,14979,-275,913
1091,ETRN,2020-09-02,0 days 15:59:08.513082,147328,10.07,10.06,3032,15362,3250,-275
1092,EW,2020-09-02,0 days 15:55:00.292096,254063,87.56,87.53,707,100,2458,-48766
1093,EW,2020-09-02,0 days 15:59:32.300696,325164,87.47,87.45,100,950,-8264,3817
1094,EW,2020-09-02,0 days 15:59:33.300850,320303,87.46,87.44,434,1072,5461,-8264
1095,EW,2020-09-02,0 days 15:59:40.301167,324903,87.45,87.44,399,381,861,-6839
1096,EW,2020-09-02,0 days 15:59:50.305410,294485,87.54,87.52,556,842,30822,-479
1097,EXK,2020-09-02,0 days 15:59:36.302987,35999,4.02,4.01,51462,42005,-2975,3625
1098,EXK,2020-09-02,0 days 15:59:37.301416,35774,4.02,4.01,47974,41105,225,-2975
1099,EXK,2020-09-02,0 days 15:59:38.302134,35999,4.02,4.01,47974,42805,-1075,225
1100,EXK,2020-09-02,0 days 15:59:39.300809,35774,4.02,4.01,46962,40705,225,-1075
1101,F,2020-09-02,0 days 15:58:54.512330,2102067,6.95,6.94,995079,636153,11952,-28248
1102,FCX,2020-09-02,0 days 15:55:00.238106,1210944,16.31,16.3,10017,74363,458155,-21053
1103,FCX,2020-09-02,0 days 15:59:34.246720,1986439,16.3,16.29,66203,26676,5651,-18049
1104,FCX,2020-09-02,0 days 15:59:47.248862,2092501,16.3,16.29,37092,68651,-11336,22951
1105,FHN,2020-09-02,0 days 15:55:39.241046,346238,9.62,9.61,19642,20619,-1964,30041
1106,FHN,2020-09-02,0 days 15:55:51.240854,348202,9.61,9.6,31351,20553,436,-1964
1107,FHN,2020-09-02,0 days 15:56:07.240832,348787,9.61,9.6,35501,15383,-1115,585
1108,FHN,2020-09-02,0 days 15:57:36.246039,350040,9.6,9.59,22693,25261,2747,-653
1109,FIS,2020-09-02,0 days 15:55:01.237880,220143,156.71,156.67,400,382,540,-360
1110,FIS,2020-09-02,0 days 15:55:11.239646,220693,156.6,156.56,400,213,-29776,540
1111,FIS,2020-09-02,0 days 15:59:40.245557,334518,155.87,155.85,300,401,1846,-3144
1112,FIT,2020-09-02,0 days 15:55:00.504411,115185,6.44,6.43,27045,100263,-2054,62163
1113,FIT,2020-09-02,0 days 15:55:01.504157,110539,6.44,6.43,29168,102363,4646,-2054
1114,FIT,2020-09-02,0 days 15:55:06.504778,115185,6.44,6.43,52926,80133,-2963,4646
1115,FIT,2020-09-02,0 days 15:55:07.504802,111248,6.44,6.43,57341,80702,3937,-2963
1116,FIT,2020-09-02,0 days 15:57:33.508108,115622,6.43,6.42,16158,29857,-2296,3996
1117,FIT,2020-09-02,0 days 15:57:34.509914,111518,6.41,6.4,51329,36237,4104,-2296
1118,FIT,2020-09-02,0 days 15:57:49.509072,115771,6.41,6.4,34101,51647,-1047,6253
1119,FIT,2020-09-02,0 days 15:57:50.509533,111418,6.41,6.4,35901,50447,4353,-1047
1120,FIT,2020-09-02,0 days 15:58:23.510718,115622,6.42,6.41,49161,50976,-2037,1812
1121,FIT,2020-09-02,0 days 15:58:24.510821,111859,6.42,6.41,50961,48204,3763,-2037
1122,FIT,2020-09-02,0 days 15:59:11.513377,123115,6.41,6.4,62836,32684,-5535,4865
1123,FIT,2020-09-02,0 days 15:59:12.515759,119050,6.41,6.4,66492,31844,4065,-5535
1124,FIT,2020-09-02,0 days 15:59:13.513828,123115,6.41,6.4,63633,33803,-13428,4065
1125,FIT,2020-09-02,0 days 15:59:14.514550,120343,6.41,6.4,66061,28444,2772,-13428
1126,FIT,2020-09-02,0 days 15:59:19.513807,124520,6.41,6.4,66602,30344,-9246,4177
1127,FIT,2020-09-02,0 days 15:59:20.515239,122566,6.41,6.4,66102,30344,1954,-9246
1128,FIT,2020-09-02,0 days 15:59:45.513622,127707,6.41,6.4,70914,19625,-9841,1541
1129,FIT,2020-09-02,0 days 15:59:46.513851,126648,6.41,6.4,64714,21256,2464,-9841
1130,FL,2020-09-02,0 days 15:57:39.238516,95442,32.46,32.45,1286,2187,1957,-1443
1131,FL,2020-09-02,0 days 15:58:01.241139,97374,32.46,32.45,651,2000,-1160,740
1132,FL,2020-09-02,0 days 15:58:02.240654,96434,32.46,32.45,891,2000,940,-1160
1133,FL,2020-09-02,0 days 15:58:03.240818,95218,32.47,32.46,758,2500,-1216,940
1134,FL,2020-09-02,0 days 15:58:04.240264,97134,32.47,32.46,1359,1300,984,-1216
1135,FL,2020-09-02,0 days 15:58:05.240741,98118,32.47,32.46,1959,800,-2131,984
1136,FL,2020-09-02,0 days 15:58:06.240734,97449,32.46,32.45,400,1100,669,-2131
1137,FL,2020-09-02,0 days 15:58:14.241516,99800,32.43,32.42,2170,3400,-380,1220
1138,FL,2020-09-02,0 days 15:58:17.241089,98690,32.43,32.42,3378,2021,1110,-90
1139,FL,2020-09-02,0 days 15:59:15.244764,102878,32.4,32.39,1789,1817,-11500,2142
1140,FL,2020-09-02,0 days 15:59:16.244039,101778,32.4,32.39,2591,1345,1100,-11500
1141,FL,2020-09-02,0 days 15:59:22.244490,102878,32.4,32.39,1861,2112,-3876,1100
1142,FL,2020-09-02,0 days 15:59:26.244276,101981,32.39,32.38,1627,1200,897,-25876
1143,FNB,2020-09-02,0 days 15:55:40.225160,194994,7.57,7.56,29796,26133,-44787,61713
1144,FNB,2020-09-02,0 days 15:55:41.225313,189181,7.57,7.56,13536,30983,5813,-44787
1145,FNB,2020-09-02,0 days 15:59:20.233530,202296,7.56,7.55,2682,43613,1706,-2694
1146,FNB,2020-09-02,0 days 15:59:46.233615,205302,7.56,7.55,8190,49180,-14318,482
1147,FRO,2020-09-02,0 days 15:55:00.237866,72852,7.5,7.49,5813,14694,-780,9299
1148,FRO,2020-09-02,0 days 15:55:31.240339,73632,7.5,7.49,9510,11794,2120,-780
1149,FRO,2020-09-02,0 days 15:58:02.240422,73158,7.5,7.49,46723,11509,-1095,3321
1150,FRO,2020-09-02,0 days 15:59:36.244608,76755,7.5,7.49,30745,28578,489,-17
1151,FSLY,2020-09-02,0 days 15:56:20.295067,224636,91.74,91.68,125,355,6054,-426
1152,FSLY,2020-09-02,0 days 15:56:21.294896,224090,91.75,91.68,2074,355,-546,6054
1153,FSLY,2020-09-02,0 days 15:57:43.297073,232987,91.87,91.83,200,375,2114,-3235
1154,FSLY,2020-09-02,0 days 15:57:44.297442,231801,91.87,91.83,200,375,-1186,2114
1155,FSLY,2020-09-02,0 days 15:57:45.297155,232987,91.84,91.79,200,100,814,-1186
1156,FSLY,2020-09-02,0 days 15:57:46.297911,231801,91.83,91.79,320,200,-1186,814
1157,FSLY,2020-09-02,0 days 15:58:38.300537,231728,91.82,91.78,100,100,4746,-1095
1158,FSLY,2020-09-02,0 days 15:58:39.300433,231074,91.8,91.77,203,175,-654,4746
1159,FSM,2020-09-02,0 days 15:55:00.239352,45604,7.02,7.01,24561,28342,9619,-13048
1160,FSM,2020-09-02,0 days 15:59:36.246998,69172,7.04,7.03,31287,53246,-3488,4112
1161,FSM,2020-09-02,0 days 15:59:37.247222,68960,7.04,7.03,28787,51929,212,-3488
1162,FSM,2020-09-02,0 days 15:59:46.250881,69172,7.04,7.03,28879,52676,-63,212
1163,FSM,2020-09-02,0 days 15:59:48.249339,68935,7.04,7.03,28758,50613,237,-63
1164,FTCH,2020-09-02,0 days 15:56:53.226680,136734,29.06,29.05,1393,1205,-188406,494
1165,FTCH,2020-09-02,0 days 15:58:06.228884,27712,29.0,28.99,2599,1867,255588,-130412
1166,FTCH,2020-09-02,0 days 15:59:07.232239,50344,29.0,28.99,6161,5630,-974,2281
1167,FTCH,2020-09-02,0 days 15:59:08.232492,49450,29.0,28.99,5961,5206,894,-974
1168,FTI,2020-09-02,0 days 15:59:07.243398,271872,7.59,7.58,49983,48119,-15785,1653
1169,FTI,2020-09-02,0 days 15:59:20.243827,290265,7.58,7.57,77346,32415,4645,-1484
1170,FTI,2020-09-02,0 days 15:59:21.242404,289110,7.58,7.57,78846,27915,-15961,4645
1171,FTV,2020-09-02,0 days 15:55:00.234831,88361,74.63,74.62,618,670,2640,-8271
1172,FTV,2020-09-02,0 days 15:55:11.235907,91071,74.61,74.6,200,647,-6387,2710
1173,FTV,2020-09-02,0 days 15:56:04.237987,102605,74.42,74.4,700,1091,83,-917
1174,FTV,2020-09-02,0 days 15:56:05.238051,102200,74.42,74.4,600,1604,-405,83
1175,FTV,2020-09-02,0 days 15:57:34.239136,104070,74.36,74.35,943,500,1876,-124
1176,FTV,2020-09-02,0 days 15:57:35.239064,103334,74.36,74.35,646,879,-1736,1876
1177,FTV,2020-09-02,0 days 15:57:47.239157,107470,74.35,74.33,500,881,276,-2938
1178,FTV,2020-09-02,0 days 15:57:48.239727,106932,74.35,74.34,691,200,-538,276
1179,FTV,2020-09-02,0 days 15:59:04.243576,107787,74.32,74.3,1510,600,3067,-1133
1180,FTV,2020-09-02,0 days 15:59:44.243733,120487,74.35,74.33,700,1125,-1241,3173
1181,FTV,2020-09-02,0 days 15:59:47.244106,122828,74.37,74.35,900,801,348,-1438
1182,FTV,2020-09-02,0 days 15:59:48.244553,123176,74.37,74.36,400,160,-1652,348
1183,FTV,2020-09-02,0 days 15:59:50.248321,122828,74.35,74.34,100,963,535,-1652
1184,GFI,2020-09-02,0 days 15:58:51.247106,270741,12.38,12.37,16320,53171,-2214,586
1185,GFI,2020-09-02,0 days 15:58:52.247157,268955,12.38,12.37,17180,52265,2426,-2214
1186,GFL,2020-09-02,0 days 15:59:46.302128,21478,18.39,18.37,8200,956,-777,323
1187,GFL,2020-09-02,0 days 15:59:47.301990,21167,18.39,18.37,8480,756,311,-777
1188,GGB,2020-09-02,0 days 15:55:00.292649,14271,3.69,3.68,253066,66200,2027,-2434
1189,GGB,2020-09-02,0 days 15:58:47.300924,16984,3.68,3.67,339924,445403,-144,2710
1190,GGB,2020-09-02,0 days 15:59:02.301754,17092,3.68,3.67,353001,433803,3254,-144
1191,GGB,2020-09-02,0 days 15:59:12.302496,20346,3.68,3.67,345070,432003,-4446,3254
1192,GGB,2020-09-02,0 days 15:59:36.302987,24825,3.68,3.67,399322,281865,2541,-3059
1193,GGB,2020-09-02,0 days 15:59:37.301406,24666,3.68,3.67,386622,310585,-159,2541
1194,GIS,2020-09-02,0 days 15:55:46.229220,400810,64.49,64.48,2917,1022,4672,-928
1195,GIS,2020-09-02,0 days 15:55:47.229784,398460,64.48,64.47,791,2089,-2350,4672
1196,GIS,2020-09-02,0 days 15:57:38.231930,401428,64.46,64.45,1926,1761,2910,-190
1197,GIS,2020-09-02,0 days 15:57:39.231838,399138,64.46,64.45,1422,1880,-2290,2910
1198,GIS,2020-09-02,0 days 15:57:53.232759,403660,64.48,64.47,1707,1510,3335,-2722
1199,GIS,2020-09-02,0 days 15:57:55.232797,401895,64.48,64.47,1698,1612,-665,1935
1200,GIS,2020-09-02,0 days 15:58:02.233934,400418,64.48,64.47,2319,1503,3877,-5271
1201,GIS,2020-09-02,0 days 15:58:03.233653,398995,64.48,64.47,1668,2873,-1423,3877
1202,GIS,2020-09-02,0 days 15:58:09.233927,400418,64.47,64.46,3101,610,1039,-561
1203,GIS,2020-09-02,0 days 15:58:10.234492,399057,64.47,64.46,4480,1109,-1361,1039
1204,GIS,2020-09-02,0 days 15:59:05.238232,406394,64.5,64.49,507,1895,54,-246
1205,GIS,2020-09-02,0 days 15:59:07.236811,393248,64.51,64.5,1701,450,-247,13144
1206,GIS,2020-09-02,0 days 15:59:10.237575,399703,64.52,64.51,831,1647,424,-4676
1207,GIS,2020-09-02,0 days 15:59:12.236989,404537,64.53,64.52,950,2795,-77,236
1208,GIS,2020-09-02,0 days 15:59:15.237056,407147,64.52,64.51,3200,1188,2392,-450
1209,GIS,2020-09-02,0 days 15:59:16.235854,407139,64.52,64.51,2400,840,-8,2392
1210,GIS,2020-09-02,0 days 15:59:17.236427,407147,64.52,64.51,2101,1012,475,-8
1211,GIS,2020-09-02,0 days 15:59:40.238105,408892,64.52,64.51,2776,1840,5020,-2480
1212,GLW,2020-09-02,0 days 15:59:33.259274,413860,33.73,33.72,9699,6538,3066,-2603
1213,GLW,2020-09-02,0 days 15:59:45.260274,444852,33.74,33.73,11364,7865,24981,-21419
1214,GLW,2020-09-02,0 days 15:59:47.259252,435319,33.74,33.73,1828,18315,-13564,17958
1215,GLW,2020-09-02,0 days 15:59:52.257641,413991,33.73,33.72,12069,10216,24300,-10592
1216,GM,2020-09-02,0 days 15:55:47.240934,913634,31.03,31.02,23121,23769,7790,-33541
1217,GM,2020-09-02,0 days 15:55:48.241070,898524,31.03,31.02,23121,23970,-15146,7790
1218,GM,2020-09-02,0 days 15:56:20.241174,915024,30.99,30.98,10628,16478,-9625,23
1219,GM,2020-09-02,0 days 15:59:07.248314,938858,31.0,30.99,20974,12789,23394,-778
1220,GM,2020-09-02,0 days 15:59:08.247996,931852,31.01,31.0,10503,24590,-14530,23394
1221,GM,2020-09-02,0 days 15:59:15.246989,976542,30.99,30.98,16668,11759,7469,-857
1222,GM,2020-09-02,0 days 15:59:27.246344,987593,31.0,30.99,26496,5890,773,-8727
1223,GM,2020-09-02,0 days 15:59:35.246676,988574,31.0,30.99,18129,8022,-14,781
1224,GM,2020-09-02,0 days 15:59:39.247627,988588,30.99,30.98,25794,9325,28586,-14
1225,GME,2020-09-02,0 days 15:55:00.234568,82514,7.68,7.67,20954,8009,981,-15746
