,Symbol,Timestamp,TIME,iPaired,Ask_P,Bid_P,Ask_S,Bid_S,iShares,PreviShares
0,AA,2020-09-03,0 days 15:55:00.255928,110987,14.22,14.21,9572,3652,-1449,13555
1,AA,2020-09-03,0 days 15:55:01.256542,110436,14.22,14.21,10872,4952,551,-1449
2,AA,2020-09-03,0 days 15:55:08.257380,110987,14.22,14.21,16725,625,-681,551
3,AA,2020-09-03,0 days 15:55:44.259330,111568,14.23,14.22,9802,9267,674,-526
4,AA,2020-09-03,0 days 15:55:59.262093,112242,14.23,14.22,14221,3517,-247,460
5,ABBV,2020-09-03,0 days 15:55:01.244275,814224,91.77,91.76,400,1192,4736,-7870
6,ABBV,2020-09-03,0 days 15:55:50.248847,851207,91.85,91.84,400,840,-6295,4712
7,ABBV,2020-09-03,0 days 15:55:51.249091,847545,91.84,91.83,1100,1141,3662,-6295
8,ABBV,2020-09-03,0 days 15:57:16.250080,854086,91.85,91.84,100,826,-388,883
9,ABBV,2020-09-03,0 days 15:57:31.244755,848149,91.9,91.89,700,387,3455,-1099
10,ABBV,2020-09-03,0 days 15:57:33.245186,853850,91.91,91.89,1100,2245,-4599,1655
11,ABBV,2020-09-03,0 days 15:57:35.245829,849949,91.9,91.89,100,929,1655,-3099
12,ABBV,2020-09-03,0 days 15:57:48.246743,858186,91.86,91.84,460,700,-3221,16650
13,ABBV,2020-09-03,0 days 15:57:49.246841,855382,91.85,91.84,1100,400,2804,-3221
14,ABBV,2020-09-03,0 days 15:58:05.248898,861590,91.82,91.81,2417,658,-2091,3877
15,ABBV,2020-09-03,0 days 15:58:06.248230,857781,91.82,91.81,1707,1124,3040,-2091
16,ABBV,2020-09-03,0 days 15:58:09.248085,861590,91.81,91.8,900,1167,-4028,3478
17,ABBV,2020-09-03,0 days 15:58:10.249076,857818,91.81,91.8,1220,1267,3003,-4028
18,ABBV,2020-09-03,0 days 15:58:14.248613,862734,91.79,91.78,1751,705,-2884,3772
19,ABBV,2020-09-03,0 days 15:58:15.249238,856218,91.79,91.78,2128,378,5372,-2884
20,ABBV,2020-09-03,0 days 15:58:17.248221,862734,91.8,91.78,861,1659,-184,5372
21,ABBV,2020-09-03,0 days 15:58:19.249850,857618,91.81,91.8,1332,500,3972,-1328
22,ABBV,2020-09-03,0 days 15:58:45.250268,855461,91.88,91.87,937,1709,-2070,388
23,ABBV,2020-09-03,0 days 15:58:46.250638,852956,91.84,91.82,1638,600,7970,-2070
24,ABBV,2020-09-03,0 days 15:58:54.250226,853559,91.88,91.87,1036,512,1902,-198
25,ABBV,2020-09-03,0 days 15:59:45.249800,922120,91.9,91.89,454,689,107,-2895
26,ABBV,2020-09-03,0 days 15:59:47.248728,922368,91.92,91.9,1196,1250,-1308,248
27,ABBV,2020-09-03,0 days 15:59:52.249575,925032,91.87,91.85,2000,1007,15017,-24264
28,ABEV,2020-09-03,0 days 15:59:36.259053,136145,2.41,2.4,1209264,1064488,-48903,56665
29,ABEV,2020-09-03,0 days 15:59:37.259545,133648,2.41,2.4,1210664,1061988,2497,-48903
30,ABEV,2020-09-03,0 days 15:59:42.259526,136145,2.41,2.4,1264057,1004576,-1111,1447
31,ABEV,2020-09-03,0 days 15:59:48.261667,133856,2.41,2.4,1233998,928698,2289,-1111
32,ABT,2020-09-03,0 days 15:55:01.249522,652523,105.37,105.35,463,150,3643,-4457
33,ABT,2020-09-03,0 days 15:55:30.250160,650977,105.52,105.5,413,200,2525,-675
34,ABT,2020-09-03,0 days 15:55:50.251241,655192,105.51,105.48,110,932,-4266,2294
35,ABT,2020-09-03,0 days 15:55:51.252410,653258,105.5,105.48,610,632,1934,-4266
36,ABT,2020-09-03,0 days 15:56:32.251620,654122,105.63,105.61,200,100,-2349,919
37,ABT,2020-09-03,0 days 15:56:39.251851,649371,105.66,105.63,600,682,1050,-1150
38,ABT,2020-09-03,0 days 15:56:58.252618,654122,105.64,105.62,400,101,-284,2684
39,ABT,2020-09-03,0 days 15:56:59.252124,652506,105.6,105.57,700,200,4515,-284
40,ABT,2020-09-03,0 days 15:58:39.257041,697786,105.53,105.51,1300,300,-239,1761
41,ABT,2020-09-03,0 days 15:58:53.257523,693067,105.52,105.51,158,627,719,-239
42,ABT,2020-09-03,0 days 15:59:05.258695,697839,105.46,105.44,500,1130,-1586,3841
43,ABT,2020-09-03,0 days 15:59:06.261577,696825,105.47,105.45,101,600,3480,-1586
44,ABT,2020-09-03,0 days 15:59:11.258414,700635,105.5,105.48,112,200,-6049,985
45,ABT,2020-09-03,0 days 15:59:16.258218,698145,105.47,105.44,1539,300,4752,-3611
46,ABT,2020-09-03,0 days 15:59:18.258045,702087,105.51,105.48,652,400,-1018,2158
47,ABT,2020-09-03,0 days 15:59:19.258787,700905,105.51,105.47,952,330,609,-1018
48,ABT,2020-09-03,0 days 15:59:34.259749,696455,105.53,105.52,305,548,-10999,1334
49,ABT,2020-09-03,0 days 15:59:55.261825,705954,105.55,105.5,800,1843,1435,-2708
50,ACB,2020-09-03,0 days 15:59:00.252111,13000,9.03,9.02,200,3266,-204,339
51,ACB,2020-09-03,0 days 15:59:01.249076,12704,9.03,9.02,200,3166,157,-204
52,ACB,2020-09-03,0 days 15:59:33.248977,13000,9.03,9.02,6618,143,-389,396
53,ACB,2020-09-03,0 days 15:59:34.248418,12689,9.03,9.02,6518,143,311,-389
54,ACB,2020-09-03,0 days 15:59:39.249300,13000,9.03,9.02,2007,6211,-2089,311
55,ACB,2020-09-03,0 days 15:59:40.248494,12789,9.03,9.02,2007,7474,211,-2089
56,ACI,2020-09-03,0 days 15:56:08.251644,25533,13.5,13.48,4300,2134,-59,340
57,ACI,2020-09-03,0 days 15:56:09.251072,25092,13.5,13.48,4500,2034,441,-59
58,ACI,2020-09-03,0 days 15:57:14.252857,24898,13.54,13.52,8400,1500,-3715,185
59,ACI,2020-09-03,0 days 15:58:47.257259,25190,13.55,13.54,2100,2520,-332,348
60,ACI,2020-09-03,0 days 15:58:48.258914,24922,13.55,13.54,2100,3540,239,-332
61,ACI,2020-09-03,0 days 15:59:01.260846,25190,13.55,13.54,2300,463,-676,239
62,ACI,2020-09-03,0 days 15:59:02.258853,24966,13.54,13.53,3700,318,194,-676
63,ACI,2020-09-03,0 days 15:59:25.259248,25696,13.53,13.5,7600,8557,2566,-681
64,ACI,2020-09-03,0 days 15:59:32.258919,25815,13.53,13.5,6071,16891,-2081,366
65,ADM,2020-09-03,0 days 15:55:10.236979,250280,45.8,45.79,300,1300,-1395,40605
66,ADM,2020-09-03,0 days 15:59:05.243294,285151,45.84,45.83,3269,1716,1968,-745
67,ADM,2020-09-03,0 days 15:59:06.246796,286519,45.84,45.83,2022,2198,-4203,1968
68,ADM,2020-09-03,0 days 15:59:20.244139,359486,45.83,45.82,837,1526,488,-17781
69,ADM,2020-09-03,0 days 15:59:28.242236,357128,45.85,45.84,4468,200,-2358,2742
70,ADM,2020-09-03,0 days 15:59:34.243859,364686,45.85,45.84,5647,1404,1605,-3621
71,ADM,2020-09-03,0 days 15:59:42.244116,356455,45.85,45.84,5306,509,-3031,970
72,ADM,2020-09-03,0 days 15:59:45.245353,360100,45.84,45.83,397,2586,4040,-4377
73,ADM,2020-09-03,0 days 15:59:46.243031,358540,45.85,45.84,6125,555,-1926,4040
74,ADT,2020-09-03,0 days 15:59:08.263632,88702,10.33,10.32,8034,6382,1887,-3129
75,ADT,2020-09-03,0 days 15:59:09.261884,87289,10.33,10.32,5936,8440,-1413,1887
76,ADT,2020-09-03,0 days 15:59:45.262225,95822,10.33,10.32,11078,15112,1506,-866
77,AEO,2020-09-03,0 days 15:57:39.307964,154596,12.62,12.61,11221,8191,-787,713
78,AEO,2020-09-03,0 days 15:59:02.313921,157996,12.63,12.62,17861,13553,1269,-2487
79,AEO,2020-09-03,0 days 15:59:03.312558,157465,12.63,12.62,18961,13612,-531,1269
80,AEO,2020-09-03,0 days 15:59:07.314188,159996,12.63,12.62,18159,15380,40,-531
81,AEO,2020-09-03,0 days 15:59:10.315949,160036,12.63,12.62,15059,15677,-19,40
82,AEO,2020-09-03,0 days 15:59:11.314011,160055,12.63,12.62,16059,15118,2732,-19
83,AEO,2020-09-03,0 days 15:59:12.315568,159587,12.63,12.62,13933,16857,-468,2732
84,AEO,2020-09-03,0 days 15:59:23.312449,159687,12.62,12.61,22012,7523,-547,953
85,AEO,2020-09-03,0 days 15:59:32.313129,158974,12.61,12.6,11871,21329,-1260,3540
86,AEP,2020-09-03,0 days 15:59:15.258930,221376,79.55,79.52,1387,386,5277,-12951
87,AEP,2020-09-03,0 days 15:59:34.260109,248503,79.59,79.58,564,3245,-3768,1777
88,AEP,2020-09-03,0 days 15:59:35.259157,248071,79.59,79.58,676,165,2232,-3768
89,AEP,2020-09-03,0 days 15:59:49.260533,252689,79.61,79.6,500,800,-386,779
90,AEP,2020-09-03,0 days 15:59:50.265874,252154,79.61,79.6,948,737,625,-386
91,AES,2020-09-03,0 days 15:57:43.238665,355783,17.69,17.68,13605,6136,257,-2843
92,AES,2020-09-03,0 days 15:59:20.243871,357576,17.7,17.69,16919,7749,7350,-2073
93,AES,2020-09-03,0 days 15:59:21.242302,356726,17.7,17.69,17719,4972,-850,7350
94,AES,2020-09-03,0 days 15:59:36.243977,358776,17.7,17.69,9172,16557,736,-250
95,AFL,2020-09-03,0 days 15:59:34.248151,801656,36.91,36.9,4384,5052,17438,-6398
96,AFL,2020-09-03,0 days 15:59:35.248592,795394,36.94,36.93,1249,3592,-8238,17438
97,AFL,2020-09-03,0 days 15:59:47.247912,812411,36.95,36.94,4975,359,8749,-12530
98,AFL,2020-09-03,0 days 15:59:57.251363,810402,36.94,36.93,3067,1800,6583,-12721
99,AG,2020-09-03,0 days 15:58:00.240337,73190,11.5,11.49,11287,36135,289,-281
100,AG,2020-09-03,0 days 15:59:14.245071,71377,11.5,11.49,35039,7712,-2480,2288
101,AGI,2020-09-03,0 days 15:59:13.251384,138022,10.08,10.07,8672,36698,-467,10232
102,AGI,2020-09-03,0 days 15:59:36.247445,132424,10.09,10.08,14373,52400,2707,-6020
103,AGI,2020-09-03,0 days 15:59:46.248186,136746,10.09,10.08,10742,61283,-1249,2678
104,AGI,2020-09-03,0 days 15:59:48.248903,132845,10.09,10.08,6742,61583,2286,-2041
105,AIG,2020-09-03,0 days 15:55:28.238938,457845,29.54,29.53,2804,3520,6648,-479
106,AIG,2020-09-03,0 days 15:56:37.239073,491784,29.52,29.51,2227,2369,-1990,6394
107,AIG,2020-09-03,0 days 15:56:38.237720,485474,29.52,29.51,3089,1704,6011,-1990
108,AIG,2020-09-03,0 days 15:59:05.243304,520252,29.38,29.37,1919,3365,-22187,14426
109,AIG,2020-09-03,0 days 15:59:06.246821,517016,29.38,29.37,3119,3870,3236,-22187
110,AIG,2020-09-03,0 days 15:59:07.243837,520252,29.39,29.38,8026,1373,-5803,3236
111,AIG,2020-09-03,0 days 15:59:47.242855,551787,29.42,29.41,5855,8192,2133,-577
112,ALK,2020-09-03,0 days 15:55:00.243792,67215,40.34,40.32,2770,500,374,-747
113,ALK,2020-09-03,0 days 15:55:44.247647,67619,40.42,40.41,297,819,-683,117
114,ALK,2020-09-03,0 days 15:55:45.248818,67502,40.42,40.41,353,1156,117,-683
115,ALK,2020-09-03,0 days 15:57:15.249609,68390,40.41,40.4,710,541,-144,173
116,ALK,2020-09-03,0 days 15:57:27.244492,68334,40.43,40.41,286,836,56,-144
117,ALK,2020-09-03,0 days 15:57:52.247780,71507,40.44,40.43,100,100,-37,563
118,ALK,2020-09-03,0 days 15:57:53.245997,71244,40.44,40.43,333,401,363,-37
119,ALK,2020-09-03,0 days 15:58:14.248592,72246,40.41,40.4,608,954,-109,765
120,ALK,2020-09-03,0 days 15:58:15.249170,71881,40.41,40.4,609,667,365,-109
121,ALK,2020-09-03,0 days 15:59:02.250455,72359,40.41,40.4,1294,610,-99,375
122,ALL,2020-09-03,0 days 15:55:00.234385,371262,93.24,93.2,500,200,3971,-53196
123,ALL,2020-09-03,0 days 15:55:01.234981,370233,93.24,93.2,500,300,-1029,3971
124,ALL,2020-09-03,0 days 15:55:50.237991,372792,93.33,93.29,400,418,556,-654
125,ALL,2020-09-03,0 days 15:55:51.237898,371748,93.33,93.29,400,418,-1044,556
126,ALL,2020-09-03,0 days 15:56:08.237630,371711,93.31,93.25,307,661,-1091,209
127,ALL,2020-09-03,0 days 15:57:33.239231,377956,93.26,93.23,200,300,3013,-687
128,ALL,2020-09-03,0 days 15:57:35.239560,377469,93.28,93.25,749,600,-487,1713
129,ALL,2020-09-03,0 days 15:57:42.238304,378656,93.27,93.24,600,301,13,-2887
130,ALL,2020-09-03,0 days 15:57:47.238273,377756,93.19,93.15,100,714,3613,-1687
131,ALL,2020-09-03,0 days 15:57:48.238658,377569,93.23,93.2,1039,100,-587,3613
132,ALL,2020-09-03,0 days 15:57:55.239112,378156,93.21,93.19,200,100,3413,-87
133,ALL,2020-09-03,0 days 15:57:56.239674,377969,93.25,93.22,311,735,-187,3413
134,ALL,2020-09-03,0 days 15:58:02.240645,378156,93.26,93.23,234,754,3213,-187
135,ALL,2020-09-03,0 days 15:58:03.240018,376863,93.26,93.24,200,234,-1293,3213
136,ALL,2020-09-03,0 days 15:58:06.240494,379256,93.25,93.22,100,200,1507,-393
137,ALL,2020-09-03,0 days 15:58:07.241240,377663,93.24,93.22,300,327,-1393,1507
138,ALL,2020-09-03,0 days 15:58:10.241127,379056,93.24,93.2,1386,450,607,-93
139,ALL,2020-09-03,0 days 15:58:12.241178,378275,93.23,93.21,439,427,-245,4155
140,ALL,2020-09-03,0 days 15:58:13.240869,378520,93.23,93.2,510,300,655,-245
141,ALL,2020-09-03,0 days 15:58:14.241395,378275,93.23,93.21,894,192,-245,655
142,ALL,2020-09-03,0 days 15:58:19.241806,378520,93.21,93.19,100,100,2055,-245
143,ALL,2020-09-03,0 days 15:58:20.241327,378275,93.22,93.19,400,492,-261,2055
144,ALL,2020-09-03,0 days 15:58:22.241133,378136,93.21,93.17,300,658,139,-261
145,ALL,2020-09-03,0 days 15:58:29.242427,378536,93.23,93.21,400,215,839,-261
146,ALL,2020-09-03,0 days 15:58:41.241876,378183,93.29,93.27,500,300,-1453,47
147,ALL,2020-09-03,0 days 15:59:17.243808,405401,93.34,93.31,338,415,-2809,18691
148,ALL,2020-09-03,0 days 15:59:21.242403,404676,93.35,93.32,538,196,625,-3875
149,ALL,2020-09-03,0 days 15:59:33.243547,403900,93.36,93.32,1109,300,1501,-799
150,ALL,2020-09-03,0 days 15:59:34.243762,405401,93.36,93.32,609,826,-6521,1501
151,ALL,2020-09-03,0 days 15:59:39.243905,405301,93.34,93.33,100,100,-21,79
152,ALL,2020-09-03,0 days 15:59:47.242686,412541,93.31,93.26,900,200,-258,74
153,ALL,2020-09-03,0 days 15:59:56.245907,409144,93.34,93.27,300,400,797,-4003
154,ALL,2020-09-03,0 days 15:59:58.246436,406041,93.34,93.29,300,4135,-4003,3397
155,ALLY,2020-09-03,0 days 15:55:00.301926,190162,23.81,23.8,2385,5300,2643,-17185
156,ALLY,2020-09-03,0 days 15:57:34.307939,254156,23.82,23.81,6570,8331,-2373,107
157,ALLY,2020-09-03,0 days 15:57:35.308270,247849,23.82,23.81,6968,7731,6307,-2373
158,ALLY,2020-09-03,0 days 15:58:50.311642,250312,23.82,23.81,11770,6110,6144,-3956
159,ALLY,2020-09-03,0 days 15:59:05.313712,259216,23.8,23.79,3796,9309,-5989,5800
160,ALLY,2020-09-03,0 days 15:59:06.317284,254005,23.8,23.79,4920,9242,5211,-5989
161,ALLY,2020-09-03,0 days 15:59:10.315972,259216,23.8,23.79,3306,14430,-16342,5211
162,ALLY,2020-09-03,0 days 15:59:49.315865,274996,23.8,23.79,9608,7691,769,-3900
163,AM,2020-09-03,0 days 15:55:44.259345,119739,6.09,6.08,11555,23899,-2039,2661
164,AM,2020-09-03,0 days 15:55:45.262156,117378,6.09,6.08,11555,24400,2361,-2039
165,AM,2020-09-03,0 days 15:58:35.260479,127753,6.09,6.08,10478,50205,-677,3123
166,AM,2020-09-03,0 days 15:58:36.260645,124930,6.09,6.08,8378,54057,2823,-677
167,AM,2020-09-03,0 days 15:59:21.264158,129315,6.1,6.09,20001,27584,2034,-2366
168,AMCR,2020-09-03,0 days 15:55:00.243865,1276169,11.04,11.03,22358,8863,23160,-175551
169,AMCR,2020-09-03,0 days 15:55:50.248331,1299329,11.04,11.03,24213,21918,-6216,11560
170,AMCR,2020-09-03,0 days 15:55:51.248299,1281545,11.04,11.03,24786,19918,17784,-6216
171,AMCR,2020-09-03,0 days 15:58:55.246600,1324364,11.05,11.04,23080,50481,19326,-3374
172,AMCR,2020-09-03,0 days 15:59:45.248656,1644254,11.08,11.07,57507,52025,-6464,7118
173,AMCR,2020-09-03,0 days 15:59:48.248259,1631818,11.08,11.07,56266,41735,14061,-4839
174,AMT,2020-09-03,0 days 15:55:01.235125,266756,252.19,252.06,327,325,1533,-367
175,AMT,2020-09-03,0 days 15:56:03.237179,302303,252.28,252.21,125,100,-3539,361
176,AMT,2020-09-03,0 days 15:56:17.239264,268684,252.37,252.24,311,525,1267,-2897
177,AMT,2020-09-03,0 days 15:57:33.239326,269350,252.73,252.69,200,209,-958,1642
178,AMT,2020-09-03,0 days 15:57:35.239660,268508,252.72,252.68,233,325,947,-758
179,AMT,2020-09-03,0 days 15:57:43.238838,269455,252.68,252.56,386,100,-153,747
180,AMT,2020-09-03,0 days 15:57:44.238769,268808,252.68,252.61,288,200,647,-153
181,AMT,2020-09-03,0 days 15:57:47.238333,269455,252.64,252.55,312,100,-891,647
182,AMT,2020-09-03,0 days 15:57:48.238780,269008,252.69,252.59,200,425,447,-891
183,AMT,2020-09-03,0 days 15:57:52.241172,269455,252.69,252.6,259,100,-253,447
184,AMT,2020-09-03,0 days 15:57:53.238715,269208,252.69,252.59,359,300,247,-253
185,AMT,2020-09-03,0 days 15:58:02.240751,268789,252.7,252.59,172,300,-219,447
186,AMT,2020-09-03,0 days 15:58:03.240075,267208,252.73,252.6,109,225,1581,-219
187,AMT,2020-09-03,0 days 15:58:04.240242,268789,252.71,252.62,308,100,-919,1581
188,AMT,2020-09-03,0 days 15:58:05.241402,268499,252.71,252.59,108,105,290,-919
189,AMT,2020-09-03,0 days 15:58:06.240586,268789,252.7,252.62,309,100,-255,290
190,AMT,2020-09-03,0 days 15:58:07.241351,268444,252.7,252.62,242,200,345,-255
191,AMT,2020-09-03,0 days 15:58:08.240444,268789,252.67,252.62,409,100,-1893,345
192,AMT,2020-09-03,0 days 15:58:09.240903,268382,252.65,252.59,358,205,407,-1893
193,AMT,2020-09-03,0 days 15:58:26.241801,269050,252.74,252.68,200,125,-42,269
194,AMT,2020-09-03,0 days 15:58:27.241223,268692,252.73,252.66,225,400,358,-42
195,AMT,2020-09-03,0 days 15:58:33.242810,269050,252.73,252.68,598,100,-3842,358
196,AMT,2020-09-03,0 days 15:58:34.241785,265792,252.71,252.67,528,499,4158,-3842
197,AMT,2020-09-03,0 days 15:58:38.241491,269050,252.69,252.66,200,823,-49642,358
198,AMT,2020-09-03,0 days 15:59:56.246021,288610,252.56,252.29,5000,100,27623,-26812
199,AMX,2020-09-03,0 days 15:57:05.262665,71303,12.12,12.11,38265,18595,-7,61
200,AMX,2020-09-03,0 days 15:57:40.257273,97016,12.12,12.11,26572,33424,3080,-2145
201,AMX,2020-09-03,0 days 15:58:00.259845,98896,12.12,12.11,30940,36904,-1320,2680
202,AMX,2020-09-03,0 days 15:58:01.259217,96616,12.12,12.11,32440,33373,2280,-1320
203,AMX,2020-09-03,0 days 15:59:01.263048,108267,12.12,12.11,61146,19257,-1144,1094
204,ANF,2020-09-03,0 days 15:59:39.313681,114937,12.72,12.71,14977,6570,14531,-1869
205,ANF,2020-09-03,0 days 15:59:40.316920,112987,12.72,12.71,12777,9024,-1950,14531
206,ANF,2020-09-03,0 days 15:59:45.316914,114937,12.72,12.71,15300,3899,3320,-1950
207,ANF,2020-09-03,0 days 15:59:46.314368,113276,12.72,12.71,12259,8903,-1661,3320
208,APLE,2020-09-03,0 days 15:57:45.256202,75459,10.72,10.71,7393,19326,486,-314
209,APTV,2020-09-03,0 days 15:55:01.256455,128814,86.69,86.67,300,500,428,-1072
210,APTV,2020-09-03,0 days 15:55:07.259028,129242,86.71,86.68,300,631,-172,428
211,APTV,2020-09-03,0 days 15:55:08.257323,129114,86.7,86.68,540,200,128,-172
212,APTV,2020-09-03,0 days 15:55:12.256762,129142,86.71,86.68,260,400,-72,28
213,APTV,2020-09-03,0 days 15:55:13.257567,129214,86.7,86.67,516,200,28,-72
214,APTV,2020-09-03,0 days 15:55:14.257740,129742,86.71,86.68,260,400,-95,28
215,APTV,2020-09-03,0 days 15:56:45.260147,132839,86.75,86.72,12475,561,25,-133
216,APTV,2020-09-03,0 days 15:56:46.260099,132564,86.75,86.72,10846,856,-275,25
217,APTV,2020-09-03,0 days 15:57:35.256997,134139,86.75,86.74,101,2315,29,-371
218,APTV,2020-09-03,0 days 15:57:37.256627,133768,86.75,86.74,301,1889,-371,829
219,APTV,2020-09-03,0 days 15:57:43.257051,135639,86.74,86.73,598,898,129,-771
220,APTV,2020-09-03,0 days 15:57:44.256855,135168,86.74,86.73,212,1000,-471,129
221,APTV,2020-09-03,0 days 15:57:46.258112,135639,86.74,86.73,242,1000,129,-471
222,APTV,2020-09-03,0 days 15:57:47.256565,135168,86.74,86.73,242,1055,-471,129
223,APTV,2020-09-03,0 days 15:57:53.257100,136439,86.75,86.74,380,844,129,-571
224,APTV,2020-09-03,0 days 15:58:54.261171,133341,86.68,86.64,102,900,2429,-306
225,APTV,2020-09-03,0 days 15:58:55.260450,133187,86.68,86.64,423,200,-154,2429
226,APTV,2020-09-03,0 days 15:59:00.265192,133405,86.63,86.57,200,300,153,-171
227,APTV,2020-09-03,0 days 15:59:02.262559,133123,86.63,86.58,535,975,-100,100
228,APTV,2020-09-03,0 days 15:59:16.262597,140124,86.67,86.64,728,1257,2430,-487
229,APTV,2020-09-03,0 days 15:59:17.262880,140354,86.71,86.65,100,552,-76,2430
230,APTV,2020-09-03,0 days 15:59:34.264342,143038,86.75,86.72,216,772,3100,-501
231,APTV,2020-09-03,0 days 15:59:35.264514,142638,86.75,86.73,297,734,-1100,3100
232,APTV,2020-09-03,0 days 15:59:36.264692,143038,86.75,86.73,597,637,300,-1100
233,APTV,2020-09-03,0 days 15:59:37.265723,142738,86.75,86.73,414,781,-1000,300
234,APTV,2020-09-03,0 days 15:59:38.265836,143038,86.74,86.72,243,652,300,-1000
235,APTV,2020-09-03,0 days 15:59:39.265817,142738,86.75,86.73,217,527,-300,300
236,AR,2020-09-03,0 days 15:59:19.244268,111578,2.92,2.91,97928,26878,2604,-7319
237,AR,2020-09-03,0 days 15:59:35.243729,118682,2.92,2.91,104076,59063,-13696,2604
238,AR,2020-09-03,0 days 15:59:36.243927,118278,2.92,2.91,111379,67963,404,-13696
239,AR,2020-09-03,0 days 15:59:39.243789,118682,2.92,2.91,117600,89697,-48796,404
240,ATUS,2020-09-03,0 days 15:59:12.315334,253517,27.07,27.06,5200,5844,1621,-186
241,ATUS,2020-09-03,0 days 15:59:19.313398,255138,27.06,27.05,5369,17209,-741,621
242,ATUS,2020-09-03,0 days 15:59:34.312909,268328,27.06,27.05,11244,13550,5154,-6706
243,ATUS,2020-09-03,0 days 15:59:35.313434,260982,27.06,27.05,7444,13670,-7346,5154
244,AU,2020-09-03,0 days 15:56:01.237318,209747,28.68,28.67,1326,3177,-4403,32397
245,AU,2020-09-03,0 days 15:56:02.237336,199250,28.68,28.67,2026,1958,10497,-4403
246,AU,2020-09-03,0 days 15:59:06.246753,216257,28.69,28.68,2672,4145,-6831,5465
247,AU,2020-09-03,0 days 15:59:07.243738,210165,28.69,28.68,2572,4405,5392,-6831
248,AU,2020-09-03,0 days 15:59:46.242998,204404,28.73,28.72,6087,2719,7945,-5523
249,AUY,2020-09-03,0 days 15:55:00.241939,167666,6.14,6.13,348663,93832,21632,-69658
250,AUY,2020-09-03,0 days 15:59:46.251889,208638,6.14,6.13,260159,482079,-1469,8931
251,AUY,2020-09-03,0 days 15:59:48.252956,207640,6.14,6.13,261659,479879,998,-1802
252,AVTR,2020-09-03,0 days 15:59:08.262984,234094,21.44,21.43,5734,2414,-25386,4869
253,AVTR,2020-09-03,0 days 15:59:09.263528,229280,21.43,21.42,1463,13323,2614,-25386
254,AVTR,2020-09-03,0 days 15:59:19.263780,246066,21.43,21.42,3806,9775,-4045,5187
255,AVTR,2020-09-03,0 days 15:59:20.262840,241411,21.43,21.42,3806,8979,4655,-4045
256,AVTR,2020-09-03,0 days 15:59:45.258788,245244,21.45,21.44,3625,2676,-6127,262
257,AVTR,2020-09-03,0 days 15:59:46.257561,248143,21.45,21.44,3167,6868,4860,-6127
258,AXTA,2020-09-03,0 days 15:59:15.262930,315126,23.14,23.13,6872,2244,37527,-51778
259,AXTA,2020-09-03,0 days 15:59:16.262673,283359,23.17,23.16,4500,2670,-34827,37527
260,AXTA,2020-09-03,0 days 15:59:27.264397,314826,23.18,23.17,3900,3975,-8315,9940
261,AXTA,2020-09-03,0 days 15:59:28.263810,323141,23.18,23.17,5900,2400,11054,-8315
262,AXTA,2020-09-03,0 days 15:59:33.266364,329255,23.19,23.18,6228,1645,2919,-3391
263,AZN,2020-09-03,0 days 15:57:31.255943,56207,54.13,54.12,436,1710,4614,-2388
264,AZN,2020-09-03,0 days 15:59:20.264094,61886,54.14,54.13,1706,1200,-13955,446
265,AZN,2020-09-03,0 days 15:59:21.264117,59641,54.13,54.12,1429,804,2245,-13955
266,BA,2020-09-03,0 days 15:59:46.314445,457192,168.77,168.71,1500,328,1450,-9205
267,BA,2020-09-03,0 days 15:59:50.320817,449370,168.78,168.74,1197,300,-7822,8190
268,BA,2020-09-03,0 days 15:59:53.302266,457192,168.78,168.71,428,517,792,-1708
269,BA,2020-09-03,0 days 15:59:59.302590,442819,168.8,168.71,13393,100,-14373,1392
270,BABA,2020-09-03,0 days 15:59:05.250207,526820,282.41,282.36,384,627,2640,-8792
271,BABA,2020-09-03,0 days 15:59:06.252821,523285,282.54,282.48,360,322,-4535,2640
272,BABA,2020-09-03,0 days 15:59:07.250655,527172,282.48,282.41,200,515,1188,-4535
273,BABA,2020-09-03,0 days 15:59:08.251844,525760,282.52,282.47,300,200,-1412,1188
274,BABA,2020-09-03,0 days 15:59:31.249430,539215,282.69,282.66,100,500,2083,-3152
275,BABA,2020-09-03,0 days 15:59:32.247312,533163,282.76,282.7,400,718,-7205,2083
276,BABA,2020-09-03,0 days 15:59:33.246497,539193,282.69,282.64,200,500,3205,-7205
277,BABA,2020-09-03,0 days 15:59:34.247832,537442,282.63,282.53,800,200,-1751,3205
278,BABA,2020-09-03,0 days 15:59:46.247809,538193,282.5,282.39,3200,200,18291,-890
279,BABA,2020-09-03,0 days 15:59:47.247632,526268,282.61,282.51,200,520,-12925,18291
280,BABA,2020-09-03,0 days 15:59:52.248994,538234,282.46,282.31,239,121,9915,-14260
281,BAC,2020-09-03,0 days 15:59:34.264440,5113769,25.65,25.64,68345,49764,10235,-6328
282,BAC,2020-09-03,0 days 15:59:46.263354,5121369,25.66,25.65,89307,78361,13203,-9597
283,BAC,2020-09-03,0 days 15:59:50.265548,5089363,25.67,25.66,56104,74030,-32306,1825
284,BAC,2020-09-03,0 days 15:59:55.261556,5102688,25.65,25.64,13098,77471,672,-26980
285,BAX,2020-09-03,0 days 15:55:00.246973,457109,83.47,83.45,400,400,119883,-240997
286,BAX,2020-09-03,0 days 15:57:36.253807,534153,83.61,83.59,200,800,-555,2943
287,BAX,2020-09-03,0 days 15:57:37.252603,530608,83.58,83.56,419,549,3545,-555
288,BAX,2020-09-03,0 days 15:58:32.258102,535578,83.58,83.57,445,1791,3394,-2506
289,BAX,2020-09-03,0 days 15:58:45.258245,535578,83.58,83.57,1066,913,3383,-1517
290,BAX,2020-09-03,0 days 15:59:05.258731,541924,83.55,83.52,438,500,-1695,3386
291,BAX,2020-09-03,0 days 15:59:06.261611,539138,83.54,83.52,371,1102,1962,-1695
292,BAX,2020-09-03,0 days 15:59:07.258824,542201,83.55,83.52,581,1322,-2174,1962
293,BAX,2020-09-03,0 days 15:59:08.263515,539475,83.55,83.52,578,1608,2726,-2174
294,BAX,2020-09-03,0 days 15:59:14.259363,544696,83.57,83.54,532,701,-1628,77
295,BAX,2020-09-03,0 days 15:59:15.258814,543624,83.55,83.54,200,401,1072,-1628
296,BAX,2020-09-03,0 days 15:59:21.258364,539574,83.58,83.57,403,401,781,-2719
297,BAX,2020-09-03,0 days 15:59:45.262099,550102,83.61,83.59,705,400,-3953,2977
298,BAX,2020-09-03,0 days 15:59:48.261624,552300,83.61,83.6,706,588,-1855,4955
299,BAX,2020-09-03,0 days 15:59:49.260341,553675,83.61,83.6,729,1635,329,-1855
300,BBY,2020-09-03,0 days 15:55:00.246937,144716,108.58,108.52,200,400,7613,-7915
301,BBY,2020-09-03,0 days 15:59:12.262776,167812,108.66,108.64,259,440,-11942,1983
302,BBY,2020-09-03,0 days 15:59:13.259023,166429,108.65,108.63,459,333,1287,-11942
303,BBY,2020-09-03,0 days 15:59:19.258830,167928,108.66,108.65,200,220,-11818,266
304,BBY,2020-09-03,0 days 15:59:34.259785,179910,108.65,108.64,100,300,1057,-4379
305,BBY,2020-09-03,0 days 15:59:35.258956,180967,108.7,108.67,100,1274,-166,1057
306,BBY,2020-09-03,0 days 15:59:43.259655,179533,108.71,108.67,100,1019,1434,-1666
307,BBY,2020-09-03,0 days 15:59:45.262051,180967,108.72,108.67,400,2511,-366,34
308,BBY,2020-09-03,0 days 15:59:47.260329,181333,108.72,108.68,554,222,558,-366
309,BBY,2020-09-03,0 days 15:59:48.261570,179724,108.76,108.74,200,791,-2627,558
310,BCS,2020-09-03,0 days 15:59:36.261469,54457,5.53,5.52,187474,169200,22555,-27345
311,BCS,2020-09-03,0 days 15:59:37.261442,53612,5.53,5.52,180097,170700,-845,22555
312,BDN,2020-09-03,0 days 15:55:00.235578,87632,11.22,11.21,3100,5245,-2184,23331
313,BDN,2020-09-03,0 days 15:55:01.235135,86916,11.22,11.21,4600,5645,716,-2184
314,BDN,2020-09-03,0 days 15:56:13.237201,88832,11.21,11.2,4204,6061,-633,1067
315,BDN,2020-09-03,0 days 15:56:14.237929,88165,11.21,11.2,3639,6261,667,-633
316,BDN,2020-09-03,0 days 15:58:27.241235,89839,11.23,11.22,5656,9192,593,-2307
317,BE,2020-09-03,0 days 15:55:44.247647,103413,15.8,15.79,4275,1817,1685,-415
318,BE,2020-09-03,0 days 15:55:45.248783,103098,15.8,15.79,4175,1888,-315,1685
319,BE,2020-09-03,0 days 15:59:06.253326,113644,15.75,15.73,1948,2502,-532,3568
320,BE,2020-09-03,0 days 15:59:08.252137,114176,15.75,15.73,3229,2802,620,-532
321,BE,2020-09-03,0 days 15:59:09.251022,113696,15.74,15.73,400,1620,-480,620
322,BE,2020-09-03,0 days 15:59:26.247708,114901,15.74,15.73,1200,400,2080,-3327
323,BE,2020-09-03,0 days 15:59:27.247479,116681,15.74,15.73,700,1200,-720,2080
324,BEN,2020-09-03,0 days 15:55:00.301004,188611,21.54,21.53,2821,6312,4379,-48441
325,BEN,2020-09-03,0 days 15:55:01.303142,185190,21.54,21.53,5421,5940,-3421,4379
326,BEN,2020-09-03,0 days 15:55:52.305104,198484,21.55,21.54,4122,7233,2312,-4157
327,BEN,2020-09-03,0 days 15:55:53.304666,194896,21.55,21.54,4979,7133,-3588,2312
328,BEN,2020-09-03,0 days 15:56:14.305559,198923,21.53,21.52,2379,5393,1291,-123
329,BEN,2020-09-03,0 days 15:56:15.305619,195714,21.53,21.52,2279,5948,-3009,1291
330,BEN,2020-09-03,0 days 15:57:33.307688,200255,21.54,21.53,2239,9109,1276,-2324
331,BEN,2020-09-03,0 days 15:57:34.307897,197431,21.54,21.53,1383,10830,-2624,1276
332,BEN,2020-09-03,0 days 15:59:19.313529,217145,21.54,21.53,6936,6517,88,-3836
333,BEN,2020-09-03,0 days 15:59:25.314646,214159,21.53,21.52,9332,5342,-1386,9088
334,BEN,2020-09-03,0 days 15:59:46.314319,217286,21.54,21.53,11744,2057,3941,-2253
335,BEN,2020-09-03,0 days 15:59:47.315003,216127,21.54,21.53,8765,8085,-859,3941
336,BF.B,2020-09-03,0 days 15:55:14.243866,99744,79.38,79.35,487,150,-3649,3168
337,BF.B,2020-09-03,0 days 15:55:15.243818,96593,79.38,79.35,487,300,3151,-3649
338,BF.B,2020-09-03,0 days 15:55:50.246186,103824,79.42,79.38,426,100,-4569,4725
339,BF.B,2020-09-03,0 days 15:55:51.246315,101664,79.39,79.36,200,100,2160,-4569
340,BF.B,2020-09-03,0 days 15:56:43.246457,103941,79.41,79.37,514,200,-486,179
341,BF.B,2020-09-03,0 days 15:56:44.246212,102027,79.41,79.37,514,206,1914,-486
342,BF.B,2020-09-03,0 days 15:57:33.247834,103941,79.42,79.39,725,100,-876,1324
343,BF.B,2020-09-03,0 days 15:57:35.247802,102489,79.45,79.41,100,329,1452,-148
344,BF.B,2020-09-03,0 days 15:57:42.247294,103941,79.45,79.41,421,521,-148,352
345,BF.B,2020-09-03,0 days 15:57:43.248324,103689,79.4,79.35,100,100,252,-148
346,BF.B,2020-09-03,0 days 15:57:45.248353,103941,79.4,79.35,321,135,-23,277
347,BF.B,2020-09-03,0 days 15:57:48.248484,104264,79.4,79.36,587,100,277,-23
348,BF.B,2020-09-03,0 days 15:57:57.248765,104541,79.4,79.36,102,100,-1223,1312
349,BF.B,2020-09-03,0 days 15:57:58.249519,103629,79.4,79.36,116,100,912,-1223
350,BF.B,2020-09-03,0 days 15:59:17.253523,105456,79.32,79.29,575,100,-24,907
351,BF.B,2020-09-03,0 days 15:59:19.253741,104695,79.34,79.29,219,235,761,-339
352,BF.B,2020-09-03,0 days 15:59:34.252344,105456,79.34,79.27,311,100,-4510,683
353,BF.B,2020-09-03,0 days 15:59:49.251592,108788,79.34,79.29,100,500,476,-39
354,BF.B,2020-09-03,0 days 15:59:50.253934,109264,79.35,79.32,200,235,-39,476
355,BF.B,2020-09-03,0 days 15:59:55.252612,108983,79.35,79.28,300,387,281,-39
356,BF.B,2020-09-03,0 days 15:59:59.249231,109264,79.35,79.28,1100,2113,-39,276
357,BF.B,2020-09-03,0 days 16:00:00.249576,108983,79.35,79.27,2288,4176,281,-39
358,BHC,2020-09-03,0 days 15:55:44.247709,49224,15.99,15.98,7527,5860,-1348,552
359,BHC,2020-09-03,0 days 15:55:45.248866,46272,15.99,15.98,7427,5661,2952,-1348
360,BILL,2020-09-03,0 days 15:50:46.243492,15250,90.01,89.98,697,380,-747,6114
361,BILL,2020-09-03,0 days 15:51:15.246877,9136,90.02,89.99,439,400,6114,-747
362,BILL,2020-09-03,0 days 15:51:46.243334,15150,90.04,90.02,336,200,-847,6014
363,BILL,2020-09-03,0 days 15:51:52.242239,9136,90.04,90.02,526,400,6014,-847
364,BILL,2020-09-03,0 days 15:52:42.242735,9236,90.18,90.16,300,610,5914,-947
365,BILL,2020-09-03,0 days 15:53:13.243326,15150,90.35,90.31,100,656,-1047,5814
366,BILL,2020-09-03,0 days 15:53:45.243690,9336,90.42,90.4,100,456,5600,-1261
367,BILL,2020-09-03,0 days 15:53:53.243448,14936,90.45,90.4,504,407,-1261,5600
368,BILL,2020-09-03,0 days 15:54:02.243652,9436,90.54,90.5,300,456,5500,-1361
369,BILL,2020-09-03,0 days 15:54:05.244164,14936,90.54,90.5,300,803,-1361,5500
370,BILL,2020-09-03,0 days 15:54:17.244708,14936,90.68,90.65,100,589,-1461,5400
371,BILL,2020-09-03,0 days 15:54:18.244021,9636,90.78,90.71,200,481,5300,-1461
372,BILL,2020-09-03,0 days 15:54:19.244137,14936,90.75,90.74,182,200,-1561,5300
373,BILL,2020-09-03,0 days 15:54:25.243683,9636,90.83,90.79,100,588,5300,-1561
374,BILL,2020-09-03,0 days 15:54:36.244143,14936,90.89,90.86,102,200,-1661,5200
375,BILL,2020-09-03,0 days 15:54:51.244327,9636,90.72,90.71,310,198,5300,-1561
376,BILL,2020-09-03,0 days 15:54:59.243615,14936,90.72,90.66,300,281,-1561,5300
377,BILL,2020-09-03,0 days 15:55:26.247349,16700,90.72,90.67,220,300,-193,7151
378,BILL,2020-09-03,0 days 15:55:28.248159,9649,90.75,90.73,385,200,7051,-193
379,BILL,2020-09-03,0 days 15:55:29.247487,16700,90.74,90.69,300,300,-193,7051
380,BILL,2020-09-03,0 days 15:55:37.247795,9549,90.66,90.65,500,180,7151,-93
381,BILL,2020-09-03,0 days 15:55:43.247502,16700,90.73,90.66,422,653,-93,7151
382,BILL,2020-09-03,0 days 15:56:09.247755,17538,90.71,90.67,246,1571,170,-838
383,BILL,2020-09-03,0 days 15:56:17.249196,16700,90.75,90.73,301,862,-838,6406
384,BILL,2020-09-03,0 days 15:56:19.247973,10294,90.75,90.73,309,845,6406,-838
385,BILL,2020-09-03,0 days 15:56:26.248666,17318,90.79,90.75,117,381,-220,7024
386,BILL,2020-09-03,0 days 15:56:50.249241,17318,90.85,90.81,402,1148,-320,6924
387,BILL,2020-09-03,0 days 15:56:56.248680,10394,90.84,90.82,329,586,6924,-320
388,BILL,2020-09-03,0 days 15:57:52.247741,17318,90.79,90.77,934,523,-2553,6224
389,BILL,2020-09-03,0 days 15:58:01.247142,11194,90.79,90.77,1485,300,6689,-2079
390,BILL,2020-09-03,0 days 15:58:05.248803,17883,90.79,90.77,2142,800,-2088,6689
391,BILL,2020-09-03,0 days 15:58:09.248000,11194,90.78,90.77,811,1000,6698,-2079
392,BILL,2020-09-03,0 days 15:58:51.249404,17883,90.72,90.71,200,200,-2088,6689
393,BILL,2020-09-03,0 days 15:58:55.249434,17883,90.68,90.58,627,281,-1868,6689
394,BILL,2020-09-03,0 days 15:59:02.250356,10950,90.3,90.29,1363,400,7160,-1642
395,BILL,2020-09-03,0 days 15:59:09.250986,10750,90.24,90.17,1180,736,7378,-4655
396,BILL,2020-09-03,0 days 15:59:16.246367,19088,90.24,90.18,1913,1008,-3737,8296
397,BILL,2020-09-03,0 days 15:59:24.247476,19088,90.24,90.21,276,1726,-4634,8196
398,BILL,2020-09-03,0 days 15:59:25.247365,10892,90.24,90.23,322,1600,8196,-4634
399,BILL,2020-09-03,0 days 15:59:53.248851,11092,90.21,90.14,514,421,8874,-6951
400,BILL,2020-09-03,0 days 15:59:54.251085,20073,90.21,90.14,1706,366,-6951,8874
401,BILL,2020-09-03,0 days 15:59:57.248542,20113,90.15,90.12,327,904,-6711,8874
402,BILL,2020-09-03,0 days 15:59:59.240858,11092,90.15,90.12,2100,409,8874,-6711
403,BK,2020-09-03,0 days 15:59:03.250269,423357,36.8,36.79,2766,3862,71656,-3625
404,BK,2020-09-03,0 days 15:59:15.251520,452580,36.83,36.82,5262,2900,-8707,16642
405,BK,2020-09-03,0 days 15:59:18.246527,450387,36.83,36.82,5073,3031,1042,-856
406,BKD,2020-09-03,0 days 15:59:45.262197,175473,2.96,2.95,33004,28097,5514,-2994
407,BKD,2020-09-03,0 days 15:59:47.260506,173187,2.96,2.95,23811,33301,-4316,3714
408,BKR,2020-09-03,0 days 15:55:00.249893,444298,14.54,14.53,5686,7173,3643,-106379
409,BKR,2020-09-03,0 days 15:55:01.250559,441041,14.54,14.53,6865,5515,-3257,3643
410,BKR,2020-09-03,0 days 15:55:34.253956,453298,14.55,14.54,10584,14034,1270,-3130
411,BKR,2020-09-03,0 days 15:55:35.254151,452468,14.55,14.54,11400,13468,-830,1270
412,BKR,2020-09-03,0 days 15:55:40.253409,454198,14.55,14.54,5962,15224,970,-830
413,BKR,2020-09-03,0 days 15:56:01.254290,454424,14.54,14.53,8267,7598,2517,-883
414,BKR,2020-09-03,0 days 15:56:02.254124,452541,14.54,14.53,8959,6034,-1883,2517
415,BKR,2020-09-03,0 days 15:56:06.254136,462624,14.54,14.53,9088,6156,1401,-1883
416,BKR,2020-09-03,0 days 15:56:20.254138,463196,14.56,14.55,6171,9912,829,-71
417,BKR,2020-09-03,0 days 15:56:22.254632,464025,14.56,14.55,8612,7327,-251,829
418,BKR,2020-09-03,0 days 15:56:23.254200,463276,14.56,14.55,8112,7327,749,-251
419,BKR,2020-09-03,0 days 15:57:40.256045,467836,14.51,14.5,4980,8317,-240,1260
420,BKR,2020-09-03,0 days 15:57:41.256054,467076,14.51,14.5,6980,8044,760,-240
421,BKR,2020-09-03,0 days 15:57:57.257794,476136,14.5,14.49,5865,12109,-5940,3260
422,BKR,2020-09-03,0 days 15:57:58.258041,474176,14.5,14.49,7465,11309,1960,-5940
423,BKR,2020-09-03,0 days 15:59:12.261776,540567,14.52,14.51,3802,11710,276,-5143
424,BKR,2020-09-03,0 days 15:59:16.260358,484853,14.52,14.51,9742,10323,-4214,276
425,BKR,2020-09-03,0 days 15:59:35.261786,576739,14.54,14.53,8500,9815,-2712,54396
426,BKR,2020-09-03,0 days 15:59:37.261523,573335,14.54,14.53,10256,12875,3404,-9896
427,BKR,2020-09-03,0 days 15:59:42.261473,578989,14.56,14.55,10842,7042,-10967,2917
428,BKR,2020-09-03,0 days 15:59:49.258266,600840,14.54,14.53,674,14518,-6423,2395
429,BKR,2020-09-03,0 days 15:59:50.260221,596563,14.55,14.54,17100,12710,1582,-6423
430,BLL,2020-09-03,0 days 15:55:00.248307,384107,83.13,83.09,994,348,5377,-3762
431,BLL,2020-09-03,0 days 15:57:23.254359,397983,83.17,83.14,602,500,-7372,1928
432,BLL,2020-09-03,0 days 15:57:24.255056,391955,83.17,83.13,1226,322,6028,-7372
433,BLL,2020-09-03,0 days 15:57:35.253794,397983,83.16,83.14,1277,400,-672,2028
434,BLL,2020-09-03,0 days 15:57:36.253895,396455,83.16,83.14,1201,400,1528,-672
435,BLL,2020-09-03,0 days 15:58:44.257482,393690,83.14,83.12,961,133,4955,-4045
436,BLL,2020-09-03,0 days 15:58:53.257629,398472,83.16,83.14,400,649,-7,4355
437,BLL,2020-09-03,0 days 15:58:55.257569,394579,83.14,83.13,200,200,4066,-7
438,BLL,2020-09-03,0 days 15:59:01.261010,399819,83.1,83.08,424,303,3872,-1080
439,BLL,2020-09-03,0 days 15:59:21.258430,420904,83.18,83.17,3613,363,4125,-3775
440,BLL,2020-09-03,0 days 15:59:24.258800,425029,83.18,83.17,1615,1057,-7751,2825
441,BLL,2020-09-03,0 days 15:59:25.259332,422980,83.2,83.18,299,1179,2049,-7751
442,BLL,2020-09-03,0 days 15:59:48.261859,426439,83.29,83.26,300,1612,-5581,1619
443,BLL,2020-09-03,0 days 15:59:49.260514,425120,83.29,83.28,200,1532,1319,-5581
444,BMY,2020-09-03,0 days 15:55:00.300986,965164,59.93,59.92,1500,3698,308666,-18206
445,BMY,2020-09-03,0 days 15:59:28.313728,1381789,60.04,60.03,2775,1928,-10633,16629
446,BMY,2020-09-03,0 days 15:59:29.313626,1383822,60.02,60.01,4792,1640,5267,-10633
447,BMY,2020-09-03,0 days 15:59:33.313691,1389089,60.02,60.01,784,4014,-25371,25066
448,BMY,2020-09-03,0 days 15:59:44.314498,1428754,59.98,59.97,3792,1299,12941,-3577
449,BMY,2020-09-03,0 days 15:59:49.315618,1452046,60.04,60.03,1999,1595,447,-4168
450,BMY^,2020-09-03,0 days 15:55:00.242022,70,2.81,2.8,11635,8908,845,-55
451,BOX,2020-09-03,0 days 15:55:01.256455,143152,18.98,18.97,917,4134,1631,-569
452,BOX,2020-09-03,0 days 15:58:51.260508,162368,19.02,19.01,3446,5711,1210,-1259
453,BOX,2020-09-03,0 days 15:59:07.262153,163578,19.02,19.01,2413,14696,-7550,800
454,BOX,2020-09-03,0 days 15:59:08.263284,163859,19.02,19.01,2313,14696,298,-7550
455,BOX,2020-09-03,0 days 15:59:13.262650,164157,19.03,19.02,1855,7374,-1449,526
456,BP,2020-09-03,0 days 15:55:40.245630,70552,20.61,20.6,50874,24741,361,-1839
457,BP,2020-09-03,0 days 15:55:41.245718,53713,20.61,20.6,58139,9512,-16839,361
458,BP,2020-09-03,0 days 15:56:08.246299,72893,20.6,20.59,56813,24282,770,-1803
459,BP,2020-09-03,0 days 15:56:09.245741,56663,20.6,20.59,49213,32252,-16230,770
460,BP,2020-09-03,0 days 15:59:08.254165,73653,20.59,20.58,45503,60068,3929,-6468
461,BP,2020-09-03,0 days 15:59:36.252748,78767,20.6,20.59,69723,22002,-4686,3910
462,BRFS,2020-09-03,0 days 15:59:36.252703,57619,3.8,3.79,114910,184413,-1688,2012
463,BRK.B,2020-09-03,0 days 15:59:02.263273,690470,218.14,218.07,620,228,13626,-61906
464,BRK.B,2020-09-03,0 days 15:59:03.262073,644073,218.14,218.09,200,301,-46368,13626
465,BRK.B,2020-09-03,0 days 15:59:04.261880,690441,218.14,218.11,105,100,29090,-46368
466,BRK.B,2020-09-03,0 days 15:59:05.262237,644073,218.18,218.13,600,327,-46368,29090
467,BRK.B,2020-09-03,0 days 15:59:46.257581,712282,218.16,218.11,200,300,12488,-87699
468,BRK.B,2020-09-03,0 days 15:59:47.256433,713529,218.23,218.17,600,329,-5700,12488
469,BRK.B,2020-09-03,0 days 15:59:48.257843,719576,218.23,218.18,868,230,7759,-5700
470,BRK.B,2020-09-03,0 days 15:59:50.258327,630983,218.32,218.22,315,329,-91193,3821
471,BRK.B,2020-09-03,0 days 15:59:57.255041,712976,218.2,218.07,1302,100,95448,-1697
472,BRX,2020-09-03,0 days 15:55:16.302186,139128,12.65,12.64,12133,12089,-52117,3583
473,BRX,2020-09-03,0 days 15:56:17.306882,141994,12.65,12.64,9338,13591,-58236,464
474,BRX,2020-09-03,0 days 15:56:38.306106,164570,12.65,12.64,13715,9447,16824,-22876
475,BRX,2020-09-03,0 days 15:56:39.306317,162494,12.65,12.64,15117,8101,-2076,16824
476,BRX,2020-09-03,0 days 15:57:27.308145,176940,12.63,12.62,7787,20323,-4841,3559
477,BRX,2020-09-03,0 days 15:57:42.311448,188081,12.64,12.63,25903,3401,959,-6541
478,BRX,2020-09-03,0 days 15:57:43.309441,184040,12.63,12.62,12677,15838,-4041,959
479,BRX,2020-09-03,0 days 15:59:27.312921,236954,12.6,12.59,29120,36586,4826,-1246
480,BRX,2020-09-03,0 days 15:59:28.313767,231480,12.6,12.59,24287,38877,-5474,4826
481,BRX,2020-09-03,0 days 15:59:46.314459,250336,12.61,12.6,32117,7790,2577,-1671
482,BWA,2020-09-03,0 days 15:56:37.249221,138788,42.23,42.22,1105,1479,22,-1478
483,BWA,2020-09-03,0 days 15:57:20.250672,135847,42.18,42.17,1207,1497,-2941,59
484,BWA,2020-09-03,0 days 15:59:08.251943,145148,42.16,42.15,3409,3826,3972,-2132
485,BWA,2020-09-03,0 days 15:59:09.250898,146677,42.18,42.17,1606,1609,-1006,3972
486,BWA,2020-09-03,0 days 15:59:46.247936,167134,42.23,42.22,1738,1542,2641,-1985
487,BWA,2020-09-03,0 days 15:59:47.248500,165993,42.23,42.22,1988,1359,-341,2641
488,BWA,2020-09-03,0 days 15:59:49.248002,166334,42.23,42.22,1897,2335,151,-1227
489,BWA,2020-09-03,0 days 15:59:50.251218,162985,42.23,42.22,1697,2835,-3349,151
490,BX,2020-09-03,0 days 15:55:04.256863,135159,53.74,53.72,300,400,27989,-1011
491,BX,2020-09-03,0 days 15:55:24.259744,133348,53.76,53.74,1100,500,-25255,2245
492,BX,2020-09-03,0 days 15:55:26.259862,135403,53.75,53.73,100,818,27245,-255
493,BX,2020-09-03,0 days 15:55:28.261155,133348,53.78,53.76,500,569,-25155,2445
494,BX,2020-09-03,0 days 15:55:51.261495,142203,53.79,53.77,210,400,6966,-1334
495,BX,2020-09-03,0 days 15:55:52.259611,141669,53.8,53.78,400,430,-534,6966
496,BX,2020-09-03,0 days 15:56:02.260699,142727,53.8,53.78,600,200,4571,-1708
497,BX,2020-09-03,0 days 15:56:03.260348,141898,53.81,53.79,800,200,-829,4571
498,BX,2020-09-03,0 days 15:56:10.260418,142627,53.77,53.75,200,200,27028,-572
499,BX,2020-09-03,0 days 15:56:11.261151,136955,53.77,53.75,200,786,-25472,27028
500,BX,2020-09-03,0 days 15:56:38.261667,142977,53.83,53.82,800,510,1178,-1322
501,BX,2020-09-03,0 days 15:57:07.262773,143245,53.81,53.79,300,500,7411,-889
502,BX,2020-09-03,0 days 15:57:08.263155,142956,53.81,53.79,202,404,-289,7411
503,BX,2020-09-03,0 days 15:57:11.263048,143245,53.8,53.77,500,300,7332,-6968
504,BX,2020-09-03,0 days 15:57:12.263439,143077,53.79,53.78,300,400,-168,7332
505,BX,2020-09-03,0 days 15:58:07.259869,149253,53.8,53.78,200,500,7724,-1976
506,BX,2020-09-03,0 days 15:58:08.260655,148577,53.81,53.79,502,400,-676,7724
507,BX,2020-09-03,0 days 15:58:12.259677,149253,53.8,53.78,922,500,7024,-11176
508,BX,2020-09-03,0 days 15:58:13.259684,148677,53.8,53.78,2102,600,-576,7024
509,BX,2020-09-03,0 days 15:58:30.260599,137777,53.81,53.79,2225,1004,-11576,1924
510,BX,2020-09-03,0 days 15:59:04.262127,152459,53.8,53.78,893,900,-94,11406
511,BX,2020-09-03,0 days 15:59:52.254466,166065,53.86,53.83,1600,500,43713,-5932
512,CAG,2020-09-03,0 days 15:59:10.252882,321388,37.4,37.39,3410,3571,2073,-4420
513,CAG,2020-09-03,0 days 15:59:11.250813,318061,37.4,37.39,1810,3368,-6940,2073
514,CAG,2020-09-03,0 days 15:59:34.247941,326566,37.4,37.39,3915,1247,13913,-1282
515,CAG,2020-09-03,0 days 15:59:35.247743,325764,37.41,37.4,5325,500,-802,13913
516,CAG,2020-09-03,0 days 15:59:39.248159,326566,37.4,37.39,4981,3215,272,-102
517,CAH,2020-09-03,0 days 15:59:23.248315,531742,49.94,49.93,600,750,156977,-71029
518,CAL,2020-09-03,0 days 15:55:00.244082,77517,10.03,10.02,2656,1934,-5,3973
519,CAL,2020-09-03,0 days 15:55:08.246296,77522,10.03,10.02,3376,1659,195,-5
520,CAL,2020-09-03,0 days 15:56:14.248462,79190,10.02,10.01,2584,4213,-60,1261
521,CAL,2020-09-03,0 days 15:59:00.252063,82614,10.02,10.01,3847,8119,-456,114
522,CAL,2020-09-03,0 days 15:59:08.249493,83070,10.02,10.01,3844,10158,770,-2
523,CAL,2020-09-03,0 days 15:59:19.248990,85868,10.02,10.01,3637,9677,-1012,533
524,CAL,2020-09-03,0 days 15:59:30.250999,86880,10.03,10.02,482,4206,1360,-2089
525,CAL,2020-09-03,0 days 15:59:31.249852,86640,10.03,10.02,100,4900,-240,1360
526,CARR,2020-09-03,0 days 15:55:47.260426,415455,29.4,29.39,3175,2888,1258,-2842
527,CARR,2020-09-03,0 days 15:55:48.260170,408913,29.4,29.39,3475,2534,-6242,1258
528,CARR,2020-09-03,0 days 15:57:14.262885,424646,29.34,29.33,1100,339,5526,-2174
529,CARR,2020-09-03,0 days 15:57:15.262817,418172,29.34,29.33,1000,929,-6474,5526
530,CARR,2020-09-03,0 days 15:59:04.262127,431005,29.32,29.31,3956,1673,201,-55
531,CARR,2020-09-03,0 days 15:59:06.265513,431206,29.33,29.32,4841,1377,-3799,201
532,CARR,2020-09-03,0 days 15:59:20.263146,445216,29.36,29.35,3800,738,15924,-4331
533,CARR,2020-09-03,0 days 15:59:21.263067,442040,29.36,29.34,2502,9147,-2776,15924
534,CARR,2020-09-03,0 days 15:59:27.263290,444816,29.35,29.34,1454,7691,151,-700
535,CARR,2020-09-03,0 days 15:59:37.264394,445216,29.36,29.35,3259,2705,96,-249
536,CARR,2020-09-03,0 days 15:59:46.257929,444191,29.36,29.35,1068,5693,-1025,7975
537,CBRE,2020-09-03,0 days 15:55:01.244275,180055,48.65,48.61,700,400,396,-3904
538,CBRE,2020-09-03,0 days 15:55:17.246259,180451,48.65,48.61,400,700,-50,355
539,CBRE,2020-09-03,0 days 15:55:18.246991,180201,48.67,48.65,320,200,250,-50
540,CBRE,2020-09-03,0 days 15:55:44.247709,180851,48.66,48.65,500,300,-247,253
541,CBRE,2020-09-03,0 days 15:55:45.248856,180698,48.67,48.66,300,400,153,-247
542,CBRE,2020-09-03,0 days 15:55:49.247986,180851,48.67,48.66,100,400,-284,153
543,CBRE,2020-09-03,0 days 15:55:52.247385,181135,48.66,48.65,220,100,116,-284
544,CBRE,2020-09-03,0 days 15:55:53.247551,181051,48.66,48.63,220,400,-84,116
545,CBRE,2020-09-03,0 days 15:56:02.248511,181735,48.63,48.59,400,300,126,-58
546,CBRE,2020-09-03,0 days 15:56:08.248436,181894,48.65,48.63,621,600,-41,159
547,CBRE,2020-09-03,0 days 15:56:09.247855,181735,48.65,48.63,700,500,159,-41
548,CBRE,2020-09-03,0 days 15:56:15.247756,181894,48.64,48.6,799,200,-564,159
549,CBRE,2020-09-03,0 days 15:56:16.248073,181658,48.64,48.6,600,400,236,-564
550,CBRE,2020-09-03,0 days 15:56:41.248651,181954,48.67,48.66,200,347,-1282,96
551,CBRE,2020-09-03,0 days 15:56:43.248910,183236,48.67,48.64,500,100,18,-682
552,CBRE,2020-09-03,0 days 15:56:44.248965,183054,48.67,48.64,800,100,-182,18
553,CBRE,2020-09-03,0 days 15:57:12.250313,183036,48.62,48.59,320,600,18,-182
554,CBRE,2020-09-03,0 days 15:57:13.250066,182854,48.62,48.59,420,600,-182,18
555,CBRE,2020-09-03,0 days 15:58:02.247495,190527,48.63,48.6,425,900,-1209,391
556,CBRE,2020-09-03,0 days 15:58:03.247270,186313,48.63,48.61,200,400,4214,-1209
557,CBRE,2020-09-03,0 days 15:58:05.248911,190827,48.63,48.6,862,900,-2486,714
558,CBRE,2020-09-03,0 days 15:58:06.248241,193313,48.63,48.6,809,1000,416,-2486
559,CBRE,2020-09-03,0 days 15:58:07.247944,191929,48.63,48.6,809,900,-1384,416
560,CBRE,2020-09-03,0 days 15:58:39.249380,193737,48.66,48.65,186,899,-479,321
561,CBRE,2020-09-03,0 days 15:59:02.250528,193918,48.66,48.63,682,1129,-298,1602
562,CBRE,2020-09-03,0 days 15:59:06.253473,195286,48.67,48.64,703,1106,643,-168
563,CBRE,2020-09-03,0 days 15:59:08.252266,194031,48.67,48.65,475,730,-1385,1902
564,CCI,2020-09-03,0 days 15:55:01.256455,273428,161.74,161.66,225,202,451,-3249
565,CCI,2020-09-03,0 days 15:56:05.260194,284666,161.74,161.66,100,100,-1608,292
566,CCI,2020-09-03,0 days 15:57:37.256627,290935,161.94,161.88,214,100,1635,-1965
567,CCI,2020-09-03,0 days 15:57:38.256460,289770,161.93,161.88,100,100,-1165,1635
568,CCI,2020-09-03,0 days 15:57:48.257134,289635,161.88,161.86,100,200,529,-871
569,CCI,2020-09-03,0 days 15:57:50.256876,288664,161.94,161.86,100,100,-3771,529
570,CCI,2020-09-03,0 days 15:57:58.258483,294834,162.01,161.93,363,249,930,-1470
571,CCI,2020-09-03,0 days 15:57:59.257589,293303,162.04,161.94,325,625,-1531,930
572,CCI,2020-09-03,0 days 15:59:10.263174,310758,161.95,161.91,298,200,963,-380
573,CCI,2020-09-03,0 days 15:59:11.261705,308921,161.95,161.91,205,400,-11460,963
574,CCI,2020-09-03,0 days 15:59:28.263736,320159,161.93,161.86,410,386,552,-838
575,CCI,2020-09-03,0 days 15:59:30.267415,320711,161.93,161.86,404,325,-1148,552
576,CCI,2020-09-03,0 days 15:59:39.265817,326139,161.93,161.85,311,500,1372,-1428
577,CCI,2020-09-03,0 days 15:59:40.265257,327511,161.93,161.88,343,500,-3128,1372
578,CCI,2020-09-03,0 days 15:59:45.265402,327511,161.92,161.85,439,325,-3128,1372
579,CCI,2020-09-03,0 days 15:59:46.263199,326139,161.91,161.85,300,216,2321,-3128
580,CCI,2020-09-03,0 days 15:59:47.262884,324260,161.92,161.85,1420,100,-4679,2321
581,CCL,2020-09-03,0 days 15:56:09.251160,496311,17.6,17.59,5813,12427,10215,-25985
582,CCL,2020-09-03,0 days 15:59:16.258383,532301,17.57,17.56,11362,22078,1934,-4266
583,CCL,2020-09-03,0 days 15:59:34.259972,534318,17.57,17.56,15793,29118,-1118,5990
584,CCL,2020-09-03,0 days 15:59:36.259128,529858,17.57,17.56,17836,28361,4738,-9540
585,CF,2020-09-03,0 days 15:55:00.246959,205297,33.2,33.18,805,766,59135,-11926
586,CF,2020-09-03,0 days 15:55:48.250294,266390,33.19,33.18,3633,116,-15649,1801
587,CF,2020-09-03,0 days 15:55:49.250610,262739,33.19,33.18,800,1394,3651,-15649
588,CF,2020-09-03,0 days 15:57:35.253669,269853,33.15,33.14,100,2095,-87,2513
589,CF,2020-09-03,0 days 15:57:37.252571,267140,33.15,33.14,2516,1194,2713,-87
590,CF,2020-09-03,0 days 15:57:42.252435,269853,33.15,33.14,1336,2500,-387,2213
591,CF,2020-09-03,0 days 15:57:43.253347,267840,33.15,33.14,2424,1540,2013,-387
592,CF,2020-09-03,0 days 15:58:14.256304,276820,33.15,33.14,1879,2277,-695,3377
593,CF,2020-09-03,0 days 15:58:15.255815,275243,33.15,33.14,2879,1077,1577,-695
594,CF,2020-09-03,0 days 15:59:14.259326,311364,33.2,33.19,6068,5227,-2677,10621
595,CF,2020-09-03,0 days 15:59:15.258757,309217,33.2,33.19,5279,1519,945,-2677
596,CF,2020-09-03,0 days 15:59:34.259835,311364,33.2,33.19,3849,6900,-6510,1299
597,CFG,2020-09-03,0 days 15:56:08.251797,289989,26.72,26.71,2304,5065,407,-1037
598,CFG,2020-09-03,0 days 15:56:09.251180,288596,26.73,26.72,3966,4490,-1393,407
599,CFG,2020-09-03,0 days 15:57:46.254625,289796,26.68,26.67,5850,7496,-294,406
600,CFG,2020-09-03,0 days 15:58:09.256063,290090,26.67,26.66,15652,1103,1013,-387
601,CFG,2020-09-03,0 days 15:58:10.256554,292332,26.67,26.66,14093,1508,-57,1013
602,CFG,2020-09-03,0 days 15:58:45.258310,294815,26.69,26.68,4686,2688,7817,-820
603,CFG,2020-09-03,0 days 15:58:46.259309,293032,26.69,26.68,2437,6159,-1783,7817
604,CFG,2020-09-03,0 days 15:58:48.258953,295215,26.69,26.68,9974,2410,2317,-2183
605,CGC,2020-09-03,0 days 15:59:14.262119,44694,16.43,16.42,2998,138,-181,2293
606,CGC,2020-09-03,0 days 15:59:20.264094,44875,16.43,16.42,2455,410,97,-181
607,CHGG,2020-09-03,0 days 15:59:56.250023,59884,70.19,70.07,1520,400,13967,-31110
608,CHGG,2020-09-03,0 days 15:59:57.251638,73380,70.19,70.08,3479,400,-30776,13967
609,CHWY,2020-09-03,0 days 15:55:29.259614,28085,61.78,61.76,105,120,-720,3180
610,CHWY,2020-09-03,0 days 15:55:49.259773,28085,61.78,61.76,100,947,-720,2882
611,CHWY,2020-09-03,0 days 15:56:03.259086,28169,61.8,61.78,400,810,-1775,2862
612,CHWY,2020-09-03,0 days 15:56:06.260110,25203,61.79,61.75,1375,376,2995,-1775
613,CHWY,2020-09-03,0 days 15:56:07.259933,28198,61.73,61.69,500,100,-1646,2995
614,CHWY,2020-09-03,0 days 15:56:13.259493,25103,61.67,61.65,100,200,3699,-1042
615,CHWY,2020-09-03,0 days 15:56:14.259608,28802,61.67,61.63,400,531,-1042,3699
616,CHWY,2020-09-03,0 days 15:56:16.259768,25103,61.71,61.65,200,600,3699,-1042
617,CHWY,2020-09-03,0 days 15:56:29.259783,28802,61.73,61.67,510,1774,-1599,3699
618,CHWY,2020-09-03,0 days 15:56:30.259877,25103,61.72,61.7,200,201,3099,-1599
619,CHWY,2020-09-03,0 days 15:56:32.260191,28198,61.78,61.71,300,768,-2203,3099
620,CHWY,2020-09-03,0 days 15:56:50.260801,25403,61.91,61.88,126,200,4579,-719
621,CHWY,2020-09-03,0 days 15:56:51.260503,29982,61.91,61.86,179,525,-719,4579
622,CHWY,2020-09-03,0 days 15:56:56.260343,25403,61.92,61.87,300,1525,4579,-819
623,CHWY,2020-09-03,0 days 15:57:30.256417,25403,61.92,61.87,229,600,4579,-753
624,CHWY,2020-09-03,0 days 15:57:38.256546,25303,61.84,61.83,895,550,4679,-653
625,CHWY,2020-09-03,0 days 15:59:08.263446,27294,61.86,61.84,1147,1368,-2575,1946
626,CHWY,2020-09-03,0 days 15:59:52.261101,26563,61.9,61.88,400,2317,1589,-5952
627,CHWY,2020-09-03,0 days 15:59:54.262363,28148,61.94,61.89,1152,100,-6078,1589
628,CHWY,2020-09-03,0 days 15:59:59.259199,26763,61.94,61.93,100,6973,1385,-6078
629,CIG,2020-09-03,0 days 15:59:11.248136,292806,2.13,2.12,229418,517481,-43419,80660
630,CIG,2020-09-03,0 days 15:59:12.249164,276525,2.13,2.12,220278,514031,16281,-43419
631,CIG,2020-09-03,0 days 15:59:13.248783,292806,2.13,2.12,228325,502531,-76296,16281
632,CIM,2020-09-03,0 days 15:59:46.257781,127863,8.7,8.69,28232,29889,1880,-520
633,CIM,2020-09-03,0 days 15:59:47.256590,127443,8.7,8.69,20387,29889,-420,1880
634,CL,2020-09-03,0 days 15:55:00.234354,379413,77.64,77.62,800,1121,2343,-27286
635,CL,2020-09-03,0 days 15:55:17.236739,383856,77.67,77.66,1401,445,-217,818
636,CL,2020-09-03,0 days 15:55:18.236443,382673,77.67,77.66,701,446,1183,-217
637,CL,2020-09-03,0 days 15:55:50.237991,385278,77.65,77.64,305,3400,-8611,805
638,CL,2020-09-03,0 days 15:55:52.236876,384889,77.66,77.64,1904,2700,389,-8611
639,CL,2020-09-03,0 days 15:56:08.237583,385648,77.7,77.69,800,300,-447,142
640,CL,2020-09-03,0 days 15:56:09.237412,385295,77.7,77.68,900,2900,3413,-447
641,CL,2020-09-03,0 days 15:57:38.238475,401148,77.75,77.74,1400,100,-283,1317
642,CL,2020-09-03,0 days 15:57:39.238109,400931,77.75,77.73,1151,1804,217,-283
643,CL,2020-09-03,0 days 15:59:02.243602,411056,77.7,77.69,2001,217,-47,4008
644,CL,2020-09-03,0 days 15:59:03.243527,411430,77.69,77.68,113,1905,766,-47
645,CL,2020-09-03,0 days 15:59:28.242108,474904,77.7,77.69,400,903,1592,-3067
646,CL,2020-09-03,0 days 15:59:29.243222,471367,77.71,77.7,1236,600,-3589,1592
647,CL,2020-09-03,0 days 15:59:34.243711,475356,77.71,77.7,801,200,486,-3360
648,CL,2020-09-03,0 days 15:59:40.244538,473012,77.72,77.71,1775,500,-2496,922
649,CL,2020-09-03,0 days 15:59:45.245145,474241,77.71,77.69,880,1715,-626,475
650,CL,2020-09-03,0 days 15:59:57.247258,476843,77.67,77.66,1709,1200,-598,2427
651,CLF,2020-09-03,0 days 15:56:08.246394,258396,6.52,6.51,68550,66329,2208,-11692
652,CLF,2020-09-03,0 days 15:56:09.245844,252604,6.52,6.51,68550,70119,-5792,2208
653,CLF,2020-09-03,0 days 15:59:33.252394,262129,6.52,6.51,101702,75550,6198,-1422
654,CLF,2020-09-03,0 days 15:59:34.252474,258227,6.52,6.51,68333,79777,-3902,6198
655,CLF,2020-09-03,0 days 15:59:40.253054,270692,6.52,6.51,63433,79231,49735,-3165
656,CLF,2020-09-03,0 days 15:59:41.253329,267727,6.52,6.51,60340,84916,-3011,49735
657,CLF,2020-09-03,0 days 15:59:45.254627,270784,6.52,6.51,91212,86103,134,-3057
658,CLF,2020-09-03,0 days 15:59:47.251257,268318,6.52,6.51,84907,81633,-2466,6934
659,CLNY,2020-09-03,0 days 15:56:06.254049,116513,2.79,2.78,14808,51456,-622,3516
660,CLNY,2020-09-03,0 days 15:57:12.255831,117135,2.8,2.79,21784,91212,884,-622
661,CLNY,2020-09-03,0 days 15:59:18.260258,127529,2.8,2.79,37606,66959,994,-1706
662,CLNY,2020-09-03,0 days 15:59:36.261433,135510,2.8,2.79,48122,53935,-9029,1084
663,CLNY,2020-09-03,0 days 15:59:37.261442,134439,2.8,2.79,48122,53535,1071,-9029
664,CLNY,2020-09-03,0 days 15:59:40.262153,135510,2.8,2.79,27516,66814,-10803,1071
665,CLNY,2020-09-03,0 days 15:59:41.261664,135013,2.8,2.79,31179,66814,497,-10803
666,CLNY,2020-09-03,0 days 15:59:43.261502,135510,2.8,2.79,29710,67214,-13142,497
667,CLR,2020-09-03,0 days 15:55:50.254435,110256,15.96,15.95,4023,1330,-1754,4538
668,CLR,2020-09-03,0 days 15:55:51.254615,107810,15.96,15.95,4023,1008,2446,-1754
669,CLR,2020-09-03,0 days 15:58:39.259568,113643,15.96,15.95,743,15905,1761,-239
670,CLR,2020-09-03,0 days 15:59:06.264126,115482,15.97,15.96,5259,5199,-2570,1230
671,CLR,2020-09-03,0 days 15:59:08.261441,116499,15.97,15.96,6416,4437,661,-5139
672,CLR,2020-09-03,0 days 15:59:14.261256,117361,15.97,15.96,6941,9577,-387,862
673,CLR,2020-09-03,0 days 15:59:27.260408,117849,15.95,15.94,3594,6099,516,-884
674,CLR,2020-09-03,0 days 15:59:32.261219,117365,15.97,15.96,2661,1864,-1795,516
675,CMS,2020-09-03,0 days 15:58:53.241830,158271,61.82,61.81,1133,600,369,-631
676,CMS,2020-09-03,0 days 15:58:56.243127,157740,61.82,61.81,995,421,-531,369
677,CMS,2020-09-03,0 days 15:59:06.246725,159450,61.8,61.79,783,641,4487,-1450
678,CNC,2020-09-03,0 days 15:55:00.246988,203784,60.36,60.32,1335,400,1054,-33570
679,CNC,2020-09-03,0 days 15:55:16.248824,204855,60.29,60.28,633,700,-79,1671
680,CNC,2020-09-03,0 days 15:55:18.248951,203234,60.3,60.29,628,940,1621,-779
681,CNC,2020-09-03,0 days 15:56:36.251494,205706,60.35,60.32,300,932,409,-91
682,CNC,2020-09-03,0 days 15:56:42.253321,206115,60.32,60.29,423,300,-591,409
683,CNC,2020-09-03,0 days 15:56:43.251595,205906,60.31,60.29,324,100,209,-591
684,CNC,2020-09-03,0 days 15:57:40.252928,212415,60.28,60.26,800,200,-138,862
685,CNC,2020-09-03,0 days 15:57:41.252706,212836,60.28,60.26,800,200,979,-138
686,CNC,2020-09-03,0 days 15:57:42.252486,213815,60.28,60.26,800,200,-821,979
687,CNC,2020-09-03,0 days 15:57:43.253400,212636,60.25,60.23,626,400,1179,-821
688,CNC,2020-09-03,0 days 15:57:58.254920,215236,60.28,60.26,1070,846,1123,-677
689,CNC,2020-09-03,0 days 15:58:08.257436,217015,60.26,60.25,308,500,-352,1348
690,CNC,2020-09-03,0 days 15:58:09.255991,216067,60.27,60.25,956,1100,948,-352
691,CNC,2020-09-03,0 days 15:58:43.257848,212567,60.31,60.3,400,760,404,-796
692,CNC,2020-09-03,0 days 15:58:57.257610,212971,60.31,60.3,300,828,-852,1565
693,CNC,2020-09-03,0 days 15:58:58.257316,212623,60.31,60.29,766,655,348,-852
694,CNC,2020-09-03,0 days 15:59:04.258094,222354,60.28,60.23,800,1159,-1152,2248
695,CNC,2020-09-03,0 days 15:59:28.258346,242229,60.33,60.31,825,1134,519,-746
696,CNC,2020-09-03,0 days 15:59:34.259835,240148,60.35,60.33,865,1142,-6012,414
697,CNC,2020-09-03,0 days 15:59:37.259545,246160,60.34,60.33,400,330,195,-405
698,CNC,2020-09-03,0 days 15:59:41.260688,244755,60.34,60.33,200,200,-1183,5295
699,CNC,2020-09-03,0 days 15:59:46.260660,245942,60.34,60.33,351,345,2081,-937
700,CNC,2020-09-03,0 days 15:59:47.260365,244723,60.35,60.34,1094,442,-1219,2081
701,CNC,2020-09-03,0 days 15:59:55.261911,245637,60.3,60.26,5900,1994,2646,-1098
702,CNHI,2020-09-03,0 days 15:55:56.249796,30227,8.0,7.99,13407,46180,1533,-4123
703,CNK,2020-09-03,0 days 15:58:13.248071,109429,15.86,15.85,18962,6288,813,-687
704,CNK,2020-09-03,0 days 15:58:14.248658,108742,15.86,15.85,18881,6542,-387,813
705,CNK,2020-09-03,0 days 15:58:40.249171,108742,15.86,15.85,11625,3971,-387,713
706,CNP,2020-09-03,0 days 15:55:00.243385,306685,20.12,20.11,7502,3500,4705,-26566
707,CNP,2020-09-03,0 days 15:56:14.247966,314463,20.14,20.13,6215,7886,-18,1076
708,CNP,2020-09-03,0 days 15:56:15.246717,314081,20.14,20.13,6115,8186,382,-18
709,CNP,2020-09-03,0 days 15:57:24.249971,314552,20.18,20.17,8683,9252,-2249,1251
710,CNP,2020-09-03,0 days 15:57:25.249712,314401,20.18,20.17,9383,8352,151,-2249
711,CNP,2020-09-03,0 days 15:57:33.242809,314552,20.18,20.17,9557,8346,-925,151
712,CNP,2020-09-03,0 days 15:58:10.245131,314552,20.17,20.16,9217,10073,-4710,990
713,CNP,2020-09-03,0 days 15:58:11.245095,314862,20.17,20.16,10518,8379,2573,-4710
714,CNP,2020-09-03,0 days 15:58:13.244901,317435,20.17,20.16,9591,10196,-4327,2573
715,CNP,2020-09-03,0 days 15:58:14.245245,314862,20.17,20.16,10191,9696,2573,-4327
716,CNP,2020-09-03,0 days 15:58:16.245182,317435,20.17,20.16,9691,9310,-3627,2573
717,CNP,2020-09-03,0 days 15:58:18.245851,314862,20.17,20.16,9891,9185,2573,-1627
718,CNP,2020-09-03,0 days 15:58:19.246904,317435,20.17,20.16,8874,12118,-2527,2573
719,CNP,2020-09-03,0 days 15:58:20.245639,314862,20.17,20.16,9641,9318,2573,-2527
720,CNP,2020-09-03,0 days 15:59:03.246994,328067,20.17,20.16,13112,6630,1130,-8417
721,CNP,2020-09-03,0 days 15:59:04.247492,327697,20.17,20.16,6388,12763,-267,1130
722,CNP,2020-09-03,0 days 15:59:06.249266,354367,20.17,20.16,8321,12463,2136,-267
723,CNP,2020-09-03,0 days 15:59:28.246493,400318,20.14,20.13,16674,2065,1099,-3019
724,CNP,2020-09-03,0 days 15:59:46.247079,415234,20.15,20.14,16139,8012,8967,-1134
725,CNP,2020-09-03,0 days 15:59:47.247438,420568,20.15,20.14,3946,17772,-2866,8967
726,CNQ,2020-09-03,0 days 15:55:00.301580,40508,19.7,19.69,8000,6352,-1998,13319
727,CNQ,2020-09-03,0 days 15:56:13.305672,42625,19.66,19.65,6100,10800,414,-1286
728,CNQ,2020-09-03,0 days 15:56:14.305626,41339,19.66,19.65,4400,11619,-1286,414
729,CNQ,2020-09-03,0 days 15:59:16.313511,43033,19.61,19.6,5703,10427,-832,485
730,CNX,2020-09-03,0 days 15:58:08.250319,172635,10.17,10.16,16406,11744,-1456,7462
731,CNX,2020-09-03,0 days 15:58:09.250037,169791,10.17,10.16,16298,11761,2844,-1456
732,CNX,2020-09-03,0 days 15:59:36.252748,176937,10.15,10.14,8114,20242,-24968,4543
733,CNX,2020-09-03,0 days 15:59:37.252588,175905,10.15,10.14,9914,19897,1032,-24968
734,CNX,2020-09-03,0 days 15:59:41.253182,176937,10.15,10.14,15192,15661,-1447,824
735,CNX,2020-09-03,0 days 15:59:42.252658,176284,10.15,10.14,19692,12594,653,-1447
736,CNX,2020-09-03,0 days 15:59:45.254490,176937,10.15,10.14,20094,13187,-10499,653
737,COG,2020-09-03,0 days 15:57:47.256936,251082,18.12,18.11,6368,3619,-1134,2066
738,COG,2020-09-03,0 days 15:58:13.259091,257917,18.12,18.11,11575,1920,1103,-2597
739,COG,2020-09-03,0 days 15:58:14.258454,257720,18.12,18.11,11075,2680,-197,1103
740,COG,2020-09-03,0 days 15:59:00.263863,257917,18.11,18.1,7314,4250,299,-886
741,COG,2020-09-03,0 days 15:59:07.261205,260189,18.11,18.1,3536,10426,-1556,644
742,COG,2020-09-03,0 days 15:59:10.262677,262045,18.12,18.11,7345,5302,10596,-710
743,COP,2020-09-03,0 days 15:55:01.244275,455108,36.08,36.07,2548,2451,1315,-585
744,COP,2020-09-03,0 days 15:55:28.248216,456871,36.1,36.09,3306,1540,-5268,132
745,COP,2020-09-03,0 days 15:55:29.247538,456139,36.1,36.09,2504,2453,732,-5268
746,COP,2020-09-03,0 days 15:56:02.248522,468849,36.05,36.04,4547,850,-6178,1450
747,COP,2020-09-03,0 days 15:56:03.247639,467827,36.05,36.04,8665,106,1022,-6178
748,COP,2020-09-03,0 days 15:56:09.247855,469397,36.06,36.05,1731,710,-5,1435
749,COP,2020-09-03,0 days 15:56:10.248171,468968,36.06,36.05,931,1510,429,-5
750,COP,2020-09-03,0 days 15:56:15.247769,469397,36.06,36.05,2884,2141,-468,429
751,COP,2020-09-03,0 days 15:56:16.248073,469065,36.06,36.05,1331,3565,332,-468
752,COP,2020-09-03,0 days 15:56:23.249018,534397,36.04,36.03,1870,3370,-6718,82
753,COP,2020-09-03,0 days 15:56:54.249091,533799,36.01,36.0,3425,2046,2731,-4897
754,COP,2020-09-03,0 days 15:56:55.249041,527930,36.02,36.01,14985,1258,-5869,2731
755,COP,2020-09-03,0 days 15:57:41.245242,477051,36.0,35.99,8328,2528,2733,-2867
756,COTY,2020-09-03,0 days 15:55:00.256453,262232,3.64,3.63,77115,59043,673,-37586
757,COTY,2020-09-03,0 days 15:55:45.261384,267405,3.64,3.63,46595,148847,-8485,1915
758,COTY,2020-09-03,0 days 15:57:47.257162,276708,3.64,3.63,144036,75975,497,-2203
759,CPB,2020-09-03,0 days 15:55:50.251089,232419,48.31,48.3,674,2034,-3723,6646
760,CPB,2020-09-03,0 days 15:55:51.252175,229814,48.29,48.27,874,470,2605,-3723
761,CPB,2020-09-03,0 days 15:56:28.251568,232267,48.34,48.32,200,1088,-802,398
762,CPB,2020-09-03,0 days 15:56:29.250830,230469,48.34,48.32,200,1296,1798,-802
763,CPB,2020-09-03,0 days 15:57:06.253171,231516,48.4,48.38,1545,8484,-271,667
764,CPB,2020-09-03,0 days 15:57:07.252738,229887,48.4,48.38,1813,7884,1629,-271
765,CPB,2020-09-03,0 days 15:57:33.254465,232364,48.39,48.38,1200,2977,-5123,1177
766,CPB,2020-09-03,0 days 15:57:34.253353,230987,48.38,48.37,478,200,1377,-5123
767,CPB,2020-09-03,0 days 15:57:41.252581,233964,48.37,48.36,133,2994,-823,2077
768,CPB,2020-09-03,0 days 15:57:42.252317,233087,48.37,48.36,237,2788,877,-823
769,CPB,2020-09-03,0 days 15:57:56.254456,244564,48.4,48.38,400,1007,-172,3628
770,CPB,2020-09-03,0 days 15:57:57.254043,242942,48.4,48.39,600,200,722,-172
771,CPB,2020-09-03,0 days 15:58:04.254786,243364,48.41,48.4,363,900,-4778,1622
772,CPB,2020-09-03,0 days 15:58:08.257247,242173,48.43,48.42,398,1000,991,-1109
773,CPB,2020-09-03,0 days 15:58:11.256651,241384,48.46,48.44,1084,2215,-181,1027
774,CPB,2020-09-03,0 days 15:58:12.256133,241022,48.46,48.44,1131,2315,362,-181
775,CPB,2020-09-03,0 days 15:58:16.255976,242584,48.46,48.45,945,109,-210,490
776,CPB,2020-09-03,0 days 15:58:18.255834,244194,48.47,48.45,1533,1170,390,-1410
777,CPB,2020-09-03,0 days 15:58:19.256829,243884,48.47,48.46,1690,335,-310,390
778,CPB,2020-09-03,0 days 15:58:20.256380,242794,48.46,48.45,754,486,1190,-310
779,CPB,2020-09-03,0 days 15:58:21.255266,242584,48.46,48.45,1111,111,-210,1190
780,CPB,2020-09-03,0 days 15:58:55.257319,246724,48.48,48.46,991,450,98,-103
781,CPB,2020-09-03,0 days 15:58:56.257632,246222,48.49,48.47,1155,1101,-15019,98
782,CPB,2020-09-03,0 days 15:59:03.258015,261750,48.49,48.48,1164,600,18254,-948
783,CPB,2020-09-03,0 days 15:59:09.261550,280004,48.5,48.49,1068,400,-1913,12379
784,CPB,2020-09-03,0 days 15:59:16.258095,287363,48.5,48.49,1460,300,241,-5859
785,CPB,2020-09-03,0 days 15:59:20.258440,300874,48.5,48.49,1066,851,5862,-14070
786,CPB,2020-09-03,0 days 15:59:21.258231,299836,48.5,48.49,1187,1451,-238,5862
787,CPB,2020-09-03,0 days 15:59:42.259307,332301,48.59,48.54,2299,643,-2467,314
788,CPB,2020-09-03,0 days 15:59:45.261844,334968,48.59,48.57,3005,901,49,-2436
789,CPB,2020-09-03,0 days 15:59:47.260178,332974,48.59,48.57,4610,852,-4844,3206
790,CPG,2020-09-03,0 days 15:59:36.244196,11107,1.63,1.62,797637,310355,8953,-10547
791,CPG,2020-09-03,0 days 15:59:37.243672,10560,1.63,1.62,796571,296955,-547,8953
792,CRM,2020-09-03,0 days 15:59:15.248790,640710,265.48,265.22,100,200,2363,-58326
793,CRM,2020-09-03,0 days 15:59:16.248058,637657,265.5,265.35,209,313,-10558,2363
794,CRM,2020-09-03,0 days 15:59:17.249604,641810,265.39,265.27,200,400,1513,-10558
795,CRM,2020-09-03,0 days 15:59:18.248627,638957,265.55,265.38,500,200,-3358,1513
796,CRM,2020-09-03,0 days 15:59:21.248179,642410,265.46,265.35,300,200,4981,-3237
797,CRM,2020-09-03,0 days 15:59:22.248280,640191,265.5,265.36,100,300,-8024,4981
798,CRM,2020-09-03,0 days 15:59:23.248175,641810,265.44,265.38,242,272,5051,-8024
799,CRM,2020-09-03,0 days 15:59:24.247832,639761,265.51,265.4,200,200,-1954,5051
800,CRM,2020-09-03,0 days 15:59:28.247256,641810,265.52,265.34,400,200,8351,-14124
801,CRM,2020-09-03,0 days 15:59:29.247706,639861,265.52,265.36,300,644,-1854,8351
802,CRM,2020-09-03,0 days 15:59:41.248683,647642,265.47,265.37,800,200,5419,-13804
803,CRM,2020-09-03,0 days 15:59:42.247713,642891,265.67,265.52,194,200,-20704,5419
804,CRM,2020-09-03,0 days 15:59:43.249470,647642,265.64,265.4,814,600,5149,-20704
805,CRM,2020-09-03,0 days 15:59:44.247409,643191,265.69,265.48,100,788,-20512,5149
806,CRM,2020-09-03,0 days 15:59:45.248656,653542,265.58,265.37,714,200,1923,-20512
807,CRM,2020-09-03,0 days 15:59:49.247679,643181,265.58,265.45,400,413,-14466,5739
808,CRM,2020-09-03,0 days 15:59:54.249802,643642,265.36,265.0,1100,157,26656,-531
809,CTL,2020-09-03,0 days 15:56:07.252167,462060,10.77,10.76,38916,40357,7314,-1386
810,CTL,2020-09-03,0 days 15:56:08.251773,460652,10.77,10.76,20105,48157,-1445,7314
811,CTL,2020-09-03,0 days 15:56:09.251180,462097,10.77,10.76,23158,48957,4532,-1445
812,CTL,2020-09-03,0 days 15:56:10.251207,448529,10.77,10.76,23158,47778,-13568,4532
813,CTL,2020-09-03,0 days 15:57:37.252663,471711,10.77,10.76,33296,42344,10699,-2101
814,CTL,2020-09-03,0 days 15:57:38.252632,458610,10.77,10.76,31696,45544,-13101,10699
815,CTL,2020-09-03,0 days 15:58:16.256383,472772,10.77,10.76,60029,17110,2358,-18542
816,CTL,2020-09-03,0 days 15:58:17.256038,454230,10.77,10.76,58929,21310,-18542,2358
817,CTL,2020-09-03,0 days 15:59:35.259146,577478,10.78,10.77,57690,43464,-16965,18228
818,CTL,2020-09-03,0 days 15:59:47.260518,588692,10.78,10.77,54040,60109,7726,-1665
819,CTVA,2020-09-03,0 days 15:57:35.247835,738413,29.3,29.29,1379,1786,211,-9189
820,CTVA,2020-09-03,0 days 15:57:36.247774,737824,29.3,29.29,1907,1392,-589,211
821,CTVA,2020-09-03,0 days 15:57:37.248044,738413,29.3,29.29,707,3387,5211,-589
822,CTVA,2020-09-03,0 days 15:58:21.250362,752669,29.31,29.3,3490,100,-451,8649
823,CTVA,2020-09-03,0 days 15:58:24.251459,746020,29.3,29.29,3545,391,849,-3051
824,CTVA,2020-09-03,0 days 15:59:02.252681,762869,29.28,29.27,600,3415,-465,1649
825,CTVA,2020-09-03,0 days 15:59:15.253628,775197,29.31,29.3,3728,1621,103000,-21023
826,CTVA,2020-09-03,0 days 15:59:16.253476,840852,29.35,29.34,2133,3425,-21248,103000
827,CTVA,2020-09-03,0 days 15:59:17.253562,835400,29.35,29.34,3233,2601,4652,-21248
828,CTVA,2020-09-03,0 days 15:59:24.253624,841482,29.37,29.36,2200,3368,-2848,3866
829,CTVA,2020-09-03,0 days 15:59:28.253583,822630,29.38,29.37,2300,2647,3352,-10948
830,CTVA,2020-09-03,0 days 15:59:35.252502,842332,29.4,29.39,3181,3640,-1607,4093
831,CTVA,2020-09-03,0 days 15:59:39.253292,833939,29.4,29.39,4672,1095,8393,-1207
832,CTVA,2020-09-03,0 days 15:59:45.254570,845440,29.4,29.39,7640,2055,-4180,1378
833,CTVA,2020-09-03,0 days 15:59:46.252054,843620,29.4,29.39,3742,2141,7715,-4180
834,CVE,2020-09-03,0 days 15:59:36.263850,32874,4.79,4.78,294473,182166,-6352,8448
835,CVS,2020-09-03,0 days 15:55:00.246959,664412,60.47,60.45,1659,777,1568,-51334
836,CVS,2020-09-03,0 days 15:56:08.251606,681542,60.43,60.42,757,2663,-578,3295
837,CVS,2020-09-03,0 days 15:56:09.251038,677985,60.43,60.42,803,2757,3557,-578
838,CVS,2020-09-03,0 days 15:56:34.251979,680725,60.52,60.5,1377,1475,-2211,1095
839,CVS,2020-09-03,0 days 15:56:35.251862,676936,60.52,60.51,802,1565,3789,-2211
840,CVS,2020-09-03,0 days 15:57:32.252212,684689,60.45,60.44,350,2824,-3741,3459
841,CVS,2020-09-03,0 days 15:57:36.253761,676233,60.45,60.44,1238,3503,8456,-3741
842,CVS,2020-09-03,0 days 15:57:41.252706,684689,60.46,60.44,857,4752,-1044,4356
843,CVS,2020-09-03,0 days 15:57:42.252435,683133,60.46,60.45,415,2323,1556,-1044
844,CVS,2020-09-03,0 days 15:57:48.253273,684689,60.47,60.46,872,298,-2924,2576
845,CVS,2020-09-03,0 days 15:57:49.255099,680713,60.46,60.45,783,900,3818,-2924
846,CVS,2020-09-03,0 days 15:58:18.255917,684183,60.43,60.42,2455,2080,2371,-3329
847,CVS,2020-09-03,0 days 15:58:24.256803,686554,60.45,60.43,2035,1750,-9346,2371
848,CVS,2020-09-03,0 days 15:58:28.256703,686100,60.45,60.44,1363,4407,454,-9346
849,CVS,2020-09-03,0 days 15:58:29.259721,686554,60.45,60.44,1539,1733,-1546,454
850,CVS,2020-09-03,0 days 15:58:30.257025,685400,60.45,60.44,1331,2033,1154,-1546
851,CVS,2020-09-03,0 days 15:59:57.261590,811126,60.47,60.46,2800,100,-921,1137
852,CVS,2020-09-03,0 days 15:59:58.261253,810147,60.45,60.44,3400,1800,1137,-921
853,CVX,2020-09-03,0 days 15:55:00.257711,862695,82.27,82.25,407,696,8627,-121801
854,CVX,2020-09-03,0 days 15:55:21.260172,871672,82.27,82.24,100,1212,-87,1042
855,CVX,2020-09-03,0 days 15:55:25.259300,871159,82.3,82.28,725,754,942,-87
856,CVX,2020-09-03,0 days 15:55:48.260181,882201,82.27,82.25,1620,1101,-3886,427
857,CVX,2020-09-03,0 days 15:55:49.260222,876187,82.27,82.26,295,500,6014,-3886
858,CVX,2020-09-03,0 days 15:56:50.261979,880293,82.25,82.24,300,300,5333,-2267
859,CVX,2020-09-03,0 days 15:59:08.263651,903833,82.12,82.1,1170,766,1649,-1097
860,CVX,2020-09-03,0 days 15:59:10.264589,905482,82.13,82.12,473,783,-1810,1649
861,CVX,2020-09-03,0 days 15:59:11.263124,903192,82.13,82.12,100,2283,2290,-1810
862,CVX,2020-09-03,0 days 15:59:18.262855,911545,82.18,82.16,134,300,-3082,1440
863,CVX,2020-09-03,0 days 15:59:19.264066,910053,82.16,82.15,200,1955,2860,-3082
864,CVX,2020-09-03,0 days 15:59:22.263333,913113,82.17,82.16,904,870,-1181,3854
865,CVX,2020-09-03,0 days 15:59:33.264126,907994,82.19,82.18,1322,200,751,-4949
866,CVX,2020-09-03,0 days 15:59:38.264433,913113,82.18,82.17,2309,419,-29,4113
867,CVX,2020-09-03,0 days 15:59:39.262580,913142,82.17,82.16,544,600,1771,-29
868,CVX,2020-09-03,0 days 15:59:40.263911,913513,82.18,82.16,1133,900,-1329,1771
869,CVX,2020-09-03,0 days 15:59:41.259881,913542,82.17,82.15,439,500,215,-1329
870,CWH,2020-09-03,0 days 15:59:45.259050,79910,30.94,30.92,1808,3237,750,-604
871,CWH,2020-09-03,0 days 15:59:48.257943,79069,30.93,30.92,521,926,-841,759
872,DAL,2020-09-03,0 days 15:57:21.253474,343429,31.28,31.27,9033,1153,2450,-1050
873,DAL,2020-09-03,0 days 15:57:22.253567,338579,31.28,31.27,6435,4822,-4850,2450
874,DAL,2020-09-03,0 days 15:59:00.262999,348816,31.26,31.25,14380,3626,4656,-4988
875,DAL,2020-09-03,0 days 15:59:19.259033,359058,31.27,31.26,11131,6931,-3461,3140
876,DAL,2020-09-03,0 days 15:59:36.259145,388917,31.29,31.28,14919,6594,688,-8512
877,DAL,2020-09-03,0 days 15:59:41.260809,389760,31.29,31.28,12839,9712,-5119,54140
878,DAL,2020-09-03,0 days 15:59:50.265357,344459,31.28,31.27,4506,8696,-52997,7103
879,DB,2020-09-03,0 days 15:59:39.259519,41383,9.3,9.29,101010,159134,8967,-733
880,DB,2020-09-03,0 days 15:59:40.261453,40850,9.3,9.29,101010,164234,-533,8967
881,DBD,2020-09-03,0 days 15:56:13.260441,66400,8.31,8.3,874,4350,974,-726
882,DBD,2020-09-03,0 days 15:56:14.260736,66074,8.31,8.3,866,4350,-326,974
883,DBD,2020-09-03,0 days 15:57:59.258129,69100,8.31,8.3,4109,8838,248,-22
884,DBD,2020-09-03,0 days 15:58:00.260436,68448,8.31,8.3,4722,7576,-652,248
885,DBD,2020-09-03,0 days 15:58:14.259708,69751,8.31,8.3,19127,6775,600,-1170
886,DBD,2020-09-03,0 days 15:58:15.259193,69081,8.31,8.3,20001,6277,-470,600
887,DBD,2020-09-03,0 days 15:59:15.263184,70859,8.31,8.3,10974,7257,316,-1283
888,DBD,2020-09-03,0 days 15:59:16.262366,70275,8.31,8.3,9061,10357,-584,316
889,DBD,2020-09-03,0 days 15:59:33.264021,70859,8.31,8.3,6256,12926,855,-584
890,DBD,2020-09-03,0 days 15:59:34.263605,70414,8.31,8.3,5916,13026,-445,855
891,DBD,2020-09-03,0 days 15:59:40.263714,70859,8.31,8.3,6962,11795,1343,-445
892,DBD,2020-09-03,0 days 15:59:41.259747,70602,8.31,8.3,7062,11995,-257,1343
893,DBD,2020-09-03,0 days 15:59:45.259142,71059,8.31,8.3,7552,9805,665,-105
894,DBD,2020-09-03,0 days 15:59:46.257781,70854,8.31,8.3,9339,10301,-5,665
895,DD,2020-09-03,0 days 15:55:00.235451,861569,58.12,58.11,552,400,2618,-104861
896,DD,2020-09-03,0 days 15:55:17.236824,864187,58.13,58.12,1026,300,-432,455
897,DD,2020-09-03,0 days 15:55:18.236576,860019,58.13,58.12,526,300,4168,-432
898,DD,2020-09-03,0 days 15:56:03.237179,867052,58.08,58.07,2345,426,-29,1564
899,DD,2020-09-03,0 days 15:56:04.237421,867481,58.08,58.07,3045,391,6321,-29
900,DD,2020-09-03,0 days 15:57:33.239326,876022,58.02,58.01,2731,466,-8173,3447
901,DD,2020-09-03,0 days 15:57:34.238848,873549,58.01,58.0,230,1303,2473,-8173
902,DD,2020-09-03,0 days 15:57:41.238546,876022,57.98,57.97,1307,2200,-1107,2193
903,DD,2020-09-03,0 days 15:57:42.238414,873929,57.98,57.97,4674,1800,3393,-1107
904,DD,2020-09-03,0 days 15:57:56.239805,877322,57.98,57.97,3267,3336,-5607,3393
905,DD,2020-09-03,0 days 15:57:57.239055,875129,57.99,57.98,869,1100,2193,-5607
906,DD,2020-09-03,0 days 15:58:02.240751,877322,57.99,57.98,351,2824,-6207,2193
907,DD,2020-09-03,0 days 15:58:03.240087,867271,58.0,57.99,568,1001,10051,-6207
908,DD,2020-09-03,0 days 15:58:19.241906,874608,58.0,57.99,570,1286,-6157,3143
909,DD,2020-09-03,0 days 15:58:20.241406,872765,58.01,58.0,643,200,1843,-6157
910,DD,2020-09-03,0 days 15:59:06.246808,874810,58.01,57.99,926,920,-15690,679
911,DD,2020-09-03,0 days 15:59:15.245565,909317,58.06,58.05,554,200,49652,-27372
912,DD,2020-09-03,0 days 15:59:23.242591,948966,58.08,58.06,652,400,10318,-7768
913,DD,2020-09-03,0 days 15:59:24.242949,959284,58.11,58.09,453,300,-1982,10318
914,DDD,2020-09-03,0 days 15:56:13.235837,115507,5.42,5.41,14835,14569,-596,1104
915,DDD,2020-09-03,0 days 15:56:14.236694,112803,5.42,5.41,16635,14256,2704,-596
916,DDD,2020-09-03,0 days 15:59:01.242798,123656,5.42,5.41,17901,15807,-3202,4098
917,DDD,2020-09-03,0 days 15:59:02.242315,121158,5.42,5.41,22585,11055,2826,-3202
918,DDD,2020-09-03,0 days 15:59:22.240972,121817,5.42,5.41,23027,7959,2267,-3433
919,DDD,2020-09-03,0 days 15:59:46.241730,123270,5.42,5.41,24866,17575,814,-786
920,DELL,2020-09-03,0 days 15:58:18.311068,128830,65.55,65.51,1910,1315,2633,-267
921,DELL,2020-09-03,0 days 15:59:07.314247,133133,65.5,65.48,3872,421,-1927,1793
922,DELL,2020-09-03,0 days 15:59:08.313372,131360,65.5,65.48,3527,623,1273,-1927
923,DELL,2020-09-03,0 days 15:59:35.313700,131830,65.55,65.53,1040,809,-1609,179
924,DELL,2020-09-03,0 days 15:59:36.313663,131439,65.54,65.53,545,709,391,-1609
925,DG,2020-09-03,0 days 15:59:00.251985,138910,196.87,196.79,350,212,62,-238
926,DG,2020-09-03,0 days 15:59:02.248370,138639,196.85,196.76,600,200,-571,62
927,DG,2020-09-03,0 days 15:59:06.250163,139378,196.88,196.8,340,450,75,-523
928,DG,2020-09-03,0 days 15:59:09.248875,138492,196.98,196.88,350,703,-886,414
929,DG,2020-09-03,0 days 15:59:39.249196,170785,196.88,196.81,968,878,972,-2928
930,DG,2020-09-03,0 days 15:59:41.248770,170457,196.86,196.81,587,300,-328,1272
931,DG,2020-09-03,0 days 15:59:45.248782,170785,196.86,196.8,1050,300,972,-328
932,DG,2020-09-03,0 days 15:59:48.248387,168270,196.88,196.82,217,676,-4485,562
933,DGX,2020-09-03,0 days 15:59:15.251520,247770,108.78,108.77,325,100,-128761,1651
934,DHI,2020-09-03,0 days 15:58:10.258396,413374,70.56,70.54,1945,1403,5488,-3693
935,DHI,2020-09-03,0 days 15:58:11.258321,405662,70.56,70.55,2011,200,-7962,5488
936,DHI,2020-09-03,0 days 15:59:12.261644,420126,70.57,70.54,500,1834,678,-1722
937,DHI,2020-09-03,0 days 15:59:21.259865,420841,70.57,70.55,300,191,7860,-697
938,DHI,2020-09-03,0 days 15:59:22.260183,420001,70.57,70.56,197,156,-2040,7860
939,DHI,2020-09-03,0 days 15:59:34.261723,437657,70.58,70.56,722,1508,3479,-7414
940,DHI,2020-09-03,0 days 15:59:35.261442,432336,70.65,70.62,1600,833,-11863,3479
941,DHI,2020-09-03,0 days 15:59:46.261412,441106,70.63,70.61,400,135,-3477,8449
942,DHT,2020-09-03,0 days 15:59:19.258893,95099,5.19,5.18,5834,54853,3619,-17961
943,DHT,2020-09-03,0 days 15:59:40.261358,99718,5.2,5.19,21372,55123,-327,319
944,DIS,2020-09-03,0 days 15:55:00.247737,753746,133.23,133.17,340,410,995,-66491
945,DIS,2020-09-03,0 days 15:55:24.249846,754775,133.3,133.28,200,416,-26,474
946,DIS,2020-09-03,0 days 15:55:25.250423,753801,133.29,133.28,100,212,998,-26
947,DIS,2020-09-03,0 days 15:55:26.250387,754799,133.32,133.29,160,700,-2,998
948,DIS,2020-09-03,0 days 15:55:28.251553,752401,133.33,133.31,100,200,1036,-502
949,DIS,2020-09-03,0 days 15:55:40.250719,749174,133.35,133.31,520,1216,4263,-1220
950,DIS,2020-09-03,0 days 15:56:16.251322,755290,133.38,133.35,400,814,2031,-591
951,DIS,2020-09-03,0 days 15:56:17.252580,756122,133.39,133.37,200,212,-426,2031
952,DIS,2020-09-03,0 days 15:56:18.250909,754248,133.38,133.36,101,500,1874,-426
953,DIS,2020-09-03,0 days 15:56:31.251173,753448,133.44,133.42,524,877,1000,-1026
954,DIS,2020-09-03,0 days 15:57:33.254741,756417,133.43,133.41,400,100,-5534,1966
955,DIS,2020-09-03,0 days 15:57:34.253640,755251,133.41,133.39,514,100,1166,-5534
956,DIS,2020-09-03,0 days 15:57:35.253769,758217,133.41,133.4,100,200,-4734,1166
957,DIS,2020-09-03,0 days 15:57:36.253858,757351,133.4,133.38,100,800,866,-4734
958,DIS,2020-09-03,0 days 15:57:37.252651,758217,133.39,133.37,1000,101,-834,866
959,DIS,2020-09-03,0 days 15:57:41.252794,759151,133.4,133.37,113,800,237,-934
960,DIS,2020-09-03,0 days 15:57:43.253476,759409,133.37,133.34,1213,200,-4142,237
961,DIS,2020-09-03,0 days 15:57:50.254218,758551,133.31,133.29,100,400,3776,-5086
962,DIS,2020-09-03,0 days 15:57:51.253505,764127,133.29,133.27,600,720,-1124,3776
963,DIS,2020-09-03,0 days 15:58:00.255646,758551,133.33,133.29,848,300,2099,-5386
964,DIS,2020-09-03,0 days 15:58:02.255460,760065,133.33,133.31,200,300,-7886,199
965,DIS,2020-09-03,0 days 15:58:24.256852,763758,133.29,133.25,504,500,-1074,3032
966,DIS,2020-09-03,0 days 15:58:25.256992,763032,133.29,133.26,618,401,726,-1074
967,DIS,2020-09-03,0 days 15:58:38.256817,761832,133.31,133.29,400,401,325,-8060
968,DIS,2020-09-03,0 days 15:58:39.257152,761257,133.33,133.3,300,781,-575,325
969,DIS,2020-09-03,0 days 15:59:01.260936,762030,133.27,133.25,200,300,2726,-7936
970,DIS,2020-09-03,0 days 15:59:03.258327,764756,133.25,133.21,427,789,-1018,6779
971,DIS,2020-09-03,0 days 15:59:53.261162,879352,133.3,133.24,952,100,9606,-24955
972,DLR,2020-09-03,0 days 15:55:00.249666,126689,148.03,147.96,300,200,-5520,871
973,DLR,2020-09-03,0 days 15:55:01.250444,125809,148.03,147.96,500,529,846,-5520
974,DLR,2020-09-03,0 days 15:55:22.255836,128554,148.08,148.01,350,100,-3691,376
975,DLR,2020-09-03,0 days 15:55:23.253896,127545,148.06,148.02,100,200,975,-3691
976,DLR,2020-09-03,0 days 15:56:22.254512,128577,148.07,148.03,200,200,-3,73
977,DLR,2020-09-03,0 days 15:56:23.253967,127780,148.1,148.05,303,200,763,-3
978,DLR,2020-09-03,0 days 15:57:41.255901,132403,148.29,148.27,200,200,-196,70
979,DLR,2020-09-03,0 days 15:57:42.255634,131599,148.29,148.24,177,200,1370,-196
980,DLR,2020-09-03,0 days 15:58:13.258983,132455,148.34,148.25,300,178,-3739,827
981,DLR,2020-09-03,0 days 15:58:14.258231,130594,148.35,148.3,200,339,1827,-3739
982,DLR,2020-09-03,0 days 15:58:45.260134,131782,148.41,148.4,1583,498,-112,1654
983,DLR,2020-09-03,0 days 15:58:46.260756,131094,148.41,148.38,1605,241,654,-112
984,DLR,2020-09-03,0 days 15:59:08.261304,135244,148.44,148.38,200,300,-10862,288
985,DLR,2020-09-03,0 days 15:59:40.262095,154977,148.28,148.24,677,300,-9,316
986,DLR,2020-09-03,0 days 15:59:42.261337,154986,148.28,148.24,800,100,341,-9
987,DLR,2020-09-03,0 days 15:59:58.256412,155386,148.21,148.14,1300,2295,1778,-578
988,DOW,2020-09-03,0 days 15:57:47.247860,689762,48.23,48.22,800,115,1411,-2389
989,DOW,2020-09-03,0 days 15:57:48.248307,687073,48.24,48.23,932,1143,-2689,1411
990,DOW,2020-09-03,0 days 15:58:10.250351,688376,48.24,48.23,600,755,12554,-1905
991,DOW,2020-09-03,0 days 15:58:12.250384,685730,48.23,48.21,2927,800,-2646,3254
992,DOW,2020-09-03,0 days 15:59:01.254457,696936,48.24,48.23,1089,115,11303,-7397
993,DOW,2020-09-03,0 days 15:59:07.253113,696672,48.24,48.23,878,2044,-9355,2352
994,DOW,2020-09-03,0 days 15:59:15.253405,712808,48.28,48.27,904,2210,150489,-2436
995,DOW,2020-09-03,0 days 15:59:46.251790,762809,48.38,48.37,600,100,41102,-17424
996,DOW,2020-09-03,0 days 15:59:48.252872,806789,48.43,48.42,700,100,-2820,3880
997,DOW,2020-09-03,0 days 15:59:52.250693,812135,48.42,48.39,1190,541,601,-4283
998,DT,2020-09-03,0 days 15:59:55.250397,96587,41.71,41.63,200,2493,-15435,16704
999,DT,2020-09-03,0 days 15:59:59.240958,76111,41.76,41.66,6200,4876,19802,-18747
1000,DUK,2020-09-03,0 days 15:57:37.245289,306841,81.15,81.12,300,281,4129,-71
1001,DUK,2020-09-03,0 days 15:58:10.249093,310970,81.13,81.11,300,500,-323,2477
1002,DUK,2020-09-03,0 days 15:58:33.249401,311278,81.19,81.17,2426,400,-65,2728
1003,DUK,2020-09-03,0 days 15:58:36.249457,308743,81.19,81.16,2889,1008,2535,-65
1004,DUK,2020-09-03,0 days 15:58:42.250805,311278,81.2,81.19,3944,100,-65,2728
1005,DUK,2020-09-03,0 days 15:59:26.247761,320213,81.2,81.17,4049,400,-1559,4841
1006,DUK,2020-09-03,0 days 15:59:42.248503,319095,81.17,81.15,2452,100,2176,-14356
1007,DUK,2020-09-03,0 days 15:59:43.248807,321271,81.19,81.17,396,400,-20003,2176
1008,DUK,2020-09-03,0 days 15:59:51.251892,320982,81.18,81.14,952,150,1657,-13390
1009,DUK,2020-09-03,0 days 15:59:54.251218,322539,81.18,81.15,546,300,-13390,1657
1010,DVN,2020-09-03,0 days 15:59:10.255484,303603,10.47,10.46,8604,36157,4253,-5425
1011,DVN,2020-09-03,0 days 15:59:11.253206,301556,10.48,10.47,15471,31616,-661,4253
1012,DVN,2020-09-03,0 days 15:59:41.253319,303793,10.48,10.47,29454,13742,2441,-26516
1013,DVN,2020-09-03,0 days 15:59:46.252084,301355,10.48,10.47,6047,40546,-11096,20962
1014,DXC,2020-09-03,0 days 15:57:33.239326,265010,21.38,21.37,2305,2321,3515,-2385
1015,DXC,2020-09-03,0 days 15:57:34.238848,258925,21.38,21.37,2205,2372,-5885,3515
1016,DXC,2020-09-03,0 days 15:59:35.244029,278798,21.39,21.38,1100,3631,3077,-2366
1017,DXC,2020-09-03,0 days 15:59:36.244224,277375,21.39,21.38,2700,4806,-1129,3077
1018,EAT,2020-09-03,0 days 15:58:39.311620,68376,46.63,46.62,1419,200,57,-230
1019,EAT,2020-09-03,0 days 15:58:47.312567,68433,46.63,46.62,1460,783,-202,411
1020,EAT,2020-09-03,0 days 15:58:48.312077,67835,46.63,46.62,1460,783,398,-202
1021,EAT,2020-09-03,0 days 15:59:08.313330,68290,46.6,46.59,406,800,-895,284
1022,EAT,2020-09-03,0 days 15:59:09.317573,67985,46.6,46.59,406,600,193,-895
1023,EAT,2020-09-03,0 days 15:59:35.313663,68482,46.63,46.62,479,1083,93,-4710
1024,EAT,2020-09-03,0 days 15:59:37.313695,68775,46.63,46.62,736,1483,-735,93
1025,EAT,2020-09-03,0 days 15:59:39.313717,68610,46.62,46.61,469,803,178,-735
1026,EAT,2020-09-03,0 days 15:59:40.316959,68788,46.63,46.62,644,1500,-22,178
1027,ED,2020-09-03,0 days 15:56:07.254446,199698,72.36,72.35,300,300,27952,-48848
1028,ED,2020-09-03,0 days 15:56:08.254985,150850,72.39,72.35,300,200,-48848,27952
1029,ED,2020-09-03,0 days 15:58:01.257702,200898,72.42,72.38,698,826,596,-1581
1030,ED,2020-09-03,0 days 15:58:10.258783,162946,72.42,72.4,1180,325,-38204,12661
1031,ED,2020-09-03,0 days 15:59:06.264353,184260,72.43,72.4,400,300,-17273,79051
1032,ED,2020-09-03,0 days 15:59:31.262608,220639,72.43,72.4,300,904,415,-1520
1033,ED,2020-09-03,0 days 15:59:32.261363,192254,72.44,72.42,1477,200,-28440,415
1034,ED,2020-09-03,0 days 15:59:39.261921,220639,72.42,72.4,434,2034,3032,-2677
1035,ED,2020-09-03,0 days 15:59:40.262401,218471,72.43,72.4,551,553,-2177,3032
1036,ED,2020-09-03,0 days 15:59:43.261668,220498,72.43,72.41,870,1576,1973,-1156
1037,ED,2020-09-03,0 days 15:59:55.257844,225183,72.41,72.37,300,400,88458,-5244
1038,EIX,2020-09-03,0 days 15:56:08.306272,165508,52.86,52.85,381,500,27111,-3233
1039,EIX,2020-09-03,0 days 15:56:09.305244,165219,52.87,52.86,490,655,-289,27111
1040,EIX,2020-09-03,0 days 15:56:11.305419,165508,52.87,52.86,334,1055,1211,-289
1041,EIX,2020-09-03,0 days 15:56:12.305030,165319,52.87,52.86,334,955,-189,1211
1042,EIX,2020-09-03,0 days 15:57:20.307627,166089,52.96,52.95,684,1192,130,-370
1043,EIX,2020-09-03,0 days 15:57:21.307935,165819,52.95,52.94,300,633,-270,130
1044,EIX,2020-09-03,0 days 15:57:41.309289,165925,52.92,52.9,427,400,1624,-6
1045,EIX,2020-09-03,0 days 15:57:46.310583,165949,52.93,52.92,123,100,-76,724
1046,EIX,2020-09-03,0 days 15:57:55.308779,167689,52.93,52.92,400,500,660,-376
1047,EIX,2020-09-03,0 days 15:57:56.309061,166949,52.93,52.91,600,400,-76,660
1048,EIX,2020-09-03,0 days 15:58:03.310216,165949,52.91,52.9,530,500,-76,924
1049,EIX,2020-09-03,0 days 15:58:10.310191,166442,52.92,52.9,430,400,5476,-61
1050,EIX,2020-09-03,0 days 15:58:11.310119,169518,52.92,52.9,430,500,-27,5476
1051,EIX,2020-09-03,0 days 15:58:15.311382,172176,52.92,52.9,430,700,242,-358
1052,EIX,2020-09-03,0 days 15:58:52.311384,172018,52.94,52.92,300,309,-158,378
1053,EIX,2020-09-03,0 days 15:59:00.315521,170706,52.95,52.93,500,569,2112,-522
1054,EIX,2020-09-03,0 days 15:59:26.313475,251761,53.02,53.0,2400,979,-939,2761
1055,EIX,2020-09-03,0 days 15:59:28.313670,247739,53.02,53.0,3200,503,5155,-4671
1056,EIX,2020-09-03,0 days 15:59:34.312946,252794,53.01,53.0,452,516,-183,2157
1057,ELAN,2020-09-03,0 days 15:59:16.313317,146420,28.18,28.17,979,2400,43986,-15375
1058,ELAN,2020-09-03,0 days 15:59:17.313409,145406,28.19,28.18,1900,1093,-1014,43986
1059,ELAN,2020-09-03,0 days 15:59:40.316792,151669,28.2,28.19,3907,4856,-3043,46
1060,EMR,2020-09-03,0 days 15:59:34.243672,258025,68.71,68.69,700,674,4103,-3828
1061,EMR,2020-09-03,0 days 15:59:41.245644,256616,68.73,68.72,400,100,-1409,1092
1062,EMR,2020-09-03,0 days 15:59:42.243824,258025,68.74,68.72,500,932,2191,-1409
1063,EMR,2020-09-03,0 days 15:59:50.247231,258025,68.76,68.74,700,481,3019,-581
1064,ENB,2020-09-03,0 days 15:55:21.247874,24187,32.07,32.06,300,13149,-1034,977
1065,ENB,2020-09-03,0 days 15:56:02.248511,28405,32.08,32.07,9099,8300,198,-290
1066,ENB,2020-09-03,0 days 15:56:03.247639,28003,32.08,32.07,8799,7500,-717,198
1067,ENLC,2020-09-03,0 days 15:57:59.254386,50830,2.63,2.62,17527,18422,2742,-944
1068,ENLC,2020-09-03,0 days 15:58:00.255514,48110,2.63,2.62,16527,17722,-2720,2742
1069,ENLC,2020-09-03,0 days 15:58:15.255778,50831,2.63,2.62,21127,15700,1334,-878
1070,ENLC,2020-09-03,0 days 15:58:16.256258,48234,2.63,2.62,21027,15400,-2597,1334
1071,ENLC,2020-09-03,0 days 15:58:57.257578,47903,2.63,2.62,6069,33394,-2928,572
1072,EOG,2020-09-03,0 days 15:57:35.245829,297383,43.06,43.05,882,3519,2571,-329
1073,EOG,2020-09-03,0 days 15:57:36.245200,296754,43.06,43.05,875,3619,-629,2571
1074,EOG,2020-09-03,0 days 15:57:40.245505,297683,43.07,43.06,400,1316,2787,-929
1075,EOG,2020-09-03,0 days 15:57:41.245221,296101,43.07,43.06,805,1169,-1582,2787
1076,EOG,2020-09-03,0 days 15:57:56.246896,297883,43.07,43.06,567,2890,418,-1382
1077,EOG,2020-09-03,0 days 15:57:57.246221,293901,43.08,43.07,600,2133,-3982,418
1078,EOG,2020-09-03,0 days 15:58:08.248117,297883,43.09,43.08,5581,1415,983,-1117
1079,EOG,2020-09-03,0 days 15:58:09.248085,296466,43.09,43.08,6181,400,-1440,983
1080,EOG,2020-09-03,0 days 15:58:11.248258,297906,43.08,43.07,1110,1956,360,-1440
1081,EOG,2020-09-03,0 days 15:58:12.248341,296466,43.08,43.07,1860,1656,-1440,360
1082,EOG,2020-09-03,0 days 15:58:14.248613,297906,43.08,43.07,2060,1575,1760,-1440
1083,EOG,2020-09-03,0 days 15:58:15.249218,296466,43.08,43.07,1879,862,-1440,1760
1084,EOG,2020-09-03,0 days 15:58:17.248221,297906,43.07,43.06,2440,3056,1160,-1440
1085,EOG,2020-09-03,0 days 15:58:18.248387,296466,43.07,43.06,2140,3456,-1440,1160
1086,EOG,2020-09-03,0 days 15:59:10.253003,299825,43.08,43.07,533,2819,2325,-313
1087,EOG,2020-09-03,0 days 15:59:11.250930,299750,43.11,43.09,658,1453,-75,2325
1088,EOG,2020-09-03,0 days 15:59:37.247932,346866,43.14,43.13,400,1185,123,-63
1089,EOG,2020-09-03,0 days 15:59:46.248186,349994,43.15,43.14,1269,1120,-1171,2028
1090,EPD,2020-09-03,0 days 15:59:01.262823,37390,17.45,17.44,14029,2000,398,-11916
1091,EPD,2020-09-03,0 days 15:59:03.261679,36188,17.45,17.44,14187,2000,-1202,1098
1092,EQR,2020-09-03,0 days 15:56:01.237318,215297,57.36,57.35,343,651,1926,-12189
1093,EQR,2020-09-03,0 days 15:56:02.237323,211908,57.36,57.35,1108,351,-3389,1926
1094,EQR,2020-09-03,0 days 15:57:33.239267,217898,57.43,57.42,231,220,694,-2185
1095,EQR,2020-09-03,0 days 15:57:34.238812,215892,57.43,57.42,299,320,-1985,694
1096,EQR,2020-09-03,0 days 15:57:37.238719,217898,57.42,57.41,275,100,94,-1985
1097,EQR,2020-09-03,0 days 15:57:39.238211,213092,57.41,57.4,784,233,-4585,94
1098,EQR,2020-09-03,0 days 15:58:17.240535,215541,57.38,57.37,269,425,-2663,1537
1099,EQR,2020-09-03,0 days 15:58:21.241037,218204,57.37,57.36,200,726,1437,-2663
1100,EQR,2020-09-03,0 days 15:58:22.241197,215141,57.37,57.36,1111,728,-3063,1437
1101,EQR,2020-09-03,0 days 15:59:31.246435,224895,57.43,57.41,531,600,1005,-223
1102,EQR,2020-09-03,0 days 15:59:32.243421,223600,57.43,57.42,500,412,-1295,1005
1103,EQR,2020-09-03,0 days 15:59:34.243836,236329,57.42,57.41,196,870,2160,-12729
1104,EQR,2020-09-03,0 days 15:59:35.243959,234289,57.43,57.42,400,1490,-2276,2160
1105,EQT,2020-09-03,0 days 15:55:04.247406,114591,15.29,15.28,5486,3068,4700,-1197
1106,EQT,2020-09-03,0 days 15:55:05.248391,113391,15.29,15.28,5386,3068,-1200,4700
1107,EQT,2020-09-03,0 days 15:55:44.250907,118692,15.27,15.26,5022,3107,814,-1586
1108,EQT,2020-09-03,0 days 15:55:45.252111,117306,15.27,15.26,5322,3108,-1386,814
1109,EQT,2020-09-03,0 days 15:56:04.250701,121267,15.27,15.26,3659,4855,77,-1386
1110,EQT,2020-09-03,0 days 15:56:05.251551,120044,15.27,15.26,3859,4355,-1223,77
1111,EQT,2020-09-03,0 days 15:57:42.252544,129397,15.27,15.26,6213,4413,1455,-706
1112,EQT,2020-09-03,0 days 15:57:44.253212,129391,15.27,15.26,6128,4228,-6,455
1113,EQT,2020-09-03,0 days 15:57:45.254152,129397,15.27,15.26,7210,4024,955,-6
1114,EQT,2020-09-03,0 days 15:57:46.254614,128591,15.27,15.26,5724,5324,-806,955
1115,EQT,2020-09-03,0 days 15:58:06.255580,129397,15.26,15.25,12083,2471,683,-995
1116,EQT,2020-09-03,0 days 15:59:00.262999,129779,15.26,15.25,4355,6135,-705,117
1117,EQT,2020-09-03,0 days 15:59:07.258927,130312,15.26,15.25,7303,7609,496,-493
1118,EQT,2020-09-03,0 days 15:59:08.263606,129608,15.27,15.26,5418,3602,-704,496
1119,EQT,2020-09-03,0 days 15:59:35.259120,130781,15.28,15.27,6517,4240,3964,-2499
1120,EQT,2020-09-03,0 days 15:59:36.259145,130245,15.28,15.27,5727,4740,-502,3964
1121,EQT,2020-09-03,0 days 15:59:46.260788,130445,15.28,15.27,8116,3893,-1349,3098
1122,ERJ,2020-09-03,0 days 15:56:13.245733,41094,5.55,5.54,19644,14709,-1133,567
1123,ERJ,2020-09-03,0 days 15:56:14.246151,40127,5.55,5.54,19644,14709,967,-1133
1124,ERJ,2020-09-03,0 days 15:59:36.252825,44829,5.55,5.54,18754,30264,-1087,1613
1125,ERJ,2020-09-03,0 days 15:59:37.252672,44616,5.55,5.54,11254,30264,213,-1087
1126,ERJ,2020-09-03,0 days 15:59:46.252016,44829,5.55,5.54,34286,29484,-3887,213
1127,EROS,2020-09-03,0 days 15:59:23.312287,42491,2.9,2.89,22540,30939,973,-5027
1128,EROS,2020-09-03,0 days 15:59:36.313338,43464,2.9,2.89,29394,30222,-342,973
1129,EROS,2020-09-03,0 days 15:59:37.313386,43106,2.9,2.89,30757,30243,358,-342
1130,EROS,2020-09-03,0 days 15:59:40.316693,43464,2.9,2.89,32494,26195,-1442,358
1131,ESRT,2020-09-03,0 days 15:59:15.251325,167959,6.7,6.69,9666,17144,1179,-13121
1132,ESRT,2020-09-03,0 days 15:59:19.247638,169138,6.7,6.69,2409,25175,-141,2273
1133,ET,2020-09-03,0 days 15:59:04.260549,118430,6.2,6.19,32120,72373,-9618,10898
1134,ET,2020-09-03,0 days 15:59:05.261168,111648,6.2,6.19,33320,71993,6782,-9618
1135,ET,2020-09-03,0 days 15:59:10.262684,118430,6.2,6.19,32348,70468,-22854,4948
1136,ET,2020-09-03,0 days 15:59:11.260848,113784,6.2,6.19,22848,71268,4646,-22854
1137,ETRN,2020-09-03,0 days 15:59:06.263722,132087,9.72,9.71,1487,15470,1139,-3191
1138,ETRN,2020-09-03,0 days 15:59:16.259897,127894,9.73,9.72,4028,8026,3832,-235
1139,ETRN,2020-09-03,0 days 15:59:45.261638,147541,9.73,9.72,5006,13854,5685,-698
1140,EURN,2020-09-03,0 days 15:59:19.249086,27880,8.56,8.55,14964,24887,1054,-1657
1141,EURN,2020-09-03,0 days 15:59:20.248033,27334,8.56,8.55,10819,26687,-493,1054
1142,EURN,2020-09-03,0 days 15:59:45.248941,27880,8.57,8.56,24001,18474,1054,-746
1143,EURN,2020-09-03,0 days 15:59:46.247872,27434,8.57,8.56,30544,17874,-446,1054
1144,EVRG,2020-09-03,0 days 15:55:01.235125,91317,52.22,52.21,500,1000,371,-529
1145,EVRG,2020-09-03,0 days 15:56:16.237279,93227,52.34,52.33,800,600,-369,270
1146,EVRG,2020-09-03,0 days 15:56:17.239264,93096,52.34,52.33,1000,1333,131,-369
1147,EVRG,2020-09-03,0 days 15:57:43.238838,96127,52.39,52.38,700,1348,-60,740
1148,EVRG,2020-09-03,0 days 15:57:44.238779,95687,52.39,52.38,400,1450,940,-60
1149,EVRG,2020-09-03,0 days 15:57:46.239697,96027,52.42,52.4,400,400,-60,5340
1150,EVRG,2020-09-03,0 days 15:57:47.238343,95587,52.42,52.39,832,1054,440,-60
1151,EVRG,2020-09-03,0 days 15:57:52.241172,96027,52.42,52.41,400,447,-160,340
1152,EVRG,2020-09-03,0 days 15:57:53.238715,95687,52.42,52.41,130,552,340,-160
1153,EVRG,2020-09-03,0 days 15:57:58.239576,96027,52.43,52.41,1100,2257,-160,340
1154,EVRG,2020-09-03,0 days 15:58:00.240373,95687,52.41,52.39,100,1049,340,-460
1155,EVRG,2020-09-03,0 days 15:58:24.241823,96094,52.43,52.42,1391,2615,-156,1280
1156,EVRG,2020-09-03,0 days 15:58:25.240933,95714,52.44,52.43,2600,1549,380,-156
1157,EVRG,2020-09-03,0 days 15:59:02.243890,95658,52.43,52.42,1493,562,-248,2079
1158,EVRG,2020-09-03,0 days 15:59:03.243718,95406,52.42,52.41,743,702,320,-248
1159,EVRG,2020-09-03,0 days 15:59:27.242566,117050,52.47,52.45,545,1028,891,-253
1160,EVRG,2020-09-03,0 days 15:59:28.242250,115541,52.47,52.45,251,1128,-1509,891
1161,EVRG,2020-09-03,0 days 15:59:46.243067,117177,52.47,52.46,2906,1004,2364,-568
1162,EVRG,2020-09-03,0 days 15:59:47.242844,116341,52.47,52.46,2606,1009,-836,2364
1163,EW,2020-09-03,0 days 15:55:06.301970,253012,85.63,85.6,440,100,2770,-1542
1164,EW,2020-09-03,0 days 15:55:07.302070,251582,85.63,85.6,540,100,-1130,2770
1165,EW,2020-09-03,0 days 15:57:33.307699,260447,85.67,85.64,524,500,1323,-1110
1166,EW,2020-09-03,0 days 15:57:36.308301,259770,85.67,85.64,404,348,-677,1306
1167,EW,2020-09-03,0 days 15:57:40.308713,260447,85.64,85.61,200,300,5447,-610
1168,EW,2020-09-03,0 days 15:57:41.309473,259017,85.65,85.63,100,100,-2330,5447
1169,EW,2020-09-03,0 days 15:57:42.311432,260447,85.65,85.62,427,329,170,-2330
1170,EW,2020-09-03,0 days 15:57:43.309415,260417,85.64,85.62,100,329,-30,170
1171,EW,2020-09-03,0 days 15:57:44.308499,261847,85.62,85.6,400,100,170,-30
1172,EW,2020-09-03,0 days 15:57:45.308861,262073,85.63,85.6,488,200,-1174,170
1173,EW,2020-09-03,0 days 15:57:46.310695,261547,85.61,85.57,500,100,2439,-1174
1174,EW,2020-09-03,0 days 15:57:51.308539,269686,85.6,85.57,400,100,-461,1039
1175,EW,2020-09-03,0 days 15:58:01.310588,264147,85.59,85.56,602,181,2241,-161
1176,EW,2020-09-03,0 days 15:58:09.311111,266388,85.58,85.56,100,347,-1670,4630
1177,EW,2020-09-03,0 days 15:58:10.310320,265758,85.6,85.56,200,288,630,-1670
1178,EW,2020-09-03,0 days 15:58:29.311514,264447,85.61,85.59,426,626,443,-1257
1179,EW,2020-09-03,0 days 15:58:44.312611,263210,85.68,85.67,100,325,-1337,230
1180,EW,2020-09-03,0 days 15:58:52.311466,261347,85.68,85.66,460,100,1463,-337
1181,EW,2020-09-03,0 days 15:59:08.313345,271031,85.68,85.65,236,1127,-5583,991
1182,EW,2020-09-03,0 days 15:59:47.315081,281735,85.75,85.73,300,100,435,-5232
1183,EW,2020-09-03,0 days 15:59:48.315772,281496,85.75,85.73,400,100,-232,435
1184,EW,2020-09-03,0 days 15:59:55.303608,277268,85.71,85.64,1400,4154,6941,-4679
1185,EXK,2020-09-03,0 days 15:59:36.313663,30844,4.06,4.05,138024,98758,9890,-11710
1186,EXK,2020-09-03,0 days 15:59:37.313750,30234,4.06,4.05,132174,103658,-610,9890
1187,F,2020-09-03,0 days 15:59:36.261632,1611184,6.82,6.81,69048,950705,56258,-117742
1188,F,2020-09-03,0 days 15:59:37.261630,1605242,6.82,6.81,76272,952773,-5942,56258
1189,FCAU,2020-09-03,0 days 15:57:22.250136,77378,10.9,10.89,28607,31613,7247,-1653
1190,FCAU,2020-09-03,0 days 15:57:23.250148,72925,10.9,10.89,25491,34613,-4453,7247
1191,FCAU,2020-09-03,0 days 15:59:45.249828,81971,10.89,10.88,66581,22323,2733,-226
1192,FCAU,2020-09-03,0 days 15:59:46.248229,79904,10.89,10.88,65181,26527,-2067,2733
1193,FCX,2020-09-03,0 days 15:55:01.234981,1403594,15.51,15.5,38616,15941,13537,-48163
1194,FCX,2020-09-03,0 days 15:58:48.243380,1497543,15.52,15.51,28845,60972,18949,-4951
1195,FCX,2020-09-03,0 days 15:59:07.243580,1542713,15.51,15.5,70950,13292,-45929,9284
1196,FCX,2020-09-03,0 days 15:59:08.245404,1532042,15.51,15.5,66250,16492,8671,-45929
1197,FCX,2020-09-03,0 days 15:59:14.244990,1540713,15.51,15.5,44043,28400,-385,6915
1198,FCX,2020-09-03,0 days 15:59:16.244127,1505084,15.51,15.5,42143,35100,289110,-385
1199,FE,2020-09-03,0 days 15:59:03.252784,353454,29.44,29.43,644,1809,9285,-3700
1200,FE,2020-09-03,0 days 15:59:14.253512,407156,29.49,29.48,1660,917,-13827,36220
1201,FE,2020-09-03,0 days 15:59:21.253672,381325,29.46,29.45,1952,400,34046,-6518
1202,FE,2020-09-03,0 days 15:59:22.253917,366971,29.46,29.45,900,1800,-16825,34046
1203,FE,2020-09-03,0 days 15:59:39.253184,444936,29.43,29.42,3825,2207,-1379,6621
1204,FE,2020-09-03,0 days 15:59:47.251092,449397,29.43,29.42,2937,1181,-4353,3221
1205,FE,2020-09-03,0 days 16:00:00.249235,450681,29.38,29.36,100,100,6565,-2948
1206,FEAC,2020-09-03,0 days 15:59:12.263316,3695,13.09,13.04,1100,2100,186,-112
1207,FHN,2020-09-03,0 days 15:55:00.234385,145082,9.64,9.63,8571,25609,-11537,6655
1208,FHN,2020-09-03,0 days 15:56:08.237666,174313,9.64,9.63,30954,25720,21069,-29331
1209,FHN,2020-09-03,0 days 15:56:09.237454,171482,9.64,9.63,30022,25020,-2831,21069
1210,FHN,2020-09-03,0 days 15:56:22.237906,174647,9.64,9.63,32674,16900,1235,-1131
1211,FHN,2020-09-03,0 days 15:56:23.237124,172182,9.64,9.63,33774,16600,-2465,1235
1212,FHN,2020-09-03,0 days 15:58:05.241332,175277,9.64,9.63,60551,12572,5,-1021
1213,FHN,2020-09-03,0 days 15:59:01.244307,166817,9.63,9.62,55991,63776,20820,-16525
1214,FHN,2020-09-03,0 days 15:59:02.243692,161956,9.63,9.62,46407,51906,-6377,20820
1215,FHN,2020-09-03,0 days 15:59:36.244025,170398,9.64,9.63,16866,77070,4930,-5970
1216,FHN,2020-09-03,0 days 15:59:37.243565,170028,9.64,9.63,15586,78170,-371,4930
1217,FIS,2020-09-03,0 days 15:59:47.248613,434237,150.36,150.33,200,820,1869,-697
1218,FIS,2020-09-03,0 days 15:59:48.248741,429506,150.4,150.35,108,318,-5465,1869
1219,FIT,2020-09-03,0 days 15:57:06.256020,128949,6.35,6.34,87223,56881,14885,-24845
1220,FIT,2020-09-03,0 days 15:57:07.255657,125234,6.35,6.34,83188,59111,-3086,14885
1221,FIT,2020-09-03,0 days 15:59:28.260035,134196,6.35,6.34,87342,29410,1401,-11578
1222,FL,2020-09-03,0 days 15:56:37.249339,44444,31.89,31.88,349,1280,814,-786
1223,FL,2020-09-03,0 days 15:56:38.248951,43458,31.89,31.88,1200,924,-986,814
1224,FRO,2020-09-03,0 days 15:55:25.246969,84278,7.37,7.36,9739,10677,9751,-3299
1225,FRO,2020-09-03,0 days 15:55:26.247101,82329,7.37,7.36,9641,10583,-1949,9751
1226,FRO,2020-09-03,0 days 15:56:13.247463,84278,7.37,7.36,12373,6957,1611,-89
1227,FRO,2020-09-03,0 days 15:56:14.248002,82889,7.37,7.36,12373,6957,-1389,1611
1228,FRO,2020-09-03,0 days 15:58:47.249368,82119,7.37,7.36,14679,6726,1291,-636
1229,FRO,2020-09-03,0 days 15:58:48.249882,77410,7.37,7.36,13898,7326,-4709,1291
1230,FRO,2020-09-03,0 days 15:59:01.252960,82119,7.36,7.35,29136,5167,1642,-41
1231,FRO,2020-09-03,0 days 15:59:33.247014,82399,7.37,7.36,10485,18954,2388,-2557
1232,FRO,2020-09-03,0 days 15:59:38.247120,81894,7.38,7.37,21512,17095,-2705,188
1233,FSM,2020-09-03,0 days 15:55:00.235578,29660,7.01,7.0,65850,25667,-2879,10175
1234,FSM,2020-09-03,0 days 15:57:04.239826,32809,7.01,7.0,34173,79004,6560,-1710
1235,FSM,2020-09-03,0 days 15:59:02.243922,43664,7.01,7.0,62842,73500,-1072,1548
1236,FSM,2020-09-03,0 days 15:59:03.243718,42336,7.01,7.0,59388,81762,1328,-1072
1237,FSM,2020-09-03,0 days 15:59:14.245118,43838,7.01,7.0,26513,105804,-7587,898
