,Symbol,Timestamp,TIME,iPaired,Ask_P,Bid_P,Ask_S,Bid_S,iShares,PreviShares
0,AA,2020-10-07,0 days 15:55:36.240182,175948,12.25,12.24,21553,5682,170,-882
1,AA,2020-10-07,0 days 15:55:37.240964,175018,12.25,12.24,22125,5682,-930,170
2,AA,2020-10-07,0 days 15:58:05.244031,178537,12.25,12.24,62246,9371,3976,-7902
3,AA,2020-10-07,0 days 15:58:06.243904,176813,12.25,12.24,64056,871,-1724,3976
4,AA,2020-10-07,0 days 15:58:49.244962,182159,12.23,12.22,10445,900,501,-8899
5,AA,2020-10-07,0 days 15:58:50.245920,178160,12.23,12.22,9645,3900,-3994,501
6,AA,2020-10-07,0 days 15:59:15.246591,218197,12.23,12.22,11862,3200,18404,-2384
7,AA,2020-10-07,0 days 15:59:16.246303,217101,12.23,12.22,12062,2700,-1096,18404
8,AA,2020-10-07,0 days 15:59:21.246105,217301,12.22,12.21,13470,3700,-891,2509
9,AA,2020-10-07,0 days 15:59:42.247386,240421,12.24,12.23,11755,13495,10024,-1420
10,AA,2020-10-07,0 days 15:59:43.247159,239545,12.24,12.23,13755,5573,-876,10024
11,AA,2020-10-07,0 days 15:59:49.248352,250239,12.24,12.23,13222,1986,2960,-1036
12,AA,2020-10-07,0 days 15:59:50.251661,247799,12.24,12.23,5900,5326,-2440,2960
13,ABBV,2020-10-07,0 days 15:55:00.722072,617880,87.24,87.23,500,1142,-35463,16410
14,ABBV,2020-10-07,0 days 15:55:01.720884,654570,87.24,87.23,800,1142,610,-35463
15,ABBV,2020-10-07,0 days 15:55:02.721047,649880,87.24,87.23,1100,100,-3463,610
16,ABBV,2020-10-07,0 days 15:55:39.723555,672775,87.19,87.18,732,300,25857,-61810
17,ABBV,2020-10-07,0 days 15:55:40.723589,666532,87.19,87.18,200,700,-6243,25857
18,ABBV,2020-10-07,0 days 15:56:00.726863,673438,87.14,87.13,900,800,62,-1689
19,ABBV,2020-10-07,0 days 15:56:06.724386,668650,87.12,87.11,897,1402,-3591,562
20,ABBV,2020-10-07,0 days 15:57:47.728503,672614,87.1,87.09,178,1011,126,-4511
21,ABBV,2020-10-07,0 days 15:57:59.727775,682439,87.1,87.09,473,820,-2462,3842
22,ABBV,2020-10-07,0 days 15:58:40.730808,694078,87.05,87.04,100,300,2048,-2285
23,ABBV,2020-10-07,0 days 15:58:52.731566,694946,87.03,87.01,700,625,5823,-3049
24,ABBV,2020-10-07,0 days 15:59:34.730938,828579,87.09,87.08,387,100,-2387,16716
25,ABBV,2020-10-07,0 days 15:59:38.730867,821250,87.12,87.1,387,200,4829,-6921
26,ABBV,2020-10-07,0 days 15:59:42.732082,821296,87.12,87.1,254,658,4133,-3118
27,ABBV,2020-10-07,0 days 15:59:45.732051,816271,87.15,87.13,500,541,1458,-5811
28,ABEV,2020-10-07,0 days 15:59:36.258901,195999,2.44,2.43,469490,825644,91890,-107910
29,ABEV,2020-10-07,0 days 15:59:37.259651,190589,2.44,2.43,446074,827644,-5410,91890
30,ABEV,2020-10-07,0 days 15:59:46.261309,195999,2.44,2.43,422974,898944,10790,-5410
31,ABEV,2020-10-07,0 days 15:59:47.259312,191389,2.44,2.43,422874,900944,-4610,10790
32,ABT,2020-10-07,0 days 15:59:21.258748,659453,107.82,107.8,200,182,-2450,80181
33,ABT,2020-10-07,0 days 15:59:22.259708,653832,107.77,107.73,200,100,20521,-2450
34,ABT,2020-10-07,0 days 15:59:31.260260,670094,107.83,107.8,400,100,-15659,312
35,ABT,2020-10-07,0 days 15:59:32.259580,665353,107.81,107.77,300,738,4741,-15659
36,ABT,2020-10-07,0 days 15:59:34.258828,670094,107.82,107.79,400,569,-15935,4741
37,ABT,2020-10-07,0 days 15:59:35.258961,666929,107.8,107.78,200,200,3165,-15935
38,ABT,2020-10-07,0 days 15:59:44.259721,667900,107.8,107.79,100,100,2194,-10406
39,ACB,2020-10-07,0 days 15:59:16.241356,25311,4.6,4.59,13454,21749,822,-778
40,ACB,2020-10-07,0 days 15:59:26.241809,23911,4.6,4.59,2604,2594,722,-678
41,ACB,2020-10-07,0 days 15:59:38.241976,24033,4.61,4.6,5505,1283,-1778,22
42,ACB,2020-10-07,0 days 15:59:39.241919,23611,4.61,4.6,14902,1083,422,-1778
43,ACM,2020-10-07,0 days 15:58:46.730825,95088,45.31,45.29,487,289,-2893,507
44,ACM,2020-10-07,0 days 15:59:03.732093,100021,45.33,45.29,200,690,1910,-1042
45,ACM,2020-10-07,0 days 15:59:05.732149,91623,45.32,45.29,140,396,-6694,1006
46,ACM,2020-10-07,0 days 15:59:13.732698,98317,45.29,45.28,400,300,2671,-628
47,ACM,2020-10-07,0 days 15:59:14.732937,97288,45.29,45.27,400,200,-1029,2671
48,ACM,2020-10-07,0 days 15:59:34.730920,98817,45.29,45.28,200,1100,3845,-763
49,ACM,2020-10-07,0 days 15:59:35.731295,93662,45.33,45.29,100,1385,-5530,3845
50,ACM,2020-10-07,0 days 15:59:36.730788,99192,45.32,45.29,265,985,70,-5530
51,ACM,2020-10-07,0 days 15:59:37.731837,99262,45.32,45.29,100,1485,-1630,70
52,ACM,2020-10-07,0 days 15:59:42.732065,100892,45.33,45.3,100,820,207,-430
53,ACM,2020-10-07,0 days 15:59:46.731871,100530,45.33,45.32,300,522,-803,3938
54,ACN,2020-10-07,0 days 15:56:37.250479,305216,223.78,223.73,400,220,58,-3926
55,ACN,2020-10-07,0 days 15:56:38.250822,303674,223.71,223.68,100,200,-1542,58
56,ACN,2020-10-07,0 days 15:58:01.251819,305466,223.66,223.51,100,100,1222,-1337
57,ACN,2020-10-07,0 days 15:58:02.252140,304288,223.65,223.56,217,100,-402,1222
58,ACN,2020-10-07,0 days 15:58:04.251479,304748,223.6,223.54,200,100,1540,-402
59,ACN,2020-10-07,0 days 15:58:10.252458,304748,223.65,223.57,364,100,1140,-3460
60,ACN,2020-10-07,0 days 15:58:11.251954,303988,223.65,223.57,364,100,-760,1140
61,ACN,2020-10-07,0 days 15:58:13.250972,305190,223.65,223.61,261,100,698,-2060
62,ACN,2020-10-07,0 days 15:58:14.252839,304388,223.65,223.53,261,100,-360,698
63,ACN,2020-10-07,0 days 15:58:21.251784,304748,223.6,223.54,261,100,1140,-360
64,ACN,2020-10-07,0 days 15:58:45.253424,305714,223.6,223.55,211,100,4274,-860
65,ACN,2020-10-07,0 days 15:58:50.253476,305288,223.61,223.56,200,483,-460,3074
66,ACN,2020-10-07,0 days 15:58:53.252899,305714,223.6,223.5,200,200,3074,-460
67,ACN,2020-10-07,0 days 15:58:58.253046,300233,223.71,223.65,200,510,-6291,3119
68,ACN,2020-10-07,0 days 15:59:01.255469,306052,223.55,223.47,100,100,8443,-429
69,ACN,2020-10-07,0 days 15:59:15.256900,310621,223.63,223.58,100,100,35138,-193
70,ADM,2020-10-07,0 days 15:55:01.247137,320900,48.33,48.32,100,1947,906,-392
71,ADM,2020-10-07,0 days 15:57:33.249513,334009,48.28,48.27,1310,2998,-1125,1972
72,ADM,2020-10-07,0 days 15:57:34.250479,332637,48.28,48.27,1845,1600,1372,-1125
73,ADM,2020-10-07,0 days 15:57:54.250528,333534,48.27,48.26,1900,1182,475,-1725
74,ADM,2020-10-07,0 days 15:57:57.250517,334009,48.28,48.27,700,2751,-1125,475
75,ADM,2020-10-07,0 days 15:57:58.251123,333437,48.28,48.27,700,3476,572,-1125
76,ADM,2020-10-07,0 days 15:58:04.251764,341037,48.27,48.26,2922,801,-1192,1478
77,ADM,2020-10-07,0 days 15:58:05.251999,339829,48.27,48.26,3022,801,1208,-1192
78,ADM,2020-10-07,0 days 15:58:09.253864,342275,48.28,48.27,900,2703,-454,4846
79,ADM,2020-10-07,0 days 15:58:10.252664,341732,48.28,48.27,3070,104,543,-454
80,ADM,2020-10-07,0 days 15:58:16.252333,342275,48.27,48.26,2710,500,-1172,628
81,ADM,2020-10-07,0 days 15:58:17.252817,341047,48.27,48.26,2710,600,1228,-1172
82,ADM,2020-10-07,0 days 15:58:33.253113,343475,48.27,48.26,1600,600,-4572,4228
83,ADM,2020-10-07,0 days 15:58:34.253376,342147,48.27,48.26,2400,600,1328,-4572
84,ADM,2020-10-07,0 days 15:59:05.255444,342603,48.27,48.26,1600,380,836,-464
85,ADM,2020-10-07,0 days 15:59:13.255781,394869,48.34,48.33,500,2391,-4996,4893
86,ADM,2020-10-07,0 days 15:59:14.255815,394165,48.34,48.33,400,2054,702,-4996
87,ADM,2020-10-07,0 days 15:59:46.257709,402837,48.32,48.31,2651,552,13220,-712
88,ADT,2020-10-07,0 days 15:59:15.262788,576712,8.42,8.41,7173,5785,-36735,17353
89,ADT,2020-10-07,0 days 15:59:16.259315,569247,8.42,8.41,7073,5637,7465,-36735
90,ADT,2020-10-07,0 days 15:59:48.263054,595712,8.42,8.41,7412,10845,-694,3154
91,ADT,2020-10-07,0 days 15:59:49.260015,591506,8.42,8.41,7612,10645,4206,-694
92,ADT,2020-10-07,0 days 15:59:52.260979,586912,8.43,8.42,7007,13317,-1340,2960
93,AEG,2020-10-07,0 days 15:57:06.236938,5484,2.97,2.96,90338,139748,-1181,1859
94,AEG,2020-10-07,0 days 15:59:36.242552,9865,2.97,2.96,124933,172226,2573,-3127
95,AEG,2020-10-07,0 days 15:59:37.241466,9638,2.97,2.96,124933,170226,-227,2573
96,AEO,2020-10-07,0 days 15:55:00.317575,167258,15.84,15.83,4454,10067,-2885,41819
97,AEO,2020-10-07,0 days 15:59:02.326717,234325,15.79,15.78,8324,3340,17005,-3777
98,AEO,2020-10-07,0 days 15:59:03.327519,227985,15.79,15.78,6639,4440,-6340,17005
99,AES,2020-10-07,0 days 15:56:30.250759,257033,18.75,18.74,7866,3300,-47629,771
100,AES,2020-10-07,0 days 15:56:52.251418,280262,18.72,18.71,4259,4500,132,-1207
101,AES,2020-10-07,0 days 15:56:53.250768,278594,18.72,18.71,4359,4600,-1668,132
102,AES,2020-10-07,0 days 15:57:18.249245,271794,18.75,18.74,4925,3600,6717,-8583
103,AES,2020-10-07,0 days 15:57:19.249028,271211,18.75,18.74,6789,1001,-583,6717
104,AFL,2020-10-07,0 days 15:56:11.234673,286688,37.87,37.86,2616,1813,-459,709
105,AFL,2020-10-07,0 days 15:56:12.235141,283615,37.87,37.86,2316,2178,3073,-459
106,AFL,2020-10-07,0 days 15:57:39.237401,302222,37.88,37.87,4558,990,-774,4126
107,AFL,2020-10-07,0 days 15:57:40.237668,297996,37.88,37.87,4568,680,4226,-774
108,AFL,2020-10-07,0 days 15:59:21.240452,432677,37.93,37.92,2464,916,-27704,2765
109,AFL,2020-10-07,0 days 15:59:22.241597,421581,37.91,37.9,200,2650,11296,-27704
110,AFL,2020-10-07,0 days 15:59:28.241549,432877,37.93,37.92,592,1300,-5626,707
111,AFL,2020-10-07,0 days 15:59:29.241368,425615,37.93,37.92,492,1900,7262,-5626
112,AFL,2020-10-07,0 days 15:59:50.245949,431863,37.92,37.91,1469,4483,7037,-7645
113,AGI,2020-10-07,0 days 15:55:00.722007,60882,8.71,8.7,8686,13125,2896,-11651
114,AGI,2020-10-07,0 days 15:58:52.731547,63474,8.74,8.73,24487,11771,-96,703
115,AGI,2020-10-07,0 days 15:58:53.731242,58970,8.74,8.73,24487,11771,4504,-96
116,AGI,2020-10-07,0 days 15:59:38.730867,65283,8.74,8.73,36452,11566,-4414,386
117,AGI,2020-10-07,0 days 15:59:39.730810,64197,8.74,8.73,36652,11266,1086,-4414
118,AGO,2020-10-07,0 days 15:56:50.236875,761895,28.93,28.92,1939,250,-5984,32216
119,AGO,2020-10-07,0 days 15:56:51.236210,753342,28.93,28.92,1939,300,8553,-5984
120,AGO,2020-10-07,0 days 15:59:15.242964,785853,28.89,28.87,1991,400,-79180,2335
121,AGO,2020-10-07,0 days 15:59:46.243854,857962,28.8,28.79,1102,200,-4071,7180
122,AIG,2020-10-07,0 days 15:55:08.249409,503440,29.51,29.5,2517,1500,1728,-1189
123,AIG,2020-10-07,0 days 15:55:09.248063,502668,29.51,29.5,2117,2136,-772,1728
124,AIG,2020-10-07,0 days 15:55:21.248666,503440,29.52,29.51,1985,2300,653,-247
125,AIG,2020-10-07,0 days 15:55:22.249336,502810,29.52,29.51,1785,2500,-630,653
126,AIG,2020-10-07,0 days 15:55:38.249628,503490,29.51,29.5,1150,4042,2544,-326
127,AIG,2020-10-07,0 days 15:55:39.249492,507502,29.51,29.5,1148,4442,-485,2544
128,AIG,2020-10-07,0 days 15:55:40.249918,508795,29.51,29.5,648,4142,11802,-485
129,AIG,2020-10-07,0 days 15:56:18.250530,530528,29.52,29.51,2017,759,-7352,1248
130,AIG,2020-10-07,0 days 15:56:19.250014,529280,29.52,29.51,2917,1125,2448,-7352
131,AIG,2020-10-07,0 days 15:56:26.250445,528872,29.53,29.52,2400,1112,-1508,1348
132,AIG,2020-10-07,0 days 15:56:37.251222,533868,29.56,29.55,2085,4495,-14982,127
133,AIG,2020-10-07,0 days 15:56:38.251947,533588,29.56,29.55,4109,3331,280,-14982
134,AIG,2020-10-07,0 days 15:57:37.249975,539304,29.56,29.55,4138,1655,-473,2927
135,AIG,2020-10-07,0 days 15:57:41.250259,543977,29.56,29.55,5145,1333,427,-373
136,AIG,2020-10-07,0 days 15:58:09.253878,555615,29.56,29.55,1847,100,-7500,4027
137,AIG,2020-10-07,0 days 15:58:21.252898,546115,29.52,29.51,2500,1800,-1256,5044
138,AIG,2020-10-07,0 days 15:58:30.253376,547771,29.51,29.5,1100,3500,1344,-4556
139,AIG,2020-10-07,0 days 15:58:31.253458,547015,29.56,29.55,3247,1291,-18100,1344
140,AIG,2020-10-07,0 days 15:59:22.255653,677459,29.56,29.55,2527,800,-44451,4116
141,AIG,2020-10-07,0 days 15:59:24.255100,675966,29.56,29.55,3293,236,1458,-7942
142,AIG,2020-10-07,0 days 15:59:47.256683,702852,29.56,29.55,2300,1612,-7277,25405
143,AIG,2020-10-07,0 days 15:59:48.259071,702429,29.56,29.55,4000,2200,540,-7277
144,ALK,2020-10-07,0 days 15:55:01.720737,110168,37.08,37.07,686,100,26928,-1972
145,ALK,2020-10-07,0 days 15:55:02.720953,108496,37.08,37.07,301,406,-1672,26928
146,ALK,2020-10-07,0 days 15:56:50.725777,112327,37.01,37.0,300,410,622,-854
147,ALK,2020-10-07,0 days 15:56:51.725558,108949,37.01,37.0,300,410,-3378,622
148,ALK,2020-10-07,0 days 15:57:37.726638,112727,37.03,37.02,803,210,1048,-52
149,ALK,2020-10-07,0 days 15:57:38.727030,110575,37.03,37.02,903,210,-2152,1048
150,ALK,2020-10-07,0 days 15:57:41.726950,112727,37.01,37.0,203,400,248,-352
151,ALK,2020-10-07,0 days 15:57:42.726877,110775,37.01,37.0,203,500,-1952,248
152,ALK,2020-10-07,0 days 15:57:55.727588,113728,37.03,37.01,383,797,347,-253
153,ALK,2020-10-07,0 days 15:57:56.727076,111775,37.03,37.01,683,859,-1953,347
154,ALK,2020-10-07,0 days 15:58:06.728791,113728,37.0,36.99,898,298,1129,-2120
155,ALK,2020-10-07,0 days 15:58:07.728738,113249,37.0,36.99,798,298,-479,1129
156,ALK,2020-10-07,0 days 15:58:08.729507,113728,37.0,36.99,600,503,329,-479
157,ALK,2020-10-07,0 days 15:58:17.729338,113257,37.0,36.99,401,573,-471,629
158,ALK,2020-10-07,0 days 15:58:20.729531,113728,37.0,36.99,402,373,229,-471
159,ALK,2020-10-07,0 days 15:58:30.730240,113964,37.0,36.99,302,390,-1764,236
160,ALK,2020-10-07,0 days 15:58:52.731491,115728,36.98,36.97,500,303,3231,-571
161,ALK,2020-10-07,0 days 15:59:41.731190,125212,37.03,37.02,200,220,-14831,169
162,ALK,2020-10-07,0 days 15:59:43.731912,125093,37.04,37.02,500,620,119,-481
163,ALK,2020-10-07,0 days 15:59:46.731845,133351,37.02,37.01,100,892,-275,6708
164,ALK,2020-10-07,0 days 15:59:48.732518,132726,37.03,37.02,900,331,75,-375
165,ALL,2020-10-07,0 days 15:58:02.252256,231918,93.31,93.26,500,107,-3111,1889
166,ALL,2020-10-07,0 days 15:58:15.252184,235689,93.29,93.25,274,100,76,-3247
167,ALL,2020-10-07,0 days 15:58:20.252972,235765,93.28,93.26,200,331,-24,76
168,ALL,2020-10-07,0 days 15:58:37.253106,238238,93.27,93.25,700,200,27,-1624
169,ALL,2020-10-07,0 days 15:58:39.253791,236065,93.27,93.25,600,200,-2173,27
170,ALL,2020-10-07,0 days 15:59:00.257780,240370,93.26,93.22,100,200,288,-119
171,ALL,2020-10-07,0 days 15:59:02.255413,238984,93.27,93.24,110,200,-1386,361
172,ALL,2020-10-07,0 days 15:59:03.254978,240370,93.31,93.25,100,200,870,-1386
173,ALL,2020-10-07,0 days 15:59:04.255197,239140,93.3,93.25,200,200,-1230,870
174,ALL,2020-10-07,0 days 15:59:06.255294,240300,93.31,93.27,300,200,390,-1160
175,ALL,2020-10-07,0 days 15:59:13.255552,242525,93.44,93.42,300,410,61966,-1862
176,ALL,2020-10-07,0 days 15:59:31.256190,283167,93.48,93.41,300,400,-111,3489
177,ALL,2020-10-07,0 days 15:59:35.255303,291955,93.4,93.35,650,100,3012,-8688
178,ALL,2020-10-07,0 days 15:59:36.255689,291667,93.4,93.35,400,100,-288,3012
179,ALL,2020-10-07,0 days 15:59:49.256695,303716,93.37,93.3,500,100,6680,-896
180,ALL,2020-10-07,0 days 15:59:50.260358,300596,93.37,93.31,550,100,-3377,6680
181,ALLY,2020-10-07,0 days 15:55:00.318085,564926,27.65,27.64,549,4361,482,-50458
182,ALLY,2020-10-07,0 days 15:55:39.319763,599735,27.63,27.62,2007,4910,-7272,7528
183,ALLY,2020-10-07,0 days 15:55:40.319180,591126,27.63,27.62,3107,4729,8609,-7272
184,ALLY,2020-10-07,0 days 15:57:20.321407,603280,27.61,27.6,3200,2552,-5007,193
185,ALLY,2020-10-07,0 days 15:57:21.321001,597087,27.6,27.59,5199,1304,6193,-5007
186,ALLY,2020-10-07,0 days 15:57:33.322279,601280,27.6,27.59,1190,4844,-2507,3493
187,ALLY,2020-10-07,0 days 15:57:35.323191,596387,27.6,27.59,1519,4122,4893,-607
188,ALLY,2020-10-07,0 days 15:57:36.322144,601280,27.6,27.59,1159,4522,-807,4893
189,ALLY,2020-10-07,0 days 15:57:38.322360,600218,27.6,27.59,4307,1922,3062,-3207
190,ALLY,2020-10-07,0 days 15:57:51.322173,611720,27.56,27.55,1548,2700,-198,13702
191,ALLY,2020-10-07,0 days 15:57:53.321843,606118,27.56,27.55,2178,1900,5602,-198
192,ALLY,2020-10-07,0 days 15:57:55.322289,608980,27.58,27.57,3100,600,-5138,1402
193,ALLY,2020-10-07,0 days 15:58:06.323363,611640,27.56,27.55,3794,600,-2127,2822
194,ALLY,2020-10-07,0 days 15:58:07.323282,609267,27.56,27.55,3890,1400,2373,-2127
195,ALLY,2020-10-07,0 days 15:58:21.324531,611932,27.55,27.54,2796,2224,-3035,2365
196,ALLY,2020-10-07,0 days 15:58:23.324991,609567,27.55,27.54,3896,700,2365,-3135
197,ALLY,2020-10-07,0 days 15:58:29.325331,620532,27.54,27.53,3351,1400,-735,2965
198,ALLY,2020-10-07,0 days 15:58:30.325137,617467,27.54,27.53,1672,2162,3065,-735
199,ALLY,2020-10-07,0 days 15:58:32.324797,611932,27.55,27.54,538,4740,-5535,3065
200,ALLY,2020-10-07,0 days 15:58:33.325118,609567,27.55,27.54,427,4940,2365,-5535
201,ALLY,2020-10-07,0 days 15:59:17.327745,647849,27.57,27.56,3384,2359,3413,-1887
202,ALLY,2020-10-07,0 days 15:59:45.332387,651523,27.59,27.58,5340,1147,25381,-11576
203,ALLY,2020-10-07,0 days 15:59:46.331046,678539,27.59,27.58,2327,4247,-1866,25381
204,ALLY,2020-10-07,0 days 15:59:48.332009,676705,27.59,27.58,3390,2555,3792,-1818
205,AM,2020-10-07,0 days 15:55:00.238554,854483,5.77,5.76,4615,12766,-3882,180067
206,AM,2020-10-07,0 days 15:55:29.240313,858365,5.77,5.76,9379,5615,10118,-3882
207,AM,2020-10-07,0 days 15:55:38.240766,871483,5.77,5.76,13379,7484,-1082,10118
208,AM,2020-10-07,0 days 15:55:41.240491,873625,5.77,5.76,13379,8037,2000,-2142
209,AM,2020-10-07,0 days 15:57:05.241970,878627,5.76,5.75,12478,12472,-20708,1944
210,AM,2020-10-07,0 days 15:57:35.242746,917135,5.76,5.75,17214,7658,10492,-3608
211,AM,2020-10-07,0 days 15:57:36.242601,913527,5.76,5.75,17214,7158,-3608,10492
212,AM,2020-10-07,0 days 15:57:42.242574,924735,5.76,5.75,16614,7558,13792,-4208
213,AM,2020-10-07,0 days 15:57:44.242736,920527,5.76,5.75,16614,7558,-4208,2792
214,AM,2020-10-07,0 days 15:57:53.242188,924735,5.76,5.75,14234,8502,3592,-4208
215,AM,2020-10-07,0 days 15:57:54.242716,920527,5.76,5.75,16034,7958,-6508,3592
216,AM,2020-10-07,0 days 15:57:57.242496,930035,5.76,5.75,15824,7858,23392,-9508
217,AM,2020-10-07,0 days 15:57:58.242904,925327,5.76,5.75,16024,7779,-4708,23392
218,AM,2020-10-07,0 days 15:58:00.244955,930035,5.76,5.75,15934,7879,192,-4708
219,AM,2020-10-07,0 days 15:58:04.243726,924927,5.76,5.75,19134,8023,-4048,192
220,AM,2020-10-07,0 days 15:59:00.249247,953127,5.75,5.74,9754,5524,-7586,1447
221,AM,2020-10-07,0 days 15:59:47.247582,1093837,5.74,5.73,25044,23754,-11264,19574
222,AMC,2020-10-07,0 days 15:56:05.253415,50648,4.05,4.04,7529,4517,-4378,6822
223,AMC,2020-10-07,0 days 15:56:06.253351,50428,4.05,4.04,7329,3917,220,-4378
224,AMC,2020-10-07,0 days 15:58:10.257291,50648,4.05,4.04,4400,7413,-1084,816
225,AMC,2020-10-07,0 days 15:58:11.256836,45232,4.05,4.04,4400,7413,5416,-1084
226,AMC,2020-10-07,0 days 15:59:01.260096,50648,4.05,4.04,10441,3702,-8952,5416
227,AMC,2020-10-07,0 days 15:59:02.260411,47400,4.05,4.04,9541,4052,3248,-8952
228,AMC,2020-10-07,0 days 15:59:06.260464,51093,4.05,4.04,9641,4052,-2307,3248
229,AMC,2020-10-07,0 days 15:59:07.260539,50700,4.05,4.04,7960,5479,393,-2307
230,AMC,2020-10-07,0 days 15:59:10.260792,51093,4.05,4.04,7660,5598,-607,393
231,AMC,2020-10-07,0 days 15:59:11.260472,48400,4.05,4.04,7660,5598,2693,-607
232,AMC,2020-10-07,0 days 15:59:36.258723,51196,4.05,4.04,6858,9185,-1304,2296
233,AMC,2020-10-07,0 days 15:59:37.259463,50600,4.04,4.03,32708,11789,1296,-1304
234,AMCR,2020-10-07,0 days 15:59:46.243809,1460772,11.23,11.22,28470,9301,2298,-12507
235,AMCR,2020-10-07,0 days 15:59:47.242776,1463070,11.23,11.22,29870,9301,-2504,2298
236,AMCR,2020-10-07,0 days 15:59:49.242304,1452441,11.23,11.22,33870,4401,10629,-20871
237,AMWL,2020-10-07,0 days 15:58:00.254885,20808,38.62,38.54,132,500,-1970,1676
238,AMWL,2020-10-07,0 days 15:58:01.254067,19378,38.74,38.54,200,647,1730,-1970
239,AMWL,2020-10-07,0 days 15:59:42.259028,25961,38.78,38.61,1600,288,-2357,5779
240,AMWL,2020-10-07,0 days 15:59:43.259639,25018,38.78,38.5,1600,211,843,-2357
241,AMWL,2020-10-07,0 days 15:59:46.260423,25961,38.78,38.56,1600,500,-1359,843
242,AMWL,2020-10-07,0 days 15:59:47.259118,25120,38.78,38.56,1600,500,741,-1359
243,AMX,2020-10-07,0 days 15:56:37.241231,55874,12.55,12.54,31344,2378,-74,1826
244,AMX,2020-10-07,0 days 15:56:50.242373,55948,12.54,12.53,6976,23396,1402,-74
245,AMX,2020-10-07,0 days 15:57:11.241364,57450,12.54,12.53,6012,23696,-324,1402
246,AMX,2020-10-07,0 days 15:57:12.241697,53774,12.54,12.53,6012,23696,3576,-324
247,AMX,2020-10-07,0 days 15:59:46.249640,59615,12.54,12.53,5912,26455,-1751,3749
248,AMX,2020-10-07,0 days 15:59:47.247582,58266,12.54,12.53,6095,25455,1349,-1751
249,ANF,2020-10-07,0 days 15:55:00.317128,102349,16.5,16.49,5369,4804,-744,16327
250,ANF,2020-10-07,0 days 15:56:14.321157,105771,16.48,16.47,3851,2700,1959,-1841
251,ANF,2020-10-07,0 days 15:56:15.322099,103930,16.48,16.47,3907,2752,-1841,1959
252,ANF,2020-10-07,0 days 15:56:37.322034,105771,16.48,16.47,4186,1299,1659,-241
253,ANF,2020-10-07,0 days 15:58:06.323286,107412,16.49,16.48,2031,2326,-2187,1517
254,ANF,2020-10-07,0 days 15:58:14.324592,109799,16.49,16.48,975,4476,2313,-2187
255,ANF,2020-10-07,0 days 15:58:15.325094,107412,16.49,16.48,1176,3811,-2187,2313
256,ANF,2020-10-07,0 days 15:58:27.324774,109599,16.49,16.48,3940,630,2513,-2087
257,ANF,2020-10-07,0 days 15:58:28.325147,107512,16.49,16.48,2640,1060,-2287,2513
258,ANF,2020-10-07,0 days 15:59:01.327075,105726,16.49,16.48,4339,638,3795,-1878
259,ANF,2020-10-07,0 days 15:59:22.328347,119410,16.51,16.5,2924,300,-448,2652
260,APTV,2020-10-07,0 days 15:55:00.237213,113852,99.35,99.32,300,300,-889,6114
261,APTV,2020-10-07,0 days 15:55:09.239016,115216,99.23,99.19,100,100,236,-214
262,APTV,2020-10-07,0 days 15:55:10.238760,115061,99.23,99.19,100,100,-155,236
263,APTV,2020-10-07,0 days 15:55:11.238801,115216,99.23,99.2,100,200,7,-155
264,APTV,2020-10-07,0 days 15:55:12.239074,115023,99.24,99.2,400,200,-193,7
265,APTV,2020-10-07,0 days 15:55:41.240364,117989,99.28,99.26,100,1000,8,-451
266,APTV,2020-10-07,0 days 15:55:42.240731,117597,99.28,99.26,300,1000,-592,8
267,APTV,2020-10-07,0 days 15:56:15.243062,118481,99.23,99.19,100,100,713,-387
268,APTV,2020-10-07,0 days 15:56:16.242877,118094,99.23,99.19,100,100,-387,713
269,APTV,2020-10-07,0 days 15:59:00.249090,126507,99.03,99.0,100,208,4377,-1273
270,APTV,2020-10-07,0 days 15:59:01.247023,125526,99.08,99.02,100,200,-1581,4377
271,APTV,2020-10-07,0 days 15:59:13.248676,130583,99.13,99.03,100,100,2750,-598
272,APTV,2020-10-07,0 days 15:59:51.246834,145386,99.29,99.16,700,200,168,-16
273,AR,2020-10-07,0 days 15:56:49.251410,238959,3.39,3.38,28664,62984,-1845,10414
274,AR,2020-10-07,0 days 15:56:50.251946,229804,3.39,3.38,26864,64402,9155,-1845
275,ARMK,2020-10-07,0 days 15:59:04.244237,238665,27.91,27.9,400,100,7005,-4376
276,ARMK,2020-10-07,0 days 15:59:05.243818,238470,27.92,27.9,100,600,-919,7005
277,ARMK,2020-10-07,0 days 15:59:13.245005,242389,27.94,27.91,400,300,1135,-2119
278,ARMK,2020-10-07,0 days 15:59:47.244424,242389,27.94,27.92,100,100,18589,-6855
279,ARMK,2020-10-07,0 days 15:59:49.245136,236064,27.94,27.91,100,1240,-6325,8375
280,ASAN,2020-10-07,0 days 15:55:43.252979,5199,26.53,26.4,434,100,8046,-1082
281,ASAN,2020-10-07,0 days 15:55:44.253926,4845,26.53,26.4,434,100,-354,8046
282,ATI,2020-10-07,0 days 15:59:26.327823,356089,9.6,9.59,6700,2461,6039,-4366
283,ATI,2020-10-07,0 days 15:59:27.327493,354214,9.6,9.59,6000,2561,-775,6039
284,ATUS,2020-10-07,0 days 15:55:41.319138,150280,26.63,26.62,4333,3160,-1510,1106
285,ATUS,2020-10-07,0 days 15:55:42.319690,148490,26.63,26.62,7039,1122,1790,-1510
286,ATUS,2020-10-07,0 days 15:57:16.319946,150094,26.6,26.59,5600,1853,-655,1245
287,ATUS,2020-10-07,0 days 15:57:17.320796,148549,26.6,26.59,5600,1153,1545,-655
288,ATUS,2020-10-07,0 days 15:58:11.323666,136641,26.6,26.59,7010,725,-7946,368
289,ATUS,2020-10-07,0 days 15:58:26.324305,141287,26.58,26.57,5751,1015,454,-446
290,ATUS,2020-10-07,0 days 15:58:27.324644,140841,26.58,26.57,5851,915,-446,454
291,ATUS,2020-10-07,0 days 15:58:35.324885,141087,26.58,26.57,6848,424,2654,-246
292,ATUS,2020-10-07,0 days 15:58:36.324398,139641,26.58,26.57,6348,2792,-1446,2654
293,ATUS,2020-10-07,0 days 15:58:53.325498,143941,26.57,26.56,5996,600,-246,1854
294,AU,2020-10-07,0 days 15:55:41.249643,32138,25.51,25.5,1498,1844,2533,-601
295,AU,2020-10-07,0 days 15:55:42.249815,31471,25.51,25.5,1068,2044,-667,2533
296,AU,2020-10-07,0 days 15:56:37.251168,32909,25.52,25.51,414,2960,702,-738
297,AU,2020-10-07,0 days 15:56:38.251927,32311,25.52,25.51,317,3060,-598,702
298,AU,2020-10-07,0 days 15:57:42.250177,33009,25.52,25.51,968,1219,320,-877
299,AU,2020-10-07,0 days 15:57:43.250396,32429,25.52,25.51,468,1419,-580,320
300,AU,2020-10-07,0 days 15:58:26.252841,33109,25.5,25.49,100,1800,63,-537
301,AU,2020-10-07,0 days 15:58:27.252858,32672,25.5,25.49,300,1900,-437,63
302,AU,2020-10-07,0 days 15:59:04.255284,35259,25.49,25.48,1220,1182,11,-731
303,AUY,2020-10-07,0 days 15:59:46.246121,298963,5.55,5.54,353260,272688,6794,-20571
304,AUY,2020-10-07,0 days 15:59:47.244487,305757,5.55,5.54,357910,272188,-18068,6794
305,AVTR,2020-10-07,0 days 15:56:05.248663,394978,24.26,24.25,4880,2474,-8177,1523
306,AVTR,2020-10-07,0 days 15:56:06.247961,394355,24.26,24.25,3031,3732,623,-8177
307,AVTR,2020-10-07,0 days 15:56:17.248257,394978,24.26,24.25,2015,3500,-2414,623
308,AVTR,2020-10-07,0 days 15:56:18.249139,394592,24.26,24.25,2015,3500,386,-2414
309,AVTR,2020-10-07,0 days 15:57:35.251728,411778,24.26,24.25,3386,2483,-4682,1918
310,AVTR,2020-10-07,0 days 15:57:44.252642,411760,24.26,24.25,3087,2728,1018,-2082
311,AVTR,2020-10-07,0 days 15:57:49.252686,415778,24.26,24.25,3692,2744,-882,4018
312,AVTR,2020-10-07,0 days 15:57:50.252487,414460,24.26,24.25,3766,2444,1318,-882
313,AVTR,2020-10-07,0 days 15:57:53.252444,418478,24.26,24.25,3666,2544,-2082,1318
314,AVTR,2020-10-07,0 days 15:57:54.252616,416860,24.26,24.25,3666,2644,1618,-2082
315,AVTR,2020-10-07,0 days 15:57:55.252717,418478,24.26,24.25,3670,2544,-882,1618
316,AVTR,2020-10-07,0 days 15:57:56.252205,416860,24.26,24.25,3770,2445,1618,-882
317,AVTR,2020-10-07,0 days 15:59:09.257490,434660,24.26,24.25,5933,2349,-32322,1814
318,AVTR,2020-10-07,0 days 15:59:39.257896,558708,24.25,24.24,4774,1291,-4184,13816
319,AVYA,2020-10-07,0 days 15:55:00.246413,219269,18.35,18.34,548,881,-28594,15522
320,AVYA,2020-10-07,0 days 15:59:46.260242,276301,18.35,18.34,1460,1100,3734,-3234
321,AVYA,2020-10-07,0 days 15:59:47.259078,274635,18.35,18.34,1260,300,-766,3734
322,AXL,2020-10-07,0 days 15:56:37.237210,148202,6.6,6.59,5194,3381,-815,585
323,AXL,2020-10-07,0 days 15:56:38.237655,147817,6.6,6.59,6694,3180,385,-815
324,AXL,2020-10-07,0 days 15:58:07.240977,148202,6.6,6.59,4765,2552,-12790,683
325,AXP,2020-10-07,0 days 15:58:59.241116,295505,103.48,103.46,700,200,-28432,7258
326,AXTA,2020-10-07,0 days 15:55:37.240964,409284,25.26,25.25,564,3641,836,-1589
327,AXTA,2020-10-07,0 days 15:57:24.243014,411715,25.26,25.25,1052,2307,1308,-1092
328,AXTA,2020-10-07,0 days 15:57:48.242502,416523,25.23,25.22,900,1930,-592,808
329,AXTA,2020-10-07,0 days 15:57:49.242224,416415,25.24,25.23,2130,1900,108,-592
330,AXTA,2020-10-07,0 days 15:58:00.244920,408183,25.24,25.23,875,2495,-11732,308
331,AXTA,2020-10-07,0 days 15:58:09.244967,409025,25.24,25.23,3075,517,-590,110
332,AXTA,2020-10-07,0 days 15:58:10.244182,408515,25.24,25.23,3646,1516,510,-590
333,AXTA,2020-10-07,0 days 15:58:15.244211,408625,25.24,25.23,3546,872,-3590,510
334,AXTA,2020-10-07,0 days 15:58:17.244652,408515,25.24,25.23,4248,799,110,-3590
335,AXTA,2020-10-07,0 days 15:58:22.244360,409025,25.24,25.23,3651,1651,-1290,110
336,AXTA,2020-10-07,0 days 15:58:23.244875,408515,25.24,25.23,4053,1651,510,-1290
337,AXTA,2020-10-07,0 days 15:58:26.244573,409525,25.24,25.23,3751,2525,-990,510
338,AXTA,2020-10-07,0 days 15:58:27.244769,408515,25.24,25.23,3853,2525,510,-990
339,AXTA,2020-10-07,0 days 15:59:21.246105,489689,25.27,25.26,2900,2510,-3126,2836
340,AXTA,2020-10-07,0 days 15:59:22.247633,484915,25.27,25.26,2900,2110,4774,-3126
341,AXTA,2020-10-07,0 days 15:59:36.246586,487150,25.27,25.26,864,5190,2539,-4961
342,AXTA,2020-10-07,0 days 15:59:45.248132,493522,25.3,25.29,3216,2643,14935,-2878
343,AXTA,2020-10-07,0 days 15:59:47.247573,508457,25.3,25.29,4575,1643,-180,1985
344,AXTA,2020-10-07,0 days 15:59:48.250111,506622,25.3,25.29,4575,1234,1835,-180
345,AYX,2020-10-07,0 days 15:56:02.235740,51932,143.86,143.8,200,200,769,-231
346,AYX,2020-10-07,0 days 15:56:03.235335,52001,143.86,143.8,100,200,-899,769
347,AYX,2020-10-07,0 days 15:57:21.236552,54212,143.91,143.82,202,100,795,-1005
348,AYX,2020-10-07,0 days 15:57:22.237165,53258,143.99,143.88,100,770,-954,795
349,AYX,2020-10-07,0 days 15:57:41.237238,56300,144.06,143.89,120,500,-812,388
350,AYX,2020-10-07,0 days 15:58:03.239429,59113,144.0,143.94,100,1030,43,-1057
351,AYX,2020-10-07,0 days 15:58:04.238757,58156,144.0,143.94,100,1000,-957,43
352,AYX,2020-10-07,0 days 15:58:53.241988,60538,143.94,143.85,100,300,37,-293
353,AYX,2020-10-07,0 days 15:58:56.240790,59575,143.9,143.85,100,100,-963,137
354,AYX,2020-10-07,0 days 15:59:21.241153,71169,143.87,143.8,100,100,7585,-1202
355,AYX,2020-10-07,0 days 15:59:22.241704,70034,143.88,143.84,100,200,-1135,7585
356,AYX,2020-10-07,0 days 15:59:35.241475,70669,143.86,143.79,208,400,88,-12
357,AYX,2020-10-07,0 days 15:59:36.242552,70757,143.86,143.79,208,500,-97,88
358,AYX,2020-10-07,0 days 15:59:46.243958,70854,143.85,143.76,400,100,2127,-597
359,BA,2020-10-07,0 days 15:59:45.332354,972511,164.83,164.8,900,100,-7084,2608
360,BA,2020-10-07,0 days 15:59:46.330876,960152,164.74,164.71,300,200,17437,-7084
361,BA,2020-10-07,0 days 15:59:47.330075,977589,164.73,164.71,100,400,-10422,17437
362,BABA,2020-10-07,0 days 15:55:17.722053,377107,297.21,297.17,100,100,-5861,26976
363,BABA,2020-10-07,0 days 15:55:18.720991,367004,297.19,297.15,300,900,10103,-5861
364,BABA,2020-10-07,0 days 15:55:40.723224,385114,297.19,297.18,100,200,-3344,1687
365,BABA,2020-10-07,0 days 15:55:41.722201,376806,297.22,297.17,100,200,8308,-3344
366,BABA,2020-10-07,0 days 15:57:14.725165,383081,296.85,296.79,100,300,2444,-2648
367,BABA,2020-10-07,0 days 15:57:33.726176,385525,296.93,296.89,267,300,-479,1942
368,BABA,2020-10-07,0 days 15:57:34.726332,377804,296.93,296.89,227,200,7721,-479
369,BABA,2020-10-07,0 days 15:59:18.730046,420659,296.19,296.14,300,100,-3086,851
370,BABA,2020-10-07,0 days 15:59:19.730565,418545,296.19,296.14,495,300,2114,-3086
371,BABA,2020-10-07,0 days 15:59:30.730363,423059,296.19,296.16,100,400,-172,1265
372,BABA,2020-10-07,0 days 15:59:32.730075,418631,296.19,296.18,100,200,2028,-2572
373,BABA,2020-10-07,0 days 15:59:35.730719,420659,296.25,296.21,210,800,-1372,5665
374,BABA,2020-10-07,0 days 15:59:37.731255,419969,296.23,296.22,100,200,490,-1529
375,BABA,2020-10-07,0 days 15:59:45.731547,420659,296.25,296.18,600,500,-454,2138
376,BABA,2020-10-07,0 days 15:59:47.731345,419579,296.2,296.14,100,802,1280,-5495
377,BABA,2020-10-07,0 days 15:59:56.732071,413759,296.42,296.17,454,100,-3027,3610
378,BAC,2020-10-07,0 days 15:58:01.244334,3547997,24.91,24.9,134845,31301,2650,-1874
379,BAC,2020-10-07,0 days 15:58:06.243904,3536596,24.9,24.89,116745,65203,-5998,22053
380,BAC,2020-10-07,0 days 15:58:07.243966,3562824,24.9,24.89,118745,68000,1959,-5998
381,BAC,2020-10-07,0 days 15:58:08.244310,3554783,24.9,24.89,115345,70002,-8041,1959
382,BAC,2020-10-07,0 days 15:58:18.244120,3564024,24.9,24.89,119910,9496,23159,-7341
383,BAC,2020-10-07,0 days 15:58:19.244402,3541683,24.9,24.89,127210,12982,-22341,23159
384,BAC,2020-10-07,0 days 15:58:20.244569,3564624,24.9,24.89,139010,7351,11159,-22341
385,BAM,2020-10-07,0 days 15:57:22.238257,41428,35.13,35.11,3367,4204,-1684,516
386,BAM,2020-10-07,0 days 15:57:23.238143,40312,35.13,35.11,3799,4024,1116,-1684
387,BAM,2020-10-07,0 days 15:58:06.240941,41428,35.12,35.1,3900,4500,-1491,1416
388,BAM,2020-10-07,0 days 15:58:07.241038,40579,35.11,35.1,3582,3800,849,-1491
389,BAM,2020-10-07,0 days 15:58:48.242824,44528,35.09,35.08,1500,3160,-1807,993
390,BAM,2020-10-07,0 days 15:58:49.242529,44235,35.09,35.08,1660,3160,293,-1807
391,BAM,2020-10-07,0 days 15:59:07.244318,44903,35.09,35.08,1782,501,-5309,791
392,BAM,2020-10-07,0 days 15:59:08.244271,44712,35.08,35.07,265,5560,191,-5309
393,BAM,2020-10-07,0 days 15:59:11.244445,45203,35.09,35.08,100,2099,-378,191
394,BAM,2020-10-07,0 days 15:59:12.244078,45181,35.1,35.08,2200,2099,22,-378
395,BAX,2020-10-07,0 days 15:55:00.248543,158333,81.8,81.78,674,380,5982,-15711
396,BAX,2020-10-07,0 days 15:55:01.248127,155815,81.8,81.78,790,522,-2518,5982
397,BAX,2020-10-07,0 days 15:56:02.254334,161184,81.72,81.69,400,304,946,-1675
398,BAX,2020-10-07,0 days 15:56:03.253745,159923,81.72,81.7,500,205,-1770,946
399,BAX,2020-10-07,0 days 15:56:38.256352,161703,81.73,81.7,227,100,847,-1479
400,BAX,2020-10-07,0 days 15:56:39.255385,160350,81.73,81.7,327,300,-1353,847
401,BAX,2020-10-07,0 days 15:57:08.253843,161123,81.72,81.7,505,100,-1131,1069
402,BAX,2020-10-07,0 days 15:57:33.255123,164794,81.7,81.68,205,100,539,-1061
403,BAX,2020-10-07,0 days 15:57:34.254867,163533,81.7,81.68,205,202,-1261,539
404,BAX,2020-10-07,0 days 15:57:46.255141,164794,81.69,81.67,220,100,739,-2161
405,BAX,2020-10-07,0 days 15:57:47.255316,163633,81.7,81.67,700,300,-1161,739
406,BAX,2020-10-07,0 days 15:58:00.257647,164794,81.7,81.68,571,447,868,-1361
407,BAX,2020-10-07,0 days 15:58:05.257211,183129,81.7,81.68,726,191,-2827,545
408,BAX,2020-10-07,0 days 15:59:06.260579,186994,81.67,81.65,300,300,563,-278
409,BAX,2020-10-07,0 days 15:59:15.262559,191782,81.7,81.67,200,408,13689,-895
410,BAX,2020-10-07,0 days 15:59:48.262731,201265,81.71,81.69,100,100,-57,967
411,BAX,2020-10-07,0 days 15:59:53.259711,202144,81.67,81.61,167,100,11121,-279
412,BB,2020-10-07,0 days 15:59:38.258963,59764,4.58,4.57,44326,112655,4632,-368
413,BB,2020-10-07,0 days 15:59:39.258912,57596,4.58,4.57,44126,113255,-2168,4632
414,BBD,2020-10-07,0 days 15:59:00.245324,225884,3.46,3.45,1187290,161893,-21285,2393
415,BBD,2020-10-07,0 days 15:59:36.242641,326918,3.45,3.44,1052739,172327,10700,-29600
416,BBL,2020-10-07,0 days 15:57:46.255072,28933,42.77,42.76,797,4770,146,-154
417,BBL,2020-10-07,0 days 15:58:15.257378,28079,42.77,42.76,3637,1000,-832,68
418,BBVA,2020-10-07,0 days 15:59:36.258920,25967,2.81,2.8,241631,182534,-743,957
419,BBVA,2020-10-07,0 days 15:59:37.258298,25910,2.81,2.8,241631,185534,57,-743
420,BBY,2020-10-07,0 days 15:55:12.250169,99855,114.79,114.76,200,120,-966,1334
421,BBY,2020-10-07,0 days 15:55:13.249725,99721,114.79,114.76,200,120,134,-966
422,BBY,2020-10-07,0 days 15:56:10.254064,103600,114.74,114.72,812,110,-2163,337
423,BBY,2020-10-07,0 days 15:56:11.254074,103463,114.74,114.72,377,110,137,-2163
424,BBY,2020-10-07,0 days 15:56:14.254367,103900,114.81,114.74,200,210,-163,37
425,BBY,2020-10-07,0 days 15:56:15.254430,104063,114.81,114.74,100,315,1637,-163
426,BBY,2020-10-07,0 days 15:56:16.254269,103800,114.81,114.74,100,415,-263,1637
427,BBY,2020-10-07,0 days 15:56:26.254310,104311,114.81,114.75,507,497,89,-311
428,BBY,2020-10-07,0 days 15:56:27.254581,104200,114.81,114.75,507,497,-111,89
429,BBY,2020-10-07,0 days 15:56:37.254744,105411,114.76,114.72,300,305,524,-110
430,BBY,2020-10-07,0 days 15:57:22.254050,104496,114.78,114.74,200,349,-315,185
431,BBY,2020-10-07,0 days 15:57:34.254839,105711,114.77,114.72,201,200,485,-115
432,BBY,2020-10-07,0 days 15:57:36.254976,106696,114.76,114.72,100,100,-715,685
433,BBY,2020-10-07,0 days 15:57:37.255066,107111,114.76,114.72,100,100,1085,-715
434,BBY,2020-10-07,0 days 15:57:39.255265,107396,114.71,114.64,300,100,-415,385
435,BBY,2020-10-07,0 days 15:57:41.255155,109811,114.68,114.64,274,500,285,-2715
436,BBY,2020-10-07,0 days 15:57:45.255689,109096,114.71,114.65,100,300,-1215,285
437,BBY,2020-10-07,0 days 15:57:47.255316,108911,114.7,114.66,200,428,185,-415
438,BBY,2020-10-07,0 days 15:57:48.255217,109096,114.7,114.66,100,528,-715,185
439,BBY,2020-10-07,0 days 15:57:50.255667,107311,114.66,114.58,267,100,62885,-21747
440,BBY,2020-10-07,0 days 15:57:55.255583,110496,114.66,114.61,200,100,-84547,885
441,BBY,2020-10-07,0 days 15:57:59.256359,107311,114.61,114.56,100,300,62885,-21747
442,BBY,2020-10-07,0 days 15:58:12.257095,112072,114.62,114.58,302,202,-931,140
443,BBY,2020-10-07,0 days 15:58:25.258555,113072,114.61,114.56,201,100,-60,40
444,BBY,2020-10-07,0 days 15:58:26.258195,112532,114.61,114.56,201,100,540,-60
445,BBY,2020-10-07,0 days 15:58:30.258505,113072,114.6,114.53,368,200,-460,540
446,BBY,2020-10-07,0 days 15:58:31.258010,112632,114.6,114.56,300,110,440,-460
447,BBY,2020-10-07,0 days 15:58:32.258404,112072,114.61,114.56,500,110,-631,440
448,BBY,2020-10-07,0 days 15:58:47.259263,106732,114.62,114.58,352,100,80340,-4963
449,BBY,2020-10-07,0 days 15:58:48.258768,113072,114.61,114.56,250,100,-360,80340
450,BBY,2020-10-07,0 days 15:58:49.259079,112432,114.61,114.56,250,200,640,-360
451,BBY,2020-10-07,0 days 15:58:57.259599,106980,114.61,114.56,300,100,78416,-7287
452,BBY,2020-10-07,0 days 15:59:17.258784,129259,114.66,114.6,102,600,-83245,3109
453,BBY,2020-10-07,0 days 15:59:18.258703,107872,114.62,114.54,600,100,21387,-83245
454,BBY,2020-10-07,0 days 15:59:21.258748,129077,114.58,114.51,100,100,-955,853
455,BBY,2020-10-07,0 days 15:59:22.259727,128632,114.57,114.49,100,300,445,-955
456,BBY,2020-10-07,0 days 15:59:26.258584,129177,114.55,114.49,100,100,-1655,2045
457,BBY,2020-10-07,0 days 15:59:27.258376,128746,114.54,114.49,100,100,2131,-1655
458,BBY,2020-10-07,0 days 15:59:29.258768,130575,114.55,114.5,100,300,-1317,1829
459,BBY,2020-10-07,0 days 15:59:30.264937,130292,114.56,114.51,200,139,1983,-1317
460,BBY,2020-10-07,0 days 15:59:33.258591,132014,114.59,114.49,500,200,261,-3039
461,BBY,2020-10-07,0 days 15:59:44.259774,136493,114.58,114.52,200,104,-1607,3879
462,BBY,2020-10-07,0 days 15:59:45.261157,136700,114.58,114.49,100,100,6966,-1607
463,BBY,2020-10-07,0 days 15:59:47.259266,145606,114.68,114.51,100,300,-1704,1738
464,BBY,2020-10-07,0 days 15:59:48.262699,145081,114.65,114.56,102,413,125,-1704
465,BBY,2020-10-07,0 days 15:59:55.255483,148180,114.65,114.49,200,100,-82410,2893
466,BBY,2020-10-07,0 days 15:59:56.255949,145887,114.65,114.51,200,400,2893,-82410
467,BBY,2020-10-07,0 days 15:59:58.258049,148436,114.65,114.57,300,300,-82154,2893
468,BBY,2020-10-07,0 days 15:59:59.254526,145801,114.63,114.46,471,400,4979,-82154
469,BCS,2020-10-07,0 days 15:59:31.239327,65874,5.39,5.38,78131,104179,94,-591
470,BDN,2020-10-07,0 days 15:57:33.249526,308669,10.69,10.68,4929,8652,6163,-5537
471,BDN,2020-10-07,0 days 15:57:34.250505,307432,10.69,10.68,5129,8552,-1237,6163
472,BDN,2020-10-07,0 days 15:57:37.249975,308669,10.69,10.68,6529,7848,7263,-1237
473,BDN,2020-10-07,0 days 15:57:38.250007,303032,10.69,10.68,6429,7848,-5637,7263
474,BDN,2020-10-07,0 days 15:57:49.250448,307769,10.68,10.67,5709,4903,6023,-1777
475,BDN,2020-10-07,0 days 15:57:50.250291,303392,10.68,10.67,4609,4183,-4377,6023
476,BDN,2020-10-07,0 days 15:59:09.256597,310728,10.67,10.66,3500,8414,2178,-6281
477,BDN,2020-10-07,0 days 15:59:10.256561,307806,10.67,10.66,6292,7114,-2922,2178
478,BDN,2020-10-07,0 days 15:59:13.255825,310828,10.68,10.67,6084,8114,13963,-2922
479,BDN,2020-10-07,0 days 15:59:14.255824,309391,10.68,10.67,7184,7214,-1337,13963
480,BDN,2020-10-07,0 days 15:59:46.258054,347720,10.66,10.65,3784,5400,-9799,16412
481,BEKE,2020-10-07,0 days 15:59:07.248623,21538,62.56,62.31,300,200,-1484,1227
482,BEKE,2020-10-07,0 days 15:59:08.248739,20922,62.56,62.3,300,100,616,-1484
483,BEKE,2020-10-07,0 days 15:59:46.249675,21538,62.57,62.46,200,100,-248,413
484,BEKE,2020-10-07,0 days 15:59:48.250367,21171,62.57,62.46,200,100,367,-248
485,BEN,2020-10-07,0 days 15:59:07.327992,256347,21.73,21.72,770,8393,-5375,13388
486,BEN,2020-10-07,0 days 15:59:14.328258,251122,21.73,21.72,674,8783,3625,-1375
487,BEN,2020-10-07,0 days 15:59:17.327599,254747,21.74,21.73,3600,8202,-4931,3625
488,BEN,2020-10-07,0 days 15:59:18.328369,250278,21.74,21.73,2741,9402,4469,-4931
489,BEN,2020-10-07,0 days 15:59:29.327756,254768,21.75,21.74,5826,6336,-8817,629
490,BEN,2020-10-07,0 days 15:59:30.330158,251285,21.75,21.74,4826,7297,3483,-8817
491,BHC,2020-10-07,0 days 15:56:08.724687,66558,16.12,16.11,4832,6460,1392,-2488
492,BHC,2020-10-07,0 days 15:56:09.724351,63750,16.12,16.11,4679,6360,-2808,1392
493,BHC,2020-10-07,0 days 15:58:01.728336,67367,16.13,16.12,4601,3800,1186,-8014
494,BHC,2020-10-07,0 days 15:58:02.728692,64253,16.13,16.12,3800,5599,-2814,1186
495,BHC,2020-10-07,0 days 15:58:19.729986,76867,16.13,16.12,4445,3529,3786,-12614
496,BHC,2020-10-07,0 days 15:58:20.729637,72853,16.13,16.12,4745,3339,-4014,3786
497,BHC,2020-10-07,0 days 15:59:08.732877,77950,16.12,16.11,2657,6600,1981,-3113
498,BHC,2020-10-07,0 days 15:59:09.732766,75331,16.12,16.11,2657,6500,-2619,1981
499,BHC,2020-10-07,0 days 15:59:15.731733,77950,16.11,16.1,6312,3289,11542,-18858
500,BHC,2020-10-07,0 days 15:59:23.730488,75209,16.1,16.09,8137,1511,-2241,559
501,BHC,2020-10-07,0 days 15:59:38.730890,77550,16.1,16.09,6886,5800,8059,-2841
502,BHC,2020-10-07,0 days 15:59:39.730845,76409,16.1,16.09,5786,5700,-1141,8059
503,BHC,2020-10-07,0 days 15:59:47.731588,76749,16.09,16.08,2657,8200,-701,7099
504,BHP,2020-10-07,0 days 15:59:07.328045,40955,51.93,51.92,3489,1909,50,-447
505,BHP,2020-10-07,0 days 15:59:08.327368,41005,51.93,51.92,2221,3902,-165,50
506,BHP,2020-10-07,0 days 15:59:17.327674,41170,51.95,51.94,2744,1384,3910,-1100
507,BJ,2020-10-07,0 days 15:56:30.241150,123925,40.87,40.86,287,450,-6,85
508,BJ,2020-10-07,0 days 15:56:42.241586,121646,40.85,40.84,410,100,2279,-6
509,BJ,2020-10-07,0 days 15:58:37.244889,124861,40.88,40.87,100,200,479,-1121
510,BJ,2020-10-07,0 days 15:59:06.249152,127158,40.85,40.83,460,200,-17396,2515
511,BK,2020-10-07,0 days 15:55:35.722992,489590,36.58,36.57,3579,4431,-43,15057
512,BK,2020-10-07,0 days 15:55:37.723134,474936,36.58,36.57,4849,3231,14654,-1446
513,BK,2020-10-07,0 days 15:55:52.723991,492486,36.56,36.55,5197,3841,-954,188
514,BK,2020-10-07,0 days 15:55:53.723846,479598,36.56,36.55,5297,3853,12888,-954
515,BK,2020-10-07,0 days 15:56:14.724534,494100,36.55,36.54,2786,7659,-9971,26936
516,BK,2020-10-07,0 days 15:56:15.724863,478062,36.55,36.54,2170,7259,16038,-9971
517,BK,2020-10-07,0 days 15:56:20.724683,494100,36.55,36.54,2178,6545,-9362,5138
518,BK,2020-10-07,0 days 15:56:21.725046,451262,36.55,36.54,5632,2997,42838,-9362
519,BK,2020-10-07,0 days 15:59:05.732040,521752,36.5,36.49,3977,3509,-27077,37352
520,BKR,2020-10-07,0 days 15:55:00.234117,245462,13.0,12.99,11589,6333,-1796,43678
521,BKR,2020-10-07,0 days 15:55:01.233800,244058,13.0,12.99,13289,5934,1404,-1796
522,BKR,2020-10-07,0 days 15:55:06.236900,245462,13.0,12.99,13889,5729,-5146,1404
523,BKR,2020-10-07,0 days 15:56:08.236656,257292,12.98,12.97,16682,6210,587,-3871
524,BKR,2020-10-07,0 days 15:57:07.237464,267736,12.99,12.98,3619,10814,1082,-3418
525,BKR,2020-10-07,0 days 15:57:53.237548,275118,12.98,12.97,6756,8444,-518,1582
526,BKR,2020-10-07,0 days 15:57:54.237511,273536,12.98,12.97,6389,8744,1582,-518
527,BKR,2020-10-07,0 days 15:57:56.237711,275118,12.98,12.97,5829,9434,-818,1582
528,BKR,2020-10-07,0 days 15:57:57.237864,273536,12.98,12.97,6129,9134,1582,-818
529,BKR,2020-10-07,0 days 15:58:30.240039,289237,12.98,12.97,5689,9527,-1499,2901
530,BKR,2020-10-07,0 days 15:58:31.240139,286736,12.98,12.97,5689,9727,2501,-1499
531,BKR,2020-10-07,0 days 15:59:46.241852,288214,12.98,12.97,10028,4093,-6536,764
532,BKR,2020-10-07,0 days 15:59:49.241320,289550,12.96,12.95,1399,18310,1564,-1536
533,BMY,2020-10-07,0 days 15:55:00.317080,1220061,60.43,60.42,600,4639,11767,-167709
534,BMY,2020-10-07,0 days 15:55:22.318959,1232591,60.43,60.42,9073,1717,-64030,7234
535,BMY,2020-10-07,0 days 15:55:23.318434,1228831,60.41,60.4,4054,1100,3760,-64030
536,BMY,2020-10-07,0 days 15:55:55.320462,1251353,60.43,60.42,798,4783,-2654,2330
537,BMY,2020-10-07,0 days 15:55:56.321371,1249723,60.43,60.42,7398,1704,1630,-2654
538,BMY,2020-10-07,0 days 15:56:17.320930,1251353,60.44,60.43,2710,3472,-4045,1201
539,BMY,2020-10-07,0 days 15:56:18.320510,1250014,60.44,60.43,1210,4603,1339,-4045
540,BMY,2020-10-07,0 days 15:57:34.322897,1279657,60.48,60.47,1504,2400,-7348,11752
541,BMY,2020-10-07,0 days 15:57:35.323166,1276764,60.47,60.46,1700,5403,2893,-7348
542,BMY,2020-10-07,0 days 15:57:37.322503,1279657,60.47,60.46,2000,5001,-1048,9761
543,BMY,2020-10-07,0 days 15:57:38.322263,1275605,60.47,60.46,4839,1759,8452,-1048
544,BMY,2020-10-07,0 days 15:57:40.322759,1286257,60.46,60.45,2314,2871,-7248,6652
545,BMY,2020-10-07,0 days 15:57:41.322535,1275605,60.45,60.44,5900,200,10652,-7248
546,BMY,2020-10-07,0 days 15:57:42.322413,1286257,60.45,60.44,3500,1321,-212,10652
547,BMY,2020-10-07,0 days 15:57:43.322414,1284005,60.45,60.44,9050,531,2252,-212
548,BMY,2020-10-07,0 days 15:57:56.322014,1310657,60.46,60.45,7200,1585,-3780,7420
549,BMY,2020-10-07,0 days 15:57:57.321998,1303037,60.46,60.45,1500,2771,7620,-3780
550,BMY,2020-10-07,0 days 15:58:39.326183,1332499,60.46,60.45,3673,1994,-5119,2181
551,BMY,2020-10-07,0 days 15:58:40.326710,1323318,60.46,60.45,6550,294,9181,-5119
552,BMY,2020-10-07,0 days 15:59:10.327474,1291628,60.49,60.48,2486,634,788,-7712
553,BMY,2020-10-07,0 days 15:59:34.328475,1388651,60.45,60.44,2500,1454,22674,-39011
554,BMY,2020-10-07,0 days 15:59:37.328954,1408749,60.47,60.46,300,3554,-802,1474
555,BMY,2020-10-07,0 days 15:59:38.328678,1391851,60.47,60.46,2397,1654,16898,-802
556,BP,2020-10-07,0 days 15:55:00.232786,62000,17.06,17.05,20000,36601,5337,-17346
557,BP,2020-10-07,0 days 15:59:09.244553,121474,17.03,17.02,54261,28122,-1524,3276
558,BP,2020-10-07,0 days 15:59:30.247377,122998,17.03,17.02,55230,23837,9528,-4222
559,BRK.B,2020-10-07,0 days 15:55:00.246019,442232,213.83,213.74,200,100,-11887,26255
560,BRK.B,2020-10-07,0 days 15:55:21.248929,453338,213.64,213.61,600,100,748,-615
561,BRK.B,2020-10-07,0 days 15:55:22.249637,452186,213.66,213.61,213,100,-1115,748
562,BRK.B,2020-10-07,0 days 15:55:43.248554,453372,213.65,213.62,200,134,278,-558
563,BRK.B,2020-10-07,0 days 15:55:45.248376,452377,213.64,213.61,200,108,-419,16
564,BRK.B,2020-10-07,0 days 15:56:01.249639,448235,213.57,213.47,200,200,3655,-349
565,BRK.B,2020-10-07,0 days 15:56:02.249099,448010,213.55,213.48,615,100,-134,3655
566,BRK.B,2020-10-07,0 days 15:56:38.250114,452113,213.51,213.45,255,200,4928,-446
567,BRK.B,2020-10-07,0 days 15:57:28.250713,454765,213.54,213.52,257,200,-183,515
568,BRK.B,2020-10-07,0 days 15:57:35.251797,458248,213.53,213.49,100,300,3517,-4046
569,BRK.B,2020-10-07,0 days 15:57:47.251671,471365,213.46,213.44,101,600,-28,2815
570,BRK.B,2020-10-07,0 days 15:57:48.252555,471950,213.45,213.41,104,100,2515,-28
571,BRK.B,2020-10-07,0 days 15:58:08.253547,480358,213.37,213.34,100,200,1394,-240
572,BRX,2020-10-07,0 days 15:56:37.322064,262716,12.46,12.45,4427,5198,-955,945
573,BRX,2020-10-07,0 days 15:56:38.322151,256071,12.46,12.45,5027,5098,6645,-955
574,BRX,2020-10-07,0 days 15:58:08.323485,261904,12.47,12.46,5100,3422,-1060,6740
575,BRX,2020-10-07,0 days 15:58:09.323929,256764,12.47,12.46,4200,4059,5140,-1060
576,BRX,2020-10-07,0 days 15:59:08.327463,266475,12.45,12.44,5000,4784,-5154,4947
577,BRX,2020-10-07,0 days 15:59:09.328797,263729,12.45,12.44,5200,4784,2746,-5154
578,BRX,2020-10-07,0 days 15:59:17.327745,267375,12.44,12.43,6174,3976,-47504,3646
579,BSX,2020-10-07,0 days 15:55:41.247066,553293,40.3,40.29,3472,4272,-6654,11460
580,BSX,2020-10-07,0 days 15:55:42.247157,544247,40.3,40.29,4523,4272,9446,-6654
581,BSX,2020-10-07,0 days 15:56:15.247898,577303,40.3,40.29,1926,3400,-3448,8504
582,BSX,2020-10-07,0 days 15:56:16.247766,571199,40.3,40.29,907,5160,6104,-3448
583,BSX,2020-10-07,0 days 15:57:38.250588,595922,40.29,40.28,4106,2857,-15943,6409
584,BSX,2020-10-07,0 days 15:57:39.250789,588330,40.29,40.28,6069,1408,7592,-15943
585,BSX,2020-10-07,0 days 15:57:45.251348,595922,40.3,40.29,3900,1900,-4708,7592
586,BSX,2020-10-07,0 days 15:58:06.251960,598733,40.29,40.28,8600,827,-181,6340
587,BSX,2020-10-07,0 days 15:58:07.252286,592714,40.29,40.28,8657,300,6019,-181
588,BSX,2020-10-07,0 days 15:59:19.256072,654877,40.25,40.24,100,5454,-15509,4823
589,BSX,2020-10-07,0 days 15:59:20.256243,649886,40.25,40.24,2338,2100,5102,-15509
590,BSX,2020-10-07,0 days 15:59:21.255949,654988,40.25,40.24,4023,2268,-6902,5102
591,BSX,2020-10-07,0 days 15:59:53.256913,707386,40.19,40.18,3700,1183,-3856,4144
592,BTU,2020-10-07,0 days 15:55:00.232466,33872,2.08,2.07,9880,10316,-3770,2177
593,BUD,2020-10-07,0 days 15:55:00.235146,43200,58.61,58.6,1000,717,-1290,876
594,BUD,2020-10-07,0 days 15:58:02.238700,46272,58.51,58.5,1205,400,1662,-938
595,BUD,2020-10-07,0 days 15:58:03.238707,46034,58.51,58.5,1605,645,-238,1662
596,BUD,2020-10-07,0 days 15:59:04.242589,46272,58.48,58.47,600,605,3731,-395
597,BUD,2020-10-07,0 days 15:59:05.241833,45903,58.49,58.48,463,800,-169,3731
598,BUD,2020-10-07,0 days 15:59:31.239498,48067,58.49,58.43,500,1400,-416,284
599,BUD,2020-10-07,0 days 15:59:41.240167,45967,58.48,58.46,100,900,-2316,2184
600,BUD,2020-10-07,0 days 15:59:49.241425,48106,58.48,58.46,600,100,-187,1913
601,BWA,2020-10-07,0 days 15:57:02.726192,342077,41.65,41.64,2376,1988,-9372,4465
602,BWA,2020-10-07,0 days 15:57:03.726095,339049,41.65,41.64,2281,1726,3028,-9372
603,BWA,2020-10-07,0 days 15:57:33.726489,343077,41.6,41.59,1694,219,-257795,2614
604,BWA,2020-10-07,0 days 15:57:48.726855,343077,41.6,41.59,500,326,-288295,3909
605,BWA,2020-10-07,0 days 15:57:49.726922,317067,41.58,41.57,400,2284,26109,-288295
606,BWA,2020-10-07,0 days 15:58:03.728913,338989,41.58,41.56,1300,1631,2453,-1807
607,BWA,2020-10-07,0 days 15:58:14.729678,343490,41.58,41.57,1321,100,-3499,4401
608,BWA,2020-10-07,0 days 15:58:15.729927,340889,41.58,41.57,1221,100,2501,-3499
609,BWA,2020-10-07,0 days 15:58:19.729851,343490,41.57,41.56,400,1300,-399,2501
610,BWA,2020-10-07,0 days 15:58:20.729416,340889,41.57,41.56,500,1201,2501,-399
611,BWA,2020-10-07,0 days 15:58:28.730389,342490,41.57,41.56,796,1251,-1199,1501
612,BWA,2020-10-07,0 days 15:58:29.730039,339989,41.57,41.56,696,1751,2401,-1199
613,BWA,2020-10-07,0 days 15:59:00.732902,342350,41.56,41.55,1043,100,-1164,1716
614,BWA,2020-10-07,0 days 15:59:01.731730,340514,41.56,41.55,953,100,20836,-1164
615,BWA,2020-10-07,0 days 15:59:30.730624,370761,41.56,41.55,471,200,-4441,1359
616,BWA,2020-10-07,0 days 15:59:37.731653,374755,41.57,41.56,300,500,301,-4199
617,BWA,2020-10-07,0 days 15:59:40.731289,375156,41.57,41.56,400,505,-399,301
618,BWA,2020-10-07,0 days 15:59:41.731039,374855,41.57,41.56,400,505,201,-399
619,BWA,2020-10-07,0 days 15:59:44.731330,374758,41.58,41.57,710,700,-1897,494
620,BWA,2020-10-07,0 days 15:59:45.731806,374515,41.58,41.57,205,600,3549,-1897
621,BWA,2020-10-07,0 days 15:59:46.731654,378164,41.58,41.57,710,100,-18135,3549
622,BX,2020-10-07,0 days 15:59:02.258931,269066,54.44,54.43,400,600,25408,-35665
623,BX,2020-10-07,0 days 15:59:03.258733,261574,54.47,54.46,595,291,-7492,25408
624,BX,2020-10-07,0 days 15:59:15.259185,269278,54.46,54.45,100,1406,105323,-1693
625,C,2020-10-07,0 days 15:59:21.245986,1614990,44.81,44.8,2400,11500,168298,-89765
626,C,2020-10-07,0 days 15:59:45.247982,1845792,44.86,44.85,3644,13217,32460,-2658
627,C,2020-10-07,0 days 15:59:46.249205,1860352,44.86,44.85,7694,12389,-2156,32460
628,C,2020-10-07,0 days 15:59:47.247423,1839907,44.83,44.82,5887,4216,68825,-2156
629,CAG,2020-10-07,0 days 15:55:38.723477,307016,37.43,37.42,1653,2428,-357,746
630,CAG,2020-10-07,0 days 15:55:39.723449,293673,37.43,37.42,1753,2728,13343,-357
631,CAG,2020-10-07,0 days 15:57:34.726715,314419,37.44,37.43,976,3628,-5230,170
632,CAG,2020-10-07,0 days 15:57:35.726814,299049,37.44,37.43,1576,3028,15370,-5230
633,CAG,2020-10-07,0 days 15:58:03.728950,319178,37.43,37.42,1193,2980,-102,16298
634,CAG,2020-10-07,0 days 15:58:06.728710,319580,37.43,37.42,1839,1480,2446,-102
635,CAG,2020-10-07,0 days 15:58:10.729097,322662,37.43,37.42,1120,3490,-4486,3082
636,CAG,2020-10-07,0 days 15:58:11.729207,314348,37.43,37.42,930,3790,8314,-4486
637,CAG,2020-10-07,0 days 15:59:01.731780,319253,37.42,37.41,2200,890,-5087,9586
638,CAG,2020-10-07,0 days 15:59:02.731985,315486,37.42,37.4,2500,3464,3767,-5087
639,CAG,2020-10-07,0 days 15:59:11.732525,319778,37.42,37.41,1948,600,-3285,3394
640,CAG,2020-10-07,0 days 15:59:17.730216,319778,37.43,37.42,2537,309,-2185,3315
641,CAG,2020-10-07,0 days 15:59:19.730863,310740,37.42,37.41,2000,1209,9076,-5162
642,CAG,2020-10-07,0 days 15:59:34.730850,323505,37.42,37.41,392,2906,-14922,5765
643,CAG,2020-10-07,0 days 15:59:35.731128,312027,37.41,37.4,400,2312,11478,-14922
644,CAT,2020-10-07,0 days 15:58:33.255470,234309,154.92,154.9,288,247,2673,-3967
645,CAT,2020-10-07,0 days 15:59:11.257966,240813,154.86,154.8,250,200,-449,1164
646,CAT,2020-10-07,0 days 15:59:13.258132,241262,154.85,154.8,432,200,5486,-449
647,CAT,2020-10-07,0 days 15:59:21.257726,244590,154.9,154.84,100,700,-13604,4009
648,CAT,2020-10-07,0 days 15:59:22.257946,242991,154.85,154.76,200,468,2999,-13604
649,CAT,2020-10-07,0 days 15:59:34.258355,243790,154.92,154.88,100,200,-16567,22
650,CAT,2020-10-07,0 days 15:59:35.258091,239836,154.91,154.84,100,300,5654,-16567
651,CBRE,2020-10-07,0 days 15:56:30.725015,163562,49.02,48.99,400,516,-1547,2753
652,CBRE,2020-10-07,0 days 15:56:36.725123,165109,49.02,48.99,300,410,2401,-1447
653,CBRE,2020-10-07,0 days 15:57:34.726796,186237,49.06,49.03,500,334,-195,4705
654,CBRE,2020-10-07,0 days 15:57:39.726618,186432,49.05,49.02,600,238,4305,-95
655,CBRE,2020-10-07,0 days 15:59:11.732650,197870,49.04,49.0,400,100,1610,-1090
656,CBRE,2020-10-07,0 days 15:59:35.731349,198499,49.05,49.0,100,846,-7883,859
657,CBRE,2020-10-07,0 days 15:59:36.730802,197582,49.05,49.0,100,846,917,-7883
658,CBRE,2020-10-07,0 days 15:59:46.731977,197387,49.05,48.99,972,900,6870,-8030
659,CCI,2020-10-07,0 days 15:55:00.237213,184760,165.5,165.38,100,648,-7727,592
660,CCI,2020-10-07,0 days 15:56:20.243013,200600,165.12,165.06,791,100,5060,-2540
661,CCI,2020-10-07,0 days 15:56:21.243532,197409,165.12,165.07,472,230,-3191,5060
662,CCI,2020-10-07,0 days 15:57:03.241904,200640,165.14,165.09,119,154,2419,-481
663,CCI,2020-10-07,0 days 15:57:04.243820,198059,165.14,165.09,119,154,-2581,2419
664,CCI,2020-10-07,0 days 15:57:33.242803,200640,165.1,165.05,208,237,250,-1650
665,CCI,2020-10-07,0 days 15:57:34.242745,196590,165.1,165.05,208,237,-4050,250
666,CCI,2020-10-07,0 days 15:58:59.245843,205259,164.97,164.95,100,200,589,-49
667,CCI,2020-10-07,0 days 15:59:00.249090,203148,164.97,164.95,100,176,-2111,589
668,CCI,2020-10-07,0 days 15:59:34.246337,206477,164.98,164.96,100,200,594,-1158
669,CCI,2020-10-07,0 days 15:59:40.247883,206371,165.04,164.97,100,200,-106,194
670,CCI,2020-10-07,0 days 15:59:45.248035,206477,165.0,164.93,100,400,194,-106
671,CCJ,2020-10-07,0 days 15:57:11.235891,44563,9.77,9.76,5444,12753,-2,83
672,CCJ,2020-10-07,0 days 15:57:42.236798,42865,9.77,9.76,10011,9198,1698,-2
673,CCL,2020-10-07,0 days 15:55:00.249099,941557,16.03,16.02,13668,23409,784,-274269
674,CCL,2020-10-07,0 days 15:55:55.253451,945705,16.01,16.0,13080,12280,-15310,2484
675,CCL,2020-10-07,0 days 15:55:56.253530,935715,16.01,16.0,13380,11880,9990,-15310
676,CCL,2020-10-07,0 days 15:56:01.255215,945705,16.01,16.0,18510,9318,-9210,9990
677,CCL,2020-10-07,0 days 15:56:08.254301,954915,16.0,15.99,16630,17839,25904,-2610
678,CCL,2020-10-07,0 days 15:57:17.253727,980823,16.0,15.99,5258,15785,-437,5407
679,CCL,2020-10-07,0 days 15:57:18.253566,978460,16.0,15.99,5458,15875,2363,-437
680,CCL,2020-10-07,0 days 15:57:19.253920,961967,16.0,15.99,5958,16065,-16493,2363
681,CCL,2020-10-07,0 days 15:57:20.254158,956560,16.0,15.99,9297,15275,5407,-16493
682,CCL,2020-10-07,0 days 15:57:31.255081,961967,16.0,15.99,12047,12569,-13793,5407
683,CCL,2020-10-07,0 days 15:57:35.255383,979060,16.0,15.99,12457,12069,4307,-1693
684,CCL,2020-10-07,0 days 15:57:36.255067,977367,16.0,15.99,14557,9769,-1693,4307
685,CCL,2020-10-07,0 days 15:57:41.255265,987060,16.0,15.99,19439,2617,8574,-1106
686,CCL,2020-10-07,0 days 15:57:42.255098,985154,16.0,15.99,21739,6762,-1906,8574
687,CCL,2020-10-07,0 days 15:57:54.255826,993025,16.0,15.99,15466,12423,14609,-9991
688,CCL,2020-10-07,0 days 15:57:57.255815,980734,16.0,15.99,17816,9821,-13891,1409
689,CCL,2020-10-07,0 days 15:58:01.257368,992025,16.0,15.99,18838,7670,4898,-11291
690,CCL,2020-10-07,0 days 15:58:02.257401,980723,16.0,15.99,15438,10470,-11302,4898
691,CCL,2020-10-07,0 days 15:58:03.257716,992025,16.0,15.99,15738,10353,4898,-11302
692,CCL,2020-10-07,0 days 15:58:04.257298,985143,16.0,15.99,20388,11121,-9015,4898
693,CCL,2020-10-07,0 days 15:58:23.258051,997558,16.0,15.99,24883,2660,11117,-14063
694,CCL,2020-10-07,0 days 15:58:24.258089,983495,16.0,15.99,24783,2300,-14063,11117
695,CCL,2020-10-07,0 days 15:59:08.260830,1006790,15.99,15.98,11066,20050,121770,-2388
696,CCL,2020-10-07,0 days 15:59:19.258499,1117514,16.0,15.99,24137,9436,-18414,7424
697,CCL,2020-10-07,0 days 15:59:20.258936,1109695,15.99,15.98,24577,14478,21479,-18414
698,CCL,2020-10-07,0 days 15:59:21.258833,1131174,15.99,15.98,24937,6600,-33166,21479
699,CCL,2020-10-07,0 days 15:59:43.259408,1166315,15.98,15.97,27739,11600,2794,-1306
700,CCL,2020-10-07,0 days 15:59:47.259400,1226789,16.0,15.99,10685,7255,-9273,56574
701,CDE,2020-10-07,0 days 15:55:00.247682,275418,7.44,7.43,8672,5285,-22003,85109
702,CDE,2020-10-07,0 days 15:55:01.247137,269921,7.44,7.43,9772,3635,5497,-22003
703,CDE,2020-10-07,0 days 15:57:41.250259,275418,7.43,7.42,10119,3210,-1915,785
704,CDE,2020-10-07,0 days 15:57:42.250192,270633,7.43,7.42,11319,2873,4785,-1915
705,CDE,2020-10-07,0 days 15:59:15.257358,276997,7.44,7.43,8385,4212,-50075,3262
706,CFG,2020-10-07,0 days 15:55:00.249554,235102,28.21,28.2,1591,2695,-258,45848
707,CFG,2020-10-07,0 days 15:55:01.248203,233360,28.21,28.2,1775,3395,1742,-258
708,CFG,2020-10-07,0 days 15:57:52.255722,254198,28.19,28.18,6009,1313,-847,3453
709,CFG,2020-10-07,0 days 15:57:53.255219,252245,28.19,28.18,8293,107,1953,-847
710,CFG,2020-10-07,0 days 15:57:55.255686,254198,28.19,28.18,6723,707,-305,4253
711,CFG,2020-10-07,0 days 15:57:56.255462,252545,28.19,28.18,7003,107,1653,-305
712,CFG,2020-10-07,0 days 15:59:19.258523,259739,28.16,28.15,653,4992,-2573,1388
713,CFG,2020-10-07,0 days 15:59:20.258962,258112,28.16,28.15,1653,4292,1627,-2573
714,CFG,2020-10-07,0 days 15:59:45.261300,259938,28.18,28.17,5000,5600,-1165,235
715,CGC,2020-10-07,0 days 15:55:00.237147,35586,15.51,15.5,5631,3301,-1436,20324
716,CGC,2020-10-07,0 days 15:55:01.237027,33922,15.51,15.5,5631,3301,1664,-1436
717,CGC,2020-10-07,0 days 15:59:47.247497,37186,15.53,15.52,900,735,488,-4152
718,CHWY,2020-10-07,0 days 15:59:08.248739,118380,57.09,57.07,100,200,-4590,1352
719,CHWY,2020-10-07,0 days 15:59:47.247582,121308,57.08,57.0,307,800,7609,-8254
720,CHWY,2020-10-07,0 days 15:59:55.247782,119473,57.1,57.04,700,100,-3735,534
721,CHWY,2020-10-07,0 days 15:59:59.246308,128083,57.11,57.04,300,100,834,-4454
722,CHX,2020-10-07,0 days 15:55:42.248635,147192,8.01,8.0,2018,600,10885,-27015
723,CHX,2020-10-07,0 days 15:55:43.248707,144591,8.01,8.0,1782,600,-1801,10885
724,CHX,2020-10-07,0 days 15:56:37.249837,146920,8.01,8.0,2571,2340,172,-228
725,CHX,2020-10-07,0 days 15:56:38.251136,144492,8.01,8.0,2571,2340,-928,172
726,CHX,2020-10-07,0 days 15:59:47.259104,170282,8.0,7.99,3321,1800,5586,-497
727,CHX,2020-10-07,0 days 15:59:50.262236,164368,8.0,7.99,1915,5098,-4414,1086
728,CIEN,2020-10-07,0 days 15:55:00.235088,111627,41.95,41.92,200,603,40822,-16703
729,CIEN,2020-10-07,0 days 15:55:06.237076,132176,41.92,41.91,100,400,-10351,10122
730,CIEN,2020-10-07,0 days 15:55:07.236054,128827,41.92,41.86,364,800,3349,-10351
731,CIEN,2020-10-07,0 days 15:55:24.236739,132176,41.93,41.91,800,298,-9751,4722
732,CIEN,2020-10-07,0 days 15:55:25.236611,128827,41.9,41.88,617,200,3349,-9751
733,CIEN,2020-10-07,0 days 15:56:20.236303,152735,41.86,41.85,1002,2319,-1500,3520
734,CIEN,2020-10-07,0 days 15:56:21.236590,149489,41.86,41.85,987,2532,3246,-1500
735,CIEN,2020-10-07,0 days 15:56:23.236351,113394,41.86,41.85,987,2632,-6095,3246
736,CIEN,2020-10-07,0 days 15:56:26.236456,168089,41.9,41.87,100,394,4446,-5195
737,CIEN,2020-10-07,0 days 15:58:02.238689,170370,41.9,41.89,501,598,-1041,4987
738,CIEN,2020-10-07,0 days 15:58:03.238707,165811,41.88,41.87,700,100,7259,-1041
739,CIEN,2020-10-07,0 days 15:59:36.239344,176721,41.93,41.91,500,398,-853,430
740,CIEN,2020-10-07,0 days 15:59:46.242023,176721,41.93,41.9,1000,400,-2175,1458
741,CIEN,2020-10-07,0 days 15:59:47.240678,175496,41.91,41.89,200,100,1225,-2175
742,CIEN,2020-10-07,0 days 15:59:48.243665,176721,41.91,41.89,800,100,-2076,1225
743,CIEN,2020-10-07,0 days 15:59:50.244212,173366,41.89,41.84,200,900,3455,-645
744,CIG,2020-10-07,0 days 15:55:11.233333,219299,1.91,1.9,95632,200288,-110132,157593
745,CIG,2020-10-07,0 days 15:55:12.233342,204531,1.91,1.9,95632,197788,8593,-110132
746,CIG,2020-10-07,0 days 15:59:36.242509,254847,1.91,1.9,416205,321597,-35468,35716
747,CIG,2020-10-07,0 days 15:59:37.241387,253215,1.91,1.9,416205,309497,1632,-35468
748,CIG,2020-10-07,0 days 15:59:45.243031,254847,1.91,1.9,425546,280295,-8368,1632
749,CIG,2020-10-07,0 days 15:59:46.243884,253715,1.91,1.9,425146,280851,4281,-8368
750,CIG,2020-10-07,0 days 15:59:47.242829,257996,1.91,1.9,425146,280851,-4732,4281
751,CIG,2020-10-07,0 days 15:59:48.244605,257028,1.91,1.9,425546,280251,968,-4732
752,CIM,2020-10-07,0 days 15:56:44.250342,125845,8.64,8.63,6767,24958,-2994,1389
753,CIM,2020-10-07,0 days 15:56:45.250196,123139,8.64,8.63,6267,23110,2706,-2994
754,CIM,2020-10-07,0 days 15:58:59.257534,127133,8.64,8.63,17525,13809,2661,-54
755,CIM,2020-10-07,0 days 15:59:02.258704,129794,8.64,8.63,16757,14709,-132,2661
756,CIM,2020-10-07,0 days 15:59:03.258598,126826,8.64,8.63,15457,14809,2968,-132
757,CIM,2020-10-07,0 days 15:59:07.258732,129794,8.64,8.63,17457,14909,-1142,3568
758,CIT,2020-10-07,0 days 15:56:06.250098,142243,20.07,20.06,1700,900,894,-126
759,CIT,2020-10-07,0 days 15:57:28.250372,143604,20.12,20.1,300,780,-344,501
760,CIT,2020-10-07,0 days 15:57:29.249555,143048,20.12,20.1,764,819,556,-344
761,CIT,2020-10-07,0 days 15:57:45.250137,143604,20.11,20.1,617,807,-889,556
762,CIT,2020-10-07,0 days 15:58:10.252565,147146,20.09,20.08,120,400,-547,153
763,CIT,2020-10-07,0 days 15:58:11.252050,146893,20.09,20.08,300,200,253,-547
764,CIT,2020-10-07,0 days 15:58:13.252002,147146,20.09,20.08,100,400,-1947,253
765,CIT,2020-10-07,0 days 15:58:14.253445,146893,20.09,20.08,300,300,253,-1947
766,CIT,2020-10-07,0 days 15:58:23.252928,147146,20.09,20.08,2092,105,-647,253
767,CIT,2020-10-07,0 days 15:58:24.253007,146893,20.09,20.08,1692,105,253,-647
768,CIT,2020-10-07,0 days 15:59:44.256412,170515,20.07,20.06,643,800,-628,1112
769,CIT,2020-10-07,0 days 15:59:47.256510,171143,20.07,20.06,1448,100,2043,-528
770,CLDR,2020-10-07,0 days 15:57:35.249781,466666,10.95,10.94,2451,8264,258,-4342
771,CLDR,2020-10-07,0 days 15:57:50.250205,474724,10.95,10.94,3408,6608,-3342,8058
772,CLDR,2020-10-07,0 days 15:57:51.250256,473966,10.95,10.94,3308,6608,758,-3342
773,CLDR,2020-10-07,0 days 15:57:54.250464,474724,10.95,10.94,2610,6810,-42,758
774,CLDR,2020-10-07,0 days 15:57:56.250404,476866,10.95,10.94,5153,6010,1058,-42
775,CLDR,2020-10-07,0 days 15:57:59.251205,477924,10.95,10.94,3925,8021,-142,1058
776,CLDR,2020-10-07,0 days 15:58:00.252216,476866,10.95,10.94,2110,8007,1058,-142
777,CLDR,2020-10-07,0 days 15:58:02.252355,477924,10.95,10.94,3910,7317,-1842,1058
778,CLDR,2020-10-07,0 days 15:58:03.251291,476866,10.95,10.94,4968,6918,1058,-1842
779,CLDR,2020-10-07,0 days 15:58:11.252084,484824,10.94,10.93,10197,6437,-1013,1587
780,CLDR,2020-10-07,0 days 15:58:12.251988,483237,10.94,10.93,10297,6737,1587,-1013
781,CLDR,2020-10-07,0 days 15:58:35.253674,487824,10.94,10.93,5862,7859,-4313,1887
782,CLDR,2020-10-07,0 days 15:58:36.253374,486537,10.94,10.93,5862,7859,1287,-4313
783,CLDR,2020-10-07,0 days 15:59:06.255350,487923,10.94,10.93,5388,6345,-1070,777
784,CLF,2020-10-07,0 days 15:57:10.238065,502744,7.72,7.71,13385,40586,-1084,3216
785,CLF,2020-10-07,0 days 15:57:11.237644,495428,7.72,7.71,20259,32379,3487,-1084
786,CLF,2020-10-07,0 days 15:57:38.240306,496528,7.73,7.72,41842,36332,2587,-2284
787,CLF,2020-10-07,0 days 15:59:15.245470,522470,7.7,7.69,1750,46451,-43023,5987
788,CLF,2020-10-07,0 days 15:59:44.245331,551106,7.71,7.7,48198,6362,1878,-11722
789,CLF,2020-10-07,0 days 15:59:46.246614,552984,7.71,7.7,40442,25722,-3100,1578
790,CLR,2020-10-07,0 days 15:59:04.242431,609638,12.96,12.95,2219,2840,9670,-4211
791,CLR,2020-10-07,0 days 15:59:05.241726,605971,12.96,12.95,2219,2640,-3667,9670
792,CMA,2020-10-07,0 days 15:55:40.723439,165042,43.19,43.17,344,1083,-1902,46
793,CMA,2020-10-07,0 days 15:55:41.723105,163444,43.18,43.16,227,300,1598,-1902
794,CMA,2020-10-07,0 days 15:56:20.724655,165282,43.14,43.12,100,1002,-2857,1753
795,CMA,2020-10-07,0 days 15:56:21.724998,164139,43.14,43.12,200,800,1143,-2857
796,CMA,2020-10-07,0 days 15:57:33.726503,167819,43.16,43.13,700,1359,-2099,801
797,CMA,2020-10-07,0 days 15:58:00.729730,167819,43.12,43.09,300,700,-1212,101
798,CMA,2020-10-07,0 days 15:58:01.728146,166631,43.11,43.1,135,100,798,-1212
799,CMA,2020-10-07,0 days 15:59:30.730660,218961,43.11,43.09,100,600,-136,145
800,CMA,2020-10-07,0 days 15:59:35.731128,216917,43.13,43.11,400,700,1944,-6956
801,CNC,2020-10-07,0 days 15:55:41.253227,336598,64.79,64.78,500,400,10375,-11224
802,CNC,2020-10-07,0 days 15:55:42.252969,346762,64.79,64.78,400,200,-6636,10375
803,CNC,2020-10-07,0 days 15:55:43.253030,345798,64.79,64.78,799,200,964,-6636
804,CNC,2020-10-07,0 days 15:56:47.255002,348707,64.87,64.85,300,263,-100,200
805,CNC,2020-10-07,0 days 15:56:48.254857,347607,64.87,64.85,400,300,1100,-100
806,CNC,2020-10-07,0 days 15:57:33.255123,349858,64.84,64.83,615,500,-1286,2214
807,CNC,2020-10-07,0 days 15:57:34.254867,349307,64.84,64.83,915,431,551,-1286
808,CNC,2020-10-07,0 days 15:57:35.255353,349858,64.85,64.84,107,300,-2849,551
809,CNC,2020-10-07,0 days 15:57:36.255017,349607,64.84,64.83,200,300,251,-2849
810,CNC,2020-10-07,0 days 15:57:37.255116,350458,64.83,64.82,700,100,-5249,251
811,CNC,2020-10-07,0 days 15:57:40.255217,359107,64.82,64.79,627,400,751,-849
812,CNC,2020-10-07,0 days 15:57:41.255200,358421,64.81,64.79,300,400,-686,751
813,CNC,2020-10-07,0 days 15:57:53.255168,364207,64.8,64.79,410,505,814,-1286
814,CNC,2020-10-07,0 days 15:57:54.255777,366421,64.8,64.79,532,505,-186,814
815,CNC,2020-10-07,0 days 15:59:05.259929,380970,64.71,64.7,1000,350,3879,-1136
816,CNC,2020-10-07,0 days 15:59:06.260579,379255,64.71,64.7,1300,245,-374,3879
817,CNC,2020-10-07,0 days 15:59:39.259783,391474,64.71,64.69,200,638,10996,-2004
818,CNC,2020-10-07,0 days 15:59:40.260179,390070,64.71,64.69,200,814,-1404,10996
819,CNK,2020-10-07,0 days 15:55:52.724056,343752,8.48,8.47,6608,6563,185,-3357
820,CNK,2020-10-07,0 days 15:56:06.724401,339121,8.48,8.47,9143,5047,-4633,5267
821,CNK,2020-10-07,0 days 15:59:47.731588,378569,8.45,8.44,7322,10006,-3436,19264
822,CNP,2020-10-07,0 days 15:59:02.242120,343764,20.67,20.66,2265,12408,6424,-5876
823,CNP,2020-10-07,0 days 15:59:08.241630,351471,20.67,20.66,1365,14580,-4305,7241
824,CNP,2020-10-07,0 days 15:59:09.242007,345176,20.67,20.66,965,15680,6295,-4305
825,CNP,2020-10-07,0 days 15:59:22.241138,351513,20.67,20.66,3739,9300,-28079,2500
826,CNP,2020-10-07,0 days 15:59:23.240639,348092,20.67,20.66,2896,12900,3421,-28079
827,CNP,2020-10-07,0 days 15:59:31.241020,354009,20.67,20.66,4550,9900,-2613,5089
828,CNP,2020-10-07,0 days 15:59:32.240700,351022,20.67,20.66,4500,11500,2987,-2613
829,CNP,2020-10-07,0 days 15:59:46.243476,360455,20.67,20.66,9490,9526,-17713,1564
830,CNP,2020-10-07,0 days 15:59:47.242287,345868,20.66,20.65,3800,10500,14587,-17713
831,CNQ,2020-10-07,0 days 15:55:43.319650,46935,16.77,16.76,5510,15791,4723,-877
832,CNQ,2020-10-07,0 days 15:55:44.320329,45358,16.77,16.76,5310,13791,-1577,4723
833,CNQ,2020-10-07,0 days 15:56:37.322064,46935,16.76,16.75,1800,21310,558,-1342
834,CNQ,2020-10-07,0 days 15:56:38.322151,45793,16.76,16.75,3900,18800,-1142,558
835,CNQ,2020-10-07,0 days 15:57:52.323027,47135,16.78,16.77,4733,7922,58,-1242
836,CNQ,2020-10-07,0 days 15:57:53.321843,45993,16.78,16.77,7433,7822,-1142,58
837,CNQ,2020-10-07,0 days 15:57:54.322748,47135,16.78,16.77,6733,7412,740,-1142
838,CNQ,2020-10-07,0 days 15:57:55.322289,46175,16.78,16.77,6433,7522,-960,740
839,CNX,2020-10-07,0 days 15:56:08.236742,1255026,10.29,10.28,9105,847,-822,1323
840,CNX,2020-10-07,0 days 15:56:09.236080,1253848,10.29,10.28,8705,1347,1178,-822
841,CNX,2020-10-07,0 days 15:58:37.242749,1285995,10.26,10.25,5613,1348,128,-6772
842,CNX,2020-10-07,0 days 15:59:01.244103,1285783,10.26,10.25,4325,2720,1915,-571
843,CNX,2020-10-07,0 days 15:59:51.245167,1327806,10.28,10.27,3540,3996,-37668,3120
844,COF,2020-10-07,0 days 15:59:19.243320,406482,78.1,78.07,172,376,10786,-5759
845,COF,2020-10-07,0 days 15:59:20.243487,400513,78.14,78.1,100,1700,-11769,10786
846,COF,2020-10-07,0 days 15:59:21.243449,412282,78.2,78.17,398,400,22490,-11769
847,COG,2020-10-07,0 days 15:58:13.239442,419791,18.3,18.29,7418,2365,4851,-2149
848,COG,2020-10-07,0 days 15:58:14.239602,414342,18.3,18.29,7408,1965,-4149,4851
849,COG,2020-10-07,0 days 15:59:04.242513,427177,18.29,18.28,1900,7209,33837,-2546
850,COG,2020-10-07,0 days 15:59:06.242538,414425,18.29,18.28,1707,7509,-1397,9875
851,COG,2020-10-07,0 days 15:59:42.240496,443936,18.3,18.29,7264,2862,4249,-155
852,COG,2020-10-07,0 days 15:59:46.241921,443936,18.29,18.28,4300,7108,855,-51
853,COG,2020-10-07,0 days 15:59:47.240633,446893,18.29,18.28,6459,5608,-2328,855
854,COG,2020-10-07,0 days 15:59:49.241353,461252,18.28,18.27,3737,5505,224,-14653
855,COP,2020-10-07,0 days 15:55:00.722578,431263,34.52,34.51,700,2140,-19266,44006
856,COP,2020-10-07,0 days 15:55:01.720967,425829,34.52,34.51,914,1914,5434,-19266
857,COP,2020-10-07,0 days 15:55:36.723270,479653,34.48,34.47,3949,634,-43593,6841
858,COP,2020-10-07,0 days 15:55:37.723206,475846,34.46,34.45,703,2500,6182,-43593
859,COP,2020-10-07,0 days 15:56:10.724636,507395,34.45,34.44,2150,2505,-635,115
860,COP,2020-10-07,0 days 15:56:11.724397,503980,34.45,34.44,2250,2505,3415,-635
861,COP,2020-10-07,0 days 15:56:20.724803,507395,34.46,34.45,2494,580,-12985,2215
862,COP,2020-10-07,0 days 15:56:21.725131,504080,34.46,34.45,3499,500,3315,-12985
863,COP,2020-10-07,0 days 15:57:20.725915,517738,34.47,34.46,3602,900,-2251,949
864,COP,2020-10-07,0 days 15:57:21.725728,514789,34.46,34.45,2921,1114,2949,-2251
865,COP,2020-10-07,0 days 15:57:26.725954,517738,34.46,34.45,3990,839,-8151,2549
866,COP,2020-10-07,0 days 15:57:27.725801,515139,34.45,34.44,2327,3300,2599,-8151
867,COP,2020-10-07,0 days 15:57:38.727094,518138,34.44,34.43,1710,2273,-4917,2583
868,COP,2020-10-07,0 days 15:57:47.728515,518138,34.44,34.43,2576,1600,-1517,4899
869,COP,2020-10-07,0 days 15:57:48.727005,517439,34.45,34.43,4151,2809,299,-1517
870,COP,2020-10-07,0 days 15:57:50.727155,518138,34.45,34.44,2092,1700,-1117,299
871,COP,2020-10-07,0 days 15:57:58.727816,518138,34.43,34.42,3041,1291,-1717,1883
872,COP,2020-10-07,0 days 15:57:59.727775,516755,34.43,34.42,2541,2091,1383,-1717
873,COP,2020-10-07,0 days 15:58:08.729560,514737,34.41,34.4,200,3209,-10675,8775
874,COP,2020-10-07,0 days 15:58:58.730733,518937,34.4,34.39,3484,1500,-1076,173
875,COP,2020-10-07,0 days 15:59:00.733219,517213,34.39,34.38,800,3000,1724,-376
876,COP,2020-10-07,0 days 15:59:02.732211,521330,34.39,34.38,2779,1565,-6815,2669
877,COP,2020-10-07,0 days 15:59:23.730477,589263,34.37,34.36,2500,2600,495,-605
878,COP,2020-10-07,0 days 15:59:38.730881,595858,34.36,34.35,2508,1807,-3009,3291
879,COP,2020-10-07,0 days 15:59:43.731963,602168,34.36,34.35,776,3080,-282,5518
880,COTY,2020-10-07,0 days 15:59:17.257075,350720,3.34,3.33,97249,26298,19338,-32601
881,COTY,2020-10-07,0 days 15:59:18.258423,345058,3.34,3.33,91899,78797,-5662,19338
882,COTY,2020-10-07,0 days 15:59:46.260092,374320,3.34,3.33,54257,88181,5242,-2962
883,COTY,2020-10-07,0 days 15:59:47.258917,369862,3.34,3.33,53957,82781,-4458,5242
884,CPRI,2020-10-07,0 days 15:57:33.237737,154131,20.52,20.51,845,1200,1027,-2573
885,CPRI,2020-10-07,0 days 15:57:34.237797,151358,20.52,20.51,600,1224,-2773,1027
886,CPRI,2020-10-07,0 days 15:58:02.240143,149720,20.51,20.5,1850,100,4338,-1073
887,CPRI,2020-10-07,0 days 15:58:03.240080,147858,20.51,20.5,1850,100,-462,4338
888,CPRI,2020-10-07,0 days 15:59:41.243004,190697,20.51,20.5,1400,700,9968,-1232
889,CPRI,2020-10-07,0 days 15:59:42.243338,188065,20.51,20.5,1100,1253,-232,9968
890,CPRI,2020-10-07,0 days 15:59:43.243743,190697,20.51,20.5,900,1253,1387,-232
891,CRK,2020-10-07,0 days 15:57:37.242769,111644,5.32,5.31,4100,3900,16314,-22866
892,CRK,2020-10-07,0 days 15:57:38.242628,109558,5.32,5.31,3100,5433,-2086,16314
893,CRK,2020-10-07,0 days 15:57:53.242181,112444,5.32,5.31,5600,3333,914,-2286
894,CRK,2020-10-07,0 days 15:58:02.243924,110358,5.32,5.31,5500,3920,-5286,914
895,CRK,2020-10-07,0 days 15:59:01.247160,133745,5.3,5.29,4654,3230,1013,-3287
896,CRK,2020-10-07,0 days 15:59:05.248405,129960,5.3,5.29,3854,4550,-2300,415
897,CRK,2020-10-07,0 days 15:59:07.248623,129923,5.3,5.29,4974,4130,37,-2300
898,CRK,2020-10-07,0 days 15:59:09.248761,129960,5.3,5.29,3874,4330,-2863,37
899,CRK,2020-10-07,0 days 15:59:17.246319,132823,5.3,5.29,3554,5289,3543,-2786
900,CRK,2020-10-07,0 days 15:59:18.246792,131515,5.3,5.29,3554,4269,-36,3543
901,CRK,2020-10-07,0 days 15:59:19.247032,132823,5.3,5.29,3654,4169,3944,-36
902,CRK,2020-10-07,0 days 15:59:38.247451,137116,5.3,5.29,4585,5600,4551,-1249
903,CRK,2020-10-07,0 days 15:59:39.247644,135867,5.3,5.29,4585,5700,-1249,4551
904,CRK,2020-10-07,0 days 15:59:43.247170,137116,5.3,5.29,5285,3744,551,-1249
905,CRK,2020-10-07,0 days 15:59:46.249691,136667,5.3,5.29,4905,1952,-1532,5951
906,CRM,2020-10-07,0 days 15:59:34.240831,420046,260.38,260.34,100,1291,-7689,14667
907,CRM,2020-10-07,0 days 15:59:35.241409,417935,260.36,260.34,200,913,2111,-7689
908,CRM,2020-10-07,0 days 15:59:40.242249,420046,260.41,260.35,800,200,-21581,2046
909,CRM,2020-10-07,0 days 15:59:42.242062,419326,260.42,260.36,573,100,720,-246
910,CRM,2020-10-07,0 days 15:59:44.242069,420368,260.47,260.43,100,600,-423,977
911,CRM,2020-10-07,0 days 15:59:48.244540,399847,260.32,260.17,2211,1103,21213,-3775
912,CS,2020-10-07,0 days 15:57:11.250894,98849,10.51,10.5,15200,65974,1376,-516
913,CS,2020-10-07,0 days 15:57:12.250629,93925,10.51,10.5,10300,65974,-4924,1376
914,CTVA,2020-10-07,0 days 15:59:18.244089,1248807,30.63,30.62,600,1446,-44802,20738
915,CTVA,2020-10-07,0 days 15:59:19.243464,1239409,30.62,30.61,1500,332,2666,-44802
916,CTVA,2020-10-07,0 days 15:59:21.243601,1307642,30.58,30.56,6800,2460,-157952,1466
917,CTVA,2020-10-07,0 days 15:59:46.246274,1505139,30.59,30.58,3200,1693,4238,-136096
918,CTVA,2020-10-07,0 days 15:59:47.244664,1507177,30.59,30.58,2400,1243,-34490,4238
919,CUK,2020-10-07,0 days 15:55:00.247602,41963,13.75,13.74,418,941,2457,-7528
920,CUK,2020-10-07,0 days 15:58:48.257231,49729,13.73,13.72,1259,633,-3738,2087
921,CUK,2020-10-07,0 days 15:58:49.255942,47867,13.73,13.72,1259,510,1162,-3738
922,CUK,2020-10-07,0 days 15:59:07.258915,49729,13.72,13.71,200,1600,-504,566
923,CUK,2020-10-07,0 days 15:59:08.259139,48433,13.73,13.71,573,1800,1296,-504
924,CVE,2020-10-07,0 days 15:58:21.255043,23834,3.87,3.86,118668,215846,902,-5398
925,CVS,2020-10-07,0 days 15:59:16.259086,670665,59.52,59.51,800,1480,12151,-42843
926,CVS,2020-10-07,0 days 15:59:17.258784,667016,59.51,59.5,1846,1001,-2895,12151
927,CVS,2020-10-07,0 days 15:59:23.258902,654517,59.47,59.46,200,1503,-4144,9371
928,CVX,2020-10-07,0 days 15:59:16.257734,2527901,73.7,73.69,159,400,108872,-99894
929,CVX,2020-10-07,0 days 15:59:55.259346,2629139,73.82,73.81,779,4900,-151332,56639
930,CVX,2020-10-07,0 days 15:59:58.262201,2763900,73.82,73.78,592,300,70073,-136498
931,CX,2020-10-07,0 days 15:59:36.328379,96807,3.88,3.87,216748,51900,2093,-10107
932,D,2020-10-07,0 days 15:55:00.232738,280973,81.06,81.02,200,652,-1958,72289
933,D,2020-10-07,0 days 15:55:05.233387,282931,81.0,80.97,301,500,564,-258
934,D,2020-10-07,0 days 15:55:06.235693,282695,80.99,80.97,100,517,-236,564
935,D,2020-10-07,0 days 15:55:07.235388,282931,80.99,80.97,100,517,64,-236
936,D,2020-10-07,0 days 15:55:08.234320,282695,81.0,80.98,302,350,-236,64
937,D,2020-10-07,0 days 15:55:10.233840,282931,81.0,80.98,201,726,270,-236
938,D,2020-10-07,0 days 15:55:12.234909,282856,81.0,80.98,201,1021,-75,325
939,D,2020-10-07,0 days 15:55:39.235729,283073,81.08,81.05,200,200,883,-117
940,D,2020-10-07,0 days 15:55:40.235977,283956,81.08,81.06,100,317,-74,883
941,D,2020-10-07,0 days 15:55:42.235458,284151,81.08,81.06,307,700,505,-74
942,D,2020-10-07,0 days 15:56:09.236042,285491,81.09,81.07,115,300,-62,1238
943,D,2020-10-07,0 days 15:56:20.236765,285553,81.11,81.09,300,415,6238,-62
944,D,2020-10-07,0 days 15:57:34.239336,292713,81.17,81.15,654,500,-567,2962
945,D,2020-10-07,0 days 15:57:36.239237,290357,81.14,81.13,100,200,3956,-567
946,D,2020-10-07,0 days 15:57:37.239590,292713,81.16,81.13,1774,600,-1867,3956
947,D,2020-10-07,0 days 15:57:45.241055,292713,81.15,81.13,100,400,-1867,1056
948,D,2020-10-07,0 days 15:57:46.240308,291657,81.14,81.12,100,300,1056,-1867
949,D,2020-10-07,0 days 15:57:54.240231,292713,81.16,81.12,1300,200,-144,2056
950,D,2020-10-07,0 days 15:58:04.240920,292957,81.09,81.07,200,200,385,-244
951,D,2020-10-07,0 days 15:58:05.241439,292242,81.09,81.07,200,200,-715,385
952,D,2020-10-07,0 days 15:58:15.241706,293057,81.11,81.08,100,100,183,-117
953,D,2020-10-07,0 days 15:59:21.243485,368244,81.13,81.06,100,908,-3214,13925
954,D,2020-10-07,0 days 15:59:22.242762,363758,81.13,81.06,100,600,4486,-3214
955,D,2020-10-07,0 days 15:59:34.243367,383023,81.09,81.05,100,569,-10233,9007
956,D,2020-10-07,0 days 15:59:35.243471,378956,81.08,81.05,300,100,4067,-10233
957,D,2020-10-07,0 days 15:59:45.245279,383023,81.09,81.06,300,500,-8940,4160
958,D,2020-10-07,0 days 15:59:46.246121,380963,81.09,81.03,300,100,2756,-8940
959,DAL,2020-10-07,0 days 15:58:02.257417,555694,32.16,32.15,1600,8733,18563,-5440
960,DAL,2020-10-07,0 days 15:58:03.257716,547657,32.16,32.15,4268,6861,-8037,18563
961,DAL,2020-10-07,0 days 15:58:50.259708,553876,32.15,32.14,9100,6877,1910,-10206
962,DAL,2020-10-07,0 days 15:58:51.259742,547386,32.15,32.14,2900,7480,-6490,1910
963,DAL,2020-10-07,0 days 15:59:05.260082,549329,32.15,32.14,5767,4577,2968,-1691
964,DAL,2020-10-07,0 days 15:59:06.260692,535697,32.16,32.15,6462,3837,-12098,2968
965,DAL,2020-10-07,0 days 15:59:07.260818,545079,32.16,32.15,7890,7700,7118,-12098
966,DAL,2020-10-07,0 days 15:59:08.260830,541852,32.16,32.15,3800,6200,-7578,7118
967,DAL,2020-10-07,0 days 15:59:16.259213,554651,32.15,32.14,2010,5129,25626,-4383
968,DB,2020-10-07,0 days 15:59:17.259039,54288,9.23,9.22,81169,63756,8125,-2996
969,DD,2020-10-07,0 days 15:59:29.255781,684768,57.71,57.68,100,900,-16063,12316
970,DDD,2020-10-07,0 days 15:55:05.245642,175240,6.42,6.41,4701,5100,-103028,3698
971,DDD,2020-10-07,0 days 15:58:09.252617,267891,6.37,6.36,2417,7715,2465,-4303
972,DDD,2020-10-07,0 days 15:58:10.251798,263956,6.37,6.36,2017,7715,-3935,2465
973,DFS,2020-10-07,0 days 15:55:03.246968,194472,63.99,63.97,400,100,136,-1058
974,DFS,2020-10-07,0 days 15:55:04.246327,193508,63.99,63.97,400,228,-964,136
975,DFS,2020-10-07,0 days 15:55:23.249328,194472,63.93,63.9,200,400,380,-400
976,DFS,2020-10-07,0 days 15:55:24.247935,193657,63.93,63.9,200,402,-815,380
977,DFS,2020-10-07,0 days 15:56:51.250333,206547,63.92,63.89,500,300,3641,-236
978,DFS,2020-10-07,0 days 15:56:52.249954,205488,63.92,63.89,524,300,-1059,3641
979,DFS,2020-10-07,0 days 15:58:00.254841,219677,63.83,63.81,126,354,2808,-1391
980,DFS,2020-10-07,0 days 15:58:01.253988,218785,63.82,63.8,337,364,-892,2808
981,DFS,2020-10-07,0 days 15:58:03.253800,219777,63.79,63.77,300,128,308,-992
982,DFS,2020-10-07,0 days 15:58:04.253686,218785,63.79,63.76,553,200,-1092,308
983,DFS,2020-10-07,0 days 15:59:09.257772,223100,63.78,63.73,300,100,1846,-406
984,DFS,2020-10-07,0 days 15:59:20.257967,226714,63.79,63.72,700,400,-464,2714
985,DFS,2020-10-07,0 days 15:59:45.260551,246068,63.77,63.73,300,430,2155,-653
986,DFS,2020-10-07,0 days 15:59:46.260242,245883,63.77,63.73,500,430,-200,2155
987,DIS,2020-10-07,0 days 15:55:37.253571,468715,123.0,122.99,200,400,-99,2097
988,DIS,2020-10-07,0 days 15:55:38.252788,467581,123.01,123.0,2118,100,1523,-99
989,DIS,2020-10-07,0 days 15:59:06.260692,521543,123.0,122.99,200,675,-349,1358
990,DIS,2020-10-07,0 days 15:59:10.261160,530362,122.97,122.96,300,300,6581,-6554
991,DIS,2020-10-07,0 days 15:59:11.260749,531943,123.0,122.98,700,300,-451,6581
992,DIS,2020-10-07,0 days 15:59:17.258989,532732,123.02,123.01,300,206,31065,-1047
993,DIS,2020-10-07,0 days 15:59:43.259418,583744,123.01,122.99,100,1450,-256,1800
994,DIS,2020-10-07,0 days 15:59:46.261458,596510,122.99,122.95,700,1100,7734,-12958
995,DIS,2020-10-07,0 days 15:59:47.259418,596044,122.99,122.97,200,214,-2759,7734
996,DIS,2020-10-07,0 days 15:59:48.262838,598567,122.94,122.92,400,500,64805,-2759
997,DKS,2020-10-07,0 days 15:55:00.247818,58596,61.0,60.93,200,293,-8629,12492
998,DKS,2020-10-07,0 days 15:55:01.247148,58125,60.99,60.93,308,300,471,-8629
999,DKS,2020-10-07,0 days 15:55:29.249060,58896,60.9,60.87,945,408,-65,435
1000,DKS,2020-10-07,0 days 15:55:30.249773,58461,60.91,60.89,496,100,435,-65
1001,DKS,2020-10-07,0 days 15:56:02.250503,61576,60.86,60.84,436,113,-3319,859
1002,DKS,2020-10-07,0 days 15:56:03.250161,61095,60.85,60.83,700,289,481,-3319
1003,DKS,2020-10-07,0 days 15:57:37.249963,70377,60.85,60.81,305,300,-622,578
1004,DKS,2020-10-07,0 days 15:57:38.249992,69299,60.85,60.81,412,300,1078,-622
1005,DKS,2020-10-07,0 days 15:57:58.251140,70477,60.76,60.75,115,200,-179622,678
1006,DKS,2020-10-07,0 days 15:59:06.255460,72583,60.7,60.67,520,400,-2573,1924
1007,DKS,2020-10-07,0 days 15:59:07.255537,71356,60.7,60.67,520,500,3793,-2573
1008,DKS,2020-10-07,0 days 15:59:31.256329,90743,60.78,60.69,100,1272,-190287,2113
1009,DKS,2020-10-07,0 days 15:59:36.255832,64230,60.7,60.69,200,300,28831,-163669
1010,DKS,2020-10-07,0 days 15:59:51.257669,99312,60.72,60.69,100,400,-169263,22437
1011,DOC,2020-10-07,0 days 15:56:30.241150,270343,18.32,18.31,4244,2281,-5403,597
1012,DOC,2020-10-07,0 days 15:56:31.241353,268346,18.32,18.31,4984,530,1997,-5403
1013,DOC,2020-10-07,0 days 15:59:17.246271,281184,18.31,18.3,4849,1868,-24092,1324
1014,DOC,2020-10-07,0 days 15:59:45.248105,301669,18.3,18.29,5066,954,7075,-2335
1015,DOC,2020-10-07,0 days 15:59:47.247543,310135,18.3,18.29,5266,1900,-845,1766
1016,DOC,2020-10-07,0 days 15:59:48.250085,309680,18.3,18.29,7066,155,859,-845
1017,DOW,2020-10-07,0 days 15:55:21.234715,528399,48.42,48.41,100,200,-7867,24433
1018,DOW,2020-10-07,0 days 15:57:38.240109,555507,48.4,48.39,600,1260,319,-2625
1019,DOW,2020-10-07,0 days 15:57:40.239704,537126,48.4,48.39,865,879,-18381,319
1020,DOW,2020-10-07,0 days 15:57:56.240189,555907,48.39,48.38,110,604,34586,-4514
1021,DOW,2020-10-07,0 days 15:57:57.240045,548871,48.4,48.38,219,604,-7036,34586
1022,DOW,2020-10-07,0 days 15:59:27.242745,573744,48.36,48.35,595,500,-3428,6172
1023,DRE,2020-10-07,0 days 15:55:00.234225,209361,39.1,39.09,500,1091,-19894,37959
1024,DRE,2020-10-07,0 days 15:56:51.236967,229951,39.05,39.04,1437,200,2144,-2545
1025,DRE,2020-10-07,0 days 15:56:52.236963,227595,39.05,39.04,2079,200,-2356,2144
1026,DRE,2020-10-07,0 days 15:58:55.240743,230129,39.02,39.0,1482,200,1956,-1244
1027,DRE,2020-10-07,0 days 15:59:11.239733,233024,39.03,39.01,781,900,237,-467
1028,DRE,2020-10-07,0 days 15:59:13.239956,231561,39.05,39.03,900,400,-1463,237
1029,DRI,2020-10-07,0 days 15:58:22.243791,396729,101.51,101.48,100,102,-168,3732
1030,DRI,2020-10-07,0 days 15:58:23.244625,392697,101.49,101.43,400,200,4032,-168
1031,DRI,2020-10-07,0 days 15:59:28.248359,397368,101.46,101.42,100,158,-198,198
1032,DRI,2020-10-07,0 days 15:59:35.246286,395974,101.47,101.43,750,100,1539,-53
1033,DRI,2020-10-07,0 days 15:59:45.247929,397513,101.56,101.51,400,300,-2558,739
1034,DT,2020-10-07,0 days 15:57:05.725918,311893,41.73,41.7,558,311,-6709,3005
1035,DT,2020-10-07,0 days 15:57:06.726067,307049,41.72,41.67,179,205,4844,-6709
1036,DT,2020-10-07,0 days 15:59:04.732871,337242,41.7,41.63,100,1300,-2902,3920
1037,DT,2020-10-07,0 days 15:59:05.732177,327744,41.7,41.63,100,1300,6398,-2902
1038,DT,2020-10-07,0 days 15:59:15.731615,338042,41.7,41.65,400,300,-29927,1787
1039,DT,2020-10-07,0 days 15:59:16.731858,337046,41.7,41.65,400,300,996,-29927
1040,DT,2020-10-07,0 days 15:59:32.730611,345349,41.7,41.64,300,100,-2297,5104
1041,DT,2020-10-07,0 days 15:59:42.732082,345841,41.72,41.66,100,105,1240,-492
1042,DUK,2020-10-07,0 days 15:55:39.723583,275260,91.4,91.38,400,327,5580,-559
1043,DUK,2020-10-07,0 days 15:55:40.723614,271240,91.4,91.39,400,201,-3089,5580
1044,DUK,2020-10-07,0 days 15:55:43.724090,274329,91.39,91.37,300,404,2406,-3089
1045,DUK,2020-10-07,0 days 15:55:44.723751,271875,91.41,91.4,100,549,-3385,2406
1046,DUK,2020-10-07,0 days 15:59:01.732071,279023,91.33,91.31,100,200,3965,-2498
1047,DVN,2020-10-07,0 days 15:55:00.233734,337051,9.9,9.89,5765,24646,1945,-41704
1048,DVN,2020-10-07,0 days 15:55:29.235035,341197,9.88,9.87,20551,6330,-329,4071
1049,DVN,2020-10-07,0 days 15:55:38.235524,341526,9.88,9.87,23319,8500,195,-328
1050,DVN,2020-10-07,0 days 15:56:20.236873,339884,9.87,9.86,19293,10946,-335,2585
1051,DVN,2020-10-07,0 days 15:56:21.236705,337138,9.87,9.86,19193,10046,2746,-335
1052,DVN,2020-10-07,0 days 15:57:25.238694,345507,9.87,9.86,21255,9300,-1531,1169
1053,DVN,2020-10-07,0 days 15:57:26.238940,342338,9.87,9.86,20855,10847,3169,-1531
1054,DVN,2020-10-07,0 days 15:57:36.239338,345507,9.87,9.86,19370,8775,-231,3169
1055,DVN,2020-10-07,0 days 15:57:38.240287,342938,9.87,9.86,17470,9814,2569,-3631
1056,DVN,2020-10-07,0 days 15:58:11.241315,347864,9.87,9.86,8313,16632,-1501,1399
1057,DVN,2020-10-07,0 days 15:58:28.242439,347864,9.87,9.86,10824,16982,-1101,1799
1058,DVN,2020-10-07,0 days 15:58:31.241939,346265,9.87,9.86,9524,17334,1599,-501
1059,DVN,2020-10-07,0 days 15:59:02.244617,306864,9.87,9.86,8358,14047,-32744,179
1060,DVN,2020-10-07,0 days 15:59:45.245477,424668,9.89,9.88,30111,5014,4577,-3257
1061,DVN,2020-10-07,0 days 15:59:47.244680,406345,9.88,9.87,11200,29658,-1695,15105
1062,EGO,2020-10-07,0 days 15:57:33.242803,30432,10.87,10.86,19250,3716,-232,68
1063,EGO,2020-10-07,0 days 15:59:36.246532,34455,10.86,10.85,1300,27075,-1360,1940
1064,EGO,2020-10-07,0 days 15:59:46.249381,38255,10.87,10.86,16259,3621,-489,11
1065,EIX,2020-10-07,0 days 15:55:55.320373,218765,55.06,55.05,1044,700,8979,-3543
1066,EIX,2020-10-07,0 days 15:55:56.321311,216344,55.06,55.05,615,790,-2421,8979
1067,EIX,2020-10-07,0 days 15:56:28.321022,218865,55.08,55.07,608,857,1088,-912
1068,EIX,2020-10-07,0 days 15:56:29.321108,217053,55.08,55.07,1315,857,-1812,1088
1069,EIX,2020-10-07,0 days 15:57:06.323464,223244,55.08,55.07,1308,696,857,-943
1070,EIX,2020-10-07,0 days 15:57:07.322735,221801,55.08,55.07,1308,308,-1443,857
1071,EIX,2020-10-07,0 days 15:57:41.322457,237044,55.08,55.07,1406,653,1045,-2138
1072,EIX,2020-10-07,0 days 15:57:42.322321,234489,55.08,55.07,1206,653,-2555,1045
1073,EIX,2020-10-07,0 days 15:58:39.326122,248444,55.05,55.03,896,600,5932,-3792
1074,EIX,2020-10-07,0 days 15:58:40.326624,242776,55.05,55.03,896,600,-1968,5932
1075,EIX,2020-10-07,0 days 15:59:00.328595,244744,55.04,55.02,450,747,2155,-62
1076,EIX,2020-10-07,0 days 15:59:01.326906,242499,55.04,55.03,422,663,-1545,2155
1077,EIX,2020-10-07,0 days 15:59:31.328775,247223,55.03,55.01,300,269,67,-633
1078,EIX,2020-10-07,0 days 15:59:35.329445,245417,55.03,55.01,500,306,-1806,67
1079,EIX,2020-10-07,0 days 15:59:54.331070,251332,54.99,54.96,100,162,112,-4088
1080,ELAN,2020-10-07,0 days 15:59:45.332168,1551882,32.04,32.03,286,600,-16837,10537
1081,ELAN,2020-10-07,0 days 15:59:46.330680,1516105,32.02,31.98,100,800,45897,-16837
1082,ELAN,2020-10-07,0 days 15:59:48.331740,1563585,32.03,32.01,100,600,-38245,20697
1083,ELAN,2020-10-07,0 days 15:59:49.332113,1556330,32.01,31.97,100,1700,2852,-38245
1084,ELAN,2020-10-07,0 days 15:59:58.331653,1549341,32.11,32.0,900,2804,-12801,2751
1085,ELAN,2020-10-07,0 days 15:59:59.330618,1556331,32.11,32.0,900,400,2851,-12801
1086,ELAN,2020-10-07,0 days 16:00:00.329612,1556441,32.11,32.04,800,500,-5833,2851
1087,ELY,2020-10-07,0 days 15:57:11.235911,147557,20.15,20.14,999,400,-1023,277
1088,ELY,2020-10-07,0 days 15:58:05.238715,148596,20.14,20.13,1521,300,1121,-1039
1089,ELY,2020-10-07,0 days 15:58:06.238437,147917,20.14,20.13,1521,300,-3630,1121
1090,ELY,2020-10-07,0 days 15:58:48.240436,151850,20.12,20.1,1522,500,18,-121
1091,ELY,2020-10-07,0 days 15:58:49.240091,151368,20.12,20.1,1516,500,-482,18
1092,ELY,2020-10-07,0 days 15:58:51.240394,151850,20.1,20.09,100,1044,18,-482
1093,ELY,2020-10-07,0 days 15:58:52.240252,151368,20.1,20.09,100,1444,-282,18
1094,ELY,2020-10-07,0 days 15:59:15.242410,166608,20.1,20.08,1281,600,9148,-2771
1095,ELY,2020-10-07,0 days 15:59:16.240642,166556,20.1,20.09,481,1241,-52,9148
1096,EMR,2020-10-07,0 days 15:55:00.246675,314912,69.08,69.07,100,644,-14959,8521
1097,EMR,2020-10-07,0 days 15:55:10.247898,317471,69.03,69.0,600,507,190,-170
1098,EMR,2020-10-07,0 days 15:55:11.247174,317422,69.03,69.0,600,407,-49,190
1099,EMR,2020-10-07,0 days 15:55:14.248966,317471,69.03,69.0,600,207,311,-49
1100,EMR,2020-10-07,0 days 15:55:41.249509,318009,69.0,68.99,184,456,-306,196
1101,EMR,2020-10-07,0 days 15:55:42.249657,345315,69.03,69.01,900,1300,2394,-306
1102,EMR,2020-10-07,0 days 15:57:20.250067,352665,69.03,69.02,523,247,-1108,1392
1103,EMR,2020-10-07,0 days 15:57:21.249343,351173,69.03,69.01,923,200,1492,-1108
1104,EMR,2020-10-07,0 days 15:57:48.249782,352665,69.0,68.99,201,405,-1108,992
1105,EMR,2020-10-07,0 days 15:57:49.250234,351073,69.0,68.99,300,500,1592,-1108
1106,EMR,2020-10-07,0 days 15:58:24.252947,353620,68.97,68.95,948,800,-495,1405
1107,EMR,2020-10-07,0 days 15:58:42.253357,353143,68.99,68.96,1093,200,477,-723
1108,EMR,2020-10-07,0 days 15:59:04.255134,354047,68.94,68.91,593,100,-2054,353
1109,EMR,2020-10-07,0 days 15:59:05.255211,353501,68.94,68.93,399,506,546,-2054
1110,EMR,2020-10-07,0 days 15:59:28.255772,361341,68.94,68.92,200,100,-55,542
1111,EMR,2020-10-07,0 days 15:59:46.257398,365954,68.95,68.91,320,100,10679,-4170
1112,ENB,2020-10-07,0 days 15:57:17.725782,53062,29.26,29.25,10512,2090,-3068,2232
1113,ENB,2020-10-07,0 days 15:57:18.726218,50630,29.26,29.25,10921,1690,2432,-3068
1114,ENB,2020-10-07,0 days 15:57:26.725954,53062,29.26,29.25,10020,3694,-2812,1683
1115,ENB,2020-10-07,0 days 15:57:27.725801,51174,29.26,29.25,10609,3194,1888,-2812
1116,ENB,2020-10-07,0 days 15:59:07.734383,51187,29.23,29.22,8280,805,-6371,1035
1117,ENB,2020-10-07,0 days 15:59:08.732856,50358,29.23,29.22,8632,805,829,-6371
1118,ENB,2020-10-07,0 days 15:59:17.730407,51187,29.23,29.22,2169,10241,-3302,729
1119,ENB,2020-10-07,0 days 15:59:19.731035,50689,29.23,29.22,3721,7616,498,-702
1120,ENB,2020-10-07,0 days 15:59:29.731086,51187,29.23,29.22,1346,9553,-55,298
1121,ENB,2020-10-07,0 days 15:59:30.730851,50742,29.23,29.22,1289,11421,445,-55
1122,ENB,2020-10-07,0 days 15:59:45.732051,51187,29.23,29.22,2500,13946,-3565,145
1123,EOG,2020-10-07,0 days 15:56:03.724204,414976,36.72,36.71,995,400,873,-1648
1124,EOG,2020-10-07,0 days 15:56:04.724336,406949,36.72,36.71,1095,200,-7974,873
1125,EOG,2020-10-07,0 days 15:57:33.726653,429190,36.76,36.75,1705,230,2020,-1780
1126,EOG,2020-10-07,0 days 15:57:34.726776,422010,36.76,36.75,1805,230,-7180,2020
1127,EOG,2020-10-07,0 days 15:59:05.732177,435174,36.72,36.71,358,1100,1159,-2966
1128,EOG,2020-10-07,0 days 15:59:07.734350,430640,36.72,36.71,691,500,-4481,2612
1129,EOG,2020-10-07,0 days 15:59:08.732793,435174,36.73,36.72,839,636,35386,-4481
1130,EOG,2020-10-07,0 days 15:59:09.732714,433655,36.73,36.72,680,227,-1466,35386
1131,EOG,2020-10-07,0 days 15:59:28.731074,442073,36.74,36.73,442,300,58,-180
1132,EOG,2020-10-07,0 days 15:59:29.731044,442131,36.74,36.73,717,200,-4946,58
1133,EPD,2020-10-07,0 days 15:59:46.249261,144985,16.44,16.43,26483,6100,10606,-5814
1134,EPD,2020-10-07,0 days 15:59:47.247423,141691,16.44,16.43,15783,4800,-3294,10606
1135,EQH,2020-10-07,0 days 15:55:37.253420,671000,20.23,20.22,1066,3208,-829,1025
1136,EQH,2020-10-07,0 days 15:55:38.252678,678029,20.23,20.22,1066,3108,783,-829
1137,EQH,2020-10-07,0 days 15:55:55.253396,680512,20.25,20.24,1129,3001,-4678,2222
1138,EQH,2020-10-07,0 days 15:55:56.253445,678890,20.25,20.24,1029,3401,1622,-4678
1139,EQH,2020-10-07,0 days 15:57:35.255318,694071,20.21,20.2,2596,2272,-4819,2081
1140,EQH,2020-10-07,0 days 15:57:36.254976,693890,20.21,20.2,1934,1999,181,-4819
1141,EQH,2020-10-07,0 days 15:57:37.255066,694071,20.21,20.2,2924,1623,-4719,181
1142,EQH,2020-10-07,0 days 15:57:40.255168,696690,20.19,20.18,1613,1456,1024,-6776
1143,EQH,2020-10-07,0 days 15:57:54.255735,697290,20.18,20.17,1779,2000,424,-1276
1144,EQH,2020-10-07,0 days 15:57:55.255583,697714,20.18,20.17,1390,2100,-4376,424
1145,EQH,2020-10-07,0 days 15:59:08.260668,707405,20.16,20.15,300,1813,-2944,1690
1146,EQNR,2020-10-07,0 days 15:59:02.242783,29627,14.37,14.36,37429,7160,-1455,1802
1147,EQR,2020-10-07,0 days 15:55:00.247174,315382,54.81,54.8,290,560,-27384,116459
1148,EQR,2020-10-07,0 days 15:56:37.251143,322248,54.81,54.79,1496,996,88,-399
1149,EQR,2020-10-07,0 days 15:57:22.249467,326701,54.83,54.82,221,1432,-547,153
1150,EQR,2020-10-07,0 days 15:57:40.250184,331848,54.82,54.8,100,700,1153,-1347
1151,EQR,2020-10-07,0 days 15:57:41.250200,330901,54.83,54.81,669,312,-947,1153
1152,EQR,2020-10-07,0 days 15:57:43.250371,331848,54.83,54.81,809,412,1953,-947
1153,EQR,2020-10-07,0 days 15:57:44.250307,329101,54.82,54.81,100,312,-2747,1953
1154,EQR,2020-10-07,0 days 15:57:58.251108,334748,54.85,54.83,111,1190,776,-4024
1155,EQR,2020-10-07,0 days 15:57:59.251237,334000,54.85,54.83,226,1265,-748,776
1156,EQR,2020-10-07,0 days 15:59:08.255674,335895,54.82,54.79,201,867,5061,-2645
1157,EQR,2020-10-07,0 days 15:59:09.256517,351035,54.82,54.8,201,790,-394,5061
1158,EQR,2020-10-07,0 days 15:59:35.255420,352419,54.8,54.79,495,297,930,-527
1159,EQR,2020-10-07,0 days 15:59:36.255773,352249,54.8,54.79,495,297,-170,930
1160,EQR,2020-10-07,0 days 15:59:48.258761,360499,54.78,54.76,298,164,3350,-859
1161,EQT,2020-10-07,0 days 15:55:44.254079,256939,14.18,14.17,3447,1300,-3274,2249
1162,EQT,2020-10-07,0 days 15:55:45.253354,256013,14.18,14.17,3247,1400,826,-3274
1163,EQT,2020-10-07,0 days 15:56:37.254831,258338,14.16,14.15,1254,3540,-844,1056
1164,EQT,2020-10-07,0 days 15:56:38.256464,256682,14.16,14.15,3869,1233,1656,-844
1165,EQT,2020-10-07,0 days 15:57:37.255155,260538,14.15,14.14,4427,1113,-1444,1256
1166,EQT,2020-10-07,0 days 15:57:38.255096,259682,14.15,14.14,2790,1500,856,-1444
1167,EQT,2020-10-07,0 days 15:57:58.255869,260538,14.14,14.13,1836,3150,-444,2656
1168,EQT,2020-10-07,0 days 15:57:59.256448,257082,14.14,14.13,1736,2950,6056,-444
1169,EQT,2020-10-07,0 days 15:58:20.258061,261965,14.14,14.13,2231,1606,1170,-5330
1170,EQT,2020-10-07,0 days 15:58:25.258648,263135,14.14,14.13,3955,331,-430,1170
1171,EQT,2020-10-07,0 days 15:58:26.258278,261965,14.14,14.13,4721,331,1170,-430
1172,EQT,2020-10-07,0 days 15:58:32.258486,262065,14.14,14.13,2803,1300,1170,-1430
1173,EQT,2020-10-07,0 days 15:59:14.261005,308473,14.12,14.11,3538,1280,872,-12028
1174,EQT,2020-10-07,0 days 15:59:18.258833,301545,14.12,14.11,2877,3080,-5712,4872
1175,EQT,2020-10-07,0 days 15:59:38.260054,320491,14.14,14.13,2126,2950,3962,-3038
1176,EQT,2020-10-07,0 days 15:59:39.259847,317553,14.14,14.13,1500,3158,-2938,3962
1177,EQT,2020-10-07,0 days 15:59:44.259818,320491,14.14,14.13,1536,5196,4426,-2638
1178,EQT,2020-10-07,0 days 15:59:45.261300,317917,14.14,14.13,900,4812,-2574,4426
1179,EQT,2020-10-07,0 days 15:59:46.261431,329274,14.15,14.14,2900,1282,2926,-2574
1180,EQT,2020-10-07,0 days 15:59:47.259418,327000,14.15,14.14,2800,1782,-2274,2926
1181,ERJ,2020-10-07,0 days 15:59:36.243414,27729,4.48,4.47,44142,10672,5021,-9079
1182,ESI,2020-10-07,0 days 15:55:18.318450,156390,12.25,12.24,4554,6900,3837,-2501
1183,ESI,2020-10-07,0 days 15:55:41.319316,157763,12.24,12.23,12717,1800,-1357,1185
1184,ESI,2020-10-07,0 days 15:57:37.322589,163938,12.2,12.19,3743,6085,9240,-760
1185,ESI,2020-10-07,0 days 15:58:07.323282,170878,12.2,12.19,7267,961,-34,4854
1186,ESI,2020-10-07,0 days 15:58:27.324804,172712,12.2,12.19,6612,1883,1166,-34
1187,ET,2020-10-07,0 days 15:59:36.246351,123372,5.5,5.49,56503,45508,9745,-11655
1188,ET,2020-10-07,0 days 15:59:37.246203,122717,5.5,5.49,55253,45508,-655,9745
1189,ETRN,2020-10-07,0 days 15:55:27.234940,215075,8.29,8.28,4503,4445,53,-12
1190,ETRN,2020-10-07,0 days 15:57:14.236420,234242,8.3,8.29,7407,2400,-340,1810
1191,ETRN,2020-10-07,0 days 15:57:15.235513,232382,8.3,8.29,7265,3500,1860,-340
1192,ETRN,2020-10-07,0 days 15:57:52.236400,238649,8.3,8.29,7266,2584,-33,2267
1193,ETRN,2020-10-07,0 days 15:57:55.236871,235782,8.3,8.29,7266,2884,2867,-33
1194,ETRN,2020-10-07,0 days 15:58:02.237368,221250,8.3,8.29,8443,2330,-4732,4467
1195,ETRN,2020-10-07,0 days 15:58:03.238178,220582,8.3,8.29,8443,2430,668,-4732
1196,ETRN,2020-10-07,0 days 15:59:00.241956,238726,8.3,8.29,6680,1701,-55,1875
1197,ETRN,2020-10-07,0 days 15:59:02.241338,238781,8.3,8.29,7280,1475,1645,-55
1198,ETRN,2020-10-07,0 days 15:59:08.242044,265651,8.29,8.28,10600,1088,-29730,3070
1199,EVRI,2020-10-07,0 days 15:56:37.254844,85680,8.54,8.53,15764,1632,1088,-712
1200,EVRI,2020-10-07,0 days 15:56:38.256480,83168,8.54,8.53,15697,1632,-2412,1088
1201,EVRI,2020-10-07,0 days 15:59:37.259740,90818,8.53,8.52,6213,1500,435,-387
1202,EVRI,2020-10-07,0 days 15:59:47.259430,89724,8.52,8.51,1900,5050,-1094,3306
1203,EXK,2020-10-07,0 days 15:59:01.327222,12460,3.35,3.34,63119,64765,260,-1860
1204,EXK,2020-10-07,0 days 15:59:36.328652,15261,3.35,3.34,83819,81965,-2299,2801
1205,EXK,2020-10-07,0 days 15:59:37.329083,15060,3.35,3.34,84219,81565,201,-2299
1206,EXPR,2020-10-07,0 days 15:57:58.727816,31357,0.7,0.69,200,30837,-3169,9731
1207,EXPR,2020-10-07,0 days 15:59:50.733650,50113,0.7,0.69,6696,33816,5315,-12336
1208,EXPR,2020-10-07,0 days 15:59:53.732267,60398,0.7,0.69,6396,3516,-1166,5315
1209,EXPR,2020-10-07,0 days 15:59:58.733447,50113,0.7,0.69,6396,3716,10285,-32236
1210,F,2020-10-07,0 days 15:55:00.234648,2101180,7.24,7.23,135905,349607,-201686,250092
1211,F,2020-10-07,0 days 15:59:04.242561,2385678,7.24,7.23,508844,807078,15434,-64690
1212,F,2020-10-07,0 days 15:59:46.241967,2467746,7.25,7.24,589578,598825,1492,-33708
1213,F,2020-10-07,0 days 15:59:48.243619,2469238,7.25,7.24,603945,599078,-7667,1492
1214,FBP,2020-10-07,0 days 15:59:15.330401,407751,6.24,6.23,4057,8157,-20680,15430
1215,FBP,2020-10-07,0 days 15:59:16.328244,385111,6.24,6.23,8870,7500,22640,-20680
1216,FBP,2020-10-07,0 days 15:59:36.328534,409979,6.24,6.23,1466,14131,-2333,3940
1217,FBP,2020-10-07,0 days 15:59:38.328649,405454,6.24,6.23,10802,2200,4525,-5475
1218,FCAU,2020-10-07,0 days 15:57:58.727827,35400,12.61,12.6,23749,17642,12796,-1504
1219,FCAU,2020-10-07,0 days 15:57:59.727786,33896,12.61,12.6,21736,18842,-1504,12796
1220,FCAU,2020-10-07,0 days 15:59:45.732083,37235,12.61,12.6,28974,17630,2334,-1244
1221,FCAU,2020-10-07,0 days 15:59:46.732179,36469,12.61,12.6,28774,16430,-1718,2334
1222,FCX,2020-10-07,0 days 15:56:14.250123,555909,16.87,16.86,19477,20293,-16603,148985
1223,FCX,2020-10-07,0 days 15:56:15.250244,544312,16.87,16.86,24077,11901,11597,-16603
1224,FCX,2020-10-07,0 days 15:59:46.257514,714220,16.88,16.87,7981,46204,-5769,7679
1225,FDX,2020-10-07,0 days 15:56:00.321215,97759,268.53,268.39,100,100,-995,505
1226,FDX,2020-10-07,0 days 15:56:01.322135,97254,268.46,268.29,100,200,505,-995
1227,FDX,2020-10-07,0 days 15:57:30.323255,99085,268.56,268.45,200,200,-1198,302
1228,FDX,2020-10-07,0 days 15:57:31.322592,98783,268.56,268.48,200,100,302,-1198
1229,FDX,2020-10-07,0 days 15:57:33.322193,99085,268.56,268.48,201,200,-598,302
1230,FDX,2020-10-07,0 days 15:57:37.322461,98683,268.57,268.41,100,100,1502,-98
1231,FDX,2020-10-07,0 days 15:57:42.322321,99885,268.58,268.47,100,100,-598,102
1232,FDX,2020-10-07,0 days 15:57:43.322326,99783,268.58,268.36,100,142,102,-598
1233,FDX,2020-10-07,0 days 15:57:45.322164,99885,268.54,268.36,200,142,-398,102
1234,FDX,2020-10-07,0 days 15:57:46.322050,99083,268.55,268.36,100,142,802,-398
1235,FDX,2020-10-07,0 days 15:57:48.323129,99885,268.58,268.36,100,142,-498,202
