,Symbol,Timestamp,TIME,iPaired,Ask_P,Bid_P,Ask_S,Bid_S,iShares,PreviShares
0,AA,2020-08-26,0 days 15:55:55.382067,131147,15.1,15.09,10685,3976,947,-3696
1,AA,2020-08-26,0 days 15:55:56.384493,126494,15.09,15.08,10277,15899,-4653,947
2,AA,2020-08-26,0 days 15:59:17.870186,145526,15.07,15.06,25389,8213,2571,-4074
3,AA,2020-08-26,0 days 15:59:18.872393,141497,15.07,15.06,23887,8872,-4029,2571
4,AA,2020-08-26,0 days 15:59:32.906217,145526,15.07,15.06,14496,18779,14094,-1729
5,AA,2020-08-26,0 days 15:59:33.908457,142720,15.07,15.06,15655,18679,-2806,14094
6,AA,2020-08-26,0 days 15:59:45.937610,149322,15.08,15.07,6416,23010,2969,-3633
7,AA,2020-08-26,0 days 15:59:46.940043,147591,15.08,15.07,5834,22710,-1731,2969
8,ABBV,2020-08-26,0 days 15:59:05.752811,631164,94.36,94.35,100,2042,1815,-21001
9,ABBV,2020-08-26,0 days 15:59:06.754934,632979,94.36,94.35,1300,376,-1357,1815
10,ABBV,2020-08-26,0 days 15:59:08.759437,634164,94.34,94.32,1300,1100,7683,-237
11,ABEV,2020-08-26,0 days 15:59:36.737285,217785,2.28,2.27,290269,1396475,-105362,126638
12,ABEV,2020-08-26,0 days 15:59:37.740725,211447,2.28,2.27,318868,1365775,6338,-105362
13,ABEV,2020-08-26,0 days 15:59:45.759537,217785,2.28,2.27,164633,1334991,-2690,3582
14,ABEV,2020-08-26,0 days 15:59:48.766373,213675,2.28,2.27,162729,1399827,3233,-2411
15,ABT,2020-08-26,0 days 15:59:15.686437,491463,103.16,103.15,443,599,-14095,329
16,ABT,2020-08-26,0 days 15:59:16.687457,487741,103.16,103.15,983,300,3722,-14095
17,ABT,2020-08-26,0 days 15:59:21.701116,491562,103.17,103.16,400,400,-847,1696
18,ABT,2020-08-26,0 days 15:59:23.705590,492509,103.17,103.16,605,222,971,-847
19,ABT,2020-08-26,0 days 15:59:30.722675,504660,103.2,103.19,200,800,-10873,125
20,ABT,2020-08-26,0 days 15:59:31.725629,501733,103.19,103.18,200,911,2927,-10873
21,ABT,2020-08-26,0 days 15:59:34.732264,505160,103.18,103.17,158,100,-15417,2696
22,ABT,2020-08-26,0 days 15:59:35.735376,503477,103.15,103.13,1518,700,1783,-15417
23,ABT,2020-08-26,0 days 15:59:40.748616,505260,103.17,103.16,404,1200,-2450,1149
24,ABT,2020-08-26,0 days 15:59:41.749893,504610,103.19,103.18,332,903,650,-2450
25,ACI,2020-08-26,0 days 15:56:05.229739,22804,14.69,14.68,1600,2080,-53,1120
26,ACI,2020-08-26,0 days 15:56:06.231814,22057,14.69,14.68,1600,2180,747,-53
27,ACI,2020-08-26,0 days 15:56:35.305559,22804,14.69,14.68,710,14313,-576,424
28,ACI,2020-08-26,0 days 15:56:36.304633,22180,14.69,14.68,710,14711,624,-576
29,ACI,2020-08-26,0 days 15:57:09.383215,25689,14.69,14.68,1310,14904,-391,729
30,ACI,2020-08-26,0 days 15:57:10.386452,24780,14.69,14.68,1510,4587,909,-391
31,ACI,2020-08-26,0 days 15:58:04.516539,26034,14.69,14.68,4589,3287,-1046,1454
32,ACI,2020-08-26,0 days 15:58:05.519420,25080,14.69,14.68,4289,3287,954,-1046
33,ACI,2020-08-26,0 days 15:59:04.663382,26034,14.69,14.68,3336,10362,-1346,1154
34,ACI,2020-08-26,0 days 15:59:05.665134,25280,14.69,14.68,3636,9762,2154,-1346
35,ACI,2020-08-26,0 days 15:59:45.759571,28448,14.7,14.69,20758,2675,-1068,112
36,ACI,2020-08-26,0 days 15:59:46.761853,27916,14.7,14.69,20458,3175,384,-1068
37,ADM,2020-08-26,0 days 15:56:19.290963,235980,44.51,44.5,1182,5632,-1181,1919
38,ADM,2020-08-26,0 days 15:56:20.293417,233561,44.5,44.49,4613,621,2419,-1181
39,ADM,2020-08-26,0 days 15:57:10.414049,236042,44.5,44.49,1172,5178,-3676,181
40,ADM,2020-08-26,0 days 15:57:11.416239,234218,44.5,44.49,1559,3378,1824,-3676
41,ADM,2020-08-26,0 days 15:57:35.474527,236042,44.5,44.49,5458,1697,-176,1624
42,ADM,2020-08-26,0 days 15:57:36.476604,234418,44.5,44.49,7458,1497,1624,-176
43,ADM,2020-08-26,0 days 15:57:50.511183,236469,44.5,44.49,7421,1797,-49,1624
44,ADM,2020-08-26,0 days 15:57:51.512974,234818,44.5,44.49,8121,1497,1224,-49
45,ADM,2020-08-26,0 days 15:58:01.538945,225204,44.49,44.48,5110,2046,-9257,2008
46,ADM,2020-08-26,0 days 15:58:02.541308,223261,44.48,44.47,2000,5885,1943,-9257
47,ADM,2020-08-26,0 days 15:58:08.556431,225496,44.48,44.47,2427,10528,-65,1135
48,ADM,2020-08-26,0 days 15:58:09.557859,224561,44.48,44.47,3314,9728,935,-65
49,ADM,2020-08-26,0 days 15:58:10.560556,225496,44.48,44.47,2714,10448,-615,935
50,ADM,2020-08-26,0 days 15:58:11.562911,224711,44.48,44.47,3214,9570,785,-615
51,ADM,2020-08-26,0 days 15:58:52.662378,225496,44.49,44.48,7580,1752,-1392,578
52,ADM,2020-08-26,0 days 15:58:53.664204,225288,44.49,44.48,7976,1650,208,-1392
53,ADM,2020-08-26,0 days 15:58:59.679056,225496,44.48,44.47,4803,629,-984,208
54,ADM,2020-08-26,0 days 15:59:00.684161,225335,44.48,44.47,4673,1830,254,-984
55,ADM,2020-08-26,0 days 15:59:17.721710,232119,44.49,44.48,1697,4104,5043,-10857
56,ADM,2020-08-26,0 days 15:59:28.748037,236520,44.49,44.48,3286,3508,215,-2085
57,ADM,2020-08-26,0 days 15:59:31.757128,237162,44.5,44.49,8800,216,-2929,215
58,AEG,2020-08-26,0 days 15:57:17.430705,8007,2.81,2.8,377763,185649,406,-44
59,AEO,2020-08-26,0 days 15:57:10.487376,128521,11.41,11.4,19974,10813,21,-565
60,AEO,2020-08-26,0 days 15:57:11.489514,127726,11.41,11.4,17823,12605,-795,21
61,AEO,2020-08-26,0 days 15:58:08.627824,129321,11.4,11.39,13729,26061,5246,-7154
62,AEO,2020-08-26,0 days 15:58:09.629814,128167,11.4,11.39,17924,28708,-1154,5246
63,AEO,2020-08-26,0 days 15:59:17.793961,130431,11.4,11.39,18737,30614,2211,-688
64,AEO,2020-08-26,0 days 15:59:18.796244,126942,11.4,11.39,20037,29154,-3489,2211
65,AES,2020-08-26,0 days 15:56:06.259229,473217,17.71,17.7,11088,10728,14718,-4182
66,AES,2020-08-26,0 days 15:56:07.261180,453635,17.71,17.7,9221,13322,-19582,14718
67,AES,2020-08-26,0 days 15:59:10.706372,485433,17.71,17.7,10158,24117,3488,-980
68,AES,2020-08-26,0 days 15:59:13.714109,489553,17.71,17.7,5801,25890,-96,3520
69,AES,2020-08-26,0 days 15:59:17.721438,492249,17.72,17.71,6420,15076,58331,-2396
70,AES,2020-08-26,0 days 15:59:18.724002,418780,17.73,17.72,20587,8022,-74479,58331
71,AES,2020-08-26,0 days 15:59:19.726574,493259,17.72,17.71,22723,16715,659,-74479
72,AES,2020-08-26,0 days 15:59:20.728907,485894,17.72,17.71,21376,14715,-7365,659
73,AES,2020-08-26,0 days 15:59:24.739678,493259,17.72,17.71,7707,21612,69576,-1257
74,AES,2020-08-26,0 days 15:59:25.740741,463915,17.73,17.72,9900,21803,-29644,69576
75,AES,2020-08-26,0 days 15:59:30.754164,494559,17.73,17.72,11930,17896,13626,-2924
76,AES,2020-08-26,0 days 15:59:31.756973,479185,17.73,17.72,9930,28610,-15374,13626
77,AES,2020-08-26,0 days 15:59:41.780257,514246,17.73,17.72,18221,26059,16439,-2261
78,AES,2020-08-26,0 days 15:59:42.783004,511785,17.73,17.72,17021,28359,-2461,16439
79,AES,2020-08-26,0 days 15:59:45.790233,514246,17.73,17.72,18320,20321,8802,-1561
80,AES,2020-08-26,0 days 15:59:46.789625,512348,17.73,17.72,18520,13201,-4888,8802
81,AES,2020-08-26,0 days 15:59:48.794116,520191,17.73,17.72,21961,13201,1866,-5090
82,AFL,2020-08-26,0 days 15:56:37.334678,308534,36.41,36.4,5927,3900,1731,-69
83,AFL,2020-08-26,0 days 15:56:38.336775,301765,36.41,36.4,5342,5745,-6769,1731
84,AFL,2020-08-26,0 days 15:57:46.500814,308534,36.4,36.39,7679,4195,2957,-1643
85,AFL,2020-08-26,0 days 15:57:47.503188,304991,36.4,36.39,7179,5895,-3543,2957
86,AFL,2020-08-26,0 days 15:58:56.670762,306178,36.4,36.39,10523,5638,-3118,382
87,AFL,2020-08-26,0 days 15:58:59.678804,309918,36.4,36.39,12123,5065,13421,-3681
88,AFL,2020-08-26,0 days 15:59:00.682271,308939,36.4,36.39,9707,7578,-1277,13421
89,AFL,2020-08-26,0 days 15:59:05.693840,304776,36.41,36.4,1286,6750,1022,-1386
90,AFL,2020-08-26,0 days 15:59:06.695845,305639,36.41,36.4,687,8435,-12368,1022
91,AFL,2020-08-26,0 days 15:59:17.721814,322841,36.42,36.41,5188,3953,23017,-2312
92,AFL,2020-08-26,0 days 15:59:18.725352,315458,36.43,36.42,2073,6894,-7383,23017
93,AFL,2020-08-26,0 days 15:59:24.738662,322885,36.43,36.42,3726,5607,35072,-1276
94,AG,2020-08-26,0 days 15:56:05.257015,68161,11.85,11.84,29820,33327,-1592,1234
95,AG,2020-08-26,0 days 15:56:06.259369,63953,11.85,11.84,29820,34027,4208,-1592
96,AG,2020-08-26,0 days 15:59:17.721625,74123,11.84,11.83,50793,15342,-496,3990
97,AG,2020-08-26,0 days 15:59:38.773328,71719,11.83,11.82,54269,12600,10450,-5496
98,AG,2020-08-26,0 days 15:59:46.789810,83369,11.81,11.8,34999,27434,-197,410
99,AG,2020-08-26,0 days 15:59:48.794279,80966,11.81,11.8,30799,25694,2403,-197
100,AGI,2020-08-26,0 days 15:59:37.824209,40293,10.21,10.2,15568,47558,-3423,1050
101,AIG,2020-08-26,0 days 15:55:43.204336,365123,29.07,29.06,3952,7490,3233,-1367
102,AIG,2020-08-26,0 days 15:55:44.206761,364705,29.07,29.06,4652,1236,-418,3233
103,AIG,2020-08-26,0 days 15:56:07.261287,365372,29.07,29.06,2107,10682,914,-614
104,AIG,2020-08-26,0 days 15:56:08.264673,364686,29.07,29.06,2107,10682,-686,914
105,AIG,2020-08-26,0 days 15:57:04.399192,366114,29.07,29.06,388,10787,3072,-1628
106,AIG,2020-08-26,0 days 15:57:05.401144,365386,29.07,29.06,288,10788,-728,3072
107,AIG,2020-08-26,0 days 15:57:52.515621,366114,29.05,29.04,7176,1298,1372,-1128
108,AIG,2020-08-26,0 days 15:57:53.517588,364986,29.05,29.04,5176,4806,-1128,1372
109,AIG,2020-08-26,0 days 15:58:21.586575,371214,29.08,29.07,5287,3708,2647,-553
110,AIG,2020-08-26,0 days 15:58:22.589007,368961,29.08,29.07,5787,3108,-2253,2647
111,AIG,2020-08-26,0 days 15:58:59.679071,362610,29.06,29.05,912,6666,-10804,11140
112,AIG,2020-08-26,0 days 15:59:05.693887,370447,29.07,29.06,1772,4156,1248,-3152
113,AIG,2020-08-26,0 days 15:59:06.696743,372205,29.07,29.06,472,5899,-25740,1248
114,AIG,2020-08-26,0 days 15:59:13.714318,400407,29.07,29.06,2849,3811,-1051,10374
115,AIG,2020-08-26,0 days 15:59:44.787896,420880,29.09,29.08,4049,9977,3333,-843
116,AIG,2020-08-26,0 days 15:59:47.791523,424148,29.09,29.08,3584,4833,-4416,2161
117,AIG,2020-08-26,0 days 15:59:49.796965,430458,29.08,29.07,3353,9080,4398,-3766
118,AIG,2020-08-26,0 days 15:59:50.800901,392756,29.08,29.07,2571,9127,-37702,4398
119,ALK,2020-08-26,0 days 15:55:14.191838,56299,36.67,36.66,906,1431,191,-237
120,ALK,2020-08-26,0 days 15:57:49.566315,61488,36.72,36.71,554,3418,-232,268
121,ALK,2020-08-26,0 days 15:57:51.571427,61220,36.72,36.71,557,599,268,-132
122,ALK,2020-08-26,0 days 15:57:58.588312,61593,36.71,36.7,1318,910,-27,373
123,ALK,2020-08-26,0 days 15:57:59.590748,61320,36.71,36.7,1563,910,273,-27
124,ALK,2020-08-26,0 days 15:58:00.594434,59101,36.7,36.69,255,500,-19,273
125,ALK,2020-08-26,0 days 15:58:01.596220,59094,36.71,36.69,1314,890,7,-19
126,ALK,2020-08-26,0 days 15:59:01.742621,60901,36.69,36.67,832,1003,-24,613
127,ALK,2020-08-26,0 days 15:59:02.744895,60927,36.69,36.67,932,1203,993,-24
128,ALK,2020-08-26,0 days 15:59:03.749074,61520,36.69,36.68,376,1120,-1313,993
129,ALK,2020-08-26,0 days 15:59:04.749990,62836,36.7,36.69,436,100,1684,-1313
130,ALK,2020-08-26,0 days 15:59:12.769640,63047,36.69,36.68,664,300,-406,1091
131,ALK,2020-08-26,0 days 15:59:13.772216,63456,36.69,36.68,763,600,4607,-406
132,ALK,2020-08-26,0 days 15:59:42.835642,66224,36.68,36.67,253,5186,-110,1688
133,ALK,2020-08-26,0 days 15:59:43.838506,66334,36.68,36.67,523,515,1790,-110
134,ALK,2020-08-26,0 days 15:59:50.857326,66424,36.69,36.67,200,4989,-519,2481
135,ALLY,2020-08-26,0 days 15:55:00.173139,75837,22.3,22.29,2337,4493,692,-16733
136,ALLY,2020-08-26,0 days 15:55:32.250494,76568,22.31,22.3,3599,6069,-2869,731
137,ALLY,2020-08-26,0 days 15:57:13.493055,85675,22.29,22.28,7202,2162,534,-919
138,ALLY,2020-08-26,0 days 15:57:14.495572,84809,22.29,22.28,7376,1441,-1066,534
139,ALLY,2020-08-26,0 days 15:59:12.783099,104120,22.31,22.3,4811,8256,-587,243
140,ALLY,2020-08-26,0 days 15:59:46.865921,104920,22.31,22.3,20658,2394,-485,4987
141,AM,2020-08-26,0 days 15:59:45.937871,76957,6.95,6.94,18185,42121,947,-853
142,AM,2020-08-26,0 days 15:59:46.940071,76104,6.95,6.94,11569,43821,-853,947
143,AMC,2020-08-26,0 days 15:55:01.074825,38753,5.59,5.58,7500,7601,-22232,13746
144,AMC,2020-08-26,0 days 15:55:02.074717,38185,5.59,5.58,8344,5601,568,-22232
145,AMC,2020-08-26,0 days 15:59:33.730158,44771,5.59,5.58,22675,12046,-1559,503
146,AMCR,2020-08-26,0 days 15:58:30.607936,632872,10.94,10.93,48586,40020,-44746,35254
147,AMCR,2020-08-26,0 days 15:58:31.610449,610218,10.94,10.93,48886,40397,22654,-44746
148,AMCR,2020-08-26,0 days 15:59:17.721841,647137,10.94,10.93,53542,23080,-9334,5411
149,AMCR,2020-08-26,0 days 15:59:18.725470,634627,10.94,10.93,53458,22979,12510,-9334
150,AMCR,2020-08-26,0 days 15:59:31.756002,647137,10.94,10.93,63536,33489,-6334,2590
151,AMCR,2020-08-26,0 days 15:59:32.757741,617971,10.94,10.93,64646,32798,29166,-6334
152,AMCR,2020-08-26,0 days 15:59:38.772427,647137,10.94,10.93,68399,28075,-91134,12066
153,AMCR,2020-08-26,0 days 15:59:39.774392,638371,10.94,10.93,66594,25675,8766,-91134
154,AMCR,2020-08-26,0 days 15:59:44.786507,647137,10.94,10.93,66313,16848,-3084,6066
155,AMCR,2020-08-26,0 days 15:59:47.793225,639321,10.94,10.93,68655,8081,7816,-8684
156,ANF,2020-08-26,0 days 15:56:26.380311,144153,11.14,11.13,20429,3949,356,-3644
157,ANF,2020-08-26,0 days 15:56:27.382862,143209,11.14,11.13,20942,3365,-944,356
158,ANF,2020-08-26,0 days 15:56:37.407143,144153,11.14,11.13,27078,1359,113,-44
159,ANF,2020-08-26,0 days 15:57:11.489455,141433,11.14,11.13,5475,8626,-2720,125
160,ANF,2020-08-26,0 days 15:57:28.528931,144153,11.14,11.13,9070,9114,5235,-2565
161,ANF,2020-08-26,0 days 15:57:29.532357,141988,11.14,11.13,8170,9714,-2190,5235
162,ANF,2020-08-26,0 days 15:58:36.694741,142339,11.14,11.13,12578,6696,1670,-124
163,ANF,2020-08-26,0 days 15:58:41.706667,139454,11.14,11.13,22790,6781,-1285,215
164,ANF,2020-08-26,0 days 15:59:01.755906,144139,11.13,11.12,27463,6470,1785,-5070
165,ANF,2020-08-26,0 days 15:59:02.758657,142624,11.13,11.12,9315,9922,-1515,1785
166,ANF,2020-08-26,0 days 15:59:10.778018,145174,11.13,11.12,18603,502,6650,-550
167,ANF,2020-08-26,0 days 15:59:11.780425,144069,11.13,11.12,17305,202,-1105,6650
168,AON,2020-08-26,0 days 15:57:36.548890,127193,195.69,195.65,300,300,327,-473
169,AON,2020-08-26,0 days 15:57:37.552241,123320,195.69,195.65,400,300,-3873,327
170,AON,2020-08-26,0 days 15:58:52.733557,128166,195.63,195.6,440,186,42,-958
171,AON,2020-08-26,0 days 15:58:59.751031,128208,195.61,195.57,1083,100,-82,42
172,AON,2020-08-26,0 days 15:59:00.755561,127055,195.59,195.52,319,400,1351,-82
173,AON,2020-08-26,0 days 15:59:01.755940,124206,195.58,195.54,100,200,-2849,1351
174,AON,2020-08-26,0 days 15:59:05.766222,121059,195.63,195.6,208,302,3147,-2849
175,AON,2020-08-26,0 days 15:59:06.768752,118444,195.69,195.63,500,300,-4653,3147
176,AON,2020-08-26,0 days 15:59:31.827864,129015,195.52,195.5,600,500,-112,1688
177,AON,2020-08-26,0 days 15:59:32.830900,129127,195.54,195.51,413,100,388,-112
178,AON,2020-08-26,0 days 15:59:48.871266,127634,195.46,195.4,444,700,-1518,260
179,AR,2020-08-26,0 days 15:58:59.678876,403918,3.51,3.5,76459,26281,2106,-6972
180,AR,2020-08-26,0 days 15:59:02.686050,381724,3.5,3.49,74645,54804,-18994,10206
181,ARMK,2020-08-26,0 days 15:59:40.860079,194617,24.91,24.9,340,2820,385,-915
182,ARMK,2020-08-26,0 days 15:59:46.875436,191860,24.92,24.91,7412,814,-3603,6943
183,ATUS,2020-08-26,0 days 15:56:23.374034,161581,26.9,26.89,12342,4500,-2181,819
184,ATUS,2020-08-26,0 days 15:59:00.755271,169449,26.94,26.93,13406,13712,15219,-4615
185,ATUS,2020-08-26,0 days 15:59:01.755742,148868,26.94,26.93,13206,13535,-21029,15219
186,ATUS,2020-08-26,0 days 15:59:45.862789,175029,26.94,26.93,6106,13751,8507,-790
187,ATUS,2020-08-26,0 days 15:59:46.865668,175936,26.94,26.93,2606,15179,-874,8507
188,AU,2020-08-26,0 days 15:56:19.290952,62340,29.18,29.17,1425,1831,-788,1212
189,AU,2020-08-26,0 days 15:56:20.293417,60928,29.18,29.17,2160,500,1412,-788
190,AU,2020-08-26,0 days 15:59:19.726758,65898,29.23,29.22,1505,3742,-659,617
191,AU,2020-08-26,0 days 15:59:20.729111,63975,29.23,29.22,1371,3432,1923,-659
192,AU,2020-08-26,0 days 15:59:45.790439,65898,29.23,29.22,5403,4049,-3172,841
193,AU,2020-08-26,0 days 15:59:47.791507,65888,29.23,29.22,6980,3006,10,-72
194,AVTR,2020-08-26,0 days 15:56:13.269711,179355,21.72,21.71,4895,4401,2692,-108
195,AVTR,2020-08-26,0 days 15:56:14.271455,175647,21.72,21.71,4995,4301,-3708,2692
196,AVTR,2020-08-26,0 days 15:57:41.482409,179655,21.71,21.7,3950,4717,62,-538
197,AVTR,2020-08-26,0 days 15:57:44.488955,176417,21.7,21.69,5283,7493,-3238,3062
198,AVTR,2020-08-26,0 days 15:57:56.519504,177817,21.7,21.69,5565,5293,-1838,362
199,AVTR,2020-08-26,0 days 15:58:20.578349,179655,21.7,21.69,2788,10984,327,-5073
200,AVTR,2020-08-26,0 days 15:58:26.592821,176082,21.7,21.69,4545,10884,-3573,427
201,AVTR,2020-08-26,0 days 15:59:15.707761,184386,21.7,21.69,5616,11156,12473,-3352
202,AVTR,2020-08-26,0 days 15:59:16.708990,167259,21.7,21.69,4062,11356,-17127,12473
203,AVTR,2020-08-26,0 days 15:59:24.727722,185686,21.7,21.69,4833,12558,22353,-2433
204,AVTR,2020-08-26,0 days 15:59:25.731207,177339,21.71,21.7,1369,15345,-11725,22353
205,AVTR,2020-08-26,0 days 15:59:27.734871,191364,21.71,21.7,2469,17083,6786,-1925
206,AVTR,2020-08-26,0 days 15:59:28.736966,193350,21.72,21.71,4800,5645,-482,6786
207,AVTR,2020-08-26,0 days 15:59:30.743981,193832,21.72,21.71,1301,9018,4023,-1882
208,AXP,2020-08-26,0 days 15:55:00.213786,774229,98.36,98.34,302,900,9265,-122428
209,AZN,2020-08-26,0 days 15:56:06.408443,45436,57.05,57.04,4876,308,1233,-267
210,AZN,2020-08-26,0 days 15:56:07.410692,45258,57.05,57.04,4976,308,-178,1233
211,AZN,2020-08-26,0 days 15:57:03.545813,45436,57.03,57.02,7570,1804,622,-267
212,AZN,2020-08-26,0 days 15:57:04.548477,44586,57.03,57.02,7270,1804,-850,622
213,AZN,2020-08-26,0 days 15:57:20.584223,45436,57.01,57.0,6245,1600,917,-262
214,AZN,2020-08-26,0 days 15:57:21.586730,45163,57.01,57.0,6145,1100,-273,917
215,AZN,2020-08-26,0 days 15:57:24.593988,45436,57.02,57.01,8046,500,217,-283
216,AZN,2020-08-26,0 days 15:59:09.851087,46526,57.02,57.01,12332,440,-6020,1391
217,AZN,2020-08-26,0 days 15:59:11.855679,52546,57.01,57.0,6234,3773,120,-320
218,AZN,2020-08-26,0 days 15:59:17.870089,47866,57.02,57.01,5700,307,-107,948
219,AZN,2020-08-26,0 days 15:59:45.937534,50887,57.01,57.0,7546,422,683,-211
220,AZN,2020-08-26,0 days 15:59:46.939923,50780,57.0,56.99,6990,2428,-107,683
221,BA,2020-08-26,0 days 15:56:01.320974,166965,171.89,171.85,300,1085,3609,-2791
222,BA,2020-08-26,0 days 15:56:02.323077,164674,171.89,171.85,500,1195,-2291,3609
223,BA,2020-08-26,0 days 15:57:34.544146,166994,171.87,171.83,760,200,683,-917
224,BA,2020-08-26,0 days 15:57:35.546990,164977,171.87,171.83,863,330,-2017,683
225,BA,2020-08-26,0 days 15:57:53.590582,168794,171.86,171.83,200,910,483,-617
226,BA,2020-08-26,0 days 15:57:54.592262,166977,171.85,171.83,100,600,-1817,483
227,BA,2020-08-26,0 days 15:59:00.755551,170563,171.9,171.87,300,824,4086,-3204
228,BABA,2020-08-26,0 days 15:59:46.845899,437396,291.97,291.93,100,1269,-10341,32214
229,BABA,2020-08-26,0 days 15:59:47.847734,435337,291.92,291.9,300,827,2059,-10341
230,BABA,2020-08-26,0 days 15:59:48.851607,437396,291.92,291.91,223,115,-2891,2059
231,BABA,2020-08-26,0 days 15:59:49.853645,436420,291.94,291.91,1123,215,976,-2891
232,BAC,2020-08-26,0 days 15:55:26.312859,2161992,25.58,25.57,110448,87246,-1266,13865
233,BAC,2020-08-26,0 days 15:55:41.348267,2153825,25.58,25.57,140070,70498,8967,-684
234,BAC,2020-08-26,0 days 15:55:55.382067,2171702,25.58,25.57,104243,114048,-21423,8967
235,BAC,2020-08-26,0 days 15:57:08.558507,2141188,25.58,25.57,101416,108099,50956,-3404
236,BAC,2020-08-26,0 days 15:57:35.620477,2201994,25.58,25.57,156011,32727,-44524,47459
237,BAC,2020-08-26,0 days 15:57:44.642445,2180892,25.58,25.57,147065,30014,25592,-34308
238,BAC,2020-08-26,0 days 15:58:00.684396,2191515,25.57,25.56,155275,33923,-17977,5902
239,BAC,2020-08-26,0 days 15:58:01.685397,2148092,25.57,25.56,195391,37764,43423,-17977
240,BAC,2020-08-26,0 days 15:58:08.702077,2173325,25.58,25.57,77459,188082,-9767,34143
241,BAC,2020-08-26,0 days 15:59:47.942174,2576057,25.56,25.55,175274,86382,204,-22232
242,BAC,2020-08-26,0 days 15:59:48.945980,2575026,25.56,25.55,171874,84700,-7824,204
243,BAX,2020-08-26,0 days 15:56:58.357493,195667,84.44,84.43,200,803,-20,180
244,BAX,2020-08-26,0 days 15:57:11.388463,194809,84.42,84.4,1618,400,858,-78
245,BAX,2020-08-26,0 days 15:58:02.511854,193938,84.44,84.42,1226,200,-730,1453
246,BAX,2020-08-26,0 days 15:58:03.514755,191268,84.44,84.42,1278,200,2570,-730
247,BAX,2020-08-26,0 days 15:58:37.596205,191012,84.43,84.41,1086,400,-1140,2186
248,BAX,2020-08-26,0 days 15:58:38.599748,188652,84.42,84.4,735,886,2360,-1140
249,BAX,2020-08-26,0 days 15:59:03.660383,198237,84.42,84.41,100,300,-342,1981
250,BAX,2020-08-26,0 days 15:59:08.673529,194688,84.4,84.38,300,500,816,-5884
251,BAX,2020-08-26,0 days 15:59:09.675023,195504,84.41,84.39,300,681,-4241,816
252,BAX,2020-08-26,0 days 15:59:10.677538,195045,84.41,84.39,300,359,3467,-4241
253,BAX,2020-08-26,0 days 15:59:21.701167,198512,84.4,84.39,451,100,-1506,224
254,BB,2020-08-26,0 days 15:59:36.758497,52116,5.09,5.08,217383,30969,-149,1051
255,BBD,2020-08-26,0 days 15:59:33.761446,199022,3.68,3.67,454106,840469,-15304,48863
256,BBVA,2020-08-26,0 days 15:55:00.093010,23636,2.96,2.95,139697,244467,-801,5867
257,BBVA,2020-08-26,0 days 15:55:36.181998,24437,2.96,2.95,193047,264267,99,-801
258,BBVA,2020-08-26,0 days 15:59:00.677556,24637,2.96,2.95,262697,218880,-1318,188
259,BBVA,2020-08-26,0 days 15:59:10.700244,26357,2.96,2.95,257613,228680,155,-1720
260,BBVA,2020-08-26,0 days 15:59:11.703010,26512,2.96,2.95,252013,231795,-965,155
261,BBVA,2020-08-26,0 days 15:59:36.758588,27953,2.96,2.95,300723,260423,1159,-1441
262,BBVA,2020-08-26,0 days 15:59:37.761559,27812,2.96,2.95,299823,261323,-141,1159
263,BBY,2020-08-26,0 days 15:59:24.708083,336778,112.21,112.19,300,200,17129,-50519
264,BBY,2020-08-26,0 days 15:59:25.709991,333261,112.23,112.17,206,278,-3517,17129
265,BBY,2020-08-26,0 days 15:59:30.722722,337106,112.23,112.18,368,1177,4609,-1945
266,BBY,2020-08-26,0 days 15:59:31.725629,324171,112.25,112.22,500,123,-12935,4609
267,BBY,2020-08-26,0 days 15:59:33.730362,336906,112.26,112.23,300,479,7677,-3035
268,BBY,2020-08-26,0 days 15:59:34.732309,332532,112.27,112.23,205,538,-4374,7677
269,BBY,2020-08-26,0 days 15:59:46.761771,335219,112.27,112.25,300,298,-2360,5341
270,BBY,2020-08-26,0 days 15:59:47.763638,337579,112.27,112.24,400,5794,4416,-2360
271,BBY,2020-08-26,0 days 15:59:48.766298,336195,112.28,112.25,100,200,-6619,4416
272,BE,2020-08-26,0 days 15:56:15.339239,81830,16.26,16.25,2753,942,-801,899
273,BE,2020-08-26,0 days 15:56:16.341422,77931,16.24,16.23,2623,1903,3899,-801
274,BEKE,2020-08-26,0 days 15:55:41.348267,273824,49.79,49.69,1500,1400,-428,1944
275,BEKE,2020-08-26,0 days 15:55:42.350582,272052,49.79,49.69,1500,1400,1772,-428
276,BEKE,2020-08-26,0 days 15:57:08.558507,264069,50.02,49.9,400,100,9849,-231
277,BEKE,2020-08-26,0 days 15:57:36.623275,273918,49.97,49.91,200,700,-631,749
278,BEKE,2020-08-26,0 days 15:57:37.625961,272449,49.97,49.91,700,900,1469,-631
279,BEKE,2020-08-26,0 days 15:59:18.872427,273918,49.86,49.71,3400,500,-2828,11319
280,BEKE,2020-08-26,0 days 15:59:19.874730,272846,49.86,49.71,3400,500,1072,-2828
281,BEKE,2020-08-26,0 days 15:59:23.884324,272880,49.85,49.71,1300,800,1038,-1362
282,BEKE,2020-08-26,0 days 15:59:38.920591,274699,49.81,49.49,12008,650,2290,-257
283,BEKE,2020-08-26,0 days 15:59:53.957887,275089,49.79,49.5,1943,11201,-1237,3910
284,BEKE,2020-08-26,0 days 15:59:54.961130,273079,49.8,49.5,1848,1901,3910,-1237
285,BEKE,2020-08-26,0 days 15:59:55.963174,275089,49.78,49.5,500,2101,-1237,3910
286,BHC,2020-08-26,0 days 15:55:00.157449,34354,17.3,17.29,3405,10328,2008,-13530
287,BHC,2020-08-26,0 days 15:55:43.262650,35862,17.29,17.28,13803,1250,-20,10
288,BHC,2020-08-26,0 days 15:55:59.300411,35882,17.28,17.27,12996,900,75,-20
289,BHC,2020-08-26,0 days 15:56:10.326821,36707,17.27,17.26,11315,6112,-1991,825
290,BHC,2020-08-26,0 days 15:57:53.576068,40595,17.23,17.22,9457,24012,212,-88
291,BHC,2020-08-26,0 days 15:58:02.599333,40283,17.23,17.22,11366,23624,-312,412
292,BHC,2020-08-26,0 days 15:58:56.729848,41320,17.23,17.22,15418,18073,1663,-637
293,BHC,2020-08-26,0 days 15:59:12.769715,44192,17.23,17.22,13152,27237,-2355,2762
294,BHC,2020-08-26,0 days 15:59:45.844070,46926,17.27,17.26,600,18345,1665,-377
295,BHC,2020-08-26,0 days 15:59:46.846267,46691,17.27,17.26,3900,13508,-714,1665
296,BJ,2020-08-26,0 days 15:55:00.246987,159378,47.02,47.0,356,1703,90499,-27017
297,BK,2020-08-26,0 days 15:55:30.230476,271996,36.57,36.56,2241,6792,27679,-3167
298,BK,2020-08-26,0 days 15:55:31.232471,271375,36.58,36.57,5698,1803,-621,27679
299,BK,2020-08-26,0 days 15:55:43.262582,271996,36.57,36.56,5023,5454,3589,-621
300,BK,2020-08-26,0 days 15:56:17.343587,281342,36.62,36.61,3660,2903,-3660,5440
301,BK,2020-08-26,0 days 15:56:18.346056,281240,36.61,36.6,5075,5107,102,-3660
302,BK,2020-08-26,0 days 15:57:34.530336,284756,36.6,36.59,7132,7740,-1704,196
303,BK,2020-08-26,0 days 15:57:35.532500,284060,36.6,36.59,9483,5838,5996,-1704
304,BK,2020-08-26,0 days 15:57:54.578379,290056,36.6,36.59,7615,7195,-704,3596
305,BK,2020-08-26,0 days 15:57:55.581131,288960,36.6,36.59,8559,5695,1096,-704
306,BK,2020-08-26,0 days 15:58:07.610730,296882,36.6,36.59,7681,12494,-4360,8522
307,BK,2020-08-26,0 days 15:58:08.613416,295742,36.6,36.59,8308,12794,1140,-4360
308,BK,2020-08-26,0 days 15:58:14.627541,296021,36.62,36.61,9951,4008,861,-439
309,BK,2020-08-26,0 days 15:59:17.780663,299070,36.61,36.6,9229,6332,5336,-7964
310,BK,2020-08-26,0 days 15:59:23.794873,304606,36.61,36.6,11559,4529,-1709,2591
311,BK,2020-08-26,0 days 15:59:24.797804,301115,36.62,36.61,10526,3777,49682,-1709
312,BK,2020-08-26,0 days 15:59:25.799983,350997,36.62,36.61,1917,10811,-37764,49682
313,BK,2020-08-26,0 days 15:59:26.802809,349661,36.62,36.61,3639,8792,1336,-37764
314,BK,2020-08-26,0 days 15:59:27.802605,350997,36.62,36.61,1617,10892,-543,1336
315,BK,2020-08-26,0 days 15:59:30.807293,348301,36.63,36.62,12538,890,2896,-1043
316,BK,2020-08-26,0 days 15:59:42.835568,360357,36.63,36.62,10465,5105,-96,245
317,BK,2020-08-26,0 days 15:59:46.846098,360302,36.63,36.62,13863,3002,255,-5245
318,BKD,2020-08-26,0 days 15:57:10.386498,50971,2.77,2.76,33670,12590,-1191,109
319,BKD,2020-08-26,0 days 15:58:09.528973,53562,2.77,2.76,50012,7538,6872,-3934
320,BKD,2020-08-26,0 days 15:59:36.737407,63721,2.76,2.75,48762,32872,-7830,9170
321,BKD,2020-08-26,0 days 15:59:37.740816,63434,2.76,2.75,49335,30445,287,-7830
322,BKD,2020-08-26,0 days 15:59:39.744927,63821,2.76,2.75,48662,30123,-913,387
323,BKD,2020-08-26,0 days 15:59:40.748742,63534,2.76,2.75,47435,29323,287,-913
324,BKR,2020-08-26,0 days 15:59:01.791668,386443,15.05,15.04,28709,16812,-3027,473
325,BKR,2020-08-26,0 days 15:59:46.896651,441889,15.07,15.06,23691,9698,-9022,16791
326,BMY,2020-08-26,0 days 15:55:27.238047,750033,62.29,62.28,2283,5504,-168,1752
327,BMY,2020-08-26,0 days 15:55:28.240674,746301,62.29,62.28,1983,5504,2936,-168
328,BMY,2020-08-26,0 days 15:55:30.245739,750033,62.28,62.27,300,7341,-20378,2836
329,BMY,2020-08-26,0 days 15:57:30.534193,792684,62.28,62.27,7880,2113,447,-32
330,BMY,2020-08-26,0 days 15:57:31.536687,789531,62.28,62.27,7028,3182,-3153,447
331,BMY,2020-08-26,0 days 15:57:36.548841,792684,62.28,62.27,5798,5624,447,-3153
332,BMY,2020-08-26,0 days 15:57:37.552201,792031,62.28,62.27,5198,5617,-653,447
333,BMY,2020-08-26,0 days 15:57:50.582809,792684,62.27,62.26,4386,6152,3647,-2332
334,BMY,2020-08-26,0 days 15:57:51.585083,790352,62.27,62.26,6490,1251,-2332,3647
335,BMY,2020-08-26,0 days 15:58:00.607960,792684,62.26,62.25,2908,5302,1484,-7616
336,BMY,2020-08-26,0 days 15:58:01.610167,790468,62.27,62.26,7088,2376,-2216,1484
337,BMY,2020-08-26,0 days 15:58:11.634333,792048,62.27,62.26,1406,9920,205,-769
338,BMY,2020-08-26,0 days 15:58:12.636823,790074,62.27,62.26,1491,9006,-1974,205
339,BMY,2020-08-26,0 days 15:58:27.673359,792048,62.27,62.26,1074,6967,5,-2174
340,BMY,2020-08-26,0 days 15:58:28.676038,790074,62.28,62.27,6705,585,-1974,5
341,BMY,2020-08-26,0 days 15:58:51.730881,791885,62.24,62.23,6727,1407,-163,3139
342,BMY,2020-08-26,0 days 15:59:07.772803,795903,62.26,62.25,4717,3328,4073,-1962
343,BMY,2020-08-26,0 days 15:59:29.822510,800627,62.27,62.26,1818,6645,1115,-337
344,BMY,2020-08-26,0 days 15:59:30.826016,800442,62.28,62.27,4474,3803,-185,1115
345,BMY,2020-08-26,0 days 15:59:42.854400,805582,62.27,62.26,1748,6189,2814,-4371
346,BMY,2020-08-26,0 days 15:59:43.857023,805296,62.27,62.26,3057,6389,-286,2814
347,BMY,2020-08-26,0 days 15:59:46.865827,817356,62.25,62.24,8677,3381,4399,-12503
348,BP,2020-08-26,0 days 15:59:00.763529,92113,21.39,21.38,67819,62574,-470,27473
349,BP,2020-08-26,0 days 15:59:10.786995,93116,21.38,21.37,121639,15380,2287,-363
350,BP,2020-08-26,0 days 15:59:21.813920,95403,21.38,21.37,112386,18488,-17908,756
351,BP,2020-08-26,0 days 15:59:22.815533,87911,21.38,21.37,136846,4100,14192,-17908
352,BP,2020-08-26,0 days 15:59:23.818644,102103,21.38,21.37,127136,12300,-1208,14192
353,BP,2020-08-26,0 days 15:59:50.886022,100811,21.38,21.37,102932,20462,1892,-7808
354,BRK.B,2020-08-26,0 days 15:59:17.711966,488846,214.73,214.68,919,300,-9008,1850
355,BRK.B,2020-08-26,0 days 15:59:26.733327,500295,214.66,214.65,205,1503,12175,-585
356,BRK.B,2020-08-26,0 days 15:59:43.775406,514672,214.56,214.51,122,600,-2787,713
357,BRK.B,2020-08-26,0 days 15:59:45.780458,511567,214.63,214.54,400,437,1103,-1997
358,BRK.B,2020-08-26,0 days 15:59:59.808132,514359,214.72,214.66,1782,11000,-28,1834
359,BRK.B,2020-08-26,0 days 16:00:00.808535,513085,214.66,214.65,6113,6300,1274,-28
360,BRX,2020-08-26,0 days 15:55:00.173038,119558,11.65,11.64,4604,17727,-2775,32055
361,BRX,2020-08-26,0 days 15:55:01.174553,117133,11.65,11.64,1904,17922,2425,-2775
362,BRX,2020-08-26,0 days 15:56:15.354418,120888,11.65,11.64,4407,26061,-304,1396
363,BRX,2020-08-26,0 days 15:56:16.356936,118692,11.66,11.65,11000,13307,2196,-304
364,BRX,2020-08-26,0 days 15:58:09.629825,120934,11.66,11.65,8387,31613,-515,2285
365,BRX,2020-08-26,0 days 15:58:10.631865,118717,11.66,11.65,9187,30329,2217,-515
366,BRX,2020-08-26,0 days 15:59:21.803639,123958,11.65,11.64,23899,13624,-1794,1362
367,BRX,2020-08-26,0 days 15:59:22.805912,122852,11.65,11.64,25399,12281,1106,-1794
368,BRX,2020-08-26,0 days 15:59:45.863090,125058,11.65,11.64,14901,16055,-2382,1418
369,BRX,2020-08-26,0 days 15:59:46.865905,124540,11.65,11.64,18728,13963,1376,-2382
370,BSX,2020-08-26,0 days 15:55:00.091381,311295,39.38,39.37,5984,4828,-2275,37321
371,BSX,2020-08-26,0 days 15:55:50.214300,319178,39.37,39.36,11965,3197,5370,-7530
372,BSX,2020-08-26,0 days 15:55:51.217360,318448,39.37,39.36,10770,4997,-730,5370
373,BSX,2020-08-26,0 days 15:56:00.238378,319178,39.38,39.37,5138,10880,754,-730
374,BSX,2020-08-26,0 days 15:56:01.241088,318532,39.38,39.37,2270,14080,-646,754
375,BSX,2020-08-26,0 days 15:57:40.479027,325543,39.38,39.37,1770,13877,902,-1098
376,BSX,2020-08-26,0 days 15:57:41.481037,324345,39.38,39.37,1646,15492,-398,902
377,BSX,2020-08-26,0 days 15:58:50.649557,322373,39.38,39.37,16082,1233,-2170,730
378,BSX,2020-08-26,0 days 15:59:09.696202,357563,39.37,39.36,14385,7500,27575,-25220
379,BSX,2020-08-26,0 days 15:59:10.698456,356038,39.37,39.36,3977,14570,-2128,27575
380,BSX,2020-08-26,0 days 15:59:31.744959,366194,39.37,39.36,10272,9713,5705,-810
381,BSX,2020-08-26,0 days 15:59:32.747163,356799,39.37,39.36,11996,6239,-7795,5705
382,BTI,2020-08-26,0 days 15:59:12.792228,19001,33.88,33.87,6879,7471,-1240,1233
383,BTI,2020-08-26,0 days 15:59:15.799212,17823,33.88,33.87,6358,10040,1178,-1240
384,BWA,2020-08-26,0 days 15:55:00.156147,99979,41.6,41.59,1305,900,14110,-1428
385,BWA,2020-08-26,0 days 15:55:38.249816,112793,41.57,41.56,4518,4675,-1870,1314
386,BWA,2020-08-26,0 days 15:55:39.251511,111863,41.57,41.56,5018,4265,930,-1870
387,BWA,2020-08-26,0 days 15:57:35.532438,117106,41.54,41.53,1071,7071,-78,1000
388,BWA,2020-08-26,0 days 15:57:38.539792,116784,41.55,41.54,2976,563,300,-278
389,BWA,2020-08-26,0 days 15:57:49.566243,117089,41.56,41.55,2305,2032,-195,2
390,BWA,2020-08-26,0 days 15:57:50.569074,116584,41.56,41.55,3369,1232,502,-195
391,BWA,2020-08-26,0 days 15:58:00.594286,111661,41.56,41.55,3395,1137,-423,502
392,BWA,2020-08-26,0 days 15:59:08.759339,111754,41.53,41.51,4088,2618,59,-741
393,BWA,2020-08-26,0 days 15:59:15.775860,111720,41.55,41.54,2900,2769,-6875,14874
394,BWA,2020-08-26,0 days 15:59:37.824038,126637,41.52,41.51,4070,1112,545,-933
395,BWA,2020-08-26,0 days 15:59:38.825923,126482,41.52,41.51,3511,2540,-155,545
396,BWA,2020-08-26,0 days 15:59:46.845990,130918,41.51,41.5,5404,300,125,-3536
397,BWA,2020-08-26,0 days 15:59:47.848089,131043,41.51,41.5,4345,400,-67,125
398,BX,2020-08-26,0 days 15:56:19.286078,160758,54.07,54.06,610,743,12523,-1377
399,BX,2020-08-26,0 days 15:56:20.287510,160081,54.08,54.06,1500,183,-677,12523
400,BX,2020-08-26,0 days 15:57:32.460741,160132,54.04,54.03,1260,578,-326,1674
401,BX,2020-08-26,0 days 15:57:35.469569,160458,54.04,54.03,1348,689,1274,-326
402,BX,2020-08-26,0 days 15:57:36.471010,160332,54.04,54.03,1248,789,-126,1274
403,BX,2020-08-26,0 days 15:57:47.497559,160358,54.02,54.0,1725,684,674,-126
404,BX,2020-08-26,0 days 15:57:48.499644,160232,54.02,54.0,1625,684,-126,674
405,BX,2020-08-26,0 days 15:57:59.526484,160358,54.02,54.01,300,1304,874,-326
406,BX,2020-08-26,0 days 15:58:00.531367,160132,54.01,54.0,600,601,-226,874
407,BX,2020-08-26,0 days 15:58:13.562384,160431,54.01,54.0,1272,1603,601,-99
408,BX,2020-08-26,0 days 15:58:14.564104,160332,54.01,54.0,1272,1403,-99,601
409,BX,2020-08-26,0 days 15:58:15.566448,160431,54.01,54.0,1272,1697,1,-99
410,BX,2020-08-26,0 days 15:58:56.665476,169635,53.95,53.94,4370,996,-159,1004
411,BX,2020-08-26,0 days 15:58:57.668168,168894,53.95,53.94,4670,1097,741,-159
412,BX,2020-08-26,0 days 15:59:12.705930,169135,53.98,53.97,1627,2578,-305,314
413,BX,2020-08-26,0 days 15:59:13.708522,168240,53.98,53.97,1427,2478,895,-305
414,BX,2020-08-26,0 days 15:59:27.735990,185286,54.04,54.03,200,500,-2085,1452
415,BX,2020-08-26,0 days 15:59:28.738655,183971,54.04,54.02,600,2044,1315,-2085
416,BX,2020-08-26,0 days 15:59:32.748956,185686,54.03,54.02,1425,190,-398,1668
417,BX,2020-08-26,0 days 15:59:33.751639,184484,54.01,54.0,196,1038,1202,-398
418,BX,2020-08-26,0 days 15:59:44.777583,182849,54.05,54.04,1382,563,941,-1859
419,C,2020-08-26,0 days 15:55:00.246798,716616,50.93,50.92,8733,4533,-12375,19654
420,C,2020-08-26,0 days 15:56:02.398784,734110,50.91,50.9,9573,1614,7095,-2053
421,C,2020-08-26,0 days 15:56:03.400907,720995,50.91,50.9,11173,1414,-12260,7095
422,C,2020-08-26,0 days 15:57:35.620394,737355,50.91,50.9,17359,27574,1595,-1985
423,C,2020-08-26,0 days 15:57:36.623212,732050,50.91,50.9,12427,29543,-5285,1595
424,C,2020-08-26,0 days 15:57:37.625778,737355,50.91,50.9,16227,27372,1928,-5285
425,C,2020-08-26,0 days 15:57:38.628058,730383,50.91,50.9,13799,28619,-7305,1928
426,C,2020-08-26,0 days 15:58:20.731012,739510,50.92,50.91,9647,5315,1075,-679
427,C,2020-08-26,0 days 15:58:21.732737,729985,50.93,50.92,12406,3733,-9525,1075
428,CAG,2020-08-26,0 days 15:56:02.307394,227390,38.69,38.68,3876,8825,1290,-6010
429,CAG,2020-08-26,0 days 15:56:21.353787,227688,38.72,38.71,3129,3034,-625,1275
430,CAG,2020-08-26,0 days 15:57:32.525033,230923,38.71,38.7,14118,5546,646,-6654
431,CAG,2020-08-26,0 days 15:57:33.528066,230569,38.71,38.7,11542,7244,-354,646
432,CAG,2020-08-26,0 days 15:57:43.552052,231769,38.72,38.71,1200,7101,-94,460
433,CAG,2020-08-26,0 days 15:57:47.562425,232009,38.72,38.71,3030,6882,60,-94
434,CAG,2020-08-26,0 days 15:58:02.599194,227872,38.71,38.7,7829,4804,-4023,874
435,CAG,2020-08-26,0 days 15:59:19.785686,264664,38.69,38.68,5717,3681,5017,-8274
436,CAG,2020-08-26,0 days 15:59:22.792524,262145,38.69,38.68,2178,7401,-2519,9735
437,CAG,2020-08-26,0 days 15:59:23.794828,264811,38.69,38.68,8208,440,2334,-2519
438,CARR,2020-08-26,0 days 15:56:03.246990,267478,31.08,31.07,2700,2432,44763,-7037
439,CARR,2020-08-26,0 days 15:56:04.249068,262941,31.09,31.08,4300,2122,-4537,44763
440,CARR,2020-08-26,0 days 15:58:08.550817,269311,31.07,31.06,7025,3755,369,-4829
441,CARR,2020-08-26,0 days 15:58:09.552179,265880,31.07,31.06,6765,3855,-3431,369
442,CARR,2020-08-26,0 days 15:59:12.705930,293703,31.04,31.03,11225,6371,-1777,2896
443,CARR,2020-08-26,0 days 15:59:45.780994,303171,31.04,31.03,7272,4949,2747,-7126
444,CARR,2020-08-26,0 days 15:59:48.787903,302618,31.04,31.03,10149,3976,-560,2665
445,CAT,2020-08-26,0 days 15:57:49.502480,198848,141.79,141.77,1503,400,-2662,438
446,CAT,2020-08-26,0 days 15:59:05.688159,204004,141.84,141.83,400,241,2420,-5529
447,CAT,2020-08-26,0 days 15:59:06.690961,202524,141.87,141.85,300,608,-1620,2420
448,CAT,2020-08-26,0 days 15:59:07.693352,204569,141.86,141.85,100,600,13317,-1620
449,CAT,2020-08-26,0 days 15:59:08.695729,204388,141.86,141.84,1551,200,-421,13317
450,CAT,2020-08-26,0 days 15:59:09.698013,204809,141.86,141.84,523,943,4961,-421
451,CAT,2020-08-26,0 days 15:59:10.700320,205099,141.86,141.85,623,100,-4975,4961
452,CAT,2020-08-26,0 days 15:59:22.724342,212343,141.85,141.83,306,596,2624,-2344
453,CCJ,2020-08-26,0 days 15:56:15.281582,84115,11.14,11.13,5895,23415,-885,815
454,CCJ,2020-08-26,0 days 15:56:16.283979,79700,11.14,11.13,5895,21915,4415,-885
455,CCJ,2020-08-26,0 days 15:59:38.771887,86613,11.14,11.13,30955,20599,-4133,2567
456,CCJ,2020-08-26,0 days 15:59:39.773864,84146,11.14,11.13,31055,20068,2467,-4133
457,CCJ,2020-08-26,0 days 15:59:45.789476,86613,11.15,11.14,7056,34196,-2533,567
458,CCJ,2020-08-26,0 days 15:59:46.791300,84446,11.15,11.14,18156,28133,2167,-2533
459,CCL,2020-08-26,0 days 15:55:35.156399,285410,15.32,15.31,34410,25209,-68495,5879
460,CCL,2020-08-26,0 days 15:59:11.680517,366612,15.3,15.29,70496,3068,6969,-11863
461,CCL,2020-08-26,0 days 15:59:42.752441,420891,15.29,15.28,63680,14453,-6,6994
462,CCL,2020-08-26,0 days 15:59:45.759625,420897,15.29,15.28,77295,2494,1069,-6
463,CCXX,2020-08-26,0 days 15:55:27.222870,301,11.46,11.43,1042,300,-14,61
464,CDE,2020-08-26,0 days 15:57:56.525688,175260,8.36,8.35,24346,25135,-32070,43230
465,CDE,2020-08-26,0 days 15:57:57.527387,171430,8.36,8.35,25846,23635,3830,-32070
466,CDE,2020-08-26,0 days 15:58:02.541308,171010,8.36,8.35,25775,25135,-176,4074
467,CDE,2020-08-26,0 days 15:59:13.714307,188398,8.35,8.34,38198,5218,-5015,3793
468,CDE,2020-08-26,0 days 15:59:14.716397,185113,8.35,8.34,40632,2718,2692,-5015
469,CDE,2020-08-26,0 days 15:59:27.745477,190574,8.35,8.34,32884,24305,-739,1868
470,CDE,2020-08-26,0 days 15:59:33.761062,187829,8.34,8.33,44742,18904,2152,-4455
471,CDE,2020-08-26,0 days 15:59:45.790486,195091,8.34,8.33,22310,31048,-3628,1095
472,CDE,2020-08-26,0 days 15:59:46.789862,193419,8.34,8.33,22910,29348,1672,-3628
473,CFG,2020-08-26,0 days 15:55:00.079402,266757,25.33,25.32,11419,4601,3738,-57027
474,CFG,2020-08-26,0 days 15:56:03.224237,289552,25.33,25.32,7160,11282,-9277,3723
475,CFG,2020-08-26,0 days 15:56:04.226551,287429,25.33,25.32,7660,11182,2123,-9277
476,CFG,2020-08-26,0 days 15:57:03.368473,292220,25.34,25.33,12521,5114,-338,2062
477,CFG,2020-08-26,0 days 15:57:04.371016,289858,25.34,25.33,13021,5114,2700,-338
478,CFG,2020-08-26,0 days 15:57:35.446358,292561,25.32,25.31,16381,3960,-197,2003
479,CFG,2020-08-26,0 days 15:57:37.450921,291158,25.31,25.3,13939,4810,2300,-700
480,CFG,2020-08-26,0 days 15:58:01.509542,274536,25.3,25.29,16873,700,-4622,1700
481,CFG,2020-08-26,0 days 15:59:12.683097,404943,25.32,25.31,13175,2811,20947,-8774
482,CFG,2020-08-26,0 days 15:59:13.685025,399290,25.32,25.31,12181,5390,-9053,20947
483,CFG,2020-08-26,0 days 15:59:20.697617,419043,25.36,25.35,17364,7314,1390,-6829
484,CFG,2020-08-26,0 days 15:59:23.705709,418975,25.36,25.35,3349,9700,-68,6094
485,CGC,2020-08-26,0 days 15:56:15.429815,27345,16.5,16.49,1428,6646,1396,-304
486,CGC,2020-08-26,0 days 15:56:16.432364,27041,16.5,16.49,1428,6646,-304,1396
487,CHGG,2020-08-26,0 days 15:56:01.248887,50822,76.16,76.13,653,3438,-530,700
488,CHGG,2020-08-26,0 days 15:56:02.250737,50252,76.16,76.13,653,3417,570,-530
489,CHGG,2020-08-26,0 days 15:58:00.536944,46447,76.35,76.33,345,1233,-766,497
490,CHGG,2020-08-26,0 days 15:58:42.637216,45934,76.29,76.28,1335,501,148,-39
491,CHGG,2020-08-26,0 days 15:58:58.676261,46082,76.3,76.28,281,464,-50,41
492,CHGG,2020-08-26,0 days 15:58:59.679013,46049,76.3,76.28,334,564,727,-50
493,CHGG,2020-08-26,0 days 15:59:12.711239,54990,76.35,76.32,1124,533,-745,2555
494,CHGG,2020-08-26,0 days 15:59:13.713992,54335,76.33,76.29,688,638,657,-745
495,CHGG,2020-08-26,0 days 15:59:45.789936,57583,76.35,76.33,100,300,-236,688
496,CHGG,2020-08-26,0 days 15:59:48.796355,57125,76.37,76.34,200,210,458,-236
497,CHWY,2020-08-26,0 days 15:58:00.684407,54453,58.36,58.34,400,633,398,-1417
498,CHWY,2020-08-26,0 days 15:58:01.685410,51451,58.37,58.36,305,504,-3002,398
499,CHWY,2020-08-26,0 days 15:59:40.925282,57441,58.34,58.33,200,1761,5560,-640
500,CHWY,2020-08-26,0 days 15:59:41.927695,56301,58.34,58.33,100,1682,-1145,5560
501,CIEN,2020-08-26,0 days 15:55:29.286299,85279,56.8,56.79,939,816,-438,2362
502,CIEN,2020-08-26,0 days 15:55:30.288318,83317,56.8,56.79,1039,922,1962,-438
503,CIEN,2020-08-26,0 days 15:55:38.307820,85279,56.8,56.79,1516,1626,-5931,1828
504,CIEN,2020-08-26,0 days 15:55:39.310451,84110,56.79,56.78,1234,831,1169,-5931
505,CIEN,2020-08-26,0 days 15:55:55.348483,85894,56.81,56.79,1156,253,-35,686
506,CIEN,2020-08-26,0 days 15:55:56.350974,84829,56.81,56.79,1356,353,1065,-35
507,CIEN,2020-08-26,0 days 15:55:58.355796,85894,56.81,56.8,856,300,-58,1065
508,CIEN,2020-08-26,0 days 15:56:00.360495,85085,56.81,56.8,1056,500,809,-291
509,CIEN,2020-08-26,0 days 15:56:41.459922,92454,56.83,56.81,1129,1690,-1703,1497
510,CIEN,2020-08-26,0 days 15:56:42.461805,91257,56.81,56.8,1001,200,1197,-1703
511,CL,2020-08-26,0 days 15:55:00.098336,327565,78.65,78.64,828,2849,-2851,26664
512,CL,2020-08-26,0 days 15:56:03.252093,342655,78.68,78.67,3890,3897,707,-5199
513,CL,2020-08-26,0 days 15:56:04.254510,339362,78.69,78.68,3900,1209,-3293,707
514,CL,2020-08-26,0 days 15:57:31.464438,341365,78.7,78.69,4846,1200,-1610,4755
515,CL,2020-08-26,0 days 15:57:35.474350,343110,78.7,78.69,6540,1300,1655,-1610
516,CL,2020-08-26,0 days 15:57:49.508354,317380,78.76,78.75,4280,474,1859,-2491
517,CL,2020-08-26,0 days 15:57:53.517490,319239,78.76,78.75,848,3738,-141,1759
518,CL,2020-08-26,0 days 15:57:57.527299,316302,78.77,78.76,3400,2293,2937,-141
519,CL,2020-08-26,0 days 15:58:07.552834,315039,78.78,78.77,5154,2913,-9094,2107
520,CL,2020-08-26,0 days 15:58:08.556311,313633,78.78,78.77,4574,3800,506,-9094
521,CL,2020-08-26,0 days 15:58:13.568317,340689,78.75,78.74,1600,1719,-1992,3508
522,CL,2020-08-26,0 days 15:58:54.666122,342689,78.73,78.72,1251,1300,-1547,4753
523,CL,2020-08-26,0 days 15:59:24.739743,390757,78.67,78.66,2321,1200,3285,-1250
524,CL,2020-08-26,0 days 15:59:25.740772,379442,78.68,78.67,1000,1771,-11315,3285
525,CL,2020-08-26,0 days 15:59:30.754164,390892,78.71,78.7,1700,200,1254,-2447
526,CLDR,2020-08-26,0 days 15:55:42.201448,121211,12.41,12.4,12911,9163,-6471,1358
527,CLDR,2020-08-26,0 days 15:55:43.204287,120382,12.41,12.4,17521,2024,829,-6471
528,CLDR,2020-08-26,0 days 15:56:15.281176,121883,12.41,12.4,7444,10442,-199,1501
529,CLDR,2020-08-26,0 days 15:56:16.282982,121182,12.41,12.4,7397,12131,701,-199
530,CLDR,2020-08-26,0 days 15:59:01.684538,126096,12.42,12.41,15221,4668,-736,2613
531,CLDR,2020-08-26,0 days 15:59:05.693822,127845,12.42,12.41,9117,10501,4174,-1549
532,CLDR,2020-08-26,0 days 15:59:06.696617,127419,12.42,12.41,6806,10525,-626,4174
533,CLDR,2020-08-26,0 days 15:59:07.699562,128217,12.42,12.41,10517,6335,8008,-626
534,CLDR,2020-08-26,0 days 15:59:18.724083,145731,12.43,12.42,7979,12231,-708,17192
535,CLDR,2020-08-26,0 days 15:59:21.730897,145939,12.43,12.42,10079,13515,655,-2245
536,CLDR,2020-08-26,0 days 15:59:46.789729,147222,12.43,12.42,15273,12219,1705,-6275
537,CLF,2020-08-26,0 days 15:59:12.792273,178133,6.45,6.44,33379,80690,30082,-1343
538,CLF,2020-08-26,0 days 15:59:13.794565,177434,6.45,6.44,29285,82190,-699,30082
539,CLF,2020-08-26,0 days 15:59:38.854755,197562,6.45,6.44,18330,100553,43144,-3356
540,CLF,2020-08-26,0 days 15:59:39.857036,195206,6.45,6.44,26807,107839,-2356,43144
541,CLNY,2020-08-26,0 days 15:56:27.425395,305428,2.8,2.79,57030,46624,-40940,9060
542,CLNY,2020-08-26,0 days 15:56:28.428130,301068,2.8,2.79,59530,44424,4360,-40940
543,CLNY,2020-08-26,0 days 15:57:07.513965,305428,2.8,2.79,55930,48768,-725,292
544,CLNY,2020-08-26,0 days 15:57:08.516386,301553,2.8,2.79,55930,48768,3875,-725
545,CLNY,2020-08-26,0 days 15:58:06.658278,305428,2.8,2.79,51564,53741,-12145,3875
546,CLNY,2020-08-26,0 days 15:58:07.660933,287973,2.8,2.79,51664,52541,17455,-12145
547,CLNY,2020-08-26,0 days 15:59:35.868698,322747,2.8,2.79,50887,50882,-2975,1625
548,CLNY,2020-08-26,0 days 15:59:36.871224,321522,2.8,2.79,50723,46509,1225,-2975
549,CLNY,2020-08-26,0 days 15:59:45.894086,322747,2.8,2.79,41904,50969,-12011,1225
550,CLNY,2020-08-26,0 days 15:59:46.896562,322258,2.8,2.79,43805,49264,489,-12011
551,CLNY,2020-08-26,0 days 15:59:47.898078,322747,2.8,2.79,43705,50721,-3037,489
552,CLX,2020-08-26,0 days 15:55:30.254426,74873,220.27,220.24,108,300,-579,1726
553,CLX,2020-08-26,0 days 15:55:31.256817,73452,220.28,220.24,100,300,1421,-579
554,CLX,2020-08-26,0 days 15:55:55.314927,75082,220.42,220.37,200,400,-464,526
555,CLX,2020-08-26,0 days 15:55:56.316740,73846,220.42,220.37,268,447,1236,-464
556,CLX,2020-08-26,0 days 15:59:01.764791,76899,220.63,220.58,518,100,-479,1951
557,CLX,2020-08-26,0 days 15:59:02.767481,74678,220.63,220.58,470,200,2192,-479
558,CLX,2020-08-26,0 days 15:59:23.818724,79600,220.63,220.59,200,401,-43,378
559,CLX,2020-08-26,0 days 15:59:45.872990,80828,220.45,220.4,1479,200,113,-1247
560,CLX,2020-08-26,0 days 15:59:50.886642,81087,220.5,220.43,1100,518,154,-1392
561,CNC,2020-08-26,0 days 15:55:42.173213,208534,59.3,59.29,1648,100,231,-804
562,CNC,2020-08-26,0 days 15:55:43.175947,208265,59.3,59.29,2055,294,-269,231
563,CNC,2020-08-26,0 days 15:56:01.219736,208534,59.32,59.31,516,400,1711,-269
564,CNC,2020-08-26,0 days 15:56:02.221680,208145,59.32,59.3,633,2245,-395,1711
565,CNC,2020-08-26,0 days 15:56:37.305699,209779,59.34,59.33,779,1843,2359,-615
566,CNC,2020-08-26,0 days 15:56:43.320935,232838,59.35,59.34,1000,100,-2241,2059
567,CNC,2020-08-26,0 days 15:57:13.391713,235379,59.37,59.35,907,1502,63,-2537
568,CNC,2020-08-26,0 days 15:57:15.396520,233442,59.37,59.35,1917,1369,-1981,19
569,CNC,2020-08-26,0 days 15:57:35.446286,235023,59.36,59.35,1319,1991,1819,-1581
570,CNC,2020-08-26,0 days 15:57:37.450806,233542,59.36,59.35,1537,2206,-1481,619
571,CNC,2020-08-26,0 days 15:57:44.467383,235023,59.36,59.35,1338,951,119,-2281
572,CNC,2020-08-26,0 days 15:57:45.469646,233942,59.36,59.35,1338,1251,-1081,119
573,CNC,2020-08-26,0 days 15:58:06.522455,235095,59.36,59.35,514,4409,239,-753
574,CNC,2020-08-26,0 days 15:58:07.524141,234334,59.36,59.35,514,5009,-761,239
575,CNC,2020-08-26,0 days 15:58:08.527319,235095,59.36,59.35,614,5014,385,-761
576,CNC,2020-08-26,0 days 15:58:09.528924,234480,59.37,59.36,1172,1366,-615,385
577,CNC,2020-08-26,0 days 15:59:00.654951,249995,59.38,59.37,1573,471,6064,-2437
578,CNC,2020-08-26,0 days 15:59:02.657548,254955,59.38,59.37,863,1281,-340,1464
579,CNC,2020-08-26,0 days 15:59:05.665100,249516,59.42,59.41,500,196,4518,-1461
580,CNC,2020-08-26,0 days 15:59:07.670688,255376,59.4,59.39,300,365,-6184,1560
581,CNC,2020-08-26,0 days 15:59:08.673529,254460,59.39,59.38,100,1005,1444,-6184
582,CNC,2020-08-26,0 days 15:59:18.692758,256315,59.4,59.39,1105,550,-2764,1340
583,CNC,2020-08-26,0 days 15:59:39.744877,262386,59.39,59.37,979,792,-11629,371
584,CNC,2020-08-26,0 days 15:59:47.763711,267752,59.38,59.36,1694,4754,7202,-408
585,CNC,2020-08-26,0 days 15:59:48.766373,274954,59.38,59.36,2794,4935,-4530,7202
586,CNK,2020-08-26,0 days 15:55:21.208025,100268,13.09,13.08,1014,7499,-284,1131
587,CNK,2020-08-26,0 days 15:56:03.310303,104909,13.1,13.09,7041,1402,498,-865
588,CNK,2020-08-26,0 days 15:56:04.312517,104407,13.1,13.09,8148,779,-502,498
589,CNK,2020-08-26,0 days 15:57:38.539962,105404,13.09,13.08,5305,4365,205,-795
590,CNK,2020-08-26,0 days 15:57:41.546917,105109,13.09,13.08,5425,5519,-295,105
591,CNK,2020-08-26,0 days 15:57:42.549550,105404,13.09,13.08,5635,5317,205,-295
592,CNK,2020-08-26,0 days 15:57:43.552168,104909,13.09,13.08,5635,5317,-495,205
593,CNK,2020-08-26,0 days 15:57:47.562527,105404,13.09,13.08,5635,5535,5,-495
594,CNK,2020-08-26,0 days 15:57:51.571475,105909,13.09,13.08,5537,5802,-2395,505
595,CNK,2020-08-26,0 days 15:57:52.573766,105704,13.09,13.08,5637,5702,205,-2395
596,CNK,2020-08-26,0 days 15:59:05.752838,107117,13.09,13.08,7360,6235,583,-163
597,CNK,2020-08-26,0 days 15:59:22.792649,137297,13.09,13.08,5401,12343,-320,2180
598,CNK,2020-08-26,0 days 15:59:32.812562,135568,13.09,13.08,3942,13880,1729,-320
599,CNK,2020-08-26,0 days 15:59:43.838553,134668,13.1,13.09,961,10488,1129,-7671
600,CNK,2020-08-26,0 days 15:59:45.844020,135797,13.11,13.1,2901,9095,-2610,1129
601,CNK,2020-08-26,0 days 15:59:46.846267,134907,13.11,13.1,5044,5343,1805,-2610
602,CNP,2020-08-26,0 days 15:59:10.705354,312937,19.64,19.63,24068,10877,469,-12263
603,CNP,2020-08-26,0 days 15:59:12.710337,292486,19.64,19.63,17368,14390,-21430,10349
604,CNP,2020-08-26,0 days 15:59:22.733187,319933,19.64,19.63,19707,8905,2321,-4028
605,CNP,2020-08-26,0 days 15:59:23.735740,317076,19.64,19.63,19418,12218,-2857,2321
606,CNP,2020-08-26,0 days 15:59:46.790820,324233,19.65,19.64,23713,25759,3662,-6357
607,CNP,2020-08-26,0 days 15:59:47.792484,321195,19.65,19.64,22313,26359,-3038,3662
608,CNX,2020-08-26,0 days 15:59:13.794351,199838,10.73,10.72,9737,18781,1146,-4423
609,CNX,2020-08-26,0 days 15:59:31.837776,200878,10.75,10.74,17990,4372,-64,636
610,CNX,2020-08-26,0 days 15:59:46.875562,203413,10.76,10.75,14609,4382,7921,-11829
611,CNX,2020-08-26,0 days 15:59:47.876452,197934,10.76,10.75,16900,1833,-5079,7921
612,COG,2020-08-26,0 days 15:57:35.581997,274651,18.68,18.67,14073,17275,562,-738
613,COG,2020-08-26,0 days 15:57:36.584292,271513,18.68,18.67,11348,19175,-3138,562
614,COG,2020-08-26,0 days 15:57:46.608913,275851,18.67,18.66,16794,2000,362,-138
615,COG,2020-08-26,0 days 15:57:47.611150,273413,18.67,18.66,16194,2996,-2438,362
616,COG,2020-08-26,0 days 15:58:15.679461,276031,18.67,18.66,14373,9122,1182,-2518
617,COG,2020-08-26,0 days 15:58:16.682130,273713,18.67,18.66,11109,10728,-2318,1182
618,COG,2020-08-26,0 days 15:58:24.701796,276573,18.67,18.66,23124,11006,2340,-2860
619,COG,2020-08-26,0 days 15:58:25.704829,274213,18.67,18.66,18211,13606,-2360,2340
620,COG,2020-08-26,0 days 15:58:52.769303,276573,18.67,18.66,20374,8575,5011,-2360
621,COG,2020-08-26,0 days 15:58:53.771750,274484,18.67,18.66,20156,8262,-2144,5011
622,COP,2020-08-26,0 days 15:57:30.520495,562024,37.57,37.56,3670,1665,12523,-13977
623,COP,2020-08-26,0 days 15:57:31.523042,561847,37.57,37.56,3970,1332,-177,12523
624,COP,2020-08-26,0 days 15:57:35.532566,562024,37.56,37.55,3218,2914,5223,-177
625,COP,2020-08-26,0 days 15:57:36.534853,555247,37.56,37.55,4417,2851,-8060,5223
626,COP,2020-08-26,0 days 15:57:50.569171,557547,37.55,37.54,9346,993,-4860,1040
627,COP,2020-08-26,0 days 15:59:21.791052,592720,37.53,37.52,1567,19233,15822,-6425
628,COP,2020-08-26,0 days 15:59:22.792649,590364,37.54,37.53,3305,5861,-9244,15822
629,COTY,2020-08-26,0 days 15:59:17.712104,203894,3.84,3.83,48801,134671,5758,-33112
630,COTY,2020-08-26,0 days 15:59:34.753704,192304,3.85,3.84,58865,82670,-14145,3203
631,CPE,2020-08-26,0 days 15:58:00.536913,22701,6.9,6.89,25031,1416,-2807,1736
632,CPE,2020-08-26,0 days 15:58:01.538761,21919,6.9,6.89,24040,1416,782,-2807
633,CPE,2020-08-26,0 days 15:59:36.768452,23593,6.89,6.88,1100,42185,-335,1454
634,CPE,2020-08-26,0 days 15:59:44.787707,23139,6.89,6.88,4666,36974,354,-14935
635,CPRI,2020-08-26,0 days 15:56:03.332490,48745,16.08,16.07,8787,2323,1014,-86
636,CPRI,2020-08-26,0 days 15:56:04.334769,47559,16.08,16.07,8387,1442,-1186,1014
637,CPRI,2020-08-26,0 days 15:57:45.577464,49635,16.07,16.06,13988,3252,42,-301
638,CPRI,2020-08-26,0 days 15:57:46.580469,48734,16.07,16.06,14316,4464,-901,42
639,CPRI,2020-08-26,0 days 15:59:07.780011,48153,16.05,16.04,6060,7461,-1746,2854
640,CPRI,2020-08-26,0 days 15:59:09.783825,50929,16.05,16.04,7726,10161,424,-1476
641,CPRI,2020-08-26,0 days 15:59:10.785369,50453,16.05,16.04,7926,10167,-476,424
642,CPRI,2020-08-26,0 days 15:59:40.858502,57672,16.05,16.04,4981,7536,24294,-906
643,CPRI,2020-08-26,0 days 15:59:41.860728,56966,16.05,16.04,1189,9385,-742,24294
644,CRM,2020-08-26,0 days 15:55:00.099645,719604,272.87,272.83,200,100,-14179,70751
645,CRM,2020-08-26,0 days 15:59:37.770857,802083,272.57,272.56,279,100,13351,-12590
646,CRM,2020-08-26,0 days 15:59:38.772427,786786,272.79,272.73,466,300,-18511,13351
647,CRM,2020-08-26,0 days 15:59:40.777882,802183,272.57,272.52,200,600,3336,-811
648,CRM,2020-08-26,0 days 15:59:41.779393,801119,272.66,272.59,1038,902,-1064,3336
649,CRM,2020-08-26,0 days 15:59:45.789695,805629,272.77,272.67,226,1400,5735,-12201
650,CRM,2020-08-26,0 days 15:59:48.796117,803482,272.65,272.6,200,100,-1547,2756
651,CRM,2020-08-26,0 days 15:59:54.812427,800996,272.53,272.47,1405,600,1193,-226
652,CS,2020-08-26,0 days 15:55:30.168907,66260,11.22,11.21,72489,75458,4827,-3873
653,CS,2020-08-26,0 days 15:55:31.169804,35887,11.22,11.21,65473,77058,-30373,4827
654,CS,2020-08-26,0 days 15:59:11.703093,66268,11.22,11.21,139275,21867,9908,-1282
655,CS,2020-08-26,0 days 15:59:12.705930,51776,11.22,11.21,139375,27567,-14492,9908
656,CS,2020-08-26,0 days 15:59:45.780898,66268,11.21,11.2,177372,72951,4756,-444
657,CS,2020-08-26,0 days 15:59:46.782661,66124,11.21,11.2,174044,60923,-1838,4756
658,CTL,2020-08-26,0 days 15:56:02.221716,993713,11.21,11.2,40983,77134,8382,-11818
659,CTL,2020-08-26,0 days 15:56:03.224237,981095,11.21,11.2,39343,77434,-12618,8382
660,CTL,2020-08-26,0 days 15:57:32.438456,1017347,11.21,11.2,56754,57102,5501,-14699
661,CTL,2020-08-26,0 days 15:57:33.441074,1004548,11.21,11.2,55254,57920,-12799,5501
662,CTL,2020-08-26,0 days 15:57:43.464686,1022647,11.21,11.2,58361,71868,11301,-9499
663,CTL,2020-08-26,0 days 15:57:44.467495,1009348,11.21,11.2,58661,73368,-13299,11301
664,CTL,2020-08-26,0 days 15:59:19.694869,1064774,11.21,11.2,68322,59164,12438,-14721
665,CTL,2020-08-26,0 days 15:59:20.697617,1055912,11.21,11.2,63522,67456,-8862,12438
666,CTL,2020-08-26,0 days 15:59:24.708260,1064774,11.21,11.2,64702,66479,57641,-8162
667,CTVA,2020-08-26,0 days 15:59:03.771026,282780,29.26,29.25,3544,5911,-40,2446
668,CVE,2020-08-26,0 days 15:58:59.672937,28898,4.82,4.81,137646,253208,-1683,1596
669,CVS,2020-08-26,0 days 15:57:35.446238,368695,62.75,62.74,3351,3989,-432,4968
670,CVS,2020-08-26,0 days 15:57:36.449297,364527,62.75,62.74,4053,3296,4168,-432
671,CVS,2020-08-26,0 days 15:58:13.538508,369378,62.75,62.74,3745,5538,-199,4201
672,CVS,2020-08-26,0 days 15:58:14.540759,365177,62.75,62.74,5357,4721,4201,-199
673,CVS,2020-08-26,0 days 15:58:57.644688,369876,62.72,62.71,1533,2232,-641,2690
674,CVS,2020-08-26,0 days 15:58:58.647188,367017,62.72,62.71,1629,2308,2859,-641
675,CVS,2020-08-26,0 days 15:59:09.675023,377195,62.71,62.7,1196,3116,-14630,3314
676,CVS,2020-08-26,0 days 15:59:11.680385,376777,62.71,62.7,3496,646,418,-7352
677,CVS,2020-08-26,0 days 15:59:15.686474,381082,62.71,62.7,3932,1036,-25885,658
678,CVS,2020-08-26,0 days 15:59:25.709991,393063,62.69,62.68,1631,1450,-6661,8019
679,CVX,2020-08-26,0 days 15:55:46.205618,911283,84.67,84.66,200,2712,-2406,69
680,CVX,2020-08-26,0 days 15:56:19.286067,923397,84.75,84.74,800,1500,8974,-12308
681,CVX,2020-08-26,0 days 15:56:21.290228,922889,84.75,84.74,10450,800,-508,3174
682,CVX,2020-08-26,0 days 15:56:35.324866,923397,84.7,84.69,100,786,710,-463
683,CVX,2020-08-26,0 days 15:57:31.458154,933766,84.68,84.67,638,2023,5779,-4121
684,CVX,2020-08-26,0 days 15:59:11.703105,968518,84.72,84.71,1866,485,4538,-262
685,CVX,2020-08-26,0 days 15:59:13.708522,973029,84.72,84.71,2358,539,-6687,1138
686,CVX,2020-08-26,0 days 15:59:15.708282,979716,84.72,84.71,2569,471,476,-6687
687,CVX,2020-08-26,0 days 15:59:20.718990,979716,84.75,84.73,1364,1456,322,-1660
688,CVX,2020-08-26,0 days 15:59:25.731478,977160,84.79,84.77,1690,1079,-4124,7158
689,CVX,2020-08-26,0 days 15:59:26.733580,981284,84.77,84.76,200,1116,876,-4124
690,CVX,2020-08-26,0 days 15:59:38.763487,974642,84.77,84.76,117,964,-16257,3043
691,CWH,2020-08-26,0 days 15:50:02.380241,27960,30.62,30.6,706,600,-11958,12807
692,CWH,2020-08-26,0 days 15:50:43.478132,27960,30.64,30.6,157,980,-11958,12807
693,CWH,2020-08-26,0 days 15:50:55.507156,15153,30.64,30.63,200,944,12807,-11958
694,CWH,2020-08-26,0 days 15:52:03.670004,27960,30.65,30.63,110,1189,-11958,12807
695,CWH,2020-08-26,0 days 15:52:07.678999,15153,30.65,30.63,920,425,12807,-11958
696,CWH,2020-08-26,0 days 15:55:09.115089,18262,30.6,30.58,1002,388,19872,-4893
697,CWH,2020-08-26,0 days 15:57:55.517100,21562,30.45,30.43,4331,9109,24059,-806
698,CX,2020-08-26,0 days 15:59:44.859796,138121,3.51,3.5,491598,233147,-5763,6237
699,CX,2020-08-26,0 days 15:59:45.862752,135584,3.51,3.5,485561,219579,2537,-5763
700,CX,2020-08-26,0 days 15:59:46.865645,138121,3.51,3.5,467561,219579,-15271,2537
701,CX,2020-08-26,0 days 15:59:47.866709,136392,3.51,3.5,472361,178863,1729,-15271
702,D,2020-08-26,0 days 15:55:01.182782,182350,78.15,78.13,500,800,-1786,514
703,D,2020-08-26,0 days 15:59:24.820910,266723,78.11,78.09,432,762,267,-3632
704,D,2020-08-26,0 days 15:59:28.829753,262817,78.11,78.09,838,750,-3506,2894
705,D,2020-08-26,0 days 15:59:47.876371,266749,78.09,78.08,100,500,1370,-16
706,D,2020-08-26,0 days 15:59:48.880491,265311,78.09,78.08,100,636,-1038,1370
707,DAL,2020-08-26,0 days 15:58:02.511926,521017,29.86,29.85,18853,8055,-13464,101836
708,DAL,2020-08-26,0 days 15:59:18.692858,532021,29.89,29.88,24976,14815,-5307,56093
709,DAL,2020-08-26,0 days 15:59:22.702450,541720,29.89,29.88,31267,14049,4306,-6099
710,DAL,2020-08-26,0 days 15:59:27.714566,537053,29.88,29.87,17988,13211,-15647,6780
711,DAL,2020-08-26,0 days 15:59:28.717719,552700,29.88,29.87,21123,10975,1153,-15647
712,DAL,2020-08-26,0 days 15:59:34.732442,495760,29.88,29.87,6415,28139,-56940,143060
713,DAL,2020-08-26,0 days 15:59:35.735560,552700,29.88,29.87,7615,21160,3460,-56940
714,DAL,2020-08-26,0 days 15:59:36.737407,556160,29.88,29.87,8495,21836,-10393,3460
715,DAL,2020-08-26,0 days 15:59:37.740816,566553,29.88,29.87,8595,27782,22507,-10393
716,DAL,2020-08-26,0 days 15:59:44.756453,619016,29.9,29.89,11932,19156,-11026,1588
717,DAL,2020-08-26,0 days 15:59:45.759625,630042,29.9,29.89,14035,10626,39658,-11026
718,DAL,2020-08-26,0 days 15:59:50.771473,581750,29.9,29.89,5347,14357,-43372,11743
719,DB,2020-08-26,0 days 15:59:01.655870,85299,9.81,9.8,147673,114653,-26142,33758
720,DB,2020-08-26,0 days 15:59:02.657644,82641,9.81,9.8,146173,112528,3111,-26142
721,DB,2020-08-26,0 days 15:59:17.690481,85752,9.81,9.8,117206,111555,-352,3111
722,DB,2020-08-26,0 days 15:59:37.740835,73875,9.81,9.8,124027,108060,11877,-423
723,DD,2020-08-26,0 days 15:59:37.771279,338255,56.94,56.93,2484,415,8496,-704
724,DD,2020-08-26,0 days 15:59:38.773362,333951,56.94,56.92,4438,2879,-4304,8496
725,DD,2020-08-26,0 days 15:59:45.790693,339078,56.93,56.92,3576,2292,6019,-3104
726,DD,2020-08-26,0 days 15:59:46.789880,335197,56.93,56.92,1080,1881,-4618,6019
727,DDD,2020-08-26,0 days 15:55:00.098034,99139,5.48,5.47,20293,16581,-1715,26049
728,DDD,2020-08-26,0 days 15:56:16.282000,101054,5.49,5.48,12302,23828,7583,-10517
729,DDD,2020-08-26,0 days 15:56:17.284092,100037,5.49,5.48,12265,23228,-1017,7583
730,DDD,2020-08-26,0 days 15:58:24.592891,101232,5.49,5.48,25329,18605,479,-1921
731,DDD,2020-08-26,0 days 15:58:25.595368,99311,5.49,5.48,48823,21324,-1921,479
732,DDD,2020-08-26,0 days 15:59:02.685603,101232,5.48,5.47,37222,28783,2285,-245
733,DDD,2020-08-26,0 days 15:59:03.690538,100467,5.48,5.47,35636,30032,-765,2285
734,DDD,2020-08-26,0 days 15:59:17.720525,103748,5.48,5.47,48709,11457,2860,-775
735,DDD,2020-08-26,0 days 15:59:18.723049,96433,5.48,5.47,44854,14367,-7315,2860
736,DDD,2020-08-26,0 days 15:59:36.767350,103848,5.48,5.47,50586,23688,3412,-3788
737,DDD,2020-08-26,0 days 15:59:37.770211,103635,5.48,5.47,47623,27356,-213,3412
738,DDD,2020-08-26,0 days 15:59:46.788591,105348,5.48,5.47,48508,28670,234,-1713
739,DDD,2020-08-26,0 days 15:59:48.793489,105082,5.48,5.47,48608,32227,-266,234
740,DE,2020-08-26,0 days 15:55:26.278803,85279,210.97,210.94,110,400,-136,764
741,DE,2020-08-26,0 days 15:56:05.372536,88563,210.92,210.87,175,784,194,-326
742,DE,2020-08-26,0 days 15:56:06.375330,88257,210.92,210.87,175,784,-306,194
743,DE,2020-08-26,0 days 15:56:37.449705,88756,210.92,210.88,812,100,173,-161
744,DE,2020-08-26,0 days 15:56:38.452909,88529,210.9,210.87,200,275,-227,173
745,DE,2020-08-26,0 days 15:57:18.540047,88756,211.04,211.02,100,116,70,-227
746,DE,2020-08-26,0 days 15:57:19.542980,88526,211.0,210.95,200,100,-230,70
747,DE,2020-08-26,0 days 15:57:50.618902,95259,210.89,210.88,418,100,132,-768
748,DE,2020-08-26,0 days 15:57:51.620647,94491,210.89,210.88,227,220,-868,132
749,DE,2020-08-26,0 days 15:58:02.648012,92301,210.93,210.89,200,808,2269,-3075
750,DE,2020-08-26,0 days 15:58:03.650792,91270,210.93,210.9,300,298,-131,2269
751,DE,2020-08-26,0 days 15:58:09.665593,92301,210.93,210.9,200,341,1541,-828
752,DE,2020-08-26,0 days 15:58:10.667644,92179,210.95,210.91,823,100,-122,1541
753,DE,2020-08-26,0 days 15:59:01.791772,91409,210.9,210.87,200,209,57,-850
754,DE,2020-08-26,0 days 15:59:02.794015,91209,210.91,210.88,2343,200,-880,57
755,DE,2020-08-26,0 days 15:59:16.822820,102284,210.87,210.82,1246,100,285,-728
756,DE,2020-08-26,0 days 15:59:17.825239,102126,210.87,210.83,972,100,-158,285
757,DE,2020-08-26,0 days 15:59:41.884201,104446,210.89,210.82,100,1400,587,-113
758,DE,2020-08-26,0 days 15:59:42.886419,104933,210.93,210.8,526,500,-420,587
759,DFS,2020-08-26,0 days 15:57:31.458143,1149854,51.51,51.5,700,832,949,-1651
760,DFS,2020-08-26,0 days 15:57:32.460708,1146003,51.51,51.5,700,932,-3851,949
761,DFS,2020-08-26,0 days 15:57:35.469464,1149854,51.51,51.5,331,1240,2949,-3851
762,DFS,2020-08-26,0 days 15:57:36.470966,1147603,51.51,51.5,331,1308,-2251,2949
763,DFS,2020-08-26,0 days 15:57:44.490231,1149854,51.51,51.49,547,100,8049,-6551
764,DFS,2020-08-26,0 days 15:58:00.531320,1149854,51.52,51.5,509,400,1452,-2248
765,DFS,2020-08-26,0 days 15:58:01.532715,1147604,51.52,51.5,1002,500,-2250,1452
766,DFS,2020-08-26,0 days 15:58:02.534792,1149854,51.52,51.5,1003,834,1350,-2250
767,DFS,2020-08-26,0 days 15:58:03.537599,1147804,51.52,51.5,304,1134,-2050,1350
768,DFS,2020-08-26,0 days 15:59:12.705848,1152978,51.52,51.51,507,931,-120,14817
769,DHI,2020-08-26,0 days 15:55:25.275146,402540,74.29,74.28,3546,641,-20021,356
770,DHI,2020-08-26,0 days 15:55:26.278553,422561,74.26,74.24,4013,2546,14379,-20021
771,DHI,2020-08-26,0 days 15:55:27.280875,421327,74.26,74.24,5363,2489,-1234,14379
772,DHI,2020-08-26,0 days 15:56:01.363502,422694,74.21,74.2,3815,1585,4133,-1327
773,DHI,2020-08-26,0 days 15:56:02.365303,421327,74.21,74.2,2100,1480,-1367,4133
774,DHI,2020-08-26,0 days 15:56:06.374981,422694,74.2,74.18,1202,1257,5693,-1307
775,DHI,2020-08-26,0 days 15:56:07.377027,421987,74.2,74.18,1785,1356,-1104,5693
776,DHI,2020-08-26,0 days 15:57:01.507566,423605,74.15,74.14,3153,200,3883,-417
777,DHI,2020-08-26,0 days 15:57:02.509741,423488,74.15,74.14,4178,395,-117,3883
778,DHI,2020-08-26,0 days 15:57:35.581637,425770,74.17,74.16,1761,1531,1421,-679
779,DHI,2020-08-26,0 days 15:57:50.618608,451791,74.17,74.16,1900,1457,-379,4421
780,DHI,2020-08-26,0 days 15:57:51.620358,449070,74.17,74.16,2000,1465,2730,-379
781,DHI,2020-08-26,0 days 15:57:53.625506,451800,74.17,74.16,2300,1256,-1070,2730
782,DHI,2020-08-26,0 days 15:57:54.627749,449070,74.17,74.16,2840,1344,3430,-1070
783,DHI,2020-08-26,0 days 15:59:05.801103,453268,74.15,74.14,3426,971,2598,-2302
784,DHI,2020-08-26,0 days 15:59:15.820352,464913,74.14,74.13,1108,4068,-6411,2568
785,DHI,2020-08-26,0 days 15:59:42.886100,490717,74.11,74.1,5016,3437,-8011,184
786,DHI,2020-08-26,0 days 15:59:43.888396,488428,74.11,74.1,5240,2276,2289,-8011
787,DHI,2020-08-26,0 days 15:59:47.897881,491604,74.1,74.09,974,100,8858,-6032
788,DHT,2020-08-26,0 days 15:59:20.697549,268683,5.41,5.4,50252,10264,12368,-9032
789,DIS,2020-08-26,0 days 15:56:30.289193,460142,132.15,132.14,909,410,-12200,34528
790,DIS,2020-08-26,0 days 15:56:32.294121,469542,132.14,132.12,1111,300,37300,-9878
791,DIS,2020-08-26,0 days 15:57:38.453553,508657,132.25,132.24,100,1332,-4458,2520
792,DIS,2020-08-26,0 days 15:58:54.637574,518720,132.29,132.28,405,253,1567,-333
793,DIS,2020-08-26,0 days 15:58:56.642821,517109,132.26,132.25,532,100,-340,611
794,DIS,2020-08-26,0 days 15:59:05.665179,521661,132.27,132.26,985,714,2099,-691
795,DIS,2020-08-26,0 days 15:59:10.677632,521799,132.27,132.25,728,1159,-662,487
796,DIS,2020-08-26,0 days 15:59:16.687677,539274,132.25,132.24,1529,757,6546,-20373
797,DIS,2020-08-26,0 days 15:59:17.690470,538220,132.25,132.24,816,458,-608,6546
798,DIS,2020-08-26,0 days 15:59:24.708235,539277,132.25,132.24,531,900,3017,-105
799,DIS,2020-08-26,0 days 15:59:32.727110,541782,132.26,132.25,482,300,-37,763
800,DIS,2020-08-26,0 days 15:59:33.730528,540548,132.21,132.2,337,230,1353,-37
801,DKS,2020-08-26,0 days 15:55:22.153348,76596,54.12,54.11,2868,2453,1139,-474
802,DKS,2020-08-26,0 days 15:55:23.155561,76335,54.12,54.11,2878,2453,-261,1139
803,DKS,2020-08-26,0 days 15:58:11.562925,84057,53.86,53.85,2084,734,4903,-822
804,DKS,2020-08-26,0 days 15:58:12.564749,83660,53.86,53.85,2868,376,-397,4903
805,DKS,2020-08-26,0 days 15:58:13.568476,84057,53.86,53.85,1990,463,303,-397
806,DKS,2020-08-26,0 days 15:58:14.570160,83660,53.86,53.85,2299,763,-397,303
807,DKS,2020-08-26,0 days 15:58:17.576601,84057,53.86,53.85,2699,1263,303,-397
808,DKS,2020-08-26,0 days 15:58:18.579349,83660,53.86,53.85,2699,1263,-397,303
809,DKS,2020-08-26,0 days 15:58:19.581642,84057,53.86,53.85,2661,1263,603,-397
810,DKS,2020-08-26,0 days 15:58:20.585326,83660,53.86,53.85,5077,1363,-397,603
811,DKS,2020-08-26,0 days 15:58:25.596364,84057,53.86,53.84,5716,1186,203,-397
812,DKS,2020-08-26,0 days 15:58:26.599111,82360,53.86,53.85,4852,460,-1697,203
813,DKS,2020-08-26,0 days 15:59:11.709013,84336,53.82,53.81,3853,686,6784,-199
814,DKS,2020-08-26,0 days 15:59:42.783209,88418,53.82,53.81,1147,2876,-931,1226
815,DKS,2020-08-26,0 days 15:59:43.785168,89349,53.82,53.81,883,624,269,-931
816,DOC,2020-08-26,0 days 15:55:00.247069,101439,17.82,17.81,3602,2240,-1117,35397
817,DOC,2020-08-26,0 days 15:55:01.249679,99556,17.82,17.81,5682,3125,1883,-1117
818,DOC,2020-08-26,0 days 15:56:15.429883,102193,17.81,17.8,1881,6485,-179,1521
819,DOC,2020-08-26,0 days 15:56:16.432423,100472,17.81,17.8,1881,6264,1721,-179
820,DOC,2020-08-26,0 days 15:58:24.740271,102982,17.84,17.83,4760,14527,-806,1994
821,DOC,2020-08-26,0 days 15:58:25.743374,101688,17.84,17.83,5960,12827,1294,-806
822,DOC,2020-08-26,0 days 15:59:07.846670,104158,17.82,17.81,3115,8808,-211,1524
823,DOC,2020-08-26,0 days 15:59:13.861314,103220,17.82,17.81,10733,5560,948,-218
824,DOC,2020-08-26,0 days 15:59:30.901046,109159,17.84,17.83,7300,6832,899,-3301
825,DOC,2020-08-26,0 days 15:59:45.937563,111551,17.84,17.83,7153,8540,-5999,821
826,DOC,2020-08-26,0 days 15:59:46.940009,111150,17.84,17.83,8247,4266,1690,-5999
827,DOW,2020-08-26,0 days 15:56:52.451703,325256,46.32,46.31,1410,4406,10939,-8561
828,DOW,2020-08-26,0 days 15:57:03.478181,326495,46.35,46.34,2200,7285,-497,1503
829,DOW,2020-08-26,0 days 15:57:06.485740,327392,46.35,46.34,2746,6792,553,-897
830,DOW,2020-08-26,0 days 15:57:35.555129,327945,46.35,46.34,3391,621,-4347,453
831,DOW,2020-08-26,0 days 15:59:00.763434,351986,46.34,46.33,2379,2800,1059,-1336
832,DUK,2020-08-26,0 days 15:55:23.212871,179814,79.48,79.47,1909,904,181,-574
833,DUK,2020-08-26,0 days 15:55:24.215475,179295,79.48,79.47,2520,404,-419,181
834,DUK,2020-08-26,0 days 15:55:58.298258,185182,79.47,79.46,479,1381,346,-435
835,DUK,2020-08-26,0 days 15:55:59.300411,184328,79.47,79.46,479,1481,-754,346
836,DUK,2020-08-26,0 days 15:56:05.315101,185937,79.49,79.48,176,816,796,-781
837,DUK,2020-08-26,0 days 15:57:54.578403,191503,79.52,79.51,1859,500,-104,1496
838,DUK,2020-08-26,0 days 15:57:55.581163,191007,79.52,79.51,1859,528,196,-104
839,DUK,2020-08-26,0 days 15:57:59.590783,191603,79.52,79.5,2069,2786,-4,796
840,DUK,2020-08-26,0 days 15:58:02.599333,190907,79.51,79.5,474,2786,543,-157
841,DUK,2020-08-26,0 days 15:58:08.613551,191465,79.54,79.53,733,840,-142,8458
842,DUK,2020-08-26,0 days 15:58:49.712596,189842,79.55,79.54,280,1984,-1565,435
843,DUK,2020-08-26,0 days 15:59:24.798022,214101,79.52,79.5,385,2659,5958,-1367
844,DUK,2020-08-26,0 days 15:59:41.833606,223322,79.53,79.52,1100,2419,2337,-3263
845,DUK,2020-08-26,0 days 15:59:42.835681,216436,79.55,79.54,100,3468,-9586,2337
846,DUK,2020-08-26,0 days 15:59:43.838553,223022,79.52,79.51,1600,100,5537,-9586
847,DUK,2020-08-26,0 days 15:59:45.844020,223311,79.53,79.51,2206,600,-69,279
848,DVN,2020-08-26,0 days 15:55:29.251815,395240,10.75,10.74,33588,13364,16222,-9074
849,DVN,2020-08-26,0 days 15:55:30.254426,388062,10.75,10.74,32113,13364,-7178,16222
850,DVN,2020-08-26,0 days 15:59:17.803971,438139,10.71,10.7,48617,49628,1590,-8958
851,DVN,2020-08-26,0 days 15:59:31.837891,440757,10.71,10.7,23374,70644,1796,-417
852,DVN,2020-08-26,0 days 15:59:41.862500,442372,10.72,10.71,33507,45935,-2585,1796
853,EAF,2020-08-26,0 days 15:55:21.232345,23121,6.83,6.82,6700,10113,-4356,6844
854,EAF,2020-08-26,0 days 15:55:22.234728,22377,6.83,6.82,6700,10813,244,-4356
855,EAF,2020-08-26,0 days 15:56:15.362928,25210,6.83,6.82,6910,9331,-679,1021
856,EAF,2020-08-26,0 days 15:56:16.365130,24689,6.83,6.82,6910,9331,521,-679
857,EAF,2020-08-26,0 days 15:56:22.379689,29310,6.83,6.82,7390,8931,-479,521
858,EAF,2020-08-26,0 days 15:58:10.640488,30789,6.84,6.83,2813,14583,3632,-807
859,EAF,2020-08-26,0 days 15:58:11.642887,29952,6.84,6.83,1957,15987,-847,3632
860,ED,2020-08-26,0 days 15:55:00.214998,117358,70.84,70.82,649,953,-10519,9315
861,ED,2020-08-26,0 days 15:55:28.284238,131512,70.8,70.79,4419,660,652,-4448
862,ED,2020-08-26,0 days 15:55:29.286308,130264,70.8,70.79,4319,1154,-1448,652
863,ED,2020-08-26,0 days 15:55:58.355810,131712,70.8,70.79,400,746,12,-1049
864,ED,2020-08-26,0 days 15:56:02.365637,131724,70.8,70.79,100,1897,-88,12
865,ED,2020-08-26,0 days 15:58:01.645937,138128,70.78,70.77,2414,3582,125,-307
866,ED,2020-08-26,0 days 15:58:02.648055,136931,70.78,70.77,2314,3499,-1129,125
867,ED,2020-08-26,0 days 15:59:45.894459,145206,70.79,70.76,2787,1609,571,-1145
868,ED,2020-08-26,0 days 15:59:48.901730,144007,70.78,70.77,1384,500,-1131,669
869,EGO,2020-08-26,0 days 15:59:37.917834,19883,11.14,11.13,10070,37551,-5230,170
870,EGO,2020-08-26,0 days 15:59:38.920533,19735,11.14,11.13,14870,34064,148,-5230
871,EGO,2020-08-26,0 days 15:59:45.937534,19883,11.14,11.13,6923,40054,-730,148
872,EGO,2020-08-26,0 days 15:59:46.939923,19835,11.14,11.13,13429,28760,317,-730
873,ELAN,2020-08-26,0 days 15:59:05.766086,239871,28.15,28.14,5503,1870,8809,-3530
874,ELAN,2020-08-26,0 days 15:59:06.768541,225080,28.15,28.14,6484,1970,-14926,8809
875,ELAN,2020-08-26,0 days 15:59:18.796104,243594,28.17,28.15,2400,3332,336,-2918
876,ELAN,2020-08-26,0 days 15:59:19.798746,244130,28.17,28.15,2400,4032,-453,336
877,ELAN,2020-08-26,0 days 15:59:30.825965,243483,28.16,28.15,400,1987,947,-253
878,ELAN,2020-08-26,0 days 15:59:31.827714,242961,28.16,28.15,914,2200,-522,947
879,EMR,2020-08-26,0 days 15:56:04.254452,296896,70.33,70.32,793,236,439,-2416
880,EMR,2020-08-26,0 days 15:56:17.284666,290683,70.35,70.34,1948,247,-6213,987
881,EMR,2020-08-26,0 days 15:59:18.723965,314944,70.23,70.22,231,1107,-3780,4320
882,EMR,2020-08-26,0 days 15:59:24.739596,325419,70.24,70.23,1612,200,1671,-7739
883,EMR,2020-08-26,0 days 15:59:30.754119,314690,70.24,70.23,891,1578,-17806,9170
884,EMR,2020-08-26,0 days 15:59:31.756935,332496,70.24,70.23,1391,1161,1694,-17806
885,EMR,2020-08-26,0 days 15:59:35.766411,339520,70.32,70.31,100,100,669,-33582
886,EMR,2020-08-26,0 days 15:59:48.794083,339214,70.34,70.32,1079,899,-306,4443
887,EMR,2020-08-26,0 days 15:59:55.812409,335220,70.31,70.3,9448,1000,5901,-2794
888,ENB,2020-08-26,0 days 15:56:05.315090,31675,32.17,32.16,16543,5530,-1490,376
889,ENB,2020-08-26,0 days 15:56:06.317313,31065,32.17,32.16,12143,6630,610,-1490
890,ENB,2020-08-26,0 days 15:56:17.343669,31675,32.17,32.16,11877,8133,-459,603
891,ENB,2020-08-26,0 days 15:56:18.346138,31134,32.17,32.16,8677,8833,541,-459
892,ENB,2020-08-26,0 days 15:56:19.348870,31675,32.17,32.16,9277,9651,-1459,541
893,ENB,2020-08-26,0 days 15:56:20.352317,29534,32.17,32.16,9577,9166,2141,-1459
894,ENB,2020-08-26,0 days 15:58:00.594471,26470,32.15,32.14,8095,11837,-4356,982
895,ENB,2020-08-26,0 days 15:59:11.767316,31457,32.14,32.13,15685,6097,1245,-4084
896,ENB,2020-08-26,0 days 15:59:31.808968,34657,32.15,32.14,6206,18819,341,-159
897,EOG,2020-08-26,0 days 15:58:14.627608,303181,43.24,43.23,1729,4175,6656,-1744
898,EOG,2020-08-26,0 days 15:59:15.776030,316572,43.22,43.21,954,4172,-23097,3499
899,EOG,2020-08-26,0 days 15:59:16.778032,312169,43.22,43.21,954,2110,4361,-23097
900,EOG,2020-08-26,0 days 15:59:23.794925,323869,43.22,43.21,478,1821,-558,1042
901,EOG,2020-08-26,0 days 15:59:34.817866,318702,43.25,43.24,500,784,50,-950
902,EOG,2020-08-26,0 days 15:59:38.826095,318752,43.26,43.25,1008,1825,-20850,1550
903,EOG,2020-08-26,0 days 15:59:42.835653,318452,43.26,43.25,362,1014,300,-1400
904,EOG,2020-08-26,0 days 15:59:44.840639,318752,43.27,43.26,501,3502,-400,200
905,EOG,2020-08-26,0 days 15:59:46.846233,317809,43.26,43.25,552,600,943,-3257
906,EPD,2020-08-26,0 days 15:55:29.320540,57757,17.47,17.46,26162,14237,-19419,1681
907,EQH,2020-08-26,0 days 15:59:41.749931,459402,21.17,21.16,4776,8301,2340,-7374
908,EQH,2020-08-26,0 days 15:59:44.756381,461542,21.17,21.16,2464,9582,-6519,554
909,EQNR,2020-08-26,0 days 15:59:36.767676,18975,16.15,16.14,84416,33219,-3417,5412
910,EQNR,2020-08-26,0 days 15:59:45.789894,17723,16.15,16.14,79943,30261,181,-819
911,ET,2020-08-26,0 days 15:59:36.914680,108579,6.45,6.44,110843,178040,-2631,16
912,ET,2020-08-26,0 days 15:59:37.917238,108063,6.45,6.44,86804,170662,16,-2631
913,ET,2020-08-26,0 days 15:59:48.945498,107616,6.46,6.45,76511,178434,243,-684
914,ETRN,2020-08-26,0 days 15:55:00.213536,133676,10.52,10.51,2677,6417,2194,-22255
915,ETRN,2020-08-26,0 days 15:55:30.287445,141578,10.5,10.49,8909,2925,-5098,3102
916,ETRN,2020-08-26,0 days 15:59:03.796724,154680,10.5,10.49,16646,5431,2066,-777
917,ETRN,2020-08-26,0 days 15:59:05.801031,156763,10.5,10.49,15346,5725,-117,2066
918,ETRN,2020-08-26,0 days 15:59:06.803225,161472,10.5,10.49,12946,12075,426,-117
919,EW,2020-08-26,0 days 15:56:05.330286,231453,81.66,81.62,699,811,1757,-1568
920,EW,2020-08-26,0 days 15:56:06.332721,230510,81.66,81.62,574,911,-943,1757
921,EW,2020-08-26,0 days 15:57:37.552220,237318,81.61,81.59,700,307,705,-1495
922,EW,2020-08-26,0 days 15:57:38.553644,235923,81.61,81.59,700,307,-1395,705
923,EW,2020-08-26,0 days 15:57:40.558602,238018,81.6,81.59,400,100,205,-1395
924,EW,2020-08-26,0 days 15:57:41.560920,236523,81.6,81.59,300,301,-795,205
925,EW,2020-08-26,0 days 15:58:15.644189,238018,81.59,81.58,835,300,245,-1655
926,EW,2020-08-26,0 days 15:58:16.646642,236363,81.59,81.58,735,400,-1655,245
927,EW,2020-08-26,0 days 15:59:13.785837,250116,81.57,81.55,1359,715,9542,-2039
928,EW,2020-08-26,0 days 15:59:14.787383,249958,81.57,81.55,531,715,-1151,9542
929,F,2020-08-26,0 days 15:59:42.886449,1793755,6.82,6.81,1019254,351498,357,-343
930,F,2020-08-26,0 days 15:59:44.890862,1794112,6.82,6.81,1043784,342879,-11643,2457
931,F,2020-08-26,0 days 15:59:46.896751,1810755,6.82,6.81,987070,206262,1944,-10343
932,FCAU,2020-08-26,0 days 15:58:51.717383,65512,11.29,11.28,83367,21052,-680,2445
933,FCAU,2020-08-26,0 days 15:58:52.719879,61592,11.29,11.28,94312,18652,3920,-680
934,FCAU,2020-08-26,0 days 15:59:02.744955,65499,11.29,11.28,80944,28107,-2042,2214
935,FCAU,2020-08-26,0 days 15:59:03.749120,63186,11.29,11.28,77744,28407,2039,-2042
936,FCAU,2020-08-26,0 days 15:59:17.780799,65800,11.29,11.28,74315,31725,-1104,2956
937,FCAU,2020-08-26,0 days 15:59:18.784035,66904,11.29,11.28,75740,28625,1109,-1104
938,FCAU,2020-08-26,0 days 15:59:27.802669,68013,11.29,11.28,70413,35313,-2176,1109
939,FCAU,2020-08-26,0 days 15:59:28.805485,65389,11.29,11.28,73713,31247,2624,-2176
940,FCAU,2020-08-26,0 days 15:59:32.812562,68013,11.29,11.28,81013,41301,-1142,2624
941,FCAU,2020-08-26,0 days 15:59:33.814594,65655,11.29,11.28,85221,39592,2358,-1142
942,FCX,2020-08-26,0 days 15:55:36.187383,576815,15.03,15.02,29614,48156,385,-815
943,FCX,2020-08-26,0 days 15:59:06.696583,616840,15.04,15.03,44587,97429,44923,-34906
944,FCX,2020-08-26,0 days 15:59:15.716376,572986,15.04,15.03,46119,73442,-52120,844
945,FCX,2020-08-26,0 days 15:59:33.760839,686007,15.02,15.01,47488,46000,11528,-7344
946,FCX,2020-08-26,0 days 15:59:44.787727,693437,15.02,15.01,56557,77000,-4030,4628
947,FCX,2020-08-26,0 days 15:59:46.789675,692267,15.02,15.01,68195,55500,1347,-2830
948,FDX,2020-08-26,0 days 15:59:15.789004,201510,215.88,215.8,346,200,-17594,62469
949,FDX,2020-08-26,0 days 15:59:16.791326,199904,215.82,215.71,540,300,1706,-17594
950,FDX,2020-08-26,0 days 15:59:27.817515,202930,215.8,215.78,253,314,-118,182
951,FDX,2020-08-26,0 days 15:59:30.825930,204348,215.8,215.76,228,725,938,-118
952,FDX,2020-08-26,0 days 15:59:35.838051,205286,215.76,215.74,200,100,-6939,338
953,FE,2020-08-26,0 days 15:59:34.845921,342881,28.05,28.04,1342,7690,-15262,33653
954,FE,2020-08-26,0 days 15:59:45.872756,357501,28.04,28.03,7615,1519,23420,-127
955,FE,2020-08-26,0 days 15:59:46.875525,353221,28.04,28.03,5394,4188,-8795,23420
956,FHN,2020-08-26,0 days 15:56:36.331625,230423,9.52,9.51,26512,48306,687,-3813
957,FHN,2020-08-26,0 days 15:56:37.333834,229510,9.52,9.51,28555,47979,-913,687
958,FHN,2020-08-26,0 days 15:59:46.789729,246232,9.52,9.51,53921,14119,-930,3270
959,FIS,2020-08-26,0 days 15:56:04.312447,286658,147.7,147.69,600,100,-2124,776
960,FIS,2020-08-26,0 days 15:56:05.315025,281082,147.69,147.67,1000,700,6469,-2124
961,FIS,2020-08-26,0 days 15:57:34.530315,289251,147.83,147.81,128,727,-379,1521
962,FIS,2020-08-26,0 days 15:57:39.542772,284130,147.8,147.78,300,559,5121,-1279
963,FIS,2020-08-26,0 days 15:58:56.729754,290171,147.92,147.88,490,460,-67,633
964,FIS,2020-08-26,0 days 15:59:03.749001,291337,147.89,147.87,631,400,539,-175
965,FIS,2020-08-26,0 days 15:59:05.752685,290162,147.88,147.86,186,400,-17096,539
966,FIS,2020-08-26,0 days 15:59:06.754775,263858,147.83,147.81,100,600,31205,-17096
967,FIS,2020-08-26,0 days 15:59:07.757613,293899,147.91,147.88,1020,344,-26270,31205
968,FIS,2020-08-26,0 days 15:59:08.759419,277169,147.82,147.77,1504,800,16962,-26270
969,FIS,2020-08-26,0 days 15:59:20.787954,291796,147.89,147.85,300,754,6445,-1054
970,FIS,2020-08-26,0 days 15:59:21.790912,296507,147.91,147.87,1100,300,-2989,6445
971,FIS,2020-08-26,0 days 15:59:22.792560,295260,147.91,147.86,933,182,1347,-2989
972,FIS,2020-08-26,0 days 15:59:25.799969,302668,147.91,147.87,1271,529,-10292,14608
973,FIS,2020-08-26,0 days 15:59:26.802809,300960,147.88,147.86,160,582,1708,-10292
974,FIS,2020-08-26,0 days 15:59:27.802605,302668,147.88,147.85,130,525,-1773,1708
975,FIS,2020-08-26,0 days 15:59:28.805414,296941,147.84,147.81,466,300,5727,-1773
976,FIS,2020-08-26,0 days 15:59:29.804114,302668,147.89,147.85,223,300,-3073,5727
977,FIS,2020-08-26,0 days 15:59:30.807293,302084,147.89,147.85,779,900,584,-3073
978,FIS,2020-08-26,0 days 15:59:45.843766,303083,147.9,147.86,406,200,-1054,664
979,FIS,2020-08-26,0 days 15:59:47.848133,302437,147.9,147.88,229,501,1832,-48
980,FIT,2020-08-26,0 days 15:55:00.214201,1585582,6.45,6.44,103236,64595,-5596,1448456
981,FIT,2020-08-26,0 days 15:55:09.236813,1570678,6.45,6.44,107236,65798,5304,-5096
982,FIT,2020-08-26,0 days 15:55:10.240101,1531682,6.45,6.44,107236,65798,-28996,5304
983,FIT,2020-08-26,0 days 15:59:27.849909,1674571,6.45,6.44,77764,81513,-1388,15748
984,FIT,2020-08-26,0 days 15:59:46.896751,1704285,6.45,6.44,83751,93581,3306,-14814
985,FIT,2020-08-26,0 days 15:59:47.898185,1702691,6.45,6.44,72200,90539,-26157,3306
986,FL,2020-08-26,0 days 15:55:00.157158,66687,29.13,29.12,1263,620,-1607,27234
987,FL,2020-08-26,0 days 15:55:38.249891,79680,29.14,29.13,880,1914,1207,-193
988,FL,2020-08-26,0 days 15:56:04.312517,81093,29.14,29.13,1918,1339,-253,688
989,FL,2020-08-26,0 days 15:56:07.319718,79206,29.14,29.13,2175,1334,1909,-52
990,FL,2020-08-26,0 days 15:56:18.346138,81115,29.14,29.13,2839,1431,-320,153
991,FL,2020-08-26,0 days 15:56:19.348870,80235,29.14,29.13,2839,1431,880,-320
992,FL,2020-08-26,0 days 15:56:35.388179,81115,29.15,29.14,700,2630,-820,419
993,FL,2020-08-26,0 days 15:56:36.390401,80335,29.15,29.14,805,2630,780,-820
994,FL,2020-08-26,0 days 15:57:31.523024,87609,29.18,29.17,1272,1369,-235,978
995,FL,2020-08-26,0 days 15:57:32.525081,86344,29.18,29.17,1272,1369,1239,-235
996,FL,2020-08-26,0 days 15:57:38.539952,87609,29.18,29.17,2263,1219,-135,639
997,FL,2020-08-26,0 days 15:57:39.542923,87344,29.18,29.17,2263,1119,239,-135
998,FL,2020-08-26,0 days 15:57:41.546917,87583,29.18,29.17,2601,819,-161,239
999,FL,2020-08-26,0 days 15:57:42.549550,86644,29.17,29.16,1215,982,939,-161
1000,FL,2020-08-26,0 days 15:59:00.741660,88624,29.18,29.17,2501,2790,-189,744
1001,FL,2020-08-26,0 days 15:59:01.742695,87922,29.18,29.17,3220,2590,677,-189
1002,FL,2020-08-26,0 days 15:59:30.807418,88443,29.15,29.14,100,1706,-22645,355
1003,FL,2020-08-26,0 days 15:59:31.808968,88054,29.14,29.13,400,2934,364,-22645
1004,FLR,2020-08-26,0 days 15:56:05.405689,87308,9.47,9.46,10078,8522,164,-227
1005,FLR,2020-08-26,0 days 15:56:06.408443,86272,9.47,9.46,9682,8914,-1036,164
1006,FLR,2020-08-26,0 days 15:56:15.429852,87308,9.47,9.46,9660,12492,664,-1036
1007,FLR,2020-08-26,0 days 15:56:16.432407,86472,9.47,9.46,9691,12601,-836,664
1008,FLR,2020-08-26,0 days 15:56:47.507159,88408,9.46,9.45,22536,5281,1064,-2736
1009,FLR,2020-08-26,0 days 15:56:48.509827,87672,9.46,9.45,22582,4502,-736,1064
1010,FLR,2020-08-26,0 days 15:57:07.556041,87310,9.46,9.45,22433,8288,362,-738
1011,FLR,2020-08-26,0 days 15:57:08.558495,84572,9.46,9.45,20933,8988,-2738,362
1012,FLR,2020-08-26,0 days 15:57:13.569313,92410,9.46,9.45,22482,5734,362,-2738
1013,FLR,2020-08-26,0 days 15:57:14.569562,91272,9.46,9.45,20438,5449,-1138,362
1014,FSLY,2020-08-26,0 days 15:57:05.475166,120724,89.88,89.83,201,175,-8689,21732
1015,FSLY,2020-08-26,0 days 15:57:06.476912,118913,89.85,89.81,200,177,1811,-8689
1016,FSLY,2020-08-26,0 days 15:57:36.548763,120724,89.85,89.81,495,220,-914,186
1017,FSLY,2020-08-26,0 days 15:57:37.552124,119038,89.82,89.79,175,201,1686,-914
1018,FSLY,2020-08-26,0 days 15:57:43.566170,119313,89.83,89.77,172,200,1411,-289
1019,FSLY,2020-08-26,0 days 15:58:01.610091,113028,89.84,89.81,334,338,-5303,2393
1020,FSLY,2020-08-26,0 days 15:58:02.612529,111531,89.84,89.81,352,338,1497,-5303
1021,FSLY,2020-08-26,0 days 15:58:15.644109,113028,89.92,89.86,950,416,-21,1379
1022,FSLY,2020-08-26,0 days 15:58:27.673313,107749,89.89,89.83,392,275,5279,-21
1023,FSLY,2020-08-26,0 days 15:59:06.768513,110979,89.79,89.77,100,100,-1223,1046
1024,FSLY,2020-08-26,0 days 15:59:07.772761,107802,89.8,89.75,275,275,3177,-1223
1025,FSLY,2020-08-26,0 days 15:59:27.817515,112927,89.71,89.67,100,275,-85,115
1026,FSLY,2020-08-26,0 days 15:59:29.822436,112812,89.7,89.67,298,100,115,-85
1027,FSLY,2020-08-26,0 days 15:59:44.859838,117548,89.7,89.68,797,400,-49,809
1028,FTI,2020-08-26,0 days 15:59:19.694731,214792,7.52,7.51,55816,50016,4117,-5
1029,FTI,2020-08-26,0 days 15:59:20.697517,212509,7.52,7.51,54765,52116,-2283,4117
1030,FTI,2020-08-26,0 days 15:59:46.761771,216555,7.53,7.52,107909,10690,-1628,10963
1031,FTV,2020-08-26,0 days 15:56:45.325466,427705,70.89,70.88,300,500,-100063,208337
1032,FTV,2020-08-26,0 days 15:56:49.336566,427868,70.86,70.85,1246,200,137,-2263
1033,FTV,2020-08-26,0 days 15:59:27.714522,464124,71.03,71.02,549,149,-5882,2220
1034,FTV,2020-08-26,0 days 15:59:28.717719,462354,71.03,71.01,993,752,1770,-5882
1035,FTV,2020-08-26,0 days 15:59:30.722791,466078,71.03,71.01,1400,1308,-6819,1770
1036,FTV,2020-08-26,0 days 15:59:31.725778,464897,71.03,71.01,1400,1313,1181,-6819
1037,FTV,2020-08-26,0 days 15:59:34.732432,466078,71.02,71.01,400,901,-4465,1181
1038,FTV,2020-08-26,0 days 15:59:42.752430,468523,71.0,70.97,968,1582,455,-745
1039,FTV,2020-08-26,0 days 15:59:45.759613,469078,70.99,70.97,300,895,-20148,455
1040,GDDY,2020-08-26,0 days 15:57:16.428459,96238,83.7,83.68,500,525,129,-2935
1041,GDDY,2020-08-26,0 days 15:57:37.480045,96467,83.75,83.72,522,1202,-71,229
1042,GDDY,2020-08-26,0 days 15:57:39.484041,96838,83.75,83.73,422,300,1329,-371
1043,GDDY,2020-08-26,0 days 15:57:40.486387,93067,83.75,83.74,400,356,-3771,1329
1044,GDDY,2020-08-26,0 days 15:58:37.624613,95612,83.75,83.74,367,839,2166,-2154
1045,GDDY,2020-08-26,0 days 15:58:38.627439,92378,83.76,83.74,472,1002,-3234,2166
1046,GDDY,2020-08-26,0 days 15:59:06.696014,96319,83.75,83.73,1458,421,1784,-447
1047,GDDY,2020-08-26,0 days 15:59:07.699369,93903,83.75,83.73,1457,403,-2378,1784
1048,GDDY,2020-08-26,0 days 15:59:15.717232,97484,83.73,83.71,1000,527,241,-2859
1049,GDDY,2020-08-26,0 days 15:59:16.719625,94834,83.72,83.71,307,400,-2650,241
1050,GDDY,2020-08-26,0 days 15:59:17.721966,97484,83.72,83.7,407,100,731,-2650
1051,GDDY,2020-08-26,0 days 15:59:20.728472,91873,83.72,83.7,1212,348,-5211,1789
1052,GDDY,2020-08-26,0 days 15:59:24.739383,97084,83.67,83.65,200,435,14989,-224
1053,GDDY,2020-08-26,0 days 15:59:25.741164,90773,83.71,83.69,100,200,-6311,14989
1054,GDDY,2020-08-26,0 days 15:59:27.745745,97084,83.71,83.67,300,1438,415,-811
1055,GDDY,2020-08-26,0 days 15:59:28.748348,96299,83.73,83.67,300,1832,-785,415
1056,GDDY,2020-08-26,0 days 15:59:33.761292,97698,83.71,83.67,215,757,1185,-1399
1057,GDDY,2020-08-26,0 days 15:59:34.762532,95383,83.71,83.67,515,800,-2315,1185
1058,GDDY,2020-08-26,0 days 15:59:35.765818,97698,83.69,83.64,400,634,585,-2315
1059,GDDY,2020-08-26,0 days 15:59:36.767577,97583,83.7,83.65,807,706,-304,585
1060,GDDY,2020-08-26,0 days 15:59:41.779476,97558,83.73,83.69,406,433,-335,13671
1061,GDDY,2020-08-26,0 days 15:59:49.799119,99558,83.73,83.72,300,990,-13038,1203
1062,GE,2020-08-26,0 days 15:59:30.744283,2504885,6.48,6.47,597152,216556,-18065,83301
1063,GE,2020-08-26,0 days 15:59:31.746880,2413250,6.48,6.47,602839,211502,48809,-18065
1064,GFI,2020-08-26,0 days 15:57:53.517578,107126,12.83,12.82,7364,34709,2504,-196
1065,GFI,2020-08-26,0 days 15:58:02.541308,97052,12.83,12.82,12734,41047,-9874,2204
1066,GFI,2020-08-26,0 days 15:58:03.543650,95526,12.83,12.82,21768,22330,1526,-9874
1067,GLW,2020-08-26,0 days 15:59:07.780991,390834,32.78,32.77,8500,10483,-11885,13512
1068,GLW,2020-08-26,0 days 15:59:15.799103,389168,32.77,32.76,8422,8387,3063,-7389
1069,GLW,2020-08-26,0 days 15:59:19.808999,392431,32.78,32.77,7968,7708,-4364,1036
1070,GM,2020-08-26,0 days 15:59:12.711449,835012,29.46,29.45,20841,15720,23017,-16221
1071,GM,2020-08-26,0 days 15:59:13.714109,818029,29.46,29.45,18221,17845,-18983,23017
1072,GM,2020-08-26,0 days 15:59:15.716344,837212,29.46,29.45,19556,18728,190949,-19183
1073,GM,2020-08-26,0 days 15:59:16.718968,832461,29.47,29.46,3033,30994,-8751,190949
1074,GM,2020-08-26,0 days 15:59:17.721477,857112,29.47,29.46,3671,28018,1166,-8751
1075,GM,2020-08-26,0 days 15:59:18.724002,840378,29.47,29.46,3471,31479,-1819,1166
1076,GM,2020-08-26,0 days 15:59:24.739713,868950,29.48,29.47,6801,24460,23432,-10967
1077,GME,2020-08-26,0 days 15:55:40.169296,74683,5.12,5.11,16122,2769,-11189,15511
1078,GME,2020-08-26,0 days 15:55:41.171373,73272,5.12,5.11,15722,1869,1411,-11189
1079,GME,2020-08-26,0 days 15:56:03.224128,74683,5.12,5.11,12782,8412,-2815,705
1080,GME,2020-08-26,0 days 15:56:04.226425,70398,5.12,5.11,12809,7985,4285,-2815
1081,GME,2020-08-26,0 days 15:58:11.533618,74253,5.13,5.12,13767,8180,-2838,2168
1082,GME,2020-08-26,0 days 15:59:34.732309,87171,5.12,5.11,37767,2777,342,-2355
1083,GNW,2020-08-26,0 days 15:55:01.075055,106018,2.6,2.59,39209,61800,-8525,49475
1084,GNW,2020-08-26,0 days 15:59:06.667983,123267,2.6,2.59,56603,89490,4963,-14553
1085,GNW,2020-08-26,0 days 15:59:16.687677,113295,2.58,2.57,117315,36591,-14211,1224
1086,GNW,2020-08-26,0 days 15:59:36.737407,131406,2.58,2.57,140390,74783,7589,-13111
1087,GNW,2020-08-26,0 days 15:59:38.742435,130923,2.58,2.57,138290,75783,-483,11917
1088,GOLD,2020-08-26,0 days 15:55:00.079199,261217,29.33,29.32,15353,20980,-6087,936
1089,GOLD,2020-08-26,0 days 15:59:20.697606,274418,29.37,29.36,39193,28169,-2696,5031
1090,GOLD,2020-08-26,0 days 15:59:46.761963,279974,29.37,29.36,18965,44506,-8548,49660
1091,GPN,2020-08-26,0 days 15:58:07.547285,169188,175.43,175.37,436,300,5,-3455
1092,GPN,2020-08-26,0 days 15:58:10.554559,165393,175.43,175.38,953,114,-3795,5
1093,GPN,2020-08-26,0 days 15:59:02.680774,169573,175.42,175.38,100,120,29019,-681
1094,GPS,2020-08-26,0 days 15:59:04.799593,397685,17.06,17.05,20546,13632,-806,18420
1095,GPS,2020-08-26,0 days 15:59:05.801508,395991,17.06,17.05,22046,13186,1620,-806
1096,GPS,2020-08-26,0 days 15:59:09.812461,410369,17.06,17.05,27546,8659,-5161,2804
1097,GPS,2020-08-26,0 days 15:59:10.813740,408454,17.06,17.05,32002,7982,1841,-5161
1098,GPS,2020-08-26,0 days 15:59:15.820542,413369,17.06,17.05,23579,14846,-180,4002
1099,GPS,2020-08-26,0 days 15:59:17.825260,399549,17.06,17.05,28679,13484,1066,-14360
1100,GPS,2020-08-26,0 days 15:59:20.832662,400689,17.06,17.05,27871,12135,-9290,966
1101,GSX,2020-08-26,0 days 15:57:37.538211,36108,84.05,83.98,755,100,-185,110
1102,GSX,2020-08-26,0 days 15:57:38.539759,35798,84.05,83.98,855,200,310,-185
1103,GSX,2020-08-26,0 days 15:57:49.566228,36308,84.08,83.98,100,784,-5,195
1104,GSX,2020-08-26,0 days 15:57:51.571181,35813,84.08,83.98,100,784,495,-5
1105,GSX,2020-08-26,0 days 15:58:03.601535,36308,84.05,83.97,838,200,-109,304
1106,GSX,2020-08-26,0 days 15:58:04.603800,36124,84.07,84.04,500,539,184,-109
1107,GSX,2020-08-26,0 days 15:58:12.621766,36308,84.08,84.0,500,385,-21,294
1108,GSX,2020-08-26,0 days 15:58:13.625552,36129,84.08,84.0,500,385,179,-21
1109,GSX,2020-08-26,0 days 15:58:15.629948,36116,84.08,84.0,502,965,-6,179
1110,GSX,2020-08-26,0 days 15:58:16.632378,36042,84.1,84.01,869,581,74,-6
1111,GSX,2020-08-26,0 days 15:58:48.710133,36309,83.95,83.82,516,500,-95,720
1112,GSX,2020-08-26,0 days 15:58:49.712200,36004,83.95,83.84,516,500,304,-95
1113,GSX,2020-08-26,0 days 15:59:00.741332,36314,83.94,83.84,234,600,-182,118
1114,GSX,2020-08-26,0 days 15:59:01.742443,36096,83.98,83.88,100,200,218,-182
1115,GSX,2020-08-26,0 days 15:59:05.752529,41167,84.0,83.93,341,100,-444,269
1116,GSX,2020-08-26,0 days 15:59:27.802485,48832,83.6,83.5,413,108,928,-191
1117,GSX,2020-08-26,0 days 15:59:28.805274,46941,83.62,83.55,111,700,-1891,928
1118,HAL,2020-08-26,0 days 15:58:59.678833,416881,15.81,15.8,23530,60739,-2,83
1119,HAL,2020-08-26,0 days 15:59:11.708783,475101,15.82,15.81,22536,49972,10890,-10882
1120,HAL,2020-08-26,0 days 15:59:12.711006,465791,15.82,15.81,20536,54572,-9310,10890
1121,HBI,2020-08-26,0 days 15:55:59.242621,157781,15.62,15.61,22534,4182,-211,2939
1122,HBI,2020-08-26,0 days 15:56:02.249698,157270,15.62,15.61,21563,4084,311,-211
1123,HBI,2020-08-26,0 days 15:56:15.281250,157781,15.62,15.61,6252,26155,-1270,430
1124,HBI,2020-08-26,0 days 15:56:16.283044,152851,15.63,15.62,19124,7500,4730,-1270
1125,HBI,2020-08-26,0 days 15:59:07.699706,178981,15.6,15.59,19589,13997,-237,98
1126,HBI,2020-08-26,0 days 15:59:10.706551,175666,15.6,15.59,11216,21368,4361,-29539
1127,HBI,2020-08-26,0 days 15:59:13.714318,180114,15.6,15.59,17486,18299,-8513,4448
1128,HBI,2020-08-26,0 days 15:59:14.716397,178327,15.6,15.59,24630,7706,1787,-8513
1129,HBI,2020-08-26,0 days 15:59:22.733983,183665,15.59,15.58,26614,15228,-9765,658
1130,HD,2020-08-26,0 days 15:55:00.078752,286505,291.96,291.93,125,100,-2762,1345
1131,HD,2020-08-26,0 days 15:55:38.164766,291373,291.88,291.83,114,425,4566,-203
1132,HD,2020-08-26,0 days 15:55:39.165808,295939,291.88,291.83,112,825,-3533,4566
1133,HD,2020-08-26,0 days 15:55:40.169452,295472,291.87,291.83,360,400,467,-3533
1134,HD,2020-08-26,0 days 15:56:14.250260,296416,291.98,291.95,225,100,-239,122
1135,HD,2020-08-26,0 days 15:56:15.253218,295955,291.98,291.93,485,587,461,-239
1136,HD,2020-08-26,0 days 15:56:30.289150,296216,291.92,291.89,100,229,-245,855
1137,HD,2020-08-26,0 days 15:56:31.290884,295761,291.91,291.89,250,200,455,-245
1138,HD,2020-08-26,0 days 15:57:35.446332,298407,291.98,291.94,482,525,-3690,610
1139,HD,2020-08-26,0 days 15:57:38.453493,299897,291.97,291.94,193,100,2410,-1090
1140,HD,2020-08-26,0 days 15:57:39.455550,300607,291.98,291.96,200,100,-290,2410
1141,HD,2020-08-26,0 days 15:57:46.471711,298407,291.94,291.91,701,300,-2896,171
1142,HD,2020-08-26,0 days 15:57:57.498342,299337,291.93,291.85,1346,487,-1966,534
1143,HD,2020-08-26,0 days 15:57:58.500834,298803,291.93,291.88,1215,225,534,-1966
1144,HD,2020-08-26,0 days 15:58:02.511896,298470,291.84,291.8,282,100,-333,567
1145,HD,2020-08-26,0 days 15:58:03.514791,298103,291.84,291.79,806,100,1467,-333
1146,HD,2020-08-26,0 days 15:58:15.543613,305549,291.91,291.87,235,200,-1667,1033
1147,HD,2020-08-26,0 days 15:58:16.545525,304416,291.91,291.87,235,200,1133,-1667
1148,HD,2020-08-26,0 days 15:58:17.548023,305549,291.93,291.89,200,200,-3167,1133
1149,HD,2020-08-26,0 days 15:58:18.550277,304749,291.93,291.89,200,200,800,-3167
1150,HD,2020-08-26,0 days 15:58:22.560328,305549,291.94,291.92,125,120,-3861,800
1151,HD,2020-08-26,0 days 15:58:23.563386,300516,291.94,291.9,493,100,6133,-3861
1152,HD,2020-08-26,0 days 15:58:32.584441,306610,291.97,291.91,928,493,139,-5000
1153,HD,2020-08-26,0 days 15:58:39.601743,307649,291.96,291.94,300,165,-461,639
1154,HD,2020-08-26,0 days 15:58:40.603541,306749,291.95,291.92,339,100,1000,-461
1155,HD,2020-08-26,0 days 15:58:49.625606,308849,291.93,291.92,102,1570,-600,2433
1156,HD,2020-08-26,0 days 15:58:50.628675,307749,291.91,291.86,200,125,1100,-600
1157,HD,2020-08-26,0 days 15:59:06.667881,310975,291.86,291.82,550,286,-2523,1038
1158,HD,2020-08-26,0 days 15:59:07.670688,310098,291.84,291.79,940,114,877,-2523
1159,HD,2020-08-26,0 days 15:59:15.686505,307083,291.83,291.81,100,410,-10839,1199
1160,HD,2020-08-26,0 days 15:59:16.687536,306622,291.82,291.79,238,280,461,-10839
1161,HD,2020-08-26,0 days 15:59:36.737327,327754,291.76,291.7,525,1108,-5572,11782
1162,HD,2020-08-26,0 days 15:59:37.740725,326560,291.81,291.76,325,667,1194,-5572
1163,HD,2020-08-26,0 days 15:59:40.748639,327906,291.87,291.8,125,625,-14761,1405
1164,HD,2020-08-26,0 days 15:59:41.749961,320366,291.83,291.76,1231,728,7540,-14761
1165,HD,2020-08-26,0 days 15:59:45.759537,327906,291.8,291.73,2117,921,-682,19
1166,HD,2020-08-26,0 days 15:59:46.761853,313945,291.68,291.63,1086,328,14138,-682
1167,HD,2020-08-26,0 days 15:59:47.763677,328690,291.78,291.75,441,558,-173,14138
1168,HFC,2020-08-26,0 days 15:55:00.098439,185235,25.97,25.96,889,1687,-691,2037
1169,HFC,2020-08-26,0 days 15:55:03.105411,185926,25.94,25.93,800,857,3409,-691
1170,HFC,2020-08-26,0 days 15:55:04.108204,185635,25.94,25.93,1590,756,-291,3409
1171,HFC,2020-08-26,0 days 15:55:26.163171,185926,25.96,25.95,659,766,16709,-291
1172,HFC,2020-08-26,0 days 15:57:37.478702,219187,25.93,25.92,516,300,-1019,1051
1173,HFC,2020-08-26,0 days 15:57:38.481593,218306,25.93,25.92,416,1069,851,-1019
1174,HFC,2020-08-26,0 days 15:57:39.483311,219157,25.94,25.92,1200,1110,-849,851
1175,HFC,2020-08-26,0 days 15:57:40.486367,218406,25.94,25.93,690,778,721,-849
1176,HFC,2020-08-26,0 days 15:57:51.512924,219157,25.93,25.92,639,1339,-1149,751
1177,HFC,2020-08-26,0 days 15:57:52.515560,218640,25.93,25.92,728,1652,487,-1149
1178,HFC,2020-08-26,0 days 15:57:57.527371,219157,25.95,25.94,343,439,-424,446
1179,HFC,2020-08-26,0 days 15:57:58.530033,218581,25.95,25.94,1132,339,546,-424
1180,HFC,2020-08-26,0 days 15:58:15.572107,224004,25.93,25.92,541,347,-877,393
1181,HFC,2020-08-26,0 days 15:58:16.574443,222981,25.92,25.91,441,1000,993,-877
1182,HFC,2020-08-26,0 days 15:58:44.643183,224004,25.93,25.91,1414,1300,-2380,1090
1183,HFC,2020-08-26,0 days 15:58:45.644940,223284,25.93,25.91,1280,1480,690,-2380
1184,HFC,2020-08-26,0 days 15:59:35.766532,255971,25.92,25.91,762,1653,27776,-3746
1185,HFC,2020-08-26,0 days 15:59:36.768582,251817,25.93,25.91,1043,962,-12342,27776
1186,HIG,2020-08-26,0 days 15:57:37.552231,183565,40.52,40.51,1786,1587,-629,1171
1187,HIG,2020-08-26,0 days 15:57:38.553658,181094,40.52,40.51,2451,1300,2471,-629
1188,HIG,2020-08-26,0 days 15:58:08.627838,184663,40.51,40.5,806,4138,-990,1697
1189,HIG,2020-08-26,0 days 15:58:09.629825,182553,40.52,40.51,1179,655,2110,-990
1190,HIG,2020-08-26,0 days 15:59:09.775918,196703,40.5,40.49,2953,738,-1543,285
1191,HIG,2020-08-26,0 days 15:59:33.833009,201990,40.47,40.46,1870,200,9147,-1062
1192,HIG,2020-08-26,0 days 15:59:34.836257,202737,40.48,40.47,1403,1300,-824,9147
1193,HL,2020-08-26,0 days 15:59:15.708161,343536,5.77,5.76,101002,81715,23342,-3700
1194,HL,2020-08-26,0 days 15:59:16.709170,337278,5.77,5.76,99104,84515,-6258,23342
1195,HL,2020-08-26,0 days 15:59:17.712159,343695,5.77,5.76,98939,81715,8517,-6258
1196,HL,2020-08-26,0 days 15:59:18.714335,325812,5.77,5.76,96179,83294,-17883,8517
1197,HL,2020-08-26,0 days 15:59:22.724253,343695,5.77,5.76,33346,151844,11534,-5183
1198,HL,2020-08-26,0 days 15:59:23.726663,341229,5.77,5.76,38314,130250,-2466,11534
1199,HL,2020-08-26,0 days 15:59:32.748844,345448,5.77,5.76,38109,121938,1962,-1495
1200,HL,2020-08-26,0 days 15:59:33.751492,335710,5.77,5.76,36582,126928,-7985,1962
1201,HL,2020-08-26,0 days 15:59:41.770237,341647,5.77,5.76,36894,137852,-2200,33352
1202,HL,2020-08-26,0 days 15:59:45.780667,343847,5.77,5.76,37498,138794,3700,-2200
1203,HL,2020-08-26,0 days 15:59:46.782500,341947,5.77,5.76,36398,140384,-1900,3700
1204,HLT,2020-08-26,0 days 15:55:00.214201,110038,86.81,86.79,200,788,-6983,6414
1205,HLT,2020-08-26,0 days 15:55:54.346775,117094,86.76,86.74,400,230,4210,-5890
1206,HLT,2020-08-26,0 days 15:55:55.348472,116504,86.76,86.75,411,389,-889,4210
1207,HLT,2020-08-26,0 days 15:56:06.375352,117492,86.75,86.74,1141,1899,313,-687
1208,HLT,2020-08-26,0 days 15:56:07.377302,117005,86.78,86.75,500,791,-487,313
1209,HLT,2020-08-26,0 days 15:56:36.448294,117058,86.79,86.77,300,828,-473,849
1210,HLT,2020-08-26,0 days 15:57:36.584373,118131,86.79,86.78,1337,701,1070,-130
1211,HLT,2020-08-26,0 days 15:57:37.587080,117401,86.79,86.78,1340,601,-730,1070
1212,HLT,2020-08-26,0 days 15:58:03.650792,118131,86.8,86.79,168,559,1582,-1718
1213,HLT,2020-08-26,0 days 15:58:04.653048,117213,86.81,86.8,200,433,-918,1582
1214,HLT,2020-08-26,0 days 15:58:10.667644,119458,86.79,86.78,700,200,353,-847
1215,HLT,2020-08-26,0 days 15:58:11.670490,117611,86.82,86.79,155,732,-1847,353
1216,HLT,2020-08-26,0 days 15:59:08.808886,120772,86.73,86.72,851,102,1402,-1548
1217,HLT,2020-08-26,0 days 15:59:10.813740,121179,86.75,86.73,785,845,-523,307
1218,HLT,2020-08-26,0 days 15:59:24.842954,122238,86.78,86.75,600,729,4928,-462
1219,HLT,2020-08-26,0 days 15:59:45.894263,133138,86.81,86.8,700,457,679,-421
1220,HOME,2020-08-26,0 days 15:56:16.341497,60061,18.83,18.82,2868,2090,-1664,36
1221,HOME,2020-08-26,0 days 15:56:17.343700,57725,18.83,18.82,2868,2090,2336,-1664
1222,HOME,2020-08-26,0 days 15:59:36.821175,62844,18.81,18.8,1443,2300,767,-833
1223,HON,2020-08-26,0 days 15:55:01.158387,151017,165.45,165.43,300,300,-317,573
1224,HON,2020-08-26,0 days 15:56:07.319644,166268,165.5,165.48,300,573,831,-569
1225,HON,2020-08-26,0 days 15:56:08.321859,164999,165.52,165.5,240,491,-1269,831
1226,HON,2020-08-26,0 days 15:57:51.571389,178931,165.44,165.41,546,810,208,-2192
1227,HON,2020-08-26,0 days 15:57:52.573693,176839,165.44,165.42,846,268,-2092,208
1228,HON,2020-08-26,0 days 15:58:53.722711,177786,165.36,165.34,580,809,3203,-775
1229,HON,2020-08-26,0 days 15:58:54.724533,176189,165.36,165.34,798,809,-1597,3203
1230,HON,2020-08-26,0 days 15:59:19.785744,212810,165.3,165.27,413,300,2265,-2716
1231,HON,2020-08-26,0 days 15:59:20.787935,210175,165.3,165.27,520,400,-2635,2265
