,Symbol,Timestamp,TIME,iPaired,Ask_P,Bid_P,Ask_S,Bid_S,iShares,PreviShares
0,AA,2020-08-18,0 days 15:58:37.085016,131811,14.76,14.75,25599,8072,142,-8364
1,AA,2020-08-18,0 days 15:58:41.094568,131953,14.75,14.74,15789,13588,-8204,142
2,AA,2020-08-18,0 days 15:59:07.157206,117794,14.76,14.75,11628,7577,6621,-1725
3,AA,2020-08-18,0 days 15:59:08.159540,113315,14.76,14.75,10828,7130,-4479,6621
4,AA,2020-08-18,0 days 15:59:45.248294,129788,14.78,14.77,20230,15087,8875,-1830
5,AA,2020-08-18,0 days 15:59:46.250560,126863,14.78,14.77,21930,8742,-2925,8875
6,AAP,2020-08-18,0 days 15:56:10.273469,48242,162.79,162.74,201,141,-4305,395
7,AAP,2020-08-18,0 days 15:56:11.276246,47147,162.79,162.72,200,100,1095,-4305
8,AAP,2020-08-18,0 days 15:57:38.485964,49608,162.97,162.92,200,100,-284,316
9,AAP,2020-08-18,0 days 15:57:39.488558,48692,162.97,162.92,200,500,916,-284
10,AAP,2020-08-18,0 days 15:57:42.495893,49608,162.96,162.92,100,202,-384,316
11,AAP,2020-08-18,0 days 15:57:43.498378,49192,162.98,162.92,100,302,416,-384
12,AAP,2020-08-18,0 days 15:57:45.502781,49608,162.95,162.9,100,200,-284,116
13,AAP,2020-08-18,0 days 15:57:46.505284,48894,162.95,162.9,100,200,714,-284
14,AAP,2020-08-18,0 days 15:59:00.688662,58201,162.94,162.89,500,200,-251,158
15,AAP,2020-08-18,0 days 15:59:01.688409,58452,162.89,162.86,222,857,102,-251
16,AAP,2020-08-18,0 days 15:59:19.719055,60219,162.78,162.75,100,368,-795,628
17,AAP,2020-08-18,0 days 15:59:20.721526,59114,162.8,162.75,103,348,1105,-795
18,AAP,2020-08-18,0 days 15:59:34.756297,60227,162.86,162.78,1033,532,-2680,913
19,AAP,2020-08-18,0 days 15:59:35.759223,59207,162.79,162.76,100,130,1020,-2680
20,ABBV,2020-08-18,0 days 15:59:17.398970,840957,95.49,95.48,200,2123,1034,-2767
21,ABBV,2020-08-18,0 days 15:59:18.401829,837642,95.54,95.52,1300,1249,-3315,1034
22,ABBV,2020-08-18,0 days 15:59:19.403769,840957,95.55,95.53,2800,894,1535,-3315
23,ABBV,2020-08-18,0 days 15:59:20.406749,840164,95.56,95.55,200,1044,-793,1535
24,ABBV,2020-08-18,0 days 15:59:26.420986,840957,95.56,95.54,700,1144,3170,-3946
25,ABBV,2020-08-18,0 days 15:59:40.455342,840308,95.61,95.6,304,1200,-673,3627
26,ABBV,2020-08-18,0 days 15:59:42.459956,840981,95.62,95.61,5470,500,1607,-2893
27,ABBV,2020-08-18,0 days 15:59:46.469904,833630,95.63,95.62,600,452,-7893,4511
28,ABBV,2020-08-18,0 days 15:59:47.471514,841886,95.63,95.62,200,300,2648,-7893
29,ABBV,2020-08-18,0 days 15:59:50.480711,831734,95.66,95.64,1802,1052,-10435,2668
30,ABT,2020-08-18,0 days 15:55:01.050671,558730,100.77,100.76,602,1160,147126,-175140
31,ABT,2020-08-18,0 days 15:59:10.652127,740612,100.89,100.88,290,415,5388,-7028
32,ABT,2020-08-18,0 days 15:59:19.663772,762276,100.89,100.88,200,413,3987,-13949
33,ABT,2020-08-18,0 days 15:59:41.712193,757909,100.92,100.91,347,773,2512,-9517
34,ABT,2020-08-18,0 days 15:59:48.727354,759850,100.92,100.91,1600,397,486,-4244
35,ACB,2020-08-18,0 days 15:55:00.102744,3871,9.99,9.98,3487,1500,-472,249
36,ACB,2020-08-18,0 days 15:59:22.726374,5574,9.96,9.95,4208,7571,-374,394
37,ACB,2020-08-18,0 days 15:59:23.729006,4248,9.96,9.95,4208,7572,1325,-374
38,ACB,2020-08-18,0 days 15:59:39.769958,4773,9.99,9.97,3244,7229,-2575,125
39,ACB,2020-08-18,0 days 15:59:40.771760,4648,9.99,9.97,3124,7119,125,-2575
40,ACI,2020-08-18,0 days 15:55:01.050911,33016,15.04,15.03,1489,4155,17279,-23135
41,ACI,2020-08-18,0 days 15:55:02.049922,30995,15.04,15.03,1268,7175,-2021,17279
42,ACI,2020-08-18,0 days 15:57:24.392844,40037,15.08,15.07,4968,1917,294,-2583
43,ACI,2020-08-18,0 days 15:57:25.395109,38690,15.08,15.07,5268,4197,-1347,294
44,ACI,2020-08-18,0 days 15:59:15.654685,40092,15.06,15.05,2700,1533,10590,-1806
45,ACI,2020-08-18,0 days 15:59:17.659375,39682,15.06,15.05,1800,2593,-410,1390
46,ACI,2020-08-18,0 days 15:59:30.689332,40623,15.08,15.06,1509,3669,-831,128
47,ADT,2020-08-18,0 days 15:55:28.113754,57357,11.36,11.35,20157,2592,1122,-378
48,ADT,2020-08-18,0 days 15:55:29.116756,56040,11.36,11.35,20047,3192,-1317,1122
49,ADT,2020-08-18,0 days 15:59:03.635635,64954,11.35,11.34,18077,11481,5270,-529
50,AEG,2020-08-18,0 days 15:55:00.102158,16228,2.83,2.82,259506,130899,14596,-10311
51,AEG,2020-08-18,0 days 15:59:36.760753,34149,2.83,2.82,391510,92939,-8166,11409
52,AEO,2020-08-18,0 days 15:56:03.278352,106603,11.3,11.29,60742,16059,1363,-2037
53,AEO,2020-08-18,0 days 15:56:04.281084,103466,11.3,11.29,60042,16482,-3137,1363
54,AEO,2020-08-18,0 days 15:57:02.420635,114930,11.32,11.31,21449,8402,2806,-464
55,AEO,2020-08-18,0 days 15:57:03.423281,111736,11.32,11.31,20071,9260,-3194,2806
56,AEO,2020-08-18,0 days 15:59:45.798633,170895,11.34,11.33,19338,42547,7922,-3978
57,AEO,2020-08-18,0 days 15:59:46.800348,167117,11.34,11.33,20518,41837,-5807,7922
58,AEP,2020-08-18,0 days 15:57:43.439575,245094,81.53,81.52,600,377,198,-2002
59,AEP,2020-08-18,0 days 15:57:44.441697,243392,81.52,81.51,400,337,-1702,198
60,AEP,2020-08-18,0 days 15:58:19.527621,247044,81.49,81.48,307,478,-2482,1218
61,AEP,2020-08-18,0 days 15:58:54.611782,247826,81.43,81.42,904,303,-711,1489
62,AEP,2020-08-18,0 days 15:58:59.624142,249836,81.44,81.41,1260,600,20090,-711
63,AEP,2020-08-18,0 days 15:59:17.659464,270160,81.45,81.44,300,337,-367,333
64,AEP,2020-08-18,0 days 15:59:18.662129,271327,81.44,81.43,200,634,9156,-367
65,AEP,2020-08-18,0 days 15:59:25.678469,279527,81.49,81.48,600,300,2427,-73
66,AEP,2020-08-18,0 days 15:59:34.700337,292754,81.5,81.49,300,738,-3003,250
67,AEP,2020-08-18,0 days 15:59:35.702865,290257,81.5,81.49,400,203,2797,-3003
68,AEP,2020-08-18,0 days 15:59:54.742761,294739,81.5,81.48,900,1071,-477,970
69,AES,2020-08-18,0 days 15:55:00.371216,480908,17.77,17.76,23142,12230,18048,-49391
70,AES,2020-08-18,0 days 15:55:50.493914,501597,17.77,17.76,31804,10161,-5913,3111
71,AES,2020-08-18,0 days 15:55:51.496792,485310,17.77,17.76,23161,11537,16287,-5913
72,AES,2020-08-18,0 days 15:57:41.762814,507548,17.75,17.74,27669,21744,-2981,1719
73,AES,2020-08-18,0 days 15:57:42.764561,497129,17.75,17.74,29369,18986,10419,-2981
74,AES,2020-08-18,0 days 15:59:16.992081,530081,17.75,17.74,6800,26008,-7807,29236
75,AES,2020-08-18,0 days 15:59:22.003230,525147,17.75,17.74,14200,11772,7333,-2566
76,AES,2020-08-18,0 days 15:59:28.018716,532480,17.75,17.74,21865,10998,-15890,5333
77,AES,2020-08-18,0 days 15:59:29.020476,528970,17.75,17.74,25765,9398,3510,-15890
78,AES,2020-08-18,0 days 15:59:34.033289,532480,17.75,17.74,22089,23859,-12701,3510
79,AES,2020-08-18,0 days 15:59:35.035349,530081,17.75,17.74,22589,15200,2399,-12701
80,AFL,2020-08-18,0 days 15:55:00.101939,206832,37.13,37.12,1569,4364,1397,-77945
81,AFL,2020-08-18,0 days 15:55:29.175135,208339,37.13,37.12,6887,1028,-2631,1469
82,AFL,2020-08-18,0 days 15:55:30.177791,206870,37.13,37.12,7787,803,1469,-2631
83,AFL,2020-08-18,0 days 15:56:02.253869,209743,37.13,37.12,5695,1144,-1580,420
84,AFL,2020-08-18,0 days 15:56:03.255595,208820,37.13,37.12,5695,1544,923,-1580
85,AFL,2020-08-18,0 days 15:56:57.385668,210039,37.1,37.09,2509,4827,-1881,1119
86,AFL,2020-08-18,0 days 15:56:58.387914,209120,37.1,37.09,3914,2527,1019,-1881
87,AFL,2020-08-18,0 days 15:57:13.425787,210320,37.1,37.09,5851,2963,-117,1126
88,AFL,2020-08-18,0 days 15:57:14.427674,209537,37.1,37.09,6351,1863,683,-117
89,AFL,2020-08-18,0 days 15:57:32.471538,211920,37.1,37.09,5859,2076,-1017,83
90,AFL,2020-08-18,0 days 15:57:47.507690,216820,37.09,37.08,8001,596,-1117,1883
91,AFL,2020-08-18,0 days 15:57:48.509494,215637,37.08,37.07,3337,3600,1183,-1117
92,AFL,2020-08-18,0 days 15:58:04.549474,217120,37.09,37.08,6644,2908,-3087,1945
93,AFL,2020-08-18,0 days 15:58:05.551853,216307,37.09,37.08,9573,2828,813,-3087
94,AFL,2020-08-18,0 days 15:58:12.568609,217120,37.09,37.08,7080,100,-1975,713
95,AFL,2020-08-18,0 days 15:58:13.571117,216595,37.09,37.08,5492,1036,625,-1975
96,AFL,2020-08-18,0 days 15:58:14.573154,217220,37.08,37.07,300,4630,-411,625
97,AFL,2020-08-18,0 days 15:58:20.587936,217731,37.08,37.07,4183,7491,1589,-411
98,AFL,2020-08-18,0 days 15:58:21.591365,217220,37.08,37.07,2901,8761,-511,1589
99,AFL,2020-08-18,0 days 15:58:23.595031,217731,37.08,37.07,2975,8912,1489,-511
100,AFL,2020-08-18,0 days 15:58:24.597853,217220,37.09,37.08,2395,3712,-511,1489
101,AFL,2020-08-18,0 days 15:59:15.710352,241026,37.1,37.09,3103,4709,37486,-597
102,AFL,2020-08-18,0 days 15:59:16.712330,255712,37.11,37.1,965,7878,-3014,37486
103,AFL,2020-08-18,0 days 15:59:17.715427,251526,37.11,37.1,4065,4782,3886,-3014
104,AFL,2020-08-18,0 days 15:59:21.724015,251501,37.14,37.13,4227,1701,1611,-2789
105,AFL,2020-08-18,0 days 15:59:30.746380,257274,37.13,37.12,5599,4265,-196,273
106,AFL,2020-08-18,0 days 15:59:34.755931,254732,37.13,37.12,3550,6965,15620,-2658
107,AFL,2020-08-18,0 days 15:59:35.758937,271052,37.14,37.13,2190,6651,-15174,15620
108,AFL,2020-08-18,0 days 15:59:36.760627,270326,37.14,37.13,4976,3946,726,-15174
109,AFL,2020-08-18,0 days 15:59:41.772975,272002,37.14,37.13,1502,6624,-24,1576
110,AFL,2020-08-18,0 days 15:59:42.775221,272026,37.14,37.13,7304,3702,721,-24
111,AFL,2020-08-18,0 days 15:59:48.789735,275295,37.14,37.13,7641,4101,-145,388
112,AFL,2020-08-18,0 days 15:59:49.793151,274840,37.14,37.13,5936,5991,455,-145
113,AG,2020-08-18,0 days 15:57:16.701263,75750,12.01,12.0,56499,4860,-60,1040
114,AG,2020-08-18,0 days 15:57:17.703549,73310,12.0,11.99,38843,10020,2472,-60
115,AG,2020-08-18,0 days 15:59:46.061793,78019,11.99,11.98,31403,16876,-845,1955
116,AG,2020-08-18,0 days 15:59:48.071152,77064,11.99,11.98,38616,8381,955,-845
117,AGI,2020-08-18,0 days 15:55:00.786838,70513,10.66,10.65,15145,5732,33725,-34651
118,AGI,2020-08-18,0 days 15:57:12.101395,115904,10.66,10.65,26643,3272,3843,-1778
119,AGI,2020-08-18,0 days 15:57:13.104557,113647,10.66,10.65,26143,3698,-324,3843
120,AGI,2020-08-18,0 days 15:59:16.396499,111257,10.65,10.64,11876,29074,8510,-1400
121,AGI,2020-08-18,0 days 15:59:17.398970,109767,10.65,10.64,10876,30054,-1490,8510
122,AGI,2020-08-18,0 days 15:59:28.425109,111257,10.65,10.64,10215,32239,3784,-316
123,AGI,2020-08-18,0 days 15:59:29.427510,110141,10.65,10.64,10192,34719,-1116,3784
124,AGI,2020-08-18,0 days 15:59:45.468178,111257,10.65,10.64,18180,25894,1559,-1116
125,AGI,2020-08-18,0 days 15:59:46.469904,110616,10.65,10.64,10674,27857,-641,1559
126,AIG,2020-08-18,0 days 15:59:06.969440,772129,29.55,29.54,6407,400,112946,-1389
127,AIG,2020-08-18,0 days 15:59:23.006150,911062,29.56,29.55,4264,5017,-6324,122592
128,AIG,2020-08-18,0 days 15:59:24.008500,901586,29.56,29.55,4215,4358,8123,-6324
129,AIG,2020-08-18,0 days 15:59:33.031691,916662,29.55,29.54,4808,9280,-20893,7531
130,AIG,2020-08-18,0 days 15:59:34.033549,910455,29.55,29.54,5620,9132,34721,-20893
131,AIG,2020-08-18,0 days 15:59:42.051363,941978,29.58,29.57,500,13380,-1577,1016
132,AIG,2020-08-18,0 days 15:59:44.056535,940415,29.54,29.53,497,4339,7016,-1837
133,AIG,2020-08-18,0 days 15:59:47.064357,948131,29.56,29.55,6178,8355,-75163,10656
134,AIG,2020-08-18,0 days 15:59:48.071342,950789,29.55,29.54,5750,1192,11020,-75163
135,ALK,2020-08-18,0 days 15:55:00.786463,59232,36.17,36.16,727,200,24653,-28518
136,ALK,2020-08-18,0 days 15:55:01.785772,58585,36.17,36.16,1077,200,-647,24653
137,ALK,2020-08-18,0 days 15:57:25.132022,60568,36.15,36.13,1434,1100,2016,-229
138,ALK,2020-08-18,0 days 15:59:04.373164,62174,36.15,36.14,2003,384,-2200,716
139,ALK,2020-08-18,0 days 15:59:05.375721,64374,36.15,36.13,2300,636,400,-2200
140,ALK,2020-08-18,0 days 15:59:39.452601,64313,36.19,36.18,2537,321,-866,1534
141,ALK,2020-08-18,0 days 15:59:40.455277,65579,36.19,36.18,2481,107,236,-866
142,ALLY,2020-08-18,0 days 15:55:54.257044,455232,21.92,21.91,8489,4866,751,-349
143,ALLY,2020-08-18,0 days 15:55:55.259387,454083,21.92,21.91,8689,3666,-1149,751
144,ALLY,2020-08-18,0 days 15:58:05.561621,467303,21.92,21.91,14790,7131,183,-3917
145,ALLY,2020-08-18,0 days 15:58:07.566231,461086,21.92,21.91,14159,6922,-6217,183
146,ALLY,2020-08-18,0 days 15:59:04.705268,480548,21.94,21.93,3800,11129,5255,-1932
147,ALLY,2020-08-18,0 days 15:59:34.772045,490725,21.95,21.94,2001,12704,-8639,14974
148,ALLY,2020-08-18,0 days 15:59:50.811840,497919,21.95,21.94,8305,9506,-7489,1811
149,AM,2020-08-18,0 days 15:59:08.159551,213920,7.22,7.21,21889,16084,479,-3951
150,AMC,2020-08-18,0 days 15:55:01.050441,45222,5.33,5.32,4264,3458,-19025,9952
151,AMC,2020-08-18,0 days 15:55:49.163908,52347,5.33,5.32,5931,5863,1521,-192
152,AMC,2020-08-18,0 days 15:58:59.623691,53868,5.34,5.33,7510,10852,-305,545
153,AMC,2020-08-18,0 days 15:59:00.630813,53173,5.34,5.33,6202,13847,695,-305
154,AMC,2020-08-18,0 days 15:59:08.647466,53868,5.34,5.33,8164,12047,-763,2
155,AMC,2020-08-18,0 days 15:59:09.650013,53431,5.34,5.33,8164,11852,437,-763
156,AMC,2020-08-18,0 days 15:59:17.659170,53868,5.34,5.33,7834,13042,-1263,437
157,AMC,2020-08-18,0 days 15:59:18.661575,53631,5.34,5.33,6934,12937,237,-1263
158,AMC,2020-08-18,0 days 15:59:34.699947,52931,5.35,5.34,14352,13978,937,-1063
159,AMC,2020-08-18,0 days 15:59:36.704088,53868,5.35,5.34,14016,13778,-663,937
160,AMC,2020-08-18,0 days 15:59:37.706556,53731,5.35,5.34,14016,9878,137,-663
161,AMCR,2020-08-18,0 days 15:56:37.337570,565743,11.07,11.06,32146,28758,142675,-11625
162,AMCR,2020-08-18,0 days 15:56:38.340120,556218,11.09,11.08,5400,20125,-9525,142675
163,AMCR,2020-08-18,0 days 15:58:14.573166,734008,11.09,11.08,50392,13261,1710,-24390
164,AMCR,2020-08-18,0 days 15:58:16.578678,710818,11.09,11.08,50592,13261,-17990,1710
165,AMCR,2020-08-18,0 days 15:59:15.710565,743495,11.1,11.09,27571,20740,61211,-6421
166,AMCR,2020-08-18,0 days 15:59:16.712361,733206,11.1,11.09,28571,22539,-10289,61211
167,AMCR,2020-08-18,0 days 15:59:21.724060,743671,11.1,11.09,28182,16692,26051,-10289
168,AMCR,2020-08-18,0 days 15:59:22.726172,705022,11.1,11.09,28282,17747,-38649,26051
169,AMCR,2020-08-18,0 days 15:59:34.755970,744671,11.09,11.08,27253,15957,10694,-1961
170,AMCR,2020-08-18,0 days 15:59:35.758981,720765,11.09,11.08,16000,18113,-16906,10694
171,ATUS,2020-08-18,0 days 15:55:57.264727,469484,27.21,27.2,3301,13793,1145,-48855
172,ATUS,2020-08-18,0 days 15:56:04.280952,470629,27.21,27.2,902,19030,-955,1145
173,AU,2020-08-18,0 days 15:57:11.689125,123587,29.62,29.61,3523,850,-20617,276
174,AU,2020-08-18,0 days 15:57:51.787067,139076,29.55,29.54,1026,2560,220,-1080
175,AU,2020-08-18,0 days 15:58:19.854529,138976,29.55,29.54,8233,1915,17,-483
176,AU,2020-08-18,0 days 15:58:20.857391,138493,29.55,29.54,7918,1436,-483,17
177,AU,2020-08-18,0 days 15:58:21.859747,138976,29.55,29.54,7318,2049,17,-483
178,AU,2020-08-18,0 days 15:58:22.862604,138193,29.55,29.54,6101,3918,-783,17
179,AU,2020-08-18,0 days 15:59:09.979056,141662,29.58,29.57,3193,2033,1003,-212
180,AU,2020-08-18,0 days 15:59:10.979804,140865,29.58,29.57,2432,1333,-797,1003
181,AU,2020-08-18,0 days 15:59:19.000382,145030,29.57,29.56,854,1652,357,-3765
182,AU,2020-08-18,0 days 15:59:19.999697,144187,29.57,29.56,1054,1452,-843,357
183,AU,2020-08-18,0 days 15:59:39.045813,139487,29.56,29.55,1150,2942,-344,4356
184,AUY,2020-08-18,0 days 15:59:47.904727,337176,6.27,6.26,609124,236503,126,-284
185,AUY,2020-08-18,0 days 15:59:48.906679,334302,6.27,6.26,606893,238003,-2874,126
186,AVTR,2020-08-18,0 days 15:55:00.072018,231151,20.86,20.85,2956,1436,8946,-109200
187,AVTR,2020-08-18,0 days 15:56:01.209760,238431,20.87,20.86,2480,5336,-698,2202
188,AVTR,2020-08-18,0 days 15:57:50.467099,250935,20.87,20.86,3279,559,3004,-1222
189,AVTR,2020-08-18,0 days 15:57:51.470706,250139,20.87,20.86,3179,559,-2166,3004
190,AVTR,2020-08-18,0 days 15:59:21.682851,268030,20.87,20.86,2615,3595,3906,-884
191,AVTR,2020-08-18,0 days 15:59:22.685206,267436,20.87,20.86,2416,4177,-594,3906
192,AVTR,2020-08-18,0 days 15:59:27.696837,275030,20.9,20.89,2353,2243,661,-1994
193,AVTR,2020-08-18,0 days 15:59:28.699402,274091,20.9,20.89,2253,2243,-939,661
194,AXP,2020-08-18,0 days 15:55:59.313083,234478,96.56,96.55,259,800,-3446,717
195,AXP,2020-08-18,0 days 15:56:00.316111,231924,96.57,96.56,501,200,2554,-3446
196,AXP,2020-08-18,0 days 15:57:09.480763,235930,96.55,96.54,1425,5528,-4,296
197,AXP,2020-08-18,0 days 15:57:32.536124,238595,96.55,96.54,4202,3024,-648,1009
198,AXP,2020-08-18,0 days 15:57:33.538212,236643,96.55,96.54,5280,1122,609,-648
199,AXP,2020-08-18,0 days 15:58:54.734817,245412,96.56,96.55,1608,3429,-935,7665
200,AXP,2020-08-18,0 days 15:58:55.737152,243047,96.56,96.55,1149,3543,165,-935
201,AXP,2020-08-18,0 days 15:58:58.745124,243212,96.56,96.55,1393,3729,-570,165
202,AXP,2020-08-18,0 days 15:58:59.747372,237573,96.56,96.55,1132,3828,5639,-570
203,AXP,2020-08-18,0 days 15:59:06.764686,247066,96.54,96.53,618,300,-7620,13
204,AXP,2020-08-18,0 days 15:59:10.774759,281883,96.58,96.57,812,100,38978,-382
205,AXP,2020-08-18,0 days 15:59:11.776664,320967,96.57,96.56,310,289,-26616,38978
206,AXP,2020-08-18,0 days 15:59:12.779424,315583,96.57,96.56,1400,337,5278,-26616
207,AXP,2020-08-18,0 days 15:59:39.841973,327497,96.68,96.67,3917,2700,-35632,592
208,AXP,2020-08-18,0 days 15:59:40.846294,325929,96.68,96.67,5658,831,1568,-35632
209,AYX,2020-08-18,0 days 15:56:08.268823,27881,113.89,113.85,499,251,-595,86
210,AYX,2020-08-18,0 days 15:56:09.272096,27076,113.89,113.85,499,210,805,-595
211,AYX,2020-08-18,0 days 15:58:14.573253,28284,113.8,113.76,2237,200,-275,633
212,AYX,2020-08-18,0 days 15:58:15.576211,27559,113.8,113.76,2157,100,725,-275
213,AYX,2020-08-18,0 days 15:59:04.695711,28506,113.75,113.74,228,326,-4240,789
214,AYX,2020-08-18,0 days 15:59:07.698154,28602,113.75,113.71,380,501,78,-147
215,AYX,2020-08-18,0 days 15:59:12.710880,28680,113.75,113.72,675,443,-1,78
216,AYX,2020-08-18,0 days 15:59:15.710695,28681,113.75,113.72,625,428,1199,-1
217,AYX,2020-08-18,0 days 15:59:16.712477,29880,113.75,113.73,725,237,-1382,1199
218,AYX,2020-08-18,0 days 15:59:17.715537,29362,113.75,113.72,625,223,518,-1382
219,AYX,2020-08-18,0 days 15:59:50.796802,29489,113.79,113.75,1840,387,394,-306
220,AZN,2020-08-18,0 days 15:55:26.627885,26255,56.34,56.33,4115,1660,-7157,1243
221,AZN,2020-08-18,0 days 15:55:27.630668,25712,56.34,56.33,5222,377,543,-7157
222,AZN,2020-08-18,0 days 15:55:29.635643,26255,56.34,56.33,5075,224,-661,543
223,AZN,2020-08-18,0 days 15:55:30.637966,25916,56.34,56.33,4715,224,339,-661
224,AZN,2020-08-18,0 days 15:55:47.678587,26255,56.34,56.33,2905,3682,-291,330
225,AZN,2020-08-18,0 days 15:56:08.726746,26568,56.35,56.34,5249,100,1236,-313
226,AZN,2020-08-18,0 days 15:56:09.728638,27804,56.35,56.33,5098,3574,-164,1236
227,AZN,2020-08-18,0 days 15:56:10.731521,27268,56.35,56.34,4419,1287,536,-164
228,AZN,2020-08-18,0 days 15:56:20.755886,27804,56.35,56.33,4808,3767,-74,536
229,AZN,2020-08-18,0 days 15:56:21.758300,27378,56.35,56.33,4701,3767,426,-74
230,AZN,2020-08-18,0 days 15:59:27.203094,30697,56.33,56.32,3180,5191,19,-581
231,AZN,2020-08-18,0 days 15:59:36.224797,30816,56.33,56.32,1768,6038,-81,19
232,AZUL,2020-08-18,0 days 15:55:01.051113,10208,11.96,11.95,1300,400,-6930,8746
233,AZUL,2020-08-18,0 days 15:55:02.049960,9638,11.95,11.94,2482,800,570,-6930
234,AZUL,2020-08-18,0 days 15:55:15.081356,9608,11.98,11.97,1335,400,-30,570
235,AZUL,2020-08-18,0 days 15:55:16.083242,9138,11.98,11.97,935,600,470,-30
236,AZUL,2020-08-18,0 days 15:57:14.368938,11760,11.95,11.94,1459,2020,-678,422
237,AZUL,2020-08-18,0 days 15:57:15.371021,11438,11.95,11.94,1459,2020,322,-678
238,AZUL,2020-08-18,0 days 15:59:16.656743,11840,11.95,11.94,3682,2184,-254,133
239,AZUL,2020-08-18,0 days 15:59:17.659420,11594,11.95,11.94,3482,2484,46,-254
240,AZUL,2020-08-18,0 days 15:59:45.722620,11840,11.95,11.94,13630,2364,-454,46
241,AZUL,2020-08-18,0 days 15:59:46.722336,11694,11.95,11.94,13530,1979,29,-454
242,BA,2020-08-18,0 days 15:59:03.703077,189668,170.19,170.17,107,100,8472,-9869
243,BABA,2020-08-18,0 days 15:55:00.786157,469790,259.14,259.11,368,218,3428,-5057
244,BABA,2020-08-18,0 days 15:55:10.807133,463218,259.34,259.27,400,513,-9821,248
245,BABA,2020-08-18,0 days 15:56:00.929774,476268,259.61,259.58,851,1001,1894,-906
246,BABA,2020-08-18,0 days 15:56:02.934073,475762,259.69,259.65,302,847,-975,6270
247,BABA,2020-08-18,0 days 15:56:21.979281,476688,259.39,259.35,300,200,154,-316
248,BABA,2020-08-18,0 days 15:56:22.981987,475842,259.39,259.36,300,300,-811,154
249,BABA,2020-08-18,0 days 15:56:29.998826,476542,259.27,259.24,200,1060,9300,-700
250,BABA,2020-08-18,0 days 15:56:40.023501,468142,259.31,259.25,100,867,-9834,200
251,BABA,2020-08-18,0 days 15:59:00.363796,615575,259.07,259.04,327,140,1403,-1201
252,BABA,2020-08-18,0 days 15:59:02.368087,615866,259.16,259.13,200,330,-60155,83
253,BABA,2020-08-18,0 days 15:59:10.388094,676083,259.14,259.1,539,400,8633,-3997
254,BABA,2020-08-18,0 days 15:59:11.390064,674216,259.15,259.12,505,300,-4142,8633
255,BABA,2020-08-18,0 days 15:59:20.405535,678392,259.18,259.14,1030,185,3064,-878
256,BABA,2020-08-18,0 days 15:59:22.410761,677326,259.17,259.13,729,288,-1206,1834
257,BABA,2020-08-18,0 days 15:59:36.444748,686769,259.24,259.16,930,300,8239,-11730
258,BABA,2020-08-18,0 days 15:59:37.446977,686308,259.26,259.24,245,200,-496,8239
259,BABA,2020-08-18,0 days 15:59:42.459679,686804,259.27,259.22,919,205,8304,-1730
260,BABA,2020-08-18,0 days 15:59:43.461646,686308,259.27,259.22,319,723,-496,8304
261,BABA,2020-08-18,0 days 15:59:47.470966,686804,259.24,259.21,400,200,1973,-361
262,BAC,2020-08-18,0 days 15:55:00.563253,1854628,25.52,25.51,120411,120894,33373,-236564
263,BAC,2020-08-18,0 days 15:59:01.142917,1933326,25.53,25.52,48558,231421,-19168,20323
264,BAC,2020-08-18,0 days 15:59:03.147537,2012235,25.53,25.52,69057,224831,11027,-17568
265,BAC,2020-08-18,0 days 15:59:05.151943,2012657,25.53,25.52,69095,213331,-278,422
266,BAC,2020-08-18,0 days 15:59:33.218278,2510247,25.54,25.53,61522,178663,-8503,10457
267,BAC,2020-08-18,0 days 15:59:37.227244,2501854,25.54,25.53,37681,195196,9670,-4080
268,BAC,2020-08-18,0 days 15:59:38.229677,2495924,25.54,25.53,42286,194914,-5930,9670
269,BAM,2020-08-18,0 days 15:57:58.638944,1262609,33.64,33.63,1408,6330,-961,6639
270,BAM,2020-08-18,0 days 15:57:59.641198,1256870,33.64,33.63,1864,4882,5739,-961
271,BAM,2020-08-18,0 days 15:58:20.692784,1266599,33.64,33.63,5290,5282,-171,2129
272,BAM,2020-08-18,0 days 15:58:23.700178,1249370,33.64,33.63,5973,5365,10829,-171
273,BAM,2020-08-18,0 days 15:59:15.827680,1257802,33.64,33.63,1231,3512,3954,-4346
274,BAM,2020-08-18,0 days 15:59:17.832514,1261756,33.64,33.63,1548,4514,-169,31
275,BAM,2020-08-18,0 days 15:59:34.873788,1243459,33.68,33.67,1200,3225,1245,-13755
276,BAM,2020-08-18,0 days 15:59:40.889842,1244704,33.69,33.68,2416,2300,-705,245
277,BAM,2020-08-18,0 days 15:59:42.892807,1244225,33.68,33.67,6047,1107,479,-705
278,BAM,2020-08-18,0 days 15:59:45.900922,1244704,33.67,33.66,3563,3500,-1129,183
279,BAM,2020-08-18,0 days 15:59:46.903044,1244033,33.67,33.66,8306,500,671,-1129
280,BBD,2020-08-18,0 days 15:57:27.459183,319928,3.79,3.78,651761,181002,-74258,201182
281,BBD,2020-08-18,0 days 15:57:28.461358,301186,3.79,3.78,640361,157369,18742,-74258
282,BBD,2020-08-18,0 days 15:58:18.583612,380620,3.78,3.77,988475,309693,-16838,269934
283,BBD,2020-08-18,0 days 15:58:19.585598,151558,3.78,3.77,1002975,274139,229062,-16838
284,BBD,2020-08-18,0 days 15:59:01.688409,380181,3.78,3.77,872795,356799,-56377,229062
285,BBD,2020-08-18,0 days 15:59:02.690768,374852,3.78,3.77,874295,355299,5329,-56377
286,BBD,2020-08-18,0 days 15:59:46.786087,396582,3.78,3.77,721010,312629,-41937,2198
287,BBD,2020-08-18,0 days 15:59:47.787400,386519,3.78,3.77,714910,302929,10063,-41937
288,BBY,2020-08-18,0 days 15:59:08.647618,198333,110.48,110.47,114,303,2171,-92
289,BBY,2020-08-18,0 days 15:59:09.650213,194004,110.49,110.47,486,907,-4329,2171
290,BBY,2020-08-18,0 days 15:59:22.671610,204231,110.56,110.55,673,446,5073,-153
291,BBY,2020-08-18,0 days 15:59:23.673472,201204,110.55,110.54,1027,650,-3027,5073
292,BBY,2020-08-18,0 days 15:59:34.700044,204231,110.59,110.56,100,1935,1963,-3365
293,BBY,2020-08-18,0 days 15:59:35.702630,201194,110.58,110.56,800,1161,-3037,1963
294,BBY,2020-08-18,0 days 15:59:46.722142,199294,110.57,110.55,403,500,-4937,1063
295,BE,2020-08-18,0 days 15:55:01.785772,112626,16.92,16.91,800,1950,-36071,6029
296,BE,2020-08-18,0 days 15:55:02.787827,106397,16.92,16.91,984,5850,5529,-36071
297,BE,2020-08-18,0 days 15:55:24.842837,101932,17.01,16.99,700,2408,5194,-4606
298,BE,2020-08-18,0 days 15:56:53.055536,107126,16.98,16.97,106,794,-3381,1419
299,BE,2020-08-18,0 days 15:56:54.057619,104107,17.0,16.99,900,493,3019,-3381
300,BE,2020-08-18,0 days 15:59:03.371208,105315,17.03,17.02,4949,5616,-16254,922
301,BE,2020-08-18,0 days 15:59:04.373112,104269,17.03,17.02,5886,2943,1046,-16254
302,BE,2020-08-18,0 days 15:59:15.394427,106319,17.01,17.0,2706,3507,-3688,1248
303,BE,2020-08-18,0 days 15:59:16.396419,105607,17.01,17.0,3673,3370,210,-3688
304,BE,2020-08-18,0 days 15:59:24.415939,105515,17.06,17.02,5400,1844,-392,110
305,BE,2020-08-18,0 days 15:59:32.435181,105907,17.03,17.02,3407,539,128,-374
306,BEN,2020-08-18,0 days 15:56:15.307244,188494,21.73,21.72,4694,4476,185,-1705
307,BEN,2020-08-18,0 days 15:56:16.309058,186879,21.73,21.72,5094,4153,-1615,185
308,BEN,2020-08-18,0 days 15:59:07.712309,224296,21.72,21.71,5652,10020,-3773,4927
309,BEN,2020-08-18,0 days 15:59:08.715241,228069,21.72,21.71,8752,5220,983,-3773
310,BEN,2020-08-18,0 days 15:59:17.730323,225052,21.72,21.71,2542,9525,-3336,1764
311,BEN,2020-08-18,0 days 15:59:34.771906,232594,21.73,21.72,1536,10965,5899,-4702
312,BEN,2020-08-18,0 days 15:59:35.774426,229893,21.73,21.72,2907,9721,-2701,5899
313,BEN,2020-08-18,0 days 15:59:48.805183,230975,21.73,21.72,7658,7208,-1619,1581
314,BEST,2020-08-18,0 days 15:59:16.670906,80588,4.48,4.47,7174,6400,-17405,1922
315,BHC,2020-08-18,0 days 15:55:00.787550,175751,17.27,17.26,3958,12639,-31067,112443
316,BHC,2020-08-18,0 days 15:55:01.786113,163418,17.27,17.26,8878,12189,12333,-31067
317,BIG,2020-08-18,0 days 15:55:00.786508,48718,48.28,48.26,416,300,13547,-17927
318,BIG,2020-08-18,0 days 15:55:01.785818,47265,48.28,48.26,516,400,-1453,13547
319,BIG,2020-08-18,0 days 15:56:40.024433,55289,48.14,48.13,452,100,14,-554
320,BIG,2020-08-18,0 days 15:56:47.041193,55403,48.14,48.12,998,321,-454,114
321,BIG,2020-08-18,0 days 15:59:03.371295,61557,48.1,48.09,487,1100,12,-188
322,BIG,2020-08-18,0 days 15:59:06.379397,59785,48.13,48.11,119,435,-2925,5928
323,BIG,2020-08-18,0 days 15:59:37.447416,61882,48.12,48.11,242,1230,1103,-259
324,BIG,2020-08-18,0 days 15:59:38.449740,61185,48.12,48.11,1798,872,-697,1103
325,BJ,2020-08-18,0 days 15:55:00.562589,85910,43.45,43.44,2273,2412,-24141,15781
326,BJ,2020-08-18,0 days 15:55:55.695654,125991,43.49,43.48,2461,1700,1683,-3779
327,BJ,2020-08-18,0 days 15:55:56.697653,122674,43.49,43.48,2246,1700,-3317,1683
328,BJ,2020-08-18,0 days 15:59:02.145602,154159,43.5,43.49,175,701,16015,-4594
329,BJ,2020-08-18,0 days 15:59:03.147506,149474,43.51,43.5,131,1600,-6981,16015
330,BJ,2020-08-18,0 days 15:59:18.181576,154531,43.49,43.48,666,1488,264,-3251
331,BJ,2020-08-18,0 days 15:59:29.207552,151260,43.49,43.47,2791,939,-996,2929
332,BK,2020-08-18,0 days 15:59:06.379291,588966,36.77,36.76,7312,1412,137359,-139747
333,BK,2020-08-18,0 days 15:59:07.380713,578425,36.78,36.77,2700,3634,-10741,137359
334,BK,2020-08-18,0 days 15:59:25.419022,606831,36.8,36.79,7267,2898,327,-373
335,BK,2020-08-18,0 days 15:59:27.423865,607158,36.8,36.79,7273,6085,-1727,327
336,BKR,2020-08-18,0 days 15:56:14.349061,352982,16.44,16.43,4610,9209,-3438,5262
337,BKR,2020-08-18,0 days 15:56:15.350617,352320,16.44,16.43,4710,9718,662,-3438
338,BKR,2020-08-18,0 days 15:56:36.401232,352982,16.44,16.43,8886,9126,-1138,662
339,BKR,2020-08-18,0 days 15:56:37.404154,352520,16.44,16.43,9286,9226,462,-1138
340,BKR,2020-08-18,0 days 15:57:50.579509,366983,16.46,16.45,4835,11358,-795,1605
341,BKR,2020-08-18,0 days 15:57:51.581928,365078,16.46,16.45,4200,14009,1905,-795
342,BKR,2020-08-18,0 days 15:58:04.613481,362451,16.47,16.46,6725,25316,-927,873
343,BKR,2020-08-18,0 days 15:58:05.616433,360978,16.47,16.46,6619,25569,1473,-927
344,BKR,2020-08-18,0 days 15:58:15.640871,366956,16.47,16.46,9548,18050,-222,1878
345,BKR,2020-08-18,0 days 15:58:16.643113,365078,16.47,16.46,9548,19273,1878,-222
346,BKR,2020-08-18,0 days 15:59:00.751433,360638,16.47,16.46,9113,24802,-6936,1092
347,BKR,2020-08-18,0 days 15:59:01.753101,347874,16.47,16.46,9318,30732,9006,-6936
348,BKR,2020-08-18,0 days 15:59:02.755084,356880,16.47,16.46,7058,20151,-3880,9006
349,BKR,2020-08-18,0 days 15:59:03.758699,353040,16.47,16.46,13597,15338,5416,-3880
350,BKR,2020-08-18,0 days 15:59:06.764751,364259,16.47,16.46,7019,20756,-4081,6319
351,BKR,2020-08-18,0 days 15:59:07.767352,363340,16.47,16.46,13546,14375,1038,-4081
352,BKR,2020-08-18,0 days 15:59:11.776738,384861,16.47,16.46,5669,21197,-13579,18021
353,BKR,2020-08-18,0 days 15:59:12.779490,384340,16.47,16.46,6569,20597,521,-13579
354,BKR,2020-08-18,0 days 15:59:16.786298,384861,16.47,16.46,5456,20233,-2479,521
355,BKR,2020-08-18,0 days 15:59:17.788244,382840,16.47,16.46,8623,19737,2021,-2479
356,BKR,2020-08-18,0 days 15:59:27.812887,385370,16.47,16.46,8032,22343,-3319,1271
357,BKR,2020-08-18,0 days 15:59:28.814896,384389,16.47,16.46,10532,22243,981,-3319
358,BLL,2020-08-18,0 days 15:55:00.055007,81087,76.26,76.24,200,881,10341,-6057
359,BLL,2020-08-18,0 days 15:55:09.066134,91328,76.26,76.25,772,356,-7359,10341
360,BLL,2020-08-18,0 days 15:55:10.068641,90387,76.26,76.25,974,676,941,-7359
361,BLL,2020-08-18,0 days 15:55:32.123901,91387,76.25,76.24,799,623,-955,200
362,BLL,2020-08-18,0 days 15:55:33.125864,90542,76.25,76.24,899,623,845,-955
363,BLL,2020-08-18,0 days 15:56:44.296299,93218,76.28,76.27,600,800,-38,462
364,BLL,2020-08-18,0 days 15:56:45.298809,92456,76.28,76.27,661,800,762,-38
365,BLL,2020-08-18,0 days 15:57:34.417410,92937,76.3,76.29,212,965,-119,511
366,BLL,2020-08-18,0 days 15:57:35.419934,92256,76.3,76.29,100,1065,681,-119
367,BLL,2020-08-18,0 days 15:57:39.429850,92937,76.29,76.28,400,600,-19,81
368,BLL,2020-08-18,0 days 15:57:40.432574,92356,76.29,76.28,500,700,581,-19
369,BLL,2020-08-18,0 days 15:58:02.486390,93567,76.27,76.25,523,400,-289,811
370,BLL,2020-08-18,0 days 15:58:16.520893,93567,76.26,76.25,890,1200,-451,1649
371,BLL,2020-08-18,0 days 15:59:00.631259,94461,76.26,76.25,327,740,1598,-290
372,BLL,2020-08-18,0 days 15:59:01.630500,94274,76.27,76.26,121,3050,-1087,1598
373,BLL,2020-08-18,0 days 15:59:09.650412,96261,76.28,76.27,300,1900,3797,-303
374,BLL,2020-08-18,0 days 15:59:11.654617,102336,76.36,76.34,512,1241,-1025,3875
375,BLL,2020-08-18,0 days 15:59:13.659875,101866,76.33,76.32,138,700,1682,-330
376,BLL,2020-08-18,0 days 15:59:27.683599,106355,76.33,76.32,500,1063,-6852,181
377,BLL,2020-08-18,0 days 15:59:28.685607,106307,76.33,76.31,746,800,48,-6852
378,BLL,2020-08-18,0 days 15:59:34.700322,109347,76.33,76.32,653,1037,-298,3440
379,BMY,2020-08-18,0 days 15:56:58.410926,764746,62.98,62.97,2830,3737,75869,-10921
380,BMY,2020-08-18,0 days 15:56:59.413138,762215,63.0,62.99,2327,4854,-2531,75869
381,BMY,2020-08-18,0 days 15:57:16.442185,763351,62.96,62.95,2024,5380,-1981,560
382,BMY,2020-08-18,0 days 15:57:35.488275,765194,62.97,62.96,3222,5759,957,-184
383,BMY,2020-08-18,0 days 15:57:37.492781,763551,62.97,62.96,2612,7196,-1484,757
384,BMY,2020-08-18,0 days 15:58:01.551837,759994,62.98,62.97,4889,3858,-7121,1499
385,BMY,2020-08-18,0 days 15:58:08.568966,767115,62.98,62.97,7961,3565,4679,-21
386,BMY,2020-08-18,0 days 15:58:09.571700,766631,62.97,62.96,600,4653,-784,4679
387,BMY,2020-08-18,0 days 15:58:12.578388,767115,62.98,62.97,6177,3861,879,-484
388,BMY,2020-08-18,0 days 15:58:13.580888,764994,62.98,62.97,2998,7370,-2121,879
389,BMY,2020-08-18,0 days 15:58:42.650944,767015,63.0,62.99,8587,562,3293,-1407
390,BMY,2020-08-18,0 days 15:58:43.653519,765308,63.0,62.99,6067,5997,-1707,3293
391,BMY,2020-08-18,0 days 15:59:05.708606,831791,62.98,62.97,5228,2520,1265,-21339
392,BMY,2020-08-18,0 days 15:59:06.710645,833056,62.98,62.97,6043,2019,-8357,1265
393,BMY,2020-08-18,0 days 15:59:10.720358,841413,62.98,62.97,3100,4686,633,-189
394,BMY,2020-08-18,0 days 15:59:16.728009,861657,63.03,63.02,2712,6103,-1456,94344
395,BMY,2020-08-18,0 days 15:59:19.735088,874448,63.02,63.01,3940,5039,13006,-12791
396,BMY,2020-08-18,0 days 15:59:20.737443,879338,63.02,63.01,2016,8095,-632,13006
397,BMY,2020-08-18,0 days 15:59:27.754190,882320,63.02,63.01,5349,4055,663,-966
398,BMY,2020-08-18,0 days 15:59:33.769096,901583,63.03,63.02,2540,5699,-3054,563
399,BMY,2020-08-18,0 days 15:59:39.783850,904917,63.03,63.02,5112,4169,-2,180
400,BP,2020-08-18,0 days 15:55:00.206880,800222,22.35,22.34,66714,42005,352666,-702780
401,BP,2020-08-18,0 days 15:56:33.433498,855122,22.37,22.36,3575,83634,-5801,64554
402,BP,2020-08-18,0 days 15:56:34.436023,850923,22.38,22.37,31298,46291,4199,-5801
403,BP,2020-08-18,0 days 15:56:43.457290,855122,22.38,22.37,27197,55531,-9301,4199
404,BP,2020-08-18,0 days 15:56:44.459685,852723,22.38,22.37,28499,54931,2399,-9301
405,BP,2020-08-18,0 days 15:57:47.611968,874538,22.37,22.36,25205,66585,-885,3615
406,BP,2020-08-18,0 days 15:57:48.614503,870723,22.37,22.36,25505,67185,1615,-885
407,BP,2020-08-18,0 days 15:58:05.655996,874538,22.37,22.36,51931,66085,-4085,3815
408,BP,2020-08-18,0 days 15:58:06.658892,870723,22.37,22.36,53624,65085,3815,-4085
409,BP,2020-08-18,0 days 15:58:20.692686,874538,22.37,22.36,58667,65945,-4085,3815
410,BP,2020-08-18,0 days 15:58:21.695679,870723,22.37,22.36,58850,63680,3815,-4085
411,BP,2020-08-18,0 days 15:59:03.798601,881004,22.37,22.36,71609,18534,-4838,1210
412,BP,2020-08-18,0 days 15:59:35.875518,886376,22.37,22.36,24796,88349,128,-11772
413,BRK.B,2020-08-18,0 days 15:58:38.584506,379043,208.18,208.15,600,400,44,-476
414,BRK.B,2020-08-18,0 days 15:58:54.622296,371792,208.39,208.33,200,436,-9566,68315
415,BRK.B,2020-08-18,0 days 15:59:15.668233,410139,208.34,208.32,309,501,67020,-3249
416,BSX,2020-08-18,0 days 15:59:15.666727,1147373,39.3,39.29,3977,6283,5293,-61384
417,BSX,2020-08-18,0 days 15:59:16.668917,1136666,39.32,39.31,6200,7715,-10707,5293
418,BSX,2020-08-18,0 days 15:59:19.676431,1147373,39.31,39.3,10846,7067,2755,-1549
419,BSX,2020-08-18,0 days 15:59:21.681212,1137528,39.32,39.31,5414,5128,-9845,4355
420,BSX,2020-08-18,0 days 15:59:24.688737,1147473,39.32,39.31,5736,8083,52129,-1146
421,BSX,2020-08-18,0 days 15:59:25.690978,1146302,39.33,39.32,6468,9752,-3230,52129
422,BSX,2020-08-18,0 days 15:59:28.698500,1151409,39.32,39.31,3513,6287,6029,-14830
423,BSX,2020-08-18,0 days 15:59:29.700662,1148838,39.32,39.31,1200,9491,-2571,6029
424,BSX,2020-08-18,0 days 15:59:34.713653,1153468,39.33,39.32,11536,10255,12234,-71
425,BSX,2020-08-18,0 days 15:59:35.715504,1141602,39.33,39.32,5335,11855,-11866,12234
426,BSX,2020-08-18,0 days 15:59:36.717413,1153468,39.33,39.32,11135,5920,4134,-11866
427,BSX,2020-08-18,0 days 15:59:37.720327,1152602,39.33,39.32,9667,9120,-866,4134
428,BSX,2020-08-18,0 days 15:59:40.727712,1153468,39.32,39.31,1522,9842,6557,-257
429,BSX,2020-08-18,0 days 15:59:47.744021,1153468,39.32,39.31,4202,8800,23620,-10115
430,BTI,2020-08-18,0 days 15:56:19.399474,25335,33.97,33.96,2800,5433,-523,490
431,BTI,2020-08-18,0 days 15:56:20.402250,24458,33.97,33.96,616,6434,877,-523
432,BTI,2020-08-18,0 days 15:59:04.801471,25605,33.98,33.97,5837,5380,579,-115
433,BTI,2020-08-18,0 days 15:59:21.841787,26184,33.98,33.97,2952,6861,-45,356
434,BTI,2020-08-18,0 days 15:59:46.903014,26029,33.98,33.97,12397,3659,155,-1045
435,C,2020-08-18,0 days 15:55:01.564679,703229,50.37,50.36,10345,53721,5446,-11754
436,C,2020-08-18,0 days 15:55:30.637939,718227,50.37,50.36,16674,26644,-502,14898
437,C,2020-08-18,0 days 15:55:31.640130,712829,50.37,50.36,17640,25744,5398,-502
438,C,2020-08-18,0 days 15:56:04.716757,730348,50.37,50.36,13459,47849,-5246,2105
439,C,2020-08-18,0 days 15:56:05.718786,714794,50.37,50.36,15091,47349,15554,-5246
440,C,2020-08-18,0 days 15:56:19.752870,730348,50.37,50.36,20807,40830,-6246,6654
441,C,2020-08-18,0 days 15:56:20.755800,726574,50.37,50.36,20807,40530,3774,-6246
442,C,2020-08-18,0 days 15:57:49.969833,756983,50.33,50.32,18516,11125,-10558,1202
443,C,2020-08-18,0 days 15:57:50.972477,751641,50.33,50.32,23103,6230,4202,-10558
444,C,2020-08-18,0 days 15:57:57.989530,756983,50.33,50.32,14658,14977,-258,5202
445,C,2020-08-18,0 days 15:58:00.999441,744541,50.33,50.32,18141,15556,4002,-1398
446,C,2020-08-18,0 days 15:59:02.145351,753841,50.33,50.32,12334,6799,-344,1365
447,CARR,2020-08-18,0 days 15:55:00.073159,169525,29.42,29.41,10708,1728,3631,-4963
448,CARR,2020-08-18,0 days 15:58:35.577788,180309,29.4,29.39,1701,3260,-80,2620
449,CARR,2020-08-18,0 days 15:58:58.633370,180419,29.42,29.41,2057,6189,20,-110
450,CARR,2020-08-18,0 days 15:59:03.648630,180939,29.43,29.42,1520,527,-26253,242
451,CARR,2020-08-18,0 days 15:59:04.648317,180592,29.42,29.4,500,1500,347,-26253
452,CARR,2020-08-18,0 days 15:59:08.658306,182239,29.41,29.4,458,1900,-2740,454
453,CARR,2020-08-18,0 days 15:59:10.663365,208714,29.41,29.4,700,1475,1865,-4275
454,CARR,2020-08-18,0 days 15:59:19.678319,210579,29.43,29.42,1100,2000,-1679,1265
455,CARR,2020-08-18,0 days 15:59:20.680409,208958,29.43,29.42,1900,1033,1121,-1679
456,CAT,2020-08-18,0 days 15:57:36.433999,196885,138.16,138.12,100,602,792,-1708
457,CAT,2020-08-18,0 days 15:57:37.436372,194277,138.17,138.14,200,200,-2608,792
458,CAT,2020-08-18,0 days 15:57:42.448778,196885,138.15,138.12,300,195,92,-1708
459,CAT,2020-08-18,0 days 15:57:43.451543,196977,138.15,138.12,300,295,-408,92
460,CAT,2020-08-18,0 days 15:58:05.505237,197511,138.15,138.12,400,100,102,-2398
461,CAT,2020-08-18,0 days 15:58:07.510433,195438,138.15,138.11,300,381,-2073,692
462,CAT,2020-08-18,0 days 15:59:07.655466,201989,138.18,138.14,700,177,1755,-6186
463,CAT,2020-08-18,0 days 15:59:11.665739,199145,138.24,138.2,200,716,-2892,1388
464,CAT,2020-08-18,0 days 15:59:12.668202,202037,138.24,138.2,500,200,308,-2892
465,CAT,2020-08-18,0 days 15:59:17.674493,202645,138.24,138.19,600,240,-425,408
466,CAT,2020-08-18,0 days 15:59:18.676690,203070,138.24,138.19,400,376,375,-425
467,CAT,2020-08-18,0 days 15:59:27.697826,203798,138.27,138.25,200,100,-72,728
468,CAT,2020-08-18,0 days 15:59:28.700465,203870,138.27,138.25,100,100,628,-72
469,CAT,2020-08-18,0 days 15:59:34.715670,204198,138.31,138.27,1000,300,-1191,328
470,CAT,2020-08-18,0 days 15:59:35.717641,205389,138.31,138.27,1500,100,1009,-1191
471,CAT,2020-08-18,0 days 15:59:50.754502,206298,138.24,138.19,900,898,-881,2777
472,CAT,2020-08-18,0 days 15:59:54.762990,207179,138.2,138.13,1424,3800,1119,-881
473,CAT,2020-08-18,0 days 15:59:55.765100,206298,138.29,138.21,100,825,-881,1119
474,CCL,2020-08-18,0 days 15:56:44.296288,738414,14.44,14.43,19144,22844,117057,-257943
475,CCL,2020-08-18,0 days 15:56:45.298798,723071,14.44,14.43,7794,32396,-15343,117057
476,CCL,2020-08-18,0 days 15:59:34.700249,1067973,14.45,14.44,88538,47891,24185,-15459
477,CCL,2020-08-18,0 days 15:59:35.702801,1049558,14.45,14.44,85839,52721,-18415,24185
478,CCL,2020-08-18,0 days 15:59:46.722385,1070273,14.45,14.44,116795,40236,6608,-16013
479,CCL,2020-08-18,0 days 15:59:48.727621,1061596,14.45,14.44,104932,54523,-8677,6608
480,CCO,2020-08-18,0 days 15:57:56.987021,57342,1.21,1.2,5319,56178,-373688,24509
481,CDE,2020-08-18,0 days 15:55:54.503819,95487,8.64,8.63,20734,12361,78,-622
482,CDE,2020-08-18,0 days 15:56:16.556385,93665,8.65,8.64,11942,18815,-1822,78
483,CDE,2020-08-18,0 days 15:57:55.795695,119431,8.63,8.62,12306,22340,-346,63
484,CDE,2020-08-18,0 days 15:59:17.994591,122859,8.64,8.63,20156,21435,62,-308
485,CDE,2020-08-18,0 days 15:59:37.041014,122971,8.64,8.63,2690,45889,-388,112
486,CDE,2020-08-18,0 days 15:59:46.061881,127450,8.65,8.64,20348,29126,6416,-1305
487,CDE,2020-08-18,0 days 15:59:47.064338,126566,8.65,8.64,16609,33616,-884,6416
488,CFG,2020-08-18,0 days 15:56:30.262824,181371,24.73,24.72,9992,5149,-611,2289
489,CFG,2020-08-18,0 days 15:56:31.265205,175582,24.73,24.72,10262,5543,5789,-611
490,CFG,2020-08-18,0 days 15:59:03.635635,199018,24.74,24.73,8363,4952,-12300,4518
491,CFG,2020-08-18,0 days 15:59:04.637739,195992,24.74,24.73,10263,2837,3026,-12300
492,CFG,2020-08-18,0 days 15:59:05.640301,193567,24.74,24.73,8463,5447,-2425,3026
493,CFG,2020-08-18,0 days 15:59:06.642690,190892,24.74,24.73,8127,5617,1055,-2425
494,CFG,2020-08-18,0 days 15:59:21.669410,204391,24.75,24.74,2676,8450,-4287,28
495,CFG,2020-08-18,0 days 15:59:22.671780,201678,24.75,24.74,3476,8250,2713,-4287
496,CFG,2020-08-18,0 days 15:59:24.676099,203691,24.76,24.75,2074,8640,-45,2713
497,CFG,2020-08-18,0 days 15:59:28.685589,202144,24.76,24.75,3169,9757,1547,-2153
498,CFG,2020-08-18,0 days 15:59:34.700322,203691,24.77,24.76,2215,8746,-2731,547
499,CFG,2020-08-18,0 days 15:59:35.702830,202522,24.77,24.76,5615,7646,1169,-2731
500,CFG,2020-08-18,0 days 15:59:40.710160,203691,24.77,24.76,272,12697,-291,669
501,CFG,2020-08-18,0 days 15:59:42.715256,203982,24.78,24.77,10260,9070,309,-291
502,CFG,2020-08-18,0 days 15:59:45.722702,204391,24.77,24.76,10080,4830,-11963,309
503,CFG,2020-08-18,0 days 15:59:46.722426,204354,24.77,24.76,8589,6591,3347,-11963
504,CGC,2020-08-18,0 days 15:56:15.743307,17666,16.94,16.93,4202,1906,-1350,350
505,CGC,2020-08-18,0 days 15:56:16.746078,16516,16.94,16.93,4102,1906,1150,-1350
506,CGC,2020-08-18,0 days 15:57:09.873660,18775,16.94,16.93,500,5565,-1941,264
507,CGC,2020-08-18,0 days 15:59:01.142709,19879,16.93,16.92,1550,8922,-19,1513
508,CGC,2020-08-18,0 days 15:59:46.250342,19879,16.92,16.9,1331,9611,-470,230
509,CGC,2020-08-18,0 days 15:59:47.251792,19749,16.92,16.9,1231,9843,130,-470
510,CHGG,2020-08-18,0 days 15:55:00.102733,150026,77.91,77.9,390,804,64663,-85989
511,CHGG,2020-08-18,0 days 15:57:33.473852,223242,77.96,77.93,4869,263,-1793,1807
512,CHGG,2020-08-18,0 days 15:57:34.476407,218435,77.96,77.93,4969,400,4807,-1793
513,CHGG,2020-08-18,0 days 15:57:45.502781,223242,77.93,77.92,3327,1731,-293,7
514,CHGG,2020-08-18,0 days 15:57:46.505267,218935,77.93,77.92,3972,1591,4307,-293
515,CHGG,2020-08-18,0 days 15:58:20.588122,216011,77.96,77.93,1241,2941,3731,-2069
516,CHGG,2020-08-18,0 days 15:58:36.626727,219344,77.93,77.89,964,1100,-3456,4142
517,CHGG,2020-08-18,0 days 15:58:37.629339,215900,77.93,77.89,1864,300,3444,-3456
518,CHGG,2020-08-18,0 days 15:58:40.636734,219467,77.93,77.91,908,500,-2933,4144
519,CHGG,2020-08-18,0 days 15:58:41.638969,216000,77.93,77.91,1408,400,3467,-2933
520,CHGG,2020-08-18,0 days 15:58:51.663503,219467,78.1,78.07,672,400,-1367,2933
521,CHGG,2020-08-18,0 days 15:58:52.665150,217734,78.1,78.07,372,200,1733,-1367
522,CHGG,2020-08-18,0 days 15:59:03.693549,219554,78.12,78.1,200,100,-6510,2190
523,CHGG,2020-08-18,0 days 15:59:04.695917,217164,78.13,78.07,757,600,2390,-6510
524,CHGG,2020-08-18,0 days 15:59:06.695878,213926,78.13,78.07,1657,1166,-3238,2390
525,CHGG,2020-08-18,0 days 15:59:07.698222,212964,78.11,78.08,700,662,962,-3238
526,CHGG,2020-08-18,0 days 15:59:27.738662,251538,78.22,78.18,600,300,-2922,1747
527,CHGG,2020-08-18,0 days 15:59:28.740888,248260,78.22,78.18,1100,300,3278,-2922
528,CHGG,2020-08-18,0 days 15:59:46.786073,254433,78.08,78.07,100,600,-841,1666
529,CHGG,2020-08-18,0 days 15:59:48.790060,253509,78.21,78.19,100,876,924,-841
530,CHGG,2020-08-18,0 days 15:59:49.793414,254433,78.22,78.2,248,555,-1476,924
531,CHGG,2020-08-18,0 days 15:59:50.796904,248009,78.24,78.19,448,650,6424,-1476
532,CHWY,2020-08-18,0 days 15:58:34.077768,39204,57.11,57.1,421,256,-111,889
533,CHWY,2020-08-18,0 days 15:58:35.080518,37415,57.11,57.1,1121,256,1789,-111
534,CHWY,2020-08-18,0 days 15:59:08.159540,44219,57.15,57.12,1000,435,-370,432
535,CHWY,2020-08-18,0 days 15:59:15.175343,44589,57.15,57.12,638,300,1130,-370
536,CHX,2020-08-18,0 days 15:55:14.097189,103076,10.5,10.49,4585,4010,2814,-1203
537,CHX,2020-08-18,0 days 15:55:15.100190,102290,10.5,10.49,4545,4206,-786,2814
538,CHX,2020-08-18,0 days 15:55:50.185561,104889,10.5,10.49,4561,4505,292,-1008
539,CHX,2020-08-18,0 days 15:55:51.189164,104081,10.5,10.49,3971,4605,-808,292
540,CHX,2020-08-18,0 days 15:56:58.347881,107787,10.51,10.5,1052,2809,10668,-732
541,CHX,2020-08-18,0 days 15:59:12.668176,117369,10.51,10.5,2964,1855,-96,4266
542,CHX,2020-08-18,0 days 15:59:45.741715,123054,10.51,10.5,3242,2871,6299,-281
543,CIG,2020-08-18,0 days 15:57:27.459115,109269,1.96,1.95,61524,242336,-11,12989
544,CIG,2020-08-18,0 days 15:58:51.663398,103980,1.96,1.95,37849,359119,5289,-6011
545,CIG,2020-08-18,0 days 15:59:01.688232,109269,1.96,1.95,27065,369047,-53880,71920
546,CIG,2020-08-18,0 days 15:59:02.690606,106749,1.96,1.95,26865,363947,2520,-53880
547,CIG,2020-08-18,0 days 15:59:07.698081,109269,1.96,1.95,18330,369292,-66445,15889
548,CIG,2020-08-18,0 days 15:59:08.700985,99514,1.96,1.95,17930,386792,9755,-66445
549,CIG,2020-08-18,0 days 15:59:14.715009,166029,1.96,1.95,17230,366931,-49685,66515
550,CIG,2020-08-18,0 days 15:59:15.710509,163914,1.96,1.95,17230,380731,2115,-49685
551,CIG,2020-08-18,0 days 15:59:22.726198,179141,1.96,1.95,17156,362853,-173,15227
552,CIG,2020-08-18,0 days 15:59:48.789840,177714,1.96,1.95,29054,439001,1427,-173
553,CL,2020-08-18,0 days 15:55:00.371245,452179,77.74,77.73,601,2011,-16279,28520
554,CL,2020-08-18,0 days 15:57:14.696303,472813,77.72,77.71,609,3709,3701,-2799
555,CL,2020-08-18,0 days 15:57:15.698553,461714,77.73,77.72,800,5852,-11099,3701
556,CL,2020-08-18,0 days 15:59:17.994340,480682,77.65,77.64,200,3137,13416,-1470
557,CL,2020-08-18,0 days 15:59:19.000216,477798,77.66,77.65,1500,1847,-2884,13416
558,CL,2020-08-18,0 days 15:59:28.018731,493802,77.69,77.68,709,2012,3582,-2777
559,CL,2020-08-18,0 days 15:59:29.020496,492010,77.69,77.68,438,2012,-1792,3582
560,CL,2020-08-18,0 days 15:59:33.031547,493802,77.68,77.67,1574,800,17438,-192
561,CL,2020-08-18,0 days 15:59:34.033289,487440,77.73,77.72,100,1761,-7762,17438
562,CL,2020-08-18,0 days 15:59:41.051527,493475,77.72,77.71,977,1017,-327,6294
563,CL,2020-08-18,0 days 15:59:43.054567,493805,77.7,77.69,2487,501,370,-330
564,CL,2020-08-18,0 days 15:59:49.069238,493485,77.66,77.65,1000,299,-193,7
565,CLF,2020-08-18,0 days 15:55:50.329544,237207,6.41,6.4,76866,57014,9929,-3459
566,CLF,2020-08-18,0 days 15:55:51.332960,223236,6.41,6.4,66864,64993,-13971,9929
567,CLF,2020-08-18,0 days 15:59:45.900867,264239,6.41,6.4,69738,127280,5328,-572
568,CLNY,2020-08-18,0 days 15:55:00.168447,131025,2.73,2.72,51943,35492,-95087,3127
569,CLNY,2020-08-18,0 days 15:59:03.758604,244232,2.72,2.71,60618,46800,-5256,2858
570,CLNY,2020-08-18,0 days 15:59:04.760701,224788,2.72,2.71,62694,48737,25435,-5256
571,CNP,2020-08-18,0 days 15:55:40.202244,647130,20.29,20.28,11853,4917,-86565,10035
572,CNP,2020-08-18,0 days 15:59:03.692873,750150,20.26,20.25,9696,8427,5350,-16060
573,CNP,2020-08-18,0 days 15:59:04.695142,743200,20.27,20.26,8451,10535,-11465,5350
574,CNP,2020-08-18,0 days 15:59:08.700395,754892,20.26,20.25,13003,8002,601,-11692
575,CNP,2020-08-18,0 days 15:59:15.709832,755800,20.26,20.25,13299,7315,-24240,467
576,CNQ,2020-08-18,0 days 15:58:00.550189,55275,20.06,20.05,25811,575,-2047,2088
577,CNQ,2020-08-18,0 days 15:58:01.551909,53122,20.06,20.05,27631,740,2153,-2047
578,CNQ,2020-08-18,0 days 15:59:05.708755,57716,20.06,20.05,1442,15765,-529,5479
579,CNQ,2020-08-18,0 days 15:59:16.728211,50950,20.07,20.06,15505,4034,3870,-1930
580,CNQ,2020-08-18,0 days 15:59:45.798652,58629,20.09,20.08,530,18798,-3819,124
581,CNQ,2020-08-18,0 days 15:59:46.800363,58748,20.09,20.08,7922,14634,577,-3819
582,CNX,2020-08-18,0 days 15:55:54.339468,179476,11.78,11.77,3620,9162,335,-3165
583,CNX,2020-08-18,0 days 15:55:55.342239,177611,11.78,11.77,3620,9162,-1865,335
584,CNX,2020-08-18,0 days 15:57:16.536197,180277,11.78,11.77,8584,6722,4200,-1600
585,CNX,2020-08-18,0 days 15:57:17.538781,179177,11.78,11.77,7884,8229,-1100,4200
586,CNX,2020-08-18,0 days 15:57:41.597870,180277,11.78,11.77,8396,11766,700,-700
587,CNX,2020-08-18,0 days 15:57:42.599739,179277,11.78,11.77,7196,12666,-1000,700
588,CNX,2020-08-18,0 days 15:59:39.885981,182875,11.79,11.78,4242,22955,6929,-485
589,COF,2020-08-18,0 days 15:56:59.496030,149625,65.44,65.43,3704,585,-1723,1177
590,COF,2020-08-18,0 days 15:57:32.575564,151348,65.36,65.35,1484,1757,57,-243
591,COF,2020-08-18,0 days 15:57:33.577402,149805,65.36,65.35,200,2042,-1543,57
592,COF,2020-08-18,0 days 15:57:37.587011,151348,65.36,65.35,4755,860,115,-1285
593,COF,2020-08-18,0 days 15:57:38.589421,149963,65.36,65.35,4067,960,-1385,115
594,COF,2020-08-18,0 days 15:57:42.599656,151348,65.36,65.35,1429,436,915,-985
595,COF,2020-08-18,0 days 15:57:43.601909,150663,65.36,65.35,3549,530,-685,915
596,COF,2020-08-18,0 days 15:59:03.798509,154710,65.37,65.36,439,100,7824,-84
597,COG,2020-08-18,0 days 15:55:00.168637,759012,19.89,19.88,17567,4405,-31052,75673
598,COG,2020-08-18,0 days 15:56:17.357835,793134,19.9,19.89,5800,5964,75,-7415
599,COG,2020-08-18,0 days 15:57:16.497355,792741,19.89,19.88,7507,5436,11228,-4714
600,COG,2020-08-18,0 days 15:58:04.613509,794969,19.89,19.88,17492,9030,-1271,3229
601,COG,2020-08-18,0 days 15:58:10.628702,811164,19.89,19.88,15797,1500,3105,-1095
602,COG,2020-08-18,0 days 15:59:17.788289,814616,19.89,19.88,7117,9922,-8353,20234
603,COG,2020-08-18,0 days 15:59:18.791160,814155,19.89,19.88,10217,8826,461,-8353
604,COG,2020-08-18,0 days 15:59:19.793671,814616,19.89,19.88,10952,8426,-285,461
605,COG,2020-08-18,0 days 15:59:27.812918,815477,19.89,19.88,16174,6027,1688,-861
606,COP,2020-08-18,0 days 15:55:00.787356,416170,40.26,40.25,6335,623,73168,-220949
607,COP,2020-08-18,0 days 15:57:15.108516,356107,40.27,40.26,72542,3552,-70742,6258
608,COP,2020-08-18,0 days 15:58:01.220585,522114,40.17,40.16,3423,2869,11364,-15236
609,COP,2020-08-18,0 days 15:59:35.443055,551283,40.3,40.29,2640,6835,3384,-845
610,COP,2020-08-18,0 days 15:59:37.447484,554667,40.3,40.29,1247,8015,-647,1527
611,COP,2020-08-18,0 days 15:59:40.455368,555314,40.3,40.29,263,8109,153,-647
612,COP,2020-08-18,0 days 15:59:41.457185,555467,40.31,40.3,3774,9568,-1704,153
613,COP,2020-08-18,0 days 15:59:48.474494,551408,40.31,40.3,5037,5259,4259,-5411
614,CPRI,2020-08-18,0 days 15:55:49.322756,67932,15.84,15.83,4104,3330,-3322,1063
615,CPRI,2020-08-18,0 days 15:55:50.324335,67154,15.84,15.83,3330,3177,741,-3322
616,CPRI,2020-08-18,0 days 15:56:02.353633,74774,15.85,15.84,4065,3630,-675,1288
617,CPRI,2020-08-18,0 days 15:56:03.355870,73449,15.85,15.84,2965,5482,1288,-675
618,CPRI,2020-08-18,0 days 15:57:01.495887,74737,15.85,15.84,3921,7137,-8612,1088
619,CPRI,2020-08-18,0 days 15:58:06.653394,86549,15.83,15.82,5703,1503,425,-675
620,CPRI,2020-08-18,0 days 15:58:25.699256,95151,15.81,15.8,4379,3551,1102,-1498
621,CPRI,2020-08-18,0 days 15:58:26.702046,93753,15.81,15.8,3779,4551,-1398,1102
622,CPRI,2020-08-18,0 days 15:59:01.788548,92753,15.81,15.8,2604,11066,-2280,1620
623,CPRI,2020-08-18,0 days 15:59:15.821541,81107,15.81,15.8,1194,15312,5934,-1313
624,CPRI,2020-08-18,0 days 15:59:50.912292,105546,15.82,15.81,17808,5002,-2736,264
625,CRK,2020-08-18,0 days 15:59:37.227261,57312,6.27,6.26,11724,5751,1242,-864
626,CRK,2020-08-18,0 days 15:59:45.248339,57312,6.27,6.26,14826,10433,1142,-558
627,CRM,2020-08-18,0 days 15:59:33.753241,550278,203.99,203.97,1248,590,8945,-3263
628,CRM,2020-08-18,0 days 15:59:34.755999,544923,204.03,204.01,100,958,-5967,8945
629,CRM,2020-08-18,0 days 15:59:35.759021,550890,204.03,204.01,300,703,2033,-5967
630,CRM,2020-08-18,0 days 15:59:39.769801,553246,204.11,204.08,100,721,-20075,1887
631,CRM,2020-08-18,0 days 15:59:58.815012,552442,204.08,203.92,6900,2755,3274,-28313
632,CRM,2020-08-18,0 days 15:59:59.817995,546949,204.08,204.01,4503,6200,-29836,3274
633,CTL,2020-08-18,0 days 15:55:58.185783,776886,10.88,10.87,18501,53796,2397,-2103
634,CTL,2020-08-18,0 days 15:55:59.188549,774483,10.88,10.87,18501,52996,-2403,2397
635,CTL,2020-08-18,0 days 15:57:13.366667,777117,10.89,10.88,26679,73921,1662,-972
636,CTL,2020-08-18,0 days 15:57:14.368964,756879,10.89,10.88,23912,76006,-20238,1662
637,CTL,2020-08-18,0 days 15:57:33.415364,777117,10.89,10.88,17111,80737,22162,-17238
638,CTL,2020-08-18,0 days 15:57:34.417401,759879,10.89,10.88,13254,78287,-17238,22162
639,CTL,2020-08-18,0 days 15:57:40.432560,794717,10.89,10.88,18341,78124,5162,-19738
640,CTL,2020-08-18,0 days 15:57:41.434470,791279,10.89,10.88,15766,80424,-938,5162
641,CTL,2020-08-18,0 days 15:58:12.510002,802617,10.89,10.88,28062,60597,1535,-911
642,CTL,2020-08-18,0 days 15:58:34.564089,792217,10.89,10.88,30806,61501,2847,-6365
643,CTL,2020-08-18,0 days 15:58:35.565863,788964,10.89,10.88,31606,62801,-3253,2847
644,CTL,2020-08-18,0 days 15:59:03.635614,824817,10.9,10.89,23265,61325,1331,-340
645,CTL,2020-08-18,0 days 15:59:09.650412,797755,10.9,10.89,33821,57476,-4862,8038
646,CTL,2020-08-18,0 days 15:59:15.654842,809987,10.9,10.89,28259,61749,17827,-932
647,CTL,2020-08-18,0 days 15:59:44.719627,886517,10.9,10.89,16720,95426,-91170,7930
648,CTL,2020-08-18,0 days 15:59:45.722685,882687,10.9,10.89,20262,85519,4914,-91170
649,CTVA,2020-08-18,0 days 15:56:11.380892,234340,28.37,28.36,2580,2022,203073,-44627
650,CTVA,2020-08-18,0 days 15:57:41.597927,436086,28.38,28.37,6900,11451,-4890,2210
651,CTVA,2020-08-18,0 days 15:57:42.599774,425176,28.38,28.37,6900,11451,10910,-4890
652,CTVA,2020-08-18,0 days 15:57:55.631874,427576,28.39,28.38,5671,8671,8510,-1290
653,CTVA,2020-08-18,0 days 15:59:46.902971,330090,28.42,28.41,16373,3432,24129,-81246
654,CVE,2020-08-18,0 days 15:58:48.610274,34847,5.04,5.03,175776,278389,-624,610
655,CVE,2020-08-18,0 days 15:58:59.636175,35471,5.04,5.03,189195,264697,2598,-624
656,CVS,2020-08-18,0 days 15:56:07.207508,466418,65.09,65.08,100,3232,752,-6348
657,CVS,2020-08-18,0 days 15:56:08.210331,461470,65.1,65.09,483,1856,-4948,752
658,CVS,2020-08-18,0 days 15:56:18.234194,467018,65.09,65.07,3637,2281,264,-276
659,CVS,2020-08-18,0 days 15:56:27.255733,463282,65.1,65.09,2457,1108,-3836,664
660,CVS,2020-08-18,0 days 15:59:06.642449,508098,65.12,65.11,1848,1457,34229,-4449
661,CVS,2020-08-18,0 days 15:59:07.643653,505927,65.13,65.12,1797,1120,-2171,34229
662,CVS,2020-08-18,0 days 15:59:08.647618,508098,65.13,65.12,3266,1196,1666,-2171
663,CVS,2020-08-18,0 days 15:59:09.650213,506264,65.13,65.12,1197,3075,-1834,1666
664,CVS,2020-08-18,0 days 15:59:10.652127,509446,65.14,65.13,851,1377,929,-1834
665,CVS,2020-08-18,0 days 15:59:11.654427,507775,65.15,65.14,1562,1092,-1671,929
666,CVS,2020-08-18,0 days 15:59:15.654598,513585,65.14,65.13,2544,2904,52879,-2058
667,CVS,2020-08-18,0 days 15:59:33.698164,543676,65.19,65.18,998,900,-15309,19831
668,CVS,2020-08-18,0 days 15:59:34.700044,543718,65.18,65.17,965,2284,4417,-15309
669,CVS,2020-08-18,0 days 15:59:45.722412,551038,65.2,65.19,718,1097,137,-141
670,CVX,2020-08-18,0 days 15:55:00.073263,569259,87.42,87.41,200,629,91553,-46545
671,CVX,2020-08-18,0 days 15:59:04.648340,695397,87.53,87.52,546,1545,-19035,13266
672,CVX,2020-08-18,0 days 15:59:05.651101,689032,87.53,87.52,586,1546,2551,-19035
673,CVX,2020-08-18,0 days 15:59:06.653231,693398,87.5,87.49,649,1000,-35862,2551
674,CVX,2020-08-18,0 days 15:59:07.655481,688660,87.49,87.48,597,502,4738,-35862
675,CVX,2020-08-18,0 days 15:59:18.676700,756496,87.56,87.54,2091,694,-5233,7079
676,CVX,2020-08-18,0 days 15:59:19.678319,750229,87.56,87.55,1948,1600,6267,-5233
677,CVX,2020-08-18,0 days 15:59:33.712680,767129,87.58,87.56,400,1018,-7722,5323
678,CVX,2020-08-18,0 days 15:59:34.715716,763351,87.56,87.54,752,1263,1882,-7722
679,CVX,2020-08-18,0 days 15:59:47.745899,763299,87.62,87.61,2500,1246,-25400,1763
680,CWH,2020-08-18,0 days 15:58:53.621214,42909,35.41,35.4,864,1461,94,-706
681,CWH,2020-08-18,0 days 15:58:54.623340,41704,35.41,35.4,1747,1761,-1205,94
682,CWH,2020-08-18,0 days 15:59:05.650840,43315,35.45,35.41,1076,1313,5157,-765
683,CWH,2020-08-18,0 days 15:59:06.653016,42872,35.44,35.41,300,1313,-379,5157
684,CWH,2020-08-18,0 days 15:59:16.670780,43265,35.4,35.38,615,826,77,-6223
685,CWH,2020-08-18,0 days 15:59:19.678116,41940,35.47,35.43,525,781,-1325,775
686,CWH,2020-08-18,0 days 15:59:33.712372,43765,35.45,35.42,384,585,4042,-425
687,CWH,2020-08-18,0 days 15:59:36.719134,43748,35.45,35.44,671,564,-17,2783
688,CWH,2020-08-18,0 days 15:59:42.734955,43365,35.45,35.43,225,100,383,-17
689,CWH,2020-08-18,0 days 15:59:43.736904,43348,35.45,35.43,2339,286,-17,383
690,CWH,2020-08-18,0 days 15:59:45.741456,43365,35.43,35.41,432,190,2202,-17
691,CX,2020-08-18,0 days 15:59:18.732658,207714,3.46,3.45,367290,124203,-3606,15590
692,CX,2020-08-18,0 days 15:59:19.734914,201020,3.46,3.45,368690,132203,6694,-3606
693,D,2020-08-18,0 days 15:55:00.206830,202052,78.22,78.21,1602,300,87406,-35817
694,D,2020-08-18,0 days 15:55:01.209796,198758,78.25,78.24,807,383,-3294,87406
695,D,2020-08-18,0 days 15:57:42.599688,206599,78.19,78.17,2100,1207,-2369,731
696,D,2020-08-18,0 days 15:57:59.641050,203427,78.16,78.15,400,579,-5541,384
697,D,2020-08-18,0 days 15:58:05.655963,209068,78.15,78.14,871,773,253,-3425
698,D,2020-08-18,0 days 15:58:06.658843,207121,78.15,78.14,100,2000,-1947,253
699,D,2020-08-18,0 days 15:58:37.734114,209446,78.12,78.11,300,775,-135,23
700,D,2020-08-18,0 days 15:59:06.805531,222514,78.14,78.13,100,1000,-1680,402
701,D,2020-08-18,0 days 15:59:10.815329,224294,78.18,78.17,300,400,8498,-1682
702,DAL,2020-08-18,0 days 15:59:15.654814,1065022,27.6,27.59,9052,16892,264946,-68578
703,DD,2020-08-18,0 days 15:55:00.372479,1181906,56.95,56.94,300,1034,-39011,730829
704,DD,2020-08-18,0 days 15:59:09.979141,1261610,57.02,57.01,800,784,12589,-4806
705,DD,2020-08-18,0 days 15:59:10.979860,1256199,57.02,57.01,1115,879,-5411,12589
706,DD,2020-08-18,0 days 15:59:17.994591,1261610,57.02,57.01,1526,3814,11927,-5411
707,DD,2020-08-18,0 days 15:59:24.008500,1247937,57.0,56.99,1864,701,-3458,6042
708,DD,2020-08-18,0 days 15:59:39.045841,1245376,57.04,57.03,513,1890,-18119,25827
709,DD,2020-08-18,0 days 15:59:49.069547,1261906,57.03,57.02,1338,273,-2139,10324
710,DD,2020-08-18,0 days 15:59:58.093585,1254724,57.01,56.98,11552,608,6982,-5218
711,DDD,2020-08-18,0 days 15:55:00.370968,67887,5.54,5.53,16430,9439,-5001,963
712,DDD,2020-08-18,0 days 15:55:49.489750,75395,5.54,5.53,15101,17950,1646,-808
713,DDD,2020-08-18,0 days 15:55:50.492545,70588,5.54,5.53,14853,16550,-4807,1646
714,DDD,2020-08-18,0 days 15:59:17.992783,80515,5.54,5.53,26219,41681,4416,-2380
715,DFS,2020-08-18,0 days 15:56:24.266098,195108,50.86,50.85,1994,5523,67,-33
716,DFS,2020-08-18,0 days 15:56:47.321848,195108,50.85,50.84,999,800,167,-33
717,DFS,2020-08-18,0 days 15:56:57.345545,188275,50.85,50.84,1725,2885,-6833,167
718,DFS,2020-08-18,0 days 15:57:44.453674,195392,50.82,50.81,2778,2565,1662,-238
719,DFS,2020-08-18,0 days 15:57:45.456132,193254,50.82,50.81,2778,2977,-2138,1662
720,DFS,2020-08-18,0 days 15:58:53.621331,199912,50.83,50.82,1958,1453,4486,-2537
721,DFS,2020-08-18,0 days 15:58:54.623405,197298,50.83,50.82,1453,2029,-2614,4486
722,DFS,2020-08-18,0 days 15:59:06.653179,195505,50.9,50.89,900,521,20685,-1686
723,DFS,2020-08-18,0 days 15:59:44.739324,207333,50.95,50.94,1029,448,-712,812
724,DFS,2020-08-18,0 days 15:59:45.741676,208045,50.95,50.94,687,636,1288,-712
725,DHI,2020-08-18,0 days 15:59:05.763167,367593,73.51,73.5,2625,1121,-27734,22239
726,DHI,2020-08-18,0 days 15:59:16.786082,399710,73.51,73.5,447,2606,-2380,2420
727,DHI,2020-08-18,0 days 15:59:40.845935,404690,73.55,73.54,1756,400,38,-2502
728,DHI,2020-08-18,0 days 15:59:48.864172,404328,73.54,73.53,1443,1306,-498,302
729,DHI,2020-08-18,0 days 15:59:55.880270,402226,73.52,73.51,1092,845,1756,-4260
730,DHI,2020-08-18,0 days 15:59:56.883301,403970,73.54,73.53,1000,200,-856,1756
731,DHT,2020-08-18,0 days 15:58:05.493723,72581,6.23,6.22,13868,32145,-7858,11089
732,DHT,2020-08-18,0 days 15:58:06.498194,71439,6.23,6.22,18312,53609,1142,-7858
733,DHT,2020-08-18,0 days 15:59:01.630222,76116,6.23,6.22,38189,37302,-10523,13677
734,DHT,2020-08-18,0 days 15:59:02.632036,75039,6.23,6.22,44344,10298,877,-10523
735,DHT,2020-08-18,0 days 15:59:12.656568,76215,6.23,6.22,41425,15166,-4547,926
736,DHT,2020-08-18,0 days 15:59:13.659719,70362,6.23,6.22,45693,13786,5853,-4547
737,DHT,2020-08-18,0 days 15:59:36.704334,76215,6.23,6.22,27012,38097,-4075,4925
738,DHT,2020-08-18,0 days 15:59:38.710058,75266,6.23,6.22,29472,37648,949,-3739
739,DHT,2020-08-18,0 days 15:59:45.722502,76215,6.23,6.22,23011,39452,-1151,149
740,DIS,2020-08-18,0 days 15:55:00.054953,368302,128.87,128.86,871,427,8982,-102605
741,DIS,2020-08-18,0 days 15:55:04.053482,376484,128.91,128.9,1203,731,-3346,1382
742,DIS,2020-08-18,0 days 15:55:05.056888,374830,128.9,128.89,1436,280,1654,-3346
743,DIS,2020-08-18,0 days 15:55:35.130656,376791,128.89,128.88,1013,855,-1048,1452
744,DIS,2020-08-18,0 days 15:55:36.132992,375539,128.89,128.88,713,1355,1252,-1048
745,DIS,2020-08-18,0 days 15:56:08.210452,380407,128.91,128.9,709,1341,-5379,661
746,DIS,2020-08-18,0 days 15:56:09.212379,379186,128.9,128.89,100,700,1221,-5379
747,DIS,2020-08-18,0 days 15:57:16.374218,382189,128.79,128.78,978,961,-696,504
748,DIS,2020-08-18,0 days 15:57:17.375896,381885,128.79,128.77,1814,439,704,-696
749,DIS,2020-08-18,0 days 15:57:41.434470,391302,128.74,128.73,1987,300,-9281,4529
750,DIS,2020-08-18,0 days 15:59:01.630430,410879,128.72,128.7,955,945,6180,-4416
751,DIS,2020-08-18,0 days 15:59:06.642654,425094,128.69,128.66,540,800,-62103,1968
752,DIS,2020-08-18,0 days 15:59:07.643783,487197,128.68,128.67,140,1000,707,-62103
753,DIS,2020-08-18,0 days 15:59:11.654602,479856,128.79,128.76,808,400,-10070,46173
754,DIS,2020-08-18,0 days 15:59:12.656683,489926,128.79,128.77,990,700,1930,-10070
755,DIS,2020-08-18,0 days 15:59:17.659435,574795,128.82,128.8,300,400,-1523,8231
756,DIS,2020-08-18,0 days 15:59:19.663942,566795,128.8,128.79,846,917,8409,-7591
757,DOW,2020-08-18,0 days 15:59:15.827299,254076,44.71,44.7,1409,475,45947,-11171
758,DOW,2020-08-18,0 days 15:59:33.871788,261727,44.71,44.7,300,704,-5451,5191
759,DOW,2020-08-18,0 days 15:59:34.873509,265813,44.71,44.69,800,800,5118,-5451
760,DOW,2020-08-18,0 days 15:59:50.912531,265873,44.71,44.69,338,2324,-1187,10913
761,DOW,2020-08-18,0 days 15:59:56.928437,265873,44.7,44.68,200,2899,-487,3523
762,DT,2020-08-18,0 days 15:55:00.786894,74418,38.87,38.86,880,1041,-7360,13774
763,DT,2020-08-18,0 days 15:55:01.785860,71878,38.87,38.86,1180,738,2540,-7360
764,DT,2020-08-18,0 days 15:58:59.361267,74430,38.92,38.91,2528,8096,-1683,909
765,DT,2020-08-18,0 days 15:59:00.364088,72813,38.92,38.91,2054,7896,1617,-1683
766,DT,2020-08-18,0 days 15:59:06.379511,74752,38.95,38.93,1015,200,-114561,839
767,DT,2020-08-18,0 days 15:59:07.380826,72826,38.94,38.91,1417,3175,2855,-114561
768,DT,2020-08-18,0 days 15:59:21.408896,79518,38.92,38.91,1788,2766,-79,921
769,DT,2020-08-18,0 days 15:59:34.440322,80218,38.9,38.89,1839,620,-979,821
770,DT,2020-08-18,0 days 15:59:45.468199,83338,38.85,38.83,1384,100,13727,-15164
771,DT,2020-08-18,0 days 15:59:47.471514,108465,38.82,38.8,1005,2154,-613,9049
772,DUK,2020-08-18,0 days 15:59:15.394669,302107,81.64,81.63,503,1285,32158,-7165
773,DUK,2020-08-18,0 days 15:59:16.396552,292085,81.67,81.66,200,533,-12168,32158
774,DUK,2020-08-18,0 days 15:59:33.437634,321724,81.65,81.63,1300,1000,14173,-469
775,DUK,2020-08-18,0 days 15:59:34.440354,320197,81.66,81.65,325,200,-1717,14173
776,DUK,2020-08-18,0 days 15:59:45.468347,321529,81.65,81.62,1500,1535,-195,8541
777,DUK,2020-08-18,0 days 15:59:50.481266,315218,81.63,81.61,1200,1052,-6506,783
778,DVN,2020-08-18,0 days 15:56:38.445686,442028,11.35,11.34,31018,30666,4562,-3276
779,DVN,2020-08-18,0 days 15:56:39.447895,431290,11.35,11.34,29043,34786,-10738,4562
780,DVN,2020-08-18,0 days 15:59:15.827604,440871,11.35,11.34,40878,31401,26567,-8960
781,DVN,2020-08-18,0 days 15:59:16.829709,437238,11.35,11.34,27645,48161,-3633,26567
782,DVN,2020-08-18,0 days 15:59:34.873751,438711,11.35,11.34,20887,53952,-3360,30540
783,DVN,2020-08-18,0 days 15:59:45.900722,458144,11.34,11.33,9133,40384,-2605,13895
784,DXC,2020-08-18,0 days 15:59:06.969440,412706,19.34,19.33,1000,6526,6035,-4344
785,EAF,2020-08-18,0 days 15:55:54.339529,36931,7.21,7.2,3201,8067,-235,1165
786,EAF,2020-08-18,0 days 15:55:55.342311,36366,7.21,7.2,3201,8149,565,-235
787,EAF,2020-08-18,0 days 15:56:24.411918,36931,7.22,7.21,2207,7858,-835,365
788,EAF,2020-08-18,0 days 15:56:25.414525,34566,7.22,7.21,1610,7758,2365,-835
789,EAF,2020-08-18,0 days 15:56:41.452419,36931,7.2,7.19,2349,5634,-2195,1365
790,EAF,2020-08-18,0 days 15:58:16.683450,39843,7.21,7.2,14656,1548,11,-245
791,EAF,2020-08-18,0 days 15:58:24.702284,39303,7.2,7.19,4864,4162,2455,-2242
792,EAF,2020-08-18,0 days 15:58:25.704898,36561,7.2,7.19,9988,3362,-2242,2455
793,EAF,2020-08-18,0 days 15:59:38.883759,40810,7.21,7.2,8526,9916,2378,-222
794,EAF,2020-08-18,0 days 15:59:39.886057,40688,7.21,7.2,9126,12356,-122,2378
795,EAF,2020-08-18,0 days 15:59:46.902990,43054,7.21,7.2,11162,5670,427,-2366
796,EAF,2020-08-18,0 days 15:59:47.904841,42781,7.21,7.2,10862,10728,-273,427
797,EAT,2020-08-18,0 days 15:55:00.125141,66509,37.71,37.67,400,1004,899,-12279
798,EAT,2020-08-18,0 days 15:55:01.128059,66408,37.69,37.67,468,1650,-101,899
799,EAT,2020-08-18,0 days 15:55:51.252271,66792,37.65,37.64,1850,1197,1802,-100
800,EAT,2020-08-18,0 days 15:56:13.303380,72883,37.75,37.74,1000,736,-609,991
801,EAT,2020-08-18,0 days 15:56:14.304876,72592,37.75,37.74,1200,936,291,-609
802,EAT,2020-08-18,0 days 15:57:03.423262,72883,37.75,37.74,100,300,-109,91
803,EAT,2020-08-18,0 days 15:57:04.426588,72592,37.75,37.74,100,761,291,-109
804,EAT,2020-08-18,0 days 15:57:39.498909,72485,37.68,37.66,973,1820,-607,93
805,EAT,2020-08-18,0 days 15:57:40.500311,72092,37.68,37.67,915,300,393,-607
806,EAT,2020-08-18,0 days 15:57:44.510019,68494,37.68,37.67,1034,5296,-4298,393
807,EAT,2020-08-18,0 days 15:58:16.588516,72624,37.68,37.67,2227,2019,-368,132
808,EAT,2020-08-18,0 days 15:58:17.590446,72392,37.68,37.67,2727,2486,232,-368
809,EAT,2020-08-18,0 days 15:58:25.610160,72524,37.7,37.69,2600,3422,-468,932
810,EAT,2020-08-18,0 days 15:58:53.677909,72624,37.66,37.65,2107,1340,-127,132
811,EAT,2020-08-18,0 days 15:58:54.680352,72451,37.66,37.65,1632,2419,173,-127
812,EAT,2020-08-18,0 days 15:59:22.742810,79585,37.71,37.7,974,1177,-192,1923
813,EAT,2020-08-18,0 days 15:59:23.744233,77877,37.71,37.7,1276,2497,1708,-192
814,ED,2020-08-18,0 days 15:57:20.506658,136059,73.43,73.41,1203,775,130,-221
815,ED,2020-08-18,0 days 15:57:21.509553,136189,73.42,73.41,229,175,-370,130
816,ED,2020-08-18,0 days 15:57:42.560188,134089,73.43,73.42,626,100,-2770,830
817,ED,2020-08-18,0 days 15:59:03.758972,151828,73.39,73.38,296,145,260,-126
818,ED,2020-08-18,0 days 15:59:04.761017,152088,73.38,73.37,200,300,-1555,260
819,ED,2020-08-18,0 days 15:59:10.774982,150882,73.36,73.35,521,601,4880,-2012
820,ED,2020-08-18,0 days 15:59:11.776900,148117,73.39,73.38,329,108,-2765,4880
821,ED,2020-08-18,0 days 15:59:34.830786,155076,73.35,73.33,593,708,-222,3178
822,ED,2020-08-18,0 days 15:59:44.854648,154280,73.32,73.3,1971,3908,-1018,982
823,EGO,2020-08-18,0 days 15:57:24.908749,261645,11.87,11.86,14363,13653,9607,-1764
824,EGO,2020-08-18,0 days 15:57:25.911196,259952,11.87,11.86,13882,14053,-1693,9607
825,EGO,2020-08-18,0 days 15:57:43.955760,261645,11.87,11.86,21241,6291,107,-1393
826,EGO,2020-08-18,0 days 15:57:44.957847,259952,11.87,11.86,18541,8232,-1393,107
827,EGO,2020-08-18,0 days 15:57:56.987043,261845,11.87,11.86,19638,9564,3807,-1393
828,EGO,2020-08-18,0 days 15:57:57.989633,260152,11.87,11.86,21336,9360,-1193,3807
829,EGO,2020-08-18,0 days 15:58:21.046159,260302,11.87,11.86,39049,2939,-1143,3757
830,EGO,2020-08-18,0 days 15:59:17.179192,262453,11.87,11.86,19491,17962,112,-414
831,EIX,2020-08-18,0 days 15:57:18.446698,195104,51.59,51.58,1199,1983,307,-576
832,EIX,2020-08-18,0 days 15:57:36.490738,195342,51.6,51.59,700,1393,-1662,138
833,EIX,2020-08-18,0 days 15:59:03.702792,202443,51.53,51.51,571,227,10160,-1259
834,EIX,2020-08-18,0 days 15:59:04.704947,197503,51.53,51.52,300,200,-4940,10160
835,EIX,2020-08-18,0 days 15:59:10.720296,203425,51.52,51.5,699,1066,3661,-3359
836,EIX,2020-08-18,0 days 15:59:11.722377,199687,51.52,51.5,932,1688,-4360,3661
837,EIX,2020-08-18,0 days 15:59:19.734997,204332,51.51,51.5,602,479,715,-494
838,EIX,2020-08-18,0 days 15:59:28.756101,202106,51.51,51.49,300,3152,-3212,2281
839,EIX,2020-08-18,0 days 15:59:45.798375,205218,51.48,51.47,922,2184,1188,-2038
840,EIX,2020-08-18,0 days 15:59:48.805098,204006,51.48,51.47,792,2799,-1386,1014
841,ELAN,2020-08-18,0 days 15:55:30.198897,142282,26.1,26.09,2602,100,-4992,6108
842,ELAN,2020-08-18,0 days 15:56:02.276296,147505,26.14,26.13,3001,7027,1787,-734
843,ELAN,2020-08-18,0 days 15:56:03.278264,146992,26.14,26.13,2433,7227,-513,1787
844,ELAN,2020-08-18,0 days 15:58:10.573895,167152,26.08,26.07,8651,3580,502,-298
845,ELAN,2020-08-18,0 days 15:58:11.576206,164654,26.08,26.07,9364,1029,-1198,502
846,ELAN,2020-08-18,0 days 15:59:04.704983,172161,26.08,26.07,1912,2600,11062,-1722
847,ELY,2020-08-18,0 days 15:55:00.101892,134253,18.66,18.65,8075,5731,294,-87668
848,ELY,2020-08-18,0 days 15:56:25.308840,135349,18.66,18.65,10805,3128,-555,345
849,ELY,2020-08-18,0 days 15:56:26.311175,135004,18.66,18.65,11209,3220,345,-555
850,ELY,2020-08-18,0 days 15:57:52.519840,135449,18.66,18.65,11160,1965,-343,357
851,ELY,2020-08-18,0 days 15:57:53.521695,135192,18.66,18.65,12060,2295,257,-343
852,ELY,2020-08-18,0 days 15:57:59.536030,135449,18.66,18.65,11060,2119,-2943,257
853,ELY,2020-08-18,0 days 15:58:01.541754,132592,18.66,18.65,12119,1589,2457,-243
854,ELY,2020-08-18,0 days 15:58:25.599589,134949,18.66,18.65,100,1740,-2527,273
855,ELY,2020-08-18,0 days 15:58:26.602092,134676,18.66,18.65,100,1640,273,-2527
856,ELY,2020-08-18,0 days 15:59:03.693231,135836,18.68,18.67,6992,878,-391,209
857,ELY,2020-08-18,0 days 15:59:04.695454,135927,18.68,18.67,6997,978,677,-391
858,ELY,2020-08-18,0 days 15:59:08.700562,136656,18.68,18.67,5510,2897,-202,3229
859,ELY,2020-08-18,0 days 15:59:09.702411,136258,18.68,18.67,6239,1597,398,-202
860,ELY,2020-08-18,0 days 15:59:15.710120,135888,18.68,18.67,4532,4128,-370,398
861,ELY,2020-08-18,0 days 15:59:16.712253,135558,18.68,18.67,5194,2428,1255,-370
862,ELY,2020-08-18,0 days 15:59:37.763513,137320,18.7,18.69,6881,2474,-2111,562
863,ELY,2020-08-18,0 days 15:59:38.765929,136131,18.7,18.69,11581,5960,2189,-2111
864,ELY,2020-08-18,0 days 15:59:46.785721,142845,18.7,18.69,5648,3780,-1900,6714
865,ENB,2020-08-18,0 days 15:55:00.787145,35328,32.97,32.96,3060,8718,-10107,13700
866,ENB,2020-08-18,0 days 15:55:01.785892,34135,32.97,32.96,1860,12954,1193,-10107
867,ENB,2020-08-18,0 days 15:59:04.373241,42119,32.95,32.94,6305,19542,-4222,1564
868,ENB,2020-08-18,0 days 15:59:05.375845,41841,32.95,32.94,10064,20302,78,-4222
869,ENB,2020-08-18,0 days 15:59:15.394620,42119,32.96,32.95,8752,14899,-1608,78
870,ENB,2020-08-18,0 days 15:59:19.403780,41991,32.96,32.95,700,12778,2,-72
871,ENB,2020-08-18,0 days 15:59:34.440335,41993,32.96,32.95,556,17244,-1152,2
872,ENLC,2020-08-18,0 days 15:55:25.105911,13040,3.04,3.03,23331,19668,-37,363
873,ENLC,2020-08-18,0 days 15:55:38.137952,13077,3.04,3.03,10565,27722,30,-37
874,ENLC,2020-08-18,0 days 15:55:50.166739,13107,3.04,3.03,9265,26533,-1109,30
875,ENLC,2020-08-18,0 days 15:55:55.178755,14216,3.04,3.03,8465,22234,2405,-1109
876,ENV,2020-08-18,0 days 15:55:28.113754,47573,80.27,80.23,523,600,-674,126
877,ENV,2020-08-18,0 days 15:55:29.116756,47347,80.27,80.23,1623,500,226,-674
878,ENV,2020-08-18,0 days 15:56:19.236521,47717,80.21,80.18,1485,410,-150,269
879,ENV,2020-08-18,0 days 15:56:22.243480,48967,80.21,80.18,1585,510,450,-150
880,ENV,2020-08-18,0 days 15:58:27.547802,48789,80.12,80.05,1263,300,1800,-1600
881,ENV,2020-08-18,0 days 15:58:57.619690,49756,80.12,80.06,700,200,-2544,278
882,ENV,2020-08-18,0 days 15:58:58.621518,49600,80.12,80.06,1225,401,56,-2544
883,ENV,2020-08-18,0 days 15:59:00.631282,49656,80.41,80.38,200,200,-3876,1624
884,ENV,2020-08-18,0 days 15:59:04.637795,51412,80.41,80.31,358,200,64,-56
885,ENV,2020-08-18,0 days 15:59:05.640314,51276,80.41,80.31,461,100,-136,64
886,ENV,2020-08-18,0 days 15:59:08.647738,52254,80.37,80.29,453,301,198,-1078
887,ENV,2020-08-18,0 days 15:59:09.650425,52052,80.37,80.29,678,401,-202,198
888,ENV,2020-08-18,0 days 15:59:52.738389,61922,80.27,80.16,441,1033,2515,-1482
889,ENV,2020-08-18,0 days 15:59:55.745328,60637,80.27,80.19,2680,753,-1382,2511
890,ENV,2020-08-18,0 days 15:59:58.751201,61923,80.26,80.19,1301,861,2514,-1382
891,ENV,2020-08-18,0 days 15:59:59.753621,60637,80.29,80.24,161,1100,-1382,2514
892,EOG,2020-08-18,0 days 15:55:00.786795,299524,46.31,46.3,500,2089,7385,-4583
893,EOG,2020-08-18,0 days 15:58:09.239776,330351,46.3,46.29,2356,2865,-810,4290
894,EOG,2020-08-18,0 days 15:58:10.242529,328961,46.3,46.29,2702,2561,690,-810
895,EOG,2020-08-18,0 days 15:58:20.266720,330360,46.3,46.29,2202,3440,-3601,1399
896,EOG,2020-08-18,0 days 15:58:21.268793,328961,46.3,46.29,2104,3395,699,-3601
897,EOG,2020-08-18,0 days 15:59:03.371349,332962,46.31,46.3,1741,964,-7866,1206
898,EOG,2020-08-18,0 days 15:59:05.375818,378310,46.31,46.3,1613,1695,3461,-9039
899,EOG,2020-08-18,0 days 15:59:11.390545,402838,46.32,46.31,1030,829,-3459,21579
900,EOG,2020-08-18,0 days 15:59:12.393102,399497,46.32,46.31,1005,1270,3341,-3459
901,EOG,2020-08-18,0 days 15:59:14.398513,403028,46.31,46.3,1598,1577,-15687,3341
902,EOG,2020-08-18,0 days 15:59:15.394522,401115,46.31,46.3,1189,2199,1913,-15687
903,EOG,2020-08-18,0 days 15:59:22.410978,404028,46.31,46.3,931,1425,-15088,1552
904,EOG,2020-08-18,0 days 15:59:23.413982,403416,46.31,46.3,1541,855,612,-15088
905,EOG,2020-08-18,0 days 15:59:27.423894,404728,46.31,46.3,1706,920,-6253,612
906,EPD,2020-08-18,0 days 15:55:00.562424,45417,18.4,18.39,8646,13441,441,-15363
907,EPD,2020-08-18,0 days 15:55:21.613701,40358,18.41,18.4,1301,16214,-5059,441
908,EPD,2020-08-18,0 days 15:59:21.188613,47097,18.42,18.41,5968,12393,1823,-839
909,EPD,2020-08-18,0 days 15:59:22.191427,46720,18.42,18.41,6609,12893,-377,1823
910,EPD,2020-08-18,0 days 15:59:46.250288,47097,18.42,18.41,14582,14400,2686,-371
911,EQH,2020-08-18,0 days 15:55:01.050759,147282,20.96,20.95,8296,3922,66517,-29002
912,EQH,2020-08-18,0 days 15:55:33.125759,172176,20.96,20.95,8058,4846,-112,2294
913,EQH,2020-08-18,0 days 15:55:50.166788,171882,20.96,20.95,6495,2400,294,-22306
914,EQH,2020-08-18,0 days 15:56:12.219543,172702,20.96,20.95,3646,3609,-172,677
915,EQH,2020-08-18,0 days 15:57:10.360750,174536,20.96,20.95,5482,6490,457,-5743
916,EQH,2020-08-18,0 days 15:57:53.463492,184420,20.96,20.95,6061,9054,-216,884
917,EQH,2020-08-18,0 days 15:57:54.466133,183536,20.96,20.95,6060,9154,1284,-216
918,EQH,2020-08-18,0 days 15:57:56.470806,184820,20.96,20.95,6959,8800,-3616,1284
919,EQH,2020-08-18,0 days 15:57:57.472716,183836,20.96,20.95,6959,8900,984,-3616
920,EQH,2020-08-18,0 days 15:57:59.478167,184820,20.96,20.95,7159,8800,-816,984
921,EQH,2020-08-18,0 days 15:58:00.482396,183836,20.96,20.95,6850,8702,984,-816
922,EQH,2020-08-18,0 days 15:58:02.486211,173879,20.96,20.95,6666,9002,-657,984
923,EQH,2020-08-18,0 days 15:58:42.582558,169855,20.98,20.97,1089,13637,1273,-476
924,EQH,2020-08-18,0 days 15:58:54.611709,170455,21.0,20.99,2139,4871,2057,-580
925,EQH,2020-08-18,0 days 15:58:55.614029,167975,21.0,20.99,2239,8711,-2180,2057
926,EQH,2020-08-18,0 days 15:59:01.630183,170673,21.0,20.99,2281,13302,1039,-2398
927,EQH,2020-08-18,0 days 15:59:04.637473,172431,21.0,20.99,5156,3608,4841,-1556
928,EQH,2020-08-18,0 days 15:59:16.656627,173952,21.0,20.99,2994,5272,4450,-850
929,EQH,2020-08-18,0 days 15:59:17.659317,174802,21.01,21.0,2096,4765,-715,4450
930,EQH,2020-08-18,0 days 15:59:28.685465,175598,21.01,21.0,3013,5126,2049,-6287
931,EQH,2020-08-18,0 days 15:59:29.687168,174547,21.01,21.0,598,8026,-1051,2049
932,EQH,2020-08-18,0 days 15:59:35.702690,183160,21.03,21.02,8600,5075,7998,-6213
933,EQH,2020-08-18,0 days 15:59:36.704284,181967,21.03,21.02,6700,6575,-1193,7998
934,EQNR,2020-08-18,0 days 15:59:35.759197,13025,16.19,16.18,39140,60052,-1222,1495
935,EQR,2020-08-18,0 days 15:55:01.373606,355191,55.3,55.29,1334,1281,913,-3887
936,EQR,2020-08-18,0 days 15:55:40.470660,356408,55.26,55.25,849,519,-26,74
937,EQR,2020-08-18,0 days 15:55:41.472179,355534,55.26,55.25,851,829,874,-26
938,EQR,2020-08-18,0 days 15:55:47.486563,356408,55.25,55.24,1003,1085,-1000,574
939,EQR,2020-08-18,0 days 15:55:48.489921,355708,55.25,55.24,1003,1081,700,-1000
940,EQR,2020-08-18,0 days 15:56:00.518224,355758,55.27,55.25,1229,2177,-136,514
941,EQR,2020-08-18,0 days 15:56:01.520860,355262,55.27,55.25,1329,1977,525,-136
942,EQR,2020-08-18,0 days 15:59:28.018856,430705,55.33,55.32,300,403,-2264,3486
943,EQR,2020-08-18,0 days 15:59:29.020641,428569,55.32,55.31,1218,533,2136,-2264
944,EQR,2020-08-18,0 days 15:59:34.033478,430705,55.34,55.33,2013,173,-6785,2136
945,EQR,2020-08-18,0 days 15:59:35.035532,428590,55.34,55.33,380,660,2115,-6785
946,EQR,2020-08-18,0 days 15:59:43.054726,426695,55.36,55.35,116,17471,-2359,1783
947,EQR,2020-08-18,0 days 15:59:44.056481,426496,55.36,55.35,296,969,199,-2359
948,EQR,2020-08-18,0 days 15:59:45.061315,426695,55.36,55.35,561,1000,-2378,199
949,EQR,2020-08-18,0 days 15:59:46.061793,425573,55.36,55.35,471,1178,1122,-2378
950,EQT,2020-08-18,0 days 15:55:00.054922,370878,16.48,16.47,5349,7922,-5003,208038
951,EQT,2020-08-18,0 days 15:56:06.206150,375094,16.51,16.5,7475,11360,498,-2447
952,EQT,2020-08-18,0 days 15:56:07.207566,372392,16.51,16.5,6175,12382,-2702,498
953,EQT,2020-08-18,0 days 15:57:53.463556,384011,16.54,16.53,7169,13771,2509,-1891
954,EQT,2020-08-18,0 days 15:57:54.466210,381120,16.54,16.53,3469,16955,-391,2509
955,EQT,2020-08-18,0 days 15:58:15.518772,386329,16.54,16.53,19939,4193,2343,-5457
956,EQT,2020-08-18,0 days 15:58:16.520882,382772,16.54,16.53,18439,5254,-1057,2343
957,EQT,2020-08-18,0 days 15:58:34.564062,386329,16.54,16.53,16774,15546,1361,-1057
958,EQT,2020-08-18,0 days 15:58:35.565849,383290,16.54,16.53,16313,17038,-539,1361
959,EQT,2020-08-18,0 days 15:59:04.637649,394330,16.56,16.55,13069,15027,2330,-1770
960,EQT,2020-08-18,0 days 15:59:05.640285,391860,16.56,16.55,12931,15752,-2470,2330
961,EQT,2020-08-18,0 days 15:59:10.652288,394570,16.56,16.55,19270,13626,3924,-2710
962,EQT,2020-08-18,0 days 15:59:11.654587,392594,16.56,16.55,18602,16295,-1976,3924
963,EQT,2020-08-18,0 days 15:59:19.663942,395468,16.56,16.55,17398,15428,2831,-1174
964,EQT,2020-08-18,0 days 15:59:20.665770,393799,16.56,16.55,15698,17028,-1669,2831
965,EQT,2020-08-18,0 days 15:59:34.700298,395468,16.56,16.55,27527,12910,881,-649
966,EQT,2020-08-18,0 days 15:59:35.702817,394049,16.56,16.55,24863,14110,-1419,881
967,ERJ,2020-08-18,0 days 15:59:33.871946,17664,5.35,5.34,9107,49886,545,-391
968,ET,2020-08-18,0 days 15:59:40.234540,218596,6.47,6.46,183265,53593,-371,2629
969,ET,2020-08-18,0 days 15:59:48.254664,213367,6.46,6.45,205544,182945,5229,-1371
970,ET,2020-08-18,0 days 15:59:49.257891,218596,6.46,6.45,200944,182945,-6923,5229
971,ET,2020-08-18,0 days 15:59:50.262185,163819,6.46,6.45,113613,212992,54777,-6923
972,ETRN,2020-08-18,0 days 15:59:00.751049,230086,11.14,11.13,12269,17164,2138,-8762
973,ETRN,2020-08-18,0 days 15:59:06.764337,217611,11.14,11.13,9515,16374,-14417,3783
974,ETRN,2020-08-18,0 days 15:59:33.827020,220340,11.14,11.13,14548,2628,-3622,7378
975,EURN,2020-08-18,0 days 15:55:40.202799,67622,9.78,9.77,5379,18828,-2227,4931
976,EURN,2020-08-18,0 days 15:55:41.203976,66449,9.78,9.77,5379,17913,1173,-2227
977,EURN,2020-08-18,0 days 15:55:54.235637,67622,9.78,9.77,5472,20197,-1341,659
978,EURN,2020-08-18,0 days 15:55:55.237709,66663,9.78,9.77,5572,19797,959,-1341
979,EURN,2020-08-18,0 days 15:57:14.427857,67622,9.78,9.77,9971,16093,-1041,959
980,EURN,2020-08-18,0 days 15:57:15.429653,66863,9.78,9.77,9971,16093,759,-1041
981,EURN,2020-08-18,0 days 15:57:48.509688,67634,9.78,9.77,11392,14741,-29,771
982,EURN,2020-08-18,0 days 15:57:49.512448,66863,9.78,9.77,11516,14541,771,-29
983,EURN,2020-08-18,0 days 15:58:59.682153,68301,9.79,9.78,9050,18931,-1580,303
984,EURN,2020-08-18,0 days 15:59:00.688744,62681,9.79,9.78,8877,18831,6914,-1580
985,EURN,2020-08-18,0 days 15:59:15.711212,69595,9.79,9.78,5878,20638,-98,514
986,EURN,2020-08-18,0 days 15:59:22.726400,69506,9.79,9.78,7744,19977,225,-911
987,F,2020-08-18,0 days 15:57:36.546591,1494156,6.9,6.89,847238,428246,-8216,6184
988,FCX,2020-08-18,0 days 15:59:17.994472,583181,14.42,14.41,55678,21900,28174,-9599
989,FCX,2020-08-18,0 days 15:59:19.000259,576255,14.42,14.41,40778,49969,-6926,28174
990,FCX,2020-08-18,0 days 15:59:49.069285,613907,14.42,14.41,62680,29880,-6516,69384
991,FDX,2020-08-18,0 days 15:57:43.507595,163111,206.51,206.5,198,102,1748,-652
992,FDX,2020-08-18,0 days 15:57:44.509954,162159,206.54,206.48,400,372,-952,1748
993,FDX,2020-08-18,0 days 15:57:47.517182,163111,206.54,206.49,300,302,650,-150
994,FDX,2020-08-18,0 days 15:57:48.519339,162561,206.54,206.48,500,354,-550,650
995,FDX,2020-08-18,0 days 15:58:01.551744,163111,206.58,206.5,400,101,252,-1548
996,FDX,2020-08-18,0 days 15:58:02.553922,159898,206.58,206.5,400,101,-3213,252
997,FDX,2020-08-18,0 days 15:58:07.566065,163111,206.58,206.51,500,200,745,-55
998,FDX,2020-08-18,0 days 15:58:08.568920,162356,206.54,206.5,300,100,-755,745
999,FDX,2020-08-18,0 days 15:58:15.586042,163137,206.51,206.46,300,712,219,-281
1000,FDX,2020-08-18,0 days 15:58:16.588401,162856,206.51,206.46,300,712,-281,219
1001,FDX,2020-08-18,0 days 15:58:34.631409,163137,206.51,206.46,458,398,819,-781
1002,FDX,2020-08-18,0 days 15:58:35.634203,162456,206.51,206.46,658,398,-681,819
1003,FDX,2020-08-18,0 days 15:59:00.697647,163470,206.62,206.58,102,341,14622,-890
1004,FDX,2020-08-18,0 days 15:59:11.722322,185629,206.78,206.71,200,1445,-5852,10448
1005,FDX,2020-08-18,0 days 15:59:12.726196,183481,206.75,206.69,113,200,2148,-5852
1006,FDX,2020-08-18,0 days 15:59:36.776650,187407,206.92,206.89,100,748,-165,1435
1007,FDX,2020-08-18,0 days 15:59:37.778532,185472,206.92,206.86,124,1200,1935,-165
1008,FE,2020-08-18,0 days 15:58:33.724002,308305,28.9,28.89,4230,5214,-2484,28716
1009,FE,2020-08-18,0 days 15:59:07.807247,341131,28.89,28.88,6491,9457,1761,-3189
1010,FE,2020-08-18,0 days 15:59:08.810004,338292,28.89,28.88,4493,11956,-2839,1761
1011,FE,2020-08-18,0 days 15:59:10.815380,341331,28.89,28.88,7154,2199,32537,-2839
1012,FE,2020-08-18,0 days 15:59:11.817817,340968,28.89,28.88,5686,6939,-509,32537
1013,FE,2020-08-18,0 days 15:59:21.841609,367877,28.89,28.88,7737,9052,484,-588
1014,FE,2020-08-18,0 days 15:59:23.846201,366161,28.89,28.88,8214,10252,-1716,1284
1015,FE,2020-08-18,0 days 15:59:27.855902,368077,28.89,28.88,7346,5328,3934,-1916
1016,FE,2020-08-18,0 days 15:59:28.857821,365969,28.9,28.89,6470,2810,-2108,3934
1017,FE,2020-08-18,0 days 15:59:33.871863,368277,28.9,28.89,6094,9788,4159,-1268
1018,FE,2020-08-18,0 days 15:59:34.873593,367136,28.9,28.89,1867,14728,-1141,4159
1019,FET,2020-08-18,0 days 15:55:00.785074,934,0.5,0.48,13907,800,-4450,334
1020,FHN,2020-08-18,0 days 15:55:32.450925,193169,9.63,9.62,43671,2698,-954,946
1021,FHN,2020-08-18,0 days 15:55:33.453001,191423,9.63,9.62,43671,1311,1746,-954
1022,FHN,2020-08-18,0 days 15:55:54.503730,194829,9.63,9.62,35301,10564,-1818,2582
1023,FHN,2020-08-18,0 days 15:55:55.506061,193447,9.63,9.62,35277,10364,1382,-1818
1024,FHN,2020-08-18,0 days 15:57:02.667300,195195,9.63,9.62,37335,23868,-899,1301
1025,FHN,2020-08-18,0 days 15:57:03.669938,193894,9.63,9.62,40138,20968,1301,-899
1026,FHN,2020-08-18,0 days 15:59:02.960696,198556,9.62,9.61,34389,31241,-12394,9920
1027,FIS,2020-08-18,0 days 15:59:06.379291,529499,143.6,143.58,600,418,13525,-83390
1028,FIS,2020-08-18,0 days 15:59:38.449693,573678,143.77,143.74,800,946,-36,1264
1029,FIS,2020-08-18,0 days 15:59:47.471386,569400,143.71,143.69,550,549,-1655,20743
1030,FIS,2020-08-18,0 days 15:59:48.474271,570741,143.71,143.7,250,341,16338,-1655
1031,FIS,2020-08-18,0 days 15:59:55.492387,590275,143.8,143.74,1032,7100,-30492,4264
1032,FL,2020-08-18,0 days 15:55:00.787255,168862,27.18,27.17,2718,6910,-45318,1634
1033,FL,2020-08-18,0 days 15:57:51.195386,233100,27.21,27.2,3209,6395,1890,-1224
1034,FL,2020-08-18,0 days 15:57:52.197662,231290,27.21,27.2,2574,7295,-1810,1890
1035,FL,2020-08-18,0 days 15:58:07.235244,233100,27.21,27.2,4052,8968,1831,-1500
1036,FL,2020-08-18,0 days 15:58:08.237245,231331,27.21,27.2,3725,9361,-1769,1831
1037,FL,2020-08-18,0 days 15:58:36.305426,235106,27.21,27.2,8826,8977,2725,-2175
1038,FL,2020-08-18,0 days 15:58:37.307224,231431,27.21,27.2,8126,9577,-1284,2725
1039,FL,2020-08-18,0 days 15:59:23.414007,244249,27.25,27.24,1074,2458,25205,-4142
1040,FSLY,2020-08-18,0 days 15:59:15.725949,696434,78.55,78.51,486,1075,27953,-262670
1041,FSLY,2020-08-18,0 days 15:59:16.727958,690987,78.56,78.53,600,175,-5447,27953
1042,FSLY,2020-08-18,0 days 15:59:21.739627,696434,78.55,78.52,128,175,7692,-5272
1043,FSLY,2020-08-18,0 days 15:59:22.742647,691526,78.56,78.52,120,175,-4908,7692
1044,FSLY,2020-08-18,0 days 15:59:23.744130,696434,78.56,78.51,120,314,25309,-4908
1045,FSLY,2020-08-18,0 days 15:59:31.764027,696434,78.54,78.5,126,1104,1617,-1264
1046,FSLY,2020-08-18,0 days 15:59:36.776650,693751,78.49,78.45,475,404,-947,6253
1047,FSLY,2020-08-18,0 days 15:59:40.786707,694398,78.45,78.38,500,530,657,-7743
1048,FSM,2020-08-18,0 days 15:55:00.372624,42790,6.52,6.51,27064,21678,9793,-7909
1049,FTCH,2020-08-18,0 days 15:58:35.080505,72947,30.0,29.99,50391,11699,-2926,12970
1050,FTCH,2020-08-18,0 days 15:58:37.084996,76273,30.0,29.99,47817,13232,17970,-2926
1051,FTI,2020-08-18,0 days 15:55:01.050729,198723,8.06,8.05,16600,41024,73299,-103200
1052,FTI,2020-08-18,0 days 15:55:02.049797,134822,8.06,8.05,9523,45210,-63901,73299
1053,FTI,2020-08-18,0 days 15:55:59.188354,233167,8.06,8.05,15637,42135,30007,-77293
1054,FTI,2020-08-18,0 days 15:56:03.198221,145574,8.06,8.05,13354,43557,-59685,17815
1055,FTI,2020-08-18,0 days 15:56:36.276950,202897,8.05,8.04,48019,17926,2886,-22114
1056,FTI,2020-08-18,0 days 15:58:29.551096,232305,8.05,8.04,47849,41916,6343,-45057
1057,FTI,2020-08-18,0 days 15:59:18.661931,246168,8.05,8.04,17663,60520,395,-1881
1058,GE,2020-08-18,0 days 15:59:15.668583,2256120,6.42,6.41,253109,675983,875271,-33765
1059,GFF,2020-08-18,0 days 15:59:46.785875,78565,21.78,21.77,2121,1483,-2462,3723
1060,GFI,2020-08-18,0 days 15:55:00.372269,202782,12.93,12.92,18968,3749,5505,-35073
1061,GFI,2020-08-18,0 days 15:56:10.542210,208287,12.94,12.93,16084,15853,-915,5385
1062,GFI,2020-08-18,0 days 15:56:11.544809,203402,12.94,12.93,16781,16388,4885,-915
1063,GFI,2020-08-18,0 days 15:57:23.718098,208287,12.93,12.92,26867,734,-8440,1236
1064,GFI,2020-08-18,0 days 15:58:14.842567,252107,12.91,12.9,35455,9300,1888,-2812
1065,GFI,2020-08-18,0 days 15:58:15.845481,249895,12.91,12.9,31330,13100,-2212,1888
1066,GFI,2020-08-18,0 days 15:59:04.965314,258144,12.92,12.91,18531,20151,2393,-6207
1067,GLW,2020-08-18,0 days 15:55:00.206896,200723,32.03,32.02,2268,7551,4669,-15808
1068,GLW,2020-08-18,0 days 15:55:01.209885,198692,32.03,32.02,800,9021,-2031,4669
1069,GLW,2020-08-18,0 days 15:55:04.216873,200723,32.03,32.02,1638,9121,848,-2031
1070,GLW,2020-08-18,0 days 15:55:05.219998,198971,32.03,32.02,8059,8131,-1752,848
1071,GLW,2020-08-18,0 days 15:55:28.277230,202212,32.04,32.03,9327,2881,1618,-1493
1072,GLW,2020-08-18,0 days 15:55:30.281835,201362,32.03,32.02,6794,7405,-850,1250
1073,GLW,2020-08-18,0 days 15:56:06.368769,203749,32.04,32.03,9080,6504,34,-929
1074,GLW,2020-08-18,0 days 15:56:24.411902,202783,32.04,32.03,8931,5668,-966,34
1075,GLW,2020-08-18,0 days 15:57:14.532554,203749,32.03,32.02,12753,1077,1834,-466
1076,GLW,2020-08-18,0 days 15:57:55.631855,210709,32.04,32.03,961,15063,-4040,5623
1077,GLW,2020-08-18,0 days 15:57:56.633543,210149,32.04,32.03,1203,15007,560,-4040
1078,GLW,2020-08-18,0 days 15:58:10.668672,210709,32.05,32.04,8757,1435,-322,478
1079,GLW,2020-08-18,0 days 15:58:11.670673,210031,32.05,32.04,10655,400,678,-322
1080,GLW,2020-08-18,0 days 15:59:04.801332,284134,32.07,32.06,12350,5133,-5078,3994
1081,GLW,2020-08-18,0 days 15:59:05.804615,277912,32.07,32.06,14592,5306,6222,-5078
1082,GLW,2020-08-18,0 days 15:59:27.855918,318834,32.1,32.09,23599,10033,-3074,7334
1083,GLW,2020-08-18,0 days 15:59:28.857869,312108,32.1,32.09,29411,6179,6726,-3074
1084,GLW,2020-08-18,0 days 15:59:42.892707,318834,32.1,32.09,5623,18977,-2920,672
1085,GLW,2020-08-18,0 days 15:59:43.895639,313554,32.11,32.1,6900,9305,5280,-2920
1086,GLW,2020-08-18,0 days 15:59:47.904774,319645,32.12,32.11,12391,8954,-933,1386
1087,GM,2020-08-18,0 days 15:59:08.974425,569423,29.86,29.85,14660,13619,5737,-2605
1088,GM,2020-08-18,0 days 15:59:15.990343,562923,29.86,29.85,17339,15543,-6500,20146
1089,GM,2020-08-18,0 days 15:59:34.033289,583927,29.86,29.85,7952,27869,8243,-1535
1090,GM,2020-08-18,0 days 15:59:35.035349,582878,29.87,29.86,306,29053,-14049,8243
1091,GM,2020-08-18,0 days 15:59:36.038573,596927,29.87,29.86,3677,22177,1951,-14049
1092,GM,2020-08-18,0 days 15:59:41.051527,598278,29.87,29.86,13586,16440,-1029,601
1093,GM,2020-08-18,0 days 15:59:49.069238,591771,29.86,29.85,13935,9528,-1064,10012
1094,GME,2020-08-18,0 days 15:55:01.050616,66597,4.81,4.8,27488,30316,-14941,33069
1095,GME,2020-08-18,0 days 15:55:02.049746,51738,4.81,4.8,27288,30516,14859,-14941
1096,GME,2020-08-18,0 days 15:55:48.161634,74229,4.81,4.8,23688,30631,-8789,14179
1097,GME,2020-08-18,0 days 15:55:49.164053,72153,4.81,4.8,23688,30231,2076,-8789
1098,GME,2020-08-18,0 days 15:56:02.196009,66797,4.81,4.8,38287,27118,-5356,2076
1099,GME,2020-08-18,0 days 15:56:03.198194,52653,4.81,4.8,37963,27442,14144,-5356
1100,GME,2020-08-18,0 days 15:59:04.637414,75811,4.81,4.8,13237,43946,-1200,1039
1101,GME,2020-08-18,0 days 15:59:05.640063,74411,4.81,4.8,16193,41346,1400,-1200
1102,GME,2020-08-18,0 days 15:59:15.654547,75811,4.81,4.8,20207,38498,-7102,1400
1103,GME,2020-08-18,0 days 15:59:17.659245,68313,4.81,4.8,23336,36432,7498,-1502
1104,GME,2020-08-18,0 days 15:59:36.704198,75811,4.82,4.81,33822,49881,-111,89
1105,GNW,2020-08-18,0 days 15:59:37.706910,153090,2.46,2.45,74714,106324,7811,-2545
1106,GNW,2020-08-18,0 days 15:59:38.710167,150601,2.46,2.45,70922,105151,-2489,7811
1107,GOLD,2020-08-18,0 days 15:55:00.054940,355701,30.05,30.04,15527,12476,8498,-21736
1108,GOLD,2020-08-18,0 days 15:57:09.357479,358784,30.09,30.08,38715,21929,-47244,517
1109,GOLD,2020-08-18,0 days 15:57:48.451238,483197,30.06,30.05,14296,22045,3233,-3267
1110,GOLD,2020-08-18,0 days 15:57:49.453396,476930,30.06,30.05,11396,20577,-6267,3233
1111,GOLD,2020-08-18,0 days 15:57:55.468318,483197,30.06,30.05,4186,28483,17018,-5667
1112,GOLD,2020-08-18,0 days 15:57:56.470857,479430,30.06,30.05,8453,25493,-3767,17018
1113,GOLD,2020-08-18,0 days 15:58:01.483298,478001,30.06,30.05,34077,10873,1429,-2071
1114,GOLD,2020-08-18,0 days 15:58:02.486362,471760,30.06,30.05,35310,9773,-6241,1429
1115,GOLD,2020-08-18,0 days 15:58:22.536396,474707,30.07,30.06,27290,11651,-3490,3895
1116,GOLD,2020-08-18,0 days 15:59:05.640285,500640,30.09,30.08,30924,9384,1192,-17482
1117,GOLD,2020-08-18,0 days 15:59:15.654814,509991,30.08,30.07,26255,25827,159,-8159
1118,GOLD,2020-08-18,0 days 15:59:16.656838,510150,30.08,30.07,22729,30627,-1575,159
1119,GOLD,2020-08-18,0 days 15:59:19.663942,505639,30.07,30.06,18435,20916,9311,-4640
1120,GOLD,2020-08-18,0 days 15:59:20.665784,500450,30.07,30.06,19635,19132,-5189,9311
1121,GPK,2020-08-18,0 days 15:57:23.449025,124165,14.33,14.32,14182,12918,-7934,13066
1122,GPK,2020-08-18,0 days 15:57:24.451339,122799,14.33,14.32,18382,12258,1366,-7934
1123,GPK,2020-08-18,0 days 15:58:37.629339,124540,14.33,14.32,24235,15851,-7759,312
1124,GPK,2020-08-18,0 days 15:59:06.695878,121322,14.31,14.3,20737,7077,-19344,2930
1125,GPK,2020-08-18,0 days 15:59:07.698247,118166,14.32,14.31,16427,16039,868,-19344
1126,GPK,2020-08-18,0 days 15:59:10.706245,121134,14.32,14.31,14627,14869,-4454,868
1127,GPK,2020-08-18,0 days 15:59:13.713285,118261,14.32,14.31,16693,11691,5350,-1127
1128,GPK,2020-08-18,0 days 15:59:15.710976,123611,14.32,14.31,17793,10391,-1150,450
1129,GS,2020-08-18,0 days 15:58:35.893166,298277,201.45,201.44,925,855,-44,156
1130,GS,2020-08-18,0 days 15:58:36.894737,295121,201.45,201.44,925,855,3156,-44
1131,GS,2020-08-18,0 days 15:59:03.962638,299156,201.51,201.49,100,832,-8897,1749
1132,GS,2020-08-18,0 days 15:59:04.965023,296953,201.49,201.48,100,200,2203,-8897
1133,GS,2020-08-18,0 days 15:59:06.969137,297904,201.39,201.35,319,417,-39072,430
1134,GS,2020-08-18,0 days 15:59:31.025000,332459,201.36,201.33,520,200,1064,-29936
1135,GS,2020-08-18,0 days 15:59:32.028130,328936,201.4,201.35,581,109,-3943,1064
1136,GS,2020-08-18,0 days 15:59:36.038481,326458,201.38,201.34,221,100,-7157,3145
1137,GS,2020-08-18,0 days 15:59:44.056279,332824,201.36,201.34,120,384,-991,7309
1138,GS,2020-08-18,0 days 15:59:45.060985,333815,201.36,201.33,120,583,9331,-991
1139,GS,2020-08-18,0 days 15:59:48.070841,334993,201.29,201.28,200,619,-3151,6084
1140,GS,2020-08-18,0 days 15:59:49.069106,338144,201.32,201.27,100,600,241,-3151
1141,GS,2020-08-18,0 days 15:59:50.076041,337085,201.32,201.27,600,300,-1288,241
1142,GS,2020-08-18,0 days 15:59:52.077655,338373,201.27,201.22,142,600,4312,-1288
1143,GS,2020-08-18,0 days 15:59:58.093215,337086,201.36,201.28,494,1564,-5416,183
1144,GSK,2020-08-18,0 days 15:56:19.236521,31363,41.12,41.11,5939,4525,493,-350
1145,GSK,2020-08-18,0 days 15:56:20.238691,28956,41.12,41.11,5639,5325,-2407,493
1146,GSK,2020-08-18,0 days 15:58:13.512577,31401,41.1,41.09,16475,2618,1860,-1802
1147,GSK,2020-08-18,0 days 15:58:55.614119,38709,41.09,41.08,5181,12047,-2992,1608
1148,GSK,2020-08-18,0 days 15:59:04.637763,41933,41.09,41.08,4593,10258,7182,-930
1149,GSK,2020-08-18,0 days 15:59:05.640301,41515,41.09,41.08,6209,10258,-418,7182
1150,GSK,2020-08-18,0 days 15:59:36.704467,41933,41.09,41.08,7400,12443,341,-59
1151,GSX,2020-08-18,0 days 15:55:01.785518,1714138,90.09,90.0,100,400,22468,-10732
1152,GSX,2020-08-18,0 days 15:55:02.787700,1712206,90.36,90.09,600,600,-1932,22468
1153,GSX,2020-08-18,0 days 15:55:05.795108,1720986,90.37,90.26,1061,2121,3120,-8780
1154,GSX,2020-08-18,0 days 15:55:06.797616,1718406,90.36,90.29,700,500,-2580,3120
1155,GSX,2020-08-18,0 days 15:55:49.903234,1721061,90.12,90.06,782,121,3308,-2655
1156,GSX,2020-08-18,0 days 15:55:50.905359,1719069,90.12,90.05,1082,400,-1992,3308
1157,GSX,2020-08-18,0 days 15:57:54.202449,1734298,90.01,89.92,900,624,1193,-5507
1158,GSX,2020-08-18,0 days 15:57:56.206226,1731391,90.01,89.92,800,727,-2907,6693
1159,GSX,2020-08-18,0 days 15:57:58.211194,1734298,90.06,89.97,800,1023,1893,-2907
1160,GSX,2020-08-18,0 days 15:57:59.214557,1731391,90.06,89.97,1000,423,-5907,1893
1161,GSX,2020-08-18,0 days 15:58:00.217915,1737298,90.06,89.98,900,423,12393,-5907
1162,GSX,2020-08-18,0 days 15:58:01.220302,1734191,90.06,89.99,763,623,-12107,12393
1163,GSX,2020-08-18,0 days 15:58:08.236754,1737298,90.02,89.92,300,100,12963,-4037
1164,GSX,2020-08-18,0 days 15:58:09.239544,1734161,90.02,89.92,300,100,-3137,12963
1165,GSX,2020-08-18,0 days 15:58:13.249271,1737564,90.01,89.92,1214,409,12397,-3403
1166,GSX,2020-08-18,0 days 15:58:14.251871,1734361,90.01,89.92,2074,509,-3203,12397
1167,GSX,2020-08-18,0 days 15:58:17.259018,1737564,90.01,89.92,2174,509,12297,-3203
1168,GSX,2020-08-18,0 days 15:58:18.261541,1734361,90.01,89.92,2279,509,-3203,12297
1169,GSX,2020-08-18,0 days 15:58:20.266363,1734564,89.98,89.93,100,632,15297,-3203
1170,GSX,2020-08-18,0 days 15:58:21.268604,1731661,89.98,89.93,440,232,-1403,15297
1171,GSX,2020-08-18,0 days 15:58:27.283366,1721761,89.98,89.93,1046,100,-1903,7997
1172,GSX,2020-08-18,0 days 15:58:30.290568,1723664,89.95,89.9,501,633,15197,-1903
1173,GSX,2020-08-18,0 days 15:58:31.293240,1723261,89.95,89.9,401,433,-403,15197
1174,GSX,2020-08-18,0 days 15:58:39.311227,1723664,89.95,89.91,100,300,15197,-1903
1175,GSX,2020-08-18,0 days 15:58:40.315007,1723261,89.94,89.87,400,431,-403,15197
1176,GSX,2020-08-18,0 days 15:58:52.343860,1723664,89.92,89.8,400,200,2597,-403
1177,GSX,2020-08-18,0 days 15:58:54.348215,1723061,89.95,89.86,901,626,-16103,17547
1178,HAL,2020-08-18,0 days 15:55:00.102017,323276,16.41,16.4,9595,24847,7015,-43166
1179,HAL,2020-08-18,0 days 15:57:37.483594,337615,16.42,16.41,39427,9566,-2041,621
1180,HAL,2020-08-18,0 days 15:57:38.485863,332156,16.42,16.41,41441,9666,4821,-2041
1181,HAL,2020-08-18,0 days 15:58:57.677241,338718,16.46,16.45,57114,32961,3621,-179
1182,HAL,2020-08-18,0 days 15:59:04.695586,357478,16.46,16.45,61637,26728,-12357,11702
1183,HAL,2020-08-18,0 days 15:59:06.695623,351135,16.46,16.45,60480,25833,1940,-2160
1184,HAL,2020-08-18,0 days 15:59:07.698042,353075,16.46,16.45,67010,11603,-2398,1940
1185,HAL,2020-08-18,0 days 15:59:08.700948,351473,16.46,16.45,68710,10112,1602,-2398
1186,HAL,2020-08-18,0 days 15:59:21.724060,395054,16.46,16.45,59942,30591,-4250,5884
1187,HAL,2020-08-18,0 days 15:59:22.726172,391504,16.46,16.45,59942,30291,3550,-4250
1188,HAL,2020-08-18,0 days 15:59:34.755986,393954,16.46,16.45,61620,41965,-361,2750
1189,HAL,2020-08-18,0 days 15:59:36.760672,391915,16.46,16.45,63717,35730,2039,-8161
1190,HBI,2020-08-18,0 days 15:59:09.979141,303050,15.75,15.74,7788,15408,22696,-3828
1191,HBI,2020-08-18,0 days 15:59:38.043325,302414,15.76,15.75,22932,11212,-1245,4055
1192,HD,2020-08-18,0 days 15:59:15.654633,300947,284.89,284.84,200,125,24373,-41332
1193,HD,2020-08-18,0 days 15:59:16.656660,299960,284.94,284.89,125,225,-2187,24373
1194,HD,2020-08-18,0 days 15:59:33.698206,303237,284.99,284.95,1897,500,3206,-848
1195,HD,2020-08-18,0 days 15:59:34.700102,302986,285.06,285.0,125,937,-251,3206
1196,HD,2020-08-18,0 days 15:59:44.719512,303337,285.11,285.02,1195,100,6155,-374
1197,HD,2020-08-18,0 days 15:59:45.722502,303292,285.09,285.01,1194,225,-45,6155
1198,HD,2020-08-18,0 days 15:59:48.727495,304281,285.04,284.95,1127,225,199,-517
1199,HD,2020-08-18,0 days 15:59:49.730014,304180,285.04,284.97,1227,305,-101,199
1200,HL,2020-08-18,0 days 15:58:00.492603,360735,6.16,6.15,63812,26115,-1998,9806
1201,HL,2020-08-18,0 days 15:58:01.495566,354865,6.16,6.15,73074,22813,5170,-1998
1202,HLT,2020-08-18,0 days 15:55:00.169017,74503,83.96,83.94,475,391,34923,-21743
1203,HLT,2020-08-18,0 days 15:55:59.313163,111622,84.02,84.01,225,2140,33,-683
1204,HLT,2020-08-18,0 days 15:56:00.316231,111255,84.02,84.01,294,2143,-367,33
1205,HLT,2020-08-18,0 days 15:56:03.321401,115183,84.02,84.01,326,1825,1502,-401
1206,HLT,2020-08-18,0 days 15:56:20.362602,116685,84.05,84.02,601,1556,-251,202
1207,HLT,2020-08-18,0 days 15:56:21.365437,116236,84.05,84.02,604,1656,449,-251
1208,HLT,2020-08-18,0 days 15:56:40.410523,116685,84.03,84.01,548,647,-451,449
1209,HLT,2020-08-18,0 days 15:56:41.413063,116336,84.03,84.02,548,400,349,-451
1210,HLT,2020-08-18,0 days 15:57:09.480825,116696,84.04,84.03,508,829,-740,60
1211,HLT,2020-08-18,0 days 15:57:10.483460,116436,84.03,84.0,582,806,260,-740
1212,HLT,2020-08-18,0 days 15:57:40.556125,116709,84.03,84.01,810,966,-127,173
1213,HLT,2020-08-18,0 days 15:57:41.558656,116536,84.03,84.01,888,1157,173,-127
1214,HLT,2020-08-18,0 days 15:57:47.572299,116709,84.02,84.01,385,1671,-127,173
1215,HLT,2020-08-18,0 days 15:57:48.574697,116536,84.02,84.01,598,1593,173,-127
1216,HLT,2020-08-18,0 days 15:57:51.581987,116709,84.03,84.02,587,415,-27,167
1217,HLT,2020-08-18,0 days 15:57:52.584291,116565,84.03,84.02,587,615,138,-27
1218,HLT,2020-08-18,0 days 15:57:54.589417,116709,84.05,84.02,500,1722,-156,138
1219,HLT,2020-08-18,0 days 15:57:55.591794,116565,84.04,84.03,432,100,193,-156
1220,HLT,2020-08-18,0 days 15:57:59.601135,116758,84.06,84.04,400,1820,-7,293
1221,HLT,2020-08-18,0 days 15:58:00.604155,115565,84.04,84.03,300,821,1193,-7
1222,HLT,2020-08-18,0 days 15:58:02.608695,116758,84.04,84.03,300,823,-107,1193
1223,HLT,2020-08-18,0 days 15:58:03.610899,116665,84.04,84.03,401,923,93,-107
1224,HLT,2020-08-18,0 days 15:58:36.691934,116857,84.04,84.02,413,1661,-137,124
1225,HLT,2020-08-18,0 days 15:58:53.732453,120194,84.01,84.0,200,500,3180,-31
1226,HLT,2020-08-18,0 days 15:58:58.745261,123474,84.02,84.01,200,1135,-120,680
1227,HLT,2020-08-18,0 days 15:58:59.747475,122894,84.03,84.01,204,1135,480,-120
1228,HLT,2020-08-18,0 days 15:59:41.846721,134144,84.12,84.1,590,1338,508,-492
