,Symbol,Timestamp,TIME,iPaired,Ask_P,Bid_P,Ask_S,Bid_S,iShares,PreviShares
0,AA,2020-08-14,0 days 15:57:38.683711,92799,14.62,14.61,18541,7556,-199,201
1,AA,2020-08-14,0 days 15:57:39.686045,86598,14.62,14.61,19316,7673,6201,-199
2,AA,2020-08-14,0 days 15:59:38.970915,109967,14.65,14.64,20588,15185,33216,-1393
3,AA,2020-08-14,0 days 15:59:39.973378,108983,14.65,14.64,17988,16985,-984,33216
4,ABBV,2020-08-14,0 days 15:55:00.175764,867497,94.88,94.87,1000,1039,3411,-584845
5,ABBV,2020-08-14,0 days 15:59:37.838050,1034347,95.07,95.06,655,2100,-9637,2563
6,ABBV,2020-08-14,0 days 15:59:43.852577,1036929,95.07,95.06,3903,1695,4636,-7764
7,ABBV,2020-08-14,0 days 15:59:45.858380,1043020,95.07,95.06,1806,1469,-12166,22015
8,ABBV,2020-08-14,0 days 15:59:46.860146,1022776,95.05,95.03,1492,2160,22960,-12166
9,ABBV,2020-08-14,0 days 15:59:50.871782,1037110,95.07,95.06,2155,1671,9530,-9270
10,ABEV,2020-08-14,0 days 15:59:36.766646,161090,2.46,2.45,1393623,693473,73109,-85891
11,ABEV,2020-08-14,0 days 15:59:37.768876,156699,2.46,2.45,1285823,694973,-4391,73109
12,ABEV,2020-08-14,0 days 15:59:40.777275,161090,2.46,2.45,1377520,682329,2609,-4391
13,ABEV,2020-08-14,0 days 15:59:48.796783,157199,2.46,2.45,1324357,642546,-3891,4109
14,ABR,2020-08-14,0 days 15:55:46.326992,34169,11.32,11.31,3278,4013,1358,-639
15,ABR,2020-08-14,0 days 15:57:10.531033,35555,11.32,11.31,4887,6460,-14,386
16,ABR,2020-08-14,0 days 15:57:11.533476,35169,11.32,11.31,4687,7135,386,-14
17,ABR,2020-08-14,0 days 15:57:42.603325,36614,11.32,11.31,2048,8577,-355,645
18,ABR,2020-08-14,0 days 15:57:43.605544,36069,11.32,11.31,1934,8877,545,-355
19,ABR,2020-08-14,0 days 15:58:00.648654,36614,11.33,11.32,4551,7961,-255,545
20,ABR,2020-08-14,0 days 15:58:01.650168,36069,11.33,11.32,5151,8205,545,-255
21,ABR,2020-08-14,0 days 15:58:18.690844,34472,11.33,11.32,5081,8264,-2697,2803
22,ABR,2020-08-14,0 days 15:58:19.693783,31669,11.33,11.32,5381,7964,2803,-2697
23,ABR,2020-08-14,0 days 15:59:01.795364,31028,11.33,11.32,3766,8585,-1093,251
24,ABR,2020-08-14,0 days 15:59:12.823112,34030,11.34,11.33,3958,4597,1305,-502
25,ABT,2020-08-14,0 days 15:55:00.098423,319043,99.77,99.76,200,820,18650,-136084
26,ABT,2020-08-14,0 days 15:55:01.101259,304129,99.8,99.77,2133,1553,-14914,18650
27,ABT,2020-08-14,0 days 15:57:32.466933,319443,99.8,99.79,1966,1930,4193,-407
28,ABT,2020-08-14,0 days 15:58:07.551423,326161,99.8,99.79,1653,4129,-3357,2307
29,ABT,2020-08-14,0 days 15:58:34.617176,329518,99.8,99.79,2600,5469,1243,-957
30,ABT,2020-08-14,0 days 15:59:07.700513,333036,99.82,99.81,796,894,628,-867
31,ABT,2020-08-14,0 days 15:59:34.761800,438352,100.0,99.99,1000,34,-6154,1051
32,ABT,2020-08-14,0 days 15:59:35.764968,429806,100.0,99.99,200,483,8546,-6154
33,ABT,2020-08-14,0 days 15:59:36.766580,438352,100.0,99.99,601,749,-254,8546
34,ABT,2020-08-14,0 days 15:59:37.768814,438706,99.99,99.98,2277,50,9565,-254
35,ABT,2020-08-14,0 days 15:59:38.771270,448271,99.99,99.97,1700,2537,-8735,9565
36,ABT,2020-08-14,0 days 15:59:39.774298,448106,99.99,99.98,100,2589,165,-8735
37,ABT,2020-08-14,0 days 15:59:45.788996,443214,100.01,100.0,9707,500,-17861,1016
38,ABT,2020-08-14,0 days 15:59:46.792367,444755,99.97,99.95,2210,200,12218,-17861
39,ABT,2020-08-14,0 days 15:59:47.793088,458380,99.97,99.95,1900,400,-1493,12218
40,ACB,2020-08-14,0 days 15:57:10.937458,25539,10.68,10.67,100,3734,-1116,1374
41,ACB,2020-08-14,0 days 15:57:11.939384,24455,10.69,10.67,2534,2934,1084,-1116
42,ADM,2020-08-14,0 days 15:59:03.705920,309042,44.56,44.55,4115,5902,-65,4197
43,ADM,2020-08-14,0 days 15:59:05.711154,289522,44.55,44.54,5462,3984,19520,-13980
44,ADM,2020-08-14,0 days 15:59:08.718504,327502,44.58,44.57,2100,5549,-10064,18836
45,ADM,2020-08-14,0 days 15:59:09.720737,322966,44.58,44.57,4795,2278,4536,-10064
46,ADM,2020-08-14,0 days 15:59:22.745359,332412,44.6,44.59,6127,1100,-1772,4137
47,ADM,2020-08-14,0 days 15:59:23.747375,328622,44.6,44.59,5682,1200,3790,-1772
48,ADT,2020-08-14,0 days 15:59:48.797084,133553,11.76,11.75,4930,6232,71,-1629
49,AEO,2020-08-14,0 days 15:55:00.127439,146018,11.69,11.68,9600,6324,-32461,79468
50,AEO,2020-08-14,0 days 15:55:01.129987,143579,11.69,11.68,15509,2074,2439,-32461
51,AEO,2020-08-14,0 days 15:55:34.209581,146018,11.69,11.68,16555,6612,-543,676
52,AEO,2020-08-14,0 days 15:55:35.212598,143861,11.69,11.68,16476,7612,2160,-543
53,AEO,2020-08-14,0 days 15:55:38.219252,146489,11.69,11.68,16576,7997,-6172,2560
54,AEO,2020-08-14,0 days 15:55:39.221871,145161,11.69,11.68,16576,7997,1341,-6172
55,AEO,2020-08-14,0 days 15:56:06.286233,146513,11.69,11.68,12880,11298,-1756,153
56,AEO,2020-08-14,0 days 15:56:07.288693,144669,11.69,11.68,12480,11658,1844,-1756
57,AEO,2020-08-14,0 days 15:58:01.565764,155160,11.7,11.69,18956,15291,-19600,2969
58,AEO,2020-08-14,0 days 15:59:09.732463,155681,11.7,11.69,25523,8659,514,-3366
59,AEO,2020-08-14,0 days 15:59:46.821097,167240,11.68,11.67,23539,6756,1152,-4207
60,AEP,2020-08-14,0 days 15:57:29.458118,231366,82.99,82.98,802,1222,-993,1431
61,AEP,2020-08-14,0 days 15:57:30.460913,225759,82.99,82.98,902,1422,5607,-993
62,AEP,2020-08-14,0 days 15:59:04.691080,242086,82.97,82.96,893,921,426,-1262
63,AEP,2020-08-14,0 days 15:59:05.693943,237079,82.99,82.98,263,729,-5079,426
64,AEP,2020-08-14,0 days 15:59:08.701830,229134,83.0,82.99,488,1412,4653,-647
65,AEP,2020-08-14,0 days 15:59:09.703797,235048,83.01,83.0,458,657,-22488,4653
66,AEP,2020-08-14,0 days 15:59:28.746432,248611,82.94,82.93,1949,1554,363,-2943
67,AES,2020-08-14,0 days 15:55:30.190531,296922,17.57,17.56,12060,19085,8051,-5490
68,AES,2020-08-14,0 days 15:55:31.192932,293773,17.57,17.56,10353,17040,-3149,8051
69,AES,2020-08-14,0 days 15:59:03.705693,331072,17.56,17.55,22563,18138,2159,-1741
70,AES,2020-08-14,0 days 15:59:04.709384,321831,17.56,17.55,19524,20279,-9241,2159
71,AES,2020-08-14,0 days 15:59:07.718063,336272,17.57,17.56,22200,11346,26158,-3741
72,AES,2020-08-14,0 days 15:59:08.718270,318530,17.57,17.56,13551,19810,-12542,26158
73,AES,2020-08-14,0 days 15:59:15.727974,336467,17.57,17.56,16138,16870,13361,-827
74,AES,2020-08-14,0 days 15:59:27.756796,349580,17.59,17.58,20316,9558,-1187,3079
75,AES,2020-08-14,0 days 15:59:29.761882,346567,17.58,17.57,17339,20867,3813,-387
76,AES,2020-08-14,0 days 15:59:40.789982,350767,17.59,17.58,20267,29479,1179,-621
77,AES,2020-08-14,0 days 15:59:41.791239,350446,17.59,17.58,25230,27450,-321,1179
78,AES,2020-08-14,0 days 15:59:44.798802,350767,17.59,17.58,28568,20837,10655,-321
79,AFL,2020-08-14,0 days 15:57:46.020429,341244,38.0,37.99,1890,4328,9796,-26904
80,AFL,2020-08-14,0 days 15:57:47.022598,335840,38.01,38.0,2971,3122,-5404,9796
81,AFL,2020-08-14,0 days 15:59:01.203295,339071,38.01,38.0,9192,9976,14543,-5147
82,AFL,2020-08-14,0 days 15:59:02.208092,331414,38.01,38.0,1845,13618,-7657,14543
83,AFL,2020-08-14,0 days 15:59:15.225309,341999,38.04,38.03,1700,5068,32062,-4617
84,AFL,2020-08-14,0 days 15:59:16.227889,340361,38.05,38.04,556,5448,-1665,32062
85,AFL,2020-08-14,0 days 15:59:28.255588,355979,38.06,38.05,1425,9673,862,-6218
86,AFL,2020-08-14,0 days 15:59:34.269942,353858,38.07,38.06,1702,1225,-2121,862
87,AFL,2020-08-14,0 days 15:59:43.292015,355979,38.06,38.05,1248,6101,1447,-1071
88,AFL,2020-08-14,0 days 15:59:47.301986,357479,38.07,38.06,600,5851,3688,-5
89,AFL,2020-08-14,0 days 15:59:48.304974,358812,38.09,38.08,2636,3600,-1667,3688
90,AG,2020-08-14,0 days 15:55:00.117005,61390,11.7,11.69,40796,9985,-19974,11729
91,AG,2020-08-14,0 days 15:58:00.553504,78709,11.68,11.67,28343,2102,2689,-9278
92,AG,2020-08-14,0 days 15:58:01.555773,73098,11.68,11.67,25710,2671,-5611,2689
93,AG,2020-08-14,0 days 15:58:06.567347,69972,11.68,11.67,29767,2531,3026,-4399
94,AG,2020-08-14,0 days 15:59:15.728149,73857,11.69,11.68,8637,24201,4464,-736
95,AG,2020-08-14,0 days 15:59:16.730724,78321,11.69,11.68,7437,27311,-1776,4464
96,AGI,2020-08-14,0 days 15:55:00.175764,39158,10.0,9.99,10556,14300,-4723,6765
97,AIG,2020-08-14,0 days 15:59:44.799037,549863,30.98,30.97,7463,5084,2264,-12762
98,AIG,2020-08-14,0 days 15:59:46.803933,546972,30.99,30.98,1640,4300,-4117,2264
99,AIG,2020-08-14,0 days 15:59:48.809162,551089,30.99,30.98,3047,5671,6425,-4117
100,AIG,2020-08-14,0 days 15:59:49.811513,548914,30.99,30.98,2122,3283,-2175,6425
101,ALLY,2020-08-14,0 days 15:55:37.216896,99095,22.65,22.64,534,7014,2498,-1569
102,ALLY,2020-08-14,0 days 15:55:38.219268,95793,22.65,22.64,934,7113,-3302,2498
103,ALLY,2020-08-14,0 days 15:59:05.723135,105373,22.66,22.65,2452,8512,3878,-2642
104,ALLY,2020-08-14,0 days 15:59:06.724009,103451,22.67,22.66,526,9770,-972,3878
105,ALLY,2020-08-14,0 days 15:59:12.738920,104460,22.66,22.65,2471,7027,155,-681
106,ALLY,2020-08-14,0 days 15:59:16.748103,102841,22.66,22.65,3281,7078,-1619,155
107,ALLY,2020-08-14,0 days 15:59:45.819086,109492,22.65,22.64,9763,13309,6429,-1051
108,ALLY,2020-08-14,0 days 15:59:46.821148,109021,22.65,22.64,9463,12344,-1751,6429
109,AM,2020-08-14,0 days 15:55:29.373822,265318,7.3,7.29,19054,12776,-8102,2298
110,AM,2020-08-14,0 days 15:55:30.376234,264020,7.3,7.29,19954,11966,1298,-8102
111,AM,2020-08-14,0 days 15:57:47.705433,286362,7.3,7.29,22152,12088,-2024,3976
112,AM,2020-08-14,0 days 15:57:48.707683,283086,7.3,7.29,23351,11788,4276,-2024
113,AM,2020-08-14,0 days 15:58:03.745556,283986,7.3,7.29,21714,16293,3376,-1924
114,AM,2020-08-14,0 days 15:58:09.760575,288206,7.3,7.29,20793,16360,-3180,4220
115,AM,2020-08-14,0 days 15:58:11.764753,284786,7.3,7.29,21766,16260,3420,-3180
116,AM,2020-08-14,0 days 15:59:09.906346,284160,7.31,7.3,6068,30215,2488,-2667
117,AM,2020-08-14,0 days 15:59:44.985410,302277,7.31,7.3,20103,22052,-12529,2471
118,AMCR,2020-08-14,0 days 15:59:07.219292,463222,11.2,11.19,15116,46867,2507,-2540
119,AMCR,2020-08-14,0 days 15:59:08.222093,458329,11.2,11.19,15116,45282,-4893,2507
120,AMCR,2020-08-14,0 days 15:59:18.232714,473091,11.21,11.2,12300,50389,1723,-29537
121,AMCR,2020-08-14,0 days 15:59:20.237679,467317,11.21,11.2,12300,50589,-5774,4154
122,AON,2020-08-14,0 days 15:56:01.274413,109189,197.07,197.04,100,815,-2114,6686
123,AON,2020-08-14,0 days 15:56:02.277041,107503,197.08,197.04,300,798,1686,-2114
124,AON,2020-08-14,0 days 15:57:01.419402,103845,197.08,197.05,407,428,6247,-7153
125,AON,2020-08-14,0 days 15:58:19.610073,109992,197.22,197.2,12,494,-545,1055
126,AON,2020-08-14,0 days 15:59:05.723165,107808,197.22,197.19,10,323,-165,913
127,AON,2020-08-14,0 days 15:59:09.732493,99850,197.23,197.2,500,194,1001,-26513
128,AON,2020-08-14,0 days 15:59:15.745988,94835,197.26,197.22,300,322,-13834,306
129,AON,2020-08-14,0 days 15:59:41.808476,105878,197.23,197.2,100,1249,-171,429
130,AON,2020-08-14,0 days 15:59:44.816348,104325,197.18,197.12,98,1235,27057,-171
131,AON,2020-08-14,0 days 15:59:57.848911,105785,197.23,197.15,2082,334,-6385,17262
132,AON,2020-08-14,0 days 15:59:59.853500,110869,197.23,197.15,3482,2951,20016,-6385
133,AR,2020-08-14,0 days 15:56:27.327739,241440,4.42,4.41,36952,29291,21744,-1652
134,AR,2020-08-14,0 days 15:56:28.329216,236884,4.43,4.42,17841,48578,-4556,21744
135,AR,2020-08-14,0 days 15:57:16.444894,239001,4.43,4.42,17338,95320,-7354,16746
136,AR,2020-08-14,0 days 15:57:44.512654,246355,4.42,4.41,59001,66879,9572,-7354
137,AR,2020-08-14,0 days 15:59:19.738059,273309,4.43,4.42,51157,37341,-8994,27406
138,ATI,2020-08-14,0 days 15:59:02.713664,54781,9.2,9.19,11963,23554,-1600,4100
139,ATI,2020-08-14,0 days 15:59:03.716334,52881,9.2,9.19,13741,21799,1900,-1600
140,ATI,2020-08-14,0 days 15:59:05.722924,57281,9.2,9.19,11770,25074,-1600,4400
141,ATI,2020-08-14,0 days 15:59:06.723912,55081,9.2,9.19,12770,25475,2200,-1600
142,ATI,2020-08-14,0 days 15:59:14.742882,57281,9.21,9.2,6518,16030,-12366,140
143,ATUS,2020-08-14,0 days 15:58:13.594438,645943,27.21,27.2,2029,7773,-3728,5695
144,ATUS,2020-08-14,0 days 15:58:14.596824,635471,27.21,27.2,1729,7873,7472,-3728
145,ATUS,2020-08-14,0 days 15:59:11.736352,645144,27.22,27.21,7702,7221,-4488,4698
146,ATUS,2020-08-14,0 days 15:59:12.738689,628032,27.22,27.21,6611,7512,17112,-4488
147,ATUS,2020-08-14,0 days 15:59:13.741047,645144,27.22,27.21,3390,9302,-35233,17112
148,ATUS,2020-08-14,0 days 15:59:14.742736,602877,27.22,27.21,7690,4600,36767,-35233
149,ATUS,2020-08-14,0 days 15:59:15.745689,645144,27.23,27.22,10223,1402,-5885,36767
150,ATUS,2020-08-14,0 days 15:59:16.747862,635029,27.23,27.22,10023,3339,4615,-5885
151,ATUS,2020-08-14,0 days 15:59:29.779103,645802,27.22,27.21,3559,7640,1585,-17615
152,ATUS,2020-08-14,0 days 15:59:35.794262,650865,27.22,27.21,1848,13465,-3686,1036
153,ATUS,2020-08-14,0 days 15:59:55.842338,646847,27.22,27.21,8163,6000,1124,-7198
154,AU,2020-08-14,0 days 15:55:00.117190,51518,28.45,28.44,1573,732,-118667,9427
155,AU,2020-08-14,0 days 15:59:15.728149,152016,28.44,28.43,4415,749,5365,-4409
156,AU,2020-08-14,0 days 15:59:16.730759,136381,28.44,28.43,3415,749,-15635,5365
157,AVYA,2020-08-14,0 days 15:58:01.266333,41080,16.43,16.42,6917,1580,-448,603
158,AVYA,2020-08-14,0 days 15:58:02.268400,40728,16.43,16.42,6317,2849,352,-448
159,AVYA,2020-08-14,0 days 15:58:05.275948,33964,16.43,16.42,7455,2127,-2464,352
160,AVYA,2020-08-14,0 days 15:59:01.411675,37027,16.44,16.43,7752,3125,1294,-363
161,AVYA,2020-08-14,0 days 15:59:02.414393,36921,16.44,16.43,8079,2972,-106,1294
162,AVYA,2020-08-14,0 days 15:59:15.437021,46361,16.44,16.43,7825,6054,6252,-740
163,AXP,2020-08-14,0 days 15:55:00.216520,163394,100.32,100.31,177,389,18133,-27399
164,AXP,2020-08-14,0 days 15:55:36.303532,181727,100.33,100.32,562,1287,-344,993
165,AXP,2020-08-14,0 days 15:55:37.305484,179471,100.33,100.32,612,1388,2256,-344
166,AXP,2020-08-14,0 days 15:58:33.726789,184318,100.38,100.37,470,3054,2128,-272
167,AXP,2020-08-14,0 days 15:59:05.806362,203848,100.42,100.41,329,436,-6030,291
168,AXP,2020-08-14,0 days 15:59:13.825504,207986,100.43,100.42,17,1087,-615,18
169,AXTA,2020-08-14,0 days 15:59:11.910496,125804,23.92,23.91,3822,4642,561,-252
170,AXTA,2020-08-14,0 days 15:59:15.915922,124631,23.92,23.91,3361,5688,-2803,561
171,AXTA,2020-08-14,0 days 15:59:45.988179,127434,23.92,23.91,7557,5568,3730,-2036
172,AXTA,2020-08-14,0 days 15:59:46.991126,124719,23.92,23.91,7657,5568,-3509,3730
173,AYX,2020-08-14,0 days 15:55:00.620596,146350,109.96,109.82,500,600,1193,-94148
174,AYX,2020-08-14,0 days 15:55:35.708169,147543,109.92,109.86,608,1235,-426,183
175,AYX,2020-08-14,0 days 15:55:36.710147,143869,109.92,109.86,608,1635,3674,-426
176,AYX,2020-08-14,0 days 15:56:14.801402,147701,109.96,109.91,122,2739,-909,891
177,AYX,2020-08-14,0 days 15:56:15.803757,146210,109.96,109.91,122,2742,1491,-909
178,AYX,2020-08-14,0 days 15:57:45.018263,148036,110.0,109.97,150,716,-1174,426
179,AYX,2020-08-14,0 days 15:57:46.020524,147110,109.97,109.92,59,485,926,-1174
180,AYX,2020-08-14,0 days 15:58:19.102270,148036,110.03,110.0,120,296,-1094,906
181,AYX,2020-08-14,0 days 15:58:20.105050,145930,110.03,110.0,200,300,2105,-1094
182,AYX,2020-08-14,0 days 15:58:41.155219,148036,110.03,110.0,400,200,-134,904
183,AYX,2020-08-14,0 days 15:58:42.157946,147270,110.03,110.0,314,376,765,-134
184,AYX,2020-08-14,0 days 15:59:24.249317,151095,110.04,110.0,244,300,-6910,1458
185,AZEK,2020-08-14,0 days 15:55:00.831580,7207,37.59,37.53,100,300,-1095,1645
186,AZEK,2020-08-14,0 days 15:55:01.831421,7002,37.59,37.53,200,300,205,-1095
187,AZEK,2020-08-14,0 days 15:59:01.411547,8251,37.51,37.43,559,3467,-30,317
188,AZEK,2020-08-14,0 days 15:59:02.414314,8081,37.51,37.43,309,472,170,-30
189,AZEK,2020-08-14,0 days 15:59:38.492615,8251,37.58,37.45,200,576,-1655,45
190,AZEK,2020-08-14,0 days 15:59:39.496106,8106,37.58,37.45,200,476,145,-1655
191,AZN,2020-08-14,0 days 15:56:08.466643,18927,55.15,55.14,1718,1779,450,-138
192,AZN,2020-08-14,0 days 15:56:09.469428,18777,55.15,55.14,1564,1679,-150,450
193,AZN,2020-08-14,0 days 15:56:11.474375,18927,55.15,55.14,609,3064,502,-150
194,AZN,2020-08-14,0 days 15:56:12.476864,18529,55.15,55.14,509,3164,-398,502
195,AZN,2020-08-14,0 days 15:59:06.899150,27192,55.15,55.14,1542,3781,201,-3076
196,AZN,2020-08-14,0 days 15:59:35.963533,27984,55.17,55.16,2115,3332,-910,490
197,AZN,2020-08-14,0 days 15:59:45.988075,28394,55.18,55.17,1098,2697,790,-410
198,AZN,2020-08-14,0 days 15:59:46.990989,29184,55.18,55.17,1998,1588,-881,790
199,AZN,2020-08-14,0 days 15:59:50.003718,28995,55.18,55.17,3443,1969,189,-481
200,AZUL,2020-08-14,0 days 15:58:00.536631,12537,12.44,12.43,2089,2265,-278,458
201,AZUL,2020-08-14,0 days 15:58:01.538254,12115,12.44,12.43,1167,2806,422,-278
202,AZUL,2020-08-14,0 days 15:59:17.720110,18175,12.43,12.42,900,4694,-4295,4705
203,AZUL,2020-08-14,0 days 15:59:18.722817,17570,12.43,12.42,900,4494,505,-4295
204,AZUL,2020-08-14,0 days 15:59:45.789162,18075,12.45,12.44,3007,1304,-1226,205
205,AZUL,2020-08-14,0 days 15:59:46.792550,17701,12.45,12.44,3007,1304,454,-1226
206,BA,2020-08-14,0 days 15:55:00.127558,109388,177.79,177.76,253,13,226,-29737
207,BA,2020-08-14,0 days 15:56:11.298936,109958,177.78,177.74,611,441,-100,170
208,BA,2020-08-14,0 days 15:56:18.315448,110047,177.82,177.8,100,200,711,-56
209,BA,2020-08-14,0 days 15:56:30.344511,109958,177.8,177.79,50,2,-89,111
210,BA,2020-08-14,0 days 15:56:53.400101,110047,177.85,177.82,150,200,711,-89
211,BA,2020-08-14,0 days 15:56:54.402707,110758,177.85,177.82,50,300,-108,711
212,BA,2020-08-14,0 days 15:56:55.404423,110666,177.86,177.84,137,300,92,-108
213,BA,2020-08-14,0 days 15:57:41.516306,113458,177.85,177.81,549,400,-752,348
214,BA,2020-08-14,0 days 15:57:51.540400,113158,177.93,177.91,345,100,-237,319
215,BA,2020-08-14,0 days 15:57:52.543031,112774,177.91,177.88,20,22,384,-237
216,BA,2020-08-14,0 days 15:57:58.557139,113158,177.91,177.88,14,441,-137,263
217,BA,2020-08-14,0 days 15:57:59.559679,112895,177.91,177.88,14,541,263,-137
218,BA,2020-08-14,0 days 15:58:00.563744,111858,177.92,177.88,567,645,-1037,263
219,BA,2020-08-14,0 days 15:58:01.565764,111695,177.9,177.87,10,240,163,-1037
220,BA,2020-08-14,0 days 15:58:14.596943,119570,177.85,177.81,500,521,-555,1045
221,BA,2020-08-14,0 days 15:58:15.599430,118625,177.85,177.81,1292,421,845,-555
222,BABA,2020-08-14,0 days 15:55:00.175122,184980,253.88,253.86,183,301,-2717,22338
223,BABA,2020-08-14,0 days 15:55:01.177326,184564,253.84,253.82,97,300,416,-2717
224,BABA,2020-08-14,0 days 15:57:30.539305,193929,253.88,253.86,279,200,-6804,16036
225,BABA,2020-08-14,0 days 15:57:53.592917,201529,253.82,253.81,669,278,-709,4091
226,BABA,2020-08-14,0 days 15:58:35.694654,207189,253.84,253.83,100,200,-10209,3931
227,BABA,2020-08-14,0 days 15:58:38.701697,209458,253.82,253.81,390,1570,5131,-3009
228,BABA,2020-08-14,0 days 15:58:39.704732,207389,253.82,253.81,200,331,-1969,5131
229,BABA,2020-08-14,0 days 15:58:56.745713,206579,253.8,253.77,500,154,1262,-1517
230,BABA,2020-08-14,0 days 15:58:57.748700,204841,253.79,253.77,127,417,-1784,1262
231,BABA,2020-08-14,0 days 15:59:01.758575,206592,253.78,253.77,707,205,101,-3771
232,BABA,2020-08-14,0 days 15:59:05.769869,206668,253.8,253.78,4,600,-2632,76
233,BABA,2020-08-14,0 days 15:59:14.792393,221706,253.9,253.88,155,300,12394,-937
234,BABA,2020-08-14,0 days 15:59:15.786114,209200,253.93,253.9,15,1143,-13864,12394
235,BAC,2020-08-14,0 days 15:59:14.916836,1700357,26.44,26.43,71493,157123,463794,-52923
236,BAC,2020-08-14,0 days 15:59:38.970915,2025781,26.46,26.45,86588,155179,-46570,171903
237,BAC,2020-08-14,0 days 15:59:46.991159,2064807,26.46,26.45,20756,154862,-4390,19110
238,BAC,2020-08-14,0 days 15:59:47.996066,2069197,26.46,26.45,27321,150984,9334,-4390
239,BAC,2020-08-14,0 days 15:59:48.995971,2078531,26.46,26.45,36917,152817,-4766,9334
240,BAM,2020-08-14,0 days 15:55:00.181917,47966,33.62,33.61,2269,500,-155,12838
241,BAM,2020-08-14,0 days 15:57:18.516239,52439,33.61,33.6,412,7771,646,-554
242,BAM,2020-08-14,0 days 15:57:19.518310,51285,33.63,33.62,909,2446,-1154,646
243,BAM,2020-08-14,0 days 15:58:16.656916,52739,33.62,33.61,7788,10328,344,-856
244,BAM,2020-08-14,0 days 15:58:17.659291,51683,33.62,33.61,6218,11628,-1056,344
245,BAM,2020-08-14,0 days 15:58:24.676159,52739,33.62,33.61,3920,12128,144,-1056
246,BAM,2020-08-14,0 days 15:58:25.678453,51683,33.62,33.61,6385,13428,-1056,144
247,BAM,2020-08-14,0 days 15:59:09.786122,46995,33.69,33.68,1347,3831,109,-1091
248,BAM,2020-08-14,0 days 15:59:16.801913,52082,33.66,33.65,1704,8429,-468,1177
249,BAX,2020-08-14,0 days 15:55:00.098537,207239,83.44,83.43,245,822,1850,-22867
250,BAX,2020-08-14,0 days 15:56:17.284064,210402,83.42,83.41,1200,1238,-102,198
251,BAX,2020-08-14,0 days 15:56:18.286918,210304,83.42,83.41,1100,1238,98,-102
252,BAX,2020-08-14,0 days 15:56:54.373617,222565,83.45,83.44,1063,606,-2639,361
253,BAX,2020-08-14,0 days 15:57:34.471671,225233,83.43,83.42,1000,427,857,-943
254,BAX,2020-08-14,0 days 15:57:35.472653,224090,83.44,83.43,1918,56,-1143,857
255,BAX,2020-08-14,0 days 15:58:17.577053,231591,83.44,83.43,1865,500,363,-2237
256,BAX,2020-08-14,0 days 15:58:18.578435,229954,83.44,83.43,1566,600,-1637,363
257,BAX,2020-08-14,0 days 15:58:37.623779,232475,83.44,83.43,10,1223,338,-1237
258,BAX,2020-08-14,0 days 15:58:38.626347,231038,83.44,83.43,10,1223,-537,338
259,BAX,2020-08-14,0 days 15:59:01.683885,225187,83.44,83.43,3055,167,11287,-860
260,BAX,2020-08-14,0 days 15:59:02.687457,227490,83.46,83.45,300,390,-811,11287
261,BAX,2020-08-14,0 days 15:59:05.693716,226702,83.47,83.46,600,733,2363,-2698
262,BAX,2020-08-14,0 days 15:59:06.696335,226765,83.48,83.46,900,1664,-837,2363
263,BAX,2020-08-14,0 days 15:59:11.707556,229233,83.46,83.45,304,663,3778,-957
264,BAX,2020-08-14,0 days 15:59:12.710607,229114,83.48,83.47,722,528,-1023,3778
265,BAX,2020-08-14,0 days 15:59:17.720028,230637,83.48,83.47,1422,45,102,-899
266,BAX,2020-08-14,0 days 15:59:18.722760,229939,83.48,83.46,1722,1378,-698,102
267,BAX,2020-08-14,0 days 15:59:24.737876,233221,83.48,83.46,1425,1232,1595,-704
268,BB,2020-08-14,0 days 15:55:00.831555,10219,4.79,4.78,58655,167498,-43,670
269,BB,2020-08-14,0 days 15:58:55.396970,11746,4.79,4.78,36725,275583,1214,-1029
270,BBD,2020-08-14,0 days 15:59:03.208639,456984,3.89,3.88,625311,575342,-19497,10703
271,BBD,2020-08-14,0 days 15:59:46.300613,555352,3.89,3.88,715110,551961,4823,-49848
272,BBD,2020-08-14,0 days 15:59:48.305331,541275,3.89,3.88,708910,554271,-14077,4823
273,BBVA,2020-08-14,0 days 15:59:36.487538,42235,2.98,2.97,367524,309099,14705,-17295
274,BBVA,2020-08-14,0 days 15:59:37.489921,41340,2.98,2.97,355871,310299,-895,14705
275,BBY,2020-08-14,0 days 15:59:06.696309,194474,109.51,109.49,300,733,2353,-14259
276,BBY,2020-08-14,0 days 15:59:07.700569,191327,109.52,109.51,300,1036,-3364,2353
277,BBY,2020-08-14,0 days 15:59:15.716663,195608,109.53,109.52,68,400,8452,-1696
278,BBY,2020-08-14,0 days 15:59:16.717830,193260,109.56,109.53,522,1164,-3086,8452
279,BBY,2020-08-14,0 days 15:59:34.761800,200412,109.51,109.5,524,700,4849,-2222
280,BBY,2020-08-14,0 days 15:59:35.765000,190747,109.52,109.5,200,1009,-10421,4849
281,BBY,2020-08-14,0 days 15:59:44.785685,201168,109.51,109.49,808,1493,848,-6710
282,BBY,2020-08-14,0 days 15:59:47.793109,199766,109.5,109.49,31,386,-1566,3134
283,BE,2020-08-14,0 days 15:56:12.350783,388673,14.1,14.09,2553,1800,258,-107
284,BE,2020-08-14,0 days 15:57:41.565049,389673,14.12,14.11,3706,900,-1500,800
285,BE,2020-08-14,0 days 15:57:42.568122,388873,14.12,14.11,3806,704,800,-1500
286,BE,2020-08-14,0 days 15:57:55.598513,389673,14.12,14.1,5419,1098,-1500,800
287,BE,2020-08-14,0 days 15:57:56.600717,388873,14.12,14.1,5319,1099,822,-1500
288,BE,2020-08-14,0 days 15:58:01.613707,388013,14.11,14.1,3120,117,-860,822
289,BE,2020-08-14,0 days 15:59:06.771899,393773,14.13,14.12,1501,750,48433,-760
290,BE,2020-08-14,0 days 15:59:09.779059,441706,14.13,14.12,293,2574,-27267,48433
291,BE,2020-08-14,0 days 15:59:10.781239,438173,14.13,14.12,393,2251,3533,-27267
292,BE,2020-08-14,0 days 15:59:44.855948,445053,14.16,14.15,2764,2503,-1914,5068
293,BE,2020-08-14,0 days 15:59:48.864939,444330,14.16,14.15,4856,2378,1076,-1815
294,BEKE,2020-08-14,0 days 15:55:00.300833,47960,32.72,32.68,1100,1500,10021,-3885
295,BEN,2020-08-14,0 days 15:59:07.728557,205790,21.93,21.92,3005,10061,8,-158
296,BEN,2020-08-14,0 days 15:59:10.733695,189522,21.95,21.94,4000,8019,-16268,5837
297,BEN,2020-08-14,0 days 15:59:15.745774,206208,21.95,21.94,3200,7799,3428,-5786
298,BEN,2020-08-14,0 days 15:59:44.816245,203486,21.94,21.93,4573,17237,-2999,5182
299,BEN,2020-08-14,0 days 15:59:45.818867,206485,21.94,21.93,4589,14688,543,-2999
300,BEN,2020-08-14,0 days 15:59:48.825495,203728,21.94,21.93,10374,4445,-2757,543
301,BEST,2020-08-14,0 days 15:55:00.831722,16656,4.33,4.32,5324,5511,-8509,11861
302,BEST,2020-08-14,0 days 15:55:01.831508,15465,4.33,4.32,6124,7111,1191,-8509
303,BEST,2020-08-14,0 days 15:56:35.057350,16656,4.33,4.32,6355,8122,-809,1391
304,BEST,2020-08-14,0 days 15:56:36.059425,15465,4.33,4.32,6355,8122,1191,-809
305,BHC,2020-08-14,0 days 15:59:37.838081,64160,17.48,17.47,11803,3400,-8261,1739
306,BHC,2020-08-14,0 days 15:59:38.840648,63121,17.48,17.47,14428,1000,1039,-8261
307,BHC,2020-08-14,0 days 15:59:45.858486,64160,17.47,17.46,3991,8346,-4538,1039
308,BHC,2020-08-14,0 days 15:59:46.860275,63798,17.47,17.46,9061,6233,1106,-4538
309,BK,2020-08-14,0 days 15:57:33.546321,322388,37.53,37.52,6292,9057,480,-620
310,BK,2020-08-14,0 days 15:59:05.770341,325757,37.55,37.54,4924,2168,33664,-8922
311,BK,2020-08-14,0 days 15:59:06.771953,277321,37.56,37.55,3885,3209,-48436,33664
312,BK,2020-08-14,0 days 15:59:07.776255,326016,37.56,37.55,4485,2154,851,-48436
313,BK,2020-08-14,0 days 15:59:10.781206,314850,37.56,37.55,6461,1644,-10907,2534
314,BK,2020-08-14,0 days 15:59:27.813009,330754,37.55,37.54,3281,5186,4173,-1825
315,BK,2020-08-14,0 days 15:59:28.816573,326827,37.56,37.55,4859,3220,-3927,4173
316,BKR,2020-08-14,0 days 15:55:36.303592,343656,17.23,17.22,9665,12191,-2271,3930
317,BKR,2020-08-14,0 days 15:55:37.305512,333927,17.23,17.22,11365,11591,9729,-2271
318,BKR,2020-08-14,0 days 15:57:32.579336,351865,17.23,17.22,12055,17592,-1747,8653
319,BKR,2020-08-14,0 days 15:57:33.581592,347612,17.23,17.22,11855,16992,4253,-1747
320,BKR,2020-08-14,0 days 15:57:36.588747,351865,17.23,17.22,12755,17892,-847,853
321,BKR,2020-08-14,0 days 15:57:37.590751,345012,17.23,17.22,12855,16692,6853,-847
322,BKR,2020-08-14,0 days 15:59:09.815809,414016,17.25,17.24,9148,14150,7427,-323
323,BKR,2020-08-14,0 days 15:59:21.842898,425367,17.26,17.25,2206,21977,-1464,1640
324,BKR,2020-08-14,0 days 15:59:24.850878,425087,17.26,17.25,4502,12622,280,-1564
325,BKR,2020-08-14,0 days 15:59:27.856762,425367,17.26,17.25,1915,16170,-3235,980
326,BKR,2020-08-14,0 days 15:59:47.905171,432767,17.24,17.23,5909,13537,-6103,1151
327,BMY,2020-08-14,0 days 15:55:00.127011,422832,63.01,63.0,2072,3094,11926,-100960
328,BMY,2020-08-14,0 days 15:57:11.443873,449721,63.04,63.03,1500,3494,8437,-863
329,BMY,2020-08-14,0 days 15:58:06.577940,460161,63.03,63.02,1200,4160,-1344,11468
330,BMY,2020-08-14,0 days 15:58:07.580160,458363,63.03,63.02,199,4546,1798,-1344
331,BMY,2020-08-14,0 days 15:59:06.723891,506889,63.06,63.05,1200,5042,-25295,42305
332,BMY,2020-08-14,0 days 15:59:07.728557,496227,63.05,63.04,5103,2627,10662,-25295
333,BP,2020-08-14,0 days 15:55:36.268865,164386,22.96,22.95,32322,38180,-743,4650
334,BP,2020-08-14,0 days 15:55:37.271310,153906,22.96,22.95,32422,38180,10480,-743
335,BP,2020-08-14,0 days 15:57:18.516134,164511,22.96,22.95,21234,58686,-139,1961
336,BP,2020-08-14,0 days 15:57:34.554270,164650,22.96,22.95,47831,26401,1461,-139
337,BP,2020-08-14,0 days 15:59:04.773367,179977,22.97,22.96,50456,45475,-6211,10690
338,BP,2020-08-14,0 days 15:59:05.776799,173988,22.97,22.96,46344,49075,4389,-6211
339,BP,2020-08-14,0 days 15:59:45.870028,182066,22.99,22.98,48910,74125,-14692,2760
340,BP,2020-08-14,0 days 15:59:46.873474,180158,22.99,22.98,50552,71489,4257,-14692
341,BRFS,2020-08-14,0 days 15:55:00.180548,29685,3.83,3.82,95154,101105,-2405,2695
342,BRFS,2020-08-14,0 days 15:57:09.493444,32090,3.83,3.82,60044,137720,1385,-1251
343,BRFS,2020-08-14,0 days 15:59:01.766471,35679,3.83,3.82,61283,180387,-225,1089
344,BRK.B,2020-08-14,0 days 15:59:15.436500,287595,210.73,210.71,100,900,116148,-11741
345,BSX,2020-08-14,0 days 15:55:00.829774,306837,39.1,39.09,5500,3425,124314,-144555
346,BSX,2020-08-14,0 days 15:55:35.914128,351485,39.1,39.09,3352,6943,-3693,6576
347,BSX,2020-08-14,0 days 15:58:20.311537,415268,39.11,39.1,10775,5080,-4880,3920
348,BSX,2020-08-14,0 days 15:59:05.420879,421648,39.11,39.1,37952,8676,3260,-8891
349,BSX,2020-08-14,0 days 15:59:36.485793,508857,39.2,39.19,6089,23080,-3132,1198
350,BTI,2020-08-14,0 days 15:59:08.783280,27538,33.44,33.43,5926,7619,-841,159
351,BTI,2020-08-14,0 days 15:59:09.786111,27379,33.44,33.43,8726,2442,159,-841
352,BTI,2020-08-14,0 days 15:59:11.791030,27538,33.44,33.43,7508,2042,-540,159
353,BTI,2020-08-14,0 days 15:59:20.811310,29394,33.44,33.43,4224,5240,144,-556
354,BTI,2020-08-14,0 days 15:59:45.870201,29538,33.46,33.45,9675,6139,-1396,144
355,BTI,2020-08-14,0 days 15:59:50.884672,29234,33.46,33.45,12105,4011,304,-296
356,C,2020-08-14,0 days 15:59:51.001545,852010,52.93,52.92,9171,8519,-29346,2704
357,CAH,2020-08-14,0 days 15:58:13.087200,154482,53.61,53.6,3395,700,-1154,1025
358,CAH,2020-08-14,0 days 15:58:14.090100,151436,53.61,53.6,3773,749,2146,-1154
359,CAH,2020-08-14,0 days 15:59:04.212443,156608,53.61,53.6,841,3338,-96,1404
360,CAH,2020-08-14,0 days 15:59:07.219538,155004,53.63,53.62,2591,1226,204,-1796
361,CAH,2020-08-14,0 days 15:59:09.225117,156596,53.64,53.63,362,1768,-3712,951
362,CAH,2020-08-14,0 days 15:59:10.226791,155208,53.64,53.63,1100,383,1388,-3712
363,CAH,2020-08-14,0 days 15:59:11.228477,156596,53.64,53.63,698,1439,-625,1388
364,CAH,2020-08-14,0 days 15:59:21.240475,155765,53.64,53.63,1261,2037,1131,-1169
365,CAH,2020-08-14,0 days 15:59:39.282720,157254,53.64,53.63,1009,650,31385,-30169
366,CAH,2020-08-14,0 days 15:59:41.287534,156891,53.7,53.69,102,2100,-31619,1935
367,CAH,2020-08-14,0 days 15:59:42.290972,156010,53.68,53.67,400,300,881,-31619
368,CAH,2020-08-14,0 days 15:59:46.300735,188639,53.65,53.64,1771,824,-6338,321
369,CAH,2020-08-14,0 days 15:59:47.302324,187977,53.65,53.64,1683,1018,662,-6338
370,CAH,2020-08-14,0 days 15:59:48.305620,188639,53.65,53.64,1683,918,-3078,662
371,CAH,2020-08-14,0 days 15:59:49.307028,188417,53.65,53.64,1883,824,222,-3078
372,CARR,2020-08-14,0 days 15:56:13.004155,382326,29.5,29.49,1629,2431,28,-5272
373,CARR,2020-08-14,0 days 15:56:14.006540,382354,29.5,29.49,1729,2631,-372,28
374,CARR,2020-08-14,0 days 15:57:14.151662,378854,29.49,29.47,500,3547,-2972,28
375,CARR,2020-08-14,0 days 15:59:15.437585,422788,29.48,29.47,700,3842,53739,-4393
376,CARR,2020-08-14,0 days 15:59:28.467775,462832,29.51,29.5,1982,4805,2657,-3533
377,CAT,2020-08-14,0 days 15:55:00.832242,289050,139.98,139.94,400,301,26867,-44262
378,CAT,2020-08-14,0 days 15:55:01.831664,286617,139.98,139.94,500,507,-2433,26867
379,CAT,2020-08-14,0 days 15:57:44.225199,292928,139.77,139.74,1222,533,573,-4127
380,CAT,2020-08-14,0 days 15:57:46.229395,291001,139.76,139.75,10,300,-1927,573
381,CAT,2020-08-14,0 days 15:57:59.260725,293016,139.75,139.74,433,223,126,-1074
382,CAT,2020-08-14,0 days 15:58:00.264979,288042,139.75,139.74,188,401,-4974,126
383,CAT,2020-08-14,0 days 15:58:05.276002,293016,139.79,139.77,200,112,2074,-1732
384,CAT,2020-08-14,0 days 15:58:06.279106,291290,139.78,139.76,300,888,-1726,2074
385,CAT,2020-08-14,0 days 15:58:19.309926,293089,139.84,139.83,393,73,1122,-1578
386,CAT,2020-08-14,0 days 15:58:20.313130,291611,139.85,139.84,200,200,-1478,1122
387,CAT,2020-08-14,0 days 15:58:45.372697,293016,139.76,139.69,300,9,1295,-1205
388,CAT,2020-08-14,0 days 15:58:46.375165,291811,139.73,139.69,194,9,-1205,1295
389,CAT,2020-08-14,0 days 15:59:07.426847,299228,139.77,139.75,405,448,1937,-563
390,CAT,2020-08-14,0 days 15:59:28.467775,303026,139.93,139.89,762,885,-543,574
391,CAT,2020-08-14,0 days 15:59:29.469934,303569,139.93,139.89,763,520,457,-543
392,CAT,2020-08-14,0 days 15:59:35.485297,304044,139.89,139.87,632,68,-2890,175
393,CAT,2020-08-14,0 days 15:59:36.487608,306934,139.88,139.86,900,53,1510,-2890
394,CAT,2020-08-14,0 days 15:59:54.530759,303744,139.87,139.79,100,2017,-3213,1060
395,CCL,2020-08-14,0 days 15:59:06.696459,946152,15.49,15.48,13405,35074,-111995,5310
396,CCL,2020-08-14,0 days 15:59:07.700712,937217,15.48,15.47,34313,11629,28608,-111995
397,CCL,2020-08-14,0 days 15:59:19.725176,984711,15.48,15.47,11081,39719,-8606,18194
398,CCL,2020-08-14,0 days 15:59:20.727881,979817,15.48,15.47,12068,32867,4894,-8606
399,CCL,2020-08-14,0 days 15:59:38.771390,984894,15.48,15.47,19758,31850,-15259,16776
400,CCL,2020-08-14,0 days 15:59:39.774442,981753,15.48,15.47,12089,35150,3141,-15259
401,CCL,2020-08-14,0 days 15:59:43.783455,984894,15.48,15.47,11761,36304,-1184,216
402,CDE,2020-08-14,0 days 15:57:31.481007,109129,8.24,8.23,11078,34732,-575,2365
403,CDE,2020-08-14,0 days 15:57:32.483862,106704,8.24,8.23,13378,29662,3085,-575
404,CDE,2020-08-14,0 days 15:59:09.720737,110750,8.26,8.25,24193,31377,-4849,1474
405,CDE,2020-08-14,0 days 15:59:17.733526,110222,8.26,8.25,19058,36709,-1080,423
406,CDE,2020-08-14,0 days 15:59:18.736085,109102,8.26,8.25,18658,35122,1120,-1080
407,CFG,2020-08-14,0 days 15:55:05.109279,139901,25.85,25.84,3792,3574,-1922,2779
408,CFG,2020-08-14,0 days 15:55:06.111627,139623,25.85,25.84,4592,1087,278,-1922
409,CFG,2020-08-14,0 days 15:56:04.253583,140493,25.84,25.83,5391,2681,-29,1117
410,CFG,2020-08-14,0 days 15:57:09.409497,141149,25.85,25.84,1790,6803,2744,-656
411,CFG,2020-08-14,0 days 15:57:10.412518,140493,25.86,25.85,3045,3892,-656,2744
412,CFG,2020-08-14,0 days 15:57:42.489771,144068,25.85,25.84,7377,950,325,-375
413,CFG,2020-08-14,0 days 15:57:43.492329,143693,25.85,25.84,5904,1750,-375,325
414,CFG,2020-08-14,0 days 15:57:46.499830,144068,25.85,25.84,6704,2028,225,-375
415,CFG,2020-08-14,0 days 15:57:47.501600,143693,25.85,25.84,6404,1936,-375,225
416,CFG,2020-08-14,0 days 15:57:49.506965,144068,25.85,25.84,5345,3126,325,-375
417,CFG,2020-08-14,0 days 15:57:50.509423,143693,25.85,25.84,2733,4628,-375,325
418,CFG,2020-08-14,0 days 15:57:59.530992,144268,25.86,25.85,4675,2115,125,-275
419,CFG,2020-08-14,0 days 15:58:00.536711,143593,25.86,25.85,1945,4558,-475,125
420,CFG,2020-08-14,0 days 15:58:05.546647,139968,25.87,25.86,7102,1362,1988,-1712
421,CFG,2020-08-14,0 days 15:58:06.549300,138861,25.86,25.85,2400,4791,-1107,1988
422,CFG,2020-08-14,0 days 15:58:18.578500,139968,25.87,25.86,3772,6114,93,-207
423,CFG,2020-08-14,0 days 15:59:09.703767,148862,25.88,25.87,5686,1256,-6157,619
424,CFG,2020-08-14,0 days 15:59:10.706152,147719,25.87,25.86,9161,1177,1143,-6157
425,CFG,2020-08-14,0 days 15:59:45.789296,160309,25.89,25.88,9064,6308,-153,7314
426,CFG,2020-08-14,0 days 15:59:46.792738,159462,25.89,25.88,13954,598,847,-153
427,CGC,2020-08-14,0 days 15:59:18.922656,32798,17.2,17.18,6591,5186,655,-175
428,CGC,2020-08-14,0 days 15:59:19.925656,31753,17.2,17.18,7491,7586,-1045,655
429,CHAP,2020-08-14,0 days 15:57:27.976795,323,0.39,0.38,14162,174962,782,-313
430,CHGG,2020-08-14,0 days 15:56:05.780035,37285,77.32,77.29,998,408,-553,347
431,CHGG,2020-08-14,0 days 15:56:55.900266,37738,77.26,77.23,445,201,21,-53
432,CHGG,2020-08-14,0 days 15:57:32.989461,38759,77.13,77.1,755,428,-879,121
433,CHGG,2020-08-14,0 days 15:57:33.991579,38638,77.13,77.1,1390,828,121,-879
434,CHGG,2020-08-14,0 days 15:57:43.013467,39359,77.12,77.1,1294,803,-179,221
435,CHGG,2020-08-14,0 days 15:57:44.016331,39138,77.12,77.1,1194,803,321,-179
436,CHGG,2020-08-14,0 days 15:58:01.058469,38459,77.13,77.11,2481,162,-79,321
437,CHGG,2020-08-14,0 days 15:58:09.078138,39159,77.1,77.09,405,2390,-409,521
438,CHGG,2020-08-14,0 days 15:58:11.082407,39885,77.1,77.09,1349,2792,905,-409
439,CHGG,2020-08-14,0 days 15:58:26.118967,40790,77.07,77.05,1969,2400,-295,205
440,CHGG,2020-08-14,0 days 15:58:27.121616,40685,77.07,77.05,3081,2300,105,-295
441,CHGG,2020-08-14,0 days 15:58:30.128467,39190,77.07,77.05,3073,3101,-695,105
442,CHGG,2020-08-14,0 days 15:58:32.133019,40585,77.07,77.05,3263,3201,205,-195
443,CHGG,2020-08-14,0 days 15:58:33.135331,40790,77.07,77.05,3057,3229,-895,205
444,CHGG,2020-08-14,0 days 15:58:34.137980,40485,77.07,77.06,634,230,305,-895
445,CHGG,2020-08-14,0 days 15:59:01.203544,41250,77.08,77.07,609,685,-235,433
446,CHGG,2020-08-14,0 days 15:59:02.208349,41188,77.08,77.07,509,719,62,-235
447,CHGG,2020-08-14,0 days 15:59:04.212381,41250,77.08,77.07,622,669,-17379,62
448,CHWY,2020-08-14,0 days 15:57:43.695984,30740,53.84,53.83,858,866,58,-242
449,CHWY,2020-08-14,0 days 15:57:46.702768,29698,53.85,53.83,321,1384,-1042,258
450,CHWY,2020-08-14,0 days 15:59:03.892041,33764,53.82,53.81,1052,15,445,-555
451,CHWY,2020-08-14,0 days 15:59:06.899256,33296,53.82,53.8,1272,1057,-468,445
452,CHWY,2020-08-14,0 days 15:59:12.914196,33927,53.8,53.78,910,1256,-237,63
453,CHWY,2020-08-14,0 days 15:59:35.963674,33707,53.79,53.78,2428,666,-57,43
454,CHWY,2020-08-14,0 days 15:59:41.977756,33764,53.79,53.78,1581,935,6943,-57
455,CHWY,2020-08-14,0 days 15:59:46.991219,34029,53.78,53.75,2126,340,-590,2365
456,CHWY,2020-08-14,0 days 15:59:47.996086,34619,53.78,53.75,2172,340,210,-590
457,CHWY,2020-08-14,0 days 15:59:50.004092,34029,53.77,53.74,2646,3228,-590,210
458,CL,2020-08-14,0 days 15:55:00.116830,379215,76.95,76.94,2675,995,-41322,117782
459,CL,2020-08-14,0 days 15:55:38.209493,421808,77.01,77.0,300,1882,2553,-3829
460,CL,2020-08-14,0 days 15:55:39.211953,418364,77.01,77.0,300,1782,-3444,2553
461,CL,2020-08-14,0 days 15:57:18.449524,421868,77.04,77.03,5280,201,1328,-1828
462,CL,2020-08-14,0 days 15:57:19.451771,418896,77.05,77.04,3193,728,-2972,1328
463,CL,2020-08-14,0 days 15:57:34.488468,421868,77.04,77.03,5129,1642,628,-972
464,CL,2020-08-14,0 days 15:57:35.490761,419196,77.04,77.03,6639,1022,-2672,628
465,CL,2020-08-14,0 days 15:58:59.694908,426339,77.04,77.03,3014,3024,46,-196
466,CL,2020-08-14,0 days 15:59:01.699876,426114,77.04,77.03,3885,3431,-225,46
467,CL,2020-08-14,0 days 15:59:03.705714,426339,77.04,77.03,765,4406,2275,-225
468,CL,2020-08-14,0 days 15:59:04.709417,424914,77.04,77.03,455,4906,-7463,2275
469,CL,2020-08-14,0 days 15:59:05.710979,432377,77.06,77.05,1427,2160,3337,-7463
470,CL,2020-08-14,0 days 15:59:06.713140,430837,77.06,77.05,3704,1353,-1540,3337
471,CL,2020-08-14,0 days 15:59:07.718081,432377,77.11,77.1,2180,429,22080,-1540
472,CL,2020-08-14,0 days 15:59:34.774828,471348,77.12,77.11,4350,282,-2135,3256
473,CL,2020-08-14,0 days 15:59:41.791271,473883,77.09,77.08,1133,2400,5365,-2135
474,CL,2020-08-14,0 days 15:59:44.798824,477848,77.08,77.06,4802,3254,-1215,720
475,CL,2020-08-14,0 days 15:59:46.803641,489384,77.05,77.04,4778,200,647,-11536
476,CL,2020-08-14,0 days 15:59:47.805780,487227,77.04,77.02,4837,2230,-10171,647
477,CLDR,2020-08-14,0 days 15:55:00.116925,55673,11.28,11.27,3746,8664,-3229,15110
478,CLDR,2020-08-14,0 days 15:55:01.121434,55202,11.28,11.27,4046,9175,471,-3229
479,CLDR,2020-08-14,0 days 15:58:05.564630,53134,11.27,11.26,9154,10202,2101,-20
480,CLDR,2020-08-14,0 days 15:59:06.713198,56125,11.27,11.26,9691,11311,-553,975
481,CLDR,2020-08-14,0 days 15:59:09.720626,62805,11.27,11.26,12438,7120,5120,-6680
482,CLDR,2020-08-14,0 days 15:59:15.728068,61492,11.27,11.26,14303,2042,-6139,4087
483,CLDR,2020-08-14,0 days 15:59:16.730696,64931,11.27,11.26,13603,3306,1461,-6139
484,CLDR,2020-08-14,0 days 15:59:22.745268,64482,11.26,11.25,11579,24052,810,-339
485,CLDR,2020-08-14,0 days 15:59:24.750506,61492,11.26,11.25,5270,27634,-2990,210
486,CLDR,2020-08-14,0 days 15:59:42.794493,65749,11.26,11.25,23448,35897,1743,-257
487,CLDR,2020-08-14,0 days 15:59:43.795717,65492,11.26,11.25,22455,36322,-257,1743
488,CLDR,2020-08-14,0 days 15:59:46.803746,67049,11.26,11.25,22378,34164,264,-1557
489,CLDR,2020-08-14,0 days 15:59:47.805807,66713,11.26,11.25,21978,34364,-336,264
490,CLF,2020-08-14,0 days 15:55:00.181813,201168,6.13,6.12,36871,69498,-17054,9272
491,CLF,2020-08-14,0 days 15:55:37.271390,217279,6.14,6.13,86524,39505,1339,-7151
492,CLF,2020-08-14,0 days 15:56:00.327165,218618,6.13,6.12,74164,79918,-1474,826
493,CLF,2020-08-14,0 days 15:58:54.749147,242832,6.13,6.12,58317,124767,281,-6719
494,CLF,2020-08-14,0 days 15:58:56.753408,243113,6.13,6.12,56017,128619,-1919,281
495,CLNY,2020-08-14,0 days 15:59:11.820132,215732,2.69,2.68,39914,44846,-339,4786
496,CLNY,2020-08-14,0 days 15:59:18.835968,208607,2.69,2.68,43664,48093,7125,-339
497,CLNY,2020-08-14,0 days 15:59:21.842872,215732,2.69,2.68,39664,50253,-30,5925
498,CLNY,2020-08-14,0 days 15:59:48.908202,212948,2.69,2.68,56067,44402,2784,-4434
499,CNK,2020-08-14,0 days 15:59:00.757646,245514,12.64,12.63,10056,18567,-490,18796
500,CNK,2020-08-14,0 days 15:59:03.763652,246004,12.64,12.63,9837,6327,5110,-490
501,CNK,2020-08-14,0 days 15:59:44.856064,255907,12.64,12.63,13688,14113,-5672,7418
502,CNK,2020-08-14,0 days 15:59:45.858486,251079,12.64,12.63,16222,9302,4828,-5672
503,CNK,2020-08-14,0 days 15:59:46.860246,255907,12.64,12.63,19386,5956,-3875,4828
504,CNK,2020-08-14,0 days 15:59:48.865271,251582,12.64,12.63,18156,5407,4325,-3875
505,CNP,2020-08-14,0 days 15:59:45.298192,927830,20.57,20.56,24263,9829,2714,-4355
506,CNX,2020-08-14,0 days 15:57:06.486173,289781,11.99,11.98,20649,2464,8189,-211
507,CNX,2020-08-14,0 days 15:59:06.778400,311371,12.01,12.0,10921,17571,-28,4985
508,COF,2020-08-14,0 days 15:55:00.180496,126709,69.35,69.33,475,315,30872,-14448
509,COF,2020-08-14,0 days 15:55:36.268806,157620,69.37,69.36,1123,200,-15010,322
510,COF,2020-08-14,0 days 15:55:37.271256,156430,69.36,69.34,433,310,1190,-15010
511,COF,2020-08-14,0 days 15:56:04.336551,157625,69.33,69.32,303,973,-603,243
512,COF,2020-08-14,0 days 15:56:05.338471,156528,69.33,69.32,803,773,1097,-603
513,COF,2020-08-14,0 days 15:57:16.510426,166725,69.36,69.35,460,916,-180,162
514,COF,2020-08-14,0 days 15:57:17.512747,165305,69.36,69.35,560,916,1420,-180
515,COF,2020-08-14,0 days 15:57:40.568580,166725,69.34,69.33,1728,666,-980,620
516,COF,2020-08-14,0 days 15:57:41.570910,163705,69.34,69.33,1502,761,3020,-980
517,COF,2020-08-14,0 days 15:57:58.612344,166752,69.35,69.34,896,800,-1128,272
518,COF,2020-08-14,0 days 15:57:59.614989,165980,69.35,69.34,1596,700,772,-1128
519,COF,2020-08-14,0 days 15:58:02.623553,160076,69.36,69.35,734,17,-5904,772
520,COF,2020-08-14,0 days 15:58:03.625178,159380,69.36,69.35,734,18,696,-5904
521,COF,2020-08-14,0 days 15:58:08.637412,160076,69.36,69.35,890,606,-46,696
522,COF,2020-08-14,0 days 15:58:09.640368,159622,69.36,69.34,1391,1059,493,-46
523,COF,2020-08-14,0 days 15:58:11.644519,160115,69.35,69.34,435,626,-607,493
524,COF,2020-08-14,0 days 15:58:12.647013,159622,69.35,69.34,608,1668,493,-607
525,COF,2020-08-14,0 days 15:58:14.651704,160115,69.35,69.34,552,1448,-2407,493
526,COF,2020-08-14,0 days 15:58:15.654438,159622,69.36,69.35,882,100,493,-2407
527,COF,2020-08-14,0 days 15:58:17.658909,160115,69.36,69.35,1012,640,-207,493
528,COF,2020-08-14,0 days 15:58:18.661808,159622,69.36,69.35,1212,1540,493,-207
529,COF,2020-08-14,0 days 15:58:21.668887,159722,69.38,69.37,412,79,393,-207
530,COF,2020-08-14,0 days 15:58:26.680625,160115,69.38,69.37,848,440,-907,393
531,COF,2020-08-14,0 days 15:58:27.683325,159722,69.38,69.37,1242,680,393,-907
532,COF,2020-08-14,0 days 15:59:02.767871,160687,69.34,69.33,930,154,-265,2165
533,COF,2020-08-14,0 days 15:59:03.770681,159952,69.34,69.33,1048,153,735,-265
534,COF,2020-08-14,0 days 15:59:05.776747,160648,69.38,69.36,819,863,-804,596
535,COF,2020-08-14,0 days 15:59:09.785879,183252,69.41,69.4,500,326,95,-1153
536,COF,2020-08-14,0 days 15:59:17.803798,184217,69.4,69.39,300,613,-3,257
537,COF,2020-08-14,0 days 15:59:20.811164,190299,69.41,69.39,536,699,1800,-3
538,COG,2020-08-14,0 days 15:55:30.289779,161966,20.04,20.03,2681,6377,-6354,1746
539,COG,2020-08-14,0 days 15:55:31.291946,161220,20.04,20.03,3246,5225,746,-6354
540,COG,2020-08-14,0 days 15:55:49.334826,164223,20.04,20.03,5839,4647,-4028,872
541,COG,2020-08-14,0 days 15:57:23.556981,169695,20.01,20.0,8080,5699,526,-1274
542,COG,2020-08-14,0 days 15:57:34.584006,170221,20.01,20.0,4949,8792,-274,526
543,COG,2020-08-14,0 days 15:57:35.586403,169795,20.01,20.0,5230,7382,426,-274
544,COG,2020-08-14,0 days 15:57:36.588780,170221,20.01,20.0,4039,8082,-1374,426
545,COG,2020-08-14,0 days 15:57:37.590773,168995,20.01,20.0,5114,7517,1226,-1374
546,COG,2020-08-14,0 days 15:58:55.780404,175812,20.04,20.03,991,8923,916,-235
547,COG,2020-08-14,0 days 15:58:59.790232,176728,20.05,20.04,3574,6188,-2044,916
548,COG,2020-08-14,0 days 15:59:01.795396,176172,20.04,20.03,7975,7025,556,-2044
549,COG,2020-08-14,0 days 15:59:04.803069,173128,20.04,20.03,6586,8500,-2717,183
550,COG,2020-08-14,0 days 15:59:07.811364,194632,20.04,20.03,4163,8734,1484,-2904
551,COG,2020-08-14,0 days 15:59:08.812886,198801,20.05,20.04,3802,7548,-931,1484
552,COG,2020-08-14,0 days 15:59:09.815864,194743,20.04,20.03,11382,1220,4058,-931
553,COG,2020-08-14,0 days 15:59:13.825615,198801,20.03,20.02,550,8734,-1478,3362
554,COP,2020-08-14,0 days 15:55:00.176278,272759,40.71,40.7,1200,401,1133,-125979
555,COP,2020-08-14,0 days 15:55:01.177752,271592,40.7,40.69,2939,1307,-1167,1133
556,COP,2020-08-14,0 days 15:55:35.262101,278173,40.73,40.72,2645,1985,1141,-1358
557,COP,2020-08-14,0 days 15:55:36.264158,276814,40.73,40.72,3645,1870,-1359,1141
558,COP,2020-08-14,0 days 15:56:06.336063,278995,40.74,40.73,1744,4224,229,-773
559,COP,2020-08-14,0 days 15:56:07.338599,277724,40.74,40.73,1744,4324,-1271,229
560,COP,2020-08-14,0 days 15:58:01.613784,286330,40.73,40.72,3393,778,96,-6658
561,COP,2020-08-14,0 days 15:58:02.617088,285026,40.73,40.72,1400,2941,-1304,96
562,COP,2020-08-14,0 days 15:59:09.779165,296629,40.76,40.75,1100,5782,2929,-2063
563,COTY,2020-08-14,0 days 15:55:00.831555,328207,4.18,4.17,44364,102796,-68148,104957
564,COTY,2020-08-14,0 days 15:55:01.831421,313955,4.18,4.17,44264,103396,14252,-68148
565,CPE,2020-08-14,0 days 15:58:02.557948,33522,9.23,9.22,10805,9608,-581,19
566,CPE,2020-08-14,0 days 15:58:03.561070,32803,9.23,9.22,10205,8608,719,-581
567,CPE,2020-08-14,0 days 15:59:15.727999,33522,9.25,9.24,10863,3873,-3335,653
568,CPE,2020-08-14,0 days 15:59:16.730589,29157,9.25,9.24,11351,3973,4057,-3335
569,CRM,2020-08-14,0 days 15:59:07.219305,289230,193.37,193.36,200,46,71,-1525
570,CRM,2020-08-14,0 days 15:59:08.222122,289301,193.38,193.36,445,500,-589,71
571,CRM,2020-08-14,0 days 15:59:11.228306,290296,193.36,193.34,48,22,441,-943
572,CRM,2020-08-14,0 days 15:59:21.240270,291555,193.42,193.38,700,544,-140,4557
573,CRM,2020-08-14,0 days 15:59:24.249259,291695,193.42,193.38,1100,205,8707,-61
574,CRM,2020-08-14,0 days 15:59:27.253558,286393,193.4,193.37,400,583,-5302,1298
575,CRM,2020-08-14,0 days 15:59:28.255702,291695,193.4,193.38,100,500,698,-5302
576,CRM,2020-08-14,0 days 15:59:40.285454,291622,193.46,193.43,134,666,-73,518
577,CRM,2020-08-14,0 days 15:59:41.287341,291695,193.46,193.41,737,200,518,-73
578,CRM,2020-08-14,0 days 15:59:50.312012,281007,193.39,193.33,151,833,-11468,4232
579,CS,2020-08-14,0 days 15:59:36.487637,57889,11.38,11.37,27306,204547,-2749,4051
580,CS,2020-08-14,0 days 15:59:37.490013,57638,11.38,11.37,28376,203447,251,-2749
581,CS,2020-08-14,0 days 15:59:45.510593,57889,11.38,11.37,23530,198035,-749,251
582,CS,2020-08-14,0 days 15:59:46.512612,57638,11.38,11.37,32230,195425,251,-749
583,CTL,2020-08-14,0 days 15:51:53.651692,356447,11.03,11.02,4269,70974,42080,-157920
584,CTL,2020-08-14,0 days 15:58:13.566035,533620,11.08,11.07,19563,63611,-580,9387
585,CTL,2020-08-14,0 days 15:58:15.570825,514900,11.08,11.07,20717,70012,18720,-580
586,CTL,2020-08-14,0 days 15:58:18.578482,533620,11.08,11.07,19704,73624,-2580,8420
587,CTL,2020-08-14,0 days 15:58:19.580977,525200,11.08,11.07,21004,72424,8420,-2580
588,CTL,2020-08-14,0 days 15:59:15.716856,572759,11.09,11.08,64928,44943,45527,-508
589,CTL,2020-08-14,0 days 15:59:19.725236,618633,11.09,11.08,66285,51729,-6334,4327
590,CTL,2020-08-14,0 days 15:59:46.792738,673539,11.09,11.08,39764,74235,-5740,33183
591,CTL,2020-08-14,0 days 15:59:47.793276,686349,11.09,11.08,40264,74735,4753,-5740
592,CTVA,2020-08-14,0 days 15:59:01.766662,543453,27.8,27.79,3588,1120,1157,-833
593,CTVA,2020-08-14,0 days 15:59:05.776886,544610,27.8,27.79,2687,2240,-209,691
594,CTVA,2020-08-14,0 days 15:59:16.801701,552015,27.82,27.81,1740,2300,-527,28712
595,CTVA,2020-08-14,0 days 15:59:46.873606,578852,27.84,27.83,4134,3508,-5514,18691
596,CTVA,2020-08-14,0 days 15:59:49.880638,576466,27.84,27.83,3543,1642,668,-32
597,CTVA,2020-08-14,0 days 15:59:54.891536,577134,27.86,27.85,2053,3808,-9932,668
598,CVE,2020-08-14,0 days 15:59:36.487637,26500,5.15,5.14,287029,85334,-6910,9190
599,CVS,2020-08-14,0 days 15:55:00.098479,308173,65.6,65.59,5280,1164,-7250,7439
600,CVS,2020-08-14,0 days 15:55:01.101259,305023,65.59,65.58,2033,4176,3150,-7250
601,CVS,2020-08-14,0 days 15:57:24.445861,307984,65.61,65.6,5477,437,2418,-82
602,CVS,2020-08-14,0 days 15:59:03.688016,316183,65.62,65.61,1140,9357,2805,-2296
603,CVS,2020-08-14,0 days 15:59:04.690772,318988,65.62,65.61,599,9553,-1843,2805
604,CVS,2020-08-14,0 days 15:59:05.693716,390931,65.64,65.63,525,4018,5924,-1843
605,CVS,2020-08-14,0 days 15:59:19.725051,397396,65.66,65.65,2228,8885,-7685,1995
606,CVS,2020-08-14,0 days 15:59:20.727730,393226,65.66,65.65,2781,7285,5184,-7685
607,CVS,2020-08-14,0 days 15:59:45.789032,411636,65.64,65.63,417,5267,-4398,45
608,CVS,2020-08-14,0 days 15:59:48.796699,412587,65.66,65.65,1244,2376,65,-3710
609,CVS,2020-08-14,0 days 15:59:49.798547,412652,65.66,65.65,675,3005,-835,65
610,CVS,2020-08-14,0 days 15:59:50.802708,406732,65.67,65.66,2604,3152,5920,-835
611,CVS,2020-08-14,0 days 15:59:57.819920,406732,65.67,65.66,500,1106,5920,-76164
612,CVX,2020-08-14,0 days 15:59:16.438963,524851,90.27,90.26,1068,1707,-2848,8852
613,CVX,2020-08-14,0 days 15:59:21.452199,504322,90.31,90.3,2530,828,22923,-3433
614,CVX,2020-08-14,0 days 15:59:25.461238,554993,90.36,90.35,2098,165,-2816,20652
615,CVX,2020-08-14,0 days 15:59:27.465297,557809,90.35,90.33,1070,1865,1603,-2816
616,CVX,2020-08-14,0 days 15:59:28.467793,559412,90.35,90.33,717,2665,-5710,1603
617,CVX,2020-08-14,0 days 15:59:37.490038,569683,90.33,90.32,200,1900,4758,-6642
618,CVX,2020-08-14,0 days 15:59:38.492799,574441,90.33,90.32,1216,1174,-2842,4758
619,CVX,2020-08-14,0 days 15:59:50.522612,556290,90.31,90.3,1085,567,23990,-13210
620,CX,2020-08-14,0 days 15:59:58.849670,436768,3.42,3.41,399155,37600,3770,-25663
621,CXW,2020-08-14,0 days 15:55:00.117382,7227989,10.06,10.05,1300,3131,147534,-448733
622,CXW,2020-08-14,0 days 15:56:24.320278,7367589,10.03,10.02,4494,2625,12297,-4503
623,CXW,2020-08-14,0 days 15:56:39.355923,7363116,10.04,10.03,3818,3954,16270,-5230
624,CXW,2020-08-14,0 days 15:57:15.443275,7401301,10.04,10.03,3800,1452,-37415,6885
625,CXW,2020-08-14,0 days 15:57:50.527709,7420416,10.03,10.02,3371,1844,3678,-91822
626,CXW,2020-08-14,0 days 15:58:01.555824,7399930,10.04,10.03,914,3301,-87386,3978
627,CXW,2020-08-14,0 days 15:59:07.718286,8105769,10.05,10.04,4446,6580,-1479410,470845
628,D,2020-08-14,0 days 15:55:08.200727,168082,78.9,78.89,1806,130,-10325,44475
629,D,2020-08-14,0 days 15:55:09.202920,163807,78.88,78.87,1325,761,4275,-10325
630,D,2020-08-14,0 days 15:55:36.268835,168512,78.88,78.87,500,211,-12862,4203
631,D,2020-08-14,0 days 15:55:37.271284,165874,78.88,78.87,600,401,2638,-12862
632,D,2020-08-14,0 days 15:56:11.353703,169387,78.86,78.85,331,990,-5762,460
633,D,2020-08-14,0 days 15:56:12.355917,167549,78.85,78.84,433,508,1838,-5762
634,D,2020-08-14,0 days 15:57:32.549692,170343,78.86,78.85,491,1351,-964,1836
635,D,2020-08-14,0 days 15:57:33.551960,168807,78.86,78.85,1191,1051,1536,-964
636,D,2020-08-14,0 days 15:57:36.558699,170343,78.85,78.84,536,910,-564,1536
637,D,2020-08-14,0 days 15:57:37.561127,168807,78.85,78.84,1036,500,1536,-564
638,D,2020-08-14,0 days 15:57:50.593327,171643,78.85,78.84,544,1316,-9464,1536
639,D,2020-08-14,0 days 15:58:06.632754,178491,78.78,78.77,429,600,-3996,1684
640,D,2020-08-14,0 days 15:58:16.656844,182087,78.77,78.75,1545,656,304,-496
641,D,2020-08-14,0 days 15:58:17.659155,181391,78.77,78.75,1445,860,-696,304
642,D,2020-08-14,0 days 15:59:06.778377,228524,78.85,78.83,1203,825,-41217,48920
643,D,2020-08-14,0 days 15:59:07.782922,225364,78.85,78.84,303,1100,4697,-41217
644,D,2020-08-14,0 days 15:59:45.869963,239279,78.84,78.83,2340,843,-351,3197
645,D,2020-08-14,0 days 15:59:48.877858,237207,78.82,78.81,2300,337,3116,-6737
646,D,2020-08-14,0 days 15:59:58.897422,238474,78.86,78.85,9313,1000,-25770,530
647,DAL,2020-08-14,0 days 15:55:00.099180,853710,28.91,28.9,8371,7980,29157,-48729
648,DAL,2020-08-14,0 days 15:55:22.152739,882167,28.94,28.93,6796,15727,-21443,28957
649,DAL,2020-08-14,0 days 15:55:23.154255,879810,28.94,28.93,7864,13912,2357,-21443
650,DAL,2020-08-14,0 days 15:56:09.265326,882739,28.94,28.93,7576,14863,-2671,2729
651,DAL,2020-08-14,0 days 15:56:10.268120,880110,28.94,28.93,9046,14206,2629,-2671
652,DAL,2020-08-14,0 days 15:57:41.487178,882905,28.95,28.94,3389,15567,-2805,3542
653,DAL,2020-08-14,0 days 15:57:42.489733,881163,28.95,28.94,5171,13867,1742,-2805
654,DAL,2020-08-14,0 days 15:57:44.494880,882906,28.96,28.95,8100,14350,-2704,1742
655,DAL,2020-08-14,0 days 15:57:46.499830,881163,28.96,28.95,7815,12779,1743,-604
656,DAL,2020-08-14,0 days 15:57:52.514031,882906,28.96,28.95,3210,17793,-1857,1743
657,DAL,2020-08-14,0 days 15:58:06.549264,874057,28.97,28.96,5421,12159,2164,-1136
658,DAL,2020-08-14,0 days 15:58:07.551559,862421,28.97,28.96,4841,14458,-11636,2164
659,DAL,2020-08-14,0 days 15:58:10.559253,874057,28.97,28.96,4746,12858,64,-1136
660,DAL,2020-08-14,0 days 15:58:11.561317,872921,28.97,28.96,1989,15758,-1836,64
661,DAL,2020-08-14,0 days 15:58:13.566035,874757,28.97,28.96,2210,14262,6764,-1836
662,DAL,2020-08-14,0 days 15:58:14.568950,873621,28.97,28.96,2210,15148,-1136,6764
663,DAL,2020-08-14,0 days 15:58:17.577116,874757,28.98,28.97,11328,10415,2764,-1136
664,DAL,2020-08-14,0 days 15:58:18.578482,873621,28.98,28.97,9428,11615,-1136,2764
665,DAL,2020-08-14,0 days 15:58:59.678321,884316,28.98,28.97,11435,11476,54,-46
666,DAL,2020-08-14,0 days 15:59:06.696459,900062,28.98,28.97,6965,15887,-17649,3241
667,DAL,2020-08-14,0 days 15:59:07.700712,917711,28.98,28.97,13470,12234,1151,-17649
668,DAL,2020-08-14,0 days 15:59:33.759286,920912,28.97,28.96,14454,8334,-1386,1614
669,DAL,2020-08-14,0 days 15:59:35.765153,922298,28.97,28.96,16327,5280,8445,-811
670,DAL,2020-08-14,0 days 15:59:39.774463,916343,28.97,28.96,10350,15065,-6655,23545
671,DAL,2020-08-14,0 days 15:59:40.777392,922298,28.97,28.96,4705,15035,9045,-6655
672,DB,2020-08-14,0 days 15:58:05.546647,25071,9.52,9.51,181052,26083,-9116,3183
673,DD,2020-08-14,0 days 15:59:44.799037,352020,58.16,58.15,453,1052,1783,-1758
674,DDD,2020-08-14,0 days 15:57:13.437208,93839,5.97,5.96,17146,6941,548,-462
675,DDD,2020-08-14,0 days 15:58:06.566019,96197,5.97,5.96,12031,14598,-2765,658
676,DDD,2020-08-14,0 days 15:58:07.568372,98962,5.97,5.96,13506,12698,16,-2765
677,DDD,2020-08-14,0 days 15:59:00.697148,98978,5.97,5.96,16680,16321,-3784,16
678,DDD,2020-08-14,0 days 15:59:18.734832,104582,5.97,5.96,23484,8039,1321,-504
679,DDD,2020-08-14,0 days 15:59:19.737324,100803,5.97,5.96,21350,8495,-3779,1321
680,DDD,2020-08-14,0 days 15:59:21.742440,106096,5.97,5.96,20750,9295,807,-1893
681,DDD,2020-08-14,0 days 15:59:22.744031,105603,5.97,5.96,22551,9095,-493,807
682,DELL,2020-08-14,0 days 15:57:39.511240,100173,59.84,59.82,441,200,368,-132
683,DELL,2020-08-14,0 days 15:57:40.514005,97041,59.84,59.82,441,200,-3132,368
684,DELL,2020-08-14,0 days 15:57:50.538904,100173,59.84,59.83,843,457,68,-32
685,DELL,2020-08-14,0 days 15:57:51.540419,97341,59.84,59.83,248,207,-2832,68
686,DELL,2020-08-14,0 days 15:58:47.676786,106362,59.84,59.82,201,515,1507,-4093
687,DELL,2020-08-14,0 days 15:58:48.679084,103569,59.85,59.82,1980,669,-2793,1507
688,DELL,2020-08-14,0 days 15:59:13.741282,106119,59.84,59.81,946,900,-2648,901
689,DHI,2020-08-14,0 days 15:55:00.216377,125673,71.28,71.26,952,616,7752,-23806
690,DHI,2020-08-14,0 days 15:55:26.277535,133425,71.28,71.26,317,1838,-1048,852
691,DHI,2020-08-14,0 days 15:55:27.281456,132773,71.28,71.27,815,193,652,-1048
692,DHI,2020-08-14,0 days 15:56:12.390311,134666,71.27,71.26,1910,2867,-359,422
693,DHI,2020-08-14,0 days 15:56:13.390658,134225,71.27,71.26,1910,2867,441,-359
694,DHI,2020-08-14,0 days 15:56:33.438539,134666,71.26,71.25,1051,580,-459,412
695,DHI,2020-08-14,0 days 15:56:34.441068,134325,71.26,71.25,440,1107,341,-459
696,DHI,2020-08-14,0 days 15:56:49.477203,134666,71.27,71.25,2424,2180,-459,412
697,DHI,2020-08-14,0 days 15:56:50.480593,134325,71.26,71.25,358,500,341,-459
698,DHI,2020-08-14,0 days 15:57:05.517838,136385,71.27,71.26,2396,4201,-140,260
699,DHI,2020-08-14,0 days 15:57:06.519886,135925,71.27,71.26,889,5145,760,-140
700,DHI,2020-08-14,0 days 15:57:18.548886,136685,71.29,71.27,1802,1097,-93,507
701,DHI,2020-08-14,0 days 15:57:19.545861,136178,71.29,71.27,1812,1405,507,-93
702,DHI,2020-08-14,0 days 15:57:32.578426,136685,71.27,71.26,556,3021,-164,436
703,DHI,2020-08-14,0 days 15:57:34.583837,136449,71.27,71.26,1014,742,236,-964
704,DHI,2020-08-14,0 days 15:57:46.612650,136685,71.26,71.25,2215,1834,-864,207
705,DHI,2020-08-14,0 days 15:57:47.614331,135649,71.26,71.25,2735,2594,1036,-864
706,DHI,2020-08-14,0 days 15:59:03.800130,146609,71.29,71.28,1542,256,-383,1500
707,DHI,2020-08-14,0 days 15:59:07.810919,148203,71.29,71.28,950,3687,14650,-169
708,DHI,2020-08-14,0 days 15:59:28.857405,168264,71.37,71.36,204,3426,596,-1204
709,DHI,2020-08-14,0 days 15:59:34.874073,168860,71.37,71.36,1070,1769,-1179,596
710,DHI,2020-08-14,0 days 15:59:40.888893,168839,71.37,71.36,1212,3318,21,-679
711,DHI,2020-08-14,0 days 15:59:41.891246,168860,71.38,71.37,796,3488,-10179,21
712,DHT,2020-08-14,0 days 15:58:06.549164,91960,6.16,6.15,13830,30958,6253,-10274
713,DHT,2020-08-14,0 days 15:59:10.706007,87823,6.19,6.18,20151,14363,3861,-2539
714,DHT,2020-08-14,0 days 15:59:19.725076,113160,6.19,6.18,14868,28993,-18163,24501
715,DHT,2020-08-14,0 days 15:59:20.727753,111223,6.19,6.18,1023,42228,2396,-18163
716,DHT,2020-08-14,0 days 15:59:21.730940,113919,6.19,6.18,3527,40228,-2747,2396
717,DHT,2020-08-14,0 days 15:59:22.732473,108066,6.19,6.18,3123,39328,5853,-2747
718,DHT,2020-08-14,0 days 15:59:39.774386,122062,6.19,6.18,8723,41466,-5804,9496
719,DHT,2020-08-14,0 days 15:59:40.777275,120566,6.19,6.18,8703,41683,1196,-5804
720,DIS,2020-08-14,0 days 15:59:15.716856,816526,130.34,130.32,1100,731,200,-97906
721,DIS,2020-08-14,0 days 15:59:17.720163,818475,130.35,130.33,1201,814,-259,1200
722,DIS,2020-08-14,0 days 15:59:19.725202,818734,130.35,130.33,1401,835,5854,-259
723,DIS,2020-08-14,0 days 15:59:23.734870,817754,130.39,130.37,300,1188,-2502,5498
724,DIS,2020-08-14,0 days 15:59:24.737988,820456,130.4,130.39,269,2173,90492,-2502
725,DOW,2020-08-14,0 days 15:55:00.180467,206631,44.93,44.91,805,1006,652,-53812
726,DOW,2020-08-14,0 days 15:55:01.182836,205783,44.93,44.91,1305,1006,-748,652
727,DOW,2020-08-14,0 days 15:55:35.266991,219180,44.92,44.91,400,829,4803,-2397
728,DOW,2020-08-14,0 days 15:55:36.268785,218053,44.92,44.91,800,866,-727,4803
729,DOW,2020-08-14,0 days 15:57:19.518092,220474,44.87,44.86,797,577,1022,-1878
730,DOW,2020-08-14,0 days 15:57:20.520249,219596,44.87,44.86,897,577,-878,1022
731,DOW,2020-08-14,0 days 15:58:35.702292,226564,44.84,44.83,3531,500,-1710,290
732,DOW,2020-08-14,0 days 15:59:34.843192,271280,44.91,44.89,610,400,-496,2353
733,DOW,2020-08-14,0 days 15:59:50.884188,267182,44.85,44.84,256,1928,-546,254
734,DOW,2020-08-14,0 days 15:59:57.896636,268428,44.87,44.86,7,7945,1208,-646
735,DRI,2020-08-14,0 days 15:57:19.638150,87689,84.0,83.98,1162,1022,170,-830
736,DRI,2020-08-14,0 days 15:57:34.675585,81459,84.0,83.98,704,850,-6230,170
737,DRI,2020-08-14,0 days 15:58:01.741113,88191,84.0,83.98,200,1300,2589,-16011
738,DRI,2020-08-14,0 days 15:58:02.743113,84180,84.02,84.0,95,785,-4011,2589
739,DRI,2020-08-14,0 days 15:58:14.771510,88191,84.05,84.03,300,174,17989,-3611
740,DRI,2020-08-14,0 days 15:58:15.774643,62880,84.08,84.04,500,1977,-25311,17989
741,DRI,2020-08-14,0 days 15:59:18.922547,90495,84.06,84.05,1339,1026,2774,-569
742,DRI,2020-08-14,0 days 15:59:19.925517,90169,84.06,84.05,541,1726,-326,2774
743,DRI,2020-08-14,0 days 15:59:23.934172,90795,84.06,84.03,400,1264,1366,-626
744,DRI,2020-08-14,0 days 15:59:35.963404,91053,84.06,84.05,591,652,35,-65
745,DRI,2020-08-14,0 days 15:59:42.980994,91488,84.05,84.02,1000,200,-530,35
746,DRI,2020-08-14,0 days 15:59:51.001445,92597,84.08,84.04,2631,56,-615,385
747,DT,2020-08-14,0 days 15:59:45.858416,108523,37.33,37.32,1426,1968,18312,-2914
748,DT,2020-08-14,0 days 15:59:46.860146,107935,37.33,37.32,1407,1148,-6188,18312
749,DUK,2020-08-14,0 days 15:59:01.759122,248855,82.09,82.08,407,1148,-7124,11576
750,DUK,2020-08-14,0 days 15:59:18.793738,263130,82.15,82.13,24,1250,-552,71
751,DUK,2020-08-14,0 days 15:59:23.805105,265882,82.16,82.14,809,393,606,-751
752,DUK,2020-08-14,0 days 15:59:28.816682,265917,82.18,82.16,400,904,790,-660
753,DUK,2020-08-14,0 days 15:59:29.818113,265407,82.18,82.17,483,599,-710,790
754,DUK,2020-08-14,0 days 15:59:35.833535,266648,82.14,82.13,528,200,1732,-710
755,DUK,2020-08-14,0 days 15:59:36.835656,266280,82.15,82.14,100,1206,-368,1732
756,DUK,2020-08-14,0 days 15:59:42.850604,272249,82.13,82.12,250,700,612,-769
757,DVN,2020-08-14,0 days 15:59:24.820701,306479,12.12,12.11,20722,12118,-3834,266
758,DVN,2020-08-14,0 days 15:59:25.823099,299660,12.12,12.11,24599,8818,3119,-3834
759,DVN,2020-08-14,0 days 15:59:45.870233,320946,12.1,12.09,5863,40312,-5797,1070
760,DXC,2020-08-14,0 days 15:59:07.718418,291284,20.42,20.41,6829,6058,552,-15764
761,DXC,2020-08-14,0 days 15:59:12.728422,293142,20.42,20.41,4075,6936,-476,1558
762,EAF,2020-08-14,0 days 15:55:00.181316,21400,7.26,7.25,3976,3512,1639,-2283
763,EAF,2020-08-14,0 days 15:56:04.336655,23039,7.26,7.25,4630,4673,-562,563
764,EAF,2020-08-14,0 days 15:57:12.501013,23814,7.26,7.25,4882,5006,735,-775
765,EAF,2020-08-14,0 days 15:57:42.573924,24549,7.26,7.25,3942,3446,-865,235
766,EAT,2020-08-14,0 days 15:57:46.528242,71549,36.89,36.88,1177,400,-92,208
767,EAT,2020-08-14,0 days 15:57:48.532957,69141,36.89,36.87,1235,400,2408,-392
768,EAT,2020-08-14,0 days 15:58:02.567944,68339,36.93,36.9,626,777,-1102,2108
769,EAT,2020-08-14,0 days 15:58:03.570428,67241,36.93,36.91,626,329,1198,-1102
770,EAT,2020-08-14,0 days 15:58:53.691055,68439,36.97,36.96,147,580,-153,532
771,EAT,2020-08-14,0 days 15:58:54.693243,66592,36.97,36.96,100,1900,1847,-153
772,EAT,2020-08-14,0 days 15:59:04.718654,67755,36.96,36.95,110,300,-237,763
773,EAT,2020-08-14,0 days 15:59:05.722961,67992,36.96,36.94,464,641,98,-237
774,EAT,2020-08-14,0 days 15:59:16.748047,68555,36.98,36.96,932,629,-327,8
775,EAT,2020-08-14,0 days 15:59:21.760345,67612,36.98,36.96,631,1341,856,-314
776,EIX,2020-08-14,0 days 15:56:24.328972,193356,52.78,52.76,1960,1221,-1421,779
777,EIX,2020-08-14,0 days 15:56:25.332022,192577,52.78,52.76,1960,1221,779,-1421
778,EIX,2020-08-14,0 days 15:57:32.494584,193413,52.76,52.75,1280,201,-394,506
779,EIX,2020-08-14,0 days 15:57:34.499090,193007,52.76,52.75,1176,300,406,-1394
780,EIX,2020-08-14,0 days 15:57:41.516163,194413,52.75,52.74,326,340,-282,118
781,EIX,2020-08-14,0 days 15:57:44.523631,196495,52.74,52.73,1278,210,2018,-282
782,EIX,2020-08-14,0 days 15:57:45.525941,196413,52.74,52.73,1378,510,-982,2018
783,EIX,2020-08-14,0 days 15:57:50.538808,198295,52.74,52.73,1344,310,818,-282
784,EIX,2020-08-14,0 days 15:57:52.542817,198013,52.74,52.73,1386,410,-282,1318
785,EIX,2020-08-14,0 days 15:58:05.575687,198253,52.74,52.73,1590,305,368,-732
786,EIX,2020-08-14,0 days 15:58:06.577850,197521,52.73,52.72,341,770,-732,368
787,EIX,2020-08-14,0 days 15:59:04.718506,207787,52.7,52.69,931,2195,1369,-2456
788,ELAN,2020-08-14,0 days 15:55:36.214139,132542,25.72,25.71,5452,2334,2031,-1039
789,ELAN,2020-08-14,0 days 15:55:37.216790,130573,25.72,25.71,5247,4413,-1969,2031
790,ELAN,2020-08-14,0 days 15:57:41.516187,151087,25.75,25.74,5851,3789,197,-603
791,ELAN,2020-08-14,0 days 15:57:42.518602,147484,25.75,25.74,5994,3989,-3603,197
792,ELAN,2020-08-14,0 days 15:58:34.645466,151203,25.78,25.77,12500,1690,379,-2821
793,ELAN,2020-08-14,0 days 15:58:35.647710,147882,25.78,25.77,11919,2066,-3321,379
794,ELAN,2020-08-14,0 days 15:59:06.723811,147750,25.79,25.78,4807,5158,4879,-2662
795,ELAN,2020-08-14,0 days 15:59:07.728444,147089,25.79,25.78,4907,4844,-661,4879
796,ELAN,2020-08-14,0 days 15:59:12.738736,149013,25.8,25.79,10118,3788,4463,-721
797,ELAN,2020-08-14,0 days 15:59:13.741099,141576,25.8,25.79,10618,3321,-7437,4463
798,ELAN,2020-08-14,0 days 15:59:14.742791,149013,25.8,25.79,10533,4458,4776,-7437
799,ELAN,2020-08-14,0 days 15:59:15.745716,142989,25.8,25.79,10333,4468,-6024,4776
800,ELAN,2020-08-14,0 days 15:59:16.747945,149013,25.79,25.78,1565,2597,1205,-6024
801,ELAN,2020-08-14,0 days 15:59:17.750323,148018,25.79,25.78,10136,3076,-564,1205
802,ELAN,2020-08-14,0 days 15:59:19.755446,149013,25.79,25.78,10636,1495,7233,-564
803,ELAN,2020-08-14,0 days 15:59:20.757334,143546,25.79,25.78,10335,1795,-7336,7233
804,ELAN,2020-08-14,0 days 15:59:21.760252,149013,25.78,25.77,2438,1380,1926,-7336
805,ELAN,2020-08-14,0 days 15:59:22.762406,147939,25.78,25.77,7023,1758,-643,1926
806,ELAN,2020-08-14,0 days 15:59:28.777142,148582,25.78,25.77,7819,1595,1912,-143
807,ELAN,2020-08-14,0 days 15:59:29.779170,148294,25.78,25.77,7511,1495,-288,1912
808,ELAN,2020-08-14,0 days 15:59:35.794315,155382,25.78,25.77,11339,1500,426,-188
809,EMR,2020-08-14,0 days 15:55:38.209472,185787,69.65,69.64,700,383,10513,-24087
810,EMR,2020-08-14,0 days 15:55:39.211558,183300,69.65,69.64,900,483,-2487,10513
811,EMR,2020-08-14,0 days 15:59:15.727939,202629,69.7,69.69,418,1839,31895,-332
812,ENB,2020-08-14,0 days 15:59:01.759086,70682,32.84,32.83,1600,10077,-1291,610
813,ENB,2020-08-14,0 days 15:59:02.761194,65473,32.84,32.83,977,9800,5209,-1291
814,ENB,2020-08-14,0 days 15:59:17.790498,75487,32.87,32.86,8602,3176,-1019,1661
815,ENB,2020-08-14,0 days 15:59:20.797673,76506,32.87,32.86,4400,7435,433,-1019
816,ENB,2020-08-14,0 days 15:59:27.813084,76939,32.87,32.86,2763,11705,-12187,133
817,ENB,2020-08-14,0 days 15:59:28.816671,76326,32.87,32.86,2763,11505,613,-12187
818,ENB,2020-08-14,0 days 15:59:45.858416,76939,32.87,32.86,12596,7164,-3887,113
819,ENB,2020-08-14,0 days 15:59:50.871979,69240,32.86,32.85,14097,8872,8064,-2422
820,ENIA,2020-08-14,0 days 15:57:11.619817,18144,7.06,7.05,13240,9864,-1846,790
821,ENIA,2020-08-14,0 days 15:57:12.621909,13190,7.06,7.05,13340,9964,4954,-1846
822,ENIA,2020-08-14,0 days 15:59:18.922761,19041,7.06,7.05,11140,18715,-759,1022
823,EOG,2020-08-14,0 days 15:59:31.823469,349829,47.96,47.95,100,908,2702,-2298
824,EOG,2020-08-14,0 days 15:59:42.850547,352116,47.96,47.95,1050,1310,415,-8023
825,EOG,2020-08-14,0 days 15:59:45.858343,361825,47.94,47.92,1641,243,-670,4647
826,EOG,2020-08-14,0 days 15:59:46.860112,361131,47.94,47.92,1524,643,394,-670
827,EPD,2020-08-14,0 days 15:59:27.944192,146897,18.9,18.89,20038,3000,3439,-1950
828,EPD,2020-08-14,0 days 15:59:28.946277,139736,18.9,18.89,20038,3000,-7144,3439
829,EQH,2020-08-14,0 days 15:55:00.098505,128902,21.8,21.79,1409,3423,750,-59169
830,EQH,2020-08-14,0 days 15:55:01.101291,128652,21.8,21.79,2013,2942,-250,750
831,EQH,2020-08-14,0 days 15:55:30.171311,128902,21.8,21.79,2074,4354,5850,-250
832,EQH,2020-08-14,0 days 15:55:31.174632,134752,21.8,21.79,2174,4213,-4250,5850
833,EQH,2020-08-14,0 days 15:55:32.176352,134202,21.8,21.79,2275,4213,1350,-4250
834,EQH,2020-08-14,0 days 15:57:39.482641,157979,21.8,21.79,1655,4536,-340,1160
835,EQH,2020-08-14,0 days 15:57:40.485111,156519,21.81,21.8,2562,200,1460,-340
836,EQH,2020-08-14,0 days 15:57:41.487091,157979,21.81,21.8,2497,300,-1440,1460
837,EQH,2020-08-14,0 days 15:57:42.489643,156119,21.81,21.8,2362,2439,1860,-1440
838,EQH,2020-08-14,0 days 15:58:14.568848,156873,21.81,21.8,3862,12071,-427,1573
839,EQH,2020-08-14,0 days 15:58:55.668606,156873,21.81,21.8,826,13168,-227,1773
840,EQH,2020-08-14,0 days 15:59:21.730871,163376,21.8,21.79,630,6844,2881,-1936
841,EQH,2020-08-14,0 days 15:59:42.782022,167757,21.81,21.8,9335,3027,-108,527
842,EQT,2020-08-14,0 days 15:56:08.263585,247474,16.95,16.94,4450,3025,-4923,929
843,EQT,2020-08-14,0 days 15:56:19.289333,247937,16.93,16.92,2705,3891,140,-2460
844,EQT,2020-08-14,0 days 15:56:21.294105,248077,16.93,16.92,2146,4091,-16,140
845,EQT,2020-08-14,0 days 15:57:33.468355,206193,16.93,16.92,6012,5886,41884,-16
846,EQT,2020-08-14,0 days 15:57:44.494842,268175,16.95,16.94,2400,3895,-27078,2164
847,EQT,2020-08-14,0 days 15:57:45.497095,266253,16.94,16.93,200,3965,1922,-27078
848,EQT,2020-08-14,0 days 15:58:02.540412,259081,16.95,16.94,2863,3225,-10277,681
849,EQT,2020-08-14,0 days 15:59:11.707645,273851,16.94,16.93,4117,9195,-2965,1711
850,EQT,2020-08-14,0 days 15:59:19.725202,295701,16.94,16.93,1184,6176,-3078,8976
851,EQT,2020-08-14,0 days 15:59:21.731047,292879,16.94,16.93,284,8184,2888,-1278
852,EQT,2020-08-14,0 days 15:59:23.734870,292167,16.96,16.95,626,6801,-1256,2604
853,EQT,2020-08-14,0 days 15:59:24.737988,289623,16.96,16.95,426,12406,2544,-1256
854,EQT,2020-08-14,0 days 15:59:45.789231,312543,16.95,16.94,5350,1938,-1593,347
855,EROS,2020-08-14,0 days 15:56:55.404245,15066,2.66,2.65,10795,25905,-1383,517
856,EROS,2020-08-14,0 days 15:57:30.489466,16449,2.66,2.65,13692,24319,15,-413
857,EROS,2020-08-14,0 days 15:58:00.563527,16125,2.66,2.65,10477,25884,-324,424
858,ETM,2020-08-14,0 days 15:58:05.546631,23706,1.68,1.67,12459,14227,-359,2810
859,ETM,2020-08-14,0 days 15:58:06.549264,22865,1.68,1.67,11859,15393,841,-359
860,ETM,2020-08-14,0 days 15:59:11.707666,28537,1.68,1.67,11455,9963,5647,-9817
861,ETRN,2020-08-14,0 days 15:57:44.606349,93280,11.36,11.35,8806,12107,-8,892
862,ETRN,2020-08-14,0 days 15:57:46.612571,92888,11.36,11.35,9101,12413,392,-908
863,ETRN,2020-08-14,0 days 15:57:48.615823,93280,11.36,11.35,9201,12423,-908,392
864,ETRN,2020-08-14,0 days 15:57:49.618374,91288,11.36,11.35,8221,12823,1992,-908
865,ETRN,2020-08-14,0 days 15:59:33.870548,97568,11.39,11.38,12382,7928,-3408,1392
866,ETRN,2020-08-14,0 days 15:59:38.883845,88276,11.39,11.38,13159,7266,9292,-1808
867,ETRN,2020-08-14,0 days 15:59:42.893767,96100,11.4,11.39,18053,13080,-43718,692
868,EVRG,2020-08-14,0 days 15:59:20.740502,150121,53.56,53.55,440,554,-945,444
869,EVRG,2020-08-14,0 days 15:59:26.754870,149184,53.62,53.61,200,180,937,-4279
870,EVRG,2020-08-14,0 days 15:59:27.756915,150121,53.64,53.62,700,10,-15,937
871,EVRG,2020-08-14,0 days 15:59:33.772064,146836,53.63,53.62,754,199,3285,-2215
872,EVRG,2020-08-14,0 days 15:59:40.790202,150121,53.61,53.59,560,552,-945,855
873,EVRG,2020-08-14,0 days 15:59:43.795779,151066,53.61,53.59,1667,459,1555,-945
874,EVRG,2020-08-14,0 days 15:59:44.799037,152821,53.61,53.59,1611,709,-645,1555
875,EVRI,2020-08-14,0 days 15:55:00.099726,29275,7.41,7.4,2345,5439,-541,6095
876,EVRI,2020-08-14,0 days 15:55:01.101426,28916,7.41,7.4,2211,6619,359,-541
877,EVRI,2020-08-14,0 days 15:59:05.693924,31351,7.42,7.41,8436,10858,-1008,892
878,EW,2020-08-14,0 days 15:55:00.127316,157493,78.01,77.96,16,555,19728,-574
879,EW,2020-08-14,0 days 15:55:35.212598,177700,77.94,77.93,287,100,-49966,3534
880,EW,2020-08-14,0 days 15:55:36.214257,177266,77.94,77.91,317,711,572,-49966
881,EW,2020-08-14,0 days 15:58:02.567976,182239,77.97,77.95,619,2201,-698,1302
882,EW,2020-08-14,0 days 15:58:03.570428,181237,77.97,77.95,606,2201,1002,-698
883,EW,2020-08-14,0 days 15:59:15.745875,213879,78.05,78.02,1001,659,-6004,3031
884,EW,2020-08-14,0 days 15:59:16.748047,205620,78.05,78.02,1295,859,8259,-6004
885,EW,2020-08-14,0 days 15:59:28.777212,223369,78.07,78.05,2483,1255,-1193,29
886,EW,2020-08-14,0 days 15:59:30.782253,221762,78.07,78.05,2303,1455,1607,-2793
887,EW,2020-08-14,0 days 15:59:41.808425,230925,78.07,78.05,704,1420,-1120,688
888,EW,2020-08-14,0 days 15:59:50.831558,219197,78.06,78.02,428,1215,11866,-1097
889,EXK,2020-08-14,0 days 15:59:37.798850,20270,3.9,3.89,9720,164633,-374,426
890,EXK,2020-08-14,0 days 15:59:38.801183,20044,3.9,3.89,12262,164418,226,-374
891,F,2020-08-14,0 days 15:55:00.216965,891639,7.04,7.03,470852,592774,30519,-69326
892,F,2020-08-14,0 days 15:57:26.564443,937976,7.04,7.03,240820,760905,-20883,235717
893,F,2020-08-14,0 days 15:57:27.566388,702259,7.04,7.03,246231,762605,235717,-20883
894,FCX,2020-08-14,0 days 15:59:14.728357,536923,13.77,13.76,11137,86683,-25107,87092
895,FCX,2020-08-14,0 days 15:59:15.728039,497530,13.77,13.76,12142,86378,30706,-25107
896,FCX,2020-08-14,0 days 15:59:16.730663,538050,13.78,13.77,27903,94153,-678,30706
897,FCX,2020-08-14,0 days 15:59:18.735927,525928,13.78,13.77,33245,100543,2308,-11292
898,FCX,2020-08-14,0 days 15:59:19.738120,528236,13.78,13.77,26987,100311,-17526,2308
899,FCX,2020-08-14,0 days 15:59:20.740342,515862,13.78,13.77,31912,97901,28574,-17526
900,FCX,2020-08-14,0 days 15:59:22.745242,533210,13.78,13.77,27090,101871,-12932,16368
901,FCX,2020-08-14,0 days 15:59:45.801199,551810,13.77,13.76,2600,89882,-4176,10871
902,FDX,2020-08-14,0 days 15:55:44.233404,82185,208.79,208.74,116,310,298,-2302
903,FDX,2020-08-14,0 days 15:55:45.235957,80883,208.79,208.74,116,410,-1302,298
904,FDX,2020-08-14,0 days 15:58:40.659732,89977,208.95,208.94,417,714,677,-1923
905,FDX,2020-08-14,0 days 15:58:41.663045,88254,208.93,208.88,972,314,-1723,677
906,FDX,2020-08-14,0 days 15:59:04.718482,93787,208.93,208.88,397,14,4755,-1734
907,FDX,2020-08-14,0 days 15:59:19.755446,95475,208.97,208.95,234,416,-499,2474
908,FDX,2020-08-14,0 days 15:59:20.757334,95974,208.97,208.91,1133,1300,901,-499
909,FDX,2020-08-14,0 days 15:59:28.777124,98175,208.97,208.93,1335,400,-2133,260
910,FDX,2020-08-14,0 days 15:59:29.779151,100308,208.97,208.95,935,200,467,-2133
911,FE,2020-08-14,0 days 15:59:15.799550,372964,29.32,29.31,4119,5046,14171,-19028
912,FE,2020-08-14,0 days 15:59:16.801590,363435,29.33,29.32,4600,3760,-13248,14171
913,FE,2020-08-14,0 days 15:59:32.838284,381385,29.34,29.33,2310,8664,1551,-3649
914,FE,2020-08-14,0 days 15:59:33.840301,391811,29.34,29.33,3210,9854,-1874,1551
915,FE,2020-08-14,0 days 15:59:46.873436,413009,29.33,29.32,1001,5019,-11590,33109
916,FHN,2020-08-14,0 days 15:56:13.293441,214274,10.08,10.07,27938,4199,2134,-4066
917,FHN,2020-08-14,0 days 15:56:14.296393,210308,10.08,10.07,27521,4499,-3966,2134
918,FHN,2020-08-14,0 days 15:56:19.307857,214274,10.08,10.07,25809,4599,2034,-3966
919,FHN,2020-08-14,0 days 15:56:20.310483,210308,10.08,10.07,25909,5099,-3966,2034
920,FHN,2020-08-14,0 days 15:56:24.320228,214274,10.08,10.07,27019,1987,1934,-3966
921,FHN,2020-08-14,0 days 15:56:25.322355,210308,10.08,10.07,27019,2087,-3966,1934
922,FHN,2020-08-14,0 days 15:57:09.428145,214274,10.08,10.07,12091,32523,334,-1966
923,FHN,2020-08-14,0 days 15:59:14.728357,242741,10.1,10.09,16397,31943,20018,-3201
924,FHN,2020-08-14,0 days 15:59:15.728039,195340,10.1,10.09,15097,34645,-47101,20018
925,FHN,2020-08-14,0 days 15:59:16.730696,242741,10.1,10.09,16433,35188,15699,-47101
926,FHN,2020-08-14,0 days 15:59:17.733349,240188,10.1,10.09,15758,37575,-2253,15699
927,FIS,2020-08-14,0 days 15:59:19.795961,279687,143.78,143.76,200,305,7568,-4703
928,FIS,2020-08-14,0 days 15:59:20.797565,276275,143.8,143.77,482,1131,-3412,7568
929,FIS,2020-08-14,0 days 15:59:24.807585,280588,144.02,143.98,121,400,39708,-3613
930,FIT,2020-08-14,0 days 15:57:08.525506,23576,6.34,6.33,40572,61100,1097,-788
931,FIT,2020-08-14,0 days 15:58:54.778055,23955,6.34,6.33,43078,83257,-1013,379
932,FIT,2020-08-14,0 days 15:59:18.836124,29002,6.34,6.33,57381,47315,2276,-553
933,FL,2020-08-14,0 days 15:57:44.571993,258125,28.8,28.79,3875,1979,2948,-952
934,FL,2020-08-14,0 days 15:59:17.790530,261951,28.79,28.78,1654,1284,-2909,3162
935,FL,2020-08-14,0 days 15:59:18.793738,259060,28.79,28.78,2017,1479,2891,-2909
936,FL,2020-08-14,0 days 15:59:24.807749,261951,28.77,28.76,3600,600,-26985,1284
937,FL,2020-08-14,0 days 15:59:32.825917,267486,28.72,28.71,803,1900,68,-132
938,FL,2020-08-14,0 days 15:59:34.832027,267554,28.71,28.7,2723,479,-10069,68
939,FSLY,2020-08-14,0 days 15:55:36.214139,301957,76.58,76.54,475,600,-9094,1355
940,FSLY,2020-08-14,0 days 15:55:37.216790,301151,76.59,76.54,400,1124,806,-9094
941,FSLY,2020-08-14,0 days 15:55:59.269251,301966,76.55,76.52,340,3,-485,1215
942,FSLY,2020-08-14,0 days 15:56:00.272078,301051,76.54,76.5,815,34,915,-485
943,FSLY,2020-08-14,0 days 15:56:32.349276,301966,76.56,76.51,275,596,-1285,315
944,FSLY,2020-08-14,0 days 15:56:33.351336,301051,76.56,76.51,475,596,915,-1285
945,FSLY,2020-08-14,0 days 15:57:32.494604,302202,76.64,76.62,195,621,-79,621
946,FSLY,2020-08-14,0 days 15:57:33.496895,301381,76.65,76.63,1078,100,821,-79
947,FSLY,2020-08-14,0 days 15:57:35.501467,302202,76.65,76.63,1178,121,-179,721
948,FSLY,2020-08-14,0 days 15:57:36.503983,301581,76.65,76.63,1163,222,621,-179
949,FSLY,2020-08-14,0 days 15:58:05.575687,301465,76.59,76.54,375,701,-3716,184
950,FSLY,2020-08-14,0 days 15:58:06.577850,301081,76.59,76.54,475,801,384,-3716
951,FSLY,2020-08-14,0 days 15:58:13.594495,301465,76.57,76.54,474,246,-916,284
952,FSLY,2020-08-14,0 days 15:58:14.596879,301281,76.57,76.54,474,246,184,-916
953,FSLY,2020-08-14,0 days 15:58:18.606946,301465,76.63,76.59,500,375,-116,84
954,FSLY,2020-08-14,0 days 15:58:20.611489,300781,76.64,76.61,1000,103,2684,-1216
955,FSLY,2020-08-14,0 days 15:58:21.614086,301465,76.65,76.63,668,630,-16,2684
956,FSLY,2020-08-14,0 days 15:58:22.616569,301381,76.65,76.62,768,705,84,-16
957,FSLY,2020-08-14,0 days 15:58:35.647710,301381,76.65,76.63,666,601,84,-1516
958,FSLY,2020-08-14,0 days 15:59:01.711044,301465,76.59,76.56,928,28,-2116,284
959,FSLY,2020-08-14,0 days 15:59:50.831303,311762,76.6,76.58,639,1369,911,-3717
960,FTCH,2020-08-14,0 days 15:57:36.678579,130640,28.58,28.57,800,1637,476,-124
961,FTCH,2020-08-14,0 days 15:57:37.681069,129716,28.58,28.57,800,1537,-924,476
962,FTCH,2020-08-14,0 days 15:57:39.686031,130640,28.58,28.57,1300,1922,876,-924
963,FTCH,2020-08-14,0 days 15:58:01.741245,130533,28.57,28.56,400,1405,-321,1176
964,FTCH,2020-08-14,0 days 15:58:13.769639,130410,28.55,28.54,2715,2101,1323,-277
965,FTCH,2020-08-14,0 days 15:58:15.774756,130133,28.55,28.54,1358,4053,-277,3423
966,FTCH,2020-08-14,0 days 15:58:18.782548,130810,28.55,28.54,1653,4153,323,-677
967,FTCH,2020-08-14,0 days 15:58:22.791539,130533,28.56,28.55,900,3034,-277,723
968,FTCH,2020-08-14,0 days 15:58:56.873641,130810,28.51,28.5,1700,5545,623,-77
969,FTCH,2020-08-14,0 days 15:58:58.878318,130633,28.54,28.52,250,1852,-177,623
970,FTCH,2020-08-14,0 days 15:59:01.895120,131214,28.53,28.52,1600,500,19,-177
971,FTCH,2020-08-14,0 days 15:59:24.938205,134132,28.53,28.52,300,810,1276,-1324
972,FTCH,2020-08-14,0 days 15:59:35.963575,139069,28.54,28.53,700,999,839,-461
973,FTCH,2020-08-14,0 days 15:59:38.970811,137808,28.55,28.54,1665,10933,-1261,39
974,FTCH,2020-08-14,0 days 15:59:39.973341,139069,28.55,28.54,1193,10333,39,-1261
975,FTCH,2020-08-14,0 days 15:59:41.977677,150708,28.57,28.56,1139,200,-541,39
976,FTCH,2020-08-14,0 days 15:59:45.988113,151249,28.56,28.55,1846,931,559,-541
977,FTI,2020-08-14,0 days 15:59:14.714705,135649,8.65,8.64,21278,44580,15117,-15760
978,FTI,2020-08-14,0 days 15:59:35.765000,143936,8.65,8.64,8258,59768,-8941,877
979,FTI,2020-08-14,0 days 15:59:36.766617,153477,8.65,8.64,17594,55843,5759,-8941
980,GDDY,2020-08-14,0 days 15:55:52.749739,42122,80.71,80.68,990,176,-45067,4933
981,GDDY,2020-08-14,0 days 15:56:09.788998,82089,80.72,80.71,200,104,4367,-1856
982,GDDY,2020-08-14,0 days 15:57:28.979328,77133,80.72,80.71,300,200,-2944,5974
983,GDDY,2020-08-14,0 days 15:57:29.981305,74477,80.72,80.71,460,300,2656,-2944
984,GDDY,2020-08-14,0 days 15:57:31.986634,77133,80.72,80.7,665,204,-4081,4737
985,GDDY,2020-08-14,0 days 15:57:32.989409,75714,80.7,80.67,365,400,1419,-4081
986,GDDY,2020-08-14,0 days 15:59:19.234774,80412,80.72,80.71,243,719,-1942,222
987,GE,2020-08-14,0 days 15:55:00.831829,2116984,6.66,6.65,387165,82212,235429,-1325999
988,GE,2020-08-14,0 days 15:55:01.831547,2067713,6.66,6.65,383859,94077,-47615,235429
989,GE,2020-08-14,0 days 15:58:01.266333,2184946,6.65,6.64,431432,425698,-34756,27168
990,GE,2020-08-14,0 days 15:59:15.437021,2236904,6.65,6.64,376427,802900,417553,-69242
991,GFI,2020-08-14,0 days 15:57:02.410996,187537,12.21,12.2,10916,18579,-1175,3835
992,GFI,2020-08-14,0 days 15:57:03.413684,185721,12.21,12.2,12949,17479,1816,-1175
993,GFI,2020-08-14,0 days 15:58:45.661873,190021,12.24,12.23,19578,50484,5313,-1601
994,GFI,2020-08-14,0 days 15:59:46.803882,195761,12.24,12.23,37105,37253,3340,-7677
995,GFL,2020-08-14,0 days 15:56:05.283896,7379,21.39,21.37,200,1284,-26,74
996,GFL,2020-08-14,0 days 15:56:06.286252,7105,21.39,21.37,200,1284,274,-26
997,GFL,2020-08-14,0 days 15:59:01.711297,7679,21.38,21.36,1045,1093,-178,274
998,GFL,2020-08-14,0 days 15:59:02.713742,7657,21.37,21.36,420,2100,22,-178
999,GFL,2020-08-14,0 days 15:59:09.732463,7679,21.41,21.4,373,300,-178,22
1000,GFL,2020-08-14,0 days 15:59:17.750478,7857,21.41,21.39,200,784,22,-178
1001,GFL,2020-08-14,0 days 15:59:18.753197,7779,21.41,21.39,520,884,-78,22
1002,GLW,2020-08-14,0 days 15:55:00.180657,201263,32.31,32.3,4002,2513,-2007,29808
1003,GLW,2020-08-14,0 days 15:55:29.252156,198391,32.33,32.32,4930,2376,2872,-107
1004,GLW,2020-08-14,0 days 15:57:23.527621,206883,32.33,32.32,7692,2891,-1357,1043
1005,GLW,2020-08-14,0 days 15:57:24.529672,205740,32.33,32.32,7597,2291,1143,-1357
1006,GLW,2020-08-14,0 days 15:58:18.661927,209518,32.34,32.33,6752,8057,691,-909
1007,GLW,2020-08-14,0 days 15:59:01.766553,210616,32.34,32.33,10226,1536,-5701,299
1008,GLW,2020-08-14,0 days 15:59:02.767973,210217,32.33,32.32,6173,5369,1073,-5701
1009,GLW,2020-08-14,0 days 15:59:09.785976,211295,32.34,32.33,2547,7804,-1133,521
1010,GLW,2020-08-14,0 days 15:59:17.803906,222806,32.34,32.33,7352,5935,780,-436
1011,GLW,2020-08-14,0 days 15:59:28.828988,235283,32.35,32.34,1700,10186,-764,1077
1012,GLW,2020-08-14,0 days 15:59:29.831777,233947,32.35,32.34,5700,7886,1336,-764
1013,GLW,2020-08-14,0 days 15:59:45.870028,235283,32.35,32.34,10780,5289,-5435,663
1014,GLW,2020-08-14,0 days 15:59:46.873474,234818,32.34,32.33,13709,904,465,-5435
1015,GM,2020-08-14,0 days 15:59:04.709417,505640,27.84,27.83,8215,29782,5047,-11185
1016,GM,2020-08-14,0 days 15:59:06.713140,506594,27.87,27.86,10709,13973,-6052,78854
1017,GM,2020-08-14,0 days 15:59:07.718063,512646,27.87,27.86,8300,17260,312,-6052
1018,GM,2020-08-14,0 days 15:59:13.730319,512423,27.88,27.87,8090,19883,-5266,2598
1019,GM,2020-08-14,0 days 15:59:14.728319,517689,27.88,27.87,9587,17338,489,-5266
1020,GM,2020-08-14,0 days 15:59:19.738082,515206,27.88,27.87,11954,17035,-4083,4083
1021,GM,2020-08-14,0 days 15:59:29.761882,524567,27.89,27.88,5142,27308,-3721,12179
1022,GM,2020-08-14,0 days 15:59:34.774828,535170,27.89,27.88,19200,17266,9854,-4603
1023,GM,2020-08-14,0 days 15:59:35.778493,529024,27.89,27.88,16608,24318,-6146,9854
1024,GM,2020-08-14,0 days 15:59:36.779002,534470,27.88,27.87,18852,7945,4554,-6146
1025,GM,2020-08-14,0 days 15:59:42.794399,530203,27.88,27.87,18019,9150,-4267,22554
1026,GM,2020-08-14,0 days 15:59:43.795633,534470,27.88,27.87,17110,13236,1233,-4267
1027,GM,2020-08-14,0 days 15:59:48.808744,534572,27.87,27.86,23792,2826,-3234,4190
1028,GM,2020-08-14,0 days 15:59:49.811315,537806,27.87,27.86,25431,1696,2066,-3234
1029,GM,2020-08-14,0 days 15:59:50.815248,533272,27.87,27.86,17200,17493,-4534,2066
1030,GME,2020-08-14,0 days 15:59:01.683826,74892,4.75,4.74,64254,7451,1209,-2801
1031,GME,2020-08-14,0 days 15:59:18.722676,68566,4.75,4.74,36672,7788,-6226,2074
1032,GME,2020-08-14,0 days 15:59:20.727671,80437,4.75,4.74,38007,7088,2029,-7871
1033,GME,2020-08-14,0 days 15:59:21.730846,77766,4.75,4.74,40856,7053,-2671,2029
1034,GME,2020-08-14,0 days 15:59:39.774298,80437,4.75,4.74,52945,17082,1275,-1171
1035,GME,2020-08-14,0 days 15:59:40.777220,78712,4.75,4.74,50796,21018,-1625,1275
1036,GME,2020-08-14,0 days 15:59:42.781965,80437,4.75,4.74,52216,16207,8575,-1625
1037,GME,2020-08-14,0 days 15:59:43.783342,80212,4.75,4.74,49022,17418,-125,8575
1038,GNW,2020-08-14,0 days 15:59:10.706090,161246,2.58,2.57,68975,85559,-12998,5277
1039,GNW,2020-08-14,0 days 15:59:11.707645,158444,2.58,2.57,79631,81825,2802,-12998
1040,GNW,2020-08-14,0 days 15:59:16.718069,159537,2.58,2.57,77856,78547,-8607,3650
1041,GNW,2020-08-14,0 days 15:59:17.720163,156744,2.58,2.57,82687,73505,2793,-8607
1042,GNW,2020-08-14,0 days 15:59:33.759286,159537,2.58,2.57,83824,90049,-3042,2793
1043,GNW,2020-08-14,0 days 15:59:34.761915,152517,2.58,2.57,85324,87654,10420,-3042
1044,GNW,2020-08-14,0 days 15:59:35.765153,162937,2.58,2.57,87274,89154,-1780,10420
1045,GNW,2020-08-14,0 days 15:59:39.774442,147974,2.58,2.57,95521,85356,14963,-13137
1046,GNW,2020-08-14,0 days 15:59:45.789231,162937,2.58,2.57,93455,89532,-1051,1263
1047,GNW,2020-08-14,0 days 15:59:48.796922,161788,2.58,2.57,98977,72624,1149,-1051
1048,GOLD,2020-08-14,0 days 15:59:14.714853,391748,27.01,27.0,17738,36461,5900,-8497
1049,GOLD,2020-08-14,0 days 15:59:16.718069,397648,27.01,27.0,16846,40307,-3605,6298
1050,GOLD,2020-08-14,0 days 15:59:34.761942,390787,27.0,26.99,53908,5250,-10863,5648
1051,GOLD,2020-08-14,0 days 15:59:44.785829,401650,26.98,26.97,34141,19022,6487,-748
1052,GOLD,2020-08-14,0 days 15:59:46.792657,350536,27.0,26.99,19352,33399,-51114,14987
1053,GPK,2020-08-14,0 days 15:57:31.986682,128153,14.82,14.81,7029,14601,1195,-1576
1054,GPK,2020-08-14,0 days 15:57:32.989461,124148,14.82,14.81,6329,15801,-4005,1195
1055,GPK,2020-08-14,0 days 15:59:38.279523,141074,14.82,14.81,24594,5538,1702,-3612
1056,GPK,2020-08-14,0 days 15:59:50.312503,134235,14.81,14.8,8502,20243,-329,8771
1057,GPS,2020-08-14,0 days 15:55:00.216936,446752,15.09,15.08,6302,18222,12642,-51231
1058,GPS,2020-08-14,0 days 15:55:32.294089,461854,15.09,15.08,11354,24302,-4748,15052
1059,GPS,2020-08-14,0 days 15:55:33.297014,450802,15.09,15.08,11354,24302,11052,-4748
1060,GPS,2020-08-14,0 days 15:57:02.511062,467314,15.09,15.08,3670,35024,-484,3116
1061,GPS,2020-08-14,0 days 15:57:14.540464,457499,15.09,15.08,10351,22460,9815,-2385
1062,GPS,2020-08-14,0 days 15:57:40.598173,467914,15.09,15.08,9467,25858,-1085,5715
1063,GPS,2020-08-14,0 days 15:57:41.600861,462399,15.09,15.08,9567,25058,5515,-1085
1064,GPS,2020-08-14,0 days 15:57:42.603382,467914,15.09,15.08,9167,26258,-1285,5515
1065,GPS,2020-08-14,0 days 15:57:43.605580,460899,15.09,15.08,9867,24958,7015,-1285
1066,GPS,2020-08-14,0 days 15:57:46.612990,467914,15.09,15.08,9988,24974,-3785,115
1067,GPS,2020-08-14,0 days 15:57:47.615286,461899,15.09,15.08,10588,26374,6015,-3785
1068,GPS,2020-08-14,0 days 15:58:01.650197,445822,15.09,15.08,12351,27290,-17777,4345
1069,GPS,2020-08-14,0 days 15:58:02.652875,441499,15.09,15.08,16548,22610,4323,-17777
1070,GPS,2020-08-14,0 days 15:58:15.683659,445901,15.09,15.08,10738,37534,-1998,4002
1071,GPS,2020-08-14,0 days 15:58:16.685685,441599,15.09,15.08,11138,37734,4302,-1998
1072,GPS,2020-08-14,0 days 15:59:40.889127,518100,15.08,15.07,20476,23463,3097,-3553
1073,GPS,2020-08-14,0 days 15:59:44.898775,510969,15.08,15.07,28897,20154,-9231,1097
1074,GPS,2020-08-14,0 days 15:59:45.901763,510400,15.08,15.07,27497,16699,569,-9231
1075,GS,2020-08-14,0 days 15:59:00.698039,160189,208.06,208.01,951,100,-854,583
1076,GS,2020-08-14,0 days 15:59:02.702916,157850,208.04,208.01,453,364,2095,-1461
1077,GS,2020-08-14,0 days 15:59:09.720475,160945,208.1,208.08,800,200,-1096,105
1078,GS,2020-08-14,0 days 15:59:10.722974,156441,208.08,208.04,297,100,4504,-1096
1079,GS,2020-08-14,0 days 15:59:16.730494,160945,208.15,208.12,621,1239,-2078,322
1080,GS,2020-08-14,0 days 15:59:17.733188,159991,208.15,208.12,667,439,954,-2078
1081,GS,2020-08-14,0 days 15:59:20.740215,160945,208.16,208.13,118,500,-17502,57
1082,GS,2020-08-14,0 days 15:59:21.743344,160901,208.16,208.14,287,100,44,-17502
1083,GS,2020-08-14,0 days 15:59:23.746835,160945,208.16,208.14,518,300,-110,44
1084,GSK,2020-08-14,0 days 15:59:40.777441,107657,40.56,40.55,15457,7558,3,-677
1085,GSK,2020-08-14,0 days 15:59:45.789347,107004,40.56,40.55,14557,3294,-653,10847
1086,GSK,2020-08-14,0 days 15:59:46.792821,107657,40.56,40.55,14950,3274,7983,-653
1087,GSK,2020-08-14,0 days 15:59:47.793295,107640,40.56,40.55,14473,3294,-17,7983
1088,GSX,2020-08-14,0 days 15:55:00.175156,1025319,89.45,89.31,807,300,13161,-474228
1089,GSX,2020-08-14,0 days 15:57:30.539631,1038957,89.17,89.11,400,400,-10868,1658
1090,GSX,2020-08-14,0 days 15:57:44.571626,1010089,89.18,89.16,249,399,28868,-68114
1091,GSX,2020-08-14,0 days 15:57:47.578718,1038957,89.2,89.16,361,699,-68914,28868
1092,GSX,2020-08-14,0 days 15:58:07.628240,1038957,89.27,89.22,4,607,-98814,28868
1093,GSX,2020-08-14,0 days 15:58:16.649438,1010089,89.25,89.24,400,100,28868,-98814
1094,GSX,2020-08-14,0 days 15:58:18.655286,1038957,89.29,89.24,13942,372,-98914,28868
1095,GSX,2020-08-14,0 days 15:59:06.771733,1010645,89.3,89.21,86,500,28478,-112664
1096,GSX,2020-08-14,0 days 15:59:08.776969,1039123,89.36,89.27,450,400,-111389,28478
1097,GSX,2020-08-14,0 days 15:59:21.800100,1038048,89.38,89.26,301,600,-135336,26480
1098,GSX,2020-08-14,0 days 15:59:41.847311,1011568,89.4,89.38,30,299,27032,-134786
1099,GSX,2020-08-14,0 days 15:59:42.850319,1038603,89.43,89.35,611,400,-144581,27032
1100,GSX,2020-08-14,0 days 15:59:51.873272,1011568,89.42,89.41,1112,328,28120,-143596
1101,GSX,2020-08-14,0 days 15:59:54.881073,1039688,89.42,89.41,965,26,-143396,28120
1102,HAL,2020-08-14,0 days 15:59:00.205793,533197,16.66,16.65,26230,79742,3227,-33656
1103,HAL,2020-08-14,0 days 15:59:15.225525,526167,16.66,16.65,26393,104140,23813,-28263
1104,HAL,2020-08-14,0 days 15:59:16.227966,514080,16.66,16.65,22624,106940,-12087,23813
1105,HAL,2020-08-14,0 days 15:59:36.275421,528883,16.66,16.65,38884,98090,3146,-3390
1106,HAL,2020-08-14,0 days 15:59:39.282492,523229,16.66,16.65,40489,92746,-5654,16546
1107,HAL,2020-08-14,0 days 15:59:46.300395,540089,16.66,16.65,45881,62974,4083,-4029
1108,HBI,2020-08-14,0 days 15:59:03.705949,246396,15.77,15.76,15451,16251,1844,-1556
1109,HBI,2020-08-14,0 days 15:59:04.709591,251240,15.77,15.76,14458,19851,-10369,1844
1110,HBI,2020-08-14,0 days 15:59:14.728604,265589,15.77,15.76,9776,22390,16809,-4534
1111,HBI,2020-08-14,0 days 15:59:40.790202,265960,15.78,15.77,15489,11496,1245,-855
1112,HBI,2020-08-14,0 days 15:59:41.791441,265205,15.78,15.77,14989,12196,-755,1245
1113,HBI,2020-08-14,0 days 15:59:42.794640,265960,15.78,15.77,15919,10571,15945,-755
1114,HBI,2020-08-14,0 days 15:59:43.795779,265205,15.78,15.77,18082,7980,-755,15945
1115,HBI,2020-08-14,0 days 15:59:44.799037,261960,15.77,15.76,19686,12061,3845,-755
1116,HBI,2020-08-14,0 days 15:59:46.803903,261677,15.77,15.76,5357,19077,-2312,5717
1117,HD,2020-08-14,0 days 15:55:00.098574,188984,279.88,279.85,158,12,730,-75206
1118,HD,2020-08-14,0 days 15:55:01.101319,186714,279.88,279.85,255,12,-2270,730
1119,HD,2020-08-14,0 days 15:56:17.284064,193069,280.07,280.02,601,1359,1274,-421
1120,HD,2020-08-14,0 days 15:56:18.286948,190693,280.08,280.05,502,372,-2376,1274
1121,HD,2020-08-14,0 days 15:57:47.501546,194485,280.08,280.04,300,325,261,-1039
1122,HD,2020-08-14,0 days 15:57:48.504470,193046,280.07,280.01,100,237,-1439,261
1123,HD,2020-08-14,0 days 15:57:57.526247,194485,280.02,279.99,529,313,47,-1653
1124,HD,2020-08-14,0 days 15:57:58.528637,192951,280.02,279.99,624,313,-1534,47
1125,HD,2020-08-14,0 days 15:58:05.546526,193422,280.06,280.03,225,405,183,-2314
1126,HD,2020-08-14,0 days 15:58:06.549164,192118,280.06,280.03,345,519,-1304,183
1127,HD,2020-08-14,0 days 15:59:06.696370,196135,280.03,279.99,625,100,844,-121
1128,HD,2020-08-14,0 days 15:59:07.700591,194979,280.07,280.02,225,16,-1156,844
1129,HD,2020-08-14,0 days 15:59:14.714744,197584,280.1,280.07,400,741,41010,-2113
1130,HD,2020-08-14,0 days 15:59:17.720053,223051,280.21,280.19,100,859,-2333,2109
1131,HD,2020-08-14,0 days 15:59:20.727753,217168,280.24,280.21,200,5,3904,-2817
1132,HD,2020-08-14,0 days 15:59:21.730899,220943,280.28,280.25,24,717,-2527,3904
1133,HD,2020-08-14,0 days 15:59:22.732473,219470,280.28,280.25,24,722,1473,-2527
1134,HD,2020-08-14,0 days 15:59:25.739428,234795,280.38,280.37,125,764,-2990,12158
1135,HD,2020-08-14,0 days 15:59:26.741600,232885,280.39,280.33,360,754,1530,-2990
1136,HD,2020-08-14,0 days 15:59:33.759200,234674,280.4,280.36,600,1713,9197,-146
1137,HEXO,2020-08-14,0 days 15:59:58.832415,16402,0.79,0.78,31804,13795,-154043,95266
1138,HFC,2020-08-14,0 days 15:55:00.116985,83871,25.86,25.85,210,437,-10799,16543
1139,HFC,2020-08-14,0 days 15:55:44.224043,96670,25.91,25.9,707,1550,3646,-5154
1140,HFC,2020-08-14,0 days 15:55:45.226525,96116,25.91,25.9,208,1974,-554,3646
1141,HFC,2020-08-14,0 days 15:56:04.272196,96670,25.92,25.91,1938,964,593,-357
1142,HFC,2020-08-14,0 days 15:56:05.274069,96263,25.92,25.91,2038,864,-407,593
1143,HFC,2020-08-14,0 days 15:56:52.386802,111661,25.91,25.9,873,388,1497,-503
1144,HFC,2020-08-14,0 days 15:59:09.720626,145536,25.98,25.97,1562,1191,-2676,6361
1145,HFC,2020-08-14,0 days 15:59:10.723238,143412,25.97,25.96,800,486,2124,-2676
1146,HFC,2020-08-14,0 days 15:59:49.811406,145763,25.99,25.98,2676,596,373,-427
1147,HIG,2020-08-14,0 days 15:59:14.742991,146289,42.82,42.81,2223,1144,-346,166
1148,HL,2020-08-14,0 days 15:55:00.831638,146105,6.03,6.02,59673,7003,-35,26412
1149,HL,2020-08-14,0 days 15:55:01.831480,143540,6.02,6.01,54856,71317,2565,-35
1150,HL,2020-08-14,0 days 15:59:01.411579,158164,6.03,6.02,35408,124245,-17043,23525
1151,HL,2020-08-14,0 days 15:59:02.414336,157007,6.03,6.02,36906,115513,1157,-17043
1152,HL,2020-08-14,0 days 15:59:46.512420,187902,6.04,6.03,78343,103749,-12726,44718
1153,HL,2020-08-14,0 days 15:59:47.514142,186128,6.04,6.03,84379,91675,1774,-12726
1154,HMY,2020-08-14,0 days 15:59:16.747826,144318,5.95,5.94,34813,78110,-5301,21793
1155,HOG,2020-08-14,0 days 15:55:00.127258,138127,27.98,27.97,1785,81,9560,-32394
1156,HOG,2020-08-14,0 days 15:55:24.185599,144735,27.97,27.96,392,3626,-4892,6708
1157,HOG,2020-08-14,0 days 15:55:25.187804,144127,27.97,27.96,771,2579,608,-4892
1158,HOG,2020-08-14,0 days 15:55:34.209561,144735,27.97,27.96,1996,1042,-1308,608
1159,HOG,2020-08-14,0 days 15:55:35.212575,144243,27.97,27.96,2206,842,492,-1308
1160,HOG,2020-08-14,0 days 15:55:44.233463,144735,27.97,27.96,1141,2851,-1208,492
1161,HOG,2020-08-14,0 days 15:55:45.235990,144243,27.97,27.96,1341,2951,492,-1208
1162,HOG,2020-08-14,0 days 15:56:04.281717,145170,27.96,27.95,2353,3434,-43,927
1163,HOG,2020-08-14,0 days 15:56:05.283873,144713,27.96,27.95,2684,3224,457,-43
1164,HOG,2020-08-14,0 days 15:57:14.451509,145406,27.97,27.96,856,3749,-872,428
1165,HOG,2020-08-14,0 days 15:57:15.453575,144978,27.97,27.96,1156,3134,428,-872
1166,HOG,2020-08-14,0 days 15:57:33.496968,145406,27.97,27.96,1335,3672,-272,428
1167,HOG,2020-08-14,0 days 15:57:34.499260,145078,27.97,27.96,1635,3162,328,-272
1168,HOG,2020-08-14,0 days 15:57:39.511187,145406,27.97,27.96,1635,3762,-1372,28
1169,HOG,2020-08-14,0 days 15:57:40.513964,144878,27.95,27.94,1127,2227,528,-1372
1170,HOG,2020-08-14,0 days 15:57:43.521040,145406,27.95,27.94,688,3027,-72,628
1171,HOG,2020-08-14,0 days 15:58:01.565742,145478,27.95,27.94,2901,952,1055,-345
1172,HOG,2020-08-14,0 days 15:58:02.567944,145233,27.95,27.94,2001,1639,-245,1055
1173,HOG,2020-08-14,0 days 15:58:49.681514,145755,27.96,27.95,415,1716,-423,1277
1174,HOG,2020-08-14,0 days 15:59:11.736542,157047,27.98,27.97,2091,1226,5260,-328
1175,HOG,2020-08-14,0 days 15:59:14.742882,159861,27.99,27.98,2041,672,-4342,595
1176,HOG,2020-08-14,0 days 15:59:22.762505,160319,27.99,27.98,1467,2974,-668,355
1177,HOG,2020-08-14,0 days 15:59:50.831517,164245,27.97,27.96,639,842,-2485,1915
1178,HOME,2020-08-14,0 days 15:55:00.176362,24528,16.86,16.85,953,1048,329,-2822
1179,HOME,2020-08-14,0 days 15:55:29.248193,24857,16.87,16.86,203,7954,-871,29
1180,HOME,2020-08-14,0 days 15:57:27.531843,25628,16.88,16.87,4202,5523,448,-12
1181,HON,2020-08-14,0 days 15:59:31.823387,279670,160.35,160.34,1068,548,1102,-498
1182,HON,2020-08-14,0 days 15:59:32.825797,279572,160.35,160.34,1538,617,-98,1102
1183,HON,2020-08-14,0 days 15:59:34.831908,279670,160.34,160.33,686,235,195,-98
1184,HON,2020-08-14,0 days 15:59:42.850428,288903,160.32,160.31,1628,290,-284,316
1185,HON,2020-08-14,0 days 15:59:44.855881,289187,160.3,160.29,1605,300,2107,-284
1186,HON,2020-08-14,0 days 15:59:46.859982,288874,160.26,160.23,1222,200,-313,7
1187,HON,2020-08-14,0 days 15:59:47.862175,286487,160.23,160.22,1960,200,2187,-313
1188,HON,2020-08-14,0 days 15:59:50.871506,285257,160.2,160.18,400,1000,-1168,170
1189,HON,2020-08-14,0 days 15:59:57.888632,289187,160.31,160.24,2147,1054,2884,-1199
1190,HPE,2020-08-14,0 days 15:55:00.216497,471991,9.66,9.65,34880,45562,-2437,41714
1191,HPE,2020-08-14,0 days 15:55:01.218111,459828,9.66,9.65,40182,47462,12163,-2437
1192,HPE,2020-08-14,0 days 15:59:40.888995,604487,9.66,9.65,40904,108624,-6980,2620
1193,HPE,2020-08-14,0 days 15:59:45.901576,598367,9.66,9.65,56883,69441,6120,-15580
1194,HPQ,2020-08-14,0 days 15:55:35.185543,847923,18.14,18.13,55369,5656,-184,4015
1195,HPQ,2020-08-14,0 days 15:56:03.250731,832061,18.14,18.13,31033,11201,14462,-2038
1196,HPQ,2020-08-14,0 days 15:59:21.730973,924333,18.16,18.15,13057,31228,7071,-5456
1197,HPQ,2020-08-14,0 days 15:59:35.765086,970942,18.16,18.15,25929,26425,-14676,41124
1198,HPQ,2020-08-14,0 days 15:59:36.766710,962118,18.16,18.15,27655,24825,8824,-14676
1199,HPQ,2020-08-14,0 days 15:59:46.792550,1014828,18.17,18.16,24286,30641,-4294,52510
1200,HPQ,2020-08-14,0 days 15:59:48.796866,1004522,18.17,18.16,21109,31379,10306,-4294
1201,HPR,2020-08-14,0 days 15:58:11.638177,10716,0.4,0.39,2426,118811,-7472,5625
1202,HSBC,2020-08-14,0 days 15:59:19.808979,34573,22.27,22.26,8255,40064,2398,-5745
1203,HST,2020-08-14,0 days 15:59:45.801439,781576,11.28,11.27,25429,19707,4621,-4823
1204,HTZ,2020-08-14,0 days 15:59:01.795526,18491,1.55,1.54,140166,246331,-7265,4986
1205,HTZ,2020-08-14,0 days 15:59:11.820288,32277,1.55,1.54,142418,249083,365,-135
1206,HUYA,2020-08-14,0 days 15:55:00.125802,81710,24.36,24.35,100,1076,-44077,35979
1207,HUYA,2020-08-14,0 days 15:55:01.128853,77587,24.37,24.35,1861,5773,4123,-44077
1208,HUYA,2020-08-14,0 days 15:58:05.574576,84192,24.27,24.26,1170,5418,-481809,1048
1209,IBM,2020-08-14,0 days 15:51:29.706598,305652,125.04,125.01,206,400,-2077,223
1210,IBM,2020-08-14,0 days 15:55:00.216343,340194,125.15,125.13,526,621,22991,-2177
1211,IBM,2020-08-14,0 days 15:56:41.457767,374572,125.16,125.15,3,1161,-14947,20871
1212,IBM,2020-08-14,0 days 15:56:42.460652,371777,125.15,125.14,200,105,2795,-14947
1213,IBM,2020-08-14,0 days 15:58:01.649823,387221,125.14,125.13,229,1418,-1501,941
1214,IBM,2020-08-14,0 days 15:58:10.671538,378521,125.2,125.18,1003,1109,-639,761
1215,IBM,2020-08-14,0 days 15:58:11.672962,376360,125.19,125.18,392,1810,2161,-639
1216,IBM,2020-08-14,0 days 15:58:13.676460,378521,125.2,125.18,464,3608,-239,2161
1217,IBM,2020-08-14,0 days 15:58:14.678824,376360,125.2,125.19,136,440,2161,-239
1218,IBM,2020-08-14,0 days 15:58:49.763683,377073,125.21,125.19,700,1353,1448,-252
1219,IBM,2020-08-14,0 days 15:59:07.810862,378653,125.17,125.14,462,300,-50283,880
1220,IBM,2020-08-14,0 days 15:59:24.848623,444667,125.2,125.18,202,400,273,-52534
1221,IBM,2020-08-14,0 days 15:59:26.852377,445240,125.22,125.2,1009,915,-778,273
1222,IBM,2020-08-14,0 days 15:59:27.854581,445018,125.22,125.21,904,100,222,-778
1223,IBM,2020-08-14,0 days 15:59:31.864576,445253,125.22,125.21,100,1900,8335,-132
1224,IBM,2020-08-14,0 days 15:59:41.891179,459663,125.24,125.23,298,600,936,-564
1225,IBM,2020-08-14,0 days 15:59:45.901233,460599,125.24,125.23,1361,100,-1254,3746
1226,IBM,2020-08-14,0 days 15:59:46.902933,457372,125.21,125.2,711,119,3227,-1254
1227,ICE,2020-08-14,0 days 15:56:13.798828,320296,102.23,102.22,1025,1232,9283,-1017
1228,ICE,2020-08-14,0 days 15:56:14.801466,319279,102.24,102.23,303,200,-1017,9283
1229,ICE,2020-08-14,0 days 15:56:30.839872,314296,102.22,102.21,1961,535,4983,-1017
