,Symbol,Timestamp,TIME,iPaired,Ask_P,Bid_P,Ask_S,Bid_S,iShares,PreviShares
0,AA,2020-07-10,0 days 15:55:00.268068,147757,11.38,11.37,8286,8704,-2005,8222
1,AA,2020-07-10,0 days 15:55:31.344212,149762,11.38,11.37,6862,11184,1050,-1650
2,AA,2020-07-10,0 days 15:58:53.831394,161110,11.42,11.41,5848,13596,-6982,1274
3,AA,2020-07-10,0 days 15:58:54.833919,155392,11.42,11.41,7748,8930,5718,-6982
4,AA,2020-07-10,0 days 15:59:20.898325,164649,11.42,11.41,3391,21023,-19556,185
5,AA,2020-07-10,0 days 15:59:39.944792,195605,11.42,11.41,19504,4489,31977,-2323
6,AA,2020-07-10,0 days 15:59:40.947500,193782,11.42,11.41,18288,4289,-1823,31977
7,AA,2020-07-10,0 days 15:59:42.953513,203802,11.42,11.41,18488,4212,2328,-1823
8,AA,2020-07-10,0 days 15:59:43.955509,201830,11.42,11.41,19388,3212,-1972,2328
9,ABB,2020-07-10,0 days 15:55:00.115370,13066,24.49,24.48,10050,13479,-961,1520
10,ABBV,2020-07-10,0 days 15:55:00.182460,310466,97.08,97.07,533,200,-78901,34270
11,ABBV,2020-07-10,0 days 15:57:35.554122,401648,96.77,96.76,394,2011,2057,-1743
12,ABBV,2020-07-10,0 days 15:57:36.556511,396605,96.77,96.76,494,500,-5043,2057
13,ABBV,2020-07-10,0 days 15:57:37.559127,401648,96.77,96.76,1025,1300,2626,-5043
14,ABBV,2020-07-10,0 days 15:57:44.576749,402668,96.77,96.76,284,2105,4430,-948
15,ABBV,2020-07-10,0 days 15:57:45.578630,402498,96.77,96.76,484,1104,-170,4430
16,ABBV,2020-07-10,0 days 15:57:46.581316,402668,96.77,96.76,184,2105,3630,-170
17,ABBV,2020-07-10,0 days 15:57:47.583693,399598,96.77,96.76,179,2105,-3070,3630
18,ABBV,2020-07-10,0 days 15:57:48.585869,402668,96.77,96.76,379,905,2630,-3070
19,ABBV,2020-07-10,0 days 15:57:49.588360,402198,96.77,96.76,279,1904,-470,2630
20,ABBV,2020-07-10,0 days 15:57:51.593668,402668,96.77,96.76,1185,200,138,-470
21,ABBV,2020-07-10,0 days 15:57:54.600960,399006,96.77,96.76,510,1503,-3662,38
22,ABBV,2020-07-10,0 days 15:57:57.607931,402668,96.77,96.76,510,1502,538,-662
23,ABBV,2020-07-10,0 days 15:57:58.610554,401906,96.77,96.76,197,1602,-762,538
24,ABBV,2020-07-10,0 days 15:58:00.616069,402668,96.77,96.76,282,812,1454,-762
25,ABBV,2020-07-10,0 days 15:58:01.618582,400922,96.77,96.76,107,2313,-1746,1454
26,ABBV,2020-07-10,0 days 15:58:54.746368,410995,96.84,96.83,676,200,81,-1842
27,ABBV,2020-07-10,0 days 15:58:59.759470,410971,96.84,96.83,700,345,-24,81
28,ABBV,2020-07-10,0 days 15:59:27.825617,449795,96.82,96.8,400,500,8064,-478
29,ABEV,2020-07-10,0 days 15:55:00.081654,19534,2.83,2.82,322900,481610,-14722,4485
30,ABEV,2020-07-10,0 days 15:59:36.740969,79693,2.83,2.82,81433,733140,-7987,25128
31,ABT,2020-07-10,0 days 15:55:32.155769,249648,92.96,92.95,1975,239,28031,-46669
32,ABT,2020-07-10,0 days 15:55:33.158162,245379,92.98,92.97,211,460,-4269,28031
33,ABT,2020-07-10,0 days 15:55:38.170032,249648,92.97,92.96,100,300,19782,-4269
34,ABT,2020-07-10,0 days 15:55:39.172507,247530,92.97,92.96,100,200,-2118,19782
35,ABT,2020-07-10,0 days 15:57:33.445634,251457,92.9,92.89,100,348,603,-118
36,ABT,2020-07-10,0 days 15:57:34.447671,250460,92.9,92.89,100,432,-997,603
37,ABT,2020-07-10,0 days 15:57:35.451967,251457,92.9,92.89,443,757,203,-997
38,ABT,2020-07-10,0 days 15:57:36.452106,250660,92.9,92.89,443,757,-797,203
39,ABT,2020-07-10,0 days 15:58:11.539137,253443,92.94,92.93,200,508,2086,-414
40,ABT,2020-07-10,0 days 15:58:12.541533,252729,92.94,92.93,100,808,-714,2086
41,ABT,2020-07-10,0 days 15:58:45.620864,263943,93.0,92.99,1641,700,1443,-831
42,ABT,2020-07-10,0 days 15:58:46.622649,262686,93.0,92.99,1541,800,-1257,1443
43,ABT,2020-07-10,0 days 15:58:53.640168,263943,92.98,92.96,797,700,108,-40
44,ABT,2020-07-10,0 days 15:59:07.674545,271512,92.95,92.94,601,216,770,-308
45,ABT,2020-07-10,0 days 15:59:27.718821,366192,93.03,93.02,412,300,-3381,836
46,ABT,2020-07-10,0 days 15:59:35.739447,365273,93.08,93.06,1100,599,1619,-6581
47,ABT,2020-07-10,0 days 15:59:42.756464,367184,93.09,93.08,300,200,-13500,1484
48,ABT,2020-07-10,0 days 15:59:43.759250,364257,93.08,93.06,200,1280,3035,-13500
49,ABT,2020-07-10,0 days 15:59:44.761140,367292,93.1,93.08,600,750,-3172,3035
50,ACI,2020-07-10,0 days 15:55:40.174798,20468,14.65,14.64,749,2600,758,-1742
51,ACI,2020-07-10,0 days 15:55:41.176969,19026,14.65,14.64,500,2600,-1442,758
52,ACI,2020-07-10,0 days 15:58:50.632966,43968,14.63,14.62,4317,899,8691,-823
53,ACI,2020-07-10,0 days 15:58:51.634995,41976,14.63,14.62,3914,899,-1992,8691
54,ACI,2020-07-10,0 days 15:59:27.718876,49127,14.61,14.6,300,100,1651,-1651
55,ACI,2020-07-10,0 days 15:59:28.721587,47078,14.62,14.6,200,100,-2049,1651
56,ACI,2020-07-10,0 days 15:59:42.756556,49127,14.61,14.59,1200,300,592,-2049
57,ACI,2020-07-10,0 days 15:59:46.765405,47960,14.62,14.6,3200,1682,-1167,3233
58,ACI,2020-07-10,0 days 15:59:47.767974,49127,14.62,14.6,800,1682,1213,-1167
59,ACI,2020-07-10,0 days 15:59:49.771893,48226,14.61,14.6,100,1882,-901,1099
60,ADM,2020-07-10,0 days 15:55:27.181186,135173,39.36,39.35,3054,2009,-2967,1333
61,ADM,2020-07-10,0 days 15:56:34.341660,138096,39.35,39.34,3136,624,387,-204
62,ADM,2020-07-10,0 days 15:56:35.344532,137083,39.35,39.34,3318,224,-761,387
63,ADM,2020-07-10,0 days 15:57:38.494881,141046,39.34,39.33,1379,1247,-7247,1853
64,ADM,2020-07-10,0 days 15:57:39.497062,140393,39.34,39.33,3839,447,653,-7247
65,ADM,2020-07-10,0 days 15:57:46.514056,141546,39.34,39.33,4277,744,-1086,753
66,ADM,2020-07-10,0 days 15:57:47.516265,141032,39.34,39.33,2577,944,514,-1086
67,ADM,2020-07-10,0 days 15:57:49.521228,141546,39.34,39.33,3887,1044,-786,514
68,ADM,2020-07-10,0 days 15:57:50.523404,141032,39.34,39.33,4432,646,514,-786
69,ADM,2020-07-10,0 days 15:57:52.528554,141546,39.34,39.33,4136,846,-886,514
70,ADM,2020-07-10,0 days 15:57:53.530324,141032,39.34,39.33,4070,666,514,-886
71,ADM,2020-07-10,0 days 15:57:56.537877,141546,39.34,39.33,4352,414,-486,514
72,ADM,2020-07-10,0 days 15:57:58.543063,141032,39.34,39.33,4637,250,514,-786
73,ADM,2020-07-10,0 days 15:58:06.563131,143188,39.35,39.34,789,2168,-344,204
74,ADM,2020-07-10,0 days 15:58:07.566080,142784,39.35,39.34,600,1772,404,-344
75,ADM,2020-07-10,0 days 15:58:18.592422,143188,39.36,39.35,1700,683,-607,293
76,ADM,2020-07-10,0 days 15:58:19.595082,142595,39.35,39.34,400,1934,593,-607
77,ADM,2020-07-10,0 days 15:58:44.655200,143134,39.37,39.36,2019,565,-3474,339
78,ADM,2020-07-10,0 days 15:58:45.658170,142908,39.37,39.36,1719,1856,226,-3474
79,ADM,2020-07-10,0 days 15:59:00.695589,143293,39.38,39.37,1100,860,-390,385
80,ADM,2020-07-10,0 days 15:59:01.697981,143183,39.38,39.37,700,1164,395,-390
81,ADM,2020-07-10,0 days 15:59:02.699372,141619,39.38,39.37,1600,531,-1864,395
82,ADM,2020-07-10,0 days 15:59:03.703523,141583,39.38,39.37,1700,431,3567,-1864
83,ADM,2020-07-10,0 days 15:59:04.705962,145161,39.38,39.37,1800,327,-222,3567
84,ADM,2020-07-10,0 days 15:59:05.707921,144983,39.38,39.37,1500,900,178,-222
85,ADM,2020-07-10,0 days 15:59:06.710702,145161,39.38,39.37,1600,441,-1122,178
86,ADM,2020-07-10,0 days 15:59:07.713240,145556,39.38,39.37,1600,541,1461,-1122
87,ADM,2020-07-10,0 days 15:59:09.718478,149826,39.37,39.36,1800,2044,-278,161
88,ADM,2020-07-10,0 days 15:59:14.730002,150104,39.37,39.36,1600,1766,678,-278
89,ADM,2020-07-10,0 days 15:59:15.732280,149882,39.37,39.36,1300,1839,-222,678
90,ADM,2020-07-10,0 days 15:59:18.739915,150677,39.37,39.36,2040,954,205,-795
91,ADM,2020-07-10,0 days 15:59:19.742152,150382,39.37,39.36,1740,1350,-295,205
92,ADM,2020-07-10,0 days 15:59:41.793447,150677,39.38,39.37,2000,420,11276,-295
93,AEG,2020-07-10,0 days 15:55:00.094667,9684,3.11,3.1,57781,137830,911,-599
94,AEG,2020-07-10,0 days 15:59:00.673184,10595,3.11,3.1,128632,127751,-5135,211
95,AEG,2020-07-10,0 days 15:59:36.759008,15730,3.11,3.1,143432,170418,4268,-5132
96,AEG,2020-07-10,0 days 15:59:37.762203,15398,3.11,3.1,143432,171418,-332,4268
97,AEO,2020-07-10,0 days 15:59:44.876010,300422,10.69,10.68,2065,13899,4030,-10535
98,AEO,2020-07-10,0 days 15:59:46.880262,294277,10.69,10.68,9969,6499,-7361,4030
99,AEP,2020-07-10,0 days 15:55:04.086454,179722,83.88,83.87,926,598,657,-1787
100,AEP,2020-07-10,0 days 15:55:05.089176,177479,83.88,83.87,1536,748,-2243,657
101,AEP,2020-07-10,0 days 15:58:04.521987,189607,83.91,83.9,185,345,369,-2431
102,AEP,2020-07-10,0 days 15:58:05.524123,186876,83.92,83.9,610,643,-2731,369
103,AEP,2020-07-10,0 days 15:59:05.670061,201778,83.9,83.88,501,100,349,-9438
104,AEP,2020-07-10,0 days 15:59:07.674715,199625,83.9,83.88,603,195,-2977,1894
105,AEP,2020-07-10,0 days 15:59:20.707322,207156,83.96,83.95,200,6600,1558,-3197
106,AEP,2020-07-10,0 days 15:59:26.716937,206714,83.98,83.97,400,11380,-1642,1358
107,AES,2020-07-10,0 days 15:55:27.181060,455537,14.36,14.35,16685,7787,-1205,5495
108,AES,2020-07-10,0 days 15:55:28.183572,450042,14.36,14.35,21969,1127,5495,-1205
109,AES,2020-07-10,0 days 15:57:45.511646,489374,14.35,14.34,14096,13390,-4046,754
110,AES,2020-07-10,0 days 15:57:46.513941,483620,14.35,14.34,14715,12588,5754,-4046
111,AES,2020-07-10,0 days 15:58:15.585319,494123,14.35,14.34,14456,15770,-1297,6703
112,AES,2020-07-10,0 days 15:58:16.587788,489156,14.35,14.34,14561,15553,4967,-1297
113,AES,2020-07-10,0 days 15:58:32.627144,494178,14.35,14.34,15156,16340,-1178,5022
114,AES,2020-07-10,0 days 15:58:33.628891,488556,14.35,14.34,15056,15540,5622,-1178
115,AES,2020-07-10,0 days 15:59:27.759373,502282,14.35,14.34,13609,26336,-1946,2635
116,AES,2020-07-10,0 days 15:59:28.761915,498528,14.35,14.34,14551,22836,3754,-1946
117,AES,2020-07-10,0 days 15:59:46.805962,480832,14.36,14.35,25862,3829,23374,-4585
118,AES,2020-07-10,0 days 15:59:47.808092,504206,14.36,14.35,22194,8929,-36690,23374
119,AG,2020-07-10,0 days 15:58:50.670289,40576,10.41,10.4,34287,12500,2456,-1278
120,AG,2020-07-10,0 days 15:59:05.707859,43177,10.41,10.4,6983,23468,-112,935
121,AGI,2020-07-10,0 days 15:58:52.741971,28151,10.26,10.25,2694,38882,11778,-6657
122,AGI,2020-07-10,0 days 15:59:01.763633,44052,10.26,10.25,1156,41882,-2678,8936
123,AGI,2020-07-10,0 days 15:59:14.795624,34732,10.28,10.27,8400,30262,3826,-3101
124,AGI,2020-07-10,0 days 15:59:38.852284,40525,10.28,10.27,9000,31558,-4630,3670
125,AGI,2020-07-10,0 days 15:59:39.854282,40155,10.28,10.27,7500,31058,370,-4630
126,AIG,2020-07-10,0 days 15:55:00.116456,595359,30.07,30.06,800,6051,9122,-41988
127,AIG,2020-07-10,0 days 15:57:05.416795,612658,30.08,30.07,2844,100,-298,232
128,AIG,2020-07-10,0 days 15:57:06.419430,611756,30.07,30.06,518,3490,832,-298
129,AIG,2020-07-10,0 days 15:57:10.429225,612658,30.07,30.05,4009,2816,-578,52
130,AIG,2020-07-10,0 days 15:57:11.431029,611936,30.06,30.05,2995,2531,722,-578
131,AIG,2020-07-10,0 days 15:57:14.439274,612796,30.06,30.05,2610,2231,-794,6938
132,AIG,2020-07-10,0 days 15:57:34.484873,719761,30.08,30.07,1901,1500,2827,-932
133,AIG,2020-07-10,0 days 15:57:43.506304,722748,30.09,30.08,598,2702,-6613,13158
134,AIG,2020-07-10,0 days 15:57:44.509144,715361,30.09,30.08,498,2488,7387,-6613
135,AIG,2020-07-10,0 days 15:58:46.660296,660841,30.12,30.11,2137,3216,-2640,1460
136,AIG,2020-07-10,0 days 15:59:18.739934,777221,30.11,30.1,700,1800,4842,-70458
137,AIG,2020-07-10,0 days 15:59:21.747376,782063,30.12,30.11,3700,3400,-86479,100895
138,AIG,2020-07-10,0 days 15:59:22.750143,779242,30.12,30.11,3190,2135,2821,-86479
139,AL,2020-07-10,0 days 15:58:45.732410,31863,27.62,27.6,646,200,-666,621
140,AL,2020-07-10,0 days 15:58:46.734923,30229,27.62,27.6,968,200,1634,-666
141,AL,2020-07-10,0 days 15:59:04.778580,32563,27.62,27.59,246,200,-164,198
142,ALK,2020-07-10,0 days 15:59:03.769165,82936,35.77,35.76,845,200,-12,365
143,ALK,2020-07-10,0 days 15:59:05.773410,82146,35.77,35.76,696,100,790,-1212
144,ALK,2020-07-10,0 days 15:59:06.776347,82936,35.77,35.76,596,100,-1115,790
145,ALK,2020-07-10,0 days 15:59:12.791083,82309,35.77,35.76,549,100,627,-1115
146,ALK,2020-07-10,0 days 15:59:23.816432,84072,35.75,35.73,495,832,-10451,963
147,ALL,2020-07-10,0 days 15:55:26.178610,190683,86.91,86.89,100,300,178,-1274
148,ALL,2020-07-10,0 days 15:55:27.181120,189461,86.93,86.89,200,518,-4722,178
149,ALL,2020-07-10,0 days 15:55:44.222007,194183,86.94,86.92,200,401,11126,-2628
150,ALL,2020-07-10,0 days 15:55:45.225355,192909,86.95,86.93,100,400,-1274,11126
151,ALL,2020-07-10,0 days 15:56:34.341601,194183,86.89,86.87,1524,200,176,-300
152,ALL,2020-07-10,0 days 15:56:35.344467,192859,86.88,86.87,300,204,-1324,176
153,ALL,2020-07-10,0 days 15:57:00.405462,194183,86.86,86.83,552,350,513,-787
154,ALL,2020-07-10,0 days 15:57:01.407220,193096,86.86,86.85,107,150,-1087,513
155,ALL,2020-07-10,0 days 15:57:33.482375,194387,86.84,86.82,349,200,2091,-487
156,ALL,2020-07-10,0 days 15:58:47.662369,199337,87.01,86.97,371,100,521,-179
157,ALL,2020-07-10,0 days 15:59:02.699188,199942,86.99,86.97,200,100,-344,333
158,ALL,2020-07-10,0 days 15:59:03.703281,196345,86.99,86.97,300,200,6097,-344
159,ALL,2020-07-10,0 days 15:59:13.727613,205178,86.96,86.93,300,100,-502,11198
160,ALL,2020-07-10,0 days 15:59:14.729917,204380,86.96,86.93,400,100,798,-502
161,ALL,2020-07-10,0 days 15:59:18.739828,209388,86.96,86.94,400,200,-1,3599
162,ALL,2020-07-10,0 days 15:59:23.752570,207960,86.98,86.95,200,281,28,-1401
163,ALLY,2020-07-10,0 days 15:59:15.805243,395266,20.09,20.08,5030,1172,97022,-61255
164,ALLY,2020-07-10,0 days 15:59:16.807866,401888,20.12,20.11,2800,1100,-578,97022
165,ALLY,2020-07-10,0 days 15:59:22.825881,407850,20.12,20.11,500,1600,2171,-813
166,ALLY,2020-07-10,0 days 15:59:42.871556,418395,20.13,20.12,780,6290,7764,-1174
167,ALLY,2020-07-10,0 days 15:59:45.878236,425459,20.13,20.12,500,7158,-2415,4664
168,AM,2020-07-10,0 days 15:57:39.651759,114616,5.39,5.38,6334,5811,2315,-2015
169,AM,2020-07-10,0 days 15:57:40.654238,113031,5.39,5.38,4221,6111,-385,2315
170,AM,2020-07-10,0 days 15:58:51.829418,131516,5.38,5.37,8433,5333,1831,-2497
171,AM,2020-07-10,0 days 15:58:52.829357,129347,5.38,5.37,6333,5433,-969,1831
172,AMC,2020-07-10,0 days 15:57:58.505790,143322,4.59,4.58,3840,2400,-802,798
173,AMC,2020-07-10,0 days 15:58:17.553445,110198,4.59,4.58,2342,5512,33124,-6876
174,AMC,2020-07-10,0 days 15:59:44.761027,143812,4.56,4.55,400,12758,-280,9696
175,AMC,2020-07-10,0 days 15:59:48.769695,138516,4.57,4.55,9561,15433,5296,-280
176,AMCR,2020-07-10,0 days 15:55:01.099118,487037,10.52,10.51,11554,16147,-5539,3461
177,AMCR,2020-07-10,0 days 15:55:26.158039,495976,10.52,10.51,19981,8978,4834,-7766
178,AMCR,2020-07-10,0 days 15:55:27.160553,494810,10.52,10.51,18161,7463,-1166,4834
179,AMCR,2020-07-10,0 days 15:55:38.186980,495976,10.51,10.5,16004,16246,1603,-1066
180,AMCR,2020-07-10,0 days 15:55:39.189022,489979,10.51,10.5,15787,16246,-5997,1603
181,AMCR,2020-07-10,0 days 15:56:34.321340,498805,10.5,10.49,13354,18107,264,-2126
182,AMCR,2020-07-10,0 days 15:56:35.323509,497869,10.5,10.49,13654,18107,-936,264
183,AMCR,2020-07-10,0 days 15:57:09.406158,499274,10.5,10.49,20697,8102,396,-1405
184,AMCR,2020-07-10,0 days 15:59:01.675388,508397,10.53,10.52,8280,19037,-667,113
185,AMCR,2020-07-10,0 days 15:59:05.684799,511202,10.53,10.52,7828,18249,2130,-1080
186,AMCR,2020-07-10,0 days 15:59:42.774154,541948,10.52,10.51,31386,6002,-2742,14569
187,AMCR,2020-07-10,0 days 15:59:43.776174,547410,10.52,10.51,30986,6377,1038,-2742
188,AMCR,2020-07-10,0 days 15:59:44.778793,547648,10.52,10.51,32553,5683,-6969,1038
189,AMX,2020-07-10,0 days 15:55:05.279704,41720,12.41,12.4,5400,14731,-13130,19530
190,AMX,2020-07-10,0 days 15:56:02.419361,52252,12.39,12.38,10137,8325,1271,-1846
191,AMX,2020-07-10,0 days 15:56:03.420640,51223,12.39,12.38,9537,8825,-1029,1271
192,AMX,2020-07-10,0 days 15:58:08.723186,53523,12.39,12.38,3746,16005,128,-872
193,AMX,2020-07-10,0 days 15:58:09.724879,52651,12.39,12.38,4046,15905,-872,128
194,AMX,2020-07-10,0 days 15:58:26.766304,53523,12.39,12.38,7146,15115,1083,-863
195,AMX,2020-07-10,0 days 15:58:27.768900,44906,12.39,12.38,7146,15207,-8617,1083
196,AMX,2020-07-10,0 days 15:59:03.858457,45183,12.39,12.38,10711,7400,1913,-227
197,AMX,2020-07-10,0 days 15:59:20.898338,50248,12.38,12.37,19697,2703,-6270,1109
198,AMX,2020-07-10,0 days 15:59:27.915811,57018,12.38,12.37,18647,3363,8966,-604
199,ANF,2020-07-10,0 days 15:55:00.196578,76736,9.76,9.75,8124,1275,-2908,2901
200,ANF,2020-07-10,0 days 15:55:37.285354,79644,9.75,9.74,11747,873,172,-1208
201,ANF,2020-07-10,0 days 15:55:45.304709,79816,9.75,9.74,12314,375,-228,172
202,ANF,2020-07-10,0 days 15:57:54.606429,82108,9.74,9.73,1539,3858,2595,-3305
203,ANF,2020-07-10,0 days 15:57:55.609504,78803,9.74,9.73,2139,3458,-3305,2595
204,ANF,2020-07-10,0 days 15:58:47.740901,82805,9.76,9.75,1662,3754,24,-2202
205,ANF,2020-07-10,0 days 15:59:00.768408,82829,9.76,9.75,2986,3850,-1630,424
206,ANF,2020-07-10,0 days 15:59:03.776233,84459,9.76,9.75,3286,2596,553,-130
207,ANF,2020-07-10,0 days 15:59:10.793418,87612,9.76,9.75,3786,3047,-1163,1368
208,APO,2020-07-10,0 days 15:59:05.783374,67043,50.03,50.0,409,400,-1533,430
209,APO,2020-07-10,0 days 15:59:06.783957,64876,50.03,50.0,309,400,2167,-1533
210,APO,2020-07-10,0 days 15:59:23.825280,67995,50.03,50.0,300,400,-13030,875
211,APO,2020-07-10,0 days 15:59:24.826966,67125,50.02,50.0,200,300,2055,-13030
212,APO,2020-07-10,0 days 15:59:28.836437,69227,50.03,50.02,300,478,-698,2787
213,APO,2020-07-10,0 days 15:59:45.878236,69925,50.04,50.02,200,200,944,-98
214,APO,2020-07-10,0 days 15:59:48.885145,71565,50.07,50.04,300,1181,-159,1145
215,AR,2020-07-10,0 days 15:59:36.781540,282003,2.84,2.83,25245,72494,5046,-5154
216,AR,2020-07-10,0 days 15:59:37.784765,281649,2.84,2.83,23495,76294,-354,5046
217,ARMK,2020-07-10,0 days 15:56:13.368341,108172,21.59,21.58,679,816,-716,2484
218,ARMK,2020-07-10,0 days 15:56:14.369672,103688,21.59,21.58,479,916,4484,-716
219,ATH,2020-07-10,0 days 15:59:03.679622,119833,30.91,30.89,604,400,-27094,7330
220,ATH,2020-07-10,0 days 15:59:04.682084,118627,30.91,30.89,604,200,1206,-27094
221,ATH,2020-07-10,0 days 15:59:12.701598,121889,30.87,30.84,504,400,-811,1384
222,ATH,2020-07-10,0 days 15:59:13.704363,120700,30.87,30.84,504,500,189,-811
223,ATH,2020-07-10,0 days 15:59:18.715845,121889,30.88,30.86,300,260,-1699,189
224,ATH,2020-07-10,0 days 15:59:19.718910,120888,30.88,30.85,200,400,1,-1699
225,ATH,2020-07-10,0 days 15:59:43.776047,135648,30.93,30.91,300,548,-5540,8960
226,ATH,2020-07-10,0 days 15:59:44.778756,134488,30.93,30.91,300,100,1160,-5540
227,ATUS,2020-07-10,0 days 15:55:00.196265,132700,23.46,23.45,2084,2300,-1835,37904
228,ATUS,2020-07-10,0 days 15:56:09.362758,135378,23.48,23.47,3003,3800,2747,-1953
229,ATUS,2020-07-10,0 days 15:56:10.365017,133619,23.48,23.47,3003,3800,-1759,2747
230,ATUS,2020-07-10,0 days 15:57:39.570110,135378,23.48,23.47,3986,4013,4327,-373
231,ATUS,2020-07-10,0 days 15:57:40.573420,134405,23.48,23.47,4484,3813,-973,4327
232,ATUS,2020-07-10,0 days 15:58:36.709443,135378,23.49,23.48,1001,5068,7238,-862
233,ATUS,2020-07-10,0 days 15:58:37.711915,132016,23.49,23.48,1200,4868,-3362,7238
234,ATUS,2020-07-10,0 days 15:59:03.776091,136975,23.52,23.51,2485,3503,-1382,618
235,ATUS,2020-07-10,0 days 15:59:04.778498,137657,23.5,23.49,3800,1000,21014,-1382
236,ATUS,2020-07-10,0 days 15:59:34.851430,197057,23.52,23.51,2318,5628,-20880,40176
237,ATUS,2020-07-10,0 days 15:59:40.867110,197881,23.52,23.51,3014,5821,2126,-4174
238,ATUS,2020-07-10,0 days 15:59:47.881778,202886,23.52,23.51,660,6621,3503,-779
239,AU,2020-07-10,0 days 15:59:01.697947,60227,31.1,31.09,5948,3531,-303,1353
240,AU,2020-07-10,0 days 15:59:08.715239,58770,31.12,31.11,5284,2600,1057,-7143
241,AU,2020-07-10,0 days 15:59:21.747201,63322,31.12,31.11,3619,5688,-8212,1552
242,AUY,2020-07-10,0 days 15:59:01.776184,272282,5.51,5.5,299320,142682,-83315,123493
243,AUY,2020-07-10,0 days 15:59:39.867523,270550,5.51,5.5,338574,254109,-24259,8241
244,AUY,2020-07-10,0 days 15:59:40.869282,264709,5.51,5.5,342074,234404,5841,-24259
245,AUY,2020-07-10,0 days 15:59:44.878083,270550,5.51,5.5,333911,243804,-7349,5841
246,AUY,2020-07-10,0 days 15:59:45.880087,265399,5.51,5.5,347911,224204,5151,-7349
247,AUY,2020-07-10,0 days 15:59:46.881921,270550,5.51,5.5,346611,225104,-22553,5151
248,AUY,2020-07-10,0 days 15:59:47.883870,266703,5.51,5.5,346611,235004,3847,-22553
249,AXL,2020-07-10,0 days 15:57:09.502917,83510,6.83,6.82,1669,5331,320,-880
250,AXL,2020-07-10,0 days 15:57:10.505553,81230,6.83,6.82,1623,5431,-2280,320
251,AXL,2020-07-10,0 days 15:59:42.873485,93931,6.84,6.83,8535,3300,214,-1246
252,AXL,2020-07-10,0 days 15:59:46.881985,92811,6.84,6.83,8220,6478,-1412,1180
253,AXP,2020-07-10,0 days 15:56:13.405158,585025,92.97,92.96,100,260,18151,-649
254,AXP,2020-07-10,0 days 15:56:14.407433,578776,92.97,92.95,200,300,-6249,18151
255,AXP,2020-07-10,0 days 15:57:33.592005,584812,92.85,92.83,200,1224,6259,-1881
256,AXP,2020-07-10,0 days 15:57:34.594167,579371,92.86,92.84,721,103,-5441,6259
257,AXP,2020-07-10,0 days 15:57:41.611512,585025,92.87,92.85,412,400,3736,-164
258,AXP,2020-07-10,0 days 15:57:42.613379,580061,92.87,92.85,618,300,-4964,3736
259,AXP,2020-07-10,0 days 15:57:43.615780,585025,92.87,92.85,841,100,18036,-4964
260,AXP,2020-07-10,0 days 15:57:44.618494,582861,92.87,92.86,729,402,-2164,18036
261,AXP,2020-07-10,0 days 15:58:04.668452,585025,92.91,92.9,100,476,4558,-366
262,AXP,2020-07-10,0 days 15:58:05.671181,583283,92.93,92.92,200,275,-2033,4558
263,AXP,2020-07-10,0 days 15:58:38.751690,587316,93.0,92.99,547,666,1942,-8158
264,AXP,2020-07-10,0 days 15:58:39.753229,584458,93.0,92.99,548,566,-2858,1942
265,AXP,2020-07-10,0 days 15:59:20.854421,597562,92.99,92.97,300,199,5711,-5125
266,AXP,2020-07-10,0 days 15:59:40.902646,730270,93.24,93.2,1310,100,-624,15540
267,AXP,2020-07-10,0 days 15:59:41.904790,730370,93.21,93.18,200,485,6000,-624
268,AXP,2020-07-10,0 days 15:59:43.909928,736770,93.24,93.23,315,700,-4304,3529
269,AZN,2020-07-10,0 days 15:55:44.374804,23308,53.75,53.74,6060,2105,-505,595
270,AZN,2020-07-10,0 days 15:55:45.377037,22655,53.75,53.74,6450,2805,653,-505
271,AZN,2020-07-10,0 days 15:56:17.453873,23308,53.74,53.73,5082,3700,-247,653
272,AZN,2020-07-10,0 days 15:56:18.456412,22655,53.74,53.73,4701,3800,653,-247
273,BA,2020-07-10,0 days 15:57:35.560320,244565,178.36,178.33,976,100,-1410,2190
274,BA,2020-07-10,0 days 15:57:36.563060,239775,178.35,178.32,200,200,4790,-1410
275,BA,2020-07-10,0 days 15:57:49.594423,244565,178.4,178.37,434,400,-1225,1875
276,BA,2020-07-10,0 days 15:57:50.596989,241690,178.4,178.38,136,100,2875,-1225
277,BA,2020-07-10,0 days 15:58:17.663486,246154,178.56,178.55,455,200,-117,3
278,BA,2020-07-10,0 days 15:58:30.695321,243471,178.61,178.59,100,300,2727,-2173
279,BABA,2020-07-10,0 days 15:55:32.259389,248813,261.46,261.45,149,400,-631,355
280,BABA,2020-07-10,0 days 15:55:33.261252,248310,261.5,261.48,250,362,403,-631
281,BABA,2020-07-10,0 days 15:55:49.299735,248813,261.44,261.41,769,300,-317,1269
282,BABA,2020-07-10,0 days 15:55:50.302001,248263,261.44,261.41,604,600,550,-317
283,BABA,2020-07-10,0 days 15:56:12.355467,265003,261.4,261.37,300,452,-15394,490
284,BABA,2020-07-10,0 days 15:56:27.391319,257055,261.25,261.22,1010,230,21200,-1832
285,BABA,2020-07-10,0 days 15:56:28.393639,256403,261.26,261.25,200,300,-652,21200
286,BABA,2020-07-10,0 days 15:56:55.458768,257445,261.37,261.35,400,200,19065,-3902
287,BABA,2020-07-10,0 days 15:56:56.461107,256610,261.39,261.37,200,130,-835,19065
288,BABA,2020-07-10,0 days 15:57:33.548283,257103,261.16,261.15,893,1016,3272,-1528
289,BABA,2020-07-10,0 days 15:57:34.551172,256775,261.18,261.17,100,100,-328,3272
290,BABA,2020-07-10,0 days 15:57:39.563440,280046,261.16,261.14,802,283,629,-1992
291,BABA,2020-07-10,0 days 15:57:41.569093,278322,261.08,261.06,120,200,-1525,232
292,BABA,2020-07-10,0 days 15:58:13.647086,280078,261.18,261.17,954,597,987,-2581
293,BABA,2020-07-10,0 days 15:58:14.649622,278665,261.19,261.18,300,364,-1413,987
294,BABA,2020-07-10,0 days 15:58:26.679220,280085,261.08,261.04,154,102,1660,-720
295,BABA,2020-07-10,0 days 15:58:27.680912,279149,261.1,261.08,271,102,-936,1660
296,BABA,2020-07-10,0 days 15:58:32.692907,280042,261.06,261.04,200,400,3107,-936
297,BABA,2020-07-10,0 days 15:58:33.695148,279249,261.06,261.04,447,303,-793,3107
298,BABA,2020-07-10,0 days 15:58:50.736093,279249,261.02,261.01,300,200,-597,2816
299,BABA,2020-07-10,0 days 15:58:52.741165,279846,261.03,261.02,600,800,3068,-4219
300,BABA,2020-07-10,0 days 15:58:53.743200,279250,261.06,261.04,104,300,-783,3068
301,BABA,2020-07-10,0 days 15:58:58.755291,279846,261.01,260.97,400,200,3104,-1083
302,BABA,2020-07-10,0 days 15:58:59.758898,279150,260.99,260.97,484,100,-696,3104
303,BABA,2020-07-10,0 days 15:59:01.763353,290692,260.96,260.95,200,154,8911,-11533
304,BABA,2020-07-10,0 days 15:59:02.765524,289460,260.97,260.95,364,316,-3336,8911
305,BABA,2020-07-10,0 days 15:59:03.768989,292796,260.97,260.95,100,295,2746,-3336
306,BABA,2020-07-10,0 days 15:59:04.771066,289418,261.01,261.0,300,143,-3422,2746
307,BABA,2020-07-10,0 days 15:59:12.790478,311273,261.02,261.0,100,256,1514,-155
308,BABA,2020-07-10,0 days 15:59:19.807102,312787,261.03,261.02,200,100,-10239,163
309,BAC,2020-07-10,0 days 15:50:33.626298,2827845,24.03,24.02,34542,23498,-5985,11954
310,BAC,2020-07-10,0 days 15:53:00.980076,2827845,24.0,23.99,30017,39143,-8724,11954
311,BAC,2020-07-10,0 days 15:56:49.531395,3705220,24.0,23.99,49593,45056,30587,-8529
312,BAC,2020-07-10,0 days 15:56:50.533998,3689607,24.0,23.99,2857,67789,-14829,30587
313,BAC,2020-07-10,0 days 15:57:37.646673,3705220,24.0,23.99,44946,50948,14806,-13510
314,BAC,2020-07-10,0 days 15:57:38.649233,3696626,24.0,23.99,44633,59537,-7810,14806
315,BAC,2020-07-10,0 days 15:57:40.654225,3705220,24.0,23.99,28681,61339,12406,-1410
316,BAC,2020-07-10,0 days 15:57:41.658267,3697226,24.0,23.99,37201,63280,-7210,12406
317,BAC,2020-07-10,0 days 15:58:00.703654,3719361,24.0,23.99,26608,61616,3065,-13535
318,BAC,2020-07-10,0 days 15:58:01.705445,3705826,24.0,23.99,43208,64915,-13535,3065
319,BAC,2020-07-10,0 days 15:58:14.736915,3742156,24.01,24.0,58109,59484,5775,-15214
320,BAC,2020-07-10,0 days 15:58:15.739756,3724731,24.01,24.0,53059,59584,-16829,5775
321,BAC,2020-07-10,0 days 15:58:24.761606,3752847,24.01,24.0,75279,41487,16684,-33216
322,BAC,2020-07-10,0 days 15:58:49.822825,4029750,24.01,24.0,5179,116488,387421,-15583
323,BAX,2020-07-10,0 days 15:55:00.081631,173865,85.34,85.33,200,504,-10287,7383
324,BAX,2020-07-10,0 days 15:55:38.170070,184245,85.31,85.3,663,1978,3640,-537
325,BAX,2020-07-10,0 days 15:55:39.172526,183685,85.31,85.3,463,1878,-560,3640
326,BAX,2020-07-10,0 days 15:57:38.458019,240370,85.23,85.22,400,1100,4321,-2741
327,BAX,2020-07-10,0 days 15:57:39.460204,235291,85.25,85.23,132,1650,-5079,4321
328,BAX,2020-07-10,0 days 15:59:27.718851,265138,85.27,85.25,500,100,4225,-4307
329,BAX,2020-07-10,0 days 15:59:28.721561,260263,85.27,85.25,661,100,-4875,4225
330,BAX,2020-07-10,0 days 15:59:42.756522,265138,85.28,85.27,200,576,491,-4268
331,BAX,2020-07-10,0 days 15:59:46.765405,262523,85.28,85.27,417,400,-5194,7385
332,BB,2020-07-10,0 days 15:59:36.745841,26544,4.74,4.73,28443,96896,1781,-2219
333,BB,2020-07-10,0 days 15:59:37.748408,26425,4.74,4.73,27993,101686,-19,1781
334,BBVA,2020-07-10,0 days 15:58:48.629072,14031,3.56,3.55,221719,143413,-2506,300
335,BBVA,2020-07-10,0 days 15:59:36.745961,16626,3.56,3.55,259875,168451,1196,-1504
336,BBVA,2020-07-10,0 days 15:59:37.748498,16522,3.56,3.55,256775,169851,-104,1196
337,BBY,2020-07-10,0 days 15:55:49.196661,140433,85.04,85.03,617,656,-536,64
338,BBY,2020-07-10,0 days 15:55:51.202078,140269,85.01,85.0,100,600,164,-536
339,BBY,2020-07-10,0 days 15:57:09.388574,142012,85.05,85.03,1224,529,-102,234
340,BBY,2020-07-10,0 days 15:57:10.391047,141614,85.05,85.03,1124,529,398,-102
341,BBY,2020-07-10,0 days 15:58:17.553748,152407,85.02,85.01,727,1109,-36,1193
342,BBY,2020-07-10,0 days 15:59:03.665224,159935,84.97,84.96,100,101,-123,177
343,BBY,2020-07-10,0 days 15:59:04.667042,160151,84.97,84.96,303,101,284,-123
344,BBY,2020-07-10,0 days 15:59:09.680786,160730,84.96,84.95,798,101,-1691,674
345,BBY,2020-07-10,0 days 15:59:24.716028,162850,84.94,84.92,590,400,160,-340
346,BBY,2020-07-10,0 days 15:59:31.729122,162950,84.93,84.92,323,583,60,-340
347,BBY,2020-07-10,0 days 15:59:35.739484,163010,84.94,84.92,200,666,-40,60
348,BBY,2020-07-10,0 days 15:59:42.756498,162900,84.92,84.91,103,301,5734,-290
349,BBY,2020-07-10,0 days 15:59:43.759273,169934,84.91,84.89,300,601,-3166,5734
350,BBY,2020-07-10,0 days 15:59:47.767909,170234,84.89,84.87,150,662,-89,11
351,BBY,2020-07-10,0 days 15:59:48.769840,169923,84.89,84.87,150,957,311,-89
352,BCS,2020-07-10,0 days 15:59:09.827705,64723,6.01,6.0,118026,95943,2654,-2545
353,BDN,2020-07-10,0 days 15:55:00.116503,93483,10.46,10.45,5065,10492,4332,-44009
354,BDN,2020-07-10,0 days 15:55:45.225493,86615,10.46,10.45,4821,13233,-1986,914
355,BDN,2020-07-10,0 days 15:55:51.240121,110601,10.45,10.44,9143,6768,25830,-3570
356,BDN,2020-07-10,0 days 15:55:52.241322,109431,10.45,10.44,9143,5168,-1170,25830
357,BDN,2020-07-10,0 days 15:58:57.686465,109956,10.44,10.43,8713,6123,831,-3317
358,BDN,2020-07-10,0 days 15:58:58.688740,106987,10.44,10.43,8809,6123,-2969,831
359,BDN,2020-07-10,0 days 15:59:02.699469,109956,10.44,10.43,8770,6760,1911,-2969
360,BDN,2020-07-10,0 days 15:59:05.708113,137267,10.44,10.43,8764,6658,-1989,1911
361,BDN,2020-07-10,0 days 15:59:09.718569,139256,10.44,10.43,8540,7515,19833,-289
362,BDN,2020-07-10,0 days 15:59:10.720192,138789,10.44,10.43,8494,8919,-467,19833
363,BDN,2020-07-10,0 days 15:59:15.732345,139256,10.44,10.43,8682,8919,1675,-295
364,BDN,2020-07-10,0 days 15:59:16.735239,137431,10.44,10.43,8352,8919,-1825,1675
365,BDN,2020-07-10,0 days 15:59:38.785983,141256,10.43,10.42,6344,6516,947,-53
366,BDN,2020-07-10,0 days 15:59:41.793461,147811,10.43,10.42,6016,6435,-362,5955
367,BDN,2020-07-10,0 days 15:59:44.801944,148173,10.43,10.42,5666,6507,1435,-362
368,BDN,2020-07-10,0 days 15:59:46.806205,152368,10.44,10.43,8426,13890,-88,1495
369,BDN,2020-07-10,0 days 15:59:47.808265,152456,10.44,10.43,8300,8981,2672,-88
370,BE,2020-07-10,0 days 15:59:46.871367,85541,13.71,13.7,1100,1200,-1412,10675
371,BEN,2020-07-10,0 days 15:57:28.547656,196756,21.08,21.07,4964,5171,-879,3091
372,BEN,2020-07-10,0 days 15:57:29.547965,195635,21.08,21.07,5367,2906,1121,-879
373,BEN,2020-07-10,0 days 15:57:53.604315,199696,21.07,21.06,1925,4207,-355,1445
374,BEN,2020-07-10,0 days 15:57:54.606393,198351,21.07,21.06,3125,3207,1345,-355
375,BEN,2020-07-10,0 days 15:58:10.646025,207139,21.08,21.07,4150,2420,-1412,2088
376,BEN,2020-07-10,0 days 15:58:11.648654,205151,21.08,21.07,4950,2800,1988,-1412
377,BEN,2020-07-10,0 days 15:59:43.873151,218845,21.1,21.09,8716,514,978,-3822
378,BHC,2020-07-10,0 days 15:56:44.432958,50700,17.21,17.2,10646,4100,-18035,25165
379,BHC,2020-07-10,0 days 15:56:45.435157,47235,17.2,17.19,8300,2902,3565,-18035
380,BHC,2020-07-10,0 days 15:59:07.780250,52647,17.2,17.19,2500,4653,-1454,289
381,BHC,2020-07-10,0 days 15:59:08.780355,51001,17.2,17.19,1900,4653,1646,-1454
382,BHC,2020-07-10,0 days 15:59:38.852360,39231,17.2,17.19,400,5800,12716,-584
383,BHC,2020-07-10,0 days 15:59:46.871553,54004,17.2,17.19,1674,5100,-31,3073
384,BHC,2020-07-10,0 days 15:59:48.876916,53323,17.2,17.19,1400,5300,1324,-31
385,BJ,2020-07-10,0 days 15:55:00.267650,71752,38.77,38.75,100,400,-863,7601
386,BJ,2020-07-10,0 days 15:55:31.344192,72125,38.75,38.73,600,911,127,-73
387,BJ,2020-07-10,0 days 15:55:37.358474,72252,38.75,38.73,400,911,-43,127
388,BJ,2020-07-10,0 days 15:57:09.580008,83257,38.72,38.69,500,200,1951,-374
389,BJ,2020-07-10,0 days 15:58:04.712653,84934,38.71,38.69,500,673,-723,2577
390,BJ,2020-07-10,0 days 15:58:32.780605,86962,38.75,38.74,100,210,536,-264
391,BJ,2020-07-10,0 days 15:58:33.782992,84798,38.75,38.74,100,210,-2164,536
392,BJ,2020-07-10,0 days 15:59:19.895957,86803,38.74,38.73,100,600,11889,-59
393,BJ,2020-07-10,0 days 15:59:21.900940,89792,38.78,38.74,1100,100,-211,289
394,BJ,2020-07-10,0 days 15:59:22.903014,89603,38.78,38.74,1000,100,189,-211
395,BJ,2020-07-10,0 days 15:59:46.962556,93661,38.77,38.75,100,400,-21,1314
396,BK,2020-07-10,0 days 15:55:00.182112,276475,38.36,38.35,1130,1600,-1968,50883
397,BK,2020-07-10,0 days 15:55:04.191141,278443,38.35,38.34,2212,2800,18,-1968
398,BK,2020-07-10,0 days 15:55:05.193269,277061,38.35,38.34,2190,2600,-1382,18
399,BK,2020-07-10,0 days 15:58:36.703185,312737,38.38,38.37,3722,5662,13402,-4227
400,BK,2020-07-10,0 days 15:58:37.706470,295839,38.38,38.37,1061,6564,-16898,13402
401,BK,2020-07-10,0 days 15:59:01.763539,325281,38.39,38.38,2794,3853,8094,-11217
402,BK,2020-07-10,0 days 15:59:02.765711,323575,38.39,38.38,2494,4253,-1724,8094
403,BK,2020-07-10,0 days 15:59:05.773356,331826,38.39,38.38,2494,4176,51,-2149
404,BK,2020-07-10,0 days 15:59:07.780066,332401,38.39,38.38,2094,4537,-74,575
405,BK,2020-07-10,0 days 15:59:16.800479,336453,38.37,38.36,4670,500,-1466,734
406,BK,2020-07-10,0 days 15:59:19.807412,337919,38.38,38.37,2668,2600,28100,-1449
407,BKD,2020-07-10,0 days 15:59:09.680935,157793,2.64,2.63,7634,13876,-9537,7555
408,BKD,2020-07-10,0 days 15:59:10.682622,151430,2.64,2.63,8633,13073,6363,-9537
409,BKR,2020-07-10,0 days 15:55:29.299180,242542,15.05,15.04,8059,3500,-253,77
410,BKR,2020-07-10,0 days 15:55:30.301644,241495,15.03,15.02,4156,3000,1047,-253
411,BKR,2020-07-10,0 days 15:55:39.322841,242542,15.03,15.02,4565,4102,-222,347
412,BKR,2020-07-10,0 days 15:55:40.325761,241664,15.03,15.02,4265,4102,878,-222
413,BKR,2020-07-10,0 days 15:56:08.393162,240733,15.06,15.05,3882,2225,697,-103
414,BKR,2020-07-10,0 days 15:58:16.697920,259951,15.07,15.06,3646,4410,-1688,912
415,BKR,2020-07-10,0 days 15:58:17.700014,259879,15.07,15.06,3646,4410,72,-1688
416,BKR,2020-07-10,0 days 15:58:25.719946,259951,15.07,15.06,5762,2186,-1328,72
417,BKR,2020-07-10,0 days 15:58:26.722383,259679,15.07,15.06,6991,1220,272,-1328
418,BKR,2020-07-10,0 days 15:58:44.765438,260005,15.07,15.06,5139,1741,-2116,326
419,BKR,2020-07-10,0 days 15:58:45.767962,255721,15.07,15.06,5141,1441,4284,-2116
420,BKR,2020-07-10,0 days 15:59:13.836544,267456,15.06,15.05,3831,3314,-4161,6425
421,BKR,2020-07-10,0 days 15:59:14.839874,266517,15.06,15.05,4469,2208,939,-4161
422,BKR,2020-07-10,0 days 15:59:24.863424,267456,15.08,15.06,8612,5496,-964,336
423,BMY,2020-07-10,0 days 15:55:25.255869,860066,57.52,57.51,4072,1546,-1987,340
424,BMY,2020-07-10,0 days 15:55:30.267926,860853,57.5,57.49,3620,1015,76,-2124
425,BMY,2020-07-10,0 days 15:55:33.274643,860853,57.5,57.49,2700,915,76,-787
426,BMY,2020-07-10,0 days 15:55:44.302511,859358,57.51,57.5,4134,3223,708,-1692
427,BMY,2020-07-10,0 days 15:55:45.304669,860066,57.51,57.5,4734,2423,-54876,708
428,BMY,2020-07-10,0 days 15:56:18.383948,913341,57.44,57.43,4018,603,23905,-33095
429,BMY,2020-07-10,0 days 15:56:19.386511,908420,57.45,57.44,906,1055,-4921,23905
430,BMY,2020-07-10,0 days 15:56:38.432504,913341,57.45,57.44,1200,3422,1029,-1485
431,BMY,2020-07-10,0 days 15:56:39.435859,910570,57.46,57.45,150,2442,-2771,1029
432,BMY,2020-07-10,0 days 15:57:31.550490,913779,57.45,57.44,688,5043,1917,-597
433,BMY,2020-07-10,0 days 15:57:32.553139,911669,57.46,57.45,500,3788,-2110,1917
434,BMY,2020-07-10,0 days 15:57:33.555218,908815,57.46,57.45,912,3388,2681,-2110
435,BMY,2020-07-10,0 days 15:57:34.557882,906996,57.46,57.45,700,3986,-1819,2681
436,BMY,2020-07-10,0 days 15:57:36.562949,908815,57.47,57.46,1813,600,5581,-1819
437,BMY,2020-07-10,0 days 15:57:37.565051,906996,57.48,57.47,1300,1942,-1819,5581
438,BMY,2020-07-10,0 days 15:57:49.594337,912869,57.48,57.47,1312,5909,643,-1857
439,BMY,2020-07-10,0 days 15:57:50.596887,910712,57.48,57.47,997,5809,-2157,643
440,BMY,2020-07-10,0 days 15:57:53.604277,911169,57.47,57.46,4318,2611,2827,-657
441,BMY,2020-07-10,0 days 15:58:01.624300,910769,57.46,57.45,1950,3184,-400,3027
442,BMY,2020-07-10,0 days 15:58:23.678481,916758,57.49,57.48,2836,1710,2869,-1131
443,BMY,2020-07-10,0 days 15:58:24.681207,915627,57.49,57.48,2599,2010,-1131,2869
444,BMY,2020-07-10,0 days 15:58:45.732480,919351,57.52,57.51,2010,1800,626,-4901
445,BMY,2020-07-10,0 days 15:58:46.734923,917650,57.52,57.51,2885,700,-2368,626
446,BMY,2020-07-10,0 days 15:59:03.776196,920575,57.51,57.5,541,2485,1825,-1320
447,BMY,2020-07-10,0 days 15:59:05.783218,921848,57.51,57.5,2300,520,-27,610
448,BMY,2020-07-10,0 days 15:59:09.791201,999665,57.48,57.47,2604,1550,3969,-696
449,BMY,2020-07-10,0 days 15:59:10.793388,995918,57.47,57.46,2404,2100,-4528,3969
450,BMY,2020-07-10,0 days 15:59:11.795841,1000446,57.47,57.46,3616,100,134,-4528
451,BMY,2020-07-10,0 days 15:59:20.817611,998331,57.46,57.45,2607,2880,-2315,2185
452,BMY,2020-07-10,0 days 15:59:28.836394,1000078,57.48,57.47,4061,418,-668,5948
453,BMY,2020-07-10,0 days 15:59:31.844852,1002446,57.48,57.47,2068,1600,4648,-668
454,BMY,2020-07-10,0 days 15:59:34.851530,1002446,57.48,57.47,3200,900,248,-25652
455,BMY,2020-07-10,0 days 15:59:39.863236,999694,57.49,57.48,2800,200,-2868,132
456,BMY,2020-07-10,0 days 15:59:44.875892,1042819,57.46,57.45,3728,2373,-6566,5850
457,BP,2020-07-10,0 days 15:55:05.203248,49307,22.46,22.45,27454,10561,695,-1631
458,BP,2020-07-10,0 days 15:55:06.206306,38502,22.46,22.45,27454,10561,-10805,695
459,BP,2020-07-10,0 days 15:55:37.281702,49307,22.45,22.44,14814,18574,7295,-10805
460,BP,2020-07-10,0 days 15:55:38.283613,48002,22.45,22.44,13214,18910,-1305,7295
461,BP,2020-07-10,0 days 15:56:08.356620,50368,22.47,22.46,25370,13888,6937,-10502
462,BP,2020-07-10,0 days 15:56:09.358716,49005,22.47,22.46,25370,14721,-1363,6937
463,BP,2020-07-10,0 days 15:58:50.749266,51873,22.47,22.46,33760,21487,502,-6179
464,BP,2020-07-10,0 days 15:59:00.774051,52375,22.47,22.46,24012,15553,-692,502
465,BP,2020-07-10,0 days 15:59:01.776209,52362,22.47,22.46,19253,18653,13,-692
466,BP,2020-07-10,0 days 15:59:02.778731,48023,22.47,22.46,17457,20787,-4339,13
467,BP,2020-07-10,0 days 15:59:11.801314,53215,22.47,22.46,17232,21454,709,-91
468,BRFS,2020-07-10,0 days 15:58:48.744016,13031,3.88,3.87,106206,46168,423,-1819
469,BRFS,2020-07-10,0 days 15:59:00.773991,13454,3.88,3.87,108412,36468,-77,423
470,BRFS,2020-07-10,0 days 15:59:02.778665,13531,3.88,3.87,102812,36361,1378,-77
471,BRK.B,2020-07-10,0 days 15:59:20.707829,416955,182.91,182.88,1300,700,-1530,75769
472,BRK.B,2020-07-10,0 days 15:59:21.710324,418485,182.87,182.84,700,256,73470,-1530
473,BRK.B,2020-07-10,0 days 15:59:55.792285,436700,182.91,182.88,200,100,60305,-11095
474,BRX,2020-07-10,0 days 15:55:00.197252,172951,12.08,12.07,5760,4800,4173,-20060
475,BRX,2020-07-10,0 days 15:55:01.197942,171724,12.08,12.07,5432,5800,-1227,4173
476,BRX,2020-07-10,0 days 15:55:43.299989,172951,12.09,12.08,5104,7807,42,-827
477,BRX,2020-07-10,0 days 15:55:46.306543,173893,12.09,12.08,3362,8507,-936,42
478,BRX,2020-07-10,0 days 15:57:57.613901,180757,12.11,12.1,2835,5481,134,-1566
479,BRX,2020-07-10,0 days 15:57:58.616403,179591,12.11,12.1,2935,5481,-866,134
480,BRX,2020-07-10,0 days 15:58:35.706845,180757,12.12,12.11,3992,4818,2823,-5490
481,BRX,2020-07-10,0 days 15:58:36.709611,179680,12.12,12.11,5310,4420,-777,2823
482,BRX,2020-07-10,0 days 15:59:46.880322,196732,12.12,12.11,10119,6714,4239,-1174
483,BRX,2020-07-10,0 days 15:59:47.881913,197571,12.12,12.11,7019,6914,-457,4239
484,BSX,2020-07-10,0 days 15:58:01.514297,710870,34.65,34.64,4712,6400,-716,13284
485,BSX,2020-07-10,0 days 15:58:02.516450,694586,34.65,34.64,6147,5010,16084,-716
486,BSX,2020-07-10,0 days 15:58:15.548127,716493,34.66,34.65,2312,8726,-5539,8215
487,BSX,2020-07-10,0 days 15:58:16.550345,701132,34.66,34.65,1512,8926,13761,-5539
488,BSX,2020-07-10,0 days 15:59:02.662397,717666,34.67,34.66,5899,4845,-16290,8362
489,BSX,2020-07-10,0 days 15:59:03.665106,713513,34.67,34.66,6329,3945,4153,-16290
490,BSX,2020-07-10,0 days 15:59:09.679612,720540,34.66,34.65,8335,2059,-1454,5501
491,BSX,2020-07-10,0 days 15:59:11.684640,713520,34.66,34.65,4035,6182,7194,-8680
492,BSX,2020-07-10,0 days 15:59:15.694428,721980,34.66,34.65,2635,8152,-19965,4561
493,BSX,2020-07-10,0 days 15:59:16.696959,716545,34.66,34.65,4435,7552,5435,-19965
494,BSX,2020-07-10,0 days 15:59:17.698895,721980,34.66,34.65,2935,7752,-3665,5435
495,BSX,2020-07-10,0 days 15:59:18.701285,717145,34.66,34.65,1835,8652,4835,-3665
496,BSX,2020-07-10,0 days 15:59:28.724740,720275,34.69,34.68,3999,5876,1705,-25795
497,BSX,2020-07-10,0 days 15:59:47.770633,764101,34.69,34.68,9300,4700,-9383,15471
498,BSX,2020-07-10,0 days 15:59:50.778994,736497,34.69,34.68,6093,7700,27604,-7896
499,BSX,2020-07-10,0 days 15:59:51.781058,764101,34.69,34.68,5652,7100,-12706,27604
500,BTI,2020-07-10,0 days 15:58:50.749324,30958,37.2,37.19,1870,2963,-3095,939
501,BTI,2020-07-10,0 days 15:58:51.751628,30253,37.2,37.19,1270,2863,705,-3095
502,BTI,2020-07-10,0 days 15:59:00.774214,32158,37.2,37.19,2300,2363,-238,562
503,BTI,2020-07-10,0 days 15:59:01.776334,31496,37.2,37.19,2000,2963,885,-238
504,BTI,2020-07-10,0 days 15:59:08.793929,30159,37.2,37.19,5087,2563,-162,438
505,BTI,2020-07-10,0 days 15:59:09.797086,29890,37.2,37.19,4774,1763,269,-162
506,BX,2020-07-10,0 days 15:56:46.333891,131080,53.62,53.61,200,200,-260,540
507,BX,2020-07-10,0 days 15:56:47.335922,131340,53.62,53.61,100,300,540,-260
508,BX,2020-07-10,0 days 15:59:39.754009,123222,53.69,53.67,300,781,4192,-1908
509,C,2020-07-10,0 days 15:55:04.276929,750439,52.6,52.59,3073,3390,-507,8730
510,C,2020-07-10,0 days 15:55:05.279563,748146,52.59,52.58,2243,3752,2293,-507
511,C,2020-07-10,0 days 15:55:27.334537,750439,52.62,52.61,3732,1281,-15107,19393
512,C,2020-07-10,0 days 15:56:02.419221,760786,52.6,52.59,3003,510,3593,-791
513,C,2020-07-10,0 days 15:56:03.420458,757979,52.61,52.6,3390,3100,-2807,3593
514,C,2020-07-10,0 days 15:56:08.432746,760786,52.6,52.59,2800,1360,5180,-2807
515,C,2020-07-10,0 days 15:56:35.497255,769127,52.62,52.61,7113,6387,-550,2750
516,C,2020-07-10,0 days 15:57:06.572425,769684,52.63,52.62,2477,5407,10143,-257
517,C,2020-07-10,0 days 15:57:07.575005,769427,52.63,52.62,2817,5407,-257,10143
518,C,2020-07-10,0 days 15:57:16.596687,774377,52.61,52.6,2323,5935,284,-150
519,C,2020-07-10,0 days 15:57:17.598867,774061,52.61,52.6,1295,6431,-316,284
520,C,2020-07-10,0 days 15:57:18.601229,774377,52.61,52.6,1515,5668,106,-316
521,C,2020-07-10,0 days 15:57:19.603687,770983,52.61,52.6,4231,3067,-3394,106
522,C,2020-07-10,0 days 15:57:21.608404,774377,52.6,52.59,2703,3962,3506,-3394
523,C,2020-07-10,0 days 15:57:23.613518,777883,52.6,52.59,1703,6139,-2494,3506
524,C,2020-07-10,0 days 15:57:24.615565,777477,52.6,52.59,3506,2377,406,-2494
525,C,2020-07-10,0 days 15:57:39.651598,778213,52.61,52.6,5108,5005,-1264,2536
526,C,2020-07-10,0 days 15:57:44.665004,784877,52.62,52.61,2583,3804,582,-1264
527,C,2020-07-10,0 days 15:57:52.682807,784904,52.63,52.62,5869,3825,555,-345
528,C,2020-07-10,0 days 15:58:00.703503,779459,52.61,52.6,2973,3503,-945,955
529,C,2020-07-10,0 days 15:58:04.712549,780704,52.61,52.6,2402,3481,4908,-945
530,C,2020-07-10,0 days 15:58:07.719621,785612,52.62,52.61,5145,100,-284,5208
531,C,2020-07-10,0 days 15:58:09.724732,786783,52.62,52.61,3202,4540,4829,-171
532,C,2020-07-10,0 days 15:58:10.727365,791612,52.62,52.61,4002,1840,-4371,4829
533,C,2020-07-10,0 days 15:58:11.731238,791083,52.62,52.61,3302,3341,529,-4371
534,C,2020-07-10,0 days 15:58:12.733496,791612,52.63,52.62,6088,7003,-1871,529
535,C,2020-07-10,0 days 15:58:14.736735,786783,52.62,52.61,1249,6091,4829,-2071
536,C,2020-07-10,0 days 15:58:15.739596,785612,52.62,52.61,2849,4929,-4771,4829
537,C,2020-07-10,0 days 15:58:17.744132,786783,52.62,52.61,5300,5229,2128,-1072
538,C,2020-07-10,0 days 15:58:18.748201,785711,52.63,52.62,3964,5000,-1072,2128
539,C,2020-07-10,0 days 15:58:20.751247,786783,52.62,52.61,1210,5231,3328,-1072
540,C,2020-07-10,0 days 15:58:26.766187,791711,52.62,52.61,6772,4896,-3172,528
541,C,2020-07-10,0 days 15:58:27.768749,791183,52.62,52.61,5752,4296,1428,-3172
542,C,2020-07-10,0 days 15:58:45.811874,788683,52.65,52.64,1369,7460,3448,-1752
543,C,2020-07-10,0 days 15:58:46.814580,792131,52.65,52.64,1671,7460,-2052,3448
544,C,2020-07-10,0 days 15:59:03.858215,919112,52.65,52.64,1671,7872,5591,-2374
545,CAG,2020-07-10,0 days 15:55:00.182063,204612,36.23,36.22,2262,600,-9992,12733
546,CAG,2020-07-10,0 days 15:55:38.273761,220504,36.25,36.24,3020,229,1136,-6379
547,CAG,2020-07-10,0 days 15:55:39.276516,214340,36.24,36.23,802,3191,-6164,1136
548,CAG,2020-07-10,0 days 15:58:36.703171,225689,36.32,36.31,200,3568,2392,-1275
549,CAG,2020-07-10,0 days 15:58:38.708199,223081,36.33,36.32,1000,3585,-108,892
550,CAG,2020-07-10,0 days 15:59:05.773317,232691,36.34,36.33,300,4379,17735,-2161
551,CAG,2020-07-10,0 days 15:59:46.871306,242640,36.33,36.32,3903,774,-1646,4284
552,CAT,2020-07-10,0 days 15:55:12.108241,224495,128.05,128.03,500,400,-30323,9757
553,CAT,2020-07-10,0 days 15:55:13.109792,223818,128.04,128.03,200,255,677,-30323
554,CAT,2020-07-10,0 days 15:55:27.143875,224795,128.02,128.0,400,300,-143,657
555,CAT,2020-07-10,0 days 15:56:03.230274,227279,128.06,128.04,300,400,27,-1702
556,CAT,2020-07-10,0 days 15:56:04.232897,227006,128.06,128.05,300,306,-273,27
557,CAT,2020-07-10,0 days 15:56:12.252546,227349,128.02,128.0,400,300,39,-143
558,CAT,2020-07-10,0 days 15:56:13.254579,227088,128.02,128.0,240,400,-261,39
559,CAT,2020-07-10,0 days 15:57:35.452009,266477,127.98,127.97,300,275,-601,621
560,CAT,2020-07-10,0 days 15:57:36.454137,264156,127.98,127.97,300,200,2321,-601
561,CAT,2020-07-10,0 days 15:57:50.487999,240514,128.05,128.02,300,504,563,-1557
562,CAT,2020-07-10,0 days 15:57:51.491169,237477,128.05,128.02,300,304,-2957,563
563,CAT,2020-07-10,0 days 15:58:03.520643,241914,128.05,128.02,622,200,2124,-1857
564,CAT,2020-07-10,0 days 15:58:04.522739,240838,128.06,128.04,400,257,-1496,2124
565,CAT,2020-07-10,0 days 15:58:26.576601,241914,128.07,128.05,600,100,2254,-3726
566,CAT,2020-07-10,0 days 15:58:27.578868,241012,128.06,128.05,770,111,-902,2254
567,CAT,2020-07-10,0 days 15:58:45.621902,243139,128.1,128.09,100,761,7031,-2637
568,CAT,2020-07-10,0 days 15:58:46.624225,241970,128.1,128.09,494,183,-1169,7031
569,CAT,2020-07-10,0 days 15:59:10.684136,248003,128.09,128.06,164,614,-1780,5194
570,CAT,2020-07-10,0 days 15:59:18.703089,246196,128.08,128.03,200,393,-801,2799
571,CAT,2020-07-10,0 days 15:59:21.710645,246997,128.08,128.05,200,300,7353,-801
572,CAT,2020-07-10,0 days 15:59:42.761218,255980,128.16,128.12,300,600,-602,2598
573,CAT,2020-07-10,0 days 15:59:43.763053,254182,128.14,128.12,100,100,1798,-602
574,CAT,2020-07-10,0 days 15:59:44.766019,254380,128.14,128.11,802,200,-2837,1798
575,CAT,2020-07-10,0 days 15:59:56.791243,252240,128.08,127.98,570,100,4740,-145
576,CBRE,2020-07-10,0 days 15:55:27.247551,92187,44.22,44.19,600,200,-2751,849
577,CBRE,2020-07-10,0 days 15:55:28.249728,92038,44.22,44.19,600,200,149,-2751
578,CBRE,2020-07-10,0 days 15:56:09.348952,92357,44.24,44.22,400,201,-81,62
579,CBRE,2020-07-10,0 days 15:56:10.350656,92238,44.24,44.22,400,101,119,-81
580,CBRE,2020-07-10,0 days 15:57:35.554144,93040,44.2,44.18,407,242,318,-182
581,CBRE,2020-07-10,0 days 15:57:36.556511,92858,44.19,44.18,400,242,-59,318
582,CBRE,2020-07-10,0 days 15:58:09.637997,93594,44.2,44.19,800,200,2715,-283
583,CBRE,2020-07-10,0 days 15:58:15.652915,94251,44.22,44.2,400,500,58,-442
584,CBRE,2020-07-10,0 days 15:58:16.655019,94609,44.22,44.2,502,500,-129,58
585,CBRE,2020-07-10,0 days 15:58:29.687055,94738,44.2,44.18,400,402,1698,-129
586,CBRE,2020-07-10,0 days 15:59:41.859641,105605,44.24,44.22,300,100,306,-1984
587,CCJ,2020-07-10,0 days 15:55:00.094426,38504,10.83,10.82,15262,16022,2468,-12480
588,CCJ,2020-07-10,0 days 15:55:01.098977,35872,10.83,10.82,10714,22022,-2632,2468
589,CCJ,2020-07-10,0 days 15:56:10.263459,38604,10.85,10.84,10549,10039,85,-905
590,CCJ,2020-07-10,0 days 15:57:10.408373,36208,10.86,10.85,4933,14093,-2396,804
591,CCJ,2020-07-10,0 days 15:58:48.642411,38704,10.85,10.84,23594,2284,2596,-1085
592,CCJ,2020-07-10,0 days 15:58:49.645197,36800,10.85,10.84,23394,4284,-1804,2596
593,CCJ,2020-07-10,0 days 15:59:02.677285,24512,10.86,10.85,8421,20518,12412,-1780
594,CCJ,2020-07-10,0 days 15:59:03.679517,24024,10.86,10.85,8421,19702,-488,12412
595,CCJ,2020-07-10,0 days 15:59:08.692063,24512,10.86,10.85,8121,19702,112,-488
596,CCJ,2020-07-10,0 days 15:59:09.695169,23530,10.86,10.85,8118,20418,-982,112
597,CCJ,2020-07-10,0 days 15:59:19.718677,38930,10.86,10.85,14497,5197,15600,-15400
598,CCJ,2020-07-10,0 days 15:59:20.720331,37930,10.86,10.85,14418,5497,-1000,15600
599,CCJ,2020-07-10,0 days 15:59:27.736281,38930,10.86,10.85,14897,5297,8185,-1000
600,CCJ,2020-07-10,0 days 15:59:28.739003,36515,10.86,10.85,14887,5297,-2415,8185
601,CCL,2020-07-10,0 days 15:56:30.295468,585004,16.17,16.16,2961,5100,-926,10782
602,CCL,2020-07-10,0 days 15:56:31.296924,569030,16.17,16.16,5779,4500,15974,-926
603,CCL,2020-07-10,0 days 15:57:18.410092,584355,16.2,16.19,13379,3984,11450,-4033
604,CCL,2020-07-10,0 days 15:58:57.649241,598353,16.17,16.16,9500,2605,1279,-4154
605,CCL,2020-07-10,0 days 15:59:07.674670,594951,16.17,16.16,2902,5446,4670,-17130
606,CCL,2020-07-10,0 days 15:59:09.680935,601822,16.17,16.16,1502,6146,-27155,4955
607,CCL,2020-07-10,0 days 15:59:10.682622,597977,16.17,16.16,902,6146,2045,-27155
608,CCL,2020-07-10,0 days 15:59:44.761314,650840,16.13,16.12,11860,3200,224,-1945
609,CDAY,2020-07-10,0 days 15:55:01.080942,44037,83.41,83.37,200,451,-391,1109
610,CDAY,2020-07-10,0 days 15:57:31.440868,45161,83.35,83.33,413,500,458,-482
611,CDAY,2020-07-10,0 days 15:57:32.443029,44819,83.35,83.33,413,300,-342,458
612,CDAY,2020-07-10,0 days 15:57:36.452190,45161,83.35,83.33,413,400,258,-342
613,CDAY,2020-07-10,0 days 15:57:38.458049,45019,83.35,83.34,216,200,-142,58
614,CDAY,2020-07-10,0 days 15:57:50.486785,45161,83.35,83.33,119,392,58,-142
615,CDAY,2020-07-10,0 days 15:57:52.492096,44819,83.44,83.33,1300,392,-342,58
616,CDAY,2020-07-10,0 days 15:58:30.585127,45161,83.39,83.33,100,703,178,-222
617,CDAY,2020-07-10,0 days 15:58:31.587299,44939,83.39,83.33,100,1009,-222,178
618,CDAY,2020-07-10,0 days 15:59:13.690307,46792,83.39,83.37,200,100,296,-1592
619,CDAY,2020-07-10,0 days 15:59:14.692157,46388,83.39,83.37,200,100,-404,296
620,CDAY,2020-07-10,0 days 15:59:41.753664,53214,83.33,83.26,450,400,5450,-876
621,CDAY,2020-07-10,0 days 15:59:42.756616,52664,83.32,83.27,422,100,-550,5450
622,CDAY,2020-07-10,0 days 15:59:44.761281,53214,83.28,83.25,200,400,150,-550
623,CDAY,2020-07-10,0 days 15:59:48.769992,52664,83.25,83.22,200,100,-550,150
624,CDAY,2020-07-10,0 days 15:59:49.771931,53114,83.22,83.19,200,100,791,-550
625,CDAY,2020-07-10,0 days 15:59:50.769954,51805,83.25,83.18,472,200,-1309,791
626,CDE,2020-07-10,0 days 15:55:38.208080,182639,5.69,5.68,12786,24522,-1645,3210
627,CDE,2020-07-10,0 days 15:55:39.209658,173984,5.69,5.68,12786,24522,8655,-1645
628,CDE,2020-07-10,0 days 15:59:15.732280,188212,5.68,5.67,30096,9936,-2050,444
629,CDE,2020-07-10,0 days 15:59:20.744646,182906,5.68,5.67,25625,15357,5306,-2050
630,CF,2020-07-10,0 days 15:55:38.170032,262367,28.1,28.09,1600,935,292,-2415
631,CF,2020-07-10,0 days 15:55:46.188891,257659,28.1,28.09,700,1109,-4708,1692
632,CF,2020-07-10,0 days 15:58:46.622696,265911,28.13,28.12,929,1720,387,-588
633,CF,2020-07-10,0 days 15:58:54.642187,262098,28.13,28.12,1051,1313,-3813,1387
634,CF,2020-07-10,0 days 15:59:21.709397,254354,28.13,28.12,612,400,-17843,12657
635,CF,2020-07-10,0 days 15:59:44.761197,273435,28.14,28.13,700,600,-132,5763
636,CFG,2020-07-10,0 days 15:55:01.080995,198666,24.13,24.12,3747,2977,208,-192
637,CFG,2020-07-10,0 days 15:55:27.143657,200674,24.13,24.12,3500,2945,-692,208
638,CFG,2020-07-10,0 days 15:55:33.158317,202066,24.13,24.12,2753,3545,4008,-292
639,CFG,2020-07-10,0 days 15:55:34.160003,201774,24.14,24.13,3176,4500,-292,4008
640,CFG,2020-07-10,0 days 15:55:46.188998,231616,24.14,24.13,2942,2609,2858,-342
641,CFG,2020-07-10,0 days 15:59:02.662541,263819,24.18,24.17,5750,1794,-331,1345
642,CFG,2020-07-10,0 days 15:59:06.672675,265313,24.17,24.16,1741,3690,-3137,63
643,CFG,2020-07-10,0 days 15:59:07.674715,263981,24.17,24.16,2086,2990,1332,-3137
644,CFG,2020-07-10,0 days 15:59:42.756687,271440,24.18,24.17,7129,2309,-909,491
645,CGC,2020-07-10,0 days 15:57:01.560246,26480,17.4,17.39,6112,2428,-349,797
646,CGC,2020-07-10,0 days 15:57:02.562742,25829,17.4,17.39,6112,2428,651,-349
647,CGC,2020-07-10,0 days 15:58:08.722990,27626,17.41,17.4,1800,2800,-403,697
648,CGC,2020-07-10,0 days 15:58:09.724767,27029,17.41,17.4,1800,2700,597,-403
649,CGC,2020-07-10,0 days 15:59:59.997753,23079,17.43,17.38,100,700,4806,-442
650,CHD,2020-07-10,0 days 15:55:24.253638,103653,82.94,82.92,700,441,251,-2449
651,CHD,2020-07-10,0 days 15:55:25.255902,102904,82.94,82.92,700,441,-749,251
652,CHD,2020-07-10,0 days 15:57:38.567913,111437,82.82,82.8,1296,600,1404,-1600
653,CHD,2020-07-10,0 days 15:57:39.570263,110341,82.82,82.8,1296,600,-1096,1404
654,CHD,2020-07-10,0 days 15:58:30.695282,113331,82.82,82.81,841,600,915,-533
655,CHD,2020-07-10,0 days 15:58:31.697366,112346,82.82,82.81,741,800,-985,915
656,CHD,2020-07-10,0 days 15:58:44.728722,113931,82.85,82.84,500,283,925,-885
657,CHD,2020-07-10,0 days 15:58:45.732480,111356,82.85,82.84,400,282,-2575,925
658,CHD,2020-07-10,0 days 15:59:05.783253,114096,82.86,82.85,738,223,720,-1980
659,CHD,2020-07-10,0 days 15:59:06.783835,113516,82.86,82.85,738,223,-1164,720
660,CHD,2020-07-10,0 days 15:59:12.799084,115981,82.85,82.83,600,600,135,-648
661,CHD,2020-07-10,0 days 15:59:19.815771,120316,82.83,82.82,909,1026,-1007,79
662,CHD,2020-07-10,0 days 15:59:20.817680,121326,82.88,82.87,299,285,3423,-1007
663,CHD,2020-07-10,0 days 15:59:41.868194,125549,82.85,82.84,100,100,-28,1681
664,CHD,2020-07-10,0 days 15:59:42.871477,125577,82.85,82.81,400,800,172,-28
665,CHGG,2020-07-10,0 days 15:55:00.095124,71760,74.94,74.92,786,400,-103,7093
666,CHGG,2020-07-10,0 days 15:55:01.099367,71663,74.94,74.93,649,100,97,-103
667,CHGG,2020-07-10,0 days 15:56:17.280222,76185,74.95,74.93,109,600,-121,79
668,CHGG,2020-07-10,0 days 15:56:18.282955,75706,74.94,74.92,496,600,479,-121
669,CHGG,2020-07-10,0 days 15:57:33.460316,76285,74.99,74.97,399,400,-521,479
670,CHGG,2020-07-10,0 days 15:57:34.462307,71114,74.98,74.97,200,400,5171,-521
671,CHGG,2020-07-10,0 days 15:57:38.472877,76285,74.99,74.98,100,305,-434,7
672,CHGG,2020-07-10,0 days 15:57:40.477619,76719,74.99,74.98,100,105,466,-434
673,CHGG,2020-07-10,0 days 15:57:41.480109,77185,74.99,74.97,100,100,-34,466
674,CHGG,2020-07-10,0 days 15:57:42.481970,77119,74.99,74.97,298,100,66,-34
675,CHGG,2020-07-10,0 days 15:57:43.484494,77185,74.99,74.97,198,100,-1034,66
676,CHGG,2020-07-10,0 days 15:57:44.486686,77119,74.99,74.98,198,100,66,-1034
677,CHGG,2020-07-10,0 days 15:57:45.489696,77185,75.01,74.99,900,200,-234,66
678,CHGG,2020-07-10,0 days 15:57:46.491714,78019,75.0,74.97,300,100,166,-234
679,CHGG,2020-07-10,0 days 15:57:47.494122,78185,75.0,74.99,440,100,-334,166
680,CHGG,2020-07-10,0 days 15:57:48.496385,78119,75.0,74.99,300,194,66,-334
681,CHGG,2020-07-10,0 days 15:59:13.704723,88100,75.02,75.01,200,100,-472,1628
682,CHGG,2020-07-10,0 days 15:59:14.707282,87572,75.02,75.01,200,100,544,-472
683,CHGG,2020-07-10,0 days 15:59:24.730350,88139,75.03,75.01,300,220,-1948,76
684,CHGG,2020-07-10,0 days 15:59:25.732369,87787,75.03,75.01,200,120,352,-1948
685,CHS,2020-07-10,0 days 15:59:59.935645,1119861,1.29,1.27,21962,2900,72011,-130654
686,CHWY,2020-07-10,0 days 15:56:38.504562,54886,48.62,48.61,520,265,-1105,481
687,CHWY,2020-07-10,0 days 15:56:39.506972,54411,48.62,48.61,520,100,475,-1105
688,CHWY,2020-07-10,0 days 15:57:34.639304,55191,48.69,48.65,206,500,-75,425
689,CHWY,2020-07-10,0 days 15:57:35.641762,54786,48.68,48.65,300,500,405,-75
690,CHWY,2020-07-10,0 days 15:57:37.646682,55191,48.68,48.65,400,600,-475,205
691,CHWY,2020-07-10,0 days 15:57:38.649247,54866,48.68,48.66,200,300,325,-475
692,CHWY,2020-07-10,0 days 15:57:41.658267,55191,48.68,48.66,200,300,-75,325
693,CHWY,2020-07-10,0 days 15:57:42.660052,54866,48.68,48.66,100,400,325,-75
694,CHWY,2020-07-10,0 days 15:57:43.662627,55191,48.68,48.66,100,400,-175,325
695,CHWY,2020-07-10,0 days 15:57:44.665109,54966,48.68,48.66,100,300,225,-175
696,CHWY,2020-07-10,0 days 15:57:46.669575,55191,48.68,48.66,220,400,-175,25
697,CHWY,2020-07-10,0 days 15:57:48.674432,54966,48.68,48.66,320,400,225,-175
698,CHWY,2020-07-10,0 days 15:57:59.699797,55191,48.67,48.65,830,800,-1178,1731
699,CHWY,2020-07-10,0 days 15:58:00.703663,55169,48.67,48.66,505,100,22,-1178
700,CHWY,2020-07-10,0 days 15:58:14.736939,55191,48.67,48.66,227,296,-323,222
701,CHWY,2020-07-10,0 days 15:58:16.742086,56434,48.69,48.68,100,100,209,-323
702,CHWY,2020-07-10,0 days 15:59:00.849226,55491,48.65,48.64,100,100,-1003,49
703,CHWY,2020-07-10,0 days 15:59:03.858457,55383,48.67,48.64,200,170,108,-903
704,CHWY,2020-07-10,0 days 15:59:05.862009,56391,48.65,48.64,277,170,-1010,208
705,CHWY,2020-07-10,0 days 15:59:06.863755,56301,48.65,48.64,177,170,90,-1010
706,CHWY,2020-07-10,0 days 15:59:19.896048,56391,48.6,48.59,300,100,-1149,210
707,CHWY,2020-07-10,0 days 15:59:45.960446,66777,48.63,48.6,400,100,8424,-9876
708,CHWY,2020-07-10,0 days 15:59:46.962646,66301,48.61,48.58,381,200,-3683,8424
709,CHX,2020-07-10,0 days 15:59:23.715557,159103,8.97,8.96,600,543,-3972,6028
710,CHX,2020-07-10,0 days 15:59:35.743452,163075,8.97,8.96,7746,323,3940,-2872
711,CI,2020-07-10,0 days 15:56:10.247006,103300,175.03,174.94,180,250,3067,-2771
712,CI,2020-07-10,0 days 15:56:11.249895,100466,175.03,174.94,280,163,-2834,3067
713,CI,2020-07-10,0 days 15:57:40.464126,103874,175.24,175.14,201,200,4730,-170
714,CI,2020-07-10,0 days 15:57:41.466901,101904,175.22,175.15,280,314,-1970,4730
715,CI,2020-07-10,0 days 15:58:07.530190,104065,175.38,175.26,647,100,2114,-470
716,CI,2020-07-10,0 days 15:58:08.533174,102679,175.43,175.34,150,465,-1386,2114
717,CI,2020-07-10,0 days 15:58:14.547693,104065,175.48,175.37,101,200,209,-1586
718,CI,2020-07-10,0 days 15:58:15.549891,102774,175.48,175.42,101,200,-1291,209
719,CI,2020-07-10,0 days 15:59:02.664440,103674,175.47,175.36,113,100,5193,-1168
720,CI,2020-07-10,0 days 15:59:03.667184,103287,175.45,175.36,100,100,-387,5193
721,CI,2020-07-10,0 days 15:59:05.672259,103674,175.42,175.34,100,200,1858,-342
722,CI,2020-07-10,0 days 15:59:06.673774,103432,175.43,175.34,100,200,-242,1858
723,CI,2020-07-10,0 days 15:59:09.681722,104081,175.39,175.34,100,300,2414,-137
724,CIG,2020-07-10,0 days 15:57:37.469630,5635,2.19,2.18,112229,49149,-2340,860
725,CIG,2020-07-10,0 days 15:59:03.679760,8852,2.19,2.18,11589,158578,23796,-2090
726,CIG,2020-07-10,0 days 15:59:15.708947,119061,2.19,2.18,17889,153008,-4250,4090
727,CIM,2020-07-10,0 days 15:55:00.077875,413492,8.93,8.92,7749,20199,-386517,31795
728,CIM,2020-07-10,0 days 15:59:21.710507,851246,8.95,8.94,22855,27004,126067,-217916
729,CIM,2020-07-10,0 days 15:59:22.713411,837213,8.95,8.94,12642,32744,-14033,126067
730,CIM,2020-07-10,0 days 15:59:24.717700,851246,8.95,8.94,13442,27544,41839,-12433
731,CIM,2020-07-10,0 days 15:59:26.722440,830985,8.95,8.94,17142,25629,-20261,7239
732,CIM,2020-07-10,0 days 15:59:35.743320,868280,8.95,8.94,21146,24207,24784,-8795
733,CIM,2020-07-10,0 days 15:59:36.745880,863664,8.95,8.94,17946,22941,-4616,24784
734,CIM,2020-07-10,0 days 15:59:46.770043,912596,8.95,8.94,24513,17562,7701,-38132
735,CIM,2020-07-10,0 days 15:59:48.774723,919225,8.95,8.94,19813,23262,-14108,53166
736,CIT,2020-07-10,0 days 15:58:52.674665,95988,20.05,20.04,532,1003,4124,-1776
737,CIT,2020-07-10,0 days 15:59:00.695434,97746,20.05,20.04,1600,1403,-424,1942
738,CIT,2020-07-10,0 days 15:59:07.713094,95100,20.04,20.03,2518,422,2646,-635
739,CIT,2020-07-10,0 days 15:59:19.741993,98746,20.02,20.01,800,1900,-2759,2146
740,CIT,2020-07-10,0 days 15:59:20.744500,96505,20.02,20.01,900,1500,1241,-2759
741,CL,2020-07-10,0 days 15:59:21.747065,1030430,73.75,73.74,300,200,-39386,270575
742,CL,2020-07-10,0 days 15:59:22.749900,982941,73.73,73.72,317,600,51089,-39386
743,CL,2020-07-10,0 days 15:59:23.752503,1034030,73.75,73.73,1200,200,-10328,51089
744,CL,2020-07-10,0 days 15:59:24.753832,1008058,73.76,73.74,604,500,13372,-10328
745,CL,2020-07-10,0 days 15:59:39.789183,1023191,73.78,73.77,100,810,-353,3016
746,CLDR,2020-07-10,0 days 15:55:00.115370,169883,12.43,12.42,4848,6714,3260,-7524
747,CLDR,2020-07-10,0 days 15:55:25.177021,169883,12.43,12.42,7469,5051,3260,-1140
748,CLDR,2020-07-10,0 days 15:57:13.437335,173143,12.38,12.37,4530,4226,-3787,643
749,CLDR,2020-07-10,0 days 15:57:14.439252,171430,12.37,12.36,5995,2923,1713,-3787
750,CLDR,2020-07-10,0 days 15:59:37.784823,181932,12.39,12.38,4000,7806,-2987,3513
751,CLDR,2020-07-10,0 days 15:59:38.785854,181719,12.39,12.38,2500,8314,213,-2987
752,CLF,2020-07-10,0 days 15:57:52.607285,233765,5.75,5.74,33671,47144,6572,-20528
753,CLF,2020-07-10,0 days 15:59:39.867734,285418,5.74,5.73,87953,21098,-43073,5127
754,CLF,2020-07-10,0 days 15:59:40.869529,280191,5.74,5.73,88508,19398,5227,-43073
755,CLF,2020-07-10,0 days 15:59:44.878260,285418,5.74,5.73,84477,17337,-2573,5227
756,CLF,2020-07-10,0 days 15:59:48.887381,280591,5.74,5.73,80450,33477,4827,-2573
757,CLGX,2020-07-10,0 days 15:55:20.277341,38253,67.24,67.21,500,300,-313,1987
758,CLGX,2020-07-10,0 days 15:55:21.279537,36466,67.23,67.19,539,400,1787,-313
759,CLGX,2020-07-10,0 days 15:56:44.479963,41569,67.16,67.14,100,300,-1043,2357
760,CLGX,2020-07-10,0 days 15:56:45.482331,39512,67.15,67.11,401,286,2057,-1043
761,CLNY,2020-07-10,0 days 15:59:04.814878,389260,2.34,2.33,24751,12698,-10281,27119
762,CLNY,2020-07-10,0 days 15:59:05.817470,381541,2.34,2.33,22551,13632,7719,-10281
763,CLR,2020-07-10,0 days 15:56:37.463289,219964,16.0,15.99,4687,7546,-67671,91229
764,CLR,2020-07-10,0 days 15:56:38.465145,211835,15.98,15.97,2363,1300,8229,-67671
765,CLR,2020-07-10,0 days 15:57:28.586438,200064,15.97,15.96,1061,3100,-14016,7684
766,CLR,2020-07-10,0 days 15:57:29.586450,192180,15.96,15.95,3658,7474,7884,-14016
767,CLR,2020-07-10,0 days 15:59:27.870795,238544,16.0,15.99,9784,6500,-410,1874
768,CLR,2020-07-10,0 days 15:59:38.897504,234467,16.0,15.99,6866,8920,4077,-5623
769,CLR,2020-07-10,0 days 15:59:39.899987,238544,16.0,15.99,6566,8920,-12823,4077
770,CLR,2020-07-10,0 days 15:59:40.902646,236327,16.0,15.99,6366,9020,2217,-12823
771,CLR,2020-07-10,0 days 15:59:45.914395,250678,16.0,15.99,4866,9490,-226,1342
772,CLR,2020-07-10,0 days 15:59:48.921630,247309,16.0,15.99,500,8790,3369,-2431
773,CMCM,2020-07-10,0 days 15:59:36.745805,3338,2.75,2.74,504,5739,-772,1128
774,CMCM,2020-07-10,0 days 15:59:37.748335,3310,2.75,2.74,504,5539,28,-772
775,CMS,2020-07-10,0 days 15:55:00.115525,141169,59.38,59.37,119,542,-1698,52465
776,CMS,2020-07-10,0 days 15:57:08.424155,144251,59.36,59.35,796,500,41,-9
777,CMS,2020-07-10,0 days 15:57:28.472539,142329,59.41,59.4,787,1279,-1922,978
778,CMS,2020-07-10,0 days 15:58:45.658137,144649,59.41,59.4,200,1142,468,-766
779,CMS,2020-07-10,0 days 15:58:46.660216,143417,59.41,59.4,700,766,-1032,468
780,CMS,2020-07-10,0 days 15:58:59.691164,144523,59.39,59.38,600,1002,41,-509
781,CMS,2020-07-10,0 days 15:59:00.695514,143564,59.39,59.38,234,1350,-970,41
782,CMS,2020-07-10,0 days 15:59:03.703393,144534,59.39,59.38,200,1391,2284,-970
783,CMS,2020-07-10,0 days 15:59:04.705815,141118,59.39,59.38,400,996,-3416,2284
784,CMS,2020-07-10,0 days 15:59:05.707818,146534,59.4,59.39,409,500,11327,-3416
785,CNC,2020-07-10,0 days 15:56:17.263279,141610,62.75,62.74,600,300,852,-1248
786,CNC,2020-07-10,0 days 15:56:18.265732,140762,62.76,62.75,904,200,-848,852
787,CNC,2020-07-10,0 days 15:56:33.301844,141610,62.76,62.74,852,816,269,-610
788,CNC,2020-07-10,0 days 15:56:34.304274,140879,62.76,62.74,652,1117,-731,269
789,CNC,2020-07-10,0 days 15:57:44.472475,142406,62.84,62.83,411,400,92,-725
790,CNC,2020-07-10,0 days 15:57:45.475136,141698,62.84,62.83,511,400,-708,92
791,CNC,2020-07-10,0 days 15:58:04.521886,142406,62.83,62.82,100,805,399,-313
792,CNC,2020-07-10,0 days 15:58:10.536334,143317,62.85,62.84,397,1109,-189,111
793,CNC,2020-07-10,0 days 15:58:15.549256,142717,62.87,62.86,500,400,-289,211
794,CNC,2020-07-10,0 days 15:58:16.551464,142506,62.87,62.86,400,604,211,-289
795,CNC,2020-07-10,0 days 15:58:25.572964,143317,62.84,62.83,300,700,-989,111
796,CNC,2020-07-10,0 days 15:58:26.575870,142506,62.85,62.84,696,229,1211,-989
797,CNC,2020-07-10,0 days 15:58:27.577962,143364,62.85,62.84,296,500,-942,1211
798,CNC,2020-07-10,0 days 15:58:28.580169,143206,62.84,62.83,100,600,158,-942
799,CNC,2020-07-10,0 days 15:58:44.618052,142864,62.86,62.85,297,500,-4270,899
800,CNC,2020-07-10,0 days 15:58:45.620908,142534,62.86,62.85,397,500,330,-4270
801,CNC,2020-07-10,0 days 15:58:47.625236,142264,62.86,62.85,397,500,-270,330
802,CNC,2020-07-10,0 days 15:58:48.627724,142034,62.87,62.85,600,800,230,-270
803,CNC,2020-07-10,0 days 15:59:01.660655,143006,62.87,62.86,700,100,-328,572
804,CNC,2020-07-10,0 days 15:59:02.662359,142799,62.86,62.85,500,100,569,-328
805,CNC,2020-07-10,0 days 15:59:11.684782,153917,62.85,62.84,232,500,975,-725
806,CNC,2020-07-10,0 days 15:59:22.712054,155092,62.87,62.84,232,600,-33,667
807,CNC,2020-07-10,0 days 15:59:42.756522,153687,62.89,62.86,900,600,1405,-595
808,CNK,2020-07-10,0 days 15:57:19.517319,105913,13.04,13.03,1538,3099,1478,-1109
809,CNK,2020-07-10,0 days 15:57:20.519737,105820,13.04,13.03,1200,3106,-93,1478
810,CNK,2020-07-10,0 days 15:57:39.564009,104720,13.04,13.03,2300,3209,-1193,807
811,CNK,2020-07-10,0 days 15:58:11.643221,105913,13.04,13.03,2404,3101,564,-121
812,CNP,2020-07-10,0 days 15:55:00.094217,196993,19.26,19.25,9287,5517,-1343,40380
813,CNP,2020-07-10,0 days 15:55:55.227407,201600,19.26,19.25,9896,9995,4254,-1646
814,CNP,2020-07-10,0 days 15:55:56.230082,200054,19.26,19.25,9296,9595,-1546,4254
815,CNP,2020-07-10,0 days 15:57:04.393495,202314,19.27,19.26,18211,4529,9426,-574
816,CNP,2020-07-10,0 days 15:57:05.396297,199340,19.27,19.26,16311,5083,-2974,9426
817,CNP,2020-07-10,0 days 15:57:32.457185,202231,19.26,19.25,12075,6329,9,-3491
818,CNP,2020-07-10,0 days 15:57:33.459707,199614,19.26,19.25,11370,6826,-2617,9
819,CNP,2020-07-10,0 days 15:57:38.472286,205031,19.26,19.25,12197,7136,5283,-5417
820,CNP,2020-07-10,0 days 15:57:39.474125,199614,19.26,19.25,16877,7876,-5417,5283
821,CNP,2020-07-10,0 days 15:58:44.632748,214965,19.27,19.26,2125,13513,369,-1357
822,CNP,2020-07-10,0 days 15:58:45.634989,213734,19.27,19.26,2013,13013,-331,369
823,CNP,2020-07-10,0 days 15:59:01.675133,218573,19.28,19.27,10762,2453,1055,-1464
824,CNP,2020-07-10,0 days 15:59:02.677068,217740,19.28,19.27,12231,1560,-3827,1055
825,CNP,2020-07-10,0 days 15:59:04.681767,221771,19.27,19.26,12512,6620,1400,-5296
826,CNP,2020-07-10,0 days 15:59:05.684212,220471,19.27,19.26,15880,4420,-1300,1400
827,CNP,2020-07-10,0 days 15:59:18.715599,222282,19.26,19.25,11200,7652,13758,-904
828,CNP,2020-07-10,0 days 15:59:19.718507,221940,19.26,19.25,6869,8252,-342,13758
829,CNP,2020-07-10,0 days 15:59:22.725677,226782,19.26,19.25,2830,13052,26360,-42
830,CNP,2020-07-10,0 days 15:59:40.768469,252706,19.29,19.28,9477,6398,-25730,11976
831,CNQ,2020-07-10,0 days 15:55:32.273659,41597,16.84,16.83,2700,14961,10136,-664
832,CNQ,2020-07-10,0 days 15:58:08.642455,51638,16.86,16.85,15268,1703,198,-702
833,CNQ,2020-07-10,0 days 15:58:10.646085,48819,16.85,16.84,8405,9215,-716,1084
834,CNQ,2020-07-10,0 days 15:58:51.746072,51072,16.86,16.85,2446,9417,2504,-726
835,CNX,2020-07-10,0 days 15:56:04.346709,264763,8.41,8.4,4434,10814,-9767,10748
836,CNX,2020-07-10,0 days 15:56:05.348528,255830,8.41,8.4,5414,8759,8933,-9767
837,CNX,2020-07-10,0 days 15:59:04.784131,270826,8.43,8.42,4895,8135,-19648,7296
838,CNX,2020-07-10,0 days 15:59:05.786860,243174,8.43,8.42,5485,7035,28452,-19648
839,CNX,2020-07-10,0 days 15:59:06.788971,271626,8.43,8.42,6337,7575,-825,28452
840,CNX,2020-07-10,0 days 15:59:35.857706,267266,8.43,8.42,4266,9675,4360,-3540
841,COF,2020-07-10,0 days 15:55:01.193470,117433,60.67,60.64,400,727,-143,757
842,COF,2020-07-10,0 days 15:55:12.221285,118483,60.66,60.65,650,700,250,-281
843,COF,2020-07-10,0 days 15:55:13.223200,118233,60.66,60.65,491,300,-250,250
844,COF,2020-07-10,0 days 15:55:16.230732,118483,60.67,60.66,100,391,622,-250
845,COF,2020-07-10,0 days 15:55:17.232685,118305,60.67,60.66,200,100,-178,622
846,COF,2020-07-10,0 days 15:55:26.254847,118483,60.64,60.63,196,200,136,-178
847,COF,2020-07-10,0 days 15:55:27.257615,118419,60.65,60.64,200,405,-264,136
848,COF,2020-07-10,0 days 15:56:10.360650,125883,60.63,60.61,690,700,8450,-50
849,COF,2020-07-10,0 days 15:57:38.573013,137860,60.65,60.64,882,100,-2017,703
850,COF,2020-07-10,0 days 15:57:39.575165,136777,60.65,60.64,236,495,1083,-2017
851,COF,2020-07-10,0 days 15:58:44.734358,149354,60.72,60.71,400,300,-588,1885
852,COF,2020-07-10,0 days 15:58:45.736931,145542,60.71,60.7,255,600,3812,-588
853,COF,2020-07-10,0 days 15:59:06.788913,149449,60.75,60.74,800,300,-1127,2102
854,COF,2020-07-10,0 days 15:59:07.791744,148676,60.75,60.74,999,301,773,-1127
855,COF,2020-07-10,0 days 15:59:23.830583,210375,60.78,60.76,100,1100,-7897,2451
856,COF,2020-07-10,0 days 15:59:24.832335,204062,60.78,60.76,400,600,6313,-7897
857,COG,2020-07-10,0 days 15:59:12.835091,329421,17.58,17.57,3446,1347,-307,13630
858,COG,2020-07-10,0 days 15:59:16.844059,322689,17.56,17.55,4182,1600,6732,-11168
859,COG,2020-07-10,0 days 15:59:46.916814,347656,17.59,17.58,1300,5674,7028,-6061
860,COG,2020-07-10,0 days 15:59:48.921731,354684,17.6,17.58,2200,5560,-4479,6258
861,COG,2020-07-10,0 days 15:59:49.923510,350063,17.6,17.58,2200,5660,4621,-4479
862,COP,2020-07-10,0 days 15:59:40.857549,1701463,39.76,39.75,4200,100,-9647,1033
863,COP,2020-07-10,0 days 15:59:41.859660,1700310,39.7,39.69,700,1000,5025,-9647
864,COP,2020-07-10,0 days 15:59:46.871520,1721976,39.73,39.72,500,2169,-13118,13321
865,COTY,2020-07-10,0 days 15:59:03.666773,266390,4.23,4.22,25694,49347,-13695,19221
866,COTY,2020-07-10,0 days 15:59:04.668841,262485,4.23,4.22,23894,48097,3905,-13695
867,COTY,2020-07-10,0 days 15:59:09.681468,282861,4.23,4.22,65018,27562,-5077,9176
868,COTY,2020-07-10,0 days 15:59:42.760954,297068,4.23,4.22,71394,62405,5515,-9939
869,COTY,2020-07-10,0 days 15:59:43.762875,312483,4.23,4.22,63700,57495,-3085,5515
870,CPRI,2020-07-10,0 days 15:57:47.590635,117303,15.32,15.31,2439,1598,1820,-80
871,CPRI,2020-07-10,0 days 15:59:06.784747,131965,15.34,15.33,1600,3520,-9964,12555
872,CPRI,2020-07-10,0 days 15:59:07.787476,129429,15.34,15.33,1200,3526,2179,-9964
873,CPRI,2020-07-10,0 days 15:59:30.842726,132334,15.34,15.33,300,3566,-1331,2312
874,CPRI,2020-07-10,0 days 15:59:40.865052,131554,15.35,15.34,2300,761,423,-1331
875,CRM,2020-07-10,0 days 15:56:23.294405,169159,199.0,198.97,300,216,-6796,1404
876,CRM,2020-07-10,0 days 15:56:46.350434,171855,198.91,198.89,300,305,18,-130
877,CRM,2020-07-10,0 days 15:56:50.359697,170924,198.95,198.89,100,540,-931,18
878,CRM,2020-07-10,0 days 15:57:35.464500,171755,198.97,198.95,200,300,1710,-1039
879,CRM,2020-07-10,0 days 15:57:37.469599,173465,198.98,198.94,100,200,-19213,210
880,CRM,2020-07-10,0 days 15:57:59.523010,192478,198.94,198.92,300,100,13084,-17516
881,CRM,2020-07-10,0 days 15:58:00.526510,191262,198.94,198.92,200,100,-1216,13084
882,CRM,2020-07-10,0 days 15:58:04.535904,192478,198.97,198.95,805,200,1447,-1216
883,CRM,2020-07-10,0 days 15:58:05.538627,190876,199.0,198.96,1420,514,-1602,1447
884,CRM,2020-07-10,0 days 15:58:32.603652,195731,199.05,199.03,500,500,5655,-105
885,CRM,2020-07-10,0 days 15:58:33.606526,194582,199.08,199.04,408,400,-1149,5655
886,CRM,2020-07-10,0 days 15:58:44.633238,183245,199.0,198.98,599,200,941,-1382
887,CRM,2020-07-10,0 days 15:59:03.679720,183888,198.98,198.96,100,217,-7206,1329
888,CRM,2020-07-10,0 days 15:59:04.682156,183694,198.98,198.93,100,101,194,-7206
889,CRM,2020-07-10,0 days 15:59:09.695443,185026,198.94,198.93,100,110,-3690,111
890,CRM,2020-07-10,0 days 15:59:19.719054,190965,198.91,198.87,217,108,175,-2039
891,CRM,2020-07-10,0 days 15:59:23.728879,191240,198.92,198.88,200,200,-625,324
892,CRM,2020-07-10,0 days 15:59:24.730149,191065,198.94,198.89,200,100,175,-625
893,CRM,2020-07-10,0 days 15:59:34.754231,188440,198.95,198.91,100,100,-2625,175
894,CRM,2020-07-10,0 days 15:59:40.768925,189965,198.91,198.87,240,200,2224,-2725
895,CRM,2020-07-10,0 days 15:59:44.778825,195583,198.91,198.86,718,429,-882,67
896,CRM,2020-07-10,0 days 15:59:45.781104,195265,198.9,198.86,400,129,2339,-882
897,CRM,2020-07-10,0 days 15:59:46.783104,197604,198.9,198.87,200,154,-174,2339
898,CRM,2020-07-10,0 days 15:59:47.785422,197778,198.9,198.87,200,154,1747,-174
899,CS,2020-07-10,0 days 15:59:22.713561,59280,10.58,10.57,65706,44246,5160,-96
900,CS,2020-07-10,0 days 15:59:23.715630,42740,10.58,10.57,61506,46046,-16540,5160
901,CTL,2020-07-10,0 days 15:55:00.082432,462123,9.91,9.9,10061,26643,-7109,42590
902,CTL,2020-07-10,0 days 15:55:46.188998,475847,9.89,9.88,11732,27479,4776,-4724
903,CTL,2020-07-10,0 days 15:55:47.191515,470323,9.89,9.88,11732,27579,-5524,4776
904,CTL,2020-07-10,0 days 15:56:16.260961,482052,9.9,9.89,16722,35226,9414,-10686
905,CTL,2020-07-10,0 days 15:56:17.263338,477866,9.9,9.89,15730,39147,-4186,9414
906,CTL,2020-07-10,0 days 15:57:17.407803,482052,9.91,9.9,26468,13356,4287,-313
907,CTL,2020-07-10,0 days 15:57:18.410100,478139,9.91,9.9,25571,15656,-3913,4287
908,CTL,2020-07-10,0 days 15:57:43.469792,482052,9.91,9.9,23024,12921,2445,-2255
909,CTL,2020-07-10,0 days 15:57:44.472536,478897,9.91,9.9,24424,12992,-8407,2445
910,CTL,2020-07-10,0 days 15:57:46.477038,487304,9.91,9.9,29059,12192,15293,-1307
911,CTL,2020-07-10,0 days 15:57:47.480022,479397,9.91,9.9,27247,13592,-7907,15293
912,CTL,2020-07-10,0 days 15:58:27.578042,500669,9.91,9.9,15655,27302,8433,-14467
913,CTL,2020-07-10,0 days 15:58:45.621002,484772,9.92,9.91,26391,27604,-14697,7803
914,CTL,2020-07-10,0 days 15:59:07.674699,494530,9.92,9.91,19075,29822,-4551,11347
915,CTL,2020-07-10,0 days 15:59:10.682675,506367,9.92,9.91,20081,25984,4336,-937
916,CTL,2020-07-10,0 days 15:59:11.684907,501003,9.92,9.91,21293,25984,-4164,4336
917,CTVA,2020-07-10,0 days 15:59:46.882083,494499,26.58,26.57,400,2896,25796,-2878
918,CUK,2020-07-10,0 days 15:55:00.079018,23682,13.04,13.03,1500,441,-425,16214
919,CUK,2020-07-10,0 days 15:55:01.081640,22707,13.04,13.03,1300,513,886,-425
920,CUK,2020-07-10,0 days 15:57:44.473424,27879,13.06,13.05,300,353,-4,1496
921,CUK,2020-07-10,0 days 15:57:50.488026,27883,13.07,13.06,300,300,1474,-4
922,CUK,2020-07-10,0 days 15:58:49.631739,30885,13.05,13.04,447,410,-3644,1769
923,CUK,2020-07-10,0 days 15:58:50.634512,29829,13.05,13.04,447,210,1056,-3644
924,CUK,2020-07-10,0 days 15:59:04.669176,31340,13.06,13.04,900,710,-479,321
925,CUK,2020-07-10,0 days 15:59:05.672305,30619,13.06,13.04,900,710,621,-479
926,CVE,2020-07-10,0 days 15:55:00.078534,16882,4.42,4.41,85336,48836,-600,3985
927,CVE,2020-07-10,0 days 15:58:59.656008,23408,4.43,4.42,148472,54900,1393,-74
928,CVE,2020-07-10,0 days 15:59:36.746099,25961,4.43,4.42,184403,161700,-2995,4505
929,CVS,2020-07-10,0 days 15:59:15.694224,822565,62.53,62.52,806,1904,27194,-72755
930,CVS,2020-07-10,0 days 15:59:16.697175,814359,62.55,62.54,1795,627,-8206,27194
931,CVS,2020-07-10,0 days 15:59:18.701087,822565,62.55,62.54,900,475,2444,-7481
932,CVS,2020-07-10,0 days 15:59:44.761166,1119000,62.71,62.7,623,1681,-5773,961
933,CVS,2020-07-10,0 days 15:59:46.765368,1117819,62.7,62.69,464,1514,28574,-46149
934,CVX,2020-07-10,0 days 15:55:00.078777,517928,85.17,85.16,1478,300,-877,124391
935,CVX,2020-07-10,0 days 15:55:01.081621,514405,85.14,85.12,1683,199,3523,-877
936,CVX,2020-07-10,0 days 15:55:24.136268,518434,85.14,85.12,1308,200,-15778,4522
937,CVX,2020-07-10,0 days 15:55:25.138696,516612,85.13,85.1,1900,1618,1822,-15778
938,CVX,2020-07-10,0 days 15:55:53.206125,517291,85.1,85.09,200,397,1314,-686
939,CVX,2020-07-10,0 days 15:57:06.382032,521657,85.2,85.18,300,561,-62,338
940,CVX,2020-07-10,0 days 15:57:27.432745,520827,85.25,85.23,550,800,967,-170
941,CVX,2020-07-10,0 days 15:57:35.452045,521994,85.21,85.2,1700,100,-1170,822
942,CVX,2020-07-10,0 days 15:57:56.502574,521336,85.15,85.13,1129,500,674,-1326
943,CVX,2020-07-10,0 days 15:59:39.754009,572430,85.31,85.3,500,500,15503,-5597
944,CVX,2020-07-10,0 days 15:59:40.756284,568733,85.32,85.3,300,100,-4047,15503
945,CX,2020-07-10,0 days 15:59:01.770445,122277,2.65,2.64,212500,88682,60964,-78338
946,CX,2020-07-10,0 days 15:59:02.772763,116641,2.65,2.64,215150,85982,-13400,60964
947,D,2020-07-10,0 days 15:56:40.433311,226089,73.52,73.51,164,300,-16228,3972
948,D,2020-07-10,0 days 15:56:41.436308,223717,73.51,73.5,600,352,1272,-16228
949,D,2020-07-10,0 days 15:57:31.555662,224989,73.53,73.52,300,200,-92,69
950,D,2020-07-10,0 days 15:57:36.567541,224181,73.53,73.51,550,902,808,-2292
951,D,2020-07-10,0 days 15:57:38.573040,224989,73.53,73.52,100,600,-292,808
952,D,2020-07-10,0 days 15:57:39.575165,224381,73.52,73.51,250,714,608,-292
953,D,2020-07-10,0 days 15:57:40.577981,224989,73.53,73.51,600,714,-1592,608
954,D,2020-07-10,0 days 15:57:41.580679,224381,73.53,73.51,800,814,608,-1592
955,D,2020-07-10,0 days 15:57:43.585032,224989,73.53,73.51,600,714,-1592,608
956,D,2020-07-10,0 days 15:57:45.590218,224242,73.53,73.51,600,714,747,-2753
957,D,2020-07-10,0 days 15:58:08.648106,227470,73.53,73.52,100,721,-272,728
958,D,2020-07-10,0 days 15:58:09.649575,226742,73.54,73.53,390,200,589,-272
959,D,2020-07-10,0 days 15:58:10.651842,227470,73.54,73.53,200,200,-509,589
960,D,2020-07-10,0 days 15:58:11.654044,226879,73.54,73.53,200,300,452,-509
961,D,2020-07-10,0 days 15:58:13.659075,227470,73.54,73.53,100,307,-1309,452
962,D,2020-07-10,0 days 15:58:14.661462,226879,73.55,73.53,800,507,452,-1309
963,D,2020-07-10,0 days 15:58:28.695694,227470,73.53,73.51,400,1584,-1408,92
964,D,2020-07-10,0 days 15:58:29.698845,226878,73.53,73.52,100,100,661,-1408
965,D,2020-07-10,0 days 15:59:03.782131,229856,73.58,73.56,1259,367,-651,49
966,D,2020-07-10,0 days 15:59:04.784096,229907,73.56,73.55,100,400,36,-651
967,D,2020-07-10,0 days 15:59:05.786832,229943,73.57,73.55,300,400,-13409,36
968,D,2020-07-10,0 days 15:59:44.878083,250404,73.61,73.59,307,100,468,-3330
969,D,2020-07-10,0 days 15:59:45.880087,249872,73.61,73.59,107,100,-532,468
970,DAL,2020-07-10,0 days 15:59:01.660826,386404,27.12,27.1,24020,15144,-7622,6278
971,DAL,2020-07-10,0 days 15:59:14.692212,402666,27.1,27.09,7864,7100,8700,-16102
972,DB,2020-07-10,0 days 15:59:40.751888,79006,10.1,10.09,63169,121814,-1525,926
973,DB,2020-07-10,0 days 15:59:41.753765,78931,10.1,10.09,60669,120514,75,-1525
974,DB,2020-07-10,0 days 15:59:44.761388,79006,10.1,10.09,55580,119114,-825,75
975,DBI,2020-07-10,0 days 15:59:36.937252,122900,5.94,5.93,1588,7510,-189,5176
976,DBI,2020-07-10,0 days 15:59:48.968912,119780,5.94,5.93,4341,3164,3120,-280
977,DD,2020-07-10,0 days 15:55:00.116359,279049,52.37,52.35,1623,400,73470,-46968
978,DD,2020-07-10,0 days 15:59:02.699469,365469,52.34,52.33,300,400,-3216,37287
979,DFS,2020-07-10,0 days 15:52:20.695749,156441,48.36,48.35,501,400,-912,875
980,DFS,2020-07-10,0 days 15:53:04.801266,156441,48.38,48.36,500,400,-912,875
981,DFS,2020-07-10,0 days 15:59:01.662412,206366,48.42,48.39,300,1551,409,-3174
982,DFS,2020-07-10,0 days 15:59:08.679118,202640,48.4,48.39,760,700,-926,3674
983,DFS,2020-07-10,0 days 15:59:10.684070,206366,48.4,48.39,1046,724,2074,-826
984,DFS,2020-07-10,0 days 15:59:15.696163,204289,48.37,48.35,200,501,-1079,98
985,DFS,2020-07-10,0 days 15:59:24.717773,211881,48.41,48.39,100,600,8636,-451
986,DFS,2020-07-10,0 days 15:59:35.743386,211881,48.42,48.4,600,100,566,-64
987,DFS,2020-07-10,0 days 15:59:40.756156,204847,48.44,48.43,300,400,-12816,566
988,DFS,2020-07-10,0 days 15:59:41.758165,213481,48.42,48.41,200,338,5278,-12816
989,DHI,2020-07-10,0 days 15:57:39.606102,171014,58.59,58.58,302,402,-2001,447
990,DHI,2020-07-10,0 days 15:57:40.608281,169863,58.59,58.57,303,300,1151,-2001
991,DHI,2020-07-10,0 days 15:57:45.620654,171014,58.59,58.57,302,452,-501,351
992,DHI,2020-07-10,0 days 15:57:46.623997,170063,58.59,58.57,602,452,2883,-501
993,DHI,2020-07-10,0 days 15:57:52.637965,172946,58.59,58.58,273,349,-317,483
994,DHI,2020-07-10,0 days 15:57:53.639973,171363,58.59,58.58,273,549,1583,-317
995,DHI,2020-07-10,0 days 15:58:26.722018,173524,58.62,58.61,400,100,-459,541
996,DHI,2020-07-10,0 days 15:58:27.724342,172583,58.62,58.61,600,100,941,-459
997,DHI,2020-07-10,0 days 15:58:36.745491,171953,58.63,58.62,500,400,-830,768
998,DHI,2020-07-10,0 days 15:58:37.748869,169683,58.63,58.62,400,300,4670,-830
999,DHI,2020-07-10,0 days 15:59:06.819359,176227,58.63,58.62,527,101,-2673,1420
1000,DHI,2020-07-10,0 days 15:59:07.823586,175497,58.63,58.62,200,951,730,-2673
1001,DHR,2020-07-10,0 days 15:55:00.191264,113889,183.68,183.66,200,336,-2439,13315
1002,DHR,2020-07-10,0 days 15:59:05.786768,125472,183.65,183.63,100,100,4326,-5474
1003,DHR,2020-07-10,0 days 15:59:06.788879,124843,183.66,183.63,806,100,-629,4326
1004,DHR,2020-07-10,0 days 15:59:16.813235,124672,183.62,183.58,300,200,837,-363
1005,DHR,2020-07-10,0 days 15:59:17.816006,124409,183.62,183.59,300,200,-263,837
1006,DHR,2020-07-10,0 days 15:59:20.822821,125872,183.68,183.63,200,200,15887,-263
1007,DHR,2020-07-10,0 days 15:59:38.865398,140408,183.78,183.73,500,300,-985,7156
1008,DHT,2020-07-10,0 days 15:59:37.743638,98112,5.44,5.43,17832,10539,6819,-394
1009,DIS,2020-07-10,0 days 15:59:19.703875,673731,119.25,119.24,100,100,2001,-32278
1010,DIS,2020-07-10,0 days 15:59:20.707250,674866,119.27,119.26,300,600,-865,2001
1011,DIS,2020-07-10,0 days 15:59:21.709507,684520,119.33,119.31,300,205,32475,-865
1012,DIS,2020-07-10,0 days 15:59:41.753722,730688,119.42,119.41,600,500,-23090,43424
1013,DIS,2020-07-10,0 days 15:59:45.763333,757519,119.43,119.4,1001,1250,6193,-1707
1014,DIS,2020-07-10,0 days 15:59:50.770242,755857,119.43,119.42,576,604,-3454,10524
1015,DIS,2020-07-10,0 days 15:59:54.778281,692222,119.39,119.34,1100,700,65335,-2354
1016,DKS,2020-07-10,0 days 15:59:22.750143,62377,39.9,39.87,100,1055,-65,1866
1017,DKS,2020-07-10,0 days 15:59:45.803716,65513,39.89,39.88,592,920,-552,3471
1018,DKS,2020-07-10,0 days 15:59:58.835705,65513,39.91,39.89,200,900,-3272,3848
1019,DKS,2020-07-10,0 days 15:59:59.838618,61665,39.89,39.84,100,1000,3848,-3272
1020,DNB,2020-07-10,0 days 15:58:49.630247,40498,26.31,26.29,700,200,944,-3247
1021,DNB,2020-07-10,0 days 15:58:50.632966,37642,26.31,26.29,700,200,-2856,944
1022,DOW,2020-07-10,0 days 15:55:46.302951,264833,40.8,40.79,500,107,-381,19
1023,DOW,2020-07-10,0 days 15:56:34.419267,265749,40.77,40.76,490,635,1008,-116
1024,DOW,2020-07-10,0 days 15:56:35.420851,265557,40.77,40.76,1115,645,-192,1008
1025,DOW,2020-07-10,0 days 15:57:35.565155,268249,40.76,40.75,1088,1445,2939,-361
1026,DOW,2020-07-10,0 days 15:57:36.567477,268088,40.76,40.75,1088,1445,-161,2939
1027,DOW,2020-07-10,0 days 15:57:37.570272,268249,40.76,40.75,588,833,739,-161
1028,DOW,2020-07-10,0 days 15:57:46.592492,271940,40.77,40.76,200,1573,-1649,551
1029,DOW,2020-07-10,0 days 15:57:47.594665,271589,40.77,40.76,200,1573,351,-1649
1030,DOW,2020-07-10,0 days 15:58:07.644287,274029,40.79,40.78,1017,804,-560,340
1031,DOW,2020-07-10,0 days 15:58:08.648070,273489,40.79,40.78,1217,663,540,-560
1032,DOW,2020-07-10,0 days 15:58:09.649560,274029,40.79,40.78,817,1169,-397,540
1033,DOW,2020-07-10,0 days 15:58:29.698754,287734,40.79,40.78,1500,500,556,-1144
1034,DOW,2020-07-10,0 days 15:58:30.701020,287390,40.79,40.78,200,1094,-344,556
1035,DOW,2020-07-10,0 days 15:58:32.705512,287734,40.8,40.79,400,400,1256,-1344
1036,DOW,2020-07-10,0 days 15:58:33.708536,286690,40.81,40.79,1100,904,-1044,1256
1037,DOW,2020-07-10,0 days 15:58:36.715021,284372,40.8,40.79,791,300,2318,-1044
1038,DOW,2020-07-10,0 days 15:58:37.717816,283590,40.8,40.79,791,300,-782,2318
1039,DOW,2020-07-10,0 days 15:59:01.776106,284581,40.79,40.78,922,486,6527,-673
1040,DOW,2020-07-10,0 days 15:59:03.782068,287120,40.79,40.78,1144,386,-3157,2295
1041,DOW,2020-07-10,0 days 15:59:04.784068,292066,40.8,40.79,644,400,6254,-3157
1042,DOW,2020-07-10,0 days 15:59:09.796817,295520,40.79,40.77,697,800,-25775,2186
1043,DOW,2020-07-10,0 days 15:59:10.798728,321295,40.77,40.76,844,600,25518,-25775
1044,DOW,2020-07-10,0 days 15:59:13.805801,322713,40.76,40.75,185,600,-475,569
1045,DOW,2020-07-10,0 days 15:59:17.816033,323211,40.76,40.75,776,200,1333,-459
1046,DOW,2020-07-10,0 days 15:59:23.830547,324544,40.77,40.76,300,600,-290,1233
1047,DOW,2020-07-10,0 days 15:59:27.840472,324834,40.77,40.75,400,1800,1780,-290
1048,DOW,2020-07-10,0 days 15:59:39.867425,300714,40.81,40.8,300,400,-25173,6927
1049,DOW,2020-07-10,0 days 15:59:40.869197,325887,40.81,40.8,815,100,6927,-25173
1050,DOW,2020-07-10,0 days 15:59:51.894738,299344,40.8,40.78,100,500,-30726,1436
1051,DRE,2020-07-10,0 days 15:59:17.847149,253972,35.74,35.73,2545,1647,-3137,4163
1052,DRE,2020-07-10,0 days 15:59:18.848630,250616,35.74,35.73,1904,2491,3356,-3137
1053,DRE,2020-07-10,0 days 15:59:45.914453,258902,35.77,35.76,400,2799,-3387,1002
1054,DRE,2020-07-10,0 days 15:59:46.916790,257746,35.78,35.76,3900,3990,1934,-3387
1055,DRE,2020-07-10,0 days 15:59:47.918987,259680,35.78,35.77,2308,2921,-1970,1934
1056,DRE,2020-07-10,0 days 15:59:49.923471,259265,35.79,35.78,1800,2148,415,-1847
1057,DRI,2020-07-10,0 days 15:59:44.957920,139816,72.04,72.01,200,300,-827,841
1058,DRI,2020-07-10,0 days 15:59:48.968776,136343,72.05,72.03,100,297,3473,-827
1059,DT,2020-07-10,0 days 15:57:39.563983,193228,43.32,43.29,300,780,-559,141
1060,DT,2020-07-10,0 days 15:57:40.566807,189587,43.32,43.29,300,600,3641,-559
1061,DT,2020-07-10,0 days 15:59:20.809599,196220,43.39,43.35,200,200,3959,-702
1062,DT,2020-07-10,0 days 15:59:55.893565,202926,43.37,43.29,700,200,4308,-1963
1063,DT,2020-07-10,0 days 15:59:59.905472,201763,43.39,43.29,200,100,-1963,4308
1064,DUK,2020-07-10,0 days 15:55:00.183068,200166,81.31,81.29,240,301,-262,87657
1065,DUK,2020-07-10,0 days 15:55:01.184386,195328,81.3,81.27,200,500,4838,-262
1066,DUK,2020-07-10,0 days 15:59:02.765889,208417,81.32,81.31,782,200,-945,1909
1067,DUK,2020-07-10,0 days 15:59:03.769352,209484,81.32,81.31,882,100,1133,-945
1068,DUK,2020-07-10,0 days 15:59:13.792983,208812,81.3,81.29,394,400,2265,-197
1069,DVN,2020-07-10,0 days 15:57:25.542746,323804,10.2,10.19,3673,14035,-39721,10279
1070,DVN,2020-07-10,0 days 15:57:26.543923,316325,10.2,10.19,4873,10935,7479,-39721
1071,DVN,2020-07-10,0 days 15:59:46.882105,574117,10.18,10.17,8898,12199,23204,-30393
1072,EAT,2020-07-10,0 days 15:55:44.302549,42670,22.81,22.8,713,900,3392,-687
1073,EAT,2020-07-10,0 days 15:55:45.304738,41565,22.81,22.8,713,900,-1105,3392
1074,EAT,2020-07-10,0 days 15:57:52.601809,46165,22.81,22.79,314,900,-1387,613
1075,EAT,2020-07-10,0 days 15:58:16.661227,47552,22.81,22.8,614,1000,1716,-470
1076,EAT,2020-07-10,0 days 15:58:17.663456,46465,22.84,22.82,300,582,-1087,1716
1077,EAT,2020-07-10,0 days 15:59:11.795871,45823,22.83,22.81,400,1221,-1820,880
1078,EAT,2020-07-10,0 days 15:59:50.891226,45376,22.86,22.82,2000,500,-2267,33
1079,EGO,2020-07-10,0 days 15:55:00.267498,44160,11.16,11.15,12314,3142,-1207,7464
1080,EGO,2020-07-10,0 days 15:59:38.943378,51634,11.15,11.14,12584,10600,4824,-576
1081,EGO,2020-07-10,0 days 15:59:39.944693,51158,11.15,11.14,11584,10100,-476,4824
1082,EIX,2020-07-10,0 days 15:57:35.560156,146483,55.31,55.29,342,400,253,-8
1083,EIX,2020-07-10,0 days 15:57:36.562878,142436,55.31,55.29,242,500,-4008,253
1084,EIX,2020-07-10,0 days 15:57:47.589434,146444,55.31,55.29,415,450,292,-1108
1085,EIX,2020-07-10,0 days 15:57:49.594303,142636,55.31,55.29,415,450,-3808,292
1086,EIX,2020-07-10,0 days 15:59:02.772805,145834,55.36,55.34,300,283,1067,-2671
1087,EIX,2020-07-10,0 days 15:59:04.778551,143401,55.35,55.34,100,750,-3433,1967
1088,EIX,2020-07-10,0 days 15:59:06.783682,146734,55.34,55.33,300,300,388,-278
1089,EIX,2020-07-10,0 days 15:59:11.795767,144745,55.35,55.33,100,809,-2173,327
1090,ELAN,2020-07-10,0 days 15:55:39.289447,240909,22.01,22.0,4798,3523,-393,2965
1091,ELAN,2020-07-10,0 days 15:55:48.312025,241302,22.01,22.0,5993,1285,807,-393
1092,ELAN,2020-07-10,0 days 15:59:37.858280,273469,22.01,21.99,1100,1100,-9683,2309
1093,ELAN,2020-07-10,0 days 15:59:38.861173,272552,22.01,22.0,700,877,917,-9683
1094,ELAN,2020-07-10,0 days 15:59:40.867182,273469,22.01,22.0,700,2000,-964,917
1095,ELAN,2020-07-10,0 days 15:59:45.878004,272062,22.0,21.99,2202,919,2340,-12093
1096,EMR,2020-07-10,0 days 15:55:27.180303,175420,59.83,59.82,1111,144,-241,6059
1097,EMR,2020-07-10,0 days 15:56:10.283984,178626,59.82,59.81,484,148,1694,-306
1098,EMR,2020-07-10,0 days 15:56:11.286319,178220,59.82,59.81,184,458,-406,1694
1099,EMR,2020-07-10,0 days 15:56:14.293094,178626,59.81,59.8,384,403,594,-606
1100,EMR,2020-07-10,0 days 15:56:20.307443,221520,59.8,59.78,850,600,-4425,494
1101,EMR,2020-07-10,0 days 15:57:27.469861,225845,59.74,59.72,200,473,504,-49
1102,EMR,2020-07-10,0 days 15:57:28.472390,221849,59.74,59.73,300,284,-3996,504
1103,EMR,2020-07-10,0 days 15:57:38.494696,226412,59.71,59.7,300,551,1449,-1009
1104,EMR,2020-07-10,0 days 15:57:39.496857,225761,59.72,59.71,100,345,-651,1449
1105,EMR,2020-07-10,0 days 15:58:14.583725,222381,59.77,59.75,696,650,-4031,69
1106,EMR,2020-07-10,0 days 15:59:01.697700,226530,59.79,59.77,400,200,1032,-54
1107,EMR,2020-07-10,0 days 15:59:02.699128,224062,59.79,59.77,500,800,-2468,1032
1108,EMR,2020-07-10,0 days 15:59:05.707648,226102,59.78,59.77,600,205,1182,-1315
1109,EMR,2020-07-10,0 days 15:59:06.710482,220884,59.78,59.77,600,205,-5218,1182
1110,EMR,2020-07-10,0 days 15:59:12.725080,226496,59.78,59.76,536,895,2401,-1805
1111,EMR,2020-07-10,0 days 15:59:13.727563,220797,59.78,59.77,500,115,-5699,2401
1112,EMR,2020-07-10,0 days 15:59:22.749863,226496,59.76,59.74,284,700,1583,-1517
1113,EMR,2020-07-10,0 days 15:59:23.752433,225079,59.79,59.77,123,700,-1417,1583
1114,EMR,2020-07-10,0 days 15:59:27.759324,226496,59.79,59.77,336,182,24,-1417
1115,EMR,2020-07-10,0 days 15:59:43.798901,226496,59.79,59.76,550,705,6811,-818
1116,EMR,2020-07-10,0 days 15:59:44.801701,226407,59.79,59.78,200,100,-89,6811
1117,EMR,2020-07-10,0 days 15:59:45.803482,226496,59.79,59.77,250,100,11,-89
1118,EMR,2020-07-10,0 days 15:59:48.811591,226168,59.79,59.78,250,100,-328,772
1119,ENB,2020-07-10,0 days 15:58:38.708300,39595,29.58,29.57,2000,4016,-14264,3750
1120,ENB,2020-07-10,0 days 15:58:39.710629,37659,29.58,29.57,5364,1055,1936,-14264
1121,ENB,2020-07-10,0 days 15:59:06.776476,52712,29.57,29.56,1463,5572,-997,205
1122,ENB,2020-07-10,0 days 15:59:13.792969,52262,29.58,29.57,2818,3368,450,-997
1123,ENB,2020-07-10,0 days 15:59:27.825636,58774,29.59,29.58,4721,2161,-9594,858
1124,ENB,2020-07-10,0 days 15:59:28.827330,58768,29.59,29.58,6121,208,6,-9594
1125,ENB,2020-07-10,0 days 15:59:30.832607,58774,29.58,29.57,2300,1900,-94,6
1126,EOG,2020-07-10,0 days 15:59:40.857481,1370160,45.51,45.5,200,819,-6149,1560
1127,EOG,2020-07-10,0 days 15:59:41.859607,1373209,45.44,45.43,400,400,4651,-6149
1128,EOG,2020-07-10,0 days 15:59:48.876591,1380731,45.45,45.43,300,910,-44186,4061
1129,EOG,2020-07-10,0 days 15:59:49.879079,1376802,45.44,45.43,300,100,3929,-44186
1130,EOG,2020-07-10,0 days 15:59:57.898824,1385731,45.4,45.39,1060,200,-1151,45419
1131,EPD,2020-07-10,0 days 15:55:00.267313,86098,17.29,17.28,4783,5576,-138,5206
1132,EPD,2020-07-10,0 days 15:57:40.654100,83572,17.26,17.25,5905,1488,-2664,8836
1133,EPD,2020-07-10,0 days 15:57:49.676817,84072,17.25,17.24,3800,3752,-2164,3136
1134,EPD,2020-07-10,0 days 15:59:19.895855,87583,17.28,17.27,1570,3300,3913,-2736
1135,EPD,2020-07-10,0 days 15:59:20.898182,85196,17.28,17.27,2170,3300,-2387,3913
1136,EQH,2020-07-10,0 days 15:55:00.081600,201649,19.13,19.12,1994,5025,36340,-78417
1137,EQH,2020-07-10,0 days 15:56:39.318797,261453,19.14,19.13,1767,4557,-30811,42089
1138,EQH,2020-07-10,0 days 15:56:40.319561,254078,19.13,19.12,1454,3142,7375,-30811
1139,EQH,2020-07-10,0 days 15:57:22.419688,260239,19.13,19.12,1693,3056,3814,-2186
1140,EQH,2020-07-10,0 days 15:57:38.457979,272067,19.13,19.12,737,2229,1586,-814
1141,EQH,2020-07-10,0 days 15:58:00.511673,268012,19.15,19.14,2448,3700,-555,4245
1142,EQH,2020-07-10,0 days 15:58:01.515072,265267,19.15,19.14,2350,1401,2745,-555
1143,EQH,2020-07-10,0 days 15:58:27.577932,272044,19.16,19.15,988,3384,2613,-3687
1144,EQH,2020-07-10,0 days 15:58:46.622696,297830,19.17,19.16,1895,4393,-866,4193
1145,EQH,2020-07-10,0 days 15:58:47.625222,293596,19.17,19.16,1861,4584,4234,-866
1146,EQH,2020-07-10,0 days 15:59:12.686993,297830,19.15,19.14,2809,2618,-1185,640
1147,EQH,2020-07-10,0 days 15:59:13.690250,297315,19.15,19.14,2809,2618,515,-1185
1148,EQH,2020-07-10,0 days 15:59:16.697175,297830,19.16,19.15,300,4055,-8162,515
1149,EQH,2020-07-10,0 days 15:59:23.714166,366224,19.18,19.17,4436,4400,-803,1254
1150,EQH,2020-07-10,0 days 15:59:26.716795,362327,19.19,19.18,1304,3000,3897,-3803
1151,EQNR,2020-07-10,0 days 15:55:01.099323,29505,14.77,14.76,8542,18927,6530,-9670
1152,EQR,2020-07-10,0 days 15:59:30.767575,1186016,56.73,56.72,460,200,-701,12180
1153,EQR,2020-07-10,0 days 15:59:31.769369,1182336,56.69,56.67,300,1800,12780,-701
1154,EQR,2020-07-10,0 days 15:59:38.785904,1200316,56.71,56.7,1010,100,-962,658
1155,EQR,2020-07-10,0 days 15:59:47.808214,1203028,56.69,56.68,100,200,-46391,1499
1156,EQT,2020-07-10,0 days 15:59:18.701207,297158,12.99,12.98,4721,853,-2060,113
1157,EQT,2020-07-10,0 days 15:59:21.709507,290518,12.99,12.98,4201,2985,6640,-3260
1158,EQT,2020-07-10,0 days 15:59:22.712213,295658,13.0,12.99,3084,3200,-1200,6640
1159,EQT,2020-07-10,0 days 15:59:35.739603,285358,13.01,13.0,1400,4327,5470,-8930
1160,EROS,2020-07-10,0 days 15:55:00.196265,30252,3.73,3.72,18002,11729,-143,1555
1161,EROS,2020-07-10,0 days 15:58:07.638251,30712,3.74,3.73,1011,28918,5740,-284
1162,ESRT,2020-07-10,0 days 15:59:00.762489,158908,6.71,6.7,9039,10494,572,-2852
1163,ESRT,2020-07-10,0 days 15:59:04.771373,154361,6.71,6.7,7939,11859,-4684,572
1164,ESRT,2020-07-10,0 days 15:59:20.809488,159045,6.71,6.7,6638,11601,3980,-586
1165,ESRT,2020-07-10,0 days 15:59:21.810824,155025,6.71,6.7,8038,12707,-4020,3980
1166,ET,2020-07-10,0 days 15:57:15.593564,247372,6.48,6.47,23072,25541,15623,-17677
1167,ET,2020-07-10,0 days 15:57:16.596264,229895,6.48,6.47,22772,25541,-17477,15623
1168,ET,2020-07-10,0 days 15:59:44.957319,284583,6.5,6.49,36192,18467,7480,-7620
1169,ET,2020-07-10,0 days 15:59:48.968671,274363,6.5,6.49,38892,20567,-10220,7480
1170,ETN,2020-07-10,0 days 15:55:27.143627,95204,86.39,86.38,500,104,-80,420
1171,ETN,2020-07-10,0 days 15:56:16.260855,96423,86.37,86.35,100,400,2448,-252
1172,ETN,2020-07-10,0 days 15:56:18.265709,96246,86.38,86.35,349,593,-177,123
1173,ETN,2020-07-10,0 days 15:56:36.308956,96623,86.34,86.33,100,301,30,-177
1174,ETN,2020-07-10,0 days 15:56:37.311913,96553,86.35,86.33,323,470,-70,30
1175,ETN,2020-07-10,0 days 15:57:30.440333,95953,86.33,86.32,100,100,-1170,130
1176,ETN,2020-07-10,0 days 15:58:08.531901,98103,86.37,86.36,159,200,134,-766
1177,ETN,2020-07-10,0 days 15:58:09.534741,97837,86.37,86.36,159,300,-266,134
1178,ETN,2020-07-10,0 days 15:58:18.555978,98320,86.42,86.4,300,300,354,-183
1179,ETN,2020-07-10,0 days 15:58:19.558451,98074,86.42,86.39,300,310,-246,354
1180,ETN,2020-07-10,0 days 15:58:27.577932,98120,86.4,86.39,203,100,187,-646
1181,ETN,2020-07-10,0 days 15:58:28.580169,97907,86.4,86.39,203,100,-213,187
1182,ETN,2020-07-10,0 days 15:58:30.585071,98320,86.41,86.39,321,200,1487,-213
1183,ETN,2020-07-10,0 days 15:58:31.587244,98107,86.42,86.4,420,200,-13,1487
1184,ETN,2020-07-10,0 days 15:59:06.672507,99853,86.43,86.41,296,400,-679,326
1185,ETN,2020-07-10,0 days 15:59:07.674570,99732,86.43,86.41,396,110,121,-679
1186,ETN,2020-07-10,0 days 15:59:22.711989,110904,86.42,86.41,103,100,-2025,3975
1187,ETN,2020-07-10,0 days 15:59:23.714166,110029,86.46,86.42,203,600,875,-2025
1188,ETN,2020-07-10,0 days 15:59:38.746408,109704,86.5,86.48,316,550,-2457,43
1189,ETN,2020-07-10,0 days 15:59:39.749591,109261,86.51,86.48,200,300,443,-2457
1190,ETRN,2020-07-10,0 days 15:56:06.387292,152525,9.24,9.23,4898,4300,9595,-1671
1191,ETRN,2020-07-10,0 days 15:56:07.390360,152020,9.24,9.23,2408,5000,-505,9595
1192,ETRN,2020-07-10,0 days 15:56:20.420577,152525,9.25,9.24,4181,5800,400,-1699
1193,ETRN,2020-07-10,0 days 15:56:21.423665,151925,9.25,9.24,5359,6900,-600,400
1194,ETRN,2020-07-10,0 days 15:56:38.464236,153525,9.25,9.24,2784,5909,3001,-600
1195,ETRN,2020-07-10,0 days 15:56:39.468122,150826,9.25,9.24,2306,6909,-2699,3001
1196,ETRN,2020-07-10,0 days 15:57:32.589230,153529,9.25,9.24,4695,5563,1392,-2703
1197,ETRN,2020-07-10,0 days 15:57:38.603337,154921,9.25,9.24,4614,7366,-908,692
1198,ETRN,2020-07-10,0 days 15:57:49.628587,162729,9.25,9.24,4098,5740,592,-908
1199,ETRN,2020-07-10,0 days 15:57:51.634685,162145,9.25,9.24,5698,3966,-984,1116
1200,ETRN,2020-07-10,0 days 15:58:03.664763,165229,9.25,9.24,4275,5368,226,-1374
1201,ETRN,2020-07-10,0 days 15:58:04.667303,164355,9.25,9.24,3875,7668,-874,226
1202,ETRN,2020-07-10,0 days 15:58:08.679576,165229,9.25,9.24,3983,6372,379,-874
1203,ETRN,2020-07-10,0 days 15:58:09.680065,164508,9.25,9.24,3675,7704,-721,379
1204,ETRN,2020-07-10,0 days 15:58:11.685193,165229,9.25,9.24,3875,6204,479,-721
1205,ETRN,2020-07-10,0 days 15:58:12.687719,164508,9.25,9.24,3375,8304,-721,479
1206,ETRN,2020-07-10,0 days 15:58:32.736439,167429,9.26,9.25,4700,6699,1579,-2921
1207,ETRN,2020-07-10,0 days 15:58:33.738060,164608,9.26,9.25,4700,6695,-2821,1579
1208,ETRN,2020-07-10,0 days 15:59:04.814535,168751,9.27,9.26,2504,5404,8644,-621
1209,ETRN,2020-07-10,0 days 15:59:31.880031,185868,9.27,9.26,3565,6404,-8132,871
1210,ETRN,2020-07-10,0 days 15:59:39.899688,194000,9.27,9.26,2973,7004,1713,-532
1211,ETRN,2020-07-10,0 days 15:59:45.914131,186430,9.31,9.3,5329,4104,-12370,1713
1212,ETRN,2020-07-10,0 days 15:59:46.916454,198900,9.3,9.29,7403,900,11003,-12370
1213,EURN,2020-07-10,0 days 15:58:48.642851,33321,9.06,9.05,4255,8921,-2813,1536
1214,EURN,2020-07-10,0 days 15:58:49.645606,32234,9.06,9.05,4255,8221,1087,-2813
1215,EURN,2020-07-10,0 days 15:59:01.675717,33515,9.06,9.05,1860,8419,-1119,1181
1216,EURN,2020-07-10,0 days 15:59:02.677778,32834,9.06,9.05,1200,7919,681,-1119
1217,EURN,2020-07-10,0 days 15:59:08.692587,33515,9.06,9.05,2859,7819,-319,681
1218,EURN,2020-07-10,0 days 15:59:09.695713,32934,9.06,9.05,2859,7919,581,-319
1219,EURN,2020-07-10,0 days 15:59:10.697281,33121,9.07,9.06,4022,6801,-3447,581
1220,EURN,2020-07-10,0 days 15:59:11.700129,31668,9.07,9.06,4322,6301,1264,-3447
1221,EVRI,2020-07-10,0 days 15:59:36.741136,199099,6.0,5.99,2800,600,3121,-6921
1222,EVRI,2020-07-10,0 days 15:59:41.753765,195720,5.99,5.98,2500,2474,-3379,6821
1223,EW,2020-07-10,0 days 15:55:04.204875,154961,67.78,67.77,400,300,29830,-6696
1224,EW,2020-07-10,0 days 15:55:05.207096,153191,67.78,67.77,200,710,-1770,29830
1225,EW,2020-07-10,0 days 15:55:25.255931,155561,67.77,67.75,400,1506,930,-1770
1226,EW,2020-07-10,0 days 15:55:26.258075,153991,67.77,67.76,400,540,-1570,930
1227,EW,2020-07-10,0 days 15:55:37.285387,155561,67.79,67.78,412,500,1745,-1570
1228,EW,2020-07-10,0 days 15:55:38.287213,154306,67.79,67.78,312,805,-1255,1745
1229,EW,2020-07-10,0 days 15:55:48.312133,156069,67.79,67.78,700,1605,8408,-1755
1230,EW,2020-07-10,0 days 15:56:09.362880,156949,67.88,67.86,390,100,-190,1610
1231,EW,2020-07-10,0 days 15:56:33.421081,159139,67.89,67.86,400,794,555,-385
1232,EW,2020-07-10,0 days 15:56:34.423043,158894,67.88,67.87,243,200,-245,555
1233,EW,2020-07-10,0 days 15:57:37.565118,159802,67.86,67.84,100,300,50,-875
1234,EW,2020-07-10,0 days 15:57:39.570302,159301,67.86,67.85,100,200,-701,3599
1235,EW,2020-07-10,0 days 15:57:46.587156,160002,67.86,67.84,503,100,1323,-601
1236,EW,2020-07-10,0 days 15:57:47.589540,159625,67.86,67.84,503,100,-377,1323
1237,EW,2020-07-10,0 days 15:57:51.599565,160002,67.86,67.84,903,100,23,-277
1238,EW,2020-07-10,0 days 15:57:52.601837,159625,67.86,67.83,423,660,-377,23
1239,EW,2020-07-10,0 days 15:57:56.611654,160002,67.86,67.83,504,886,1023,-377
1240,EW,2020-07-10,0 days 15:57:57.613884,159625,67.86,67.83,604,886,-377,1023
1241,EW,2020-07-10,0 days 15:58:02.626869,160502,67.86,67.84,403,817,123,-277
1242,EW,2020-07-10,0 days 15:58:15.658933,163568,67.91,67.88,732,700,-135,1766
1243,EW,2020-07-10,0 days 15:58:22.675562,163008,67.89,67.87,900,1505,2560,-340
