,Symbol,Timestamp,TIME,iPaired,Ask_P,Bid_P,Ask_S,Bid_S,iShares,PreviShares
0,AA,2020-09-04,0 days 15:55:49.245438,133681,14.43,14.42,11143,7347,-7316,3717
1,AA,2020-09-04,0 days 15:55:50.245372,128670,14.43,14.42,11143,7647,5011,-7316
2,AA,2020-09-04,0 days 15:57:32.249595,133881,14.41,14.4,12917,2981,-3085,3715
3,AA,2020-09-04,0 days 15:57:33.249761,128366,14.41,14.4,17033,2079,5515,-3085
4,ABB,2020-09-04,0 days 15:57:09.254197,41545,25.77,25.76,2747,19546,1490,-482
5,ABB,2020-09-04,0 days 15:57:10.254194,40035,25.77,25.76,5847,18336,-1510,1490
6,ABB,2020-09-04,0 days 15:59:17.255323,42027,25.76,25.75,8700,25631,2696,-507
7,ABB,2020-09-04,0 days 15:59:18.254995,41823,25.76,25.75,9498,24431,-204,2696
8,ABB,2020-09-04,0 days 15:59:36.256035,43487,25.76,25.75,15446,21085,736,-664
9,ABB,2020-09-04,0 days 15:59:50.262047,40894,25.75,25.74,26226,15123,-3130,1470
10,ABBV,2020-09-04,0 days 15:59:19.536979,1260332,91.89,91.88,300,500,207,-2911
11,ABBV,2020-09-04,0 days 15:59:21.537848,1255836,91.91,91.9,840,858,-1547,3156
12,ABBV,2020-09-04,0 days 15:59:28.536599,1255967,91.9,91.89,200,1057,-1416,8087
13,ABBV,2020-09-04,0 days 15:59:31.537816,1258889,91.89,91.88,220,751,4023,-745
14,ABBV,2020-09-04,0 days 15:59:39.538163,1258610,91.92,91.91,100,1700,-1179,346
15,ABBV,2020-09-04,0 days 15:59:40.538510,1259789,91.91,91.9,1103,600,841,-1179
16,ABBV,2020-09-04,0 days 15:59:43.537865,1259627,91.9,91.89,250,1600,-1275,23040
17,ABBV,2020-09-04,0 days 15:59:44.539141,1260715,91.89,91.88,690,800,512,-1275
18,ABBV,2020-09-04,0 days 15:59:46.540198,1259127,91.9,91.88,1307,2460,-1882,23433
19,ABBV,2020-09-04,0 days 15:59:47.538299,1261687,91.88,91.87,709,400,23055,-1882
20,ABBV,2020-09-04,0 days 15:59:48.538952,1256927,91.9,91.89,612,1600,-6340,23055
21,ABBV,2020-09-04,0 days 15:59:52.538984,1260651,91.9,91.88,566,1096,-2616,21949
22,ABBV,2020-09-04,0 days 15:59:53.539433,1263267,91.87,91.86,239,900,21949,-2616
23,ABEV,2020-09-04,0 days 15:59:36.257776,157652,2.38,2.37,1218042,1143961,61172,-71828
24,ABEV,2020-09-04,0 days 15:59:37.258038,154024,2.38,2.37,1215542,1145451,-3628,61172
25,ABT,2020-09-04,0 days 15:55:01.252085,434344,104.22,104.2,480,405,162,-9238
26,ABT,2020-09-04,0 days 15:55:06.252878,434840,104.25,104.22,200,400,-5380,308
27,ABT,2020-09-04,0 days 15:57:34.259479,450146,104.2,104.18,300,677,280,-6320
28,ABT,2020-09-04,0 days 15:57:57.258040,479792,104.23,104.22,100,600,-1154,246
29,ABT,2020-09-04,0 days 15:57:58.257483,476946,104.22,104.21,300,500,3047,-1154
30,ABT,2020-09-04,0 days 15:58:38.259794,494886,104.19,104.16,604,500,-94,1906
31,ABT,2020-09-04,0 days 15:58:45.259931,494980,104.15,104.13,305,414,905,-94
32,ABT,2020-09-04,0 days 15:59:07.260312,494163,104.15,104.13,200,500,2356,-411
33,ABT,2020-09-04,0 days 15:59:11.261313,496519,104.15,104.13,600,223,-880,1458
34,ABT,2020-09-04,0 days 15:59:12.261829,494399,104.17,104.15,200,225,1121,-880
35,ABT,2020-09-04,0 days 15:59:17.258149,535916,104.25,104.23,125,500,-59,42572
36,ABT,2020-09-04,0 days 15:59:18.256705,536012,104.26,104.24,700,400,946,-59
37,ABT,2020-09-04,0 days 15:59:32.257537,539107,104.23,104.2,1076,300,-529,596
38,ABT,2020-09-04,0 days 15:59:34.257912,539636,104.19,104.18,127,201,11471,-529
39,ABT,2020-09-04,0 days 15:59:36.257693,539107,104.23,104.21,681,400,-6629,5371
40,ABT,2020-09-04,0 days 15:59:37.257930,535436,104.23,104.21,686,400,1972,-6629
41,ABT,2020-09-04,0 days 15:59:40.258758,537708,104.25,104.24,400,225,-6368,13272
42,ABT,2020-09-04,0 days 15:59:41.257899,524336,104.22,104.21,884,113,13372,-6368
43,ABT,2020-09-04,0 days 15:59:47.257388,541831,104.25,104.23,100,476,-7443,5046
44,ABT,2020-09-04,0 days 15:59:48.258070,537874,104.24,104.23,200,106,5057,-7443
45,ACB,2020-09-04,0 days 15:59:37.258023,31352,8.53,8.52,3803,2695,2766,-1980
46,ACB,2020-09-04,0 days 15:59:38.258095,30240,8.53,8.52,3803,2695,-1107,2766
47,ACI,2020-09-04,0 days 15:57:06.258364,21916,13.52,13.5,5290,5789,-406,903
48,ACI,2020-09-04,0 days 15:57:07.257583,21122,13.52,13.5,5190,5872,794,-406
49,ACI,2020-09-04,0 days 15:57:09.257633,22788,13.52,13.5,5390,11052,-3334,794
50,ACI,2020-09-04,0 days 15:57:13.258094,21122,13.53,13.5,4400,1951,794,-6
51,ACI,2020-09-04,0 days 15:59:11.261398,24183,13.52,13.5,1427,771,-401,699
52,ACI,2020-09-04,0 days 15:59:12.261955,23484,13.52,13.5,1483,771,699,-401
53,ACI,2020-09-04,0 days 15:59:56.259682,24183,13.53,13.5,16530,12812,-842,85
54,ACN,2020-09-04,0 days 15:59:30.260091,296369,236.41,236.39,250,112,1004,-3596
55,ACN,2020-09-04,0 days 15:59:32.256383,295328,236.38,236.33,325,200,-1041,1004
56,ACN,2020-09-04,0 days 15:59:43.256573,295855,236.23,236.18,325,393,481,-33
57,ACN,2020-09-04,0 days 15:59:46.257688,294162,236.22,236.14,465,892,-1793,4870
58,ACN,2020-09-04,0 days 15:59:48.257327,297333,236.17,236.12,325,140,396,-504
59,ACN,2020-09-04,0 days 15:59:50.261729,285729,236.09,236.0,300,1300,-11604,196
60,ADM,2020-09-04,0 days 15:57:25.255542,299616,46.53,46.52,1615,5386,-165,186
61,ADM,2020-09-04,0 days 15:57:26.254719,298981,46.53,46.52,1866,5228,635,-165
62,ADM,2020-09-04,0 days 15:57:34.255715,299616,46.49,46.48,2129,1306,-1612,635
63,ADM,2020-09-04,0 days 15:57:35.256264,299581,46.49,46.48,800,4006,35,-1612
64,ADM,2020-09-04,0 days 15:57:39.255650,299616,46.5,46.49,1332,3600,-1312,35
65,ADM,2020-09-04,0 days 15:57:41.256784,301081,46.51,46.49,2764,4100,3135,-1312
66,ADM,2020-09-04,0 days 15:57:42.256894,300916,46.5,46.49,2429,1800,-165,3135
67,ADM,2020-09-04,0 days 15:57:54.255732,307628,46.48,46.47,3076,957,1023,-577
68,ADM,2020-09-04,0 days 15:57:56.256232,306851,46.49,46.48,2875,200,-777,1023
69,ADM,2020-09-04,0 days 15:57:57.256935,307628,46.49,46.48,1625,1303,423,-777
70,ADM,2020-09-04,0 days 15:57:58.257146,306851,46.49,46.48,2722,1003,-777,423
71,ADM,2020-09-04,0 days 15:58:05.257810,307628,46.46,46.45,4637,2600,149,-1751
72,ADM,2020-09-04,0 days 15:58:08.256930,351220,46.49,46.48,4761,300,-3102,1139
73,ADM,2020-09-04,0 days 15:58:09.258515,347822,46.48,46.47,3116,600,3398,-3102
74,ADM,2020-09-04,0 days 15:58:10.257358,351220,46.48,46.47,3554,600,-223,3398
75,ADM,2020-09-04,0 days 15:58:14.257502,348043,46.46,46.45,4901,1061,3257,-143
76,ADM,2020-09-04,0 days 15:58:27.258196,351300,46.45,46.44,699,3430,-3941,3159
77,ADM,2020-09-04,0 days 15:58:28.257975,347441,46.45,46.44,399,4730,3859,-3941
78,ADM,2020-09-04,0 days 15:58:58.258770,353288,46.47,46.46,193,3500,3335,-2065
79,ADM,2020-09-04,0 days 15:59:06.265340,362898,46.51,46.5,1623,1600,-1895,108
80,ADM,2020-09-04,0 days 15:59:07.260418,358593,46.5,46.49,3560,100,4305,-1895
81,ADM,2020-09-04,0 days 15:59:24.255115,385619,46.54,46.53,1900,2903,3261,-1539
82,ADM,2020-09-04,0 days 15:59:28.256198,388880,46.54,46.53,2197,3039,-7293,3261
83,ADM,2020-09-04,0 days 15:59:29.255638,386373,46.54,46.53,2535,1956,2507,-7293
84,ADM,2020-09-04,0 days 15:59:37.257118,389043,46.53,46.52,6664,200,381,-2549
85,ADM,2020-09-04,0 days 15:59:45.259123,389524,46.51,46.5,1509,5047,-4538,2017
86,ADM,2020-09-04,0 days 15:59:46.258022,388156,46.51,46.5,2346,5007,1368,-4538
87,ADT,2020-09-04,0 days 15:55:37.255174,38625,10.32,10.31,3068,4261,-7105,95
88,ADT,2020-09-04,0 days 15:57:45.260784,45340,10.33,10.32,2907,4310,1180,-220
89,ADT,2020-09-04,0 days 15:57:46.261247,45120,10.33,10.32,4109,3610,-220,1180
90,ADT,2020-09-04,0 days 15:57:47.261079,45340,10.33,10.32,4371,3410,880,-220
91,ADT,2020-09-04,0 days 15:57:48.260040,45120,10.33,10.32,4371,3610,-1020,880
92,ADT,2020-09-04,0 days 15:57:51.256907,46240,10.33,10.32,4371,3712,880,-420
93,ADT,2020-09-04,0 days 15:57:52.258450,45920,10.33,10.32,4306,3412,-320,880
94,ADT,2020-09-04,0 days 15:58:11.259029,46240,10.32,10.31,10433,1903,856,-1
95,ADT,2020-09-04,0 days 15:58:12.259384,45915,10.32,10.31,10368,2303,-325,856
96,ADT,2020-09-04,0 days 15:58:18.259723,46240,10.32,10.31,12555,1203,356,-325
97,ADT,2020-09-04,0 days 15:58:19.259091,45915,10.32,10.31,12268,1503,-325,356
98,ADT,2020-09-04,0 days 15:59:34.258086,45423,10.3,10.29,4019,3700,845,-241
99,ADT,2020-09-04,0 days 15:59:35.258011,45268,10.3,10.29,2482,5392,-155,845
100,AEG,2020-09-04,0 days 15:59:36.257629,13998,2.77,2.76,320071,275899,-6200,7400
101,AEG,2020-09-04,0 days 15:59:37.257967,13598,2.77,2.76,318871,275599,400,-6200
102,AEO,2020-09-04,0 days 15:55:01.291370,76366,12.89,12.88,5986,8796,2174,-826
103,AEO,2020-09-04,0 days 15:55:57.291207,91539,12.86,12.85,6844,9741,-1302,1398
104,AEO,2020-09-04,0 days 15:55:58.290900,90141,12.86,12.85,6644,9741,1398,-1302
105,AEO,2020-09-04,0 days 15:56:07.292518,91539,12.86,12.85,9046,7179,-3403,1398
106,AEO,2020-09-04,0 days 15:56:08.291239,90642,12.86,12.85,8946,7279,897,-3403
107,AEO,2020-09-04,0 days 15:56:37.291703,91539,12.86,12.85,8533,16240,-3372,4684
108,AEO,2020-09-04,0 days 15:56:38.291728,90611,12.86,12.85,8033,16906,928,-3372
109,AEO,2020-09-04,0 days 15:57:09.292883,94839,12.86,12.85,11664,17892,-567,300
110,AEO,2020-09-04,0 days 15:57:10.292690,94106,12.86,12.85,12664,15930,733,-567
111,AEO,2020-09-04,0 days 15:58:00.294387,90892,12.86,12.85,6680,9006,-5019,662
112,AEO,2020-09-04,0 days 15:58:01.294196,90677,12.86,12.85,7580,8606,215,-5019
113,AEO,2020-09-04,0 days 15:58:04.294592,90892,12.85,12.84,4667,12162,-319,215
114,AEO,2020-09-04,0 days 15:58:32.295524,93017,12.85,12.84,14565,16029,275,-659
115,AEO,2020-09-04,0 days 15:58:52.296067,93292,12.85,12.84,12752,16690,-342,209
116,AEO,2020-09-04,0 days 15:58:59.296311,93136,12.86,12.85,850,19032,156,-578
117,AEO,2020-09-04,0 days 15:59:20.292964,100172,12.86,12.85,6788,7810,-350,1270
118,AEO,2020-09-04,0 days 15:59:36.292877,100559,12.86,12.85,11288,17511,1304,-1596
119,AEO,2020-09-04,0 days 15:59:37.292994,100463,12.86,12.85,10588,18411,-96,1304
120,AEP,2020-09-04,0 days 15:55:00.252555,148218,79.15,79.13,400,600,14812,-60880
121,AEP,2020-09-04,0 days 15:56:50.257017,163720,79.14,79.12,503,200,-386,314
122,AEP,2020-09-04,0 days 15:57:47.261079,164810,79.13,79.1,517,400,809,-791
123,AEP,2020-09-04,0 days 15:59:16.261127,173737,79.13,79.1,300,1056,11558,-6673
124,AES,2020-09-04,0 days 15:58:14.257369,282670,17.57,17.56,27567,7035,4939,-251
125,AES,2020-09-04,0 days 15:59:00.264170,249547,17.58,17.57,10596,16412,-28909,6792
126,AES,2020-09-04,0 days 15:59:03.260774,283656,17.58,17.57,23648,8425,451,-2449
127,AES,2020-09-04,0 days 15:59:07.260250,278681,17.58,17.57,17447,14225,-476,800
128,AES,2020-09-04,0 days 15:59:17.255236,285317,17.59,17.58,9990,14699,-464,14998
129,AFL,2020-09-04,0 days 15:57:42.259166,365150,37.86,37.85,4112,3000,3114,-2986
130,AFL,2020-09-04,0 days 15:57:43.258269,361664,37.87,37.86,2738,3539,-3486,3114
131,AFL,2020-09-04,0 days 15:57:47.258548,365150,37.84,37.83,4758,300,2614,-986
132,AFL,2020-09-04,0 days 15:57:48.253467,364364,37.84,37.83,2837,3356,-786,2614
133,AFL,2020-09-04,0 days 15:58:22.255849,362469,37.83,37.82,10135,3919,127,-2073
134,AFL,2020-09-04,0 days 15:58:23.256165,360896,37.83,37.82,9696,4119,-1573,127
135,AFL,2020-09-04,0 days 15:58:25.255317,362469,37.82,37.81,8473,4018,3227,-1573
136,AFL,2020-09-04,0 days 15:58:26.254883,360196,37.82,37.81,7773,5518,-2273,3227
137,AFL,2020-09-04,0 days 15:58:27.254845,362469,37.82,37.81,13382,5418,927,-2273
138,AFL,2020-09-04,0 days 15:58:28.254975,360196,37.82,37.81,12522,6018,-2273,927
139,AFL,2020-09-04,0 days 15:59:05.259110,365992,37.82,37.81,5340,1800,728,-2149
140,AFL,2020-09-04,0 days 15:59:08.257662,377561,37.84,37.83,2454,5111,-551,4069
141,AFL,2020-09-04,0 days 15:59:16.260940,392170,37.84,37.83,920,5108,14681,-2309
142,AFL,2020-09-04,0 days 15:59:17.258782,391851,37.85,37.84,1407,5324,-319,14681
143,AFL,2020-09-04,0 days 15:59:31.258898,397994,37.89,37.88,5044,1400,50770,-930
144,AG,2020-09-04,0 days 15:59:14.262214,53500,11.48,11.47,35999,11976,-3521,1771
145,AG,2020-09-04,0 days 15:59:15.261000,52021,11.48,11.47,43499,11276,1434,-3521
146,AG,2020-09-04,0 days 15:59:39.257204,53546,11.47,11.46,37805,19902,-7000,1854
147,AG,2020-09-04,0 days 15:59:40.257862,52446,11.47,11.46,41790,15085,1100,-7000
148,AG,2020-09-04,0 days 15:59:45.259060,53546,11.47,11.46,35305,20491,-4100,1100
149,AG,2020-09-04,0 days 15:59:46.257977,52746,11.47,11.46,37630,19524,800,-4100
150,AIG,2020-09-04,0 days 15:55:08.249107,423168,29.83,29.82,2200,3062,-41625,56075
151,AIG,2020-09-04,0 days 15:55:09.249234,418193,29.82,29.81,2613,1356,4975,-41625
152,AIG,2020-09-04,0 days 15:55:37.251419,424722,29.81,29.8,4703,3960,-1364,3036
153,AIG,2020-09-04,0 days 15:55:38.251557,420786,29.81,29.8,4602,5100,3936,-1364
154,AIG,2020-09-04,0 days 15:55:51.251933,424722,29.8,29.79,2751,3107,-24482,3234
155,AIG,2020-09-04,0 days 15:55:52.251978,424226,29.8,29.79,2251,3007,518,-24482
156,AIG,2020-09-04,0 days 15:57:09.254230,429163,29.79,29.78,2416,2466,-447,115
157,AIG,2020-09-04,0 days 15:57:10.254226,428310,29.79,29.77,3423,5203,353,-447
158,AIG,2020-09-04,0 days 15:57:25.255552,428663,29.8,29.79,1154,5489,-520,353
159,AIG,2020-09-04,0 days 15:57:26.254732,428384,29.8,29.79,1758,2824,279,-520
160,AIG,2020-09-04,0 days 15:57:33.255855,428663,29.79,29.78,931,7846,-2947,680
161,AIG,2020-09-04,0 days 15:57:34.255736,428783,29.79,29.78,731,7341,2780,-2947
162,AIG,2020-09-04,0 days 15:57:39.255663,431563,29.81,29.8,1105,1922,-3092,808
163,AIG,2020-09-04,0 days 15:57:40.255975,431156,29.81,29.8,915,2742,407,-3092
164,AIG,2020-09-04,0 days 15:59:29.255648,497675,29.82,29.81,1904,2641,4957,-2643
165,AIG,2020-09-04,0 days 15:59:36.256169,502797,29.81,29.8,609,5243,-29712,5001
166,AIG,2020-09-04,0 days 15:59:37.257136,499188,29.81,29.8,1800,4545,3609,-29712
167,AIG,2020-09-04,0 days 15:59:47.257528,515217,29.79,29.78,3001,2928,-1269,22531
168,AIG,2020-09-04,0 days 15:59:48.257879,506309,29.79,29.78,936,4854,3908,-1269
169,ALK,2020-09-04,0 days 15:55:44.536916,64935,40.9,40.89,1031,1192,-224,676
170,ALK,2020-09-04,0 days 15:55:45.537099,64659,40.9,40.89,1071,1392,276,-224
171,ALK,2020-09-04,0 days 15:55:53.537009,64896,40.9,40.89,383,489,39,-1961
172,ALK,2020-09-04,0 days 15:58:11.540718,66986,40.88,40.87,1098,604,-3495,164
173,ALK,2020-09-04,0 days 15:58:45.541334,66586,40.9,40.89,1831,200,-265,135
174,ALK,2020-09-04,0 days 15:59:01.544292,69660,40.91,40.9,1174,579,-640,148
175,ALL,2020-09-04,0 days 15:59:46.257896,202297,93.81,93.78,600,316,329,-944
176,ALL,2020-09-04,0 days 15:59:47.257393,202216,93.86,93.82,400,419,-81,329
177,ALL,2020-09-04,0 days 15:59:51.260807,201969,93.76,93.73,150,700,1335,-5646
178,ALLY,2020-09-04,0 days 15:55:17.293140,120687,25.34,25.33,6150,4604,2136,-864
179,ALLY,2020-09-04,0 days 15:55:38.294778,126624,25.34,25.33,5194,8709,-1909,1591
180,ALLY,2020-09-04,0 days 15:55:39.294775,124933,25.34,25.33,3789,9309,1691,-1909
181,ALLY,2020-09-04,0 days 15:56:04.291245,129319,25.3,25.29,4793,6000,-877,496
182,ALLY,2020-09-04,0 days 15:56:05.290863,127696,25.3,25.29,6205,5600,1623,-877
183,ALLY,2020-09-04,0 days 15:56:48.291918,129349,25.31,25.3,3727,9213,-3947,1553
184,ALLY,2020-09-04,0 days 15:56:49.292017,128296,25.31,25.3,3751,9010,1053,-3947
185,ALLY,2020-09-04,0 days 15:57:04.292911,129349,25.31,25.3,4300,11020,-508,1153
186,ALLY,2020-09-04,0 days 15:57:05.292756,128357,25.31,25.3,4500,11192,992,-508
187,ALLY,2020-09-04,0 days 15:57:25.294220,129349,25.32,25.31,5314,2922,-660,496
188,ALLY,2020-09-04,0 days 15:57:26.293971,128609,25.31,25.3,1175,12444,840,-660
189,ALLY,2020-09-04,0 days 15:57:35.295195,129449,25.31,25.3,4730,11384,-5974,7304
190,ALLY,2020-09-04,0 days 15:57:37.295009,131371,25.31,25.3,7019,9255,4078,-174
191,ALLY,2020-09-04,0 days 15:57:44.294241,135771,25.31,25.3,5571,12440,1178,-2522
192,ALLY,2020-09-04,0 days 15:57:45.294518,135349,25.31,25.3,6333,11898,-1322,1178
193,ALLY,2020-09-04,0 days 15:57:49.293349,134029,25.28,25.27,2989,5399,3720,-22
194,ALLY,2020-09-04,0 days 15:57:50.293562,131249,25.28,25.27,3011,6744,-432,3720
195,ALLY,2020-09-04,0 days 15:58:00.294410,137381,25.28,25.27,3367,7078,368,-2896
196,ALLY,2020-09-04,0 days 15:58:07.294420,134949,25.27,25.26,2793,10175,-396,1504
197,ALLY,2020-09-04,0 days 15:58:17.295401,161449,25.25,25.24,5446,4385,-2646,1854
198,ALLY,2020-09-04,0 days 15:59:00.298669,135755,25.24,25.23,1662,19170,2177,-2347
199,ALLY,2020-09-04,0 days 15:59:02.297445,136259,25.25,25.24,6291,2707,-396,977
200,ALLY,2020-09-04,0 days 15:59:03.298227,135755,25.24,25.23,5693,5901,5,-396
201,ALLY,2020-09-04,0 days 15:59:04.297353,136259,25.24,25.23,3636,6959,-1811,5
202,ALLY,2020-09-04,0 days 15:59:08.298027,140776,25.25,25.24,1067,9723,50,-2350
203,ALLY,2020-09-04,0 days 15:59:10.298009,144026,25.25,25.24,3938,5443,-150,50
204,ALLY,2020-09-04,0 days 15:59:28.291831,163653,25.26,25.25,7407,3056,3153,-1120
205,ALLY,2020-09-04,0 days 15:59:29.292696,162806,25.26,25.25,4281,5062,-847,3153
206,ALLY,2020-09-04,0 days 15:59:41.293347,163653,25.26,25.25,9225,4055,253,-5947
207,ALLY,2020-09-04,0 days 15:59:49.294213,164553,25.26,25.25,7753,744,1009,-1291
208,AM,2020-09-04,0 days 15:58:21.250382,123698,6.0,5.99,11758,33886,-620,1933
209,AM,2020-09-04,0 days 15:58:22.250414,122018,6.0,5.99,14083,33274,1680,-620
210,AM,2020-09-04,0 days 15:59:03.252562,125610,6.0,5.99,20969,29643,-913,3487
211,AM,2020-09-04,0 days 15:59:04.252272,124323,6.0,5.99,19969,26778,1287,-913
212,AM,2020-09-04,0 days 15:59:45.253947,141164,6.0,5.99,29499,31469,-1559,1641
213,AM,2020-09-04,0 days 15:59:46.253635,139723,6.0,5.99,27125,33328,1941,-1559
214,AMC,2020-09-04,0 days 15:57:33.259765,136153,6.99,6.98,15507,2592,-478,2322
215,AMC,2020-09-04,0 days 15:57:37.259871,130431,6.99,6.98,5269,10772,5722,-3678
216,AMC,2020-09-04,0 days 15:59:26.257061,126293,7.01,7.0,7046,5134,9061,-1639
217,AMC,2020-09-04,0 days 15:59:46.258315,132886,7.01,7.0,5322,9082,2468,-4132
218,AMCR,2020-09-04,0 days 15:55:00.251613,1326235,11.01,11.0,23153,37136,24340,-144860
219,AMCR,2020-09-04,0 days 15:59:06.261264,1523905,11.0,10.99,31523,46579,-25477,74126
220,AMCR,2020-09-04,0 days 15:59:32.257757,1763997,11.03,11.02,40722,21346,-9586,7124
221,AMCR,2020-09-04,0 days 15:59:33.257989,1744083,11.03,11.02,40122,19676,19914,-9586
222,AMCR,2020-09-04,0 days 15:59:39.258129,1763997,11.03,11.02,18953,49385,-9686,19914
223,AMCR,2020-09-04,0 days 15:59:44.257840,1750552,11.03,11.02,30306,28081,13472,-16628
224,AMT,2020-09-04,0 days 15:59:32.256665,217029,250.13,250.07,100,125,731,-1201
225,AMX,2020-09-04,0 days 15:55:43.245181,53523,12.2,12.19,2556,42523,3412,-2271
226,AMX,2020-09-04,0 days 15:55:44.245718,51935,12.2,12.19,4256,42823,-1588,3412
227,AMX,2020-09-04,0 days 15:56:51.246396,53523,12.2,12.19,21638,24940,278,-551
228,AMX,2020-09-04,0 days 15:56:52.246334,52101,12.2,12.19,21538,21540,-1422,278
229,AMX,2020-09-04,0 days 15:57:03.246984,53523,12.2,12.19,23938,26609,478,-1422
230,AMX,2020-09-04,0 days 15:57:04.246831,52201,12.2,12.19,22638,28509,-1322,478
231,AMX,2020-09-04,0 days 15:58:20.250673,53653,12.19,12.18,45870,21396,10348,-12952
232,AMX,2020-09-04,0 days 15:58:21.250375,52101,12.19,12.18,51753,18396,-1552,10348
233,AMX,2020-09-04,0 days 15:58:48.251946,53653,12.19,12.18,50586,13136,1221,-1452
234,AMX,2020-09-04,0 days 15:58:49.251379,41574,12.19,12.18,49186,12836,-12079,1221
235,AMX,2020-09-04,0 days 15:59:22.252051,55108,12.2,12.19,7439,60615,1228,-536
236,AMX,2020-09-04,0 days 15:59:23.251145,54336,12.2,12.19,10039,58515,-702,1228
237,AMX,2020-09-04,0 days 15:59:45.253938,55108,12.2,12.19,56948,1290,3287,-713
238,AMX,2020-09-04,0 days 15:59:46.253625,54795,12.19,12.18,22457,34317,-243,3287
239,ANF,2020-09-04,0 days 15:59:08.297962,126341,13.58,13.57,1069,13246,-1095,3001
240,ANF,2020-09-04,0 days 15:59:16.293620,124978,13.59,13.58,991,9180,1063,-1892
241,ANF,2020-09-04,0 days 15:59:46.294037,130506,13.6,13.59,12700,8820,2242,-3955
242,AON,2020-09-04,0 days 15:58:12.294787,81804,203.05,202.93,400,1364,76,-1224
243,AON,2020-09-04,0 days 15:58:15.295147,78880,203.0,202.93,100,1100,-2924,76
244,AON,2020-09-04,0 days 15:59:10.298018,85159,202.98,202.81,215,100,279,-924
245,AON,2020-09-04,0 days 15:59:12.298589,83378,202.95,202.81,200,100,-640,320
246,AON,2020-09-04,0 days 15:59:14.298139,84118,203.02,202.87,200,512,1562,-640
247,AON,2020-09-04,0 days 15:59:18.292047,85580,203.13,202.99,200,400,-38,1562
248,AON,2020-09-04,0 days 15:59:20.293009,85618,203.13,202.99,553,100,447,-38
249,AON,2020-09-04,0 days 15:59:42.293748,85665,203.13,203.01,114,300,-53,134
250,AON,2020-09-04,0 days 15:59:43.294917,85718,203.09,202.89,100,600,147,-53
251,APLE,2020-09-04,0 days 15:55:00.104139,71536,11.1,11.09,2757,6140,-20941,36576
252,APLE,2020-09-04,0 days 15:55:01.104787,69777,11.1,11.09,4071,4840,1759,-20941
253,APLE,2020-09-04,0 days 15:59:46.110742,105313,11.1,11.09,14386,8810,541,-3659
254,AR,2020-09-04,0 days 15:57:25.255361,124533,2.94,2.93,61252,30590,-621,3016
255,AR,2020-09-04,0 days 15:57:54.255535,125154,2.94,2.93,41201,41012,718,-482
256,AR,2020-09-04,0 days 15:58:09.258367,132533,2.94,2.93,64925,32408,-1173,1918
257,AR,2020-09-04,0 days 15:59:21.255667,135917,2.94,2.93,44253,80854,5250,-2204
258,AR,2020-09-04,0 days 15:59:36.255946,146096,2.94,2.93,39352,96054,-13021,10179
259,AR,2020-09-04,0 days 15:59:37.256913,145517,2.94,2.93,69878,35716,579,-13021
260,AR,2020-09-04,0 days 15:59:39.257034,146096,2.94,2.93,48635,62977,-47121,579
261,ARMK,2020-09-04,0 days 15:55:01.006156,94196,28.4,28.39,880,4054,44065,-24847
262,ARMK,2020-09-04,0 days 15:55:52.004775,98859,28.4,28.39,440,5755,-1837,463
263,ARMK,2020-09-04,0 days 15:55:53.004874,98396,28.4,28.39,540,5285,463,-1837
264,ARMK,2020-09-04,0 days 15:57:36.007155,106790,28.44,28.43,6161,3021,-507,1210
265,ARMK,2020-09-04,0 days 15:57:37.007557,105597,28.44,28.43,6161,5476,1193,-507
266,ARMK,2020-09-04,0 days 15:57:55.008465,114090,28.43,28.42,1730,757,-1027,2493
267,ARMK,2020-09-04,0 days 15:57:56.008002,112297,28.43,28.42,1730,644,1793,-1027
268,ARMK,2020-09-04,0 days 15:58:19.009688,121390,28.39,28.38,712,600,-1676,424
269,ARMK,2020-09-04,0 days 15:59:17.011538,124490,28.4,28.39,600,1302,8611,-421
270,ARMK,2020-09-04,0 days 15:59:35.013684,159455,28.4,28.39,6905,981,-12582,9844
271,ARMK,2020-09-04,0 days 15:59:36.013525,171737,28.39,28.38,1298,700,1246,-12582
272,ARMK,2020-09-04,0 days 15:59:37.012599,170164,28.39,28.38,875,800,-1573,1246
273,ARMK,2020-09-04,0 days 15:59:39.013058,171737,28.39,28.38,921,6287,6727,-1573
274,ARMK,2020-09-04,0 days 15:59:40.013653,170164,28.39,28.38,804,6200,-1573,6727
275,ARMK,2020-09-04,0 days 15:59:43.015195,171737,28.39,28.38,1589,689,1198,-743
276,ARMK,2020-09-04,0 days 15:59:47.014353,171464,28.39,28.38,1578,2382,-336,6034
277,ARMK,2020-09-04,0 days 15:59:48.015143,171839,28.39,28.38,1654,6415,808,-336
278,ARMK,2020-09-04,0 days 15:59:50.021788,170356,28.38,28.36,500,1728,-1444,4526
279,ATI,2020-09-04,0 days 15:55:00.291811,140585,9.0,8.99,3761,2945,-8224,29778
280,ATI,2020-09-04,0 days 15:57:03.292704,149217,9.0,8.99,5018,5005,1439,-361
281,ATI,2020-09-04,0 days 15:57:04.292888,142656,9.0,8.99,4151,5706,-6461,1439
282,ATI,2020-09-04,0 days 15:59:33.292739,153981,9.0,8.99,20311,5157,5758,-1752
283,ATI,2020-09-04,0 days 15:59:34.293737,151639,9.0,8.99,18700,9095,-2242,5758
284,ATI,2020-09-04,0 days 15:59:44.293705,153981,8.99,8.98,12657,5590,58,-142
285,ATUS,2020-09-04,0 days 15:55:00.291443,82741,26.71,26.7,6330,3905,6752,-10408
286,ATUS,2020-09-04,0 days 15:55:26.293885,89568,26.71,26.7,11287,5185,-5689,6810
287,ATUS,2020-09-04,0 days 15:56:46.291491,102415,26.69,26.68,4600,5146,1248,-1152
288,ATUS,2020-09-04,0 days 15:56:47.291954,101563,26.68,26.67,3400,6088,-852,1248
289,ATUS,2020-09-04,0 days 15:59:01.297776,116639,26.67,26.66,3872,9662,20380,-1033
290,ATUS,2020-09-04,0 days 15:59:06.302091,120111,26.68,26.67,1597,6278,-1563,837
291,ATUS,2020-09-04,0 days 15:59:28.291649,146268,26.67,26.66,13000,6794,3940,-3238
292,ATUS,2020-09-04,0 days 15:59:29.292517,143508,26.67,26.66,12500,7614,-2760,3940
293,ATUS,2020-09-04,0 days 15:59:37.292795,144777,26.67,26.66,12559,9018,-1556,3644
294,ATUS,2020-09-04,0 days 15:59:45.295275,146333,26.66,26.65,14601,8957,3380,-183
295,AU,2020-09-04,0 days 15:57:04.253714,69307,29.09,29.07,6689,1687,-929,359
296,AU,2020-09-04,0 days 15:57:05.254863,69036,29.09,29.08,7274,1001,271,-929
297,AU,2020-09-04,0 days 15:57:40.255961,69507,29.09,29.08,2763,1490,-248,152
298,AU,2020-09-04,0 days 15:57:41.256763,68981,29.09,29.08,3155,1289,526,-248
299,AU,2020-09-04,0 days 15:57:50.256232,69507,29.07,29.06,696,1567,-148,442
300,AU,2020-09-04,0 days 15:59:45.259110,75674,29.08,29.07,3113,1560,3966,-5008
301,AU,2020-09-04,0 days 15:59:46.257987,74940,29.08,29.07,3247,1450,-724,3966
302,AUY,2020-09-04,0 days 15:59:22.011772,222229,6.02,6.01,503748,427901,-2250,3750
303,AUY,2020-09-04,0 days 15:59:26.012026,109979,6.02,6.01,515746,406001,112516,-1984
304,AUY,2020-09-04,0 days 15:59:36.013608,222495,6.02,6.01,601288,308226,-11595,8536
305,AUY,2020-09-04,0 days 15:59:37.012663,217390,6.02,6.01,608795,306826,5105,-11595
306,AUY,2020-09-04,0 days 15:59:46.014705,222495,6.02,6.01,577255,301363,-19358,3055
307,AUY,2020-09-04,0 days 15:59:47.014417,218653,6.02,6.01,596200,300763,3842,-19358
308,AVTR,2020-09-04,0 days 15:55:00.399462,159114,21.16,21.15,3885,1248,51560,-36519
309,AVTR,2020-09-04,0 days 15:55:01.399144,155474,21.17,21.16,2319,3391,-3640,51560
310,AVTR,2020-09-04,0 days 15:55:50.402896,160314,21.16,21.15,3865,3028,2474,-3449
311,AVTR,2020-09-04,0 days 15:55:51.402683,157588,21.16,21.15,4565,3546,-2726,2474
312,AVTR,2020-09-04,0 days 15:59:11.398745,187734,21.16,21.15,5001,4535,7204,-1652
313,AVTR,2020-09-04,0 days 15:59:12.398263,185238,21.16,21.15,4628,4635,-2496,7204
314,AVTR,2020-09-04,0 days 15:59:17.393544,194191,21.2,21.19,663,2504,58547,-2784
315,AVTR,2020-09-04,0 days 15:59:36.392686,265554,21.19,21.18,1291,5166,-42855,52745
316,AVTR,2020-09-04,0 days 15:59:37.392488,262209,21.19,21.18,2389,1335,3345,-42855
317,AXP,2020-09-04,0 days 15:57:20.108814,347510,105.79,105.78,679,642,4825,-70175
318,AXP,2020-09-04,0 days 15:57:30.109630,347935,105.89,105.87,1036,970,-2669,1331
319,AXP,2020-09-04,0 days 15:59:10.111493,357225,105.59,105.56,839,300,635,-954
320,AXP,2020-09-04,0 days 15:59:47.112236,410311,105.62,105.59,1100,200,-9388,24126
321,AXP,2020-09-04,0 days 15:59:48.111693,403781,105.61,105.58,850,300,6530,-9388
322,AXTA,2020-09-04,0 days 15:59:45.253928,76747,23.11,23.1,6590,2692,-482,2616
323,AYX,2020-09-04,0 days 15:50:18.254862,13933,111.95,111.79,200,400,5702,-564
324,AYX,2020-09-04,0 days 15:50:32.251738,19635,111.81,111.74,100,161,-564,5702
325,AYX,2020-09-04,0 days 15:51:01.252771,19635,111.9,111.79,200,100,-564,5702
326,AYX,2020-09-04,0 days 15:51:16.253670,13933,111.85,111.79,200,400,5702,-564
327,AYX,2020-09-04,0 days 15:51:20.253169,19635,111.85,111.79,100,401,-564,5702
328,AYX,2020-09-04,0 days 15:51:37.256911,13933,111.98,111.89,200,500,5402,-564
329,AYX,2020-09-04,0 days 15:51:45.253704,19335,112.01,111.95,100,300,-864,5402
330,AYX,2020-09-04,0 days 15:51:50.256019,13933,112.04,112.01,100,200,5402,-864
331,AYX,2020-09-04,0 days 15:52:25.254403,13933,112.05,112.0,100,200,5402,-864
332,AYX,2020-09-04,0 days 15:52:28.254071,19335,111.99,111.87,440,300,-864,5402
333,AYX,2020-09-04,0 days 15:52:39.255061,13933,111.84,111.78,600,293,5702,-864
334,AYX,2020-09-04,0 days 15:52:40.254858,19635,111.84,111.73,700,100,-564,5702
335,AYX,2020-09-04,0 days 15:53:20.255464,13933,111.91,111.81,100,500,5702,-564
336,AYX,2020-09-04,0 days 15:53:27.254881,19635,111.9,111.79,700,100,-564,5702
337,AYX,2020-09-04,0 days 15:53:37.254722,13933,111.87,111.82,700,300,5702,-564
338,AYX,2020-09-04,0 days 15:54:22.255222,19335,111.98,111.9,300,504,-864,5402
339,AYX,2020-09-04,0 days 15:54:31.255597,13933,111.98,111.91,401,300,5402,-864
340,AYX,2020-09-04,0 days 15:54:39.258335,19335,112.05,111.99,500,610,-864,5402
341,AYX,2020-09-04,0 days 15:54:49.254066,13933,112.03,111.99,200,433,5402,-864
342,AYX,2020-09-04,0 days 15:55:23.254066,24276,111.59,111.5,440,247,-467,5983
343,AYX,2020-09-04,0 days 15:55:55.255750,24408,111.51,111.45,300,100,-3401,3349
344,AYX,2020-09-04,0 days 15:56:25.255608,24408,111.46,111.4,300,316,-3405,3345
345,AYX,2020-09-04,0 days 15:57:28.261127,24408,111.63,111.45,499,200,-3724,3340
346,AYX,2020-09-04,0 days 15:58:06.254258,23014,111.57,111.51,2321,103,1394,-5970
347,AYX,2020-09-04,0 days 15:58:08.253720,24408,111.57,111.53,1847,409,-5970,1394
348,AYX,2020-09-04,0 days 15:58:09.255006,23014,111.56,111.53,330,106,1394,-5970
349,AYX,2020-09-04,0 days 15:58:10.253869,24408,111.57,111.54,601,100,-5970,1394
350,AYX,2020-09-04,0 days 15:58:35.262260,24431,111.52,111.45,1997,330,-6147,1217
351,AYX,2020-09-04,0 days 15:58:47.255537,23214,111.52,111.5,2092,518,1217,-7247
352,AYX,2020-09-04,0 days 15:59:10.257703,23881,111.44,111.42,277,218,-4968,3196
353,AYX,2020-09-04,0 days 15:59:19.258292,23942,111.59,111.55,300,200,-6935,1866
354,AYX,2020-09-04,0 days 15:59:21.257667,22220,111.69,111.63,529,200,1722,-6935
355,AYX,2020-09-04,0 days 15:59:23.257507,24069,111.69,111.64,100,536,-7694,1722
356,AYX,2020-09-04,0 days 15:59:27.257109,22220,111.68,111.64,432,307,1849,-7694
357,AYX,2020-09-04,0 days 15:59:30.263590,24069,111.71,111.65,430,300,-7694,1849
358,AYX,2020-09-04,0 days 15:59:58.260458,22218,111.57,111.56,666,301,2225,-7318
359,AZN,2020-09-04,0 days 15:55:00.241965,16401,53.63,53.62,1551,500,175,-1108
360,AZN,2020-09-04,0 days 15:56:50.246687,17684,53.62,53.61,902,1610,-326,274
361,AZN,2020-09-04,0 days 15:56:51.246349,17510,53.62,53.61,1447,910,174,-326
362,AZN,2020-09-04,0 days 15:57:07.246929,17684,53.63,53.62,1944,820,-5,174
363,AZN,2020-09-04,0 days 15:57:10.246864,17490,53.63,53.62,304,2976,194,-6
364,AZN,2020-09-04,0 days 15:57:20.248203,17617,53.65,53.64,6254,1647,-127,24
365,AZN,2020-09-04,0 days 15:57:22.247771,17193,53.65,53.64,7254,1320,424,-127
366,AZN,2020-09-04,0 days 15:57:38.249928,17617,53.65,53.64,5214,2110,-227,24
367,AZN,2020-09-04,0 days 15:58:13.250730,17844,53.62,53.61,500,2000,24,-808
368,AZN,2020-09-04,0 days 15:59:14.252929,18086,53.62,53.61,1100,1049,43,-211
369,AZUL,2020-09-04,0 days 15:55:49.255519,28122,14.05,14.04,3252,3200,442,-1492
370,AZUL,2020-09-04,0 days 15:55:50.255793,27164,14.05,14.04,3218,3000,-958,442
371,AZUL,2020-09-04,0 days 15:57:03.257587,29755,14.04,14.03,1266,3920,874,-1026
372,AZUL,2020-09-04,0 days 15:57:04.258007,28829,14.04,14.03,1366,3920,-926,874
373,AZUL,2020-09-04,0 days 15:59:22.258415,36645,14.02,14.01,2691,4919,790,-766
374,AZUL,2020-09-04,0 days 15:59:23.257137,35635,14.02,14.01,4391,3819,-1010,790
375,BA,2020-09-04,0 days 15:55:34.297982,208506,171.07,171.0,200,330,5058,-3137
376,BA,2020-09-04,0 days 15:55:42.295448,209064,171.18,171.14,200,110,-942,358
377,BA,2020-09-04,0 days 15:55:48.295376,209509,171.17,171.09,500,1600,455,-345
378,BA,2020-09-04,0 days 15:55:49.295438,209232,171.15,171.12,100,1100,-281,455
379,BA,2020-09-04,0 days 15:55:54.290683,209513,171.17,171.14,719,601,49724,-276
380,BA,2020-09-04,0 days 15:57:42.294840,260009,171.46,171.42,200,1020,-2993,1207
381,BA,2020-09-04,0 days 15:57:43.294641,257002,171.46,171.43,509,300,3007,-2993
382,BA,2020-09-04,0 days 15:57:53.293784,262232,171.45,171.38,200,400,-617,1745
383,BA,2020-09-04,0 days 15:57:54.294065,258749,171.38,171.35,300,244,3483,-617
384,BABA,2020-09-04,0 days 15:55:54.536038,287958,281.48,281.43,320,539,704,-23763
385,BABA,2020-09-04,0 days 15:55:55.536661,285001,281.46,281.41,324,400,-2957,704
386,BABA,2020-09-04,0 days 15:57:31.539589,307236,281.62,281.54,401,100,4122,-5334
387,BABA,2020-09-04,0 days 15:57:33.540431,306210,281.56,281.48,200,300,-526,13874
388,BABA,2020-09-04,0 days 15:57:38.540043,306537,281.78,281.67,315,200,-463,267
389,BABA,2020-09-04,0 days 15:57:40.540284,307800,281.72,281.56,200,300,875,-396
390,BABA,2020-09-04,0 days 15:57:41.540324,305804,281.72,281.56,613,300,-1196,875
391,BABA,2020-09-04,0 days 15:57:42.540224,307800,281.72,281.56,613,100,3075,-1196
392,BABA,2020-09-04,0 days 15:57:43.540825,306304,281.72,281.56,631,300,-696,3075
393,BABA,2020-09-04,0 days 15:57:47.541299,317381,281.66,281.56,200,300,-1855,645
394,BABA,2020-09-04,0 days 15:57:58.538686,318556,281.56,281.48,812,100,-780,19118
395,BABA,2020-09-04,0 days 15:58:08.539081,319236,281.55,281.47,550,908,2152,-318
396,BABA,2020-09-04,0 days 15:58:09.540079,318988,281.54,281.47,1144,944,-248,2152
397,BABA,2020-09-04,0 days 15:58:11.540517,319236,281.41,281.38,400,200,429,-287
398,BABA,2020-09-04,0 days 15:58:12.540508,319065,281.4,281.34,200,300,-171,429
399,BABA,2020-09-04,0 days 15:58:14.539990,319236,281.4,281.35,1046,100,1729,-142
400,BABA,2020-09-04,0 days 15:58:15.540823,319094,281.4,281.36,442,400,-107,1729
401,BABA,2020-09-04,0 days 15:58:19.540383,319201,281.44,281.4,285,100,1664,-136
402,BABA,2020-09-04,0 days 15:58:20.539960,318126,281.44,281.4,288,100,-1075,1664
403,BABA,2020-09-04,0 days 15:58:24.540319,319236,281.55,281.5,183,2178,152,-589
404,BABA,2020-09-04,0 days 15:58:25.541165,319088,281.54,281.46,400,813,-148,152
405,BABA,2020-09-04,0 days 15:58:26.540102,319236,281.49,281.46,100,913,2452,-148
406,BABA,2020-09-04,0 days 15:58:27.540244,319126,281.47,281.44,332,449,-110,2452
407,BABA,2020-09-04,0 days 15:58:30.541135,319201,281.37,281.3,334,310,3131,-42
408,BABA,2020-09-04,0 days 15:58:34.541249,322032,281.35,281.33,200,300,-204,231
409,BABA,2020-09-04,0 days 15:58:38.540497,322236,281.4,281.35,1216,700,2658,-442
410,BABA,2020-09-04,0 days 15:58:39.541297,322132,281.37,281.32,214,345,-69,2658
411,BABA,2020-09-04,0 days 15:58:59.542505,333537,281.27,281.22,672,580,4204,-1833
412,BABA,2020-09-04,0 days 15:59:00.544567,328255,281.41,281.34,100,242,-8182,4204
413,BABA,2020-09-04,0 days 15:59:01.543854,327937,281.37,281.29,119,504,356,-8182
414,BABA,2020-09-04,0 days 15:59:06.543969,330031,281.67,281.54,129,900,-20106,24233
415,BABA,2020-09-04,0 days 15:59:07.543531,329394,281.58,281.47,344,300,19748,-20106
416,BABA,2020-09-04,0 days 15:59:15.541297,335809,281.54,281.46,200,406,-22480,3851
417,BABA,2020-09-04,0 days 15:59:16.537361,340289,281.49,281.38,437,100,4410,-22480
418,BABA,2020-09-04,0 days 15:59:21.537461,326999,281.58,281.5,630,310,-16290,2683
419,BABA,2020-09-04,0 days 15:59:22.536768,327489,281.51,281.46,600,200,21531,-16290
420,BABA,2020-09-04,0 days 15:59:24.536552,327468,281.57,281.51,300,100,-19991,1422
421,BABA,2020-09-04,0 days 15:59:25.535856,327359,281.53,281.45,387,212,19220,-19991
422,BABA,2020-09-04,0 days 15:59:28.535502,347085,281.54,281.48,400,440,-174,2267
423,BABA,2020-09-04,0 days 15:59:31.537410,327659,281.45,281.34,900,600,21905,-19285
424,BABA,2020-09-04,0 days 15:59:38.538536,351733,281.6,281.49,700,930,-7990,13524
425,BABA,2020-09-04,0 days 15:59:39.537627,350423,281.58,281.47,978,855,22824,-7990
426,BAC,2020-09-04,0 days 15:58:35.255569,3460376,26.51,26.5,119088,83629,123158,-126742
427,BAC,2020-09-04,0 days 15:59:06.256442,3444387,26.53,26.52,42398,106588,-9344,17130
428,BAC,2020-09-04,0 days 15:59:07.252364,3471443,26.53,26.52,39449,109052,56319,-9344
429,BAC,2020-09-04,0 days 15:59:36.253458,3804493,26.56,26.55,26034,174891,33755,-5071
430,BAX,2020-09-04,0 days 15:59:32.257618,290752,82.36,82.35,400,255,1534,-11313
431,BAX,2020-09-04,0 days 15:59:39.258228,296786,82.37,82.35,100,1916,-2571,1534
432,BAX,2020-09-04,0 days 15:59:46.258522,290062,82.35,82.33,1033,110,-690,198
433,BB,2020-09-04,0 days 15:59:14.399747,75532,5.12,5.11,100997,88484,5406,-1903
434,BB,2020-09-04,0 days 15:59:15.396682,57468,5.12,5.11,102947,90284,-18064,5406
435,BB,2020-09-04,0 days 15:59:36.392778,79632,5.12,5.11,104473,86849,16705,-19795
436,BB,2020-09-04,0 days 15:59:37.393232,78537,5.12,5.11,103073,87849,-1095,16705
437,BB,2020-09-04,0 days 15:59:45.393618,79632,5.12,5.11,109573,70362,2605,-1095
438,BB,2020-09-04,0 days 15:59:46.392237,78737,5.12,5.11,105973,71866,-895,2605
439,BBD,2020-09-04,0 days 15:59:36.257754,2607297,4.12,4.11,751290,791405,-108788,128012
440,BBD,2020-09-04,0 days 15:59:37.258023,2600685,4.12,4.11,753690,792494,6612,-108788
441,BBL,2020-09-04,0 days 15:59:22.258270,23499,44.36,44.35,2560,3500,1000,-322
442,BBL,2020-09-04,0 days 15:59:23.256959,23199,44.36,44.35,2586,4390,-300,1000
443,BBL,2020-09-04,0 days 15:59:46.258379,23499,44.32,44.31,6540,8300,1378,-22
444,BBL,2020-09-04,0 days 15:59:47.257346,23477,44.32,44.31,3858,9016,-22,1378
445,BBY,2020-09-04,0 days 15:57:54.256715,246768,106.38,106.36,502,262,761,-3639
446,BBY,2020-09-04,0 days 15:57:55.257274,242129,106.39,106.37,500,221,-4639,761
447,BBY,2020-09-04,0 days 15:59:16.260921,285983,106.39,106.36,200,210,468,-10365
448,BBY,2020-09-04,0 days 15:59:27.256770,285983,106.41,106.4,1169,300,2714,-86
449,BBY,2020-09-04,0 days 15:59:32.257580,282269,106.43,106.4,356,524,-4599,1829
450,BBY,2020-09-04,0 days 15:59:36.257693,286868,106.39,106.33,1000,643,6048,-1288
451,BBY,2020-09-04,0 days 15:59:37.257930,283216,106.37,106.34,1066,181,-3652,6048
452,BCS,2020-09-04,0 days 15:59:00.113352,46219,5.69,5.68,148945,189097,-2196,3599
453,BEKE,2020-09-04,0 days 15:59:23.251145,51588,45.45,45.41,200,1500,-17935,2359
454,BEKE,2020-09-04,0 days 15:59:24.251510,49723,45.44,45.41,100,1200,1865,-17935
455,BEN,2020-09-04,0 days 15:55:00.291627,151414,21.33,21.32,5148,3990,3088,-65737
456,BEN,2020-09-04,0 days 15:55:01.291336,148802,21.33,21.32,5248,5121,-2612,3088
457,BEN,2020-09-04,0 days 15:57:17.293354,165961,21.33,21.32,8274,4876,1750,-4050
458,BEN,2020-09-04,0 days 15:57:18.293143,162011,21.33,21.32,5043,8531,-3950,1750
459,BEN,2020-09-04,0 days 15:59:16.293581,183825,21.33,21.32,4332,9312,6863,-2907
460,BEN,2020-09-04,0 days 15:59:17.292078,181988,21.33,21.32,2266,10857,-572,6863
461,BEN,2020-09-04,0 days 15:59:22.292153,183825,21.33,21.32,5510,12224,462,-1831
462,BEN,2020-09-04,0 days 15:59:47.293451,184527,21.33,21.32,8704,12684,-698,3202
463,BHC,2020-09-04,0 days 15:55:44.536964,36414,16.32,16.31,11955,3713,3610,-685
464,BHC,2020-09-04,0 days 15:55:45.537127,34324,16.32,16.31,10777,4613,-2090,3610
465,BHC,2020-09-04,0 days 15:55:49.538298,39714,16.32,16.31,11618,1113,3367,-590
466,BHC,2020-09-04,0 days 15:55:50.537052,38281,16.32,16.31,11618,1413,-1433,3367
467,BHC,2020-09-04,0 days 15:58:48.542019,46937,16.3,16.29,17951,13663,112,-1264
468,BHC,2020-09-04,0 days 15:58:49.542145,45849,16.3,16.29,17251,15563,-788,112
469,BHC,2020-09-04,0 days 15:58:59.542950,46937,16.3,16.29,488,17900,1607,-316
470,BHC,2020-09-04,0 days 15:59:00.544923,46044,16.31,16.3,7703,6335,-893,1607
471,BHC,2020-09-04,0 days 15:59:14.543932,47182,16.3,16.29,8086,13451,3157,-1138
472,BHC,2020-09-04,0 days 15:59:15.541623,46739,16.3,16.29,6486,14617,-443,3157
473,BHC,2020-09-04,0 days 15:59:45.538970,48180,16.3,16.29,17177,7993,1916,-74
474,BHP,2020-09-04,0 days 15:55:51.295217,22764,53.74,53.73,1051,2171,-88,487
475,BHP,2020-09-04,0 days 15:55:52.295321,22352,53.74,53.73,1251,2271,412,-88
476,BHP,2020-09-04,0 days 15:58:38.295310,26644,53.72,53.71,4233,1349,-193,1607
477,BHP,2020-09-04,0 days 15:58:39.295429,25937,53.72,53.71,4733,1986,707,-193
478,BHP,2020-09-04,0 days 15:59:06.302318,28101,53.72,53.71,851,3993,-3648,1440
479,BHP,2020-09-04,0 days 15:59:22.292231,27391,53.74,53.73,5100,3481,-145,486
480,BHP,2020-09-04,0 days 15:59:23.292020,26936,53.74,53.73,6500,2581,255,-145
481,BILL,2020-09-04,0 days 15:55:00.532781,15518,86.93,86.9,400,511,83,-5063
482,BILL,2020-09-04,0 days 15:55:41.537015,15631,87.11,87.05,200,482,-187,5168
483,BILL,2020-09-04,0 days 15:55:45.537060,15818,87.11,87.05,1072,1269,94,-96
484,BILL,2020-09-04,0 days 15:59:07.543695,18095,87.13,87.11,200,433,-171,8316
485,BILL,2020-09-04,0 days 15:59:09.543544,18266,87.13,87.07,298,450,529,-171
486,BILL,2020-09-04,0 days 15:59:10.543439,18095,87.13,87.08,210,400,-171,529
487,BILL,2020-09-04,0 days 15:59:11.545173,18266,87.12,87.05,391,1282,529,-171
488,BILL,2020-09-04,0 days 15:59:16.537630,18170,87.17,87.09,400,1067,-96,8316
489,BILL,2020-09-04,0 days 15:59:32.538089,19220,87.17,87.09,200,336,30,-1578
490,BJ,2020-09-04,0 days 15:55:34.246552,86549,41.73,41.71,1143,429,-3695,3605
491,BJ,2020-09-04,0 days 15:55:35.244803,84144,41.73,41.71,1543,429,2405,-3695
492,BJ,2020-09-04,0 days 15:58:10.249736,92526,41.68,41.67,1977,100,-2111,2221
493,BJ,2020-09-04,0 days 15:58:11.250651,90037,41.67,41.65,400,641,2189,-2111
494,BJ,2020-09-04,0 days 15:59:16.254470,91590,41.68,41.67,1312,730,1850,-1328
495,BJ,2020-09-04,0 days 15:59:34.253184,98184,41.69,41.68,1139,364,-8247,5767
496,BJ,2020-09-04,0 days 15:59:35.252763,97431,41.69,41.68,1154,395,753,-8247
497,BJ,2020-09-04,0 days 15:59:45.253877,98442,41.69,41.68,2154,329,-556,953
498,BJ,2020-09-04,0 days 15:59:49.253720,98098,41.69,41.68,1277,805,86,-14
499,BK,2020-09-04,0 days 15:58:18.540677,631461,37.54,37.53,11663,2751,56,-364
500,BK,2020-09-04,0 days 15:58:30.541582,630917,37.55,37.54,11455,893,-544,56
501,BK,2020-09-04,0 days 15:58:32.541076,631867,37.55,37.54,11224,1784,150,-950
502,BK,2020-09-04,0 days 15:58:34.541611,621717,37.54,37.53,5401,4805,-9970,750
503,BK,2020-09-04,0 days 15:59:10.543439,636351,37.55,37.54,6816,3255,779,-2844
504,BK,2020-09-04,0 days 15:59:11.545173,637456,37.55,37.54,6016,4448,-507,779
505,BK,2020-09-04,0 days 15:59:15.541413,637368,37.57,37.56,2609,3715,9425,-6107
506,BK,2020-09-04,0 days 15:59:16.537667,630393,37.59,37.58,4000,4600,-9150,9425
507,BK,2020-09-04,0 days 15:59:26.537085,637368,37.57,37.56,4000,2557,2595,-390
508,BK,2020-09-04,0 days 15:59:35.539060,633645,37.54,37.53,1807,4185,-3676,9658
509,BK,2020-09-04,0 days 15:59:40.538382,636228,37.53,37.52,6294,135,-1913,15687
510,BK,2020-09-04,0 days 15:59:42.538018,637941,37.51,37.5,6809,887,1144,-1753
511,BK,2020-09-04,0 days 15:59:44.539036,636558,37.51,37.5,6669,981,-1879,15648
512,BKD,2020-09-04,0 days 15:57:40.261639,52653,2.92,2.91,18989,17700,-1114,806
513,BKD,2020-09-04,0 days 15:57:41.260791,51367,2.92,2.91,21483,16500,1286,-1114
514,BKD,2020-09-04,0 days 15:59:17.258315,64979,2.91,2.9,32856,16124,-699,497
515,BKD,2020-09-04,0 days 15:59:35.257980,65678,2.91,2.9,37821,19374,2458,-699
516,BKD,2020-09-04,0 days 15:59:37.258099,68236,2.91,2.9,37421,20474,-1326,2458
517,BKD,2020-09-04,0 days 15:59:48.258240,67262,2.91,2.9,47006,14363,1318,-1182
518,BKR,2020-09-04,0 days 15:56:08.107077,400530,14.51,14.5,11087,8692,4797,-5203
519,BKR,2020-09-04,0 days 15:56:09.107309,395827,14.51,14.5,12330,2054,-4703,4797
520,BKR,2020-09-04,0 days 15:58:27.110034,393888,14.48,14.47,24966,14816,133,-2567
521,BKR,2020-09-04,0 days 15:58:31.109862,394021,14.48,14.47,25450,10013,-197,133
522,BKR,2020-09-04,0 days 15:59:10.111533,416481,14.49,14.48,9069,12069,10353,-4813
523,BKR,2020-09-04,0 days 15:59:11.113183,414467,14.5,14.49,9481,11101,-4314,10353
524,BKR,2020-09-04,0 days 15:59:12.112025,418781,14.5,14.49,8748,11700,6295,-4314
525,BKR,2020-09-04,0 days 15:59:24.109758,402940,14.52,14.51,4000,6562,2500,-77
526,BMY,2020-09-04,0 days 15:59:17.292024,2441679,59.99,59.98,1485,3200,237891,-216347
527,BMY,2020-09-04,0 days 15:59:31.293156,2733554,59.94,59.93,6175,879,-36813,30241
528,BMY,2020-09-04,0 days 15:59:37.292964,2777598,59.89,59.88,2822,1674,844,-9203
529,BMY,2020-09-04,0 days 15:59:38.293165,2778442,59.9,59.89,6604,874,-2856,844
530,BMY,2020-09-04,0 days 15:59:42.293563,2787615,59.85,59.84,5160,1809,83602,-2518
531,BMY,2020-09-04,0 days 15:59:43.294818,2871217,59.89,59.88,3000,3070,-1278,83602
532,BMY,2020-09-04,0 days 15:59:46.293991,2835953,59.86,59.85,1326,3389,46862,-534
533,BMY,2020-09-04,0 days 15:59:47.293451,2848108,59.88,59.87,115,6057,-32445,46862
534,BMY,2020-09-04,0 days 15:59:48.294124,2847153,59.89,59.88,1800,3361,15842,-32445
535,BMY,2020-09-04,0 days 15:59:53.294441,2835126,59.94,59.93,800,5596,-17327,10639
536,BMY^,2020-09-04,0 days 15:58:46.010737,2014,2.85,2.84,34642,3550,-1729,1871
537,BNS,2020-09-04,0 days 15:55:42.536923,24297,42.44,42.43,4314,800,656,-896
538,BNS,2020-09-04,0 days 15:55:43.537089,23553,42.44,42.43,5114,1700,-659,656
539,BNS,2020-09-04,0 days 15:56:31.538578,24312,42.42,42.41,1310,4639,1441,-559
540,BNS,2020-09-04,0 days 15:56:32.537807,23853,42.42,42.41,3410,3733,-359,1441
541,BNS,2020-09-04,0 days 15:57:05.540073,24312,42.44,42.43,6040,4177,620,-59
542,BNS,2020-09-04,0 days 15:57:06.539157,23832,42.44,42.43,6440,1283,-380,620
543,BNS,2020-09-04,0 days 15:58:00.540992,22217,42.42,42.41,5001,900,2315,-280
544,BNS,2020-09-04,0 days 15:58:07.539972,17699,42.41,42.4,800,7718,3033,-1173
545,BNS,2020-09-04,0 days 15:59:14.543932,24930,42.43,42.42,11030,500,-70,577
546,BOX,2020-09-04,0 days 15:57:03.246933,98598,18.58,18.57,5840,2350,-1148,752
547,BOX,2020-09-04,0 days 15:57:04.246801,95146,18.58,18.57,5190,2750,3452,-1148
548,BOX,2020-09-04,0 days 15:57:33.249649,98598,18.6,18.59,5300,168,-154,19
549,BOX,2020-09-04,0 days 15:57:39.249563,95586,18.6,18.59,1109,3825,2819,-154
550,BOX,2020-09-04,0 days 15:58:27.250432,98505,18.59,18.58,6171,1037,-534,3053
551,BOX,2020-09-04,0 days 15:58:28.250898,96652,18.59,18.58,6321,300,1853,-534
552,BOX,2020-09-04,0 days 15:58:55.251184,98512,18.59,18.58,1416,4732,-140,966
553,BOX,2020-09-04,0 days 15:58:56.251673,96252,18.59,18.58,1952,9532,2260,-140
554,BOX,2020-09-04,0 days 15:59:05.254347,89285,18.59,18.58,1916,3284,-6367,3506
555,BOX,2020-09-04,0 days 15:59:13.255068,98058,18.58,18.57,3182,3512,245,-755
556,BOX,2020-09-04,0 days 15:59:34.253096,108473,18.58,18.57,4018,2802,-11218,1308
557,BOX,2020-09-04,0 days 15:59:46.253481,109583,18.58,18.57,2077,4119,-6,682
558,BOX,2020-09-04,0 days 15:59:48.253289,108989,18.58,18.57,2086,9942,594,-6
559,BP,2020-09-04,0 days 15:55:01.006489,54320,20.56,20.55,46643,8044,-20985,16360
560,BRFS,2020-09-04,0 days 15:55:01.006288,16019,3.77,3.76,80145,97631,9963,-2085
561,BRFS,2020-09-04,0 days 15:59:36.013608,41538,3.78,3.77,233842,41030,-14782,17518
562,BRFS,2020-09-04,0 days 15:59:37.012663,40620,3.78,3.77,235042,41330,918,-14782
563,BRK.B,2020-09-04,0 days 15:57:31.405573,565660,218.61,218.58,823,410,5442,-4158
564,BRK.B,2020-09-04,0 days 15:57:35.406318,571102,218.7,218.65,102,600,-334,170
565,BRK.B,2020-09-04,0 days 15:57:36.405615,570682,218.74,218.65,100,501,420,-334
566,BRK.B,2020-09-04,0 days 15:57:40.405610,571102,218.73,218.7,324,531,-93,420
567,BRK.B,2020-09-04,0 days 15:58:04.405873,571590,218.58,218.53,200,300,875,-3697
568,BRK.B,2020-09-04,0 days 15:58:06.402968,572465,218.54,218.52,523,619,-928,1172
569,BRK.B,2020-09-04,0 days 15:58:07.402789,570593,218.54,218.52,623,819,1872,-928
570,BRK.B,2020-09-04,0 days 15:58:24.402501,572465,218.42,218.37,200,200,-3544,104
571,BRK.B,2020-09-04,0 days 15:58:25.404414,570638,218.34,218.31,521,200,3327,-3544
572,BRK.B,2020-09-04,0 days 15:59:00.406046,582668,218.18,218.15,622,100,-3422,5878
573,BRK.B,2020-09-04,0 days 15:59:01.406727,579764,218.16,218.12,214,400,2854,-3422
574,BRK.B,2020-09-04,0 days 15:59:04.405383,584393,218.21,218.15,100,400,-2673,13511
575,BRK.B,2020-09-04,0 days 15:59:05.408567,587340,218.28,218.19,201,700,3186,-2673
576,BRK.B,2020-09-04,0 days 15:59:06.400186,586181,218.37,218.32,225,200,-3219,3186
577,BRK.B,2020-09-04,0 days 15:59:07.399181,584248,218.31,218.28,300,700,1933,-3219
578,BRK.B,2020-09-04,0 days 15:59:15.396549,579798,218.4,218.35,725,1200,-3257,1093
579,BRK.B,2020-09-04,0 days 15:59:16.396147,578703,218.49,218.47,100,200,69227,-3257
580,BRX,2020-09-04,0 days 15:55:09.293537,215541,13.1,13.09,9004,8450,-341,171
581,BRX,2020-09-04,0 days 15:55:16.293609,209338,13.1,13.09,8887,8726,6203,-797
582,BRX,2020-09-04,0 days 15:59:47.293552,284952,13.05,13.04,2456,16143,-4576,17095
583,BRX,2020-09-04,0 days 15:59:48.294318,282928,13.05,13.04,1968,14272,2024,-4576
584,BSX,2020-09-04,0 days 15:55:39.401678,740530,41.58,41.57,1300,4200,2210,-590
585,BSX,2020-09-04,0 days 15:55:40.401809,738640,41.58,41.57,600,4004,-1890,2210
586,BSX,2020-09-04,0 days 15:57:48.400278,772891,41.56,41.55,4674,1758,2407,-2793
587,BSX,2020-09-04,0 days 15:57:49.399764,768698,41.56,41.55,3854,3058,-4193,2407
588,BSX,2020-09-04,0 days 15:57:53.400334,775513,41.56,41.55,3348,3473,346,-515
589,BSX,2020-09-04,0 days 15:57:54.399541,771159,41.55,41.54,2348,2410,-6854,346
590,BSX,2020-09-04,0 days 15:59:12.396775,789910,41.54,41.53,4295,1604,-3433,3967
591,BSX,2020-09-04,0 days 15:59:16.394426,810186,41.55,41.54,3000,3958,10106,-34029
592,BSX,2020-09-04,0 days 15:59:30.391624,811482,41.55,41.54,6083,1000,126,-1074
593,BSX,2020-09-04,0 days 15:59:31.391281,814608,41.53,41.52,2684,1888,-14227,126
594,BSX,2020-09-04,0 days 15:59:36.391115,845666,41.55,41.54,7424,3600,7252,-10739
595,BSX,2020-09-04,0 days 15:59:37.391553,842618,41.56,41.55,7934,800,-3048,7252
596,BSX,2020-09-04,0 days 15:59:46.390472,839217,41.55,41.54,7501,7473,-14433,9982
597,BTI,2020-09-04,0 days 15:55:01.007225,29284,34.14,34.13,2623,2729,-17286,23417
598,BTI,2020-09-04,0 days 15:55:02.002414,27270,34.14,34.13,1987,3089,2014,-17286
599,BTI,2020-09-04,0 days 15:59:07.014297,34040,34.12,34.11,4606,2086,-3539,2364
600,BTI,2020-09-04,0 days 15:59:08.013069,32979,34.12,34.11,5139,1286,1016,-3539
601,BTI,2020-09-04,0 days 15:59:13.013122,33995,34.12,34.11,5476,1701,-124,1016
602,BTI,2020-09-04,0 days 15:59:16.013320,33370,34.12,34.11,2013,3206,625,-124
603,BTI,2020-09-04,0 days 15:59:46.014877,33995,34.13,34.12,10246,5780,-1589,325
604,BTI,2020-09-04,0 days 15:59:50.022304,31284,34.13,34.12,9253,5988,2711,-289
605,BUD,2020-09-04,0 days 15:55:02.104947,13352,58.44,58.43,1017,303,3566,-5134
606,BUD,2020-09-04,0 days 15:55:03.105170,12818,58.43,58.42,917,200,-534,3566
607,BUD,2020-09-04,0 days 15:55:51.107302,13679,58.42,58.41,822,800,12,-852
608,BUD,2020-09-04,0 days 15:55:52.107942,13191,58.42,58.41,622,1000,-488,12
609,BUD,2020-09-04,0 days 15:56:22.107748,13679,58.43,58.42,600,803,509,-288
610,BUD,2020-09-04,0 days 15:56:23.107483,13288,58.43,58.42,800,703,-391,509
611,BUD,2020-09-04,0 days 15:57:32.110563,16890,58.48,58.47,702,700,1106,-793
612,BUD,2020-09-04,0 days 15:57:33.110400,15996,58.48,58.47,624,899,-894,1106
613,BUD,2020-09-04,0 days 15:58:04.108771,15927,58.42,58.39,356,700,69,-934
614,BUD,2020-09-04,0 days 15:58:05.109883,15296,58.42,58.39,752,500,-431,69
615,BUD,2020-09-04,0 days 15:59:03.112678,16425,58.43,58.41,200,703,-821,283
616,BUD,2020-09-04,0 days 15:59:15.110836,18501,58.45,58.43,720,1219,2348,-173
617,BUD,2020-09-04,0 days 15:59:26.112380,17718,58.47,58.46,1882,1470,-220,980
618,BUD,2020-09-04,0 days 15:59:36.111167,17938,58.47,58.46,1231,854,186,-214
619,BUD,2020-09-04,0 days 15:59:50.116500,17324,58.45,58.44,200,400,-598,302
620,BWA,2020-09-04,0 days 15:56:32.537398,119265,42.11,42.1,761,1500,758,-842
621,BWA,2020-09-04,0 days 15:56:33.537899,118023,42.13,42.12,1025,1200,-1242,758
622,BWA,2020-09-04,0 days 15:57:50.538828,122512,42.15,42.14,1659,300,-1430,445
623,BWA,2020-09-04,0 days 15:58:28.541228,122965,42.09,42.08,559,2700,620,-5280
624,BWA,2020-09-04,0 days 15:58:29.541247,121169,42.1,42.09,2539,458,-1796,620
625,BWA,2020-09-04,0 days 15:59:03.542687,122540,42.09,42.07,2706,1000,-1609,1571
626,BWA,2020-09-04,0 days 15:59:11.545093,129327,42.13,42.12,1757,262,-1063,5511
627,BWA,2020-09-04,0 days 15:59:20.538083,130390,42.13,42.12,705,1824,1711,-257
628,BWA,2020-09-04,0 days 15:59:23.537607,130520,42.15,42.14,600,2525,-191,3109
629,BWA,2020-09-04,0 days 15:59:29.536836,130390,42.13,42.11,2749,2122,130,-191
630,C,2020-09-04,0 days 15:58:14.250100,813471,52.44,52.43,9774,4099,7257,-5851
631,C,2020-09-04,0 days 15:58:15.250262,812628,52.43,52.42,7848,5124,-843,7257
632,C,2020-09-04,0 days 15:58:29.251138,813471,52.44,52.43,8344,27200,2057,-346
633,C,2020-09-04,0 days 15:58:30.251123,812600,52.44,52.43,13441,25219,-274,2057
634,C,2020-09-04,0 days 15:58:32.250822,814520,52.44,52.43,2580,29617,1080,-1323
635,C,2020-09-04,0 days 15:58:35.255445,807300,52.46,52.45,8551,4700,-7428,1080
636,C,2020-09-04,0 days 15:59:03.252383,814946,52.44,52.43,4427,26935,6454,-5050
637,C,2020-09-04,0 days 15:59:07.252244,821041,52.48,52.47,7941,6704,14522,-962
638,C,2020-09-04,0 days 15:59:18.251059,947633,52.57,52.56,5201,5160,-12647,9199
639,CAG,2020-09-04,0 days 15:55:48.537291,225152,37.15,37.14,3127,835,-1210,4125
640,CAG,2020-09-04,0 days 15:55:49.538136,220562,37.14,37.13,1546,1200,4590,-1210
641,CAG,2020-09-04,0 days 15:58:55.542041,234133,37.12,37.11,3936,1376,-396,210
642,CAG,2020-09-04,0 days 15:59:00.544720,230317,37.13,37.12,3891,1242,194,-2284
643,CAG,2020-09-04,0 days 15:59:06.544110,243587,37.13,37.12,3161,857,-1531,972
644,CAG,2020-09-04,0 days 15:59:09.543482,245730,37.1,37.09,1302,3507,757,-7917
645,CAG,2020-09-04,0 days 15:59:10.543394,246987,37.11,37.1,800,4023,-6009,757
646,CAG,2020-09-04,0 days 15:59:17.536857,247745,37.14,37.13,2941,1366,2238,-1662
647,CAG,2020-09-04,0 days 15:59:20.538144,249983,37.14,37.13,1002,2966,-7022,2238
648,CAG,2020-09-04,0 days 15:59:21.537744,248405,37.14,37.13,725,2645,1578,-7022
649,CAG,2020-09-04,0 days 15:59:22.537089,249983,37.15,37.14,2200,1721,-3312,1578
650,CAG,2020-09-04,0 days 15:59:23.537635,248795,37.14,37.13,100,2697,1188,-3312
651,CAG,2020-09-04,0 days 15:59:27.536929,249983,37.15,37.14,6094,1650,-851,1088
652,CAG,2020-09-04,0 days 15:59:28.536500,249034,37.15,37.14,6916,1233,949,-851
653,CAG,2020-09-04,0 days 15:59:31.537689,249983,37.14,37.13,6040,3409,-4819,949
654,CAG,2020-09-04,0 days 15:59:46.539988,250702,37.12,37.11,1727,3345,185,-1819
655,CAH,2020-09-04,0 days 15:59:10.257786,262151,49.81,49.8,929,1266,2180,-1997
656,CAH,2020-09-04,0 days 15:59:12.258953,257331,49.81,49.8,629,1816,-5043,2527
657,CAH,2020-09-04,0 days 15:59:27.257204,263174,49.79,49.76,944,3200,2222,-70
658,CAH,2020-09-04,0 days 15:59:28.257551,260996,49.78,49.77,550,288,-2178,2222
659,CAH,2020-09-04,0 days 15:59:37.258045,259640,49.73,49.72,461,700,6129,-2278
660,CAH,2020-09-04,0 days 15:59:38.258121,257869,49.72,49.7,755,5700,-1771,6129
661,CARR,2020-09-04,0 days 15:56:01.403295,371636,30.05,30.04,7022,1342,2679,-19221
662,CARR,2020-09-04,0 days 15:56:02.405901,363915,30.04,30.03,1109,1393,-7721,2679
663,CARR,2020-09-04,0 days 15:58:33.404390,393190,29.98,29.97,7548,2196,85,-2402
664,CARR,2020-09-04,0 days 15:58:34.404417,392775,29.98,29.97,6676,2296,-415,85
665,CARR,2020-09-04,0 days 15:58:50.405293,392775,29.98,29.97,186,2328,-415,985
666,CARR,2020-09-04,0 days 15:59:00.406354,393356,30.01,30.0,1571,3321,1505,-821
667,CAT,2020-09-04,0 days 15:59:31.393303,273365,148.41,148.33,1021,1050,1144,-4387
668,CAT,2020-09-04,0 days 15:59:43.392957,267286,148.33,148.29,223,800,-2885,8154
669,CAT,2020-09-04,0 days 15:59:45.393839,266561,148.31,148.25,847,300,2141,-2885
670,CAT,2020-09-04,0 days 15:59:46.392491,262946,148.31,148.25,100,1000,-3625,2141
671,CAT,2020-09-04,0 days 15:59:50.396322,246462,148.23,148.19,903,452,-19871,4201
672,CCEP,2020-09-04,0 days 15:55:09.252542,45365,44.44,44.43,1151,3114,-33,1267
673,CCEP,2020-09-04,0 days 15:55:23.254066,45398,44.41,44.4,1040,400,30,-33
674,CCEP,2020-09-04,0 days 15:55:25.253951,45428,44.41,44.4,200,1839,-170,30
675,CCEP,2020-09-04,0 days 15:55:26.254008,44298,44.42,44.4,1193,1939,1130,-170
676,CCEP,2020-09-04,0 days 15:57:44.258560,53329,44.46,44.45,1001,1277,-235,565
677,CCEP,2020-09-04,0 days 15:57:45.258270,51664,44.46,44.45,1001,1558,1665,-235
678,CCEP,2020-09-04,0 days 15:57:46.258517,53329,44.46,44.43,1501,300,-335,1665
679,CCEP,2020-09-04,0 days 15:57:47.258647,52264,44.45,44.43,967,300,1065,-335
680,CCEP,2020-09-04,0 days 15:59:20.257733,54237,44.4,44.37,535,2610,-3040,116
681,CCEP,2020-09-04,0 days 15:59:21.257622,53477,44.4,44.37,895,454,760,-3040
682,CCEP,2020-09-04,0 days 15:59:46.259174,54279,44.39,44.36,526,1701,-2351,181
683,CCEP,2020-09-04,0 days 15:59:47.257672,54130,44.39,44.38,426,800,149,-2351
684,CCJ,2020-09-04,0 days 15:56:10.255061,33256,10.86,10.85,18588,7223,674,-645
685,CCJ,2020-09-04,0 days 15:56:30.254990,32730,10.86,10.85,19922,7412,-526,674
686,CCJ,2020-09-04,0 days 15:56:41.255601,33256,10.86,10.85,18759,8220,674,-526
687,CCJ,2020-09-04,0 days 15:58:07.252988,37911,10.86,10.85,17174,13112,-2273,4313
688,CCJ,2020-09-04,0 days 15:58:08.253227,36684,10.86,10.85,16518,12212,1185,-2273
689,CCJ,2020-09-04,0 days 15:59:05.259026,37074,10.88,10.87,29607,3327,850,-350
690,CCJ,2020-09-04,0 days 15:59:14.257715,37970,10.88,10.87,23631,3386,-242,650
691,CCL,2020-09-04,0 days 15:59:05.262607,523926,18.52,18.51,13300,23185,-9555,8772
692,CCL,2020-09-04,0 days 15:59:12.262024,547947,18.54,18.53,28833,18630,-9599,5401
693,CCL,2020-09-04,0 days 15:59:15.258585,559148,18.54,18.53,20628,26354,4716,-9914
694,CCL,2020-09-04,0 days 15:59:16.261084,550564,18.54,18.53,16095,31218,-8584,4716
695,CCL,2020-09-04,0 days 15:59:22.258443,559148,18.54,18.53,18098,21724,13311,-2958
696,CCL,2020-09-04,0 days 15:59:23.257149,552059,18.54,18.53,18932,22624,-7089,13311
697,CCL,2020-09-04,0 days 15:59:28.257002,533731,18.52,18.51,18869,16988,-2352,17401
698,CCL,2020-09-04,0 days 15:59:46.258631,559148,18.53,18.52,16727,25616,21100,-398
699,CCL,2020-09-04,0 days 15:59:50.263458,533973,18.52,18.51,32074,10901,-2010,2405
700,CDE,2020-09-04,0 days 15:55:00.249070,87394,7.73,7.72,12382,9623,-2234,13896
701,CDE,2020-09-04,0 days 15:55:45.252237,89724,7.73,7.72,16386,11656,1170,-2330
702,CDE,2020-09-04,0 days 15:59:08.260753,106147,7.71,7.7,20750,23259,-2782,239
703,CF,2020-09-04,0 days 15:55:00.251302,189283,33.18,33.17,2024,1188,2748,-20790
704,CF,2020-09-04,0 days 15:55:48.256072,193232,33.19,33.18,1448,1669,-1382,1223
705,CF,2020-09-04,0 days 15:55:49.255464,191314,33.19,33.18,1361,1558,1918,-1382
706,CF,2020-09-04,0 days 15:57:45.260720,193658,33.17,33.16,1964,1318,-520,764
707,CF,2020-09-04,0 days 15:57:46.261114,192094,33.17,33.16,3203,1318,1564,-520
708,CF,2020-09-04,0 days 15:58:11.258887,193787,33.14,33.13,2618,731,-3133,1821
709,CF,2020-09-04,0 days 15:58:12.259258,192420,33.14,33.13,2919,379,1367,-3133
710,CF,2020-09-04,0 days 15:59:05.262453,195943,33.12,33.11,1651,400,-600,1959
711,CF,2020-09-04,0 days 15:59:15.258432,212843,33.15,33.14,1201,3269,31596,-526
712,CF,2020-09-04,0 days 15:59:33.257823,237294,33.19,33.18,2360,400,8225,-2975
713,CF,2020-09-04,0 days 15:59:34.257912,245519,33.19,33.18,1870,1604,-20048,8225
714,CF,2020-09-04,0 days 15:59:35.257842,243640,33.17,33.16,470,1600,1879,-20048
715,CF,2020-09-04,0 days 15:59:56.259644,251309,33.19,33.18,3342,3019,-1035,1086
716,CFG,2020-09-04,0 days 15:59:24.257899,666697,27.36,27.35,1405,7237,8447,-958
717,CFG,2020-09-04,0 days 15:59:25.257203,658344,27.36,27.35,4058,6337,-8353,8447
718,CFG,2020-09-04,0 days 15:59:32.257706,667186,27.36,27.35,3837,9269,3603,-953
719,CFG,2020-09-04,0 days 15:59:37.258114,664640,27.37,27.36,6396,8925,-2546,46954
720,CFG,2020-09-04,0 days 15:59:46.258662,666890,27.34,27.33,6625,9892,-3570,731
721,CGC,2020-09-04,0 days 15:59:55.254503,39576,16.22,16.19,1999,1100,-264,4568
722,CHWY,2020-09-04,0 days 15:51:58.242290,25137,61.31,61.26,327,200,-736,6160
723,CHWY,2020-09-04,0 days 15:52:17.241936,25773,61.28,61.24,200,200,1264,-736
724,CHWY,2020-09-04,0 days 15:52:19.242393,25137,61.27,61.21,700,200,-736,1264
725,CHWY,2020-09-04,0 days 15:52:24.242534,25773,61.23,61.21,300,200,1264,-736
726,CHWY,2020-09-04,0 days 15:52:36.243148,25137,61.39,61.3,400,400,-736,3460
727,CHWY,2020-09-04,0 days 15:52:43.243500,21777,61.39,61.36,300,100,3360,-736
728,CHWY,2020-09-04,0 days 15:52:44.243206,25137,61.39,61.33,300,200,-836,3360
729,CHWY,2020-09-04,0 days 15:53:20.243923,21877,61.45,61.4,300,301,3260,-836
730,CHWY,2020-09-04,0 days 15:53:25.243688,25137,61.45,61.35,200,200,-836,3260
731,CHWY,2020-09-04,0 days 15:53:37.243569,21877,61.45,61.38,597,300,3260,-836
732,CHWY,2020-09-04,0 days 15:53:39.243668,25137,61.45,61.33,678,500,-836,3260
733,CHWY,2020-09-04,0 days 15:53:51.245164,25137,61.67,61.59,404,200,-1836,2360
734,CHWY,2020-09-04,0 days 15:54:17.244976,22177,61.54,61.51,452,100,2960,-1236
735,CHWY,2020-09-04,0 days 15:54:26.244512,25137,61.57,61.51,200,316,-1336,2760
736,CHWY,2020-09-04,0 days 15:54:35.244404,22377,61.57,61.55,249,100,2760,-1336
737,CHWY,2020-09-04,0 days 15:54:37.245931,25137,61.58,61.56,200,200,-1536,2760
738,CHWY,2020-09-04,0 days 15:54:39.245846,22577,61.63,61.58,300,300,2560,-1536
739,CHWY,2020-09-04,0 days 15:54:40.244413,25137,61.61,61.56,100,200,-1536,2560
740,CHWY,2020-09-04,0 days 15:55:00.243039,28170,61.73,61.65,432,200,7886,-2336
741,CHWY,2020-09-04,0 days 15:57:23.248005,41202,61.41,61.39,463,460,-459137,11587
742,CHWY,2020-09-04,0 days 15:58:37.251042,47683,61.22,61.19,100,200,-461179,22584
743,CIG,2020-09-04,0 days 15:55:12.253503,181821,2.09,2.08,187971,328424,-6471,2846
744,CIG,2020-09-04,0 days 15:55:13.253716,59192,2.09,2.08,187971,328424,116946,-6471
745,CIG,2020-09-04,0 days 15:59:23.257468,196489,2.09,2.08,392066,337650,-5102,6536
746,CIG,2020-09-04,0 days 15:59:24.258209,121191,2.09,2.08,401166,336150,75298,-5102
747,CIG,2020-09-04,0 days 15:59:36.257592,196489,2.09,2.08,416688,335368,-62802,74298
748,CIG,2020-09-04,0 days 15:59:37.257933,192491,2.09,2.08,418188,333400,3998,-62802
749,CIM,2020-09-04,0 days 15:55:00.399690,79324,8.67,8.66,22424,8830,-968,29090
750,CIM,2020-09-04,0 days 15:55:01.399341,77992,8.67,8.66,22304,9630,1332,-968
751,CIM,2020-09-04,0 days 15:57:03.404240,79340,8.67,8.66,32260,9212,-848,1052
752,CIM,2020-09-04,0 days 15:57:04.404583,76588,8.67,8.66,34160,8712,2752,-848
753,CIM,2020-09-04,0 days 15:58:08.403374,79740,8.67,8.66,33354,9462,-15522,1154
754,CL,2020-09-04,0 days 15:55:00.248192,421370,77.11,77.09,987,1300,11465,-2073
755,CL,2020-09-04,0 days 15:59:11.260985,510669,77.17,77.16,1153,100,-1389,1159
756,CL,2020-09-04,0 days 15:59:17.255275,504088,77.21,77.2,371,1752,7077,-9923
757,CL,2020-09-04,0 days 15:59:28.256073,511165,77.2,77.19,387,1000,-1297,4979
758,CL,2020-09-04,0 days 15:59:30.260239,510056,77.19,77.18,1286,200,1109,-2197
759,CL,2020-09-04,0 days 15:59:36.255998,511165,77.2,77.18,1300,1471,-3760,11293
760,CL,2020-09-04,0 days 15:59:38.256484,509290,77.2,77.19,1927,977,1875,-9325
761,CL,2020-09-04,0 days 15:59:47.257310,511665,77.2,77.19,1254,1100,-1738,1768
762,CL,2020-09-04,0 days 15:59:48.257501,511128,77.2,77.19,1574,1405,537,-1738
763,CLF,2020-09-04,0 days 15:55:01.007694,167322,6.59,6.58,22648,42754,-79626,53757
764,CLF,2020-09-04,0 days 15:55:02.002771,160648,6.59,6.58,25021,42540,6674,-79626
765,CLF,2020-09-04,0 days 15:59:01.012899,196438,6.58,6.57,52979,94576,-1131,1368
766,CLF,2020-09-04,0 days 15:59:04.012898,188790,6.58,6.57,55906,63308,5748,-1131
767,CLF,2020-09-04,0 days 15:59:21.011787,200330,6.59,6.58,28063,91754,-714,1878
768,CLF,2020-09-04,0 days 15:59:22.011959,201044,6.59,6.58,30893,89719,2486,-714
769,CLF,2020-09-04,0 days 15:59:46.014931,203855,6.59,6.58,101114,49968,-5988,3421
770,CLF,2020-09-04,0 days 15:59:47.014730,200443,6.59,6.58,93123,58274,3412,-5988
771,CLNY,2020-09-04,0 days 15:59:01.111992,167446,2.74,2.73,79903,15592,-97,8669
772,CLNY,2020-09-04,0 days 15:59:03.112427,167843,2.74,2.73,81395,12880,2032,-1510
773,CLNY,2020-09-04,0 days 15:59:46.110655,190880,2.74,2.73,33080,67419,-6303,7597
774,CLNY,2020-09-04,0 days 15:59:47.112197,186383,2.74,2.73,32067,67026,4497,-6303
775,CLR,2020-09-04,0 days 15:55:34.106710,89919,15.73,15.72,2486,2827,-9471,1229
776,CLR,2020-09-04,0 days 15:55:35.106828,87290,15.72,15.71,1780,1579,2629,-9471
777,CLR,2020-09-04,0 days 15:57:25.109290,91902,15.74,15.73,1100,3634,-1913,223
778,CLR,2020-09-04,0 days 15:57:40.110081,91415,15.71,15.7,337,2985,487,-1013
779,CLR,2020-09-04,0 days 15:58:04.108605,94186,15.7,15.69,3242,915,-1429,71
780,CLR,2020-09-04,0 days 15:58:05.109723,93348,15.7,15.69,3542,915,838,-1429
781,CLR,2020-09-04,0 days 15:58:07.108646,94186,15.7,15.69,3229,1315,-462,838
782,CLR,2020-09-04,0 days 15:58:08.108599,93348,15.7,15.69,3529,1015,838,-462
783,CLR,2020-09-04,0 days 15:58:44.109987,96739,15.68,15.67,3705,700,1134,-4666
784,CMS,2020-09-04,0 days 15:57:15.255748,143951,61.75,61.73,807,511,131,-564
785,CMS,2020-09-04,0 days 15:57:16.254685,143582,61.74,61.73,200,609,-369,131
786,CMS,2020-09-04,0 days 15:57:45.256295,145192,61.73,61.71,764,850,190,-1610
787,CMS,2020-09-04,0 days 15:57:46.256516,144782,61.72,61.71,364,600,-410,190
788,CMS,2020-09-04,0 days 15:57:50.256216,145887,61.71,61.7,1102,201,64,-1105
789,CMS,2020-09-04,0 days 15:57:51.255868,145251,61.71,61.7,505,501,-636,64
790,CMS,2020-09-04,0 days 15:57:53.255422,145887,61.71,61.69,805,400,436,-636
791,CMS,2020-09-04,0 days 15:57:55.255605,145223,61.71,61.7,1234,226,-1164,636
792,CMS,2020-09-04,0 days 15:58:07.256624,146387,61.71,61.69,972,1305,17,-3183
793,CMS,2020-09-04,0 days 15:58:08.256891,149404,61.7,61.69,400,1208,-1460,17
794,CMS,2020-09-04,0 days 15:58:14.257488,150864,61.69,61.67,225,1100,246,-914
795,CMS,2020-09-04,0 days 15:58:15.257612,149910,61.69,61.67,625,1002,-954,246
796,CMS,2020-09-04,0 days 15:58:59.259963,150608,61.67,61.66,660,500,195,-800
797,CMS,2020-09-04,0 days 15:59:00.264367,149903,61.67,61.65,831,1357,-705,195
798,CMS,2020-09-04,0 days 15:59:06.265285,150673,61.68,61.67,369,1060,-729,1259
799,CMS,2020-09-04,0 days 15:59:08.260728,151402,61.67,61.65,627,1089,1646,-729
800,CMS,2020-09-04,0 days 15:59:32.256641,155056,61.68,61.67,1533,594,-822,8478
801,CMS,2020-09-04,0 days 15:59:34.256666,155878,61.68,61.66,1377,863,2983,-734
802,CMS,2020-09-04,0 days 15:59:40.257862,158161,61.7,61.69,500,3384,-7723,2583
803,CNC,2020-09-04,0 days 15:55:00.251323,202008,59.77,59.75,1679,400,481,-49000
804,CNC,2020-09-04,0 days 15:55:06.252927,202189,59.82,59.78,435,700,-19,181
805,CNC,2020-09-04,0 days 15:55:07.252635,201920,59.81,59.78,324,500,269,-19
806,CNC,2020-09-04,0 days 15:55:42.256066,204035,59.79,59.77,528,200,-857,315
807,CNC,2020-09-04,0 days 15:55:43.255463,203792,59.79,59.77,526,200,243,-857
808,CNC,2020-09-04,0 days 15:56:04.255946,204335,59.74,59.72,930,217,-966,180
809,CNC,2020-09-04,0 days 15:56:50.256932,205325,59.72,59.71,100,318,170,-180
810,CNC,2020-09-04,0 days 15:57:07.257583,205644,59.76,59.75,300,666,-301,19
811,CNC,2020-09-04,0 days 15:58:18.259636,209995,59.68,59.67,1984,400,-993,3007
812,CNC,2020-09-04,0 days 15:58:19.259014,209588,59.68,59.67,1984,400,407,-993
813,CNC,2020-09-04,0 days 15:58:20.259326,209995,59.68,59.67,3848,365,-493,407
814,CNC,2020-09-04,0 days 15:58:22.258955,209588,59.68,59.67,3961,468,407,-893
815,CNC,2020-09-04,0 days 15:58:31.259750,207280,59.67,59.65,2126,465,115,-3993
816,CNC,2020-09-04,0 days 15:58:55.259945,210515,59.68,59.67,396,100,280,-785
817,CNC,2020-09-04,0 days 15:59:00.264633,209032,59.73,59.71,652,800,-1377,386
818,CNC,2020-09-04,0 days 15:59:01.262330,208809,59.73,59.7,1413,527,223,-1377
819,CNC,2020-09-04,0 days 15:59:14.261008,212400,59.72,59.7,300,600,-1627,373
820,CNC,2020-09-04,0 days 15:59:15.258464,211127,59.71,59.7,704,1004,10939,-1627
821,CNC,2020-09-04,0 days 15:59:34.257961,220486,59.73,59.72,1807,246,-284,384
822,CNC,2020-09-04,0 days 15:59:35.257898,220170,59.71,59.7,346,221,416,-284
823,CNC,2020-09-04,0 days 15:59:41.257954,219698,59.72,59.71,100,113,-872,16
824,CNC,2020-09-04,0 days 15:59:43.258633,219770,59.68,59.67,1104,200,1928,-572
825,CNHI,2020-09-04,0 days 15:55:00.251086,25664,8.28,8.27,48827,12681,1281,-2617
826,CNHI,2020-09-04,0 days 15:57:40.261458,27039,8.28,8.27,23250,41243,406,-94
827,CNHI,2020-09-04,0 days 15:59:14.260861,32834,8.27,8.26,45662,10655,-26260,2510
828,CNK,2020-09-04,0 days 15:55:24.536436,159963,15.85,15.84,4213,6218,-370,986
829,CNK,2020-09-04,0 days 15:55:31.536393,160333,15.85,15.84,5027,6267,61,-339
830,CNK,2020-09-04,0 days 15:55:50.537052,153972,15.83,15.82,5622,3358,6422,-1378
831,CNK,2020-09-04,0 days 15:59:10.543592,173362,15.83,15.82,7032,2892,-502,2998
832,CNK,2020-09-04,0 days 15:59:30.538128,170289,15.85,15.84,6363,2914,3073,-4527
833,CNK,2020-09-04,0 days 15:59:35.539200,182003,15.85,15.84,8431,7843,-1586,12814
834,CNK,2020-09-04,0 days 15:59:41.538529,178989,15.85,15.84,11258,3045,3014,-3686
835,CNK,2020-09-04,0 days 15:59:45.538928,182403,15.83,15.82,2219,4292,-186,6814
836,CNP,2020-09-04,0 days 15:56:10.254871,230074,19.88,19.87,2004,12622,-25508,30520
837,CNP,2020-09-04,0 days 15:56:11.254636,228153,19.88,19.87,9185,3590,1921,-25508
838,CNP,2020-09-04,0 days 15:57:02.255728,230462,19.89,19.88,4403,9499,-219,5506
839,CNP,2020-09-04,0 days 15:57:03.255877,229774,19.89,19.88,6965,9145,688,-219
840,CNP,2020-09-04,0 days 15:57:39.257430,230462,19.91,19.9,4284,12651,-2140,2060
841,CNP,2020-09-04,0 days 15:57:42.258822,228691,19.91,19.9,7692,7843,1771,-329
842,CNP,2020-09-04,0 days 15:57:47.258117,230462,19.91,19.9,7809,9017,-229,1371
843,CNP,2020-09-04,0 days 15:57:48.253057,229191,19.91,19.9,8809,8317,1271,-229
844,CNP,2020-09-04,0 days 15:58:11.254057,230790,19.89,19.88,7244,7916,-1674,1626
845,CNP,2020-09-04,0 days 15:58:12.254627,229164,19.89,19.88,8665,6253,1626,-1674
846,CNP,2020-09-04,0 days 15:58:16.256104,230790,19.89,19.88,8523,6351,-474,1626
847,CNP,2020-09-04,0 days 15:58:17.257260,229164,19.89,19.88,9323,4905,1626,-474
848,CNP,2020-09-04,0 days 15:58:25.254891,230790,19.88,19.87,11208,6232,-2185,26
849,CNP,2020-09-04,0 days 15:58:26.254468,230764,19.88,19.87,14712,4634,26,-2185
850,CNP,2020-09-04,0 days 15:59:00.260014,222124,19.88,19.87,3327,20428,-2110,178
851,CNP,2020-09-04,0 days 15:59:01.258051,219334,19.88,19.87,6245,18204,4051,-2110
852,CNP,2020-09-04,0 days 15:59:05.258702,231913,19.88,19.87,9554,5393,-656,299
853,CNP,2020-09-04,0 days 15:59:06.260804,232569,19.88,19.87,9471,5906,7677,-656
854,CNP,2020-09-04,0 days 15:59:23.256950,246403,19.89,19.88,2591,13638,-1152,1748
855,CNP,2020-09-04,0 days 15:59:25.257081,244763,19.89,19.88,1325,14875,1640,-760
856,CNP,2020-09-04,0 days 15:59:28.256951,246403,19.89,19.88,2803,14428,-5627,1540
857,CNP,2020-09-04,0 days 15:59:29.257144,245330,19.89,19.88,2725,12549,1073,-5627
858,CNP,2020-09-04,0 days 15:59:33.257550,246403,19.89,19.88,9109,12881,-270,1073
859,CNP,2020-09-04,0 days 15:59:38.257349,245850,19.89,19.88,11434,16470,553,-4647
860,CNP,2020-09-04,0 days 15:59:46.258432,249103,19.89,19.88,12058,4762,-10845,3253
861,CNP,2020-09-04,0 days 15:59:47.257026,240447,19.89,19.88,12751,14775,8656,-10845
862,CNQ,2020-09-04,0 days 15:55:00.292267,1087935,19.67,19.66,12926,714,178796,-558509
863,CNQ,2020-09-04,0 days 15:57:22.293485,1092166,19.7,19.69,6800,6072,-7053,562
864,CNQ,2020-09-04,0 days 15:58:57.296501,1091995,19.69,19.68,3700,8092,-24972,15817
865,CNQ,2020-09-04,0 days 15:59:33.292779,1114370,19.69,19.68,11152,15785,-1317,6683
866,CNQ,2020-09-04,0 days 15:59:34.293765,1125102,19.69,19.68,4424,16410,12740,-1317
867,CNQ,2020-09-04,0 days 15:59:57.296724,1165665,19.74,19.73,84015,10583,-19079,47908
868,CNX,2020-09-04,0 days 15:55:01.006370,213184,10.57,10.56,5515,4708,-33647,115282
869,CNX,2020-09-04,0 days 15:55:02.002229,203183,10.56,10.55,8405,5124,10001,-33647
870,CNX,2020-09-04,0 days 15:57:25.006644,232566,10.53,10.52,10955,8454,-12679,7350
871,CNX,2020-09-04,0 days 15:57:26.006833,222241,10.53,10.52,13245,6208,10325,-12679
872,CNX,2020-09-04,0 days 15:59:11.012922,252871,10.53,10.52,2887,10706,-2986,5306
873,CNX,2020-09-04,0 days 15:59:12.013566,245257,10.53,10.52,3147,10268,7614,-2986
874,CNX,2020-09-04,0 days 15:59:46.014752,261574,10.52,10.51,10482,6000,-1601,2163
875,CNX,2020-09-04,0 days 15:59:49.014585,249845,10.52,10.51,9082,6344,11729,-2171
876,COF,2020-09-04,0 days 15:55:01.006255,198440,74.08,74.07,725,697,47789,-52654
877,COF,2020-09-04,0 days 15:55:07.002866,198629,74.1,74.09,542,579,-466,94
878,COF,2020-09-04,0 days 15:57:57.008417,251639,74.0,73.97,1462,5700,1511,-4589
879,COF,2020-09-04,0 days 15:57:58.008416,247850,74.0,73.98,1562,300,-3789,1511
880,COF,2020-09-04,0 days 15:58:11.010892,244819,73.93,73.92,554,219,-1220,380
881,COF,2020-09-04,0 days 15:59:03.016228,247527,73.86,73.85,300,100,437,-1674
882,COF,2020-09-04,0 days 15:59:05.012987,247667,73.9,73.87,1037,500,-3560,437
883,COF,2020-09-04,0 days 15:59:10.013175,251913,73.91,73.89,767,587,3349,-694
884,COF,2020-09-04,0 days 15:59:14.013420,252322,73.95,73.94,200,100,-191,409
885,COF,2020-09-04,0 days 15:59:15.012423,254750,73.96,73.95,723,200,5726,-191
886,COF,2020-09-04,0 days 15:59:16.013027,272414,73.98,73.97,100,397,-2836,5726
887,COF,2020-09-04,0 days 15:59:17.011560,270550,74.01,73.99,400,699,1764,-2836
888,COF,2020-09-04,0 days 15:59:20.012863,267150,74.01,74.0,400,411,5475,-936
889,COF,2020-09-04,0 days 15:59:39.013058,272325,74.03,74.01,1117,335,-2793,3907
890,COF,2020-09-04,0 days 15:59:47.014376,274552,74.03,74.02,323,325,-2166,2766
891,COF,2020-09-04,0 days 15:59:48.015209,273559,74.02,74.0,464,436,3448,-2166
892,COG,2020-09-04,0 days 15:55:28.106844,211445,18.33,18.32,5884,2180,107,-491
893,COG,2020-09-04,0 days 15:55:38.107092,211552,18.33,18.32,7345,3825,-3293,107
894,COG,2020-09-04,0 days 15:56:30.107112,209894,18.32,18.31,13033,1196,3618,-1982
895,COG,2020-09-04,0 days 15:56:31.107230,208412,18.32,18.31,13142,1703,-1482,3618
896,COG,2020-09-04,0 days 15:57:56.108796,228235,18.33,18.32,1137,10007,-2625,4191
897,COG,2020-09-04,0 days 15:58:16.109159,233484,18.33,18.32,6069,6856,770,-1046
898,COG,2020-09-04,0 days 15:58:17.109354,232154,18.33,18.32,4669,9356,-1246,770
899,COG,2020-09-04,0 days 15:58:25.110065,233484,18.33,18.32,12023,2470,770,-1246
900,COG,2020-09-04,0 days 15:58:26.109744,232154,18.33,18.32,11023,3689,-1246,770
901,COG,2020-09-04,0 days 15:59:06.112001,234377,18.33,18.32,3612,7507,-767,12233
902,COG,2020-09-04,0 days 15:59:07.111593,236426,18.33,18.32,517,14580,16424,-767
903,COP,2020-09-04,0 days 15:55:00.533842,386562,35.85,35.84,3177,2231,1358,-45154
904,COP,2020-09-04,0 days 15:55:05.534881,387931,35.85,35.84,3124,2666,-650,669
905,COP,2020-09-04,0 days 15:55:06.534358,387381,35.85,35.84,3542,2566,550,-650
906,COP,2020-09-04,0 days 15:55:19.536269,387931,35.85,35.84,1884,3270,-4286,550
907,COP,2020-09-04,0 days 15:55:53.537041,404832,35.82,35.81,3626,4036,2319,-1301
908,COP,2020-09-04,0 days 15:55:54.537005,403851,35.82,35.81,1933,4936,-981,2319
909,COP,2020-09-04,0 days 15:56:46.538241,410331,35.81,35.8,2501,5397,5152,-1280
910,COP,2020-09-04,0 days 15:57:22.541048,406567,35.86,35.85,3640,1130,4406,-583
911,COP,2020-09-04,0 days 15:57:23.539720,406373,35.86,35.85,2541,3099,-123,4406
912,COP,2020-09-04,0 days 15:57:39.543139,413657,35.85,35.84,2600,3247,3916,-1385
913,COP,2020-09-04,0 days 15:57:40.540762,412673,35.85,35.84,2200,3087,-912,3916
914,COP,2020-09-04,0 days 15:57:42.540690,412985,35.85,35.84,2783,3047,1888,-7412
915,COP,2020-09-04,0 days 15:57:43.541257,411773,35.85,35.84,2060,3547,-1212,1888
916,COP,2020-09-04,0 days 15:57:46.542731,412985,35.85,35.84,4397,1527,1188,-6712
917,COP,2020-09-04,0 days 15:58:00.540981,411724,35.85,35.84,2125,3648,3695,-785
918,COP,2020-09-04,0 days 15:58:40.543208,432314,35.84,35.83,2697,5147,-4164,2736
919,COP,2020-09-04,0 days 15:58:41.541477,430278,35.84,35.83,1901,9833,2036,-4164
920,COP,2020-09-04,0 days 15:59:02.543113,430897,35.83,35.82,2603,3555,1670,-1830
921,COP,2020-09-04,0 days 15:59:05.544981,439467,35.83,35.82,800,3706,-7762,2347
922,COP,2020-09-04,0 days 15:59:12.544574,463991,35.83,35.82,2688,4676,6732,-12828
923,COP,2020-09-04,0 days 15:59:16.537846,472550,35.88,35.87,1301,5134,-8188,44518
924,COP,2020-09-04,0 days 15:59:17.537008,469268,35.88,35.87,1853,4078,2703,-8188
925,COP,2020-09-04,0 days 15:59:36.537915,484415,35.88,35.87,3100,1497,-26645,4119
926,COP,2020-09-04,0 days 15:59:37.537680,483160,35.87,35.86,4100,2189,1255,-26645
927,CPB,2020-09-04,0 days 15:55:25.254555,179596,47.69,47.68,2101,2308,2729,-1059
928,CPB,2020-09-04,0 days 15:55:26.254094,179337,47.69,47.68,2501,3528,-259,2729
929,CPB,2020-09-04,0 days 15:55:28.255142,179596,47.69,47.68,2100,4993,3129,-259
930,CPB,2020-09-04,0 days 15:55:34.256515,182910,47.69,47.68,815,512,-14163,1525
931,CPB,2020-09-04,0 days 15:55:39.255340,197073,47.66,47.65,462,1239,9837,-1363
932,CPB,2020-09-04,0 days 15:55:40.255929,196710,47.67,47.66,1555,1365,-363,9837
933,CPB,2020-09-04,0 days 15:55:42.255997,197073,47.68,47.67,1400,552,893,-363
934,CPB,2020-09-04,0 days 15:56:03.256098,197074,47.64,47.62,1072,700,1195,-205
935,CPB,2020-09-04,0 days 15:56:16.256687,196869,47.67,47.66,1900,988,-300,1195
936,CPB,2020-09-04,0 days 15:56:34.255967,196869,47.67,47.65,400,2792,-300,1100
937,CPB,2020-09-04,0 days 15:56:46.256562,197169,47.69,47.68,312,300,788,-300
938,CPB,2020-09-04,0 days 15:57:05.258283,198059,47.7,47.69,3163,4706,-81,482
939,CPB,2020-09-04,0 days 15:57:07.257464,198140,47.7,47.69,4223,3496,641,-81
940,CPB,2020-09-04,0 days 15:57:33.259816,200581,47.69,47.67,1100,254,-461,39
941,CPB,2020-09-04,0 days 15:57:34.259422,200342,47.69,47.67,900,354,4039,-461
942,CPB,2020-09-04,0 days 15:58:32.258706,238068,47.59,47.58,1226,302,-4131,3869
943,CPB,2020-09-04,0 days 15:58:33.259744,234799,47.59,47.58,1526,446,3069,-4131
944,CPB,2020-09-04,0 days 15:58:57.260188,235148,47.59,47.58,1261,2835,2920,-6480
945,CPB,2020-09-04,0 days 15:59:10.260880,250303,47.57,47.56,100,1111,1228,-172
946,CPB,2020-09-04,0 days 15:59:11.261197,250131,47.58,47.56,832,1002,-1201,1228
947,CPB,2020-09-04,0 days 15:59:12.261740,248892,47.58,47.57,232,1143,1239,-1201
948,CPB,2020-09-04,0 days 15:59:14.260846,239931,47.59,47.58,399,1785,-9261,1239
949,CPB,2020-09-04,0 days 15:59:15.258306,215908,47.59,47.58,1100,2264,23823,-9261
950,CPB,2020-09-04,0 days 15:59:24.257661,240090,47.59,47.58,1611,4487,-436,2682
951,CPB,2020-09-04,0 days 15:59:28.256793,240826,47.59,47.58,1522,1028,1059,-736
952,CPB,2020-09-04,0 days 15:59:33.257738,239994,47.58,47.57,600,213,13891,-6509
953,CPB,2020-09-04,0 days 15:59:37.257840,252625,47.58,47.57,554,713,1260,-19826
954,CPB,2020-09-04,0 days 15:59:43.258420,242797,47.59,47.58,1322,800,-10242,735
955,CPB,2020-09-04,0 days 15:59:44.257135,243439,47.57,47.56,1598,610,11358,-10242
956,CPB,2020-09-04,0 days 15:59:45.258261,253997,47.59,47.58,1568,1203,-42,11358
957,CPB,2020-09-04,0 days 15:59:49.258757,244227,47.57,47.56,200,1603,14819,-99
958,CPB,2020-09-04,0 days 15:59:57.259556,256327,47.58,47.57,600,915,1319,-10838
959,CPE,2020-09-04,0 days 15:55:00.248192,41779,6.35,6.34,4469,600,597,-1661
960,CPG,2020-09-04,0 days 15:59:36.256156,3300,1.6,1.59,129100,246983,15,-185
961,CPG,2020-09-04,0 days 15:59:37.257118,3215,1.6,1.59,129137,246983,-85,15
962,CPRI,2020-09-04,0 days 15:55:01.006024,53163,17.17,17.16,2569,2821,-8235,1593
963,CPRI,2020-09-04,0 days 15:57:40.006067,63656,17.16,17.15,3100,9840,13,-168
964,CPRI,2020-09-04,0 days 15:58:06.007568,63182,17.16,17.15,400,9060,3687,-3513
965,CPRI,2020-09-04,0 days 15:58:18.008421,67073,17.16,17.15,3264,8360,-1009,572
966,CPRI,2020-09-04,0 days 15:58:19.007916,66882,17.16,17.15,3050,8773,172,-1009
967,CPRI,2020-09-04,0 days 15:58:36.009107,67087,17.17,17.16,4834,2283,-1995,386
968,CPRI,2020-09-04,0 days 15:58:37.009441,65782,17.17,17.16,4375,2183,1286,-1995
969,CRK,2020-09-04,0 days 15:57:07.246950,69301,5.19,5.18,17945,5498,-1204,796
970,CRK,2020-09-04,0 days 15:57:08.246789,67105,5.19,5.18,19045,5398,2196,-1204
971,CRK,2020-09-04,0 days 15:59:03.252562,82592,5.23,5.22,20564,7151,-2491,2378
972,CRK,2020-09-04,0 days 15:59:04.252272,80483,5.23,5.22,21764,6851,2509,-2491
973,CRK,2020-09-04,0 days 15:59:16.254601,78461,5.23,5.22,26221,10550,1648,-869
974,CRK,2020-09-04,0 days 15:59:46.253625,88379,5.24,5.23,40778,16312,1283,-2908
975,CRM,2020-09-04,0 days 15:55:02.254792,367227,254.89,254.82,200,211,399,-340
976,CRM,2020-09-04,0 days 15:55:07.252305,367626,254.92,254.85,200,300,-107,101
977,CRM,2020-09-04,0 days 15:55:25.253951,369425,254.88,254.73,305,1139,-8,72
978,CRM,2020-09-04,0 days 15:55:26.253912,369333,254.81,254.75,404,251,92,-8
979,CRM,2020-09-04,0 days 15:55:27.255034,369525,254.85,254.77,200,772,-108,92
980,CRM,2020-09-04,0 days 15:55:28.256946,369763,254.88,254.82,100,400,62,-108
981,CRM,2020-09-04,0 days 15:55:29.254803,369498,254.95,254.89,100,673,-265,62
982,CRM,2020-09-04,0 days 15:55:33.255145,369663,254.93,254.86,903,440,261,-47
983,CRM,2020-09-04,0 days 15:55:34.257280,369624,254.87,254.85,200,122,-39,261
984,CRM,2020-09-04,0 days 15:55:36.255339,369663,254.79,254.75,400,200,288,-39
985,CRM,2020-09-04,0 days 15:56:03.255241,370322,254.71,254.63,310,101,-4338,222
986,CRM,2020-09-04,0 days 15:57:03.256286,374433,254.79,254.75,100,100,680,-420
987,CRM,2020-09-04,0 days 15:57:04.256750,374113,254.79,254.74,100,1274,-320,680
988,CRM,2020-09-04,0 days 15:57:14.256149,374433,254.96,254.9,100,1014,605,-355
989,CRM,2020-09-04,0 days 15:57:15.257340,374138,254.98,254.93,199,200,-295,605
990,CRM,2020-09-04,0 days 15:57:30.257918,374958,254.82,254.77,600,316,15,-312
991,CRM,2020-09-04,0 days 15:57:31.258252,374673,254.78,254.75,100,173,-285,15
992,CRM,2020-09-04,0 days 15:57:38.258143,381458,254.97,254.87,616,407,328,-1072
993,CRM,2020-09-04,0 days 15:57:49.252757,404272,254.89,254.82,686,200,-386,2214
994,CRM,2020-09-04,0 days 15:57:50.253262,404958,254.83,254.77,379,100,4541,-386
995,CRM,2020-09-04,0 days 15:58:01.254246,411747,254.81,254.75,300,102,-2193,5379
996,CRM,2020-09-04,0 days 15:58:02.254846,408963,254.78,254.73,300,514,2784,-2193
997,CRM,2020-09-04,0 days 15:58:06.253755,411827,254.76,254.65,200,500,-3111,2489
998,CRM,2020-09-04,0 days 15:58:07.253390,410038,254.72,254.67,200,200,1789,-3111
999,CRM,2020-09-04,0 days 15:58:35.262202,412634,254.55,254.49,416,400,-2158,1742
1000,CRM,2020-09-04,0 days 15:58:36.255166,410892,254.56,254.49,300,315,2256,-2158
1001,CRM,2020-09-04,0 days 15:59:00.260517,413148,254.57,254.52,600,851,-2262,3164
1002,CRM,2020-09-04,0 days 15:59:01.258598,411910,254.56,254.48,416,200,4340,-2262
1003,CRM,2020-09-04,0 days 15:59:13.260347,420227,254.65,254.57,100,600,-158,150
1004,CRM,2020-09-04,0 days 15:59:15.257849,420485,254.62,254.56,200,216,5337,-100
1005,CRM,2020-09-04,0 days 15:59:19.258208,426716,254.78,254.71,628,211,-4560,128
1006,CS,2020-09-04,0 days 15:59:45.393880,62191,10.91,10.9,106982,97115,-2290,1110
1007,CS,2020-09-04,0 days 15:59:46.392504,56577,10.91,10.9,111729,96342,6439,-2290
1008,CTL,2020-09-04,0 days 15:57:18.259411,1045403,10.79,10.78,16397,57719,302,-9198
1009,CTL,2020-09-04,0 days 15:57:35.260697,1021213,10.8,10.79,31852,39691,-24205,295
1010,CTL,2020-09-04,0 days 15:58:01.258995,1033164,10.8,10.79,58203,19822,144,-12373
1011,CTL,2020-09-04,0 days 15:58:02.259090,1033308,10.79,10.78,51709,40078,-656,144
1012,CTL,2020-09-04,0 days 15:58:04.258106,1033964,10.79,10.78,56753,38312,2244,-656
1013,CTL,2020-09-04,0 days 15:58:05.259206,1018608,10.79,10.78,75151,33612,-15356,2244
1014,CTL,2020-09-04,0 days 15:58:20.259410,1054323,10.79,10.78,97700,13708,-1930,470
1015,CTL,2020-09-04,0 days 15:59:15.258611,1124821,10.79,10.78,46205,32631,26426,-2377
1016,CTL,2020-09-04,0 days 15:59:16.261117,1115947,10.79,10.78,14576,50793,-8874,26426
1017,CTL,2020-09-04,0 days 15:59:21.258009,1127251,10.8,10.79,74632,4545,2202,-653
1018,CTL,2020-09-04,0 days 15:59:32.257694,1130053,10.8,10.79,77478,13542,-22587,2802
1019,CTL,2020-09-04,0 days 15:59:46.258662,1150895,10.78,10.77,76563,25904,-13901,28655
1020,CTVA,2020-09-04,0 days 15:55:01.006970,713670,29.4,29.39,2884,765,291744,-216692
1021,CTVA,2020-09-04,0 days 15:56:01.004792,1009339,29.41,29.4,3906,2094,-11945,87055
1022,CTVA,2020-09-04,0 days 15:56:02.005267,987384,29.36,29.35,517,3187,22076,-11945
1023,CTVA,2020-09-04,0 days 15:57:49.008244,1025951,29.37,29.36,2641,1341,-4427,1352
1024,CTVA,2020-09-04,0 days 15:57:50.008035,1008478,29.36,29.35,3641,2300,17473,-4427
1025,CTVA,2020-09-04,0 days 15:59:09.012375,1073303,29.3,29.29,3614,645,13063,-12037
1026,CTVA,2020-09-04,0 days 15:59:16.013320,1209449,29.31,29.3,1147,4236,-8454,152412
1027,CTVA,2020-09-04,0 days 15:59:27.011787,1209449,29.32,29.31,3900,6621,-12063,6106
1028,CTVA,2020-09-04,0 days 15:59:33.013096,1195043,29.32,29.31,5910,1626,3006,-4694
1029,CTVA,2020-09-04,0 days 15:59:41.014060,1195522,29.32,29.31,4812,1079,-203,2624
1030,CTVA,2020-09-04,0 days 15:59:42.014549,1195617,29.3,29.29,3007,4000,11305,-203
1031,CTVA,2020-09-04,0 days 15:59:48.015383,1239753,29.3,29.29,169,12406,-24221,10593
1032,CTVA,2020-09-04,0 days 15:59:49.014788,1231174,29.3,29.29,534,6884,8579,-24221
1033,CTVA,2020-09-04,0 days 15:59:53.016062,1222553,29.32,29.31,800,7456,-17010,4212
1034,CUK,2020-09-04,0 days 15:57:03.404333,23200,15.64,15.63,1150,3544,-1372,328
1035,CUK,2020-09-04,0 days 15:57:04.404651,22772,15.64,15.63,1000,3044,428,-1372
1036,CUK,2020-09-04,0 days 15:59:05.408871,23823,15.64,15.63,600,200,305,-795
1037,CUK,2020-09-04,0 days 15:59:14.400027,24128,15.65,15.64,3367,895,-1522,290
1038,CVE,2020-09-04,0 days 15:59:14.400002,21734,4.65,4.64,164936,327074,4542,-3570
1039,CVE,2020-09-04,0 days 15:59:36.393099,27275,4.65,4.64,121198,335463,-3455,4882
1040,CVS,2020-09-04,0 days 15:59:06.265962,696179,60.27,60.26,1675,300,-34491,21721
1041,CVS,2020-09-04,0 days 15:59:10.261104,730670,60.25,60.24,1495,702,2505,-5739
1042,CVS,2020-09-04,0 days 15:59:15.258432,730670,60.27,60.26,1920,300,7670,-9305
1043,CVS,2020-09-04,0 days 15:59:25.257107,735660,60.31,60.3,2691,200,19004,-69444
1044,CVS,2020-09-04,0 days 15:59:26.257231,731164,60.3,60.29,1350,583,-3079,19004
1045,CVS,2020-09-04,0 days 15:59:28.256922,734243,60.28,60.27,1078,675,3023,-496
1046,CVS,2020-09-04,0 days 15:59:32.257580,731773,60.27,60.26,1417,298,-2470,8193
1047,CVX,2020-09-04,0 days 15:59:16.396763,857055,81.99,81.98,700,310,37288,-22297
1048,CVX,2020-09-04,0 days 15:59:28.391762,889469,82.0,81.99,448,239,-1002,3798
1049,CVX,2020-09-04,0 days 15:59:29.392136,883671,81.99,81.97,498,600,5798,-1002
1050,CVX,2020-09-04,0 days 15:59:45.393880,894230,81.93,81.92,1162,149,-3938,9144
1051,CVX,2020-09-04,0 days 15:59:46.392521,883944,81.92,81.9,600,982,11389,-3938
1052,CWH,2020-09-04,0 days 15:59:12.398384,57423,30.52,30.49,1173,492,1844,-1143
1053,CWH,2020-09-04,0 days 15:59:17.393795,53967,30.54,30.51,325,913,-3456,1852
1054,CWH,2020-09-04,0 days 15:59:26.392409,55409,30.51,30.5,251,125,2883,-535
1055,CWH,2020-09-04,0 days 15:59:27.392233,54692,30.53,30.5,600,687,-717,2883
1056,CWH,2020-09-04,0 days 15:59:30.393292,55409,30.53,30.5,775,393,1783,-1635
1057,CWH,2020-09-04,0 days 15:59:31.393103,54712,30.53,30.5,775,493,-697,1783
1058,CWH,2020-09-04,0 days 15:59:33.392632,55409,30.51,30.49,400,172,1485,-397
1059,CX,2020-09-04,0 days 15:59:36.292611,53729,3.18,3.17,99634,191407,-14722,21184
1060,D,2020-09-04,0 days 15:59:15.012436,496843,78.59,78.57,800,629,650,-16856
1061,D,2020-09-04,0 days 15:59:16.013090,494493,78.59,78.57,571,1236,-5539,650
1062,D,2020-09-04,0 days 15:59:47.014417,490052,78.6,78.58,443,1972,-10280,605
1063,DAL,2020-09-04,0 days 15:58:48.262263,237734,31.76,31.75,9353,8476,-10293,4575
1064,DAL,2020-09-04,0 days 15:58:49.260280,233327,31.76,31.75,12039,7067,4407,-10293
1065,DAL,2020-09-04,0 days 15:59:05.262607,243782,31.76,31.75,21370,5800,-30921,733
1066,DAL,2020-09-04,0 days 15:59:32.257694,289883,31.75,31.74,7968,13098,666,-2499
1067,DAR,2020-09-04,0 days 15:55:23.244040,85789,34.23,34.21,891,402,-560,1140
1068,DAR,2020-09-04,0 days 15:55:24.245018,84749,34.23,34.21,430,860,1040,-560
1069,DAR,2020-09-04,0 days 15:56:51.246396,90564,34.23,34.22,305,573,-619,181
1070,DAR,2020-09-04,0 days 15:56:52.246334,89283,34.23,34.21,666,1012,1281,-619
1071,DAR,2020-09-04,0 days 15:57:03.246984,90564,34.23,34.22,427,294,-308,881
1072,DAR,2020-09-04,0 days 15:57:04.246831,89372,34.23,34.22,430,294,1192,-308
1073,DAR,2020-09-04,0 days 15:59:06.256442,105417,34.16,34.15,311,741,-128,14388
1074,DAR,2020-09-04,0 days 15:59:07.252364,105545,34.16,34.14,1498,561,735,-128
1075,DAR,2020-09-04,0 days 15:59:10.252875,106280,34.15,34.14,796,664,-765,735
1076,DAR,2020-09-04,0 days 15:59:11.253202,105245,34.15,34.14,753,787,1035,-765
1077,DAR,2020-09-04,0 days 15:59:16.254601,102967,34.17,34.16,262,1522,1151,-2771
1078,DAR,2020-09-04,0 days 15:59:17.252795,104189,34.19,34.18,500,514,-107,1151
1079,DAR,2020-09-04,0 days 15:59:30.255034,97297,34.2,34.18,891,647,50,-80
1080,DAR,2020-09-04,0 days 15:59:42.253118,96214,34.18,34.15,1828,200,12374,-8696
1081,DAR,2020-09-04,0 days 15:59:45.253928,108588,34.18,34.16,558,560,-146,774
1082,DB,2020-09-04,0 days 15:55:00.252520,46570,9.73,9.72,65361,50363,493,-13985
1083,DB,2020-09-04,0 days 15:59:36.257915,55032,9.73,9.72,13878,161624,-6665,8135
1084,DB,2020-09-04,0 days 15:59:37.258123,54497,9.73,9.72,13878,158526,535,-6665
1085,DBI,2020-09-04,0 days 15:55:00.241859,55169,7.0,6.99,4759,9072,-7824,10933
1086,DD,2020-09-04,0 days 15:58:11.257391,548440,58.78,58.77,4666,1462,-1318,146
1087,DD,2020-09-04,0 days 15:58:14.257513,548440,58.76,58.75,3737,1144,-11920,4849
1088,DD,2020-09-04,0 days 15:59:00.264416,537699,58.72,58.71,317,2470,15095,-4876
1089,DD,2020-09-04,0 days 15:59:25.255198,637950,58.87,58.86,927,703,-7691,10745
1090,DD,2020-09-04,0 days 15:59:26.255225,637741,58.86,58.85,2027,1311,209,-7691
1091,DD,2020-09-04,0 days 15:59:32.256665,683412,58.85,58.84,4780,1039,-2491,43571
1092,DDD,2020-09-04,0 days 15:55:00.247897,38732,5.42,5.41,9319,10640,-1036,10693
1093,DDD,2020-09-04,0 days 15:55:01.248947,34368,5.42,5.41,12219,10342,4364,-1036
1094,DDD,2020-09-04,0 days 15:55:04.247310,38732,5.42,5.41,12926,9242,-2836,4364
1095,DDD,2020-09-04,0 days 15:55:05.247987,34368,5.42,5.41,12526,11506,4364,-2836
1096,DDD,2020-09-04,0 days 15:55:09.248303,38732,5.42,5.41,9026,12807,-3136,4364
1097,DDD,2020-09-04,0 days 15:55:10.249453,38168,5.42,5.41,9726,12807,564,-3136
1098,DDD,2020-09-04,0 days 15:58:08.255890,38768,5.42,5.41,15614,11582,-15445,683
1099,DELL,2020-09-04,0 days 15:55:00.292661,231518,64.96,64.94,202,312,87849,-42821
1100,DELL,2020-09-04,0 days 15:59:23.292053,336608,64.77,64.74,5427,300,-3568,5753
1101,DELL,2020-09-04,0 days 15:59:24.292252,333376,64.75,64.73,210,200,3232,-3568
1102,DELL,2020-09-04,0 days 15:59:26.292122,336608,64.75,64.74,600,545,-10665,2794
1103,DELL,2020-09-04,0 days 15:59:27.291445,334473,64.74,64.68,438,600,9935,-10665
1104,DELL,2020-09-04,0 days 15:59:28.291831,341608,64.76,64.69,636,700,-1203,9935
1105,DELL,2020-09-04,0 days 15:59:31.293230,342811,64.76,64.69,1338,500,11038,-1203
1106,DELL,2020-09-04,0 days 15:59:32.292554,346049,64.76,64.72,635,800,-5743,11038
1107,DELL,2020-09-04,0 days 15:59:33.292790,344592,64.76,64.72,709,900,1457,-5743
1108,DELL,2020-09-04,0 days 15:59:45.295645,368203,64.67,64.63,1000,400,-14593,2753
1109,DFS,2020-09-04,0 days 15:55:23.401961,255194,57.19,57.18,1414,532,31,-409
1110,DFS,2020-09-04,0 days 15:55:24.402325,255025,57.2,57.19,309,941,-169,31
1111,DFS,2020-09-04,0 days 15:55:37.404310,282894,57.23,57.22,300,226,2880,-2220
1112,DFS,2020-09-04,0 days 15:56:48.404230,288930,57.19,57.18,1700,400,-3637,563
1113,DFS,2020-09-04,0 days 15:56:49.405084,286167,57.18,57.17,1167,343,1363,-3637
1114,DFS,2020-09-04,0 days 15:57:37.406089,287715,57.22,57.21,416,241,-1013,987
1115,DFS,2020-09-04,0 days 15:57:38.405983,286192,57.22,57.21,516,338,1523,-1013
1116,DFS,2020-09-04,0 days 15:57:42.406524,287715,57.22,57.21,200,339,-713,787
1117,DFS,2020-09-04,0 days 15:57:44.406160,286628,57.22,57.21,1566,201,1087,-2813
1118,DFS,2020-09-04,0 days 15:57:47.407398,287715,57.19,57.18,212,1324,-4013,2587
1119,DFS,2020-09-04,0 days 15:57:49.401317,286828,57.18,57.17,540,200,1787,-2413
1120,DFS,2020-09-04,0 days 15:58:23.403840,289300,57.11,57.1,2596,825,-374,2026
1121,DFS,2020-09-04,0 days 15:58:27.404008,289500,57.09,57.08,1018,558,-4752,2048
1122,DFS,2020-09-04,0 days 15:58:28.404078,286952,57.08,57.07,337,600,2548,-4752
1123,DFS,2020-09-04,0 days 15:58:31.404304,289500,57.09,57.08,817,100,-88,66
1124,DFS,2020-09-04,0 days 15:58:40.407592,287630,57.08,57.07,1092,709,1870,-630
1125,DFS,2020-09-04,0 days 15:59:10.398743,299353,57.1,57.08,964,700,-6034,943
1126,DFS,2020-09-04,0 days 15:59:11.398985,297987,57.1,57.08,1042,500,1188,-6034
1127,DFS,2020-09-04,0 days 15:59:24.392055,295131,57.15,57.14,404,690,2064,-1900
1128,DFS,2020-09-04,0 days 15:59:52.391680,315804,57.12,57.11,220,337,-64,4757
1129,DG,2020-09-04,0 days 15:58:29.255772,127059,195.62,195.57,859,450,401,-2840
1130,DG,2020-09-04,0 days 15:58:30.255318,124660,195.62,195.57,1059,550,-2526,401
1131,DG,2020-09-04,0 days 15:58:53.255982,128086,195.6,195.53,250,457,2844,-2908
1132,DG,2020-09-04,0 days 15:58:54.255438,109512,195.6,195.53,407,320,-18574,2844
1133,DG,2020-09-04,0 days 15:59:15.257886,128535,195.6,195.54,300,364,796,-4686
1134,DG,2020-09-04,0 days 15:59:39.258220,140767,195.89,195.84,306,733,-1854,3589
1135,DG,2020-09-04,0 days 15:59:40.258936,136178,195.83,195.77,500,200,5639,-1854
1136,DG,2020-09-04,0 days 15:59:56.259423,142164,195.9,195.56,400,100,-657,5886
1137,DGX,2020-09-04,0 days 15:59:06.544329,124837,109.09,109.06,100,225,2999,-1644
1138,DGX,2020-09-04,0 days 15:59:07.543808,121036,109.08,109.06,125,125,-3801,2999
1139,DGX,2020-09-04,0 days 15:59:15.541582,128762,109.06,109.04,348,367,8827,-7358
1140,DGX,2020-09-04,0 days 15:59:16.537782,125421,109.11,109.08,125,641,-3903,8827
1141,DHI,2020-09-04,0 days 15:57:15.108451,249307,68.11,68.1,605,824,24,-1976
1142,DHI,2020-09-04,0 days 15:57:39.110039,248431,68.12,68.11,619,929,-1228,972
1143,DHI,2020-09-04,0 days 15:57:44.111185,249659,68.12,68.1,1200,781,1372,-228
1144,DHI,2020-09-04,0 days 15:58:25.109651,273504,68.11,68.1,1655,349,-10271,18329
1145,DHI,2020-09-04,0 days 15:58:26.108472,270775,68.11,68.1,1215,406,2729,-10271
1146,DHI,2020-09-04,0 days 15:58:31.109764,271704,68.11,68.1,618,2939,-189,6678
1147,DHI,2020-09-04,0 days 15:58:32.109426,272793,68.11,68.1,1638,2066,2211,-189
1148,DHI,2020-09-04,0 days 15:59:06.111604,274359,68.13,68.11,600,1075,-1430,579
1149,DHI,2020-09-04,0 days 15:59:12.111854,271165,68.15,68.14,800,567,70,-1130
1150,DHI,2020-09-04,0 days 15:59:19.109094,267480,68.18,68.16,740,1173,1044,-756
1151,DHI,2020-09-04,0 days 15:59:47.111828,275449,68.21,68.2,700,1220,-212,588
1152,DHI,2020-09-04,0 days 15:59:48.111517,274953,68.21,68.19,1864,600,296,-212
1153,DHR,2020-09-04,0 days 15:57:42.009057,222994,196.83,196.76,310,119,1721,-379
1154,DHR,2020-09-04,0 days 15:59:07.014070,249448,196.88,196.81,700,100,-2952,20668
1155,DHR,2020-09-04,0 days 15:59:15.012400,254904,196.88,196.84,686,412,4833,-2888
1156,DHR,2020-09-04,0 days 15:59:35.013684,267657,196.86,196.72,1300,100,-1693,8482
1157,DHR,2020-09-04,0 days 15:59:37.012599,269350,196.8,196.73,300,324,140,-7193
1158,DHR,2020-09-04,0 days 15:59:38.013357,267490,196.8,196.73,327,1302,-1860,140
1159,DHR,2020-09-04,0 days 15:59:45.014092,269450,196.72,196.58,200,300,717,-3083
1160,DHR,2020-09-04,0 days 15:59:46.014612,268267,196.73,196.65,424,200,-4507,717
1161,DHR,2020-09-04,0 days 15:59:49.014483,272774,196.63,196.56,600,400,311,-2380
1162,DHR,2020-09-04,0 days 15:59:50.021788,271485,196.6,196.47,800,2600,-1289,311
1163,DIS,2020-09-04,0 days 15:55:00.252104,984882,132.1,132.08,100,200,-5160,360628
1164,DIS,2020-09-04,0 days 15:55:06.253003,995264,132.14,132.11,300,529,15300,-2280
1165,DIS,2020-09-04,0 days 15:55:07.252717,995064,132.15,132.11,490,929,-200,15300
1166,DIS,2020-09-04,0 days 15:55:13.253487,995264,132.11,132.09,2690,220,403,-400
1167,DIS,2020-09-04,0 days 15:55:14.253171,994944,132.11,132.09,2600,200,-320,403
1168,DIS,2020-09-04,0 days 15:55:21.254386,995264,132.06,132.04,389,415,408,-320
1169,DIS,2020-09-04,0 days 15:55:22.255384,995044,132.08,132.04,100,814,-220,408
1170,DIS,2020-09-04,0 days 15:55:36.255676,996364,132.12,132.1,300,150,884,-258
1171,DIS,2020-09-04,0 days 15:57:47.261067,1018330,132.17,132.13,290,600,5031,-4869
1172,DIS,2020-09-04,0 days 15:57:55.257393,1006861,132.15,132.13,283,300,2191,-3878
1173,DIS,2020-09-04,0 days 15:57:56.257233,1005852,132.15,132.13,483,200,-1009,2191
1174,DIS,2020-09-04,0 days 15:57:57.258119,1006861,132.15,132.13,600,300,13291,-1009
1175,DIS,2020-09-04,0 days 15:57:59.257711,1006844,132.15,132.13,464,719,-135,7365
1176,DIS,2020-09-04,0 days 15:58:00.258905,1006979,132.14,132.13,100,111,4091,-135
1177,DIS,2020-09-04,0 days 15:58:01.258979,1010357,132.17,132.14,933,600,-891,4091
1178,DIS,2020-09-04,0 days 15:58:02.259077,1006979,132.14,132.12,400,233,7478,-891
1179,DIS,2020-09-04,0 days 15:58:05.259193,1001737,132.07,132.04,400,500,-1532,2888
1180,DIS,2020-09-04,0 days 15:58:07.258375,1003269,132.08,132.05,300,300,5068,-3932
1181,DIS,2020-09-04,0 days 15:58:10.258956,1003269,132.04,132.01,500,400,1699,-104
1182,DIS,2020-09-04,0 days 15:58:11.259018,1003068,132.03,132.0,600,1216,-201,1699
1183,DIS,2020-09-04,0 days 15:59:11.261475,1033241,131.92,131.89,299,600,-1414,572
1184,DIS,2020-09-04,0 days 15:59:13.262740,1070424,131.98,131.95,300,500,9142,-21258
1185,DIS,2020-09-04,0 days 15:59:20.257524,1055838,132.04,132.01,400,221,-12541,5943
1186,DIS,2020-09-04,0 days 15:59:21.257996,1052779,132.04,132.01,578,721,1217,-12541
1187,DIS,2020-09-04,0 days 15:59:29.256835,1055225,132.06,132.01,639,1030,613,-1229
1188,DIS,2020-09-04,0 days 15:59:34.258058,1079774,132.0,131.96,1891,416,-4314,6559
1189,DIS,2020-09-04,0 days 15:59:40.258931,1068634,132.03,132.0,1000,492,1140,-10955
1190,DIS,2020-09-04,0 days 15:59:44.257313,1069774,132.04,132.02,100,300,-9370,830
1191,DIS,2020-09-04,0 days 15:59:45.258510,1068394,132.01,131.98,149,100,1380,-9370
1192,DKS,2020-09-04,0 days 15:55:34.253077,46565,55.01,54.99,200,400,-196,1304
1193,DKS,2020-09-04,0 days 15:55:35.251266,45361,55.01,54.99,200,851,1204,-196
1194,DKS,2020-09-04,0 days 15:57:05.254876,54377,54.99,54.98,321,2068,-364,338
1195,DKS,2020-09-04,0 days 15:57:06.254190,53241,55.0,54.98,361,1930,1136,-364
1196,DKS,2020-09-04,0 days 15:57:35.256264,54377,55.02,55.0,1433,700,-204,63
1197,DKS,2020-09-04,0 days 15:57:36.255465,53625,55.02,55.0,1333,700,752,-204
1198,DKS,2020-09-04,0 days 15:57:38.255352,54377,55.01,55.0,100,418,-170,652
1199,DKS,2020-09-04,0 days 15:57:39.255663,53647,55.01,55.0,100,556,730,-170
1200,DKS,2020-09-04,0 days 15:57:45.256323,54577,55.02,55.0,1085,1135,-170,930
1201,DKS,2020-09-04,0 days 15:57:46.256542,53847,55.0,54.99,300,749,730,-170
1202,DKS,2020-09-04,0 days 15:59:11.261172,55816,54.93,54.91,942,644,-2826,278
1203,DKS,2020-09-04,0 days 15:59:16.263251,54886,54.97,54.96,219,1501,130,-670
1204,DKS,2020-09-04,0 days 15:59:32.256665,55516,54.95,54.94,603,100,-1869,195
1205,DKS,2020-09-04,0 days 15:59:45.259135,56216,54.91,54.89,1447,400,-388,346
1206,DKS,2020-09-04,0 days 15:59:50.262621,53404,54.9,54.89,180,384,2812,-804
1207,DOW,2020-09-04,0 days 15:55:01.006192,572578,48.65,48.64,1495,500,53415,-197157
1208,DOW,2020-09-04,0 days 15:55:02.002097,571493,48.65,48.64,566,1004,-1085,53415
1209,DOW,2020-09-04,0 days 15:55:28.007062,578206,48.68,48.67,882,620,1987,-713
1210,DOW,2020-09-04,0 days 15:55:29.004334,576893,48.69,48.68,300,419,-1313,1987
1211,DOW,2020-09-04,0 days 15:56:01.004645,652023,48.62,48.61,3260,200,2456,-21644
1212,DOW,2020-09-04,0 days 15:56:02.005136,643579,48.62,48.61,3261,474,-8444,2456
1213,DOW,2020-09-04,0 days 15:58:04.009491,661208,48.53,48.52,404,1500,5177,-5823
1214,DOW,2020-09-04,0 days 15:58:05.010939,649985,48.53,48.52,1480,1712,-11223,5177
1215,DOW,2020-09-04,0 days 15:59:15.012400,683812,48.5,48.49,1263,1200,171411,-812
1216,DOW,2020-09-04,0 days 15:59:57.014334,747681,48.61,48.57,800,5918,19740,-888
1217,DUK,2020-09-04,0 days 15:55:00.533996,231085,80.99,80.98,601,200,18715,-45896
1218,DUK,2020-09-04,0 days 15:55:10.537926,250000,81.03,81.02,500,100,-2285,6515
1219,DUK,2020-09-04,0 days 15:55:11.534653,248085,81.02,81.01,200,100,1915,-2285
1220,DUK,2020-09-04,0 days 15:55:28.538395,250100,81.05,81.03,200,500,-4387,1313
1221,DUK,2020-09-04,0 days 15:55:29.537033,248787,81.05,81.03,300,500,1313,-4387
1222,DUK,2020-09-04,0 days 15:55:51.537017,251326,81.04,81.02,1556,100,-2220,2537
1223,DUK,2020-09-04,0 days 15:55:52.537346,250346,81.03,81.01,540,800,980,-2220
1224,DUK,2020-09-04,0 days 15:57:53.545695,253929,80.97,80.96,100,100,-3475,2925
1225,DUK,2020-09-04,0 days 15:57:54.539540,252704,80.96,80.94,417,600,1225,-3475
1226,DUK,2020-09-04,0 days 15:58:08.540154,255829,80.92,80.9,400,600,-3930,1260
1227,DUK,2020-09-04,0 days 15:58:09.540471,255059,80.91,80.9,817,100,370,-3930
1228,DUK,2020-09-04,0 days 15:59:01.544432,256692,80.91,80.89,1053,100,-11248,1820
1229,DUK,2020-09-04,0 days 15:59:02.543113,256040,80.89,80.87,771,200,652,-11248
1230,DUK,2020-09-04,0 days 15:59:27.537043,280427,80.99,80.98,419,295,-535,675
1231,DUK,2020-09-04,0 days 15:59:40.538547,279397,80.99,80.98,1185,1163,1030,-4051
1232,DUK,2020-09-04,0 days 15:59:59.538194,280239,80.99,80.95,11538,6300,988,-3082
