,Symbol,Timestamp,TIME,iPaired,Ask_P,Bid_P,Ask_S,Bid_S,iShares,PreviShares
0,AA,2020-08-05,0 days 15:57:00.503717,259453,14.72,14.71,7681,16805,-114,158
1,AA,2020-08-05,0 days 15:57:35.585590,259453,14.7,14.69,9998,7609,-2408,192
2,AA,2020-08-05,0 days 15:57:36.587968,253961,14.7,14.69,10298,6809,5492,-2408
3,AA,2020-08-05,0 days 15:59:15.829303,260682,14.71,14.7,5525,14312,-91691,1522
4,AA,2020-08-05,0 days 15:59:16.831078,254118,14.69,14.68,4502,11234,6564,-91691
5,AA,2020-08-05,0 days 15:59:17.833540,262525,14.7,14.69,16507,10333,-793,6564
6,AA,2020-08-05,0 days 15:59:18.835736,261218,14.7,14.69,18907,8333,1307,-793
7,AA,2020-08-05,0 days 15:59:22.847184,262225,14.7,14.69,19324,839,-4830,1470
8,AA,2020-08-05,0 days 15:59:23.848058,260955,14.7,14.69,21024,639,1270,-4830
9,AA,2020-08-05,0 days 15:59:34.869116,262225,14.7,14.69,19633,5561,-22160,1270
10,AA,2020-08-05,0 days 15:59:37.876407,282985,14.69,14.68,15333,14506,296,-16360
11,AA,2020-08-05,0 days 15:59:39.880674,283281,14.7,14.69,16932,6710,-31384,296
12,ABBV,2020-08-05,0 days 15:59:18.777531,540364,93.23,93.22,576,1512,-1910,11805
13,ABBV,2020-08-05,0 days 15:59:19.779906,529974,93.22,93.21,799,300,10597,-1910
14,ABBV,2020-08-05,0 days 15:59:37.824372,540855,93.22,93.21,500,776,-590,19398
15,ABBV,2020-08-05,0 days 15:59:38.825333,534245,93.21,93.19,1285,1711,6610,-590
16,ABBV,2020-08-05,0 days 15:59:44.840513,534178,93.19,93.18,400,761,58864,-26600
17,ABR,2020-08-05,0 days 15:59:34.884911,110238,10.7,10.69,2520,12391,-410,1000
18,ABR,2020-08-05,0 days 15:59:37.892762,109233,10.7,10.69,3268,10454,815,-410
19,ABR,2020-08-05,0 days 15:59:40.899334,110238,10.7,10.69,2768,19054,-1245,815
20,ABR,2020-08-05,0 days 15:59:46.913087,109589,10.7,10.69,5185,13937,2519,-7751
21,ABT,2020-08-05,0 days 15:55:41.153006,325080,102.04,102.02,300,1206,21325,-4293
22,ABT,2020-08-05,0 days 15:56:02.203294,317069,102.1,102.09,1174,331,-8787,17949
23,ABT,2020-08-05,0 days 15:56:18.241506,372282,102.13,102.12,800,205,45874,-8408
24,ABT,2020-08-05,0 days 15:57:37.432301,443537,102.33,102.32,100,2988,-1310,4990
25,ABT,2020-08-05,0 days 15:57:38.435276,435347,102.34,102.32,1100,2641,8190,-1310
26,ABT,2020-08-05,0 days 15:57:46.455417,443769,102.34,102.33,400,1023,-278,4529
27,ABT,2020-08-05,0 days 15:57:47.458055,434247,102.3,102.29,200,100,9522,-278
28,ABT,2020-08-05,0 days 15:58:02.494781,441069,102.32,102.3,1532,610,-6,7734
29,ABT,2020-08-05,0 days 15:58:03.497131,434775,102.3,102.29,1522,100,6294,-6
30,ABT,2020-08-05,0 days 15:59:08.656655,453276,102.23,102.22,1164,591,-751,51
31,ABT,2020-08-05,0 days 15:59:13.666353,447972,102.23,102.22,1740,490,5304,-2515
32,ABT,2020-08-05,0 days 15:59:16.674350,444029,102.23,102.22,941,100,-6702,5419
33,ABT,2020-08-05,0 days 15:59:17.676820,439831,102.21,102.2,709,912,4618,-6702
34,ABT,2020-08-05,0 days 15:59:27.698280,445190,102.2,102.18,908,301,-1040,9853
35,ABT,2020-08-05,0 days 15:59:31.708054,444712,102.17,102.16,209,1613,478,-1040
36,ABT,2020-08-05,0 days 15:59:36.718873,456136,102.18,102.16,3508,1791,-4542,10358
37,ABT,2020-08-05,0 days 15:59:39.727106,443178,102.17,102.15,809,700,16399,-501
38,ABT,2020-08-05,0 days 15:59:46.744202,468709,102.21,102.19,202,1334,-9261,8268
39,ABT,2020-08-05,0 days 15:59:49.750262,466554,102.18,102.17,2002,200,2155,-2145
40,ADT,2020-08-05,0 days 15:52:28.685535,68948,12.69,12.68,1344,3625,-585,915
41,ADT,2020-08-05,0 days 15:54:08.927234,68948,12.7,12.69,925,2654,-585,915
42,ADT,2020-08-05,0 days 15:55:35.138833,96092,12.83,12.82,6096,1315,1814,-1986
43,ADT,2020-08-05,0 days 15:55:36.141226,94606,12.83,12.82,6296,1515,-1486,1814
44,ADT,2020-08-05,0 days 15:56:30.271067,81176,12.84,12.83,1030,1716,3148,-2052
45,ADT,2020-08-05,0 days 15:56:36.285100,93524,12.83,12.82,500,856,-5452,3048
46,ADT,2020-08-05,0 days 15:58:00.491247,91176,12.88,12.87,10490,3332,15760,-2540
47,ADT,2020-08-05,0 days 15:58:01.493161,90236,12.88,12.87,10390,3632,-940,15760
48,ADT,2020-08-05,0 days 15:58:03.497290,86525,12.88,12.87,9990,4332,3565,-1086
49,ADT,2020-08-05,0 days 15:58:04.500683,85990,12.88,12.87,9635,4432,-18335,3565
50,ADT,2020-08-05,0 days 15:59:18.678609,125897,12.85,12.84,1200,300,3097,-480
51,ADT,2020-08-05,0 days 15:59:19.680723,123094,12.85,12.84,1100,966,-2803,3097
52,ADT,2020-08-05,0 days 15:59:27.698419,125912,12.86,12.85,1312,228,405,-2818
53,ADT,2020-08-05,0 days 15:59:33.714862,122517,12.86,12.84,3300,894,-3395,1305
54,ADT,2020-08-05,0 days 15:59:48.750881,124505,12.85,12.84,1343,1480,-507,2493
55,ADT,2020-08-05,0 days 15:59:58.761692,116812,12.8,12.77,4003,2268,4393,-2907
56,AEE,2020-08-05,0 days 15:55:44.160795,231624,80.53,80.52,200,300,12647,-4894
57,AEE,2020-08-05,0 days 15:55:46.165562,230815,80.53,80.51,400,300,-340,1660
58,AEG,2020-08-05,0 days 15:58:49.665157,15142,3.18,3.17,141741,343691,1733,-329
59,AEM,2020-08-05,0 days 15:57:10.469039,36078,83.52,83.51,603,400,6875,-108
60,AEM,2020-08-05,0 days 15:57:11.470896,34553,83.53,83.52,818,100,-1525,6875
61,AEM,2020-08-05,0 days 15:58:39.683285,36531,83.55,83.54,100,1607,41,-1206
62,AEM,2020-08-05,0 days 15:58:40.686117,35472,83.56,83.55,411,707,-1059,41
63,AEM,2020-08-05,0 days 15:58:47.702262,36531,83.57,83.56,2775,1020,73,-359
64,AEM,2020-08-05,0 days 15:58:48.705262,35604,83.57,83.56,2585,920,-927,73
65,AEM,2020-08-05,0 days 15:58:55.721495,36531,83.55,83.54,100,407,91,-411
66,AEM,2020-08-05,0 days 15:58:56.724128,35722,83.56,83.54,202,311,-709,91
67,AEM,2020-08-05,0 days 15:59:06.749801,39675,83.56,83.55,1094,263,1011,-2670
68,AEM,2020-08-05,0 days 15:59:07.751391,38986,83.56,83.55,1349,150,-689,1011
69,AEM,2020-08-05,0 days 15:59:32.810806,38843,83.51,83.5,574,134,-562,1538
70,AEM,2020-08-05,0 days 15:59:38.825309,38805,83.49,83.46,219,511,338,-262
71,AEM,2020-08-05,0 days 15:59:40.831377,39043,83.5,83.48,711,100,-362,2638
72,AEM,2020-08-05,0 days 15:59:45.843019,39405,83.5,83.48,111,300,1410,-362
73,AEM,2020-08-05,0 days 15:59:46.844927,39215,83.5,83.48,200,100,-441,1410
74,AEO,2020-08-05,0 days 15:56:40.434438,136360,10.95,10.94,5461,14307,6375,-625
75,AEO,2020-08-05,0 days 15:58:05.638421,142708,10.98,10.97,9795,14784,-3192,877
76,AEO,2020-08-05,0 days 15:58:11.654534,142708,10.98,10.97,11394,18931,-12931,508
77,AEO,2020-08-05,0 days 15:58:12.656028,141002,10.97,10.96,15304,7152,1706,-12931
78,AEO,2020-08-05,0 days 15:59:31.847614,145020,10.97,10.96,3932,20246,-4874,2826
79,AEP,2020-08-05,0 days 15:56:13.229743,178666,84.71,84.7,200,524,1804,-2396
80,AEP,2020-08-05,0 days 15:56:14.231685,176370,84.73,84.71,797,423,-2296,1804
81,AEP,2020-08-05,0 days 15:57:35.427864,200000,84.77,84.75,706,1128,684,-1453
82,AEP,2020-08-05,0 days 15:57:36.430870,196747,84.77,84.75,706,1228,-3253,684
83,AEP,2020-08-05,0 days 15:57:48.459581,200185,84.77,84.75,598,707,1099,-1568
84,AEP,2020-08-05,0 days 15:57:49.461823,197284,84.77,84.76,798,207,-2901,1099
85,AEP,2020-08-05,0 days 15:58:23.546457,205145,84.77,84.76,1319,1206,20,-3793
86,AEP,2020-08-05,0 days 15:58:28.558000,200728,84.77,84.76,1787,1208,-4417,20
87,AEP,2020-08-05,0 days 15:58:55.622976,207812,84.81,84.8,2426,1676,269,-191
88,AEP,2020-08-05,0 days 15:58:56.624467,204081,84.81,84.8,2232,1381,-3731,269
89,AEP,2020-08-05,0 days 15:59:05.648333,208128,84.8,84.79,2169,754,3056,-3773
90,AEP,2020-08-05,0 days 15:59:06.651252,205784,84.8,84.79,1869,754,-2871,3056
91,AEP,2020-08-05,0 days 15:59:10.661044,209336,84.8,84.79,2319,800,20144,-3452
92,AEP,2020-08-05,0 days 15:59:11.661823,208280,84.81,84.79,918,1588,-1056,20144
93,AEP,2020-08-05,0 days 15:59:19.680741,210607,84.81,84.8,732,1662,740,-1732
94,AEP,2020-08-05,0 days 15:59:20.682746,210147,84.82,84.81,401,1762,-460,740
95,AEP,2020-08-05,0 days 15:59:34.716848,214275,84.82,84.8,809,592,-256,1881
96,AEP,2020-08-05,0 days 15:59:45.742637,217468,84.84,84.8,489,624,4664,-293
97,AES,2020-08-05,0 days 15:55:00.116977,406727,15.5,15.49,1506,12713,24206,-82483
98,AES,2020-08-05,0 days 15:56:05.275171,430533,15.52,15.51,4341,21607,-1518,1028
99,AES,2020-08-05,0 days 15:56:06.277312,429751,15.52,15.51,5349,21809,782,-1518
100,AES,2020-08-05,0 days 15:56:30.335304,430533,15.51,15.5,6275,9910,-4518,6282
101,AES,2020-08-05,0 days 15:56:31.336915,429951,15.51,15.5,6175,11010,582,-4518
102,AES,2020-08-05,0 days 15:57:05.420040,430801,15.5,15.49,6747,5000,-102387,850
103,AES,2020-08-05,0 days 15:57:08.427538,514301,15.49,15.48,9200,8888,-56975,1109
104,AES,2020-08-05,0 days 15:59:28.767509,573243,15.46,15.45,6113,11148,-8904,8296
105,AES,2020-08-05,0 days 15:59:45.805240,590827,15.45,15.44,14970,2800,13363,-4104
106,AFL,2020-08-05,0 days 15:55:39.204977,288150,35.58,35.57,3758,2346,-5507,11577
107,AFL,2020-08-05,0 days 15:55:40.207407,281757,35.57,35.56,431,4713,6393,-5507
108,AFL,2020-08-05,0 days 15:55:45.219325,288344,35.57,35.56,1557,4411,-913,6587
109,AFL,2020-08-05,0 days 15:55:46.221845,282557,35.57,35.56,1957,4381,5787,-913
110,AFL,2020-08-05,0 days 15:58:45.654556,302246,35.59,35.58,4403,1904,-470,3949
111,AFL,2020-08-05,0 days 15:58:46.657304,297416,35.59,35.58,5903,1201,4830,-470
112,AFL,2020-08-05,0 days 15:59:07.708970,303063,35.57,35.56,5882,3043,-10910,1461
113,AFL,2020-08-05,0 days 15:59:08.712200,286973,35.56,35.55,5243,2635,16090,-10910
114,AFL,2020-08-05,0 days 15:59:17.733633,309863,35.56,35.55,4848,3916,-11281,1067
115,AFL,2020-08-05,0 days 15:59:18.736561,292958,35.54,35.53,5027,5273,18305,-11281
116,AFL,2020-08-05,0 days 15:59:20.740850,311263,35.55,35.54,2709,6110,-3130,71
117,AFL,2020-08-05,0 days 15:59:21.743950,305393,35.55,35.54,3968,5510,4470,-3130
118,AFL,2020-08-05,0 days 15:59:24.750331,304363,35.55,35.54,3978,3752,5500,-4900
119,AFL,2020-08-05,0 days 15:59:25.752675,311263,35.56,35.55,5334,981,-2192,5500
120,AFL,2020-08-05,0 days 15:59:26.754912,309755,35.55,35.54,5889,3518,108,-2192
121,AG,2020-08-05,0 days 15:55:44.224675,88428,13.82,13.81,29860,2907,-3066,359
122,AG,2020-08-05,0 days 15:55:45.227016,85494,13.82,13.81,27808,2262,634,-3066
123,AG,2020-08-05,0 days 15:59:47.810078,84155,13.82,13.81,48873,1910,951,-3849
124,AGI,2020-08-05,0 days 15:58:58.729135,45582,10.7,10.69,11830,50448,-1588,1310
125,AIG,2020-08-05,0 days 15:55:30.190968,516089,30.21,30.2,878,5483,758,-9342
126,AIG,2020-08-05,0 days 15:55:31.193212,510747,30.22,30.21,1345,3195,-5342,758
127,AIG,2020-08-05,0 days 15:57:39.502122,661405,30.19,30.18,3678,4752,2438,-3273
128,AIG,2020-08-05,0 days 15:57:40.504578,652343,30.19,30.18,1859,6935,-9062,2438
129,AIV,2020-08-05,0 days 15:55:45.335819,91644,36.57,36.56,225,1073,-869,7677
130,AIV,2020-08-05,0 days 15:55:46.337795,88213,36.57,36.56,225,1073,3431,-869
131,AIV,2020-08-05,0 days 15:56:32.447891,91778,36.59,36.58,1264,708,-611,689
132,AIV,2020-08-05,0 days 15:56:33.450171,88489,36.59,36.58,1482,708,3289,-611
133,AIV,2020-08-05,0 days 15:59:03.814960,91673,36.64,36.62,1751,1967,-75,606
134,AIV,2020-08-05,0 days 15:59:04.817319,90428,36.64,36.62,1789,1967,1245,-75
135,AIV,2020-08-05,0 days 15:59:46.913279,96962,36.65,36.63,806,1413,-508,717
136,AIV,2020-08-05,0 days 15:59:50.925379,95870,36.65,36.63,2360,206,1092,-108
137,ALK,2020-08-05,0 days 15:59:04.745102,132501,35.74,35.73,1500,874,-940,1287
138,ALK,2020-08-05,0 days 15:59:07.751391,133456,35.73,35.72,900,921,2458,-940
139,ALK,2020-08-05,0 days 15:59:34.816044,139480,35.74,35.73,1317,1416,-1607,972
140,ALK,2020-08-05,0 days 15:59:50.856243,121493,35.74,35.73,1895,1589,19310,-2890
141,ALL,2020-08-05,0 days 15:55:44.224597,250959,94.78,94.76,200,214,-1212,140
142,ALL,2020-08-05,0 days 15:57:50.528998,254393,94.66,94.64,1200,200,1180,-220
143,ALL,2020-08-05,0 days 15:58:05.565543,250961,94.66,94.64,700,400,1628,-372
144,ALL,2020-08-05,0 days 15:59:19.746513,283036,94.75,94.72,1106,310,-5667,9798
145,ALL,2020-08-05,0 days 15:59:20.748797,282503,94.74,94.72,597,206,533,-5667
146,ALL,2020-08-05,0 days 15:59:30.772017,283403,94.82,94.8,100,674,-607,36
147,ALL,2020-08-05,0 days 15:59:35.781710,290110,94.84,94.83,501,686,20,-1680
148,ALLY,2020-08-05,0 days 15:55:31.268431,179248,21.23,21.22,7644,6260,-16740,3360
149,ALLY,2020-08-05,0 days 15:59:07.789726,337276,21.27,21.26,6579,2272,6706,-1988
150,ALLY,2020-08-05,0 days 15:59:27.837202,352738,21.28,21.27,14945,10627,-6536,693
151,ALLY,2020-08-05,0 days 15:59:28.839464,346374,21.28,21.27,16545,9949,6364,-6536
152,ALLY,2020-08-05,0 days 15:59:43.877129,352918,21.28,21.27,23474,11434,1995,-6505
153,ALLY,2020-08-05,0 days 15:59:45.881685,354913,21.28,21.27,17473,14634,-6372,1995
154,ALLY,2020-08-05,0 days 15:59:46.883945,353785,21.28,21.27,18408,13134,1128,-6372
155,ALLY,2020-08-05,0 days 15:59:47.886334,354913,21.28,21.27,17408,14630,-6749,1128
156,AMC,2020-08-05,0 days 15:55:01.056348,78763,4.15,4.14,15524,15014,-25383,28896
157,AMC,2020-08-05,0 days 15:55:02.056070,76746,4.15,4.14,15424,15214,2017,-25383
158,AMC,2020-08-05,0 days 15:59:08.656549,88645,4.14,4.13,14218,14572,-105,3495
159,AMCR,2020-08-05,0 days 15:58:39.640519,1246244,10.69,10.68,101566,57916,20053,-9547
160,AMCR,2020-08-05,0 days 15:59:00.692277,1246244,10.69,10.68,86874,34754,22653,-24847
161,AMCR,2020-08-05,0 days 15:59:01.694192,1231897,10.69,10.68,86874,42825,-19732,22653
162,AMCR,2020-08-05,0 days 15:59:45.802041,1446670,10.7,10.69,44492,71995,43735,-97595
163,AMCR,2020-08-05,0 days 15:59:46.803889,1434605,10.7,10.69,39617,71895,-25529,43735
164,AMX,2020-08-05,0 days 15:55:00.212467,44640,12.54,12.53,15625,19170,20,-4595
165,AMX,2020-08-05,0 days 15:59:17.833549,49519,12.54,12.53,25703,30990,-3536,874
166,ANF,2020-08-05,0 days 15:58:02.631164,75163,9.72,9.71,15552,13203,-4550,1243
167,ANF,2020-08-05,0 days 15:58:03.633373,74713,9.72,9.71,17152,11903,550,-4550
168,ANF,2020-08-05,0 days 15:59:00.773231,71895,9.72,9.71,4007,16933,5731,-414
169,ANF,2020-08-05,0 days 15:59:05.784999,77926,9.72,9.71,2810,19187,-447,553
170,ANH,2020-08-05,0 days 15:59:01.703251,25853,1.78,1.77,12314,20915,-3882,5318
171,ANH,2020-08-05,0 days 15:59:02.705285,25635,1.78,1.77,11918,21383,218,-3882
172,ANH,2020-08-05,0 days 15:59:45.805534,25711,1.78,1.77,300,40015,-867,233
173,APD,2020-08-05,0 days 15:56:09.285385,160050,285.65,285.62,136,400,22,-552
174,APD,2020-08-05,0 days 15:56:12.291925,155572,285.77,285.71,100,500,-4601,22
175,APD,2020-08-05,0 days 15:59:01.703121,161364,285.24,285.2,337,503,1476,-1487
176,APD,2020-08-05,0 days 15:59:02.705189,159940,285.29,285.23,100,300,-1824,1476
177,APD,2020-08-05,0 days 15:59:48.813230,201631,284.88,284.85,276,901,2799,-2893
178,APD,2020-08-05,0 days 15:59:49.815854,199930,284.86,284.82,600,1500,-1701,2799
179,APD,2020-08-05,0 days 15:59:58.834410,201331,284.75,284.6,3748,1000,44,-2356
180,APD,2020-08-05,0 days 15:59:59.834903,197675,284.75,284.62,4070,4800,-3656,44
181,APD,2020-08-05,0 days 16:00:00.836315,201331,284.62,284.61,1414,200,44,-3656
182,APLE,2020-08-05,0 days 15:58:07.678079,70534,9.12,9.11,3729,10545,718,-1582
183,APLE,2020-08-05,0 days 15:59:16.839931,70926,9.12,9.11,10885,7961,917,-170
184,AR,2020-08-05,0 days 15:55:00.116912,139772,3.77,3.76,27908,49646,23137,-6518
185,ARLO,2020-08-05,0 days 15:58:48.763151,35732,4.98,4.97,2742,1290,-1545,841
186,ARLO,2020-08-05,0 days 15:58:49.765675,33177,4.98,4.97,2842,1190,2455,-1545
187,ARLO,2020-08-05,0 days 15:58:59.790599,35732,4.98,4.97,4642,1206,-2505,555
188,ARMK,2020-08-05,0 days 15:55:20.217896,108625,21.3,21.29,563,3000,173,-727
189,ARMK,2020-08-05,0 days 15:55:21.220215,107498,21.3,21.29,972,1900,-1127,173
190,ARMK,2020-08-05,0 days 15:58:41.704358,133287,21.35,21.34,700,3465,-186,5314
191,ARMK,2020-08-05,0 days 15:58:47.718885,133473,21.35,21.34,600,3477,5781,-786
192,ARMK,2020-08-05,0 days 15:58:48.721197,132254,21.36,21.34,1773,2631,-1219,5781
193,ARMK,2020-08-05,0 days 15:58:55.737596,133473,21.35,21.34,596,2027,93,-219
194,ARMK,2020-08-05,0 days 15:58:56.740289,132966,21.35,21.34,900,2232,-507,93
195,ARMK,2020-08-05,0 days 15:58:58.745867,133473,21.35,21.34,2109,1891,320,-207
196,ARMK,2020-08-05,0 days 15:59:12.780261,135283,21.35,21.34,301,2536,-293,262
197,ARMK,2020-08-05,0 days 15:59:16.789684,133499,21.35,21.34,361,2149,1289,-288
198,ARMK,2020-08-05,0 days 15:59:21.801936,139577,21.37,21.36,100,2083,-708,1599
199,ARMK,2020-08-05,0 days 15:59:26.813466,140285,21.37,21.36,3205,2877,2992,-608
200,ARMK,2020-08-05,0 days 15:59:27.816206,141240,21.37,21.36,1305,3193,-445,2992
201,ARMK,2020-08-05,0 days 15:59:45.860825,150426,21.36,21.35,1282,2886,2196,-804
202,ARMK,2020-08-05,0 days 15:59:46.862898,150222,21.36,21.35,482,3621,-859,2196
203,ARMK,2020-08-05,0 days 15:59:54.883990,151081,21.35,21.33,1200,1372,5978,-422
204,ATI,2020-08-05,0 days 15:59:35.857347,137910,9.2,9.19,1738,9761,-365,3725
205,ATI,2020-08-05,0 days 15:59:37.863314,135767,9.2,9.19,2413,8816,2143,-365
206,ATI,2020-08-05,0 days 15:59:40.869258,137910,9.2,9.19,1613,9532,-1357,2143
207,ATI,2020-08-05,0 days 15:59:46.883787,136367,9.2,9.19,6118,5386,3826,-10457
208,ATUS,2020-08-05,0 days 15:55:02.196397,294672,28.07,28.06,4786,7213,-3793,2707
209,ATUS,2020-08-05,0 days 15:55:03.199272,292665,28.07,28.06,3786,7413,2007,-3793
210,ATUS,2020-08-05,0 days 15:55:45.301788,295681,28.06,28.05,3180,6965,-1477,2323
211,ATUS,2020-08-05,0 days 15:55:46.303931,293858,28.06,28.05,4185,6796,1823,-1477
212,ATUS,2020-08-05,0 days 15:57:34.562546,299425,28.06,28.05,8771,13000,-1097,1403
213,ATUS,2020-08-05,0 days 15:57:36.567366,297322,28.06,28.05,7480,13419,2103,-1697
214,ATUS,2020-08-05,0 days 15:57:54.611207,299425,28.06,28.05,13341,9402,-597,803
215,ATUS,2020-08-05,0 days 15:57:55.613636,298622,28.06,28.05,13468,11302,803,-597
216,ATUS,2020-08-05,0 days 15:58:02.631015,291206,28.06,28.05,13659,11753,-1516,803
217,ATUS,2020-08-05,0 days 15:59:11.798995,314963,28.01,28.0,4373,16007,299,-1501
218,AU,2020-08-05,0 days 15:58:01.556360,40255,32.84,32.83,2606,1233,882,-218
219,AU,2020-08-05,0 days 15:58:35.644500,38518,32.81,32.8,331,3600,-37,163
220,AU,2020-08-05,0 days 15:58:36.641828,38355,32.81,32.8,1131,2908,163,-37
221,AU,2020-08-05,0 days 15:59:07.717783,44456,32.82,32.81,8032,523,-4158,3363
222,AU,2020-08-05,0 days 15:59:16.739145,41314,32.82,32.81,10092,2325,228,-2872
223,AU,2020-08-05,0 days 15:59:35.781847,41542,32.81,32.8,3049,1131,-3711,14
224,AVTR,2020-08-05,0 days 15:55:01.054311,292131,22.4,22.39,2782,2003,-828,1458
225,AVTR,2020-08-05,0 days 15:55:02.055770,291459,22.4,22.39,2876,1743,672,-828
226,AVTR,2020-08-05,0 days 15:56:15.232112,293562,22.43,22.42,3930,4282,-301,1239
227,AVTR,2020-08-05,0 days 15:56:16.233679,292963,22.43,22.42,4130,4182,599,-301
228,AVTR,2020-08-05,0 days 15:56:17.237176,293562,22.43,22.42,4147,4082,-1600,599
229,AVTR,2020-08-05,0 days 15:56:18.239085,293162,22.43,22.42,4147,4082,400,-1600
230,AVTR,2020-08-05,0 days 15:57:52.466091,303362,22.42,22.41,2947,1079,-816,883
231,AVTR,2020-08-05,0 days 15:57:53.468316,302078,22.42,22.41,2615,2247,784,-816
232,AVTR,2020-08-05,0 days 15:57:58.479791,303562,22.42,22.41,2615,1386,-716,784
233,AVTR,2020-08-05,0 days 15:57:59.482749,302278,22.42,22.41,2915,1596,584,-716
234,AVTR,2020-08-05,0 days 15:58:06.499692,303260,22.42,22.41,2772,4396,-1243,357
235,AVTR,2020-08-05,0 days 15:58:07.503026,302003,22.42,22.41,2815,10076,557,-1243
236,AVTR,2020-08-05,0 days 15:58:13.516972,303260,22.42,22.41,2415,12095,-743,557
237,AXL,2020-08-05,0 days 15:59:04.761386,90454,6.95,6.94,7575,21859,-6295,2932
238,AXL,2020-08-05,0 days 15:59:34.834017,96144,6.95,6.94,8809,27440,-455,11386
239,AXL,2020-08-05,0 days 15:59:38.843375,96599,6.95,6.94,13890,19468,8245,-455
240,AXL,2020-08-05,0 days 15:59:39.845731,100744,6.95,6.94,11965,25538,-518,8245
241,AXP,2020-08-05,0 days 15:55:00.223977,286921,95.26,95.25,1158,394,-14958,62367
242,AXP,2020-08-05,0 days 15:55:01.226944,282179,95.25,95.23,1125,367,4742,-14958
243,AXP,2020-08-05,0 days 15:58:23.717796,288211,95.57,95.56,719,800,-196,1764
244,AXP,2020-08-05,0 days 15:58:35.747310,288211,95.57,95.56,300,600,-196,404
245,AXP,2020-08-05,0 days 15:58:45.770344,291325,95.57,95.56,210,605,86,-14
246,AXP,2020-08-05,0 days 15:59:00.808185,292700,95.56,95.54,1328,500,807,-93
247,AXP,2020-08-05,0 days 15:59:06.822910,293688,95.55,95.54,476,994,-13907,787
248,AXP,2020-08-05,0 days 15:59:07.824359,307051,95.55,95.54,1351,300,13537,-13907
249,AXP,2020-08-05,0 days 15:59:16.839850,309533,95.49,95.48,1807,300,4445,-5777
250,AXP,2020-08-05,0 days 15:59:21.852208,307878,95.5,95.49,409,100,-8630,80
251,AXP,2020-08-05,0 days 15:59:38.893960,309478,95.47,95.44,2600,100,28400,-1638
252,AXP,2020-08-05,0 days 15:59:40.899263,310078,95.47,95.45,1807,210,-239,600
253,AXP,2020-08-05,0 days 15:59:42.903742,309206,95.47,95.45,2209,464,1499,-139
254,AXP,2020-08-05,0 days 15:59:45.910933,311427,95.47,95.46,909,200,-77,1673
255,AXP,2020-08-05,0 days 15:59:46.913014,302896,95.46,95.45,709,1300,1831,-77
256,AZN,2020-08-05,0 days 15:56:36.445451,51150,55.94,55.93,3088,1577,-1032,1468
257,AZN,2020-08-05,0 days 15:56:37.448172,49382,55.94,55.93,3500,1177,1768,-1032
258,AZN,2020-08-05,0 days 15:58:20.694964,48650,55.97,55.96,1917,5737,-1090,1410
259,AZN,2020-08-05,0 days 15:58:21.697363,47140,55.97,55.96,3023,5337,1510,-1090
260,AZN,2020-08-05,0 days 15:58:58.787554,48650,55.97,55.96,4566,2372,-256,16
261,AZN,2020-08-05,0 days 15:58:59.790626,45882,55.96,55.95,2337,3322,2768,-256
262,AZN,2020-08-05,0 days 15:59:17.833496,70660,55.97,55.96,1541,3258,-1019,737
263,AZN,2020-08-05,0 days 15:59:18.835675,69179,55.97,55.96,1841,4058,1481,-1019
264,AZN,2020-08-05,0 days 15:59:29.862386,70660,55.97,55.96,2243,2701,-353,147
265,AZN,2020-08-05,0 days 15:59:46.897845,70798,55.98,55.97,3825,1078,372,-6938
266,AZN,2020-08-05,0 days 15:59:48.902253,71170,55.98,55.97,2725,2478,-2766,34
267,BA,2020-08-05,0 days 15:55:44.299350,395121,174.13,174.12,200,227,-2307,238
268,BA,2020-08-05,0 days 15:56:22.390763,399148,174.12,174.1,500,1399,2768,-232
269,BA,2020-08-05,0 days 15:56:23.393306,398716,174.13,174.1,1272,1188,-432,2768
270,BA,2020-08-05,0 days 15:57:33.560484,399614,174.17,174.13,770,935,2505,-494
271,BA,2020-08-05,0 days 15:57:42.582115,403820,174.13,174.11,300,402,-1339,1806
272,BA,2020-08-05,0 days 15:57:43.584503,403614,174.13,174.11,500,190,206,-1339
273,BA,2020-08-05,0 days 15:57:47.594164,402014,174.13,174.1,517,205,106,-1194
274,BA,2020-08-05,0 days 15:57:52.606355,401414,174.15,174.12,1370,510,3606,-2794
275,BA,2020-08-05,0 days 15:57:56.616090,404120,174.11,174.07,1388,610,-3139,4006
276,BA,2020-08-05,0 days 15:57:57.618721,403859,174.07,174.05,718,174,261,-3139
277,BA,2020-08-05,0 days 15:58:09.648137,402445,174.18,174.14,1933,709,-1257,443
278,BA,2020-08-05,0 days 15:58:10.651047,402102,174.18,174.14,2056,683,343,-1257
279,BA,2020-08-05,0 days 15:58:13.658199,402445,174.17,174.14,786,890,-3874,326
280,BA,2020-08-05,0 days 15:58:14.660439,402119,174.17,174.14,721,1090,7547,-3874
281,BA,2020-08-05,0 days 15:58:35.711820,408365,174.2,174.17,971,300,-330,2671
282,BA,2020-08-05,0 days 15:58:36.713635,408095,174.2,174.17,1144,400,270,-330
283,BA,2020-08-05,0 days 15:58:44.733361,408365,174.21,174.2,200,461,-566,270
284,BA,2020-08-05,0 days 15:58:45.735414,406631,174.23,174.2,898,559,1734,-566
285,BABA,2020-08-05,0 days 15:59:46.844645,792552,265.06,265.04,500,400,18361,-5
286,BABA,2020-08-05,0 days 15:59:47.847240,791913,265.06,265.02,400,1100,-639,18361
287,BAM,2020-08-05,0 days 15:56:17.356072,23507,32.52,32.51,3412,5185,-9,1043
288,BAM,2020-08-05,0 days 15:56:18.357779,22616,32.52,32.51,3413,5260,891,-9
289,BAM,2020-08-05,0 days 15:59:45.861293,24272,32.51,32.5,4790,4860,-1914,291
290,BAM,2020-08-05,0 days 15:59:46.863303,23986,32.51,32.5,6591,1860,286,-1914
291,BAX,2020-08-05,0 days 15:55:01.056649,257166,80.5,80.49,832,2923,-79449,111332
292,BAX,2020-08-05,0 days 15:55:02.056238,254915,80.48,80.47,1732,2301,2251,-79449
293,BAX,2020-08-05,0 days 15:55:19.099078,243945,80.51,80.5,2841,4506,721,-11279
294,BAX,2020-08-05,0 days 15:55:32.131421,247745,80.52,80.51,2705,1131,1121,-2179
295,BAX,2020-08-05,0 days 15:56:46.308919,276025,80.58,80.57,200,701,-16242,2458
296,BAX,2020-08-05,0 days 15:57:34.425753,287767,80.55,80.54,3699,1300,4409,-691
297,BAX,2020-08-05,0 days 15:57:35.427717,287476,80.57,80.56,713,600,-191,4409
298,BAX,2020-08-05,0 days 15:57:49.461706,291019,80.55,80.54,2800,1000,-837,1692
299,BAX,2020-08-05,0 days 15:57:50.465125,290756,80.55,80.54,8465,802,298,-837
300,BAX,2020-08-05,0 days 15:57:57.482141,294000,80.55,80.54,10721,1402,-1556,644
301,BAX,2020-08-05,0 days 15:57:58.483468,293456,80.55,80.54,11721,1802,544,-1556
302,BAX,2020-08-05,0 days 15:58:06.505133,295313,80.55,80.54,6530,2937,-243,457
303,BAX,2020-08-05,0 days 15:58:13.522286,294748,80.55,80.54,2022,6304,-1708,592
304,BAX,2020-08-05,0 days 15:58:14.523701,294156,80.55,80.54,3422,6174,592,-1708
305,BAX,2020-08-05,0 days 15:58:15.526571,294748,80.55,80.54,2917,6305,-1985,592
306,BAX,2020-08-05,0 days 15:58:16.528683,294433,80.55,80.54,2902,6005,315,-1985
307,BAX,2020-08-05,0 days 15:59:07.652465,294957,80.51,80.5,4785,1926,1562,-9938
308,BAX,2020-08-05,0 days 15:59:16.674375,296319,80.52,80.51,3615,3749,-63,37
309,BAX,2020-08-05,0 days 15:59:18.678478,330938,80.49,80.47,900,958,10281,-1443
310,BAX,2020-08-05,0 days 15:59:19.680586,329971,80.49,80.47,1602,558,-867,10281
311,BAX,2020-08-05,0 days 15:59:33.714737,338926,80.47,80.46,300,1797,7014,-283
312,BAX,2020-08-05,0 days 15:59:34.716623,329540,80.47,80.46,509,2349,-9286,7014
313,BB,2020-08-05,0 days 15:58:59.629367,22617,4.86,4.85,133337,127642,-5741,888
314,BB,2020-08-05,0 days 15:59:36.719223,29258,4.85,4.84,198344,107550,5662,-6838
315,BB,2020-08-05,0 days 15:59:43.736125,28920,4.85,4.84,198720,112167,-338,662
316,BBAR,2020-08-05,0 days 15:55:00.169091,4489,4.28,4.27,2600,1757,-776,1743
317,BBAR,2020-08-05,0 days 15:55:01.170874,3965,4.28,4.27,2600,1757,524,-776
318,BBAR,2020-08-05,0 days 15:55:50.290859,5299,4.28,4.27,1900,5845,-66,524
319,BBAR,2020-08-05,0 days 15:55:51.292909,5065,4.28,4.27,2000,5845,234,-66
320,BBAR,2020-08-05,0 days 15:59:45.861098,5583,4.29,4.28,5314,8365,-167,132
321,BBAR,2020-08-05,0 days 15:59:46.863119,5550,4.29,4.28,5314,8365,33,-167
322,BBD,2020-08-05,0 days 15:58:56.681407,742646,4.08,4.07,182373,824443,-121358,69242
323,BBD,2020-08-05,0 days 15:58:57.684112,615704,4.08,4.07,183873,837443,117542,-121358
324,BBD,2020-08-05,0 days 15:59:20.741102,778604,4.08,4.07,112785,902222,-10717,32591
325,BBD,2020-08-05,0 days 15:59:21.744145,723021,4.08,4.07,95880,907422,46183,-10717
326,BBD,2020-08-05,0 days 15:59:35.778162,769204,4.09,4.08,771182,671227,-1682,18318
327,BBD,2020-08-05,0 days 15:59:46.804115,761086,4.09,4.08,768872,673543,25498,-85082
328,BBVA,2020-08-05,0 days 15:59:36.719341,32532,3.14,3.13,469258,68472,-4268,6032
329,BE,2020-08-05,0 days 15:55:00.153646,61503,13.97,13.96,704,3621,370,-3725
330,BE,2020-08-05,0 days 15:55:35.239344,63964,13.98,13.97,900,4554,-1039,761
331,BE,2020-08-05,0 days 15:55:36.241707,63503,13.98,13.97,900,4454,461,-1039
332,BE,2020-08-05,0 days 15:57:12.473338,64087,13.98,13.97,424,3695,-143,119
333,BE,2020-08-05,0 days 15:58:02.594042,63647,13.99,13.98,3286,5272,440,-143
334,BE,2020-08-05,0 days 15:59:19.779874,73180,14.01,14.0,2286,4220,189,-511
335,BE,2020-08-05,0 days 15:59:39.828087,76209,14.01,14.0,8971,9641,-1598,229
336,BEN,2020-08-05,0 days 15:55:00.191473,150350,22.2,22.19,2025,4445,40632,-47376
337,BEN,2020-08-05,0 days 15:57:55.613707,192271,22.23,22.22,2536,8746,-720,2180
338,BEN,2020-08-05,0 days 15:58:01.628337,192049,22.23,22.22,1936,8550,-1042,1780
339,BEN,2020-08-05,0 days 15:58:08.646715,192049,22.23,22.22,2204,14959,-2042,1558
340,BEN,2020-08-05,0 days 15:58:19.672399,192249,22.23,22.22,1013,14994,-1942,1758
341,BEN,2020-08-05,0 days 15:58:26.689979,192249,22.23,22.22,1320,15186,-2142,1758
342,BEN,2020-08-05,0 days 15:58:27.692054,190491,22.23,22.22,1620,14486,1758,-2142
343,BEN,2020-08-05,0 days 15:58:37.716211,186958,22.24,22.23,5543,3267,-2033,1658
344,BEN,2020-08-05,0 days 15:58:49.745665,190491,22.23,22.22,3512,6006,1654,-1647
345,BEN,2020-08-05,0 days 15:58:50.747572,192145,22.24,22.23,3793,3808,-846,1654
346,BHC,2020-08-05,0 days 15:58:59.732408,66425,19.44,19.43,8974,5940,-6577,6289
347,BHC,2020-08-05,0 days 15:59:00.735747,63302,19.44,19.43,8743,6137,3967,-6577
348,BHC,2020-08-05,0 days 15:59:27.798757,70784,19.45,19.44,11091,6293,-574,2597
349,BHC,2020-08-05,0 days 15:59:31.808743,65358,19.45,19.44,14835,3243,2198,-574
350,BHC,2020-08-05,0 days 15:59:45.843209,70461,19.45,19.44,13369,4986,-1997,1703
351,BHC,2020-08-05,0 days 15:59:46.845085,68858,19.45,19.44,13049,5686,1603,-1997
352,BILL,2020-08-05,0 days 15:55:00.153598,13087,100.91,100.83,200,210,-9983,9640
353,BILL,2020-08-05,0 days 15:57:43.546661,23070,101.0,100.99,625,181,58,-42
354,BILL,2020-08-05,0 days 15:57:44.549192,22428,101.0,100.98,1900,311,-642,58
355,BILL,2020-08-05,0 days 15:58:47.702234,24034,101.0,100.99,1315,100,19,-551
356,BILL,2020-08-05,0 days 15:58:58.728993,24053,101.1,101.0,200,1231,-9499,19
357,BILL,2020-08-05,0 days 15:58:59.732221,33552,101.1,101.0,200,1231,12201,-9499
358,BILL,2020-08-05,0 days 15:59:00.735531,31653,101.2,101.07,100,648,-3843,12201
359,BILL,2020-08-05,0 days 15:59:10.758931,34201,101.14,101.02,1459,200,2235,-886
360,BILL,2020-08-05,0 days 15:59:11.761235,32936,101.14,101.02,1370,200,-1265,2235
361,BJ,2020-08-05,0 days 15:56:57.495702,91418,42.39,42.37,648,1131,-5,284
362,BJ,2020-08-05,0 days 15:57:10.528181,89776,42.39,42.37,910,977,1642,-58
363,BJ,2020-08-05,0 days 15:58:39.741115,88425,42.46,42.45,631,374,-2029,893
364,BJ,2020-08-05,0 days 15:58:40.743822,85254,42.46,42.45,222,500,3171,-2029
365,BJ,2020-08-05,0 days 15:59:04.803182,89569,42.44,42.43,207,700,-2067,493
366,BJ,2020-08-05,0 days 15:59:16.831011,90388,42.41,42.4,661,200,-3192,3998
367,BJ,2020-08-05,0 days 15:59:17.833518,89880,42.42,42.4,200,731,508,-3192
368,BJ,2020-08-05,0 days 15:59:32.863131,91180,42.45,42.44,450,500,-300,100
369,BJ,2020-08-05,0 days 15:59:46.897873,92493,42.45,42.43,400,1000,545,-2309
370,BK,2020-08-05,0 days 15:59:46.844850,537313,36.33,36.32,12847,2147,13934,-22497
371,BKR,2020-08-05,0 days 15:55:41.325000,256228,16.75,16.74,11271,10866,-2096,1180
372,BKR,2020-08-05,0 days 15:55:42.327736,247824,16.75,16.74,11071,10954,8404,-2096
373,BKR,2020-08-05,0 days 15:55:43.330013,256228,16.75,16.74,11171,10854,-4396,8404
374,BKR,2020-08-05,0 days 15:55:44.332703,249024,16.75,16.74,13071,7154,7204,-4396
375,BKR,2020-08-05,0 days 15:57:09.536364,258037,16.78,16.77,7002,13170,-1286,5918
376,BKR,2020-08-05,0 days 15:57:10.538518,251623,16.78,16.77,7702,12770,6414,-1286
377,BKR,2020-08-05,0 days 15:57:39.608966,258037,16.8,16.79,7973,6344,-986,514
378,BKR,2020-08-05,0 days 15:57:40.611796,256923,16.8,16.79,9573,5446,1114,-986
379,BKR,2020-08-05,0 days 15:57:41.614351,258037,16.8,16.79,9689,6381,-386,1114
380,BKR,2020-08-05,0 days 15:57:43.619311,254623,16.8,16.79,12331,4856,3414,-1986
381,BKR,2020-08-05,0 days 15:57:48.631628,258037,16.8,16.79,11999,3079,-586,614
382,BKR,2020-08-05,0 days 15:57:49.633339,254223,16.8,16.79,13025,2979,3814,-586
383,BKR,2020-08-05,0 days 15:59:05.820322,258794,16.76,16.75,12143,2463,-1731,3711
384,BKR,2020-08-05,0 days 15:59:34.884883,263111,16.76,16.75,15678,7622,-18793,1250
385,BMY,2020-08-05,0 days 15:57:02.484108,992118,59.72,59.71,7212,4921,37473,-6929
386,BMY,2020-08-05,0 days 15:57:03.486700,990191,59.73,59.72,1213,4654,-1927,37473
387,BMY,2020-08-05,0 days 15:57:24.537963,994291,59.72,59.71,2073,4181,-3027,15173
388,BMY,2020-08-05,0 days 15:57:34.562661,997318,59.71,59.7,3277,3978,12073,-2727
389,BMY,2020-08-05,0 days 15:57:35.565147,995791,59.71,59.7,4092,3111,-1527,12073
390,BMY,2020-08-05,0 days 15:57:37.569719,997318,59.71,59.7,4034,1351,8373,-1527
391,BMY,2020-08-05,0 days 15:58:45.735361,987016,59.77,59.76,2200,1275,-16004,8396
392,BMY,2020-08-05,0 days 15:59:01.774982,1001168,59.73,59.72,3822,304,-181,4768
393,BMY,2020-08-05,0 days 15:59:02.777244,1002591,59.72,59.71,1583,3753,168,-181
394,BMY,2020-08-05,0 days 15:59:04.782659,1002618,59.72,59.71,6113,481,-123,18
395,BMY,2020-08-05,0 days 15:59:06.787299,1002741,59.72,59.71,5034,4207,17,-83
396,BMY,2020-08-05,0 days 15:59:09.794756,1002658,59.72,59.71,6180,1927,-83,1117
397,BMY,2020-08-05,0 days 15:59:11.799095,1002741,59.72,59.71,4464,4491,1507,-83
398,BMY,2020-08-05,0 days 15:59:13.803831,1005448,59.72,59.71,2433,4792,-93,207
399,BMY,2020-08-05,0 days 15:59:15.808860,1005541,59.72,59.71,3290,4798,3650,-93
400,BMY,2020-08-05,0 days 15:59:17.812808,1008049,59.75,59.74,1032,2700,-22212,850
401,BMY,2020-08-05,0 days 15:59:28.839370,1017314,59.74,59.73,1924,5047,-413,987
402,BRK.B,2020-08-05,0 days 15:59:12.661530,420011,203.78,203.73,200,429,8027,-62501
403,BRK.B,2020-08-05,0 days 15:59:13.663585,418338,203.76,203.73,300,300,-126,8027
404,BRK.B,2020-08-05,0 days 15:59:26.694586,417355,203.75,203.71,300,200,-1209,5591
405,BRK.B,2020-08-05,0 days 15:59:46.744917,417130,203.75,203.72,598,457,-1434,39
406,BRK.B,2020-08-05,0 days 15:59:47.745518,420211,203.74,203.71,491,200,419,-1434
407,BRX,2020-08-05,0 days 15:55:14.226400,214719,11.62,11.61,3417,8829,-1012,2460
408,BRX,2020-08-05,0 days 15:55:15.228828,212531,11.62,11.61,2619,9429,2188,-1012
409,BRX,2020-08-05,0 days 15:57:22.532930,217097,11.64,11.63,7190,6261,2264,-436
410,BRX,2020-08-05,0 days 15:59:57.910449,214149,11.64,11.63,13999,1301,9000,-800
411,BSX,2020-08-05,0 days 15:55:40.147081,650078,37.74,37.73,12020,7926,-19955,16657
412,BSX,2020-08-05,0 days 15:55:41.149278,637033,37.74,37.73,8976,8026,13045,-19955
413,BSX,2020-08-05,0 days 15:58:00.484730,666096,37.79,37.78,10145,10699,-210,3060
414,BSX,2020-08-05,0 days 15:58:02.489443,638306,37.79,37.78,10869,9727,27790,-210
415,BSX,2020-08-05,0 days 15:59:06.645573,668564,37.8,37.79,11760,6548,-42688,6505
416,BSX,2020-08-05,0 days 15:59:07.648210,666652,37.79,37.78,5065,7710,4453,-42688
417,BSX,2020-08-05,0 days 15:59:10.655036,671835,37.78,37.77,13916,19246,-2092,3744
418,BSX,2020-08-05,0 days 15:59:12.659941,670648,37.78,37.77,13977,19638,1187,-2092
419,BSX,2020-08-05,0 days 15:59:16.669740,671846,37.79,37.78,10230,8886,-5684,50391
420,BSX,2020-08-05,0 days 15:59:17.672194,667730,37.79,37.78,7130,15607,4001,-5684
421,BSX,2020-08-05,0 days 15:59:23.685942,678246,37.79,37.78,11457,12282,-2284,2085
422,BSX,2020-08-05,0 days 15:59:24.688889,674530,37.79,37.78,11457,9417,3716,-2284
423,BSX,2020-08-05,0 days 15:59:33.710942,678246,37.79,37.78,12097,18568,-4212,3716
424,BSX,2020-08-05,0 days 15:59:46.743205,688365,37.76,37.75,19555,2895,9787,-12053
425,BSX,2020-08-05,0 days 15:59:47.743860,703617,37.76,37.75,19155,2952,-2348,9787
426,BTI,2020-08-05,0 days 15:56:38.405753,56902,33.6,33.59,4867,2328,15773,-2631
427,BTI,2020-08-05,0 days 15:59:21.802112,59860,33.59,33.58,2570,13143,15259,-3145
428,BWA,2020-08-05,0 days 15:55:00.153491,168873,38.62,38.61,300,2363,50,-41618
429,BWA,2020-08-05,0 days 15:55:44.260631,172913,38.63,38.62,300,1462,-709,444
430,BWA,2020-08-05,0 days 15:55:45.263314,170580,38.62,38.61,1825,1561,2333,-709
431,BWA,2020-08-05,0 days 15:57:39.536950,176737,38.71,38.7,2259,4161,-415,185
432,BWA,2020-08-05,0 days 15:58:40.686036,182137,38.71,38.7,5002,4823,1392,-108
433,BWA,2020-08-05,0 days 15:58:41.688038,180329,38.71,38.7,4463,5279,-108,1392
434,BWA,2020-08-05,0 days 15:58:45.697826,182137,38.71,38.7,4402,5032,739,-8
435,BWA,2020-08-05,0 days 15:59:20.781524,186715,38.76,38.75,600,2805,-38,417
436,BX,2020-08-05,0 days 15:56:04.206319,176367,52.9,52.89,4000,200,4768,-3432
437,BX,2020-08-05,0 days 15:56:05.208582,173903,52.91,52.9,2661,800,-2464,4768
438,BX,2020-08-05,0 days 15:56:50.316756,177667,52.95,52.94,186,500,19837,-4663
439,BX,2020-08-05,0 days 15:56:51.319617,175504,52.96,52.95,100,1200,-2163,19837
440,BX,2020-08-05,0 days 15:57:34.422997,177989,53.03,53.02,1000,1273,5629,-2571
441,BX,2020-08-05,0 days 15:57:35.425163,176218,53.03,53.02,900,2114,-1771,5629
442,BX,2020-08-05,0 days 15:58:08.505425,178087,52.98,52.96,3579,1700,1243,-1369
443,BX,2020-08-05,0 days 15:58:09.508189,176730,52.98,52.97,7110,200,-1357,1243
444,BX,2020-08-05,0 days 15:58:34.568796,178318,52.99,52.98,1300,6551,1174,-26
445,BX,2020-08-05,0 days 15:58:35.572853,177992,52.99,52.98,500,5744,-326,1174
446,BX,2020-08-05,0 days 15:58:36.574059,177596,53.0,52.99,1100,500,396,-326
447,BX,2020-08-05,0 days 15:58:59.629573,172797,53.04,53.03,800,600,-1011,276
448,BX,2020-08-05,0 days 15:59:01.634603,174572,53.04,53.03,2036,1436,325,-1911
449,C,2020-08-05,0 days 15:56:07.375071,852353,51.14,51.13,4521,9042,-1576,30603
450,C,2020-08-05,0 days 15:57:34.583020,864022,51.15,51.14,4629,5359,4799,-8537
451,C,2020-08-05,0 days 15:57:37.590164,882585,51.15,51.14,8972,5733,-13832,5863
452,C,2020-08-05,0 days 15:58:40.743726,907400,51.18,51.17,9457,4360,775,-6428
453,C,2020-08-05,0 days 15:59:10.817596,1058873,51.18,51.17,3389,7247,-91868,93051
454,CADE,2020-08-05,0 days 15:55:00.224089,111207,8.31,8.3,2300,3657,16276,-26021
455,CADE,2020-08-05,0 days 15:57:51.638947,130310,8.32,8.31,3310,9289,1004,-1696
456,CADE,2020-08-05,0 days 15:58:09.683542,131314,8.32,8.31,831,29536,-437,704
457,CADE,2020-08-05,0 days 15:58:10.686426,130936,8.32,8.31,631,28655,378,-437
458,CADE,2020-08-05,0 days 15:58:25.721898,131314,8.33,8.32,9736,12436,-801,1399
459,CADE,2020-08-05,0 days 15:59:07.824419,134531,8.33,8.32,15606,9564,-3875,625
460,CADE,2020-08-05,0 days 15:59:08.827134,134406,8.33,8.32,16806,8564,125,-3875
461,CAG,2020-08-05,0 days 15:59:02.739591,121956,37.61,37.6,1371,5332,-1024,1218
462,CAG,2020-08-05,0 days 15:59:03.742160,117380,37.61,37.6,1171,4732,4625,-1024
463,CAG,2020-08-05,0 days 15:59:05.746990,122742,37.62,37.61,100,6109,-1956,2562
464,CAG,2020-08-05,0 days 15:59:31.808598,123699,37.6,37.59,4826,6417,1028,-3467
465,CAG,2020-08-05,0 days 15:59:38.825218,124727,37.6,37.59,3523,9649,-4242,778
466,CARR,2020-08-05,0 days 15:57:02.345695,583283,28.11,28.1,3028,4525,-11720,115046
467,CARR,2020-08-05,0 days 15:57:03.348106,578303,28.1,28.09,600,1200,4980,-11720
468,CARR,2020-08-05,0 days 15:58:01.488883,563345,28.13,28.12,1598,1202,-3403,2891
469,CARR,2020-08-05,0 days 15:58:05.498259,568648,28.13,28.12,1806,802,1672,-3403
470,CARR,2020-08-05,0 days 15:58:31.562283,569848,28.15,28.14,1600,7139,472,-5528
471,CARR,2020-08-05,0 days 15:58:59.629535,570320,28.14,28.13,899,2285,-41314,186
472,CAT,2020-08-05,0 days 15:55:35.136777,151702,134.75,134.73,300,666,-40,60
473,CAT,2020-08-05,0 days 15:55:36.138881,150842,134.75,134.74,477,200,860,-40
474,CAT,2020-08-05,0 days 15:57:34.422940,195389,134.98,134.96,400,304,-1399,1401
475,CAT,2020-08-05,0 days 15:57:35.425136,191062,134.98,134.96,323,714,4327,-1399
476,CAT,2020-08-05,0 days 15:57:39.435084,195389,134.98,134.97,300,909,-23,2377
477,CAT,2020-08-05,0 days 15:57:42.442666,192438,134.97,134.95,615,741,3232,-368
478,CAT,2020-08-05,0 days 15:59:00.633052,191969,134.98,134.94,1100,400,-3748,511
479,CAT,2020-08-05,0 days 15:59:01.634550,189317,134.99,134.97,300,457,2869,-3748
480,CAT,2020-08-05,0 days 15:59:10.656824,193477,135.04,135.02,200,419,-7710,759
481,CAT,2020-08-05,0 days 15:59:26.694809,194069,135.0,134.98,398,100,-1114,1014
482,CAT,2020-08-05,0 days 15:59:27.697006,192883,134.98,134.93,300,300,1186,-1114
483,CAT,2020-08-05,0 days 15:59:34.715108,194069,135.05,135.03,804,100,-1320,529
484,CAT,2020-08-05,0 days 15:59:35.718797,190389,135.02,134.99,405,999,3680,-1320
485,CAT,2020-08-05,0 days 15:59:39.727204,194069,135.05,135.03,1304,294,-9202,9904
486,CAT,2020-08-05,0 days 15:59:43.736244,181215,135.0,134.99,516,300,12854,-952
487,CAT,2020-08-05,0 days 15:59:45.741857,194069,135.03,135.02,103,100,-11792,354
488,CAT,2020-08-05,0 days 15:59:46.745283,194161,135.02,134.97,300,900,381,-11792
489,CBRE,2020-08-05,0 days 15:55:00.154322,305853,42.71,42.7,200,1149,-932,43441
490,CBRE,2020-08-05,0 days 15:57:05.456904,322765,42.75,42.74,959,1559,13439,-779
491,CBRE,2020-08-05,0 days 15:57:15.480813,398776,42.75,42.73,1118,1014,-848,1772
492,CBRE,2020-08-05,0 days 15:57:16.483012,392824,42.74,42.73,307,608,9420,-848
493,CBRE,2020-08-05,0 days 15:57:46.554263,391387,42.79,42.78,121,1584,5867,-9033
494,CBRE,2020-08-05,0 days 15:58:46.699897,386404,42.83,42.82,1105,700,5826,-6674
495,CBRE,2020-08-05,0 days 15:59:21.784130,434345,42.83,42.82,101,1030,-9674,1585
496,CBRE,2020-08-05,0 days 15:59:22.786321,426761,42.84,42.83,1110,1430,7584,-9674
497,CBRE,2020-08-05,0 days 15:59:46.844998,438962,42.86,42.85,300,1106,1133,-8457
498,CCI,2020-08-05,0 days 15:55:14.246363,110380,164.73,164.7,403,225,392,-593
499,CCI,2020-08-05,0 days 15:55:15.248866,107872,164.73,164.7,203,625,-2508,392
500,CCI,2020-08-05,0 days 15:59:07.810176,112447,164.81,164.78,895,305,1390,-2026
501,CCI,2020-08-05,0 days 15:59:08.812764,110937,164.82,164.79,525,500,-2110,1390
502,CCI,2020-08-05,0 days 15:59:44.892753,113655,164.72,164.67,725,430,76,-319
503,CCI,2020-08-05,0 days 15:59:48.902182,112587,164.69,164.66,820,100,-1068,232
504,CCJ,2020-08-05,0 days 15:56:40.351908,55723,10.41,10.4,30018,7455,-4230,6569
505,CCJ,2020-08-05,0 days 15:56:41.353961,54853,10.41,10.4,30018,7363,870,-4230
506,CCJ,2020-08-05,0 days 15:59:01.694081,55719,10.41,10.4,6216,18671,-1381,1985
507,CCL,2020-08-05,0 days 15:59:15.672868,370689,14.04,14.03,13323,22953,-13117,5312
508,CCL,2020-08-05,0 days 15:59:35.718071,360546,14.04,14.03,19531,15896,-23289,6311
509,CCL,2020-08-05,0 days 15:59:46.744362,381985,14.03,14.02,25070,10302,-5959,32450
510,CCL,2020-08-05,0 days 15:59:48.750645,387944,14.03,14.02,13647,22902,1341,-2835
511,CCL,2020-08-05,0 days 15:59:50.755503,363965,14.03,14.02,7590,21936,-23979,1281
512,CDE,2020-08-05,0 days 15:55:00.117850,155425,8.93,8.92,13477,12282,4286,-45410
513,CDE,2020-08-05,0 days 15:58:53.683144,155759,8.93,8.92,32159,12588,7465,-2435
514,CF,2020-08-05,0 days 15:59:10.660852,374401,32.95,32.94,1420,567,15446,-4797
515,CF,2020-08-05,0 days 15:59:11.661620,366747,32.97,32.96,1100,127,-7654,15446
516,CF,2020-08-05,0 days 15:59:31.708082,385330,32.96,32.95,916,4439,14245,-8480
517,CF,2020-08-05,0 days 15:59:32.710785,360375,33.0,32.97,700,2431,-24955,14245
518,CF,2020-08-05,0 days 15:59:48.750425,393880,33.03,33.0,1588,2978,761,-2339
519,CF,2020-08-05,0 days 15:59:49.750285,388141,33.03,33.0,1588,2990,-12639,761
520,CFG,2020-08-05,0 days 15:55:00.063400,570427,24.87,24.86,4512,4822,2612,-31378
521,CFG,2020-08-05,0 days 15:55:09.074012,573040,24.87,24.86,2690,8550,-1487,2613
522,CFG,2020-08-05,0 days 15:55:26.116807,573427,24.87,24.86,7985,3581,792,-308
523,CFG,2020-08-05,0 days 15:55:42.156257,574919,24.87,24.86,3786,4784,-112,86
524,CFG,2020-08-05,0 days 15:55:48.169800,582731,24.88,24.87,6261,3821,14,-826
525,CFG,2020-08-05,0 days 15:56:27.262932,581545,24.88,24.87,882,11194,-86,514
526,CFG,2020-08-05,0 days 15:57:56.479230,600068,24.9,24.89,4959,9745,441,-3459
527,CFG,2020-08-05,0 days 15:57:57.482216,598309,24.9,24.89,3911,10242,-1459,441
528,CFG,2020-08-05,0 days 15:58:36.578098,599020,24.91,24.9,7837,9271,3786,-2135
529,CFG,2020-08-05,0 days 15:58:37.580165,597406,24.91,24.9,7192,9978,-814,3786
530,CFG,2020-08-05,0 days 15:58:59.633092,605714,24.91,24.9,9421,17123,162,-1008
531,CFG,2020-08-05,0 days 15:59:00.635781,604276,24.91,24.9,9968,16865,-638,162
532,CFG,2020-08-05,0 days 15:59:15.672936,614422,24.91,24.9,14292,4861,336,-1464
533,CFG,2020-08-05,0 days 15:59:17.676953,614620,24.91,24.9,13463,5750,-8789,236
534,CFG,2020-08-05,0 days 15:59:18.678596,623709,24.89,24.88,13995,1413,2011,-8789
535,CGC,2020-08-05,0 days 15:56:13.389710,19584,19.28,19.27,1153,2291,-862,138
536,CGC,2020-08-05,0 days 15:58:55.779696,22546,19.25,19.24,1641,1700,-92,24
537,CGC,2020-08-05,0 days 15:58:56.782357,22038,19.25,19.24,1641,1800,508,-92
538,CGC,2020-08-05,0 days 15:59:39.880485,23192,19.22,19.21,4726,600,-4503,97
539,CGC,2020-08-05,0 days 15:59:40.883076,23095,19.22,19.21,1325,6000,97,-4503
540,CHGG,2020-08-05,0 days 15:55:00.110803,78534,84.98,84.96,600,1078,-6240,25957
541,CHGG,2020-08-05,0 days 15:55:01.113896,76974,84.96,84.94,400,687,1560,-6240
542,CHGG,2020-08-05,0 days 15:56:57.392561,82615,84.92,84.91,406,204,-430,94
543,CHGG,2020-08-05,0 days 15:56:58.395950,80745,84.91,84.89,400,300,1870,-430
544,CHGG,2020-08-05,0 days 15:57:35.484225,83109,85.0,84.98,1175,905,-420,732
545,CHGG,2020-08-05,0 days 15:57:36.487013,81829,85.0,84.98,975,1107,1280,-420
546,CHGG,2020-08-05,0 days 15:58:01.548123,83903,85.01,84.99,206,506,-1126,1363
547,CHGG,2020-08-05,0 days 15:58:02.552083,82429,85.02,85.01,200,400,1474,-1126
548,CHGG,2020-08-05,0 days 15:59:05.705983,84427,85.01,85.0,1719,102,-2036,903
549,CHGG,2020-08-05,0 days 15:59:06.707488,84211,84.97,84.96,500,701,416,-2036
550,CHWY,2020-08-05,0 days 15:55:08.231431,43888,58.75,58.73,1150,605,-8758,11942
551,CHWY,2020-08-05,0 days 15:55:09.234133,42746,58.75,58.73,590,805,1142,-8758
552,CHWY,2020-08-05,0 days 15:56:51.482249,44704,58.77,58.75,500,200,-6,636
553,CHWY,2020-08-05,0 days 15:57:05.515870,44667,58.76,58.73,401,503,37,-63
554,CHWY,2020-08-05,0 days 15:58:15.683201,44723,58.85,58.83,130,1296,-4384,356
555,CHWY,2020-08-05,0 days 15:58:16.685554,44607,58.84,58.82,500,209,116,-4384
556,CHWY,2020-08-05,0 days 15:59:06.808255,44431,58.87,58.85,300,507,-2178,254
557,CHX,2020-08-05,0 days 15:55:36.138864,106693,10.31,10.3,7598,4204,-1199,2484
558,CHX,2020-08-05,0 days 15:55:37.141771,105192,10.31,10.3,7394,4036,1501,-1199
559,CHX,2020-08-05,0 days 15:56:15.232679,112734,10.31,10.3,4616,1482,-35,265
560,CHX,2020-08-05,0 days 15:56:29.266105,112769,10.31,10.3,5216,3425,37,-35
561,CHX,2020-08-05,0 days 15:57:08.360150,106765,10.32,10.31,900,3828,-4204,1837
562,CHX,2020-08-05,0 days 15:57:09.363093,105569,10.32,10.31,645,4228,1196,-4204
563,CHX,2020-08-05,0 days 15:57:32.417784,110581,10.33,10.32,1306,5693,-588,1637
564,CHX,2020-08-05,0 days 15:57:33.420161,109069,10.33,10.32,1506,5693,1512,-588
565,CHX,2020-08-05,0 days 15:57:44.447391,106765,10.35,10.34,2009,1771,-2704,1112
566,CHX,2020-08-05,0 days 15:57:45.449896,105669,10.35,10.34,2184,3671,796,-2704
567,CHX,2020-08-05,0 days 15:58:00.486383,106565,10.35,10.34,3432,5639,-4804,576
568,CHX,2020-08-05,0 days 15:58:33.566662,105504,10.37,10.36,1189,1872,-265,835
569,CHX,2020-08-05,0 days 15:58:34.568748,104669,10.37,10.36,1589,1570,835,-265
570,CHX,2020-08-05,0 days 15:58:58.626739,105450,10.41,10.4,2532,596,452,-1448
571,CHX,2020-08-05,0 days 15:58:59.629509,105902,10.4,10.39,700,1350,-2376,452
572,CHX,2020-08-05,0 days 15:59:05.645764,110888,10.37,10.36,922,973,-2310,3318
573,CHX,2020-08-05,0 days 15:59:07.650179,110698,10.37,10.36,1722,1573,190,-1410
574,CHX,2020-08-05,0 days 15:59:17.674136,111188,10.37,10.36,3022,2221,-1448,44
575,CHX,2020-08-05,0 days 15:59:18.675986,111136,10.37,10.36,1426,2221,52,-1448
576,CHX,2020-08-05,0 days 15:59:45.741819,112488,10.37,10.36,1522,3453,4234,-356
577,CHX,2020-08-05,0 days 15:59:46.745251,113222,10.37,10.36,761,4347,-905,4234
578,CIM,2020-08-05,0 days 15:58:17.527746,138035,8.6,8.59,12771,40594,-496,2669
579,CIM,2020-08-05,0 days 15:58:18.529936,134131,8.6,8.59,13571,39094,3904,-496
580,CIM,2020-08-05,0 days 15:59:35.718639,139642,8.6,8.59,44890,16455,-1091,1688
581,CIM,2020-08-05,0 days 15:59:41.731950,136706,8.6,8.59,46398,16726,2636,-7664
582,CIM,2020-08-05,0 days 15:59:45.741675,139342,8.6,8.59,75391,14440,-12278,1436
583,CIM,2020-08-05,0 days 15:59:46.745115,139720,8.6,8.59,77631,13440,1249,-12278
584,CL,2020-08-05,0 days 15:59:11.727163,242143,76.21,76.2,2997,368,-3374,388
585,CL,2020-08-05,0 days 15:59:12.730085,238617,76.2,76.19,1133,300,3526,-3374
586,CL,2020-08-05,0 days 15:59:18.746313,243511,76.21,76.2,1611,200,-2879,2350
587,CL,2020-08-05,0 days 15:59:19.746486,233090,76.2,76.19,200,1813,10421,-2879
588,CL,2020-08-05,0 days 15:59:33.775396,243741,76.2,76.19,1256,410,-5310,176
589,CL,2020-08-05,0 days 15:59:34.779097,233004,76.2,76.19,1156,410,10737,-5310
590,CL,2020-08-05,0 days 15:59:45.805240,252641,76.18,76.16,1400,1986,-2991,2737
591,CL,2020-08-05,0 days 15:59:46.807882,250232,76.18,76.17,940,307,3065,-2991
592,CLF,2020-08-05,0 days 15:58:01.607901,228989,5.69,5.68,85343,77406,12558,-5317
593,CLF,2020-08-05,0 days 15:58:02.610721,221947,5.69,5.68,82143,62897,-7042,12558
594,CLF,2020-08-05,0 days 15:59:39.845879,216591,5.67,5.66,93469,92278,37918,-1382
595,CLNY,2020-08-05,0 days 15:55:00.223953,300487,1.97,1.96,38100,21076,10320,-152678
596,CLNY,2020-08-05,0 days 15:59:05.820268,329686,1.95,1.94,39549,117422,5316,-6484
597,CLR,2020-08-05,0 days 15:56:26.433110,140142,17.68,17.67,2000,3687,1922,-578
598,CLR,2020-08-05,0 days 15:56:38.462288,142097,17.7,17.68,2250,3677,-645,1955
599,CLR,2020-08-05,0 days 15:56:39.464716,140442,17.69,17.68,2061,3265,1655,-645
600,CLR,2020-08-05,0 days 15:57:17.556084,142097,17.71,17.7,1079,2109,-1476,1204
601,CLR,2020-08-05,0 days 15:57:18.558387,140773,17.7,17.69,1148,100,1324,-1476
602,CLR,2020-08-05,0 days 15:57:44.621671,142097,17.72,17.71,1836,4615,-1576,724
603,CLR,2020-08-05,0 days 15:57:45.623653,140873,17.72,17.71,2536,4215,1224,-1576
604,CLR,2020-08-05,0 days 15:58:49.780541,151497,17.69,17.68,5217,2800,-2539,1984
605,CLR,2020-08-05,0 days 15:58:50.782535,145636,17.69,17.68,5664,3000,5461,-2539
606,CLR,2020-08-05,0 days 15:59:04.817082,151199,17.69,17.68,3096,2322,857,-7143
607,CLR,2020-08-05,0 days 15:59:15.838552,149256,17.71,17.7,2409,4424,-10327,448
608,CLR,2020-08-05,0 days 15:59:32.879159,151483,17.7,17.69,1819,3860,532,-1068
609,CLX,2020-08-05,0 days 15:57:41.558530,112509,237.17,237.14,100,100,-111,489
610,CLX,2020-08-05,0 days 15:57:43.563527,109020,237.17,237.14,586,510,3489,-411
611,CLX,2020-08-05,0 days 15:59:42.853310,129595,237.09,237.0,850,869,-306,1140
612,CLX,2020-08-05,0 days 15:59:50.874236,126644,237.12,237.09,716,115,5679,-1553
613,CNK,2020-08-05,0 days 15:58:02.594176,204031,11.5,11.49,33580,29380,-7687,7240
614,CNK,2020-08-05,0 days 15:58:03.596042,194818,11.5,11.49,33580,29709,8613,-7687
615,CNK,2020-08-05,0 days 15:59:27.798757,224859,11.5,11.49,3074,17134,-3754,10289
616,CNK,2020-08-05,0 days 15:59:28.800854,219413,11.5,11.49,3047,17952,4846,-3754
617,CNK,2020-08-05,0 days 15:59:31.808743,206757,11.55,11.54,2700,12021,-60678,4254
618,CNK,2020-08-05,0 days 15:59:33.813680,219235,11.54,11.53,9243,644,398,-2523
619,CNK,2020-08-05,0 days 15:59:46.845066,239761,11.5,11.49,5737,22730,-19006,3402
620,CNP,2020-08-05,0 days 15:57:02.404517,787899,19.07,19.06,13866,4185,-43854,17400
621,CNP,2020-08-05,0 days 15:57:07.416593,816599,19.07,19.06,4486,10814,-15454,7984
622,CNX,2020-08-05,0 days 15:57:09.480919,132784,10.49,10.48,8657,6151,-463,398
623,CNX,2020-08-05,0 days 15:57:10.483738,131247,10.49,10.48,8807,3663,1537,-463
624,CNX,2020-08-05,0 days 15:58:09.627957,133007,10.49,10.48,8535,26577,-3026,5386
625,CNX,2020-08-05,0 days 15:58:10.630310,131433,10.49,10.48,9135,25477,1374,-3026
626,CNX,2020-08-05,0 days 15:59:05.764510,134241,10.48,10.47,2366,9779,-491,1868
627,CNX,2020-08-05,0 days 15:59:06.766949,131632,10.48,10.47,3367,9279,2409,-491
628,CNX,2020-08-05,0 days 15:59:21.801988,134241,10.49,10.48,3663,7537,-71,209
629,COG,2020-08-05,0 days 15:56:01.374076,463370,19.53,19.52,8365,5893,-8449,53351
630,COG,2020-08-05,0 days 15:56:02.375816,442419,19.53,19.52,10091,3901,20951,-8449
631,COG,2020-08-05,0 days 15:57:30.587176,442621,19.62,19.61,20051,2729,18567,-5633
632,COG,2020-08-05,0 days 15:57:41.614379,455921,19.6,19.59,5793,2532,5267,-633
633,COG,2020-08-05,0 days 15:57:43.619341,461188,19.6,19.59,4937,3132,-4833,5267
634,COG,2020-08-05,0 days 15:57:44.621748,444721,19.6,19.59,5371,3932,16467,-4833
635,COG,2020-08-05,0 days 15:57:57.653774,461188,19.6,19.59,5382,4571,-633,1367
636,COG,2020-08-05,0 days 15:58:09.683577,461821,19.59,19.58,11368,5598,2459,-633
637,COG,2020-08-05,0 days 15:58:38.754469,463187,19.6,19.59,5851,12737,-153,1049
638,COG,2020-08-05,0 days 15:58:46.772466,463340,19.6,19.59,9106,5633,847,-153
639,COP,2020-08-05,0 days 15:59:15.770042,1034732,38.01,38.0,924,3715,68645,-121261
640,COP,2020-08-05,0 days 15:59:16.772289,1026527,38.1,38.09,1476,752,-15605,68645
641,COTY,2020-08-05,0 days 15:59:04.642049,117480,3.95,3.94,208116,153854,-24622,206
642,COTY,2020-08-05,0 days 15:59:05.645646,101002,3.95,3.94,209916,152554,12878,-24622
643,COTY,2020-08-05,0 days 15:59:35.718608,114105,3.95,3.94,248853,106517,22190,-10410
644,CPE,2020-08-05,0 days 15:55:00.117003,68714,1.17,1.16,548454,156307,257736,-7301
645,CPRI,2020-08-05,0 days 15:59:30.823078,405233,15.67,15.66,3845,18456,3727,-9227
646,CPRI,2020-08-05,0 days 15:59:40.847097,400799,15.65,15.64,1707,3041,-4434,21966
647,CPRI,2020-08-05,0 days 15:59:48.867346,405233,15.65,15.64,4569,5494,5283,-4015
648,CPRI,2020-08-05,0 days 15:59:49.869819,401316,15.65,15.64,4626,5601,-3917,5283
649,CRK,2020-08-05,0 days 15:55:00.212564,35759,6.05,6.04,1226,4427,-651,23434
650,CRK,2020-08-05,0 days 15:55:01.214510,34610,6.05,6.04,2744,4345,1149,-651
651,CRK,2020-08-05,0 days 15:56:15.394364,35853,6.05,6.04,5518,2104,-389,1141
652,CRK,2020-08-05,0 days 15:56:16.397232,34842,6.05,6.04,5218,3904,1011,-389
653,CRK,2020-08-05,0 days 15:58:05.658681,35323,6.08,6.07,5176,1691,830,-1370
654,CRK,2020-08-05,0 days 15:58:17.688481,37953,6.07,6.06,1256,19444,-1646,930
655,CRK,2020-08-05,0 days 15:59:45.895452,44310,6.03,6.02,4656,5996,-2351,193
656,CRM,2020-08-05,0 days 15:56:05.267212,253364,202.85,202.82,100,208,-6874,2050
657,CRM,2020-08-05,0 days 15:56:06.269710,251138,202.87,202.82,663,200,2226,-6874
658,CRM,2020-08-05,0 days 15:57:34.481931,256497,202.86,202.84,300,200,-173,527
659,CRM,2020-08-05,0 days 15:57:36.486884,254570,202.84,202.81,398,205,1927,-6773
660,CRM,2020-08-05,0 days 15:57:56.535167,256503,202.79,202.76,500,1113,-966,1334
661,CRM,2020-08-05,0 days 15:57:57.537817,255269,202.79,202.76,801,1113,1234,-966
662,CRM,2020-08-05,0 days 15:57:59.542604,256503,202.77,202.76,300,300,-966,1234
663,CRM,2020-08-05,0 days 15:58:00.546629,255269,202.77,202.75,470,493,100,-966
664,CRM,2020-08-05,0 days 15:58:40.642885,254554,202.9,202.85,396,500,-4516,1084
665,CRM,2020-08-05,0 days 15:58:41.645560,254070,202.9,202.85,496,600,484,-4516
666,CRM,2020-08-05,0 days 15:58:43.650083,254554,202.9,202.86,400,100,-2016,584
667,CRM,2020-08-05,0 days 15:58:44.652451,253270,202.84,202.81,955,425,1284,-2016
668,CRM,2020-08-05,0 days 15:59:04.701663,255679,202.82,202.8,301,400,-33,756
669,CRM,2020-08-05,0 days 15:59:05.705751,256133,202.82,202.8,690,201,17786,-33
670,CRM,2020-08-05,0 days 15:59:06.707293,273919,202.83,202.81,180,446,-12914,17786
671,CRM,2020-08-05,0 days 15:59:07.709049,274252,202.83,202.81,179,436,1567,-12914
672,CRM,2020-08-05,0 days 15:59:10.716766,278402,202.76,202.7,330,804,-42169,3077
673,CTL,2020-08-05,0 days 15:59:10.661013,1298409,9.86,9.85,31189,19863,-165953,163089
674,CTL,2020-08-05,0 days 15:59:11.661766,1288762,9.85,9.84,33335,27496,17410,-165953
675,CTL,2020-08-05,0 days 15:59:18.678596,1301038,9.86,9.85,15560,34396,-17837,7906
676,CTL,2020-08-05,0 days 15:59:19.680689,1293575,9.85,9.84,26283,28126,7463,-17837
677,CTL,2020-08-05,0 days 15:59:34.716820,1294826,9.87,9.86,35773,21293,2612,-95988
678,CTL,2020-08-05,0 days 15:59:35.718167,1301938,9.87,9.86,37163,22496,-2919,2612
679,CTVA,2020-08-05,0 days 15:55:00.169091,601963,28.72,28.71,2416,1597,-23685,42290
680,CTVA,2020-08-05,0 days 15:57:41.558471,645999,28.67,28.66,6005,1055,1790,-410
681,CTVA,2020-08-05,0 days 15:57:42.560851,629989,28.67,28.66,6405,1255,-16010,1790
682,CVE,2020-08-05,0 days 15:59:36.719465,49257,4.98,4.97,397046,65046,-2932,6268
683,CVNA,2020-08-05,0 days 15:55:00.225191,34128,174.15,174.04,300,500,193,-1412
684,CVNA,2020-08-05,0 days 15:56:01.374147,34682,174.32,174.24,248,1000,-162,238
685,CVNA,2020-08-05,0 days 15:56:02.375835,34444,174.46,174.24,200,1217,238,-162
686,CVNA,2020-08-05,0 days 15:57:04.524186,37858,174.79,174.51,898,1431,-668,412
687,CVNA,2020-08-05,0 days 15:57:05.527374,37426,174.79,174.51,998,1431,432,-668
688,CVNA,2020-08-05,0 days 15:57:41.614491,37957,174.76,174.58,442,100,-69,431
689,CVNA,2020-08-05,0 days 15:57:42.616573,37826,174.76,174.58,542,296,131,-69
690,CVNA,2020-08-05,0 days 15:57:43.619435,37957,174.76,174.58,542,296,-169,131
691,CVNA,2020-08-05,0 days 15:57:44.621790,37726,174.76,174.58,442,534,231,-169
692,CVNA,2020-08-05,0 days 15:58:23.717916,37957,174.27,174.04,759,105,-1434,680
693,CVNA,2020-08-05,0 days 15:58:24.719246,37491,174.27,174.04,759,205,466,-1434
694,CVNA,2020-08-05,0 days 15:58:39.756293,37957,174.43,174.15,200,814,-56,466
695,CVNA,2020-08-05,0 days 15:58:40.758281,37513,174.43,174.15,200,814,444,-56
696,CVNA,2020-08-05,0 days 15:58:58.802128,37957,174.38,174.25,104,476,-65,301
697,CVNA,2020-08-05,0 days 15:58:59.805321,37938,174.39,174.26,500,311,19,-65
698,CVNA,2020-08-05,0 days 15:59:02.812286,38041,174.56,174.39,301,600,-144,228
699,CVNA,2020-08-05,0 days 15:59:03.814960,37885,174.56,174.39,401,936,156,-144
700,CVNA,2020-08-05,0 days 15:59:05.820597,38741,174.5,174.39,300,836,-76,156
701,CVNA,2020-08-05,0 days 15:59:21.852383,41782,174.53,174.47,484,862,76,-324
702,CVNA,2020-08-05,0 days 15:59:24.860588,41373,174.52,174.47,151,400,-209,291
703,CVNA,2020-08-05,0 days 15:59:25.862390,41166,174.45,174.38,305,501,207,-209
704,CVNA,2020-08-05,0 days 15:59:26.864517,40973,174.45,174.38,600,206,-193,207
705,CVNA,2020-08-05,0 days 15:59:30.874850,41166,174.53,174.37,300,426,207,-209
706,CVNA,2020-08-05,0 days 15:59:31.877763,40973,174.58,174.46,300,200,-1209,207
707,CVNA,2020-08-05,0 days 15:59:35.886871,43316,174.52,174.37,500,400,57,-343
708,CVS,2020-08-05,0 days 15:58:36.578026,538703,64.48,64.47,1382,600,-76,3316
709,CVS,2020-08-05,0 days 15:59:06.651031,541750,64.44,64.43,1605,1422,-1272,2339
710,CVS,2020-08-05,0 days 15:59:19.680551,538300,64.46,64.45,2138,877,5329,-4705
711,CVS,2020-08-05,0 days 15:59:31.708082,543629,64.47,64.46,749,631,-17418,1466
712,CVS,2020-08-05,0 days 15:59:32.710764,539493,64.47,64.46,102,1775,4136,-17418
713,CVS,2020-08-05,0 days 15:59:35.717941,543629,64.46,64.45,609,1000,-25031,1636
714,CVS,2020-08-05,0 days 15:59:36.718873,542560,64.47,64.45,3109,1775,1069,-25031
715,CVS,2020-08-05,0 days 15:59:45.742269,544606,64.48,64.47,334,3247,-12812,789
716,CVS,2020-08-05,0 days 15:59:46.744202,531651,64.48,64.47,2026,1157,12955,-12812
717,CVS,2020-08-05,0 days 15:59:47.745632,544606,64.48,64.47,1031,1404,-11445,12955
718,CVS,2020-08-05,0 days 15:59:48.750425,544151,64.47,64.46,739,655,455,-11445
719,CVX,2020-08-05,0 days 15:55:00.061838,368607,87.09,87.06,200,516,6468,-27157
720,CVX,2020-08-05,0 days 15:55:43.155676,375334,87.24,87.23,600,404,1764,-3942
721,CVX,2020-08-05,0 days 15:58:08.505425,401386,87.35,87.34,100,1676,-3516,2339
722,CVX,2020-08-05,0 days 15:58:09.508189,398302,87.35,87.34,200,1600,3084,-3516
723,CVX,2020-08-05,0 days 15:58:36.574046,394504,87.39,87.38,200,744,-4478,1404
724,CVX,2020-08-05,0 days 15:58:37.577205,391360,87.37,87.36,300,1071,3144,-4478
725,CVX,2020-08-05,0 days 15:59:05.645864,412051,87.31,87.29,991,835,-20360,7285
726,CVX,2020-08-05,0 days 15:59:06.647788,409111,87.29,87.28,450,400,2940,-20360
727,CVX,2020-08-05,0 days 15:59:09.655074,412218,87.31,87.29,1271,600,-3670,2674
728,CVX,2020-08-05,0 days 15:59:15.669262,378151,87.31,87.29,948,1265,34523,-5104
729,CVX,2020-08-05,0 days 15:59:16.671590,406974,87.35,87.33,1294,660,-1074,34523
730,CVX,2020-08-05,0 days 15:59:17.674202,403569,87.34,87.33,994,708,1505,-1074
731,CVX,2020-08-05,0 days 15:59:31.707395,407109,87.33,87.3,915,1589,-8668,5952
732,CVX,2020-08-05,0 days 15:59:32.709852,393474,87.33,87.32,210,1368,13635,-8668
733,CVX,2020-08-05,0 days 15:59:34.715132,407109,87.33,87.32,300,500,-27440,193
734,CWH,2020-08-05,0 days 15:56:36.282614,52078,41.99,41.97,601,200,-649,451
735,CWH,2020-08-05,0 days 15:56:37.284582,51227,41.99,41.96,601,504,851,-649
736,CWH,2020-08-05,0 days 15:59:37.721999,56849,42.26,42.24,510,211,-1734,566
737,CWH,2020-08-05,0 days 15:59:38.724783,56383,42.26,42.24,730,162,466,-1734
738,CWH,2020-08-05,0 days 15:59:45.741649,56849,42.29,42.27,200,100,-370,466
739,CWH,2020-08-05,0 days 15:59:46.745055,56419,42.34,42.28,1440,357,430,-370
740,CX,2020-08-05,0 days 15:55:00.191217,28534,3.29,3.28,57353,170197,-7430,1038
741,CX,2020-08-05,0 days 15:59:18.815052,45478,3.29,3.28,140090,191865,-4784,5136
742,CXO,2020-08-05,0 days 15:59:38.894012,196388,52.64,52.62,100,200,386,-2214
743,CXO,2020-08-05,0 days 15:59:49.920706,195132,52.63,52.6,400,332,-1356,2609
744,CXW,2020-08-05,0 days 15:56:43.366719,60535,9.13,9.12,286,3683,-217,183
745,CXW,2020-08-05,0 days 15:57:12.437009,60835,9.17,9.16,6840,3131,-236,164
746,CXW,2020-08-05,0 days 15:57:34.489643,61071,9.16,9.15,1933,529,64,-236
747,CXW,2020-08-05,0 days 15:57:35.491998,60690,9.16,9.15,100,1832,-381,64
748,CXW,2020-08-05,0 days 15:57:56.543352,61071,9.17,9.16,3337,2065,164,-136
749,CXW,2020-08-05,0 days 15:57:57.545843,60435,9.17,9.16,3237,2165,-636,164
750,CXW,2020-08-05,0 days 15:58:57.692050,62645,9.17,9.16,242,1552,848,-305
751,CXW,2020-08-05,0 days 15:58:58.694905,61793,9.17,9.16,1900,208,-852,848
752,CXW,2020-08-05,0 days 15:58:59.697452,62645,9.17,9.16,1900,208,2948,-852
753,CXW,2020-08-05,0 days 15:59:35.781897,66390,9.17,9.16,907,1466,-125,1280
754,CXW,2020-08-05,0 days 15:59:38.788250,71121,9.17,9.16,2473,826,3869,-4731
755,D,2020-08-05,0 days 15:59:45.860918,195077,79.71,79.7,970,3058,8626,-3635
756,D,2020-08-05,0 days 15:59:46.862968,192993,79.72,79.71,2044,1130,-5463,8626
757,D,2020-08-05,0 days 15:59:48.867765,218656,79.74,79.72,1462,1500,5080,-1091
758,D,2020-08-05,0 days 15:59:49.870568,217136,79.73,79.72,1706,1118,-1520,5080
759,DAL,2020-08-05,0 days 15:55:45.162966,681137,26.58,26.57,10186,5769,29398,-1002
760,DAL,2020-08-05,0 days 15:55:46.165586,669335,26.58,26.57,10386,6469,-11802,29398
761,DAL,2020-08-05,0 days 15:56:30.271017,680678,26.56,26.55,3722,13127,819,-1281
762,DAL,2020-08-05,0 days 15:56:31.272427,670097,26.56,26.55,4034,11326,-10581,819
763,DAL,2020-08-05,0 days 15:58:51.613872,969216,26.49,26.48,9712,1080,2014,-11087
764,DAL,2020-08-05,0 days 15:59:11.661739,964713,26.5,26.49,3200,16037,-7584,47015
765,DAL,2020-08-05,0 days 15:59:34.716785,977111,26.52,26.51,7307,20143,-7623,23392
766,DAL,2020-08-05,0 days 15:59:42.733464,985240,26.52,26.51,18280,17987,2957,-80
767,DAL,2020-08-05,0 days 15:59:46.744362,993949,26.52,26.51,4754,25438,-3253,50809
768,DB,2020-08-05,0 days 15:59:01.638118,65302,9.35,9.34,170791,49796,-19190,25352
769,DB,2020-08-05,0 days 15:59:02.640218,60592,9.35,9.34,172040,47904,4710,-19190
770,DB,2020-08-05,0 days 15:59:40.730702,65440,9.35,9.34,187550,29084,-1713,137
771,DB,2020-08-05,0 days 15:59:41.732537,64253,9.35,9.34,195303,28884,1187,-1713
772,DB,2020-08-05,0 days 15:59:45.742611,65440,9.35,9.34,223356,21410,-13,1187
773,DB,2020-08-05,0 days 15:59:48.750929,64353,9.35,9.34,217365,27308,1087,-13
774,DB,2020-08-05,0 days 15:59:49.750532,65440,9.35,9.34,215981,23208,-28718,1087
775,DBD,2020-08-05,0 days 15:59:38.724854,103015,8.04,8.03,22573,8013,-3228,8972
776,DBD,2020-08-05,0 days 15:59:39.727114,100443,8.04,8.03,23672,7474,2572,-3228
777,DBD,2020-08-05,0 days 15:59:41.732007,103015,8.04,8.03,22851,7880,-4928,2572
778,DBD,2020-08-05,0 days 15:59:42.733940,100517,8.04,8.03,22769,7880,2498,-4928
779,DBD,2020-08-05,0 days 15:59:45.741713,103015,8.04,8.03,20012,6252,-2002,2498
780,DD,2020-08-05,0 days 15:59:44.802843,638518,54.76,54.75,400,4477,1165,-336
781,DD,2020-08-05,0 days 15:59:46.808269,633886,54.8,54.78,1100,462,-6202,9943
782,DFS,2020-08-05,0 days 15:55:45.160695,431500,50.49,50.48,814,1224,244,-3256
783,DFS,2020-08-05,0 days 15:55:46.163893,429344,50.49,50.48,814,1322,-1156,244
784,DFS,2020-08-05,0 days 15:59:32.709799,485062,50.52,50.51,751,721,13037,-8062
785,DFS,2020-08-05,0 days 15:59:33.712695,484288,50.54,50.52,6600,675,-3177,13037
786,DHI,2020-08-05,0 days 15:55:00.223789,189948,67.99,67.97,350,700,-627,50944
787,DHI,2020-08-05,0 days 15:55:05.238018,191175,67.98,67.97,631,1008,616,-2287
788,DHI,2020-08-05,0 days 15:55:06.239436,190391,67.98,67.97,631,1208,-784,616
789,DHI,2020-08-05,0 days 15:58:36.749082,226710,68.03,68.01,700,1110,1068,-1776
790,DHI,2020-08-05,0 days 15:58:37.750361,220378,68.02,68.01,500,444,-6332,1068
791,DHI,2020-08-05,0 days 15:58:39.755851,195110,68.02,68.01,926,200,668,-2832
792,DHI,2020-08-05,0 days 15:58:44.767295,196222,68.03,68.02,1328,510,-1994,1112
793,DHI,2020-08-05,0 days 15:58:45.770038,198216,68.03,68.02,2028,209,1306,-1994
794,DHI,2020-08-05,0 days 15:58:46.770230,197922,68.03,68.02,1828,659,-294,1306
795,DHI,2020-08-05,0 days 15:59:01.809751,198130,68.03,68.02,1374,1324,66,-20
796,DHI,2020-08-05,0 days 15:59:03.814634,198066,68.04,68.03,697,1430,-64,66
797,DHI,2020-08-05,0 days 15:59:05.820175,205030,68.09,68.07,735,1573,68885,-64
798,DHI,2020-08-05,0 days 15:59:46.912703,299162,68.1,68.08,2818,615,1310,-6554
799,DIS,2020-08-05,0 days 15:59:15.672905,772851,127.78,127.76,100,900,1536,-8894
800,DIS,2020-08-05,0 days 15:59:31.708251,778382,127.88,127.85,600,1319,-14586,2941
801,DLPH,2020-08-05,0 days 15:55:36.316078,91452,16.37,16.36,2799,7671,-1780,3099
802,DLPH,2020-08-05,0 days 15:57:19.560283,93337,16.37,16.36,1865,5664,2230,-78
803,DLPH,2020-08-05,0 days 15:58:14.695462,91452,16.37,16.36,9037,5482,-1789,211
804,DLPH,2020-08-05,0 days 15:59:48.918515,95409,16.38,16.37,6557,1628,-984,116
805,DOW,2020-08-05,0 days 15:55:00.168515,547996,42.1,42.09,1353,2266,-24212,29584
806,DRH,2020-08-05,0 days 15:59:40.793669,145329,4.82,4.81,14909,12339,-2181,3259
807,DRH,2020-08-05,0 days 15:59:46.807913,143765,4.82,4.81,21382,8119,1771,-5136
808,DUK,2020-08-05,0 days 15:59:48.850347,620922,83.54,83.53,353,1239,3216,-16581
809,DVN,2020-08-05,0 days 15:56:43.418205,414415,12.09,12.08,12802,7666,75777,-8523
810,DVN,2020-08-05,0 days 15:56:44.420397,410692,12.1,12.09,9741,3844,-3723,75777
811,DVN,2020-08-05,0 days 15:57:35.544046,500463,12.07,12.06,3322,3804,729,-3477
812,DVN,2020-08-05,0 days 15:57:37.548381,494692,12.07,12.06,4295,4504,-5771,3129
813,DVN,2020-08-05,0 days 15:57:40.556932,500463,12.07,12.06,6786,3104,1529,-3371
814,DVN,2020-08-05,0 days 15:57:41.558501,498292,12.07,12.06,5886,4359,-2171,1529
815,DVN,2020-08-05,0 days 15:58:44.711904,495619,12.07,12.06,12492,3737,4420,-8150
816,DVN,2020-08-05,0 days 15:58:45.713905,491639,12.06,12.05,3805,14416,-3980,4420
817,DVN,2020-08-05,0 days 15:59:02.755892,490539,12.05,12.04,15387,6093,-5522,922
818,DVN,2020-08-05,0 days 15:59:27.816366,504214,12.04,12.03,6678,11077,209,-1730
819,DVN,2020-08-05,0 days 15:59:44.858278,503240,12.04,12.03,1475,26393,-974,8339
820,DVN,2020-08-05,0 days 15:59:45.861171,504914,12.05,12.04,8615,2100,13367,-974
821,DVN,2020-08-05,0 days 15:59:46.863183,503881,12.05,12.04,7339,3256,-4436,13367
822,DVN,2020-08-05,0 days 15:59:47.865117,508317,12.05,12.04,7839,3152,386,-4436
823,DXC,2020-08-05,0 days 15:55:45.227054,134714,18.49,18.48,4916,1967,27842,-1058
824,DXC,2020-08-05,0 days 15:56:54.393120,171423,18.5,18.49,2631,4130,-3802,16283
825,DXC,2020-08-05,0 days 15:58:11.581017,174059,18.49,18.48,2901,13236,-1594,1651
826,DXC,2020-08-05,0 days 15:59:01.703432,172159,18.5,18.49,4374,2033,-283,7917
827,EGO,2020-08-05,0 days 15:59:46.897845,39325,12.72,12.71,17507,19814,-1093,2579
828,ELAN,2020-08-05,0 days 15:59:12.801700,619307,25.36,25.35,4273,3800,-54606,28211
829,ELAN,2020-08-05,0 days 15:59:13.803803,589613,25.35,25.34,8914,2073,29694,-54606
830,ELAN,2020-08-05,0 days 15:59:46.883643,652052,25.28,25.27,15678,4004,1890,-11628
831,ELAN,2020-08-05,0 days 15:59:47.886175,656837,25.28,25.27,15510,3726,-19215,1890
832,ELAN,2020-08-05,0 days 15:59:48.889111,657952,25.28,25.27,15753,3395,11712,-19215
833,ELAN,2020-08-05,0 days 15:59:57.910223,670164,25.28,25.27,9532,800,-13288,7945
834,ELY,2020-08-05,0 days 15:55:00.109992,57137,19.86,19.84,743,1540,11089,-12692
835,ELY,2020-08-05,0 days 15:58:02.551823,63629,19.91,19.89,4861,1024,-4882,1051
836,ELY,2020-08-05,0 days 15:58:03.553023,63311,19.91,19.89,4449,600,318,-4882
837,ELY,2020-08-05,0 days 15:58:28.613499,63629,19.93,19.92,827,1209,-8,492
838,ELY,2020-08-05,0 days 15:58:29.616348,63337,19.93,19.92,1035,1894,292,-8
839,ELY,2020-08-05,0 days 15:58:37.635220,60602,19.94,19.93,2326,650,-335,192
840,ELY,2020-08-05,0 days 15:58:59.689199,63280,19.91,19.9,1914,200,163,-560
841,ELY,2020-08-05,0 days 15:59:08.712147,68615,19.9,19.88,1462,1918,-665,535
842,ELY,2020-08-05,0 days 15:59:09.715212,68180,19.88,19.87,840,918,435,-665
843,ELY,2020-08-05,0 days 15:59:31.767905,66480,19.87,19.86,5373,6096,378,-36
844,ELY,2020-08-05,0 days 15:59:37.782491,68744,19.86,19.85,1140,800,-932,1064
845,ELY,2020-08-05,0 days 15:59:38.784861,67576,19.86,19.85,990,900,1168,-932
846,ELY,2020-08-05,0 days 15:59:48.809389,81207,19.85,19.84,893,1936,-676,8164
847,ELY,2020-08-05,0 days 15:59:49.812880,80683,19.85,19.84,1676,1736,524,-676
848,EMR,2020-08-05,0 days 15:58:36.641708,250702,64.76,64.75,700,784,269,-4508
849,EMR,2020-08-05,0 days 15:58:37.643700,250671,64.75,64.74,800,624,-31,269
850,EMR,2020-08-05,0 days 15:58:38.647526,250702,64.76,64.74,1540,457,279,-31
851,EMR,2020-08-05,0 days 15:58:39.648613,248681,64.75,64.74,500,400,-2021,279
852,EMR,2020-08-05,0 days 15:58:47.667654,248934,64.75,64.74,100,1470,3547,-2381
853,EMR,2020-08-05,0 days 15:58:48.670649,247281,64.75,64.74,700,982,-1653,3547
854,EMR,2020-08-05,0 days 15:59:20.748718,269645,64.71,64.7,341,5759,2225,-4975
855,EMR,2020-08-05,0 days 15:59:21.750629,269564,64.71,64.7,1775,6022,-81,2225
856,EMR,2020-08-05,0 days 15:59:27.765212,272279,64.71,64.7,6255,5068,5491,-2715
857,EMR,2020-08-05,0 days 15:59:28.767468,270693,64.71,64.7,4735,5077,-1586,5491
858,EMR,2020-08-05,0 days 15:59:50.819142,281714,64.7,64.69,3794,1394,-1342,1058
859,EMR,2020-08-05,0 days 15:59:52.823312,283056,64.67,64.66,3143,5289,3012,-1342
860,EMR,2020-08-05,0 days 15:59:56.832308,282014,64.71,64.68,200,2344,-1042,3012
861,ENB,2020-08-05,0 days 15:58:50.710587,66975,32.88,32.87,4703,2443,1887,-3251
862,ENB,2020-08-05,0 days 15:58:51.712506,63562,32.88,32.87,4803,2443,-3413,1887
863,ENB,2020-08-05,0 days 15:59:45.843116,71602,32.86,32.85,4217,4875,3921,-79
864,ENB,2020-08-05,0 days 15:59:46.844998,70023,32.86,32.85,2486,5613,-2066,3921
865,EOG,2020-08-05,0 days 15:57:02.449178,373894,50.66,50.65,200,971,75263,-28346
866,EOG,2020-08-05,0 days 15:57:16.482992,387981,50.69,50.67,501,828,-4713,2063
867,EOG,2020-08-05,0 days 15:57:17.485327,386594,50.69,50.67,730,105,1387,-4713
868,EOG,2020-08-05,0 days 15:57:40.540276,380147,50.74,50.73,212,305,-47,1153
869,EOG,2020-08-05,0 days 15:58:52.714731,395481,50.74,50.72,500,906,-706,7094
870,EOG,2020-08-05,0 days 15:59:16.772211,446608,50.75,50.74,478,206,-9990,58901
871,EOG,2020-08-05,0 days 15:59:17.774970,448298,50.76,50.73,1500,1588,3712,-9990
872,EPC,2020-08-05,0 days 15:59:44.738399,58329,28.42,28.41,100,1696,-14416,977
873,EPC,2020-08-05,0 days 15:59:46.745115,56228,28.4,28.38,116,350,6968,-10329
874,EPC,2020-08-05,0 days 15:59:51.756037,63196,28.43,28.38,1151,300,-9549,5844
875,EPC,2020-08-05,0 days 15:59:54.762781,57352,28.44,28.43,21771,477,5844,-9549
876,EPC,2020-08-05,0 days 15:59:58.772152,57352,28.43,28.42,508,2400,5844,-9549
877,EPD,2020-08-05,0 days 15:50:50.612477,151826,17.61,17.6,700,7535,12878,-5622
878,EPD,2020-08-05,0 days 15:54:35.150762,151826,17.6,17.59,9617,3602,12878,-5622
879,EPD,2020-08-05,0 days 15:54:51.188205,146204,17.63,17.62,6132,500,-5622,12878
880,EPD,2020-08-05,0 days 15:56:06.372703,153550,17.6,17.59,1600,4502,17694,-806
881,EPD,2020-08-05,0 days 15:57:52.626430,153550,17.63,17.62,2900,4000,294,-606
882,EPD,2020-08-05,0 days 15:59:20.840443,206985,17.6,17.59,12115,1900,10619,-7881
883,EPD,2020-08-05,0 days 15:59:21.843412,204304,17.59,17.58,4522,5031,-2681,10619
884,EPD,2020-08-05,0 days 15:59:45.895155,206985,17.58,17.57,5445,19441,1260,-1501
885,EPD,2020-08-05,0 days 15:59:48.902160,206955,17.58,17.57,4190,23457,-30,1260
886,EQR,2020-08-05,0 days 15:59:10.725298,394448,53.4,53.39,1214,8235,31676,-6195
887,EQR,2020-08-05,0 days 15:59:11.727251,352642,53.4,53.39,871,7985,-47806,31676
888,EQR,2020-08-05,0 days 15:59:46.808048,428432,53.39,53.38,999,1532,1136,-13565
889,EQR,2020-08-05,0 days 15:59:47.810078,429568,53.39,53.38,1004,955,-1731,1136
890,ERJ,2020-08-05,0 days 15:55:30.242330,36808,5.76,5.75,4410,9603,-2761,739
891,EROS,2020-08-05,0 days 15:58:08.645995,48047,2.69,2.68,37434,8755,2229,-915
892,EROS,2020-08-05,0 days 15:58:09.647936,45676,2.69,2.68,35775,8755,-2371,2229
893,ESI,2020-08-05,0 days 15:55:35.277617,90583,11.17,11.16,6690,10277,1208,-892
894,ESI,2020-08-05,0 days 15:55:36.280187,89191,11.17,11.16,5701,11677,-1392,1208
895,ESI,2020-08-05,0 days 15:55:45.301923,90583,11.17,11.16,6101,10477,932,-852
896,ESI,2020-08-05,0 days 15:55:46.304271,89415,11.17,11.16,6301,10478,-1168,932
897,ESI,2020-08-05,0 days 15:57:57.618721,93683,11.2,11.19,8212,10084,595,-1505
898,ESI,2020-08-05,0 days 15:57:58.621072,92178,11.2,11.19,8212,10156,-1505,595
899,ESI,2020-08-05,0 days 15:59:03.779805,101357,11.2,11.19,3411,13318,226,-1732
900,ESI,2020-08-05,0 days 15:59:30.844898,97439,11.18,11.17,3956,5819,-818,3086
901,ESI,2020-08-05,0 days 15:59:46.883867,98351,11.18,11.17,7022,6894,2150,-605
902,ESI,2020-08-05,0 days 15:59:47.886311,98001,11.18,11.17,6826,6681,-350,2150
903,ESRT,2020-08-05,0 days 15:55:00.153517,39460,6.5,6.49,15833,6709,10082,-8017
904,ESRT,2020-08-05,0 days 15:59:04.745009,53788,6.51,6.5,5300,18536,-336,2604
905,ESRT,2020-08-05,0 days 15:59:11.761180,54124,6.51,6.5,11718,15744,3459,-336
906,ET,2020-08-05,0 days 15:56:52.482644,351197,7.15,7.14,25506,7853,-6382,3903
907,ET,2020-08-05,0 days 15:57:08.522646,351877,7.15,7.14,16194,7697,-5702,1498
908,ET,2020-08-05,0 days 15:58:01.648607,357577,7.15,7.14,17872,11090,-2,13223
909,ET,2020-08-05,0 days 15:59:44.892253,365830,7.18,7.17,2600,19129,1125,-5491
910,ET,2020-08-05,0 days 15:59:46.897483,362356,7.18,7.17,11018,19010,-3474,22426
911,ETRN,2020-08-05,0 days 15:57:43.617077,123758,10.31,10.3,10632,4239,-973,1427
912,ETRN,2020-08-05,0 days 15:57:44.621408,121431,10.31,10.3,11175,5478,2327,-973
913,ETRN,2020-08-05,0 days 15:57:49.631147,123758,10.31,10.3,3008,17339,-873,27
914,ETRN,2020-08-05,0 days 15:57:50.635796,121731,10.31,10.3,3251,19461,2027,-873
915,ETRN,2020-08-05,0 days 15:58:17.700005,133289,10.32,10.31,7202,6427,-742,2758
916,ETRN,2020-08-05,0 days 15:58:18.703965,130831,10.32,10.31,7202,6427,2458,-742
917,ETRN,2020-08-05,0 days 15:59:45.910585,136594,10.31,10.3,5056,6481,-1807,993
918,ETRN,2020-08-05,0 days 15:59:46.912568,130029,10.31,10.3,4451,5699,6947,-1807
919,ETRN,2020-08-05,0 days 15:59:47.915088,136976,10.31,10.3,2951,6799,-43,6947
920,EVH,2020-08-05,0 days 15:55:00.063182,66487,12.99,12.98,9126,8353,4262,-1982
921,EVH,2020-08-05,0 days 15:58:04.500598,75647,13.01,13.0,800,23072,496,-704
922,EVH,2020-08-05,0 days 15:59:39.727196,78057,12.99,12.98,1972,1985,-992,2208
923,EVRI,2020-08-05,0 days 15:59:31.708316,65117,6.68,6.67,5931,20204,-349,8169
924,EVRI,2020-08-05,0 days 15:59:35.718240,67366,6.68,6.67,5601,20673,1179,-349
925,EW,2020-08-05,0 days 15:55:00.191813,161149,78.06,78.03,300,1105,-6021,29205
926,EW,2020-08-05,0 days 15:55:01.194360,158370,78.04,78.01,360,302,2779,-6021
927,EW,2020-08-05,0 days 15:55:14.226389,161149,78.04,78.03,734,460,-7283,1252
928,EW,2020-08-05,0 days 15:55:15.228802,159332,78.03,78.02,392,206,1817,-7283
929,EW,2020-08-05,0 days 15:56:05.350271,165981,78.09,78.07,1370,619,-792,2335
930,EW,2020-08-05,0 days 15:56:06.352502,163973,78.09,78.07,1420,519,2008,-792
931,EW,2020-08-05,0 days 15:57:06.494059,165981,78.14,78.12,1445,753,-7663,296
932,EW,2020-08-05,0 days 15:57:07.496791,164644,78.12,78.11,510,106,1337,-7663
933,EW,2020-08-05,0 days 15:57:19.525742,165144,78.14,78.12,1185,1000,837,-2663
934,EW,2020-08-05,0 days 15:57:35.565178,165981,78.17,78.15,300,602,-1563,837
935,EW,2020-08-05,0 days 15:58:17.667631,165641,78.15,78.13,820,430,582,-1260
936,EW,2020-08-05,0 days 15:58:26.690041,166446,78.14,78.13,305,400,-895,805
937,EW,2020-08-05,0 days 15:58:27.692085,165841,78.13,78.12,505,649,605,-895
938,EW,2020-08-05,0 days 15:58:29.697199,166446,78.15,78.13,406,1055,-195,605
939,EW,2020-08-05,0 days 15:58:30.699323,165841,78.15,78.13,409,659,605,-195
940,EW,2020-08-05,0 days 15:58:40.723000,166446,78.17,78.15,616,300,-3295,105
941,EW,2020-08-05,0 days 15:58:50.747601,161962,78.13,78.1,102,300,4484,-1095
942,EW,2020-08-05,0 days 15:58:54.756826,166446,78.15,78.12,716,560,-4495,684
943,EW,2020-08-05,0 days 15:58:59.769850,166741,78.15,78.12,716,363,84,-195
944,EW,2020-08-05,0 days 15:59:13.803891,171814,78.11,78.1,505,200,-120,3485
945,EW,2020-08-05,0 days 15:59:17.812865,171934,78.11,78.1,599,100,80,-120
946,EW,2020-08-05,0 days 15:59:18.815272,172301,78.14,78.11,405,250,-6412,80
947,EW,2020-08-05,0 days 15:59:46.883825,172889,78.12,78.11,966,225,-420,2953
948,EW,2020-08-05,0 days 15:59:55.905450,167609,78.13,78.06,600,400,5280,-1499
949,EXK,2020-08-05,0 days 15:59:30.844943,15074,4.33,4.32,38013,75396,-6546,340
950,F,2020-08-05,0 days 15:59:27.867430,1054526,6.97,6.96,790487,401062,-9552,169948
951,F,2020-08-05,0 days 15:59:28.869375,996778,6.97,6.96,788112,394558,48748,-9552
952,F,2020-08-05,0 days 15:59:45.911145,1074620,6.97,6.96,996010,192031,-23398,1102
953,FCAU,2020-08-05,0 days 15:55:00.154628,27263,11.16,11.15,25246,30536,2720,-2331
954,FCAU,2020-08-05,0 days 15:58:48.705314,32211,11.17,11.16,17452,54589,-5203,1010
955,FCX,2020-08-05,0 days 15:55:23.173425,1194712,14.0,13.99,358717,71187,4905,-4595
956,FCX,2020-08-05,0 days 15:55:25.178619,1199617,14.0,13.99,359012,71616,-8887,4905
957,FCX,2020-08-05,0 days 15:55:44.224576,1208504,14.0,13.99,345517,88485,3285,-487
958,FCX,2020-08-05,0 days 15:59:05.712697,1481671,14.0,13.99,404984,77439,-14675,111783
959,FCX,2020-08-05,0 days 15:59:08.720300,1496346,14.0,13.99,429675,44374,33025,-163475
960,FCX,2020-08-05,0 days 15:59:09.723534,1350871,14.0,13.99,467775,47123,-145475,33025
961,FCX,2020-08-05,0 days 15:59:31.771289,1533910,13.99,13.98,20604,98917,9736,-31964
962,FCX,2020-08-05,0 days 15:59:32.773124,1523346,13.99,13.98,13586,100217,-10564,9736
963,FCX,2020-08-05,0 days 15:59:37.786286,1579455,14.0,13.99,892643,57446,17991,-29209
964,FCX,2020-08-05,0 days 15:59:38.788116,1571246,14.0,13.99,897915,64155,-8209,17991
965,FCX,2020-08-05,0 days 15:59:45.805278,1580655,14.0,13.99,913040,62504,4063,-2837
966,FCX,2020-08-05,0 days 15:59:46.807945,1570893,14.0,13.99,906159,55562,-9762,4063
967,FE,2020-08-05,0 days 15:59:04.761327,369648,28.99,28.98,4708,1205,43583,-8083
968,FE,2020-08-05,0 days 15:59:05.764510,309931,29.0,28.99,796,4534,-76438,43583
969,FE,2020-08-05,0 days 15:59:19.797225,368968,28.97,28.96,2506,2695,51668,-64503
970,FE,2020-08-05,0 days 15:59:20.799820,360838,28.98,28.97,1827,3840,-8130,51668
971,FE,2020-08-05,0 days 15:59:45.860918,383237,28.97,28.96,3881,2005,27587,-5113
972,FE,2020-08-05,0 days 15:59:46.862968,379424,28.97,28.96,4875,596,-11620,27587
973,FHN,2020-08-05,0 days 15:56:15.299264,293074,9.33,9.32,27879,18083,653,-1047
974,FHN,2020-08-05,0 days 15:56:16.301297,287527,9.33,9.32,27158,17883,-5547,653
975,FHN,2020-08-05,0 days 15:57:39.502022,294296,9.33,9.32,15588,31221,3331,-3669
976,FHN,2020-08-05,0 days 15:57:40.504450,289527,9.33,9.32,14488,32621,-4769,3331
977,FHN,2020-08-05,0 days 15:57:42.509307,294296,9.33,9.32,16888,31421,331,-4769
978,FHN,2020-08-05,0 days 15:57:44.514580,292927,9.33,9.32,14788,32721,-1369,1731
979,FHN,2020-08-05,0 days 15:58:17.595384,296934,9.34,9.33,37822,36775,925,-4175
980,FHN,2020-08-05,0 days 15:58:18.597979,292759,9.34,9.33,37022,38375,-4175,925
981,FHN,2020-08-05,0 days 15:59:00.700572,290221,9.34,9.33,31760,21514,2538,-4175
982,FHN,2020-08-05,0 days 15:59:01.703005,287459,9.34,9.33,30658,22725,-3078,2538
983,FHN,2020-08-05,0 days 15:59:11.727190,290078,9.33,9.32,45735,17177,-291,8409
984,FHN,2020-08-05,0 days 15:59:19.746549,336759,9.33,9.32,23540,49641,819,-46681
985,FHN,2020-08-05,0 days 15:59:33.775457,324149,9.33,9.32,10882,62025,-12610,4590
986,FHN,2020-08-05,0 days 15:59:45.805307,342425,9.33,9.32,52601,6700,4524,-3376
987,FHN,2020-08-05,0 days 15:59:46.807989,339449,9.33,9.32,54204,4850,-4477,4524
988,FIS,2020-08-05,0 days 15:57:41.541947,175728,145.77,145.75,304,501,285,-15
989,FIS,2020-08-05,0 days 15:57:43.546661,166513,145.81,145.78,300,131,-9215,285
990,FIS,2020-08-05,0 days 15:58:50.710462,176038,145.94,145.92,305,200,326,-74
991,FIS,2020-08-05,0 days 15:58:57.726531,170292,145.95,145.93,770,604,-5746,454
992,FIS,2020-08-05,0 days 15:59:54.866980,187478,145.94,145.9,2706,200,184,-216
993,FIT,2020-08-05,0 days 15:59:10.832284,2282097,6.55,6.54,31771,27502,-2674,545183
994,FIT,2020-08-05,0 days 15:59:12.836641,2262671,6.55,6.54,34992,43067,19426,-12674
995,FIT,2020-08-05,0 days 15:59:15.838733,2282097,6.55,6.54,23591,43713,-226123,19426
996,FIT,2020-08-05,0 days 15:59:16.840005,2296820,6.45,6.44,36438,20404,49847,-226123
997,FIT,2020-08-05,0 days 15:59:17.842826,2303817,6.47,6.46,5365,28836,-50603,49847
998,FIT,2020-08-05,0 days 15:59:18.845217,2250878,6.43,6.42,27737,19701,144639,-50603
999,FIT,2020-08-05,0 days 15:59:34.884973,2395517,6.43,6.42,14013,8700,-14227,5113
1000,FIT,2020-08-05,0 days 15:59:38.894046,2360096,6.42,6.41,27942,5600,75321,-37942
1001,FIT,2020-08-05,0 days 15:59:46.913210,2446287,6.42,6.41,18640,224,10953,-80770
1002,FIT,2020-08-05,0 days 15:59:47.915650,2475628,6.42,6.41,3647,23175,-44325,10953
1003,FIT,2020-08-05,0 days 15:59:55.935305,2415152,6.42,6.4,14727,17981,93825,-33725
1004,FIT,2020-08-05,0 days 15:59:57.941751,2475628,6.42,6.4,8000,7098,-124991,72825
1005,FIT,2020-08-05,0 days 15:59:58.941466,2501018,6.42,6.4,8000,5698,7959,-124991
1006,FL,2020-08-05,0 days 15:56:15.336103,156788,27.65,27.64,1390,1388,-485,1572
1007,FL,2020-08-05,0 days 15:56:16.338789,153973,27.64,27.63,946,1143,2815,-485
1008,FL,2020-08-05,0 days 15:57:49.561831,165802,27.68,27.67,1000,1905,-121,4079
1009,FL,2020-08-05,0 days 15:58:03.596030,158923,27.68,27.66,1400,1910,2852,-4148
1010,FL,2020-08-05,0 days 15:58:17.630296,159634,27.68,27.66,1428,1638,-3159,63
1011,FL,2020-08-05,0 days 15:58:18.632561,157393,27.68,27.66,1428,1638,641,-3159
1012,FL,2020-08-05,0 days 15:59:06.749912,163588,27.69,27.68,1200,200,-16569,1081
1013,FL,2020-08-05,0 days 15:59:07.751497,160157,27.68,27.67,1538,100,5031,-16569
1014,FL,2020-08-05,0 days 15:59:08.754330,165793,27.69,27.67,1000,300,-970,5031
1015,FL,2020-08-05,0 days 15:59:51.858943,186056,27.65,27.63,2087,194,15376,-8284
1016,FSLY,2020-08-05,0 days 15:57:42.582051,63044,108.4,108.35,536,100,-577,961
1017,FSLY,2020-08-05,0 days 15:57:43.584371,60521,108.47,108.4,100,100,2523,-577
1018,FSLY,2020-08-05,0 days 15:58:32.703864,68647,108.59,108.53,400,318,-179,18
1019,FSLY,2020-08-05,0 days 15:58:33.706603,65726,108.59,108.53,300,318,2921,-179
1020,FSLY,2020-08-05,0 days 15:58:49.745640,67210,108.89,108.8,434,419,2634,-66
1021,FSLY,2020-08-05,0 days 15:59:11.799058,60837,109.2,109.16,220,200,-540,686
1022,FSLY,2020-08-05,0 days 15:59:14.806436,60177,109.3,109.2,1946,660,701,-1399
1023,FSLY,2020-08-05,0 days 15:59:45.881328,61024,109.19,109.0,1100,1573,-4536,871
1024,FSM,2020-08-05,0 days 15:59:01.703401,38601,7.06,7.05,42158,22176,-7637,10998
1025,FSM,2020-08-05,0 days 15:59:02.705356,38303,7.06,7.05,42258,22476,278,-7637
1026,FTCH,2020-08-05,0 days 15:56:15.394301,39473,27.53,27.52,2312,3422,-1012,315
1027,FTCH,2020-08-05,0 days 15:56:16.397187,38685,27.53,27.52,2412,3615,788,-1012
1028,FTCH,2020-08-05,0 days 15:58:46.758103,38892,27.51,27.5,9079,10960,588,-112
1029,FTCH,2020-08-05,0 days 15:59:50.908320,40394,27.51,27.5,1465,2189,430,-2770
1030,FTV,2020-08-05,0 days 15:55:35.138778,171595,70.05,70.03,720,1105,-11549,13451
1031,FTV,2020-08-05,0 days 15:56:04.208083,188219,70.02,70.01,1282,1041,1140,-700
1032,FTV,2020-08-05,0 days 15:56:05.210050,186359,70.04,70.02,607,300,-1860,1140
1033,FTV,2020-08-05,0 days 15:56:07.215208,188219,70.04,70.02,607,500,1340,-1260
1034,FTV,2020-08-05,0 days 15:56:08.217186,187459,70.04,70.02,507,700,-760,1340
1035,FTV,2020-08-05,0 days 15:57:34.425814,189008,70.12,70.08,366,2446,1901,-499
1036,FTV,2020-08-05,0 days 15:57:35.427776,188209,70.12,70.08,366,2546,-799,1901
1037,FTV,2020-08-05,0 days 15:57:39.438209,189008,70.12,70.08,366,3078,1,-799
1038,FTV,2020-08-05,0 days 15:57:40.440404,188409,70.12,70.08,469,3162,-599,1
1039,FTV,2020-08-05,0 days 15:57:41.442347,189008,70.12,70.08,469,3262,1,-599
1040,FTV,2020-08-05,0 days 15:57:43.446906,188509,70.11,70.09,300,537,-499,101
1041,FTV,2020-08-05,0 days 15:58:04.500623,189135,70.11,70.09,300,2351,7615,-314
1042,FTV,2020-08-05,0 days 15:58:05.502305,188150,70.11,70.09,300,2251,-985,7615
1043,FTV,2020-08-05,0 days 15:58:33.569991,196354,70.12,70.1,463,1665,4496,-3304
1044,FTV,2020-08-05,0 days 15:58:34.571907,194650,70.11,70.1,200,1519,-1704,4496
1045,FTV,2020-08-05,0 days 15:59:31.708178,195701,70.1,70.09,500,8228,2619,-577
1046,FTV,2020-08-05,0 days 15:59:38.724621,203995,70.05,70.04,400,2439,-15757,600
1047,FTV,2020-08-05,0 days 15:59:39.727196,219752,70.05,70.04,400,2794,12843,-15757
1048,FTV,2020-08-05,0 days 15:59:40.730555,218795,70.06,70.05,298,1940,-1407,12843
1049,FTV,2020-08-05,0 days 15:59:47.745726,224206,70.05,70.04,900,1665,519,-566
1050,GD,2020-08-05,0 days 15:55:00.168639,72915,149.15,149.14,300,100,15327,-22227
1051,GDDY,2020-08-05,0 days 15:50:21.441075,69534,74.02,73.99,100,300,-22927,52073
1052,GDDY,2020-08-05,0 days 15:50:32.467368,92461,73.98,73.96,807,300,52073,-22927
1053,GDDY,2020-08-05,0 days 15:51:45.642195,69534,74.03,73.99,401,700,-24507,50493
1054,GDDY,2020-08-05,0 days 15:51:59.676138,94041,74.04,73.99,1005,400,50493,-24507
1055,GDDY,2020-08-05,0 days 15:52:05.690621,69534,74.03,73.98,190,600,-24507,50493
1056,GDDY,2020-08-05,0 days 15:55:01.113801,127769,74.23,74.2,600,200,1317,-23183
1057,GDDY,2020-08-05,0 days 15:56:35.339280,131080,74.17,74.14,420,707,-26392,3608
1058,GDDY,2020-08-05,0 days 15:56:36.342016,130172,74.17,74.14,520,807,908,-26392
1059,GDDY,2020-08-05,0 days 15:57:34.482035,131634,74.3,74.29,175,605,-1975,725
1060,GDDY,2020-08-05,0 days 15:57:35.484129,131009,74.31,74.29,423,1205,625,-1975
1061,GDDY,2020-08-05,0 days 15:57:39.493819,131634,74.32,74.31,320,1321,-1475,525
1062,GDDY,2020-08-05,0 days 15:57:41.498804,131609,74.32,74.31,795,1421,25,-875
1063,GDDY,2020-08-05,0 days 15:57:43.504213,131634,74.32,74.31,539,1421,-675,25
1064,GDDY,2020-08-05,0 days 15:58:05.557719,137952,74.36,74.33,538,606,186,-514
1065,GDDY,2020-08-05,0 days 15:58:06.560684,137238,74.39,74.35,439,300,-1514,186
1066,GDDY,2020-08-05,0 days 15:59:06.707357,142503,74.47,74.44,200,909,4511,-1788
1067,GDDY,2020-08-05,0 days 15:59:07.709144,131814,74.48,74.45,100,408,-10689,4511
1068,GDDY,2020-08-05,0 days 15:59:12.721708,141503,74.47,74.45,400,509,39193,-3584
1069,GDDY,2020-08-05,0 days 15:59:13.723864,141905,74.47,74.43,300,409,-298,39193
1070,GDDY,2020-08-05,0 days 15:59:24.750415,103158,74.46,74.43,351,777,-40540,1837
1071,GDDY,2020-08-05,0 days 15:59:28.760397,145635,74.45,74.44,156,200,-585,35715
1072,GEO,2020-08-05,0 days 15:56:58.453866,89058,11.45,11.44,2922,12124,-43,1157
1073,GEO,2020-08-05,0 days 15:56:59.455892,88001,11.45,11.44,3022,12124,1057,-43
1074,GEO,2020-08-05,0 days 15:58:37.694955,89185,11.45,11.44,3243,3824,-252,815
1075,GEO,2020-08-05,0 days 15:58:38.697351,88637,11.45,11.44,3243,3824,548,-252
1076,GEO,2020-08-05,0 days 15:58:59.748246,93610,11.44,11.43,8587,6791,-519,4181
1077,GEO,2020-08-05,0 days 15:59:00.752102,93629,11.44,11.43,9092,6591,1122,-519
1078,GEO,2020-08-05,0 days 15:59:37.841939,97651,11.44,11.43,8089,8674,-1999,253
1079,GFI,2020-08-05,0 days 15:57:09.429954,90977,13.86,13.85,43001,16734,100,-1628
1080,GFI,2020-08-05,0 days 15:57:10.432316,89577,13.86,13.85,41435,16526,-1400,100
1081,GFI,2020-08-05,0 days 15:57:26.470380,90977,13.85,13.84,6580,35400,100,-1400
1082,GFI,2020-08-05,0 days 15:57:27.472376,89677,13.85,13.84,10396,37536,-1300,100
1083,GFI,2020-08-05,0 days 15:59:13.732288,112562,13.85,13.84,41400,36205,8053,-12747
1084,GFI,2020-08-05,0 days 15:59:35.781987,112562,13.85,13.84,45008,15989,7667,-890
1085,GGB,2020-08-05,0 days 15:58:15.663088,106718,3.47,3.46,210315,41750,-10183,4317
1086,GGB,2020-08-05,0 days 15:58:16.665059,100501,3.47,3.46,211915,41550,6217,-10183
1087,GGB,2020-08-05,0 days 15:59:35.857466,125031,3.47,3.46,244974,85550,-3744,2077
1088,GGB,2020-08-05,0 days 15:59:41.871575,121275,3.47,3.46,267843,78550,3756,-6544
1089,GIS,2020-08-05,0 days 15:59:07.709186,484445,64.58,64.57,2395,200,-3112,298
1090,GIS,2020-08-05,0 days 15:59:11.719493,487789,64.5,64.48,1376,605,6558,-82439
1091,GIS,2020-08-05,0 days 15:59:33.772686,494598,64.5,64.49,3022,560,-20536,2449
1092,GIS,2020-08-05,0 days 15:59:34.775372,494010,64.5,64.49,3158,600,588,-20536
1093,GIS,2020-08-05,0 days 15:59:35.778122,494598,64.5,64.49,4297,100,-5041,588
1094,GLW,2020-08-05,0 days 15:55:00.168696,249077,31.9,31.89,6952,8315,4209,-21100
1095,GLW,2020-08-05,0 days 15:59:01.753979,274030,31.91,31.9,12578,5331,-9354,8946
1096,GM,2020-08-05,0 days 15:55:01.121288,603736,26.29,26.28,16874,5452,1493,-9407
1097,GM,2020-08-05,0 days 15:55:39.212700,606762,26.29,26.28,12913,17903,-411,326
1098,GM,2020-08-05,0 days 15:55:40.214906,605573,26.29,26.28,10881,17203,1189,-411
1099,GM,2020-08-05,0 days 15:55:46.230209,606762,26.29,26.28,10542,19202,-817,530
1100,GM,2020-08-05,0 days 15:55:47.232231,605779,26.29,26.28,10442,19746,983,-817
1101,GM,2020-08-05,0 days 15:57:35.491887,607523,26.3,26.29,9464,21427,-1662,1438
1102,GM,2020-08-05,0 days 15:57:36.494564,601685,26.3,26.29,10264,19027,5838,-1662
1103,GM,2020-08-05,0 days 15:58:00.555327,606685,26.31,26.3,16127,13489,838,-162
1104,GM,2020-08-05,0 days 15:58:02.559677,607523,26.31,26.3,15477,18264,-4276,838
1105,GM,2020-08-05,0 days 15:58:09.575898,613533,26.31,26.3,18306,17497,6490,-6010
1106,GM,2020-08-05,0 days 15:58:10.579203,607523,26.31,26.3,18446,20620,-6010,6490
1107,GM,2020-08-05,0 days 15:58:19.600183,673833,26.31,26.3,13589,26819,6327,-2948
1108,GM,2020-08-05,0 days 15:59:08.720256,717767,26.33,26.32,11133,26361,-6019,32981
1109,GM,2020-08-05,0 days 15:59:09.723483,706784,26.33,26.32,12409,23261,10783,-6019
1110,GM,2020-08-05,0 days 15:59:19.746486,726710,26.34,26.33,11714,19381,-5174,17426
1111,GM,2020-08-05,0 days 15:59:20.748765,720984,26.34,26.33,14996,16151,5726,-5174
1112,GM,2020-08-05,0 days 15:59:37.786258,726710,26.35,26.34,20571,16532,-607,3887
1113,GM,2020-08-05,0 days 15:59:38.788087,683317,26.34,26.33,25165,13621,43393,-607
1114,GM,2020-08-05,0 days 15:59:42.798399,726710,26.34,26.33,18857,12300,-245,1687
1115,GM,2020-08-05,0 days 15:59:44.802644,725811,26.34,26.33,21230,13168,899,-245
1116,GM,2020-08-05,0 days 15:59:45.805240,726710,26.34,26.33,16132,17893,-9414,899
1117,GM,2020-08-05,0 days 15:59:46.807913,724724,26.34,26.33,18832,16205,1986,-9414
1118,GM,2020-08-05,0 days 15:59:47.810017,726710,26.35,26.34,11143,24545,-4066,1986
1119,GME,2020-08-05,0 days 15:55:01.056500,80943,4.62,4.61,15984,1400,-87829,58695
1120,GME,2020-08-05,0 days 15:55:02.056181,78472,4.62,4.61,12874,6900,2471,-87829
1121,GME,2020-08-05,0 days 15:59:35.717896,97278,4.63,4.62,26115,6592,-2949,6272
1122,GME,2020-08-05,0 days 15:59:41.732305,96396,4.63,4.62,29128,4561,782,-9418
1123,GNW,2020-08-05,0 days 15:57:11.369510,188290,2.22,2.21,64278,28720,-1650,10450
1124,GNW,2020-08-05,0 days 15:57:12.372543,179140,2.22,2.21,67278,27220,9150,-1650
1125,GNW,2020-08-05,0 days 15:59:35.718071,170325,2.22,2.21,41277,85925,26372,-2228
1126,GOLD,2020-08-05,0 days 15:59:10.660974,684200,29.88,29.87,17600,18211,179535,-9332
1127,GOLD,2020-08-05,0 days 15:59:11.661739,684035,29.87,29.86,10300,22514,-165,179535
1128,GOLD,2020-08-05,0 days 15:59:15.672905,699500,29.86,29.85,28873,8644,11725,-15465
1129,GOLD,2020-08-05,0 days 15:59:17.676953,695425,29.86,29.85,27738,8485,-4257,4325
1130,GOLD,2020-08-05,0 days 15:59:27.698393,707076,29.85,29.84,19252,8375,41331,-1820
1131,GOLD,2020-08-05,0 days 15:59:28.701178,706207,29.85,29.84,23938,10878,-869,41331
1132,GOLD,2020-08-05,0 days 15:59:32.710927,707076,29.85,29.84,25836,7353,1540,-869
1133,GOLD,2020-08-05,0 days 15:59:38.724678,700316,29.85,29.84,11110,29194,-6760,1540
1134,GOLD,2020-08-05,0 days 15:59:39.727256,707076,29.85,29.84,8403,27294,340,-6760
1135,GPK,2020-08-05,0 days 15:59:18.736803,168796,14.52,14.51,25894,14303,3598,-6892
1136,GPK,2020-08-05,0 days 15:59:19.738625,152094,14.52,14.51,23294,17003,-16702,3598
1137,GPK,2020-08-05,0 days 15:59:27.758134,169038,14.52,14.51,21918,9793,1906,-7144
1138,GPK,2020-08-05,0 days 15:59:31.768180,160054,14.52,14.51,23407,13186,-8984,1506
1139,GPK,2020-08-05,0 days 15:59:38.785155,169038,14.52,14.51,27994,10182,3303,-3632
1140,GPK,2020-08-05,0 days 15:59:46.804156,165277,14.52,14.51,24274,25018,-8336,14274
1141,GPN,2020-08-05,0 days 15:55:00.062127,114062,173.88,173.84,330,621,596,-17190
1142,GPN,2020-08-05,0 days 15:55:13.082961,114858,173.89,173.86,200,100,-1217,796
1143,GPN,2020-08-05,0 days 15:55:14.085498,114375,173.89,173.86,200,200,483,-1217
1144,GPN,2020-08-05,0 days 15:55:39.146015,114961,173.91,173.87,100,201,-575,166
1145,GPN,2020-08-05,0 days 15:55:40.148659,114836,173.91,173.87,100,200,125,-575
1146,GPN,2020-08-05,0 days 15:56:16.234946,116561,174.17,174.08,200,330,-7,106
1147,GPN,2020-08-05,0 days 15:56:17.237332,116268,174.17,174.08,300,310,293,-7
1148,GPN,2020-08-05,0 days 15:56:38.287692,116561,174.41,174.33,700,523,-34,293
1149,GPN,2020-08-05,0 days 15:56:39.290170,116295,174.41,174.33,966,523,266,-34
1150,GPN,2020-08-05,0 days 15:57:35.425178,116653,174.48,174.42,100,507,-1232,268
1151,GPN,2020-08-05,0 days 15:57:36.427509,116485,174.44,174.4,400,193,168,-1232
1152,GPN,2020-08-05,0 days 15:57:47.454360,117559,174.47,174.43,304,400,-326,574
1153,GPN,2020-08-05,0 days 15:57:48.456623,117285,174.46,174.43,200,518,274,-326
1154,GPN,2020-08-05,0 days 15:57:50.461661,117559,174.47,174.44,500,100,-126,274
1155,GPN,2020-08-05,0 days 15:57:52.466703,117285,174.47,174.45,300,496,274,-126
1156,GPN,2020-08-05,0 days 15:57:59.483551,117559,174.44,174.37,432,300,-26,274
1157,GPN,2020-08-05,0 days 15:58:00.486470,117285,174.44,174.37,1137,100,274,-26
1158,GPN,2020-08-05,0 days 15:58:03.493370,117573,174.44,174.33,2069,200,-712,274
1159,GPN,2020-08-05,0 days 15:58:04.495863,117285,174.44,174.33,2069,666,288,-712
1160,GPN,2020-08-05,0 days 15:58:05.498270,117573,174.39,174.33,246,466,-112,288
1161,GPN,2020-08-05,0 days 15:58:06.500590,117285,174.39,174.33,964,366,288,-112
1162,GPN,2020-08-05,0 days 15:58:11.513279,117573,174.43,174.4,523,305,-412,288
1163,GPN,2020-08-05,0 days 15:58:12.515788,117285,174.43,174.4,423,305,288,-412
1164,GPN,2020-08-05,0 days 15:58:18.530050,117586,174.43,174.39,444,564,-199,301
1165,GPN,2020-08-05,0 days 15:58:19.532531,117785,174.43,174.39,790,584,304,-199
1166,GPN,2020-08-05,0 days 15:58:42.587822,117634,174.42,174.38,453,200,-2551,549
1167,GPN,2020-08-05,0 days 15:58:43.591233,117385,174.42,174.38,300,200,249,-2551
1168,GPN,2020-08-05,0 days 15:58:56.621483,117634,174.42,174.32,100,204,-150,12
1169,GPN,2020-08-05,0 days 15:58:57.623931,117384,174.42,174.34,426,300,250,-150
1170,GPN,2020-08-05,0 days 15:59:00.633162,111678,174.41,174.36,300,213,-3806,250
1171,GPN,2020-08-05,0 days 15:59:08.651931,115993,174.34,174.26,666,244,-182,1718
1172,GPN,2020-08-05,0 days 15:59:09.655097,116175,174.34,174.26,566,505,1318,-182
1173,GPN,2020-08-05,0 days 15:59:13.663965,116981,174.34,174.31,269,211,-1594,2292
1174,GPN,2020-08-05,0 days 15:59:14.666320,116875,174.24,174.18,200,304,1906,-1594
1175,GPN,2020-08-05,0 days 15:59:17.674202,118781,174.26,174.18,735,304,-2018,206
1176,GPN,2020-08-05,0 days 15:59:18.676088,118699,174.24,174.18,400,100,82,-2018
1177,GPN,2020-08-05,0 days 15:59:23.687675,119983,174.25,174.21,300,100,-723,377
1178,GPN,2020-08-05,0 days 15:59:30.705544,118982,174.24,174.18,329,604,101,-423
1179,GPN,2020-08-05,0 days 15:59:36.719577,124317,174.26,174.19,900,204,-56,176
1180,GPN,2020-08-05,0 days 15:59:40.729945,124173,174.26,174.22,105,1004,144,-356
1181,GPN,2020-08-05,0 days 15:59:45.742055,124317,174.25,174.21,100,404,-2456,2959
1182,GPN,2020-08-05,0 days 15:59:46.745375,124173,174.24,174.18,100,100,218,-2456
1183,GPN,2020-08-05,0 days 15:59:58.772356,122591,174.35,174.15,308,1100,-3482,1241
1184,GPS,2020-08-05,0 days 15:55:00.224392,1015075,13.91,13.9,19309,6107,-134573,273281
1185,GPS,2020-08-05,0 days 15:57:49.633429,1220531,13.93,13.92,15971,13192,6147,-13353
1186,GPS,2020-08-05,0 days 15:57:54.646207,1203882,13.93,13.92,1549,19859,-3749,6147
1187,GPS,2020-08-05,0 days 15:59:05.820493,1210461,13.93,13.92,17383,14250,908,-2486
1188,GPS,2020-08-05,0 days 15:59:12.836641,1179409,13.92,13.91,4222,32826,-9881,23119
1189,GSK,2020-08-05,0 days 15:56:17.239136,22367,41.22,41.21,5952,12996,70,-773
1190,GSK,2020-08-05,0 days 15:56:18.241583,21637,41.23,41.22,7038,11598,-730,70
1191,GSK,2020-08-05,0 days 15:56:30.271067,14367,41.23,41.22,6201,14385,1670,-730
1192,GSK,2020-08-05,0 days 15:56:34.279758,16037,41.23,41.22,5401,15376,-6330,1670
1193,GSK,2020-08-05,0 days 15:58:15.526692,14667,41.24,41.23,6525,12435,1770,-630
1194,GSK,2020-08-05,0 days 15:58:23.546457,16437,41.24,41.23,7853,13181,-6863,1137
1195,GSK,2020-08-05,0 days 15:58:48.605394,23300,41.23,41.22,14324,5019,3744,-763
1196,GSK,2020-08-05,0 days 15:58:49.607976,20944,41.23,41.22,14709,5247,-2056,3744
1197,GSK,2020-08-05,0 days 15:59:15.672936,23171,41.22,41.21,5836,9335,3817,-1096
1198,GSK,2020-08-05,0 days 15:59:16.674527,22088,41.22,41.21,6056,10363,-1083,3817
1199,GSK,2020-08-05,0 days 15:59:45.742593,23645,41.22,41.21,13464,3899,418,-1261
1200,GSX,2020-08-05,0 days 15:57:26.504857,111844,113.69,113.64,500,400,-7158,4642
1201,GSX,2020-08-05,0 days 15:57:27.507434,107402,113.68,113.62,378,500,4442,-7158
1202,GSX,2020-08-05,0 days 15:57:43.546302,111844,113.53,113.51,605,300,-458,42
1203,GSX,2020-08-05,0 days 15:57:44.548829,106802,113.51,113.49,306,300,5042,-458
1204,GSX,2020-08-05,0 days 15:58:57.726447,112231,113.45,113.38,607,600,-944,1010
1205,GSX,2020-08-05,0 days 15:58:58.728888,102875,113.45,113.38,712,800,9356,-944
1206,GSX,2020-08-05,0 days 15:59:06.749610,133220,113.43,113.41,637,406,-16160,25240
1207,GSX,2020-08-05,0 days 15:59:07.751192,127774,113.43,113.34,1137,400,5446,-16160
1208,GSX,2020-08-05,0 days 15:59:15.769824,114409,113.4,113.36,606,324,-14665,4146
1209,GSX,2020-08-05,0 days 15:59:16.771955,92267,113.3,113.22,106,300,22142,-14665
1210,GSX,2020-08-05,0 days 15:59:45.842779,132647,113.25,113.17,1552,566,-6169,4275
1211,GSX,2020-08-05,0 days 15:59:46.844721,129316,113.21,113.17,834,566,3549,-6169
1212,HAL,2020-08-05,0 days 15:55:00.110122,357398,15.31,15.3,27086,8437,15124,-49931
1213,HAL,2020-08-05,0 days 15:55:36.197885,405823,15.31,15.3,12432,26101,-6377,6805
1214,HAL,2020-08-05,0 days 15:55:37.200671,399100,15.31,15.3,13323,28446,6723,-6377
1215,HAL,2020-08-05,0 days 15:57:23.454585,419956,15.32,15.31,35741,6842,6919,-2781
1216,HAL,2020-08-05,0 days 15:57:36.486884,426875,15.33,15.32,21300,22129,-1481,619
1217,HAL,2020-08-05,0 days 15:57:37.488953,424956,15.33,15.32,23001,18929,1919,-1481
1218,HAL,2020-08-05,0 days 15:57:41.498777,443775,15.33,15.32,20000,26318,-1081,3119
1219,HAL,2020-08-05,0 days 15:57:42.501061,437256,15.33,15.32,21000,24518,6519,-1081
1220,HAL,2020-08-05,0 days 15:57:47.513590,443775,15.34,15.33,26341,11839,-726,1374
1221,HAL,2020-08-05,0 days 15:57:48.515663,440901,15.34,15.33,30941,5413,2874,-726
1222,HAL,2020-08-05,0 days 15:58:17.586970,444079,15.33,15.32,73065,35888,-6507,3220
1223,HAL,2020-08-05,0 days 15:58:18.589689,439886,15.33,15.32,78165,30442,4193,-6507
1224,HAL,2020-08-05,0 days 15:58:38.638084,444079,15.33,15.32,67120,23442,-3768,1532
1225,HAL,2020-08-05,0 days 15:58:39.640519,441647,15.33,15.32,66948,24955,2432,-3768
1226,HAL,2020-08-05,0 days 15:59:04.701663,445802,15.32,15.31,30694,25331,-26401,1507
1227,HAL,2020-08-05,0 days 15:59:10.716738,466224,15.32,15.31,41467,24063,72032,-11455
1228,HAL,2020-08-05,0 days 15:59:12.721630,538468,15.33,15.32,21231,40569,-3356,7044
1229,HBI,2020-08-05,0 days 15:55:00.118262,150703,14.72,14.71,11761,3710,-44776,31312
1230,HBI,2020-08-05,0 days 15:55:40.215013,188527,14.72,14.71,7088,17348,-2452,2048
