,Symbol,Timestamp,TIME,iPaired,Ask_P,Bid_P,Ask_S,Bid_S,iShares,PreviShares
0,AA,2020-08-13,0 days 15:55:28.673464,105669,14.49,14.48,11760,10543,-1483,217
1,AA,2020-08-13,0 days 15:55:29.677310,103552,14.49,14.48,10360,12447,2117,-1483
2,AA,2020-08-13,0 days 15:56:55.883049,105671,14.49,14.48,14708,6553,-6,672
3,AA,2020-08-13,0 days 15:57:05.907136,105677,14.5,14.49,6717,13039,294,-6
4,AA,2020-08-13,0 days 15:57:11.921617,110115,14.5,14.49,9637,8490,-8034,1922
5,AA,2020-08-13,0 days 15:58:02.043614,102317,14.5,14.49,12449,7971,-32,1358
6,AA,2020-08-13,0 days 15:58:37.128288,95593,14.5,14.49,12803,12366,-5794,119
7,AA,2020-08-13,0 days 15:59:23.241195,101924,14.5,14.49,15410,12071,441,-1859
8,AA,2020-08-13,0 days 15:59:45.295052,106069,14.49,14.48,11734,14346,-2347,1345
9,AA,2020-08-13,0 days 15:59:46.296576,105716,14.49,14.48,21825,2573,1043,-2347
10,ABBV,2020-08-13,0 days 15:59:14.791463,374644,94.72,94.71,1210,442,-6708,6577
11,ABBV,2020-08-13,0 days 15:59:24.814437,396200,94.67,94.66,1133,3055,-1563,636
12,ABBV,2020-08-13,0 days 15:59:47.870668,388220,94.67,94.66,56,2534,-14642,62416
13,ABBV,2020-08-13,0 days 15:59:55.890128,388924,94.67,94.64,623,200,-14440,57210
14,ABEV,2020-08-13,0 days 15:59:22.718821,48219,2.48,2.47,637427,839492,-16435,4456
15,ABEV,2020-08-13,0 days 15:59:36.752680,64654,2.48,2.47,701566,930198,13965,-16435
16,ABEV,2020-08-13,0 days 15:59:37.755345,63819,2.48,2.47,712011,931698,-835,13965
17,ABT,2020-08-13,0 days 15:55:34.167849,226342,101.13,101.1,700,1676,-3063,2917
18,ABT,2020-08-13,0 days 15:55:35.169840,224405,101.13,101.1,700,1674,1937,-3063
19,ABT,2020-08-13,0 days 15:58:04.531106,249791,101.06,101.03,911,300,-4832,1859
20,ABT,2020-08-13,0 days 15:58:21.572021,253286,101.09,101.08,100,2053,-1887,1613
21,ABT,2020-08-13,0 days 15:58:50.642360,253773,101.08,101.07,200,714,2142,-1231
22,ABT,2020-08-13,0 days 15:58:51.644591,253115,101.09,101.07,103,614,-658,2142
23,ABT,2020-08-13,0 days 15:59:09.691118,258421,101.08,101.07,182,1197,8265,-4223
24,ABT,2020-08-13,0 days 15:59:15.702054,270386,101.12,101.11,857,136,-684,36
25,ABT,2020-08-13,0 days 15:59:47.777603,274538,101.15,101.12,439,300,-17197,442
26,ABT,2020-08-13,0 days 15:59:49.782308,274623,101.08,101.06,1200,300,22632,-235
27,ABT,2020-08-13,0 days 15:59:54.794254,275255,101.11,101.1,300,446,-17035,359
28,ABT,2020-08-13,0 days 15:59:55.796398,274896,101.11,101.09,700,336,359,-17035
29,ABT,2020-08-13,0 days 15:59:57.800672,275255,101.11,101.1,523,200,-17035,359
30,ADT,2020-08-13,0 days 15:55:35.169973,87271,11.87,11.86,2152,3827,152,-1695
31,ADT,2020-08-13,0 days 15:58:15.557513,86315,11.87,11.86,7406,1000,-650,350
32,ADT,2020-08-13,0 days 15:58:47.634380,91278,11.89,11.88,3713,4456,1249,-3164
33,ADT,2020-08-13,0 days 15:58:48.637112,88127,11.89,11.88,3613,4769,-3151,1249
34,ADT,2020-08-13,0 days 15:59:33.745698,91278,11.89,11.88,4294,9393,5898,-2478
35,ADT,2020-08-13,0 days 15:59:34.751076,89376,11.89,11.88,5094,9393,-1902,5898
36,ADT,2020-08-13,0 days 15:59:40.763402,91278,11.89,11.88,1204,16247,6983,-1167
37,ADT,2020-08-13,0 days 15:59:43.769984,90461,11.89,11.88,1805,8353,-842,6983
38,AEO,2020-08-13,0 days 15:55:35.224620,159665,11.8,11.79,12224,12776,-18,756
39,AEO,2020-08-13,0 days 15:56:06.299220,159809,11.8,11.79,19035,4390,3386,-114
40,AEO,2020-08-13,0 days 15:58:18.619562,168979,11.8,11.79,8252,28102,-3850,3650
41,AEO,2020-08-13,0 days 15:58:19.620839,166629,11.8,11.79,8852,26501,2350,-3850
42,AEO,2020-08-13,0 days 15:59:01.723743,161039,11.79,11.78,19562,31163,-6329,3650
43,AEO,2020-08-13,0 days 15:59:17.761850,168368,11.78,11.77,12664,31397,873,-227
44,AEP,2020-08-13,0 days 15:55:01.087442,128369,83.88,83.87,688,254,-792,4108
45,AEP,2020-08-13,0 days 15:55:36.172721,129314,83.85,83.84,300,304,264,-945
46,AEP,2020-08-13,0 days 15:55:37.175222,128578,83.85,83.84,400,285,-736,264
47,AEP,2020-08-13,0 days 15:57:39.468816,133585,83.76,83.75,777,681,325,-775
48,AEP,2020-08-13,0 days 15:58:09.543614,136208,83.75,83.74,768,100,-777,723
49,AEP,2020-08-13,0 days 15:58:11.548381,139127,83.74,83.73,699,1,656,-2919
50,AEP,2020-08-13,0 days 15:58:12.549871,138383,83.74,83.73,1478,602,-744,656
51,AEP,2020-08-13,0 days 15:58:23.577754,139127,83.78,83.76,982,1600,56,-1044
52,AEP,2020-08-13,0 days 15:58:24.581401,138083,83.78,83.76,832,2000,-1044,56
53,AEP,2020-08-13,0 days 15:58:40.618216,139127,83.79,83.78,2179,898,941,-1044
54,AEP,2020-08-13,0 days 15:59:09.691359,141568,83.78,83.77,300,1118,24372,-1379
55,AEP,2020-08-13,0 days 15:59:14.701529,174440,83.8,83.79,600,204,-987,19072
56,AEP,2020-08-13,0 days 15:59:19.712823,174712,83.78,83.77,300,420,-715,13
57,AEP,2020-08-13,0 days 15:59:27.730973,182943,83.74,83.73,45,531,939,-1261
58,AEP,2020-08-13,0 days 15:59:28.732998,181782,83.72,83.71,344,12,-1161,939
59,AEP,2020-08-13,0 days 15:59:32.743209,182943,83.71,83.7,745,243,2039,-4761
60,AEP,2020-08-13,0 days 15:59:33.745698,182382,83.71,83.7,1046,542,-561,2039
61,AES,2020-08-13,0 days 15:55:36.203760,345135,17.83,17.82,14741,10386,3646,-7195
62,AES,2020-08-13,0 days 15:55:37.205965,338981,17.83,17.82,15253,10486,-6154,3646
63,AES,2020-08-13,0 days 15:56:10.285814,345144,17.83,17.82,26973,10904,4553,-4921
64,AES,2020-08-13,0 days 15:56:11.288552,339997,17.83,17.82,27748,10932,-5147,4553
65,AES,2020-08-13,0 days 15:56:54.391352,345044,17.81,17.8,11238,17628,4527,-4947
66,AES,2020-08-13,0 days 15:56:55.394392,339971,17.81,17.8,11638,17520,-5073,4527
67,AES,2020-08-13,0 days 15:57:17.446755,345144,17.82,17.81,3790,17701,4727,-4747
68,AES,2020-08-13,0 days 15:57:18.449023,340171,17.82,17.81,3390,20124,-4973,4727
69,AES,2020-08-13,0 days 15:57:32.483284,345144,17.82,17.81,16105,6010,3527,-5847
70,AES,2020-08-13,0 days 15:57:33.485048,340271,17.82,17.81,14895,8228,-4873,3527
71,AES,2020-08-13,0 days 15:58:01.554924,374850,17.81,17.8,19580,21755,508,-7402
72,AES,2020-08-13,0 days 15:58:02.556704,354370,17.81,17.8,19665,24196,-20480,508
73,AES,2020-08-13,0 days 15:58:49.669684,373635,17.81,17.8,26258,29979,-7970,1330
74,AES,2020-08-13,0 days 15:59:04.707650,384851,17.81,17.8,33220,26442,12202,-6715
75,AES,2020-08-13,0 days 15:59:05.710037,380253,17.81,17.8,33320,28839,-4598,12202
76,AES,2020-08-13,0 days 15:59:21.746427,378512,17.8,17.79,21831,23117,-4139,2361
77,AES,2020-08-13,0 days 15:59:34.780776,385451,17.81,17.8,21873,31108,19113,-4139
78,AES,2020-08-13,0 days 15:59:35.782160,363264,17.81,17.8,21708,29723,-19387,19113
79,AES,2020-08-13,0 days 15:59:42.797847,382248,17.8,17.79,13302,27336,-2984,1697
80,AES,2020-08-13,0 days 15:59:45.806041,386120,17.8,17.79,22840,17476,3736,-1192
81,AES,2020-08-13,0 days 15:59:46.807775,384956,17.8,17.79,26534,9490,-1164,3736
82,AFL,2020-08-13,0 days 15:55:00.101460,317287,37.69,37.68,1979,832,63872,-42753
83,AFL,2020-08-13,0 days 15:59:03.690921,384251,37.71,37.7,1529,5083,-6413,2721
84,AFL,2020-08-13,0 days 15:59:04.694738,379364,37.71,37.7,3793,3606,4887,-6413
85,AFL,2020-08-13,0 days 15:59:22.737161,370061,37.7,37.69,3593,1423,16323,-6277
86,AG,2020-08-13,0 days 15:56:11.288680,80534,11.87,11.86,9407,12305,12202,-798
87,AG,2020-08-13,0 days 15:59:46.807928,88786,11.86,11.85,22502,37241,2282,-9293
88,AGI,2020-08-13,0 days 15:55:13.210597,22476,9.89,9.88,2788,31684,994,-206
89,AGI,2020-08-13,0 days 15:59:45.868319,25537,9.9,9.89,4237,42383,-883,548
90,AGI,2020-08-13,0 days 15:59:46.868321,25420,9.9,9.89,6779,40083,420,-883
91,AIG,2020-08-13,0 days 15:55:00.117135,323735,30.7,30.69,1401,2080,-1279,30755
92,AIG,2020-08-13,0 days 15:58:07.568479,347551,30.7,30.69,6315,1051,1765,-35
93,AIG,2020-08-13,0 days 15:58:08.571330,340025,30.7,30.69,4824,3334,-7193,1765
94,AIG,2020-08-13,0 days 15:59:02.702413,360721,30.72,30.71,6382,2947,20821,-3625
95,AIG,2020-08-13,0 days 15:59:03.704744,330929,30.72,30.71,3449,7691,-29792,20821
96,AIG,2020-08-13,0 days 15:59:04.707882,360221,30.71,30.7,7528,1676,12604,-29792
97,ALK,2020-08-13,0 days 15:55:32.257136,92157,37.74,37.73,451,1900,1010,-990
98,ALK,2020-08-13,0 days 15:55:33.259828,91267,37.74,37.73,451,1800,-890,1010
99,ALK,2020-08-13,0 days 15:56:13.355099,92179,37.75,37.74,1161,435,243,-744
100,ALK,2020-08-13,0 days 15:56:14.357448,91422,37.75,37.74,1165,435,-757,243
101,ALK,2020-08-13,0 days 15:57:35.550128,92434,37.77,37.76,4708,1160,232,-168
102,ALK,2020-08-13,0 days 15:57:36.552228,91766,37.77,37.76,4808,1060,-668,232
103,ALK,2020-08-13,0 days 15:57:38.556890,92434,37.77,37.76,4708,1090,232,-668
104,ALK,2020-08-13,0 days 15:57:39.559124,91766,37.77,37.76,4708,1590,-668,232
105,ALK,2020-08-13,0 days 15:57:57.602627,92834,37.79,37.78,280,1535,145,-1055
106,ALK,2020-08-13,0 days 15:57:58.604766,92279,37.79,37.78,280,1507,-555,145
107,ALK,2020-08-13,0 days 15:58:05.622492,92556,37.77,37.76,1243,799,523,-777
108,ALK,2020-08-13,0 days 15:58:06.624838,92079,37.77,37.76,2571,752,-477,523
109,ALK,2020-08-13,0 days 15:58:10.634807,92556,37.76,37.75,2014,482,3189,-34
110,ALK,2020-08-13,0 days 15:58:11.637232,92245,37.76,37.75,3194,382,-311,3189
111,ALK,2020-08-13,0 days 15:58:19.656302,92556,37.76,37.75,819,837,178,-122
112,ALK,2020-08-13,0 days 15:58:20.659210,92434,37.76,37.75,919,837,-122,178
113,ALK,2020-08-13,0 days 15:58:24.668915,92556,37.76,37.75,268,1242,489,-1011
114,ALK,2020-08-13,0 days 15:58:25.671240,92545,37.76,37.75,268,1142,-11,489
115,ALK,2020-08-13,0 days 15:59:20.805028,92947,37.76,37.75,700,116,8028,-195
116,ALLY,2020-08-13,0 days 15:55:01.141580,99046,22.31,22.3,7670,3475,-487,2113
117,ALLY,2020-08-13,0 days 15:59:01.723787,118233,22.31,22.3,9545,19568,6173,-4689
118,ALLY,2020-08-13,0 days 15:59:02.726133,116547,22.31,22.3,8245,21568,-1286,6173
119,ALLY,2020-08-13,0 days 15:59:03.728629,117833,22.31,22.3,9268,19380,374,-1286
120,ALLY,2020-08-13,0 days 15:59:04.731328,116307,22.31,22.3,7643,16676,-3526,374
121,AM,2020-08-13,0 days 15:55:30.679008,288673,7.0,6.99,9054,15349,-9158,2342
122,AM,2020-08-13,0 days 15:55:31.680634,287431,7.0,6.99,9154,15379,1242,-9158
123,AM,2020-08-13,0 days 15:57:50.012998,287571,7.0,6.99,19841,9552,1102,-2898
124,AM,2020-08-13,0 days 15:57:55.025176,288673,7.0,6.99,18041,10394,-698,1102
125,AM,2020-08-13,0 days 15:57:56.027391,287571,7.0,6.99,18041,10394,1102,-698
126,AM,2020-08-13,0 days 15:58:00.040301,288881,7.0,6.99,15543,10704,-90,1310
127,AM,2020-08-13,0 days 15:58:01.041027,287803,7.0,6.99,15543,10804,1078,-90
128,AM,2020-08-13,0 days 15:58:09.061162,288881,7.0,6.99,15668,10304,-2622,1078
129,AM,2020-08-13,0 days 15:58:10.064679,287803,7.0,6.99,15768,10304,1078,-2622
130,AM,2020-08-13,0 days 15:58:13.070413,289748,7.0,6.99,14768,11444,-655,3045
131,AM,2020-08-13,0 days 15:58:14.072449,288503,7.0,6.99,14668,11744,1245,-655
132,AM,2020-08-13,0 days 15:59:45.295111,325120,7.01,7.0,16028,24940,-2949,15651
133,AMC,2020-08-13,0 days 15:58:05.533085,55720,5.33,5.32,13627,2121,-976,1424
134,AMC,2020-08-13,0 days 15:59:20.714107,54033,5.32,5.31,14129,12354,-5232,4168
135,AMCR,2020-08-13,0 days 15:59:15.720132,1631623,11.2,11.19,39202,12767,237992,-637332
136,AMCR,2020-08-13,0 days 15:59:16.722471,1554076,11.21,11.2,62536,36681,-82547,237992
137,AMCR,2020-08-13,0 days 15:59:19.729658,1637194,11.2,11.19,22220,22786,44842,-2618
138,AMCR,2020-08-13,0 days 15:59:23.739461,1627736,11.2,11.19,29553,21486,-28258,5842
139,AMCR,2020-08-13,0 days 15:59:25.744051,1655994,11.2,11.19,33620,22815,63642,-6158
140,AMCR,2020-08-13,0 days 15:59:26.746510,1655936,11.2,11.19,35120,22715,-58,63642
141,AMCR,2020-08-13,0 days 15:59:40.780477,1669884,11.2,11.19,48959,14236,2902,-1548
142,AMX,2020-08-13,0 days 15:57:09.917596,30670,12.95,12.94,25409,9700,-2941,2455
143,AMX,2020-08-13,0 days 15:58:59.182196,34278,12.93,12.92,30448,14097,-1005,295
144,AMX,2020-08-13,0 days 15:59:05.196825,35219,12.93,12.92,30899,14794,1436,-464
145,AMX,2020-08-13,0 days 15:59:16.223623,34743,12.93,12.92,14407,23006,-608,1304
146,AR,2020-08-13,0 days 15:58:59.694410,360081,3.99,3.98,58074,80472,435,-5810
147,AR,2020-08-13,0 days 15:59:07.715000,363251,3.99,3.98,59574,80325,-11320,2870
148,AR,2020-08-13,0 days 15:59:15.732374,360381,3.99,3.98,94810,56388,19782,-11320
149,AR,2020-08-13,0 days 15:59:16.734482,349663,3.99,3.98,92827,55324,-10718,19782
150,AR,2020-08-13,0 days 15:59:38.788959,371595,3.99,3.98,105112,37897,43068,-7832
151,AR,2020-08-13,0 days 15:59:39.790592,365550,3.99,3.98,104112,42108,-6045,43068
152,AR,2020-08-13,0 days 15:59:45.805970,371595,3.99,3.98,96841,21408,15986,-1914
153,AR,2020-08-13,0 days 15:59:46.807748,365981,3.99,3.98,98024,24947,-10632,15986
154,ARMK,2020-08-13,0 days 15:59:18.801016,1059919,25.03,25.02,2294,1578,-66909,15468
155,ARMK,2020-08-13,0 days 15:59:19.803818,1059528,25.02,25.01,1712,946,391,-66909
156,ARMK,2020-08-13,0 days 15:59:45.870578,1071066,24.95,24.94,5063,1802,-10042,99
157,ARMK,2020-08-13,0 days 15:59:46.869408,1074070,24.95,24.94,5363,1102,202,-10042
158,ASX,2020-08-13,0 days 15:59:01.723546,22838,4.58,4.57,14894,17885,-4145,5455
159,ASX,2020-08-13,0 days 15:59:02.725921,22383,4.58,4.57,14999,19630,455,-4145
160,ASX,2020-08-13,0 days 15:59:18.764528,22838,4.58,4.57,13873,26150,-1245,455
161,ASX,2020-08-13,0 days 15:59:19.766898,19083,4.58,4.57,13346,26150,3755,-1245
162,ATUS,2020-08-13,0 days 15:55:36.226827,186673,27.17,27.16,15636,3163,2598,-1101
163,ATUS,2020-08-13,0 days 15:55:37.229407,182271,27.17,27.16,15646,3063,-4402,2598
164,ATUS,2020-08-13,0 days 15:58:59.717793,249520,27.15,27.14,8999,14330,2534,-11
165,ATUS,2020-08-13,0 days 15:59:01.723451,226954,27.15,27.14,8956,14633,-5958,7542
166,ATUS,2020-08-13,0 days 15:59:34.803769,239587,27.15,27.14,11754,14986,8986,-5190
167,ATUS,2020-08-13,0 days 15:59:35.805687,221973,27.15,27.14,1787,21596,-22014,8986
168,ATUS,2020-08-13,0 days 15:59:45.831934,243987,27.15,27.14,9801,9560,6894,-2302
169,ATUS,2020-08-13,0 days 15:59:46.832789,239681,27.15,27.14,11236,10091,-4784,6894
170,AU,2020-08-13,0 days 15:56:13.292699,40047,28.45,28.44,500,1888,-526,530
171,AU,2020-08-13,0 days 15:56:14.295187,39373,28.45,28.44,500,1588,674,-526
172,AU,2020-08-13,0 days 15:58:01.555074,42599,28.44,28.43,1860,2627,-54,546
173,AU,2020-08-13,0 days 15:58:12.581491,42599,28.44,28.43,789,3000,-3786,371
174,AU,2020-08-13,0 days 15:59:01.700266,43247,28.45,28.44,774,1635,5597,-455
175,AU,2020-08-13,0 days 15:59:02.702268,42949,28.46,28.45,1847,535,-298,5597
176,AU,2020-08-13,0 days 15:59:15.732649,43426,28.43,28.42,2500,1000,623,-377
177,AUY,2020-08-13,0 days 15:56:57.461614,84986,5.98,5.97,172785,583634,585,-805
178,AUY,2020-08-13,0 days 15:57:46.580377,87147,5.99,5.98,352512,584958,-1349,1661
179,AUY,2020-08-13,0 days 15:59:16.796221,86642,5.99,5.98,194648,653535,11115,-45752
180,AUY,2020-08-13,0 days 15:59:32.835025,96370,5.99,5.98,10571,816987,-45045,7684
181,AVTR,2020-08-13,0 days 15:56:53.340874,112124,21.1,21.09,7842,3089,-1689,19211
182,AVTR,2020-08-13,0 days 15:59:34.731018,166277,21.12,21.11,3197,2715,2646,-749
183,AVTR,2020-08-13,0 days 15:59:35.731482,161523,21.12,21.11,3190,2930,-4754,2646
184,AVTR,2020-08-13,0 days 15:59:38.740336,166277,21.12,21.11,2082,1589,856,-1824
185,AXP,2020-08-13,0 days 15:59:14.826128,433174,100.33,100.31,252,710,49242,-29857
186,AXP,2020-08-13,0 days 15:59:32.868888,518959,100.36,100.35,709,355,-1083,65452
187,AXP,2020-08-13,0 days 15:59:34.873193,515792,100.37,100.36,1202,212,3154,-296
188,AXP,2020-08-13,0 days 15:59:37.880457,517271,100.39,100.38,1500,100,4326,-5525
189,AXP,2020-08-13,0 days 15:59:47.904009,524386,100.37,100.36,886,1203,-2212,1364
190,AXP,2020-08-13,0 days 15:59:48.907219,526644,100.37,100.36,886,1503,14193,-2212
191,AXP,2020-08-13,0 days 15:59:57.927998,548123,100.42,100.39,2188,10300,9010,-7286
192,AXTA,2020-08-13,0 days 15:55:00.604754,54000,24.02,24.01,2410,2295,903,-31051
193,AXTA,2020-08-13,0 days 15:55:01.606452,53203,24.02,24.01,2510,2795,-797,903
194,AXTA,2020-08-13,0 days 15:55:34.688211,54000,24.02,24.01,2661,4270,2692,-542
195,AXTA,2020-08-13,0 days 15:55:35.690802,53192,24.02,24.01,2961,3570,-808,2692
196,AXTA,2020-08-13,0 days 15:57:41.993386,54279,24.04,24.03,1320,3332,682,-518
197,AXTA,2020-08-13,0 days 15:57:42.996331,53661,24.04,24.03,100,4082,-618,682
198,AXTA,2020-08-13,0 days 15:58:59.182134,55179,24.04,24.03,588,4966,3892,-408
199,AXTA,2020-08-13,0 days 15:59:00.187032,54371,24.04,24.03,1104,4772,-808,3892
200,AXTA,2020-08-13,0 days 15:59:10.209623,63571,24.04,24.03,1211,4718,530,-1100
201,AXTA,2020-08-13,0 days 15:59:11.211385,62601,24.04,24.03,611,6544,-970,530
202,AXTA,2020-08-13,0 days 15:59:45.295052,62635,24.01,24.0,5671,3100,3422,-148
203,AXTA,2020-08-13,0 days 15:59:46.296576,62657,24.01,24.0,5331,1541,-1186,3422
204,AXTA,2020-08-13,0 days 15:59:48.301623,63843,24.01,24.0,5070,8993,695,-86
205,AXTA,2020-08-13,0 days 15:59:50.310209,63425,24.01,24.0,5038,1043,-418,1515
206,AYX,2020-08-13,0 days 15:55:00.101707,22984,110.58,110.51,208,6,-5367,7490
207,AYX,2020-08-13,0 days 15:57:41.491723,28624,110.49,110.45,418,1,51,-249
208,AYX,2020-08-13,0 days 15:57:42.493974,28575,110.53,110.48,3,425,-149,51
209,AYX,2020-08-13,0 days 15:58:27.603416,28982,110.46,110.4,386,200,337,-263
210,AYX,2020-08-13,0 days 15:58:28.606051,28719,110.46,110.4,386,300,-263,337
211,AYX,2020-08-13,0 days 15:58:40.634970,28882,110.42,110.34,790,141,1122,-163
212,AYX,2020-08-13,0 days 15:58:41.637551,28704,110.42,110.35,790,1,-178,1122
213,AYX,2020-08-13,0 days 15:59:05.696912,29147,110.38,110.34,314,421,51,-578
214,AYX,2020-08-13,0 days 15:59:06.699494,28898,110.38,110.34,214,321,-249,51
215,AYX,2020-08-13,0 days 15:59:19.729726,29452,110.4,110.36,3570,481,122,-250
216,AYX,2020-08-13,0 days 15:59:20.732182,29174,110.4,110.36,3470,581,-5035,122
217,AYX,2020-08-13,0 days 15:59:23.739589,34209,110.36,110.34,395,62,365,-235
218,AYX,2020-08-13,0 days 15:59:24.741847,33674,110.36,110.34,385,62,-535,365
219,AYX,2020-08-13,0 days 15:59:50.805918,34309,110.37,110.3,180,73,4399,-738
220,AZN,2020-08-13,0 days 15:57:05.907107,38919,55.72,55.71,792,4035,-7838,1352
221,AZN,2020-08-13,0 days 15:57:06.909666,35857,55.72,55.71,3545,2935,3062,-7838
222,AZN,2020-08-13,0 days 15:59:15.221496,34674,55.73,55.72,1550,2073,2866,-46
223,AZN,2020-08-13,0 days 15:59:20.233183,36456,55.75,55.74,1300,1468,-918,166
224,AZN,2020-08-13,0 days 15:59:21.235333,35979,55.75,55.74,1400,1768,35,-918
225,AZN,2020-08-13,0 days 15:59:49.303497,37639,55.75,55.74,424,1800,-251,807
226,AZN,2020-08-13,0 days 15:59:50.309850,35990,55.76,55.75,2237,1134,1207,-251
227,AZN,2020-08-13,0 days 15:59:54.316603,35955,55.77,55.76,697,2032,-35,1207
228,BA,2020-08-13,0 days 15:57:45.537683,194963,174.67,174.65,32,248,-19,4538
229,BA,2020-08-13,0 days 15:57:49.547199,189282,174.67,174.65,115,138,5681,-19
230,BA,2020-08-13,0 days 15:58:01.578223,189378,174.63,174.6,13,601,-2164,3588
231,BA,2020-08-13,0 days 15:58:02.580503,185042,174.64,174.61,400,400,3679,-2164
232,BA,2020-08-13,0 days 15:59:05.734826,187780,174.68,174.66,23,614,-1017,2581
233,BABA,2020-08-13,0 days 15:56:09.344466,315098,253.95,253.92,10,520,4523,-1277
234,BABA,2020-08-13,0 days 15:56:10.347919,312143,253.98,253.94,511,743,-2955,4523
235,BABA,2020-08-13,0 days 15:57:35.549635,316398,254.04,254.01,405,500,1870,-2730
236,BABA,2020-08-13,0 days 15:57:36.551250,313868,254.04,254.01,505,704,-2530,1870
237,BABA,2020-08-13,0 days 15:57:46.575793,317698,254.01,253.98,300,5,770,-3830
238,BABA,2020-08-13,0 days 15:57:47.577374,315502,254.02,253.98,100,14,-2196,770
239,BABA,2020-08-13,0 days 15:58:14.643322,318013,254.11,254.07,1100,485,182,-2618
240,BABA,2020-08-13,0 days 15:58:15.646005,315395,254.11,254.07,1414,793,-2618,182
241,BABA,2020-08-13,0 days 15:58:45.718759,318424,254.11,254.09,300,400,1171,-3475
242,BABA,2020-08-13,0 days 15:58:46.720612,315749,254.12,254.1,600,400,-2675,1171
243,BAC,2020-08-13,0 days 15:59:09.206886,1545083,26.36,26.35,92576,79832,23568,-6432
244,BAC,2020-08-13,0 days 15:59:26.247128,1637210,26.37,26.36,134879,56056,-5614,12733
245,BAC,2020-08-13,0 days 15:59:27.250029,1625024,26.37,26.36,137578,56856,12186,-5614
246,BAC,2020-08-13,0 days 15:59:46.296609,1629545,26.36,26.35,64850,74086,11912,-10388
247,BAC,2020-08-13,0 days 15:59:49.303602,1641457,26.36,26.35,77728,73780,-23739,7588
248,BAC,2020-08-13,0 days 15:59:50.310321,1623496,26.36,26.35,117925,3785,17961,-23739
249,BAM,2020-08-13,0 days 15:58:47.728811,56556,33.26,33.25,4047,1601,4697,-1962
250,BAM,2020-08-13,0 days 15:58:48.731426,55153,33.26,33.25,3333,1301,-1403,4697
251,BAM,2020-08-13,0 days 15:59:46.869808,59959,33.29,33.28,1459,300,-1271,5431
252,BAX,2020-08-13,0 days 15:59:48.780111,508694,84.64,84.63,6,1983,3154,-10088
253,BAX,2020-08-13,0 days 15:59:49.782366,506548,84.65,84.63,525,2085,-2146,3154
254,BBD,2020-08-13,0 days 15:59:45.793603,298980,3.95,3.94,440678,991141,-2372,7428
255,BBD,2020-08-13,0 days 15:59:48.800690,292752,3.95,3.94,362374,1035110,6988,-1612
256,BBVA,2020-08-13,0 days 15:59:36.734225,23450,3.02,3.01,68284,415984,-12270,14430
257,BBVA,2020-08-13,0 days 15:59:37.736400,22720,3.02,3.01,71919,414434,1469,-12270
258,BE,2020-08-13,0 days 15:55:00.178615,147479,14.5,14.49,3021,3737,342,-11828
259,BE,2020-08-13,0 days 15:55:34.262316,147824,14.5,14.49,48751,4109,-1355,1645
260,BE,2020-08-13,0 days 15:58:02.615048,150051,14.5,14.49,61651,8704,-1134,3255
261,BE,2020-08-13,0 days 15:59:01.759925,154364,14.47,14.46,8823,8248,2218,-3282
262,BEN,2020-08-13,0 days 15:57:54.559629,142157,21.87,21.86,16687,6166,12,-617
263,BEN,2020-08-13,0 days 15:57:55.561724,141569,21.87,21.86,14860,8134,-588,12
264,BEN,2020-08-13,0 days 15:58:09.597004,161400,21.86,21.85,12834,5551,-12827,1279
265,BEN,2020-08-13,0 days 15:58:10.599415,159427,21.86,21.85,15105,4712,1973,-12827
266,BEN,2020-08-13,0 days 15:58:16.613975,162501,21.88,21.87,3850,8267,-1426,3074
267,BEN,2020-08-13,0 days 15:59:00.721278,164568,21.88,21.87,16985,2766,5429,-130
268,BEN,2020-08-13,0 days 15:59:01.723581,172182,21.88,21.87,14957,5729,-3693,5429
269,BEN,2020-08-13,0 days 15:59:03.728433,169475,21.88,21.87,16764,4536,522,-1578
270,BEN,2020-08-13,0 days 15:59:04.731114,169997,21.88,21.87,14964,6916,-994,522
271,BEN,2020-08-13,0 days 15:59:46.832919,198394,21.89,21.88,13584,9159,-1724,10189
272,BEN,2020-08-13,0 days 15:59:47.834202,197718,21.89,21.88,15361,7189,676,-1724
273,BEST,2020-08-13,0 days 15:55:48.185062,38098,4.45,4.44,6176,7975,-2841,487
274,BHC,2020-08-13,0 days 15:55:01.180734,60778,17.17,17.16,4887,7638,-673,1427
275,BHC,2020-08-13,0 days 15:55:12.208263,57902,17.17,17.16,11997,2781,2876,-673
276,BHC,2020-08-13,0 days 15:55:13.210609,54478,17.17,17.16,8703,5981,-3424,2876
277,BHC,2020-08-13,0 days 15:56:07.341088,61104,17.17,17.16,8443,6999,400,-567
278,BHC,2020-08-13,0 days 15:56:08.342851,60504,17.17,17.16,8343,7099,-600,400
279,BHC,2020-08-13,0 days 15:56:10.348416,61104,17.17,17.16,7743,8099,242,-600
280,BHC,2020-08-13,0 days 15:56:11.351023,60646,17.17,17.16,7443,8099,-458,242
281,BHC,2020-08-13,0 days 15:56:12.352992,61104,17.17,17.16,7243,8399,1222,-458
282,BHC,2020-08-13,0 days 15:56:13.355188,58026,17.17,17.16,7243,8299,-3078,1222
283,BHC,2020-08-13,0 days 15:59:48.874150,68278,17.19,17.18,13304,5422,-500,200
284,BHP,2020-08-13,0 days 15:55:26.202489,33271,56.99,56.98,4334,1876,-115,2185
285,BHP,2020-08-13,0 days 15:55:27.204987,32286,56.99,56.98,4334,1876,985,-115
286,BHP,2020-08-13,0 days 15:59:02.726032,35293,57.02,57.01,4024,3271,-17,1483
287,BHP,2020-08-13,0 days 15:59:05.734740,35310,57.02,57.01,4324,3449,1983,-17
288,BHP,2020-08-13,0 days 15:59:06.735873,37293,57.02,57.01,1583,4444,-1417,1983
289,BHP,2020-08-13,0 days 15:59:07.738897,36810,57.03,57.02,5896,1450,483,-1417
290,BHP,2020-08-13,0 days 15:59:17.761822,34401,57.03,57.02,1683,6109,-13,291
291,BHP,2020-08-13,0 days 15:59:34.803933,34214,57.03,57.02,3551,6439,2914,-13
292,BHP,2020-08-13,0 days 15:59:35.805851,37128,57.03,57.02,1655,7239,-886,2914
293,BHP,2020-08-13,0 days 15:59:46.832986,37895,57.04,57.03,8758,1443,653,-3867
294,BHP,2020-08-13,0 days 15:59:47.834202,38548,57.03,57.02,2765,3703,-647,653
295,BHP,2020-08-13,0 days 15:59:50.843596,37217,57.03,57.02,901,3603,1331,-647
296,BK,2020-08-13,0 days 15:58:08.630022,367419,37.27,37.26,2814,8006,-3317,11190
297,BK,2020-08-13,0 days 15:58:09.633012,357336,37.27,37.26,3412,6900,9792,-3317
298,BK,2020-08-13,0 days 15:59:44.864346,394474,37.3,37.29,3903,13001,-750,282
299,BK,2020-08-13,0 days 15:59:46.868157,400459,37.3,37.29,14420,5120,1174,-19085
300,BKR,2020-08-13,0 days 15:55:00.207930,307191,17.14,17.13,7186,17369,1109,-118664
301,BKR,2020-08-13,0 days 15:55:01.210544,302100,17.14,17.13,7238,13438,-5091,1109
302,BKR,2020-08-13,0 days 15:58:53.773179,340331,17.14,17.13,14882,14364,-7210,2190
303,BKR,2020-08-13,0 days 15:59:15.827969,345172,17.14,17.13,18662,15253,3942,-9759
304,BKR,2020-08-13,0 days 15:59:16.830645,340514,17.14,17.13,16702,14053,-4658,3942
305,BKR,2020-08-13,0 days 15:59:27.857069,345172,17.14,17.13,24097,5562,2697,-2943
306,BKR,2020-08-13,0 days 15:59:28.859686,341069,17.14,17.13,24333,5256,-4103,2697
307,BMY,2020-08-13,0 days 15:55:00.139123,439138,63.23,63.22,1169,3606,9878,-133298
308,BMY,2020-08-13,0 days 15:55:01.141419,433616,63.23,63.22,2968,3095,-5522,9878
309,BMY,2020-08-13,0 days 15:55:29.210235,439538,63.21,63.2,410,3733,4135,-5865
310,BMY,2020-08-13,0 days 15:55:30.212571,437573,63.23,63.22,2670,947,-1965,4135
311,BMY,2020-08-13,0 days 15:58:50.697013,441161,63.22,63.21,500,2600,1670,-1092
312,BMY,2020-08-13,0 days 15:58:51.698477,437531,63.22,63.21,803,3300,-3630,1670
313,BMY,2020-08-13,0 days 15:59:15.757933,497934,63.22,63.21,2301,4605,34197,-13631
314,BMY,2020-08-13,0 days 15:59:33.801030,499815,63.24,63.23,2975,2995,-844,5543
315,BMY,2020-08-13,0 days 15:59:45.832056,501499,63.22,63.21,5663,713,12350,-730
316,BP,2020-08-13,0 days 15:55:00.178160,793078,23.45,23.44,35803,19323,3523,-676846
317,BP,2020-08-13,0 days 15:57:15.505850,801410,23.45,23.44,52207,8272,-586,914
318,BP,2020-08-13,0 days 15:57:16.507667,797696,23.45,23.44,60907,2522,3714,-586
319,BP,2020-08-13,0 days 15:59:04.771572,868149,23.43,23.42,53159,22678,-33047,8612
320,BP,2020-08-13,0 days 15:59:05.775030,861196,23.43,23.42,55059,21724,6953,-33047
321,BP,2020-08-13,0 days 15:59:46.869527,913883,23.45,23.44,20293,49462,-10935,51479
322,BRFS,2020-08-13,0 days 15:59:18.801093,50786,3.9,3.89,111106,69629,593,-4910
323,BRK.B,2020-08-13,0 days 15:59:14.683117,364578,211.89,211.88,542,620,14348,-17454
324,BRK.B,2020-08-13,0 days 15:59:45.755978,374586,212.0,211.99,400,27,-7575,789
325,BRK.B,2020-08-13,0 days 15:59:46.757954,382161,211.98,211.95,987,212,52725,-7575
326,BSX,2020-08-13,0 days 15:55:46.178492,273865,39.71,39.7,9564,3870,-4901,3880
327,BSX,2020-08-13,0 days 15:55:47.181517,270466,39.71,39.7,10657,3269,3145,-4901
328,BSX,2020-08-13,0 days 15:57:44.463209,271250,39.73,39.72,1397,8771,-4011,350
329,BSX,2020-08-13,0 days 15:57:45.465352,268561,39.73,39.72,1697,8093,2689,-4011
330,BSX,2020-08-13,0 days 15:59:01.650487,263878,39.74,39.73,6085,10525,-15628,381
331,BSX,2020-08-13,0 days 15:59:02.652576,263506,39.74,39.73,10169,7063,514,-15628
332,BSX,2020-08-13,0 days 15:59:03.654762,264246,39.74,39.73,12285,6893,-1860,514
333,BSX,2020-08-13,0 days 15:59:04.657975,270506,39.74,39.73,10392,6655,1636,-1860
334,BSX,2020-08-13,0 days 15:59:13.679471,290115,39.76,39.75,2000,12078,-625,2775
335,BSX,2020-08-13,0 days 15:59:45.754563,318859,39.73,39.72,8735,10180,-5776,298
336,BSX,2020-08-13,0 days 15:59:46.756539,316235,39.72,39.71,8952,4867,4486,-5776
337,BTI,2020-08-13,0 days 15:59:47.872285,34812,33.84,33.83,3900,10623,-159,3541
338,BTI,2020-08-13,0 days 15:59:48.875191,34971,33.84,33.83,4039,10821,1855,-159
339,BTI,2020-08-13,0 days 15:59:49.877426,36826,33.84,33.83,5539,11324,-45,1855
340,BTI,2020-08-13,0 days 15:59:50.881698,35671,33.84,33.83,10584,9688,1155,-45
341,BTU,2020-08-13,0 days 15:56:57.456636,46120,2.57,2.56,27707,33772,512,-2806
342,BTU,2020-08-13,0 days 15:56:58.459351,44532,2.57,2.56,29003,32972,-1588,512
343,BWA,2020-08-13,0 days 15:55:00.178431,83845,41.05,41.04,2443,1377,12187,-5147
344,BWA,2020-08-13,0 days 15:55:08.198191,95932,41.06,41.05,1907,1357,-8913,12187
345,BWA,2020-08-13,0 days 15:55:09.200467,94745,41.06,41.05,2190,1462,1187,-8913
346,BWA,2020-08-13,0 days 15:55:56.316607,95933,41.06,41.05,878,2246,-408,569
347,BWA,2020-08-13,0 days 15:55:57.317412,95441,41.06,41.05,678,2499,492,-408
348,BWA,2020-08-13,0 days 15:56:07.340988,95933,41.07,41.06,1274,2579,-1408,492
349,BWA,2020-08-13,0 days 15:56:08.342607,95441,41.07,41.06,1374,2581,492,-1408
350,BWA,2020-08-13,0 days 15:56:13.355017,96133,41.07,41.06,1574,3032,-237,692
351,BWA,2020-08-13,0 days 15:56:14.357363,95770,41.07,41.06,1474,3232,363,-237
352,BWA,2020-08-13,0 days 15:57:36.552127,97189,41.05,41.04,1969,3350,-694,206
353,BWA,2020-08-13,0 days 15:57:37.554300,97083,41.05,41.04,1869,3151,106,-694
354,BWA,2020-08-13,0 days 15:57:57.602549,97211,41.04,41.03,1598,1967,-178,171
355,BWA,2020-08-13,0 days 15:59:10.782002,98692,41.05,41.04,1096,2293,-157,494
356,BWA,2020-08-13,0 days 15:59:14.791288,98198,41.03,41.02,1683,1678,494,-157
357,BWA,2020-08-13,0 days 15:59:29.826134,108440,41.0,40.99,4707,700,-174,726
358,BWA,2020-08-13,0 days 15:59:38.849392,111165,41.0,40.99,2078,912,1575,-274
359,BWA,2020-08-13,0 days 15:59:45.868106,111540,40.99,40.98,1441,1800,-725,75
360,BX,2020-08-13,0 days 15:59:14.683409,176309,53.21,53.2,1100,200,-22294,797
361,C,2020-08-13,0 days 15:55:00.604057,435678,52.86,52.85,2110,7706,7333,-27070
362,C,2020-08-13,0 days 15:55:34.688069,446966,52.86,52.85,5640,9834,-3541,789
363,C,2020-08-13,0 days 15:55:36.692411,438607,52.86,52.85,3592,8389,7207,-4841
364,C,2020-08-13,0 days 15:55:57.743719,439474,52.89,52.88,3411,5467,-4907,1735
365,C,2020-08-13,0 days 15:55:58.746096,432281,52.89,52.88,2874,6334,7193,-4907
366,C,2020-08-13,0 days 15:58:58.178833,473087,52.92,52.91,3134,9740,2153,-512
367,C,2020-08-13,0 days 15:59:18.227802,485125,52.9,52.89,3288,8177,-466,1642
368,C,2020-08-13,0 days 15:59:24.242338,481191,52.89,52.88,9941,19285,3934,-1466
369,C,2020-08-13,0 days 15:59:32.260864,482315,52.89,52.88,11616,16214,2810,-11390
370,C,2020-08-13,0 days 15:59:40.281704,513383,52.89,52.88,10,24502,-41,26997
371,C,2020-08-13,0 days 15:59:48.301372,513883,52.88,52.87,705,11049,-2384,1218
372,CARR,2020-08-13,0 days 15:59:15.683350,506428,29.54,29.53,1410,3872,125950,-150402
373,CAT,2020-08-13,0 days 15:59:06.664526,179546,140.82,140.78,300,309,541,-3880
374,CAT,2020-08-13,0 days 15:59:18.690052,179548,140.84,140.82,100,477,7561,-928
375,CAT,2020-08-13,0 days 15:59:19.692377,177697,140.86,140.83,243,410,-1961,7561
376,CAT,2020-08-13,0 days 15:59:21.697493,179658,140.86,140.83,343,617,603,-1651
377,CAT,2020-08-13,0 days 15:59:50.769207,166933,140.63,140.56,902,924,-3362,2838
378,CCEP,2020-08-13,0 days 15:55:00.101668,101951,42.67,42.66,2526,497,10866,-5208
379,CCEP,2020-08-13,0 days 15:57:38.483859,114700,42.69,42.68,1102,90,-2086,700
380,CCEP,2020-08-13,0 days 15:57:41.491692,118586,42.69,42.68,786,690,300,-1086
381,CCEP,2020-08-13,0 days 15:57:42.493974,118500,42.69,42.68,886,1190,-86,300
382,CCEP,2020-08-13,0 days 15:58:00.539165,118904,42.69,42.68,1308,2258,182,-304
383,CCEP,2020-08-13,0 days 15:58:01.541519,118700,42.69,42.68,1408,2058,-104,182
384,CCEP,2020-08-13,0 days 15:58:07.554773,115947,42.69,42.68,1507,1758,1639,-104
385,CCEP,2020-08-13,0 days 15:59:01.686655,114583,42.69,42.68,1826,1300,1355,-511
386,CCL,2020-08-13,0 days 15:59:04.677427,348050,15.25,15.24,23552,32742,-29658,821
387,CCL,2020-08-13,0 days 15:59:05.679352,344108,15.25,15.24,22024,32353,4253,-29658
388,CCL,2020-08-13,0 days 15:59:19.712755,350259,15.25,15.24,17373,49231,-720,5849
389,CCL,2020-08-13,0 days 15:59:35.751448,348480,15.25,15.24,15554,45480,1777,-920
390,CCL,2020-08-13,0 days 15:59:42.767378,350759,15.24,15.23,39116,21854,-921,1779
391,CCL,2020-08-13,0 days 15:59:46.775645,349597,15.23,15.22,43005,10801,3162,-9538
392,CCO,2020-08-13,0 days 15:58:10.064546,12678,1.14,1.13,12168,17617,4225,-3604
393,CDAY,2020-08-13,0 days 15:59:15.702214,224402,72.81,72.79,734,418,39842,-54509
394,CDAY,2020-08-13,0 days 15:59:16.704780,219244,72.84,72.81,271,511,-5858,39842
395,CDAY,2020-08-13,0 days 15:59:17.706418,225102,72.85,72.8,272,200,842,-5858
396,CDAY,2020-08-13,0 days 15:59:20.714361,224328,72.85,72.8,451,352,-774,64
397,CDAY,2020-08-13,0 days 15:59:26.728413,224402,72.85,72.8,859,290,23726,-874
398,CDE,2020-08-13,0 days 15:59:07.715243,145836,8.24,8.23,16797,50888,122,-4178
399,CDE,2020-08-13,0 days 15:59:11.724467,145958,8.24,8.23,1662,63429,-748,122
400,CDE,2020-08-13,0 days 15:59:15.732732,147106,8.25,8.24,26238,40396,15634,-748
401,CDE,2020-08-13,0 days 15:59:16.734721,145440,8.25,8.24,20873,44808,-1266,15634
402,CDE,2020-08-13,0 days 15:59:45.806354,147106,8.25,8.24,52560,9100,9728,-72
403,CF,2020-08-13,0 days 15:55:00.084006,99628,34.94,34.93,341,1851,12421,-38797
404,CF,2020-08-13,0 days 15:55:34.167874,113165,34.93,34.92,2766,3607,-5687,508
405,CF,2020-08-13,0 days 15:55:35.169865,112552,34.93,34.92,3066,3307,613,-5687
406,CF,2020-08-13,0 days 15:56:20.279497,113188,34.94,34.93,3091,1529,-3304,4896
407,CF,2020-08-13,0 days 15:56:21.280860,112692,34.93,34.92,4869,606,496,-3304
408,CF,2020-08-13,0 days 15:57:20.423408,114174,34.96,34.95,200,3245,-473,4732
409,CF,2020-08-13,0 days 15:58:01.525146,123247,34.95,34.93,2000,3696,102,-1251
410,CF,2020-08-13,0 days 15:58:07.537797,123247,34.95,34.94,5101,3466,702,-698
411,CF,2020-08-13,0 days 15:58:08.540756,122849,34.95,34.94,7847,3234,-398,702
412,CF,2020-08-13,0 days 15:59:45.773004,134186,34.96,34.95,2230,700,3737,-510
413,CFG,2020-08-13,0 days 15:55:00.085008,211362,25.72,25.71,3836,3188,31226,-19387
414,CFG,2020-08-13,0 days 15:55:01.087426,210988,25.72,25.71,7189,1000,-374,31226
415,CFG,2020-08-13,0 days 15:57:53.502900,226531,25.71,25.7,5979,5041,592,-1208
416,CFG,2020-08-13,0 days 15:57:54.505256,225123,25.71,25.7,5279,5841,-1408,592
417,CFG,2020-08-13,0 days 15:58:06.535525,227238,25.7,25.69,8283,820,12385,-951
418,CFG,2020-08-13,0 days 15:58:07.537944,224623,25.7,25.69,5806,4269,-2615,12385
419,CFG,2020-08-13,0 days 15:58:40.618190,227238,25.72,25.71,6139,1283,7112,-2615
420,CFG,2020-08-13,0 days 15:58:41.620373,223750,25.72,25.71,4839,3883,-3488,7112
421,CFG,2020-08-13,0 days 15:58:56.657800,227238,25.71,25.7,5432,1498,9298,-288
422,CFG,2020-08-13,0 days 15:59:14.701485,232455,25.7,25.69,7943,5896,-586,1314
423,CFG,2020-08-13,0 days 15:59:21.716285,236244,25.7,25.69,9159,3184,848,-823
424,CFG,2020-08-13,0 days 15:59:22.718975,235492,25.7,25.69,8159,2784,-752,848
425,CFG,2020-08-13,0 days 15:59:35.751518,236244,25.7,25.69,3006,10522,6027,-411
426,CGC,2020-08-13,0 days 15:57:14.929912,23453,17.34,17.33,1210,862,-55,245
427,CGC,2020-08-13,0 days 15:57:15.931234,23208,17.34,17.33,1006,3881,245,-55
428,CGC,2020-08-13,0 days 15:59:21.235275,23471,17.34,17.32,3625,8165,-486,135
429,CGC,2020-08-13,0 days 15:59:22.238206,23357,17.33,17.32,1790,5994,114,-486
430,CHGG,2020-08-13,0 days 15:55:00.102192,85324,76.78,76.76,220,5,5127,-24641
431,CHGG,2020-08-13,0 days 15:56:15.282661,99254,76.82,76.8,233,518,-8496,12104
432,CHGG,2020-08-13,0 days 15:56:16.286299,97750,76.81,76.8,354,213,874,-8496
433,CHGG,2020-08-13,0 days 15:58:09.560798,105854,76.86,76.84,466,1115,-2401,996
434,CHGG,2020-08-13,0 days 15:58:10.562773,104355,76.86,76.85,1246,206,1499,-2401
435,CHGG,2020-08-13,0 days 15:58:43.642487,105879,76.89,76.87,1000,101,-2143,1224
436,CHGG,2020-08-13,0 days 15:58:44.644644,104722,76.89,76.87,1493,201,1157,-2143
437,CHGG,2020-08-13,0 days 15:59:03.691153,106176,76.87,76.86,1562,255,-1694,548
438,CHGG,2020-08-13,0 days 15:59:04.695085,105370,76.87,76.86,2132,438,781,-1694
439,CHGG,2020-08-13,0 days 15:59:06.699620,106151,76.87,76.86,658,704,-44,781
440,CHGG,2020-08-13,0 days 15:59:07.701788,105795,76.87,76.86,554,1004,356,-44
441,CHGG,2020-08-13,0 days 15:59:20.732284,106176,76.88,76.87,47,559,-10003,181
442,CHWY,2020-08-13,0 days 15:59:10.209648,93858,54.74,54.72,557,1108,-42326,6995
443,CI,2020-08-13,0 days 15:55:00.068942,91447,181.05,180.99,370,21,3516,-26431
444,CI,2020-08-13,0 days 15:57:35.444266,93922,180.97,180.95,100,150,-260,240
445,CI,2020-08-13,0 days 15:57:42.459251,94982,181.01,180.97,150,100,240,-660
446,CI,2020-08-13,0 days 15:57:43.462165,94822,181.01,180.97,150,258,-160,240
447,CI,2020-08-13,0 days 15:57:49.476692,94982,180.99,180.96,1609,290,40,-160
448,CI,2020-08-13,0 days 15:57:50.478998,94822,180.99,180.94,1710,120,-160,40
449,CI,2020-08-13,0 days 15:57:54.488555,94982,180.99,180.94,1546,515,679,-121
450,CI,2020-08-13,0 days 15:57:55.490852,94861,180.99,180.94,1546,350,-121,679
451,CI,2020-08-13,0 days 15:58:04.513410,95282,181.09,181.01,1170,23,79,-221
452,CI,2020-08-13,0 days 15:58:05.516143,95061,181.06,181.0,271,500,-904,79
453,CI,2020-08-13,0 days 15:58:11.530713,96065,181.02,180.97,221,250,496,-304
454,CI,2020-08-13,0 days 15:58:12.532899,95761,181.02,180.97,400,460,-204,496
455,CI,2020-08-13,0 days 15:58:14.537357,95965,181.01,180.98,220,6,96,-504
456,CI,2020-08-13,0 days 15:58:15.540085,95661,181.01,180.98,680,18,-304,96
457,CI,2020-08-13,0 days 15:58:54.634343,95865,181.1,181.04,898,503,641,-359
458,CI,2020-08-13,0 days 15:58:55.636930,95706,181.1,181.04,903,603,-159,641
459,CI,2020-08-13,0 days 15:59:07.667271,101083,181.0,180.98,245,350,2581,-2785
460,CI,2020-08-13,0 days 15:59:14.683409,107864,181.09,181.04,250,150,-1208,1910
461,CI,2020-08-13,0 days 15:59:16.685724,109072,181.03,181.0,271,18,192,-208
462,CI,2020-08-13,0 days 15:59:17.687583,108364,181.05,181.0,473,350,-708,192
463,CI,2020-08-13,0 days 15:59:46.758334,112593,180.88,180.83,1709,150,543,-257
464,CI,2020-08-13,0 days 15:59:47.760600,113836,180.88,180.83,1244,870,-205,543
465,CIG,2020-08-13,0 days 15:57:12.420846,162209,1.98,1.97,57298,58849,-2480,5520
466,CIG,2020-08-13,0 days 15:57:13.423080,153389,1.98,1.97,57298,59849,8820,-2480
467,CIG,2020-08-13,0 days 15:57:17.432768,162209,1.98,1.97,57298,59749,-1480,8820
468,CIG,2020-08-13,0 days 15:57:18.435301,153389,1.98,1.97,57198,59749,8820,-1480
469,CIG,2020-08-13,0 days 15:58:40.634941,176109,1.98,1.97,51946,56934,-4780,5220
470,CIG,2020-08-13,0 days 15:58:41.637481,167389,1.98,1.97,51946,56672,8720,-4780
471,CIG,2020-08-13,0 days 15:59:09.708852,219832,1.98,1.97,50227,49011,-10395,495
472,CIG,2020-08-13,0 days 15:59:10.709169,214627,1.98,1.97,50227,49311,5205,-10395
473,CIM,2020-08-13,0 days 15:59:44.753775,225273,8.64,8.63,12443,35977,-2096,196
474,CIM,2020-08-13,0 days 15:59:46.758134,223016,8.64,8.63,16859,32297,5250,-7896
475,CL,2020-08-13,0 days 15:55:00.115898,213237,76.88,76.87,4109,2731,12855,-3003
476,CL,2020-08-13,0 days 15:59:03.704522,240090,76.91,76.9,1608,1211,-2465,373
477,CL,2020-08-13,0 days 15:59:04.707677,227255,76.91,76.9,3720,511,12835,-2465
478,CL,2020-08-13,0 days 15:59:06.712192,240090,76.92,76.91,5478,429,-22876,4973
479,CL,2020-08-13,0 days 15:59:07.715058,235166,76.91,76.9,7517,2322,4924,-22876
480,CL,2020-08-13,0 days 15:59:15.732434,250085,76.92,76.91,3351,6089,-2892,10908
481,CL,2020-08-13,0 days 15:59:16.734539,246477,76.92,76.91,3351,7201,3308,-2892
482,CL,2020-08-13,0 days 15:59:19.742089,253522,76.94,76.93,1203,5111,-10819,2485
483,CL,2020-08-13,0 days 15:59:20.744404,236541,76.93,76.92,3531,306,16681,-10819
484,CLDR,2020-08-13,0 days 15:57:32.483336,92660,11.51,11.5,4937,20633,1456,-244
485,CLDR,2020-08-13,0 days 15:57:33.485113,90816,11.51,11.5,4650,20033,-1844,1456
486,CLDR,2020-08-13,0 days 15:59:09.722225,99324,11.51,11.5,15062,7004,9094,-1136
487,CLDR,2020-08-13,0 days 15:59:10.721906,91318,11.51,11.5,13575,13538,-8006,9094
488,CLDR,2020-08-13,0 days 15:59:19.742148,99324,11.51,11.5,13236,15693,833,-306
489,CLDR,2020-08-13,0 days 15:59:20.744485,97157,11.51,11.5,19636,8621,-2167,833
490,CLDR,2020-08-13,0 days 15:59:21.746460,99324,11.51,11.5,20215,5460,4905,-2167
491,CLDR,2020-08-13,0 days 15:59:22.749339,98629,11.51,11.5,22629,6865,-695,4905
492,CLDR,2020-08-13,0 days 15:59:44.803052,99976,11.51,11.5,21121,17697,1753,-247
493,CLF,2020-08-13,0 days 15:56:11.351668,307320,5.96,5.95,55204,68680,345,-1355
494,CLF,2020-08-13,0 days 15:59:14.793485,343825,5.98,5.97,37947,157330,1913,-8892
495,CLNY,2020-08-13,0 days 15:58:49.762854,285859,2.61,2.6,86235,15011,4272,-21828
496,CLNY,2020-08-13,0 days 15:58:50.766073,277731,2.61,2.6,86235,15111,-8128,4272
497,CLNY,2020-08-13,0 days 15:59:02.796315,284559,2.59,2.58,34162,81311,4404,-4425
498,CLNY,2020-08-13,0 days 15:59:03.798594,227211,2.59,2.58,32962,82880,-57348,4404
499,CLNY,2020-08-13,0 days 15:59:04.801367,284559,2.59,2.58,32562,82580,35852,-57348
500,CLNY,2020-08-13,0 days 15:59:05.803369,279911,2.59,2.58,32562,82683,-4648,35852
501,CLNY,2020-08-13,0 days 15:59:14.826109,284559,2.59,2.58,11285,103782,29074,-1918
502,CLNY,2020-08-13,0 days 15:59:15.827935,282003,2.59,2.58,11285,103282,-2556,29074
503,CLNY,2020-08-13,0 days 15:59:41.890215,312318,2.6,2.59,51138,81577,3974,-1015
504,CLNY,2020-08-13,0 days 15:59:42.891968,309592,2.6,2.59,47838,82848,-2726,3974
505,CLNY,2020-08-13,0 days 15:59:48.907219,310031,2.6,2.59,41623,44470,-2287,5913
506,CLR,2020-08-13,0 days 15:59:38.883355,147584,18.38,18.37,6432,8040,1206,-1188
507,CLR,2020-08-13,0 days 15:59:45.900670,147584,18.38,18.37,6699,8432,3425,-1042
508,CLR,2020-08-13,0 days 15:59:46.901490,146609,18.38,18.37,5922,8432,-1247,3425
509,CMS,2020-08-13,0 days 15:55:00.116098,80898,60.96,60.95,820,756,-27742,32214
510,CMS,2020-08-13,0 days 15:56:14.295165,94897,60.94,60.93,2183,973,10780,-1720
511,CMS,2020-08-13,0 days 15:56:15.297405,93677,60.94,60.93,606,1673,-1670,10780
512,CMS,2020-08-13,0 days 15:56:20.311042,82847,60.93,60.92,2086,1048,2130,-1670
513,CMS,2020-08-13,0 days 15:56:21.312324,84977,60.93,60.92,2286,848,-1470,2130
514,CMS,2020-08-13,0 days 15:57:35.491219,117947,60.97,60.96,956,659,27,-973
515,CMS,2020-08-13,0 days 15:57:37.495036,113774,60.97,60.96,1519,600,-4073,27
516,CMS,2020-08-13,0 days 15:58:35.636186,112788,60.98,60.97,500,4252,1692,-3367
517,CMS,2020-08-13,0 days 15:58:36.639143,111180,60.98,60.97,565,4197,-1408,1692
518,CMS,2020-08-13,0 days 15:59:07.715167,119110,60.98,60.97,1237,3179,4684,-3020
519,CMS,2020-08-13,0 days 15:59:08.717140,111725,60.98,60.97,305,4279,-7299,4684
520,CMS,2020-08-13,0 days 15:59:09.722262,119224,60.99,60.98,306,1275,10675,-7299
521,CMS,2020-08-13,0 days 15:59:10.721945,115999,60.99,60.98,1189,1649,-3025,10675
522,CMS,2020-08-13,0 days 15:59:11.724405,119224,60.98,60.97,1445,1328,324,-3025
523,CMS,2020-08-13,0 days 15:59:13.730252,118226,60.98,60.97,119,2276,-798,724
524,CMS,2020-08-13,0 days 15:59:16.734685,119224,60.98,60.97,1491,1287,6300,-8289
525,CMS,2020-08-13,0 days 15:59:17.736433,118302,60.98,60.97,791,1607,-722,6300
526,CMS,2020-08-13,0 days 15:59:28.763475,118876,60.98,60.97,946,1589,-148,4052
527,CMS,2020-08-13,0 days 15:59:30.768849,119124,60.96,60.95,1000,58,2352,-148
528,CNC,2020-08-13,0 days 15:55:34.167908,114972,64.7,64.69,534,15,-373,1037
529,CNC,2020-08-13,0 days 15:55:35.169903,114445,64.7,64.69,734,15,444,-373
530,CNC,2020-08-13,0 days 15:56:03.237312,115355,64.74,64.72,701,962,-529,71
531,CNC,2020-08-13,0 days 15:57:33.454303,115782,64.7,64.69,1288,245,-1002,215
532,CNC,2020-08-13,0 days 15:57:34.456751,115384,64.7,64.68,1189,100,315,-1002
533,CNC,2020-08-13,0 days 15:58:10.546224,117744,64.67,64.65,511,1078,-1031,1113
534,CNC,2020-08-13,0 days 15:58:11.548284,117175,64.68,64.67,544,400,269,-1031
535,CNC,2020-08-13,0 days 15:58:40.618105,117444,64.69,64.68,441,1467,-3394,469
536,CNC,2020-08-13,0 days 15:58:41.620320,117231,64.69,64.68,641,1201,213,-3394
537,CNC,2020-08-13,0 days 15:58:58.661232,117444,64.69,64.67,1100,292,-392,108
538,CNC,2020-08-13,0 days 15:58:59.663712,117336,64.68,64.67,300,692,108,-392
539,CNC,2020-08-13,0 days 15:59:06.681972,118085,64.68,64.67,696,205,-1029,140
540,CNC,2020-08-13,0 days 15:59:09.691192,129214,64.68,64.67,27,700,948,-205
541,CNC,2020-08-13,0 days 15:59:16.704722,130379,64.74,64.72,320,590,-6282,2448
542,CNC,2020-08-13,0 days 15:59:22.718821,129634,64.7,64.68,385,400,745,-255
543,CNC,2020-08-13,0 days 15:59:35.751363,130379,64.74,64.73,200,105,-955,45
544,CNK,2020-08-13,0 days 15:56:52.449030,212378,11.78,11.77,3150,5301,-38777,54023
545,CNK,2020-08-13,0 days 15:56:53.451666,207155,11.77,11.76,2232,5110,12284,-38777
546,CNK,2020-08-13,0 days 15:58:43.714472,223449,11.78,11.77,3740,8762,-3906,7371
547,CNK,2020-08-13,0 days 15:58:44.716885,217155,11.78,11.77,4740,7294,12594,-3906
548,CNK,2020-08-13,0 days 15:59:38.849623,225323,11.82,11.81,23644,9480,1294,-1234
549,CNK,2020-08-13,0 days 15:59:45.868538,229717,11.8,11.79,11326,8067,-2719,2129
550,CNP,2020-08-13,0 days 15:57:35.476328,875895,20.74,20.73,12058,12185,-4933,7967
551,CNP,2020-08-13,0 days 15:57:36.478340,860928,20.74,20.73,17583,8744,14967,-4933
552,CNP,2020-08-13,0 days 15:59:33.764740,846915,20.74,20.73,13042,24047,-5415,17504
553,CNP,2020-08-13,0 days 15:59:45.792745,847415,20.73,20.72,14267,17193,-3147,7
554,CNQ,2020-08-13,0 days 15:59:41.820197,32809,20.28,20.27,2945,25583,79,-21
555,CNQ,2020-08-13,0 days 15:59:45.832242,32888,20.28,20.27,2644,22807,-2621,79
556,CNR,2020-08-13,0 days 15:56:13.355866,34061,8.78,8.77,1110,1926,-732,347
557,CNR,2020-08-13,0 days 15:56:14.358265,33293,8.78,8.77,1110,2145,768,-732
558,CNR,2020-08-13,0 days 15:57:55.602033,34851,8.8,8.79,1572,2654,859,-541
559,CNR,2020-08-13,0 days 15:58:44.721622,39677,8.79,8.78,1523,1994,-564,260
560,CNR,2020-08-13,0 days 15:59:19.804090,37441,8.8,8.78,1869,3851,369,-931
561,CNR,2020-08-13,0 days 15:59:46.869650,37718,8.8,8.79,4701,3238,887,-2008
562,CNX,2020-08-13,0 days 15:56:04.334409,229629,11.1,11.09,8572,7172,-6151,22549
563,CNX,2020-08-13,0 days 15:58:36.702549,244963,11.08,11.07,18710,10186,1510,-2890
564,CNX,2020-08-13,0 days 15:58:37.704631,235773,11.08,11.07,16510,12764,-9190,1510
565,CNX,2020-08-13,0 days 15:59:14.793329,248389,11.08,11.07,22643,10413,11623,-1005
566,CNX,2020-08-13,0 days 15:59:26.820630,245912,11.08,11.07,23758,8443,-135,175
567,CNX,2020-08-13,0 days 15:59:31.832929,245347,11.08,11.07,18738,6004,565,-135
568,CNX,2020-08-13,0 days 15:59:40.855671,246037,11.09,11.08,14476,3814,857,-2143
569,CNX,2020-08-13,0 days 15:59:41.856952,246894,11.09,11.08,11352,17505,-61,857
570,CNX,2020-08-13,0 days 15:59:44.865379,247855,11.09,11.08,9969,11481,2160,-61
571,CNX,2020-08-13,0 days 15:59:46.869493,245998,11.09,11.08,11436,12256,-3481,8543
572,COF,2020-08-13,0 days 15:55:00.178056,135987,67.62,67.61,162,562,-7728,3077
573,COF,2020-08-13,0 days 15:55:35.264431,144203,67.63,67.62,1456,239,508,-876
574,COF,2020-08-13,0 days 15:55:36.266548,143611,67.62,67.61,62,764,-592,508
575,COF,2020-08-13,0 days 15:55:56.316135,138051,67.64,67.62,300,1243,-6444,23556
576,COF,2020-08-13,0 days 15:57:38.560622,146098,67.63,67.62,1883,791,784,-716
577,COF,2020-08-13,0 days 15:57:39.563266,145382,67.63,67.62,1580,1091,-716,784
578,COF,2020-08-13,0 days 15:57:41.568276,146098,67.63,67.62,1723,891,484,-716
579,COF,2020-08-13,0 days 15:57:42.570374,145382,67.64,67.63,500,982,-716,484
580,COF,2020-08-13,0 days 15:58:03.623324,148222,67.67,67.66,1840,717,183,-817
581,COF,2020-08-13,0 days 15:58:04.624277,147305,67.66,67.65,900,1021,-917,183
582,COF,2020-08-13,0 days 15:59:07.779311,157288,67.67,67.66,1863,690,187,-113
583,COF,2020-08-13,0 days 15:59:08.781570,157475,67.67,67.66,303,190,-113,187
584,COF,2020-08-13,0 days 15:59:16.796206,158045,67.67,67.66,6080,100,18,-59
585,COF,2020-08-13,0 days 15:59:36.844484,170311,67.74,67.73,273,303,-869,470
586,COF,2020-08-13,0 days 15:59:37.849737,171180,67.74,67.73,475,230,431,-869
587,COF,2020-08-13,0 days 15:59:43.862493,171572,67.74,67.73,600,400,-1293,146
588,COF,2020-08-13,0 days 15:59:47.872130,174250,67.74,67.71,400,1101,-674,61
589,COG,2020-08-13,0 days 15:57:27.563778,481246,19.34,19.33,14468,3404,-272,28
590,COG,2020-08-13,0 days 15:57:35.583930,481218,19.34,19.33,8367,11619,7028,-272
591,COG,2020-08-13,0 days 15:58:40.741635,533850,19.34,19.33,11958,1408,-4552,6281
592,COG,2020-08-13,0 days 15:58:41.743599,525302,19.34,19.33,12879,1248,6448,-4552
593,COG,2020-08-13,0 days 15:59:13.824874,517518,19.36,19.35,10300,4172,5790,-3410
594,COP,2020-08-13,0 days 15:59:44.864497,507947,40.65,40.64,3929,795,6165,-2235
595,COP,2020-08-13,0 days 15:59:46.868430,504608,40.66,40.65,4390,1334,-8160,19755
596,COTY,2020-08-13,0 days 15:55:00.067822,471357,4.11,4.1,57921,47479,29055,-97360
597,COTY,2020-08-13,0 days 15:55:01.071680,461512,4.11,4.1,53671,56516,-9745,29055
598,COTY,2020-08-13,0 days 15:55:55.201325,471843,4.11,4.1,70145,70497,737,-3809
599,COTY,2020-08-13,0 days 15:56:09.234935,450580,4.11,4.1,73149,67590,-21263,737
600,COTY,2020-08-13,0 days 15:57:20.406720,471843,4.11,4.1,77719,72782,11837,-1663
601,COTY,2020-08-13,0 days 15:57:21.408985,463580,4.11,4.1,80019,74682,-8263,11837
602,COTY,2020-08-13,0 days 15:57:56.493271,471843,4.11,4.1,80024,76837,870,-10830
603,COTY,2020-08-13,0 days 15:57:57.495900,464913,4.11,4.1,78524,78151,-6930,870
604,COTY,2020-08-13,0 days 15:58:44.609839,515222,4.11,4.1,81190,83973,4802,-5698
605,COTY,2020-08-13,0 days 15:58:45.612333,505224,4.11,4.1,79490,85473,-9998,4802
606,COTY,2020-08-13,0 days 15:59:09.673834,522793,4.11,4.1,74928,85611,5068,-8723
607,COTY,2020-08-13,0 days 15:59:10.674210,522169,4.11,4.1,69765,90220,-624,5068
608,COTY,2020-08-13,0 days 15:59:14.683172,522793,4.11,4.1,69639,89520,96825,-624
609,COTY,2020-08-13,0 days 15:59:15.683173,520718,4.11,4.1,73839,97991,-2075,96825
610,COTY,2020-08-13,0 days 15:59:33.726452,521414,4.11,4.1,84142,98131,62816,-696
611,CPE,2020-08-13,0 days 15:55:01.119091,38063,9.8,9.79,62,900,237,-363
612,CPE,2020-08-13,0 days 15:57:55.538282,39012,9.78,9.77,4900,720,-26,474
613,CPE,2020-08-13,0 days 15:57:56.541201,38638,9.78,9.77,5300,820,374,-26
614,CPE,2020-08-13,0 days 15:58:16.590868,39412,9.78,9.77,3282,1000,-1012,588
615,CPE,2020-08-13,0 days 15:58:17.593296,38624,9.77,9.76,3549,1093,788,-1012
616,CPE,2020-08-13,0 days 15:59:19.742089,43228,9.74,9.73,3571,10977,-147,72
617,CPE,2020-08-13,0 days 15:59:20.744404,40975,9.75,9.74,5302,5968,53,-147
618,CPE,2020-08-13,0 days 15:59:46.807808,41428,9.75,9.74,5019,1500,-247,53
619,CPRI,2020-08-13,0 days 15:58:05.621875,72104,17.11,17.1,16480,9399,801,-1999
620,CPRI,2020-08-13,0 days 15:58:06.624046,70905,17.11,17.1,17180,8999,-1299,801
621,CPRI,2020-08-13,0 days 15:58:19.655536,72204,17.11,17.1,6424,10862,1276,-724
622,CPRI,2020-08-13,0 days 15:58:20.658223,71380,17.11,17.1,14297,10413,-824,1276
623,CPRI,2020-08-13,0 days 15:58:48.726005,72204,17.11,17.1,2023,6190,276,-1186
624,CPRI,2020-08-13,0 days 15:59:01.758341,73766,17.13,17.12,2873,7684,413,-525
625,CPRI,2020-08-13,0 days 15:59:02.761406,71579,17.13,17.12,3359,6535,-2087,413
626,CPRI,2020-08-13,0 days 15:59:03.763105,73766,17.13,17.12,2683,6806,917,-2087
627,CPRI,2020-08-13,0 days 15:59:04.766092,71483,17.13,17.12,1583,10065,-2183,917
628,CRM,2020-08-13,0 days 15:55:00.101525,160994,195.06,195.04,488,376,-2199,4072
629,CRM,2020-08-13,0 days 15:55:01.104335,160355,195.02,194.99,518,400,639,-2199
630,CRM,2020-08-13,0 days 15:55:44.207407,162707,195.04,195.03,489,1000,-2569,331
631,CRM,2020-08-13,0 days 15:55:45.210696,162114,195.04,195.03,786,500,644,-2569
632,CRM,2020-08-13,0 days 15:56:34.329094,163041,195.08,195.05,300,424,-123,77
633,CRM,2020-08-13,0 days 15:56:35.331150,162564,195.08,195.05,700,304,477,-123
634,CRM,2020-08-13,0 days 15:57:01.394303,164441,195.2,195.17,600,702,-606,621
635,CRM,2020-08-13,0 days 15:57:02.396560,163947,195.2,195.17,600,802,494,-606
636,CRM,2020-08-13,0 days 15:57:40.488668,173241,195.12,195.1,31,794,-2079,1421
637,CRM,2020-08-13,0 days 15:57:49.510282,174648,195.11,195.1,700,225,293,-379
638,CRM,2020-08-13,0 days 15:57:50.513134,174341,195.1,195.09,560,100,-307,293
639,CRM,2020-08-13,0 days 15:58:09.560675,175587,195.09,195.07,1368,705,755,-612
640,CRM,2020-08-13,0 days 15:58:19.584943,175387,195.12,195.08,600,522,1255,-145
641,CRM,2020-08-13,0 days 15:58:20.587114,175242,195.12,195.08,603,722,-145,1255
642,CRM,2020-08-13,0 days 15:58:23.594349,175587,195.12,195.1,1103,623,1255,-145
643,CRM,2020-08-13,0 days 15:58:25.599010,175442,195.15,195.12,727,302,-145,1255
644,CRM,2020-08-13,0 days 15:58:30.611816,175387,195.1,195.08,600,100,55,-145
645,CRM,2020-08-13,0 days 15:58:31.614304,175242,195.1,195.08,800,400,-145,55
646,CRM,2020-08-13,0 days 15:58:48.654269,175541,195.1,195.08,803,1023,30,-299
647,CRM,2020-08-13,0 days 15:58:49.656414,175371,195.09,195.08,300,1217,-170,30
648,CRM,2020-08-13,0 days 15:58:50.659602,175541,195.07,195.05,1412,300,1430,-170
649,CRM,2020-08-13,0 days 15:59:10.709132,194252,195.15,195.11,422,383,-11737,16963
650,CRM,2020-08-13,0 days 15:59:11.711242,190289,195.09,195.07,809,87,3963,-11737
651,CRM,2020-08-13,0 days 15:59:14.718937,194291,195.15,195.09,500,500,-368,3322
652,CRM,2020-08-13,0 days 15:59:15.720152,187259,195.15,195.09,1231,422,7032,-368
653,CRM,2020-08-13,0 days 15:59:35.769199,194759,195.12,195.09,425,888,-203,811
654,CRM,2020-08-13,0 days 15:59:38.776344,195180,195.06,195.02,1053,11,3779,-203
655,CRM,2020-08-13,0 days 15:59:41.782834,194759,195.12,195.08,781,900,-459,1441
656,CRM,2020-08-13,0 days 15:59:45.793348,196359,195.07,195.01,1145,800,-254,1473
657,CS,2020-08-13,0 days 15:59:36.734319,64349,11.41,11.4,139847,85313,-2844,3756
658,CS,2020-08-13,0 days 15:59:37.736524,63993,11.41,11.4,145547,84313,356,-2844
659,CS,2020-08-13,0 days 15:59:45.756389,64349,11.41,11.4,150747,75518,-444,356
660,CS,2020-08-13,0 days 15:59:46.758295,63793,11.41,11.4,152247,73824,556,-444
661,CTL,2020-08-13,0 days 15:57:43.478931,1955184,10.84,10.83,88338,40914,3900,-22400
662,CTVA,2020-08-13,0 days 15:59:26.820777,1421963,26.97,26.96,8290,1556,-31645,11291
663,CTVA,2020-08-13,0 days 15:59:27.823372,1412508,26.96,26.95,999,3267,15936,-31645
664,CTVA,2020-08-13,0 days 15:59:34.841236,1428444,26.96,26.95,3374,3453,-422,15936
665,CTVA,2020-08-13,0 days 15:59:38.850714,1432329,26.95,26.94,6743,841,9315,-422
666,CTVA,2020-08-13,0 days 15:59:44.865465,1444963,26.93,26.92,10738,1993,-3368,3185
667,CTVA,2020-08-13,0 days 15:59:46.869615,1441271,26.92,26.91,4863,3505,17835,-12604
668,CTVA,2020-08-13,0 days 15:59:47.872262,1459550,26.92,26.91,4748,4227,-49180,17835
669,CTVA,2020-08-13,0 days 15:59:48.875115,1456230,26.91,26.9,5612,2539,24422,-49180
670,CVE,2020-08-13,0 days 15:59:45.756389,43026,5.13,5.12,218770,74435,3067,-433
671,CVE,2020-08-13,0 days 15:59:46.758266,42793,5.13,5.12,216857,77909,-1403,3067
672,CVI,2020-08-13,0 days 15:55:30.252595,54250,18.09,18.08,513,300,629,-1171
673,CVI,2020-08-13,0 days 15:55:31.255072,53379,18.09,18.08,513,300,-871,629
674,CVI,2020-08-13,0 days 15:57:18.512098,54916,18.07,18.06,1728,1348,330,-570
675,CVI,2020-08-13,0 days 15:57:19.514584,54246,18.06,18.04,1295,1273,-1032,330
676,CVI,2020-08-13,0 days 15:58:23.666377,56559,18.06,18.05,905,662,1090,-87
677,CVI,2020-08-13,0 days 15:58:24.668972,55749,18.06,18.05,505,1062,-348,1090
678,CVI,2020-08-13,0 days 15:59:03.764580,55403,18.04,18.03,1749,1401,435,-531
679,CVI,2020-08-13,0 days 15:59:04.767465,53099,18.04,18.03,1754,1601,-4304,435
680,CVI,2020-08-13,0 days 15:59:05.770005,58369,18.04,18.03,700,2001,1830,-4304
681,CVI,2020-08-13,0 days 15:59:26.818777,57024,18.04,18.03,2116,379,-379,421
682,CVI,2020-08-13,0 days 15:59:45.868349,61807,18.04,18.03,1389,1599,1081,-419
683,CVI,2020-08-13,0 days 15:59:46.868321,61688,18.04,18.03,1745,1574,-396,1081
684,CVS,2020-08-13,0 days 15:55:01.087285,631908,64.54,64.53,3790,2042,-2758,5142
685,CVS,2020-08-13,0 days 15:55:36.172570,635307,64.53,64.52,370,3064,708,-633
686,CVS,2020-08-13,0 days 15:55:37.175115,632915,64.54,64.53,5327,231,-2392,708
687,CVS,2020-08-13,0 days 15:56:03.237312,638236,64.56,64.55,4569,3303,16920,-2780
688,CVS,2020-08-13,0 days 15:56:04.239715,637356,64.57,64.56,5814,1696,-880,16920
689,CVS,2020-08-13,0 days 15:56:30.303308,638940,64.56,64.55,6981,1622,46,-454
690,CVS,2020-08-13,0 days 15:56:31.304794,638086,64.56,64.55,6881,1828,-854,46
691,CVS,2020-08-13,0 days 15:57:33.454271,639474,64.58,64.57,7991,5460,19139,-527
692,CVS,2020-08-13,0 days 15:57:42.476379,665413,64.59,64.58,3873,7965,-2161,639
693,CVS,2020-08-13,0 days 15:57:43.478821,663074,64.59,64.58,1474,8927,2339,-2161
694,CVS,2020-08-13,0 days 15:57:44.481392,656013,64.6,64.59,490,6068,-7061,2339
695,CVS,2020-08-13,0 days 15:57:45.483669,652774,64.6,64.59,1190,5468,4339,-7061
696,CVS,2020-08-13,0 days 15:58:04.531106,652546,64.61,64.6,5153,3703,-8456,1826
697,CVS,2020-08-13,0 days 15:58:05.533340,651702,64.61,64.6,7353,4041,844,-8456
698,CVS,2020-08-13,0 days 15:58:08.540756,652346,64.61,64.6,3970,5027,-2078,1322
699,CVS,2020-08-13,0 days 15:58:09.543454,651224,64.61,64.6,3870,4746,1236,-2078
700,CVS,2020-08-13,0 days 15:58:12.549769,652460,64.61,64.6,4125,5507,-4664,1236
701,CVS,2020-08-13,0 days 15:58:13.552425,651224,64.61,64.6,3625,2832,1536,-4664
702,CVS,2020-08-13,0 days 15:59:02.671762,674709,64.63,64.62,378,4548,2909,-23342
703,CVS,2020-08-13,0 days 15:59:09.691158,719869,64.57,64.56,4330,2478,-141015,2753
704,CVS,2020-08-13,0 days 15:59:15.702085,878118,64.62,64.61,1909,3855,1297,-12703
705,CVS,2020-08-13,0 days 15:59:46.775460,929248,64.68,64.67,12546,2460,-5713,819
706,CVS,2020-08-13,0 days 15:59:47.777633,919461,64.68,64.67,13046,2326,41007,-5713
707,CVX,2020-08-13,0 days 15:59:09.674013,826472,89.93,89.91,43,1200,-68973,29250
708,CX,2020-08-13,0 days 15:59:01.723405,68485,3.37,3.36,127963,198622,39491,-49485
709,CX,2020-08-13,0 days 15:59:02.725794,64876,3.37,3.36,127338,199222,-3609,39491
710,CXW,2020-08-13,0 days 15:59:03.704682,122138,9.73,9.72,10330,3172,559,-973
711,CXW,2020-08-13,0 days 15:59:04.707849,122897,9.73,9.72,9176,3846,-2341,559
712,CXW,2020-08-13,0 days 15:59:14.732400,127087,9.72,9.71,10559,4488,4572,-3728
713,CXW,2020-08-13,0 days 15:59:15.732649,126095,9.71,9.7,10608,8211,-46,4572
714,CXW,2020-08-13,0 days 15:59:19.742235,126141,9.71,9.7,11098,9505,2003,-46
715,CXW,2020-08-13,0 days 15:59:20.744546,115044,9.71,9.7,12025,8228,-11097,2003
716,CXW,2020-08-13,0 days 15:59:38.789161,126141,9.69,9.68,10049,6703,2833,-1767
717,CXW,2020-08-13,0 days 15:59:46.808004,123679,9.69,9.68,7379,7812,-3391,2838
718,D,2020-08-13,0 days 15:55:26.242227,159909,79.5,79.49,1612,800,-445,2755
719,D,2020-08-13,0 days 15:56:11.351570,160607,79.53,79.51,446,2242,-2680,520
720,D,2020-08-13,0 days 15:57:24.526698,251388,79.42,79.41,459,1200,-8919,281
721,D,2020-08-13,0 days 15:57:39.563284,160888,79.42,79.4,300,840,-100519,1981
722,D,2020-08-13,0 days 15:58:09.636850,163696,79.37,79.35,1391,701,-173,1827
723,D,2020-08-13,0 days 15:58:10.639782,163369,79.36,79.34,751,1026,4927,-173
724,D,2020-08-13,0 days 15:58:16.653575,168490,79.4,79.39,1400,900,-79,721
725,D,2020-08-13,0 days 15:58:17.656271,167769,79.4,79.39,1700,1100,721,-79
726,D,2020-08-13,0 days 15:58:27.680429,165669,79.41,79.4,741,529,421,-1679
727,D,2020-08-13,0 days 15:58:36.702528,165569,79.43,79.42,1055,450,484,-816
728,D,2020-08-13,0 days 15:58:40.711779,166053,79.42,79.41,1347,928,-1398,484
729,D,2020-08-13,0 days 15:58:41.714148,165751,79.42,79.41,1118,1228,302,-1398
730,D,2020-08-13,0 days 15:58:58.755972,166053,79.44,79.42,1530,1812,-59,23
731,D,2020-08-13,0 days 15:58:59.758177,165512,79.44,79.43,649,500,541,-59
732,D,2020-08-13,0 days 15:59:03.768619,166641,79.43,79.42,1738,716,-565,235
733,D,2020-08-13,0 days 15:59:04.771548,167206,79.42,79.41,1067,265,893,-565
734,D,2020-08-13,0 days 15:59:22.810725,185904,79.37,79.35,1047,500,1029,-606
735,D,2020-08-13,0 days 15:59:34.841152,195169,79.35,79.34,403,400,-1409,3791
736,D,2020-08-13,0 days 15:59:36.844509,212877,79.33,79.32,120,1939,2176,-84841
737,D,2020-08-13,0 days 15:59:38.850611,221774,79.41,79.39,500,1939,-1036,12139
738,DAL,2020-08-13,0 days 15:58:02.526929,319767,28.69,28.68,7480,12853,-6938,17137
739,DAL,2020-08-13,0 days 15:58:03.529257,305505,28.69,28.68,8233,11498,14262,-6938
740,DAL,2020-08-13,0 days 15:59:16.704813,329355,28.67,28.66,5303,12093,-65,6043
741,DAL,2020-08-13,0 days 15:59:44.771238,331326,28.68,28.67,10379,6122,-77,752
742,DAL,2020-08-13,0 days 15:59:50.785897,277313,28.69,28.68,7911,3685,53185,-1980
743,DB,2020-08-13,0 days 15:55:00.085202,43210,9.56,9.55,94441,86741,4001,-24526
744,DB,2020-08-13,0 days 15:58:50.642533,48845,9.56,9.55,39496,152185,-4023,3458
745,DB,2020-08-13,0 days 15:59:45.773374,54059,9.56,9.55,152330,43243,986,-214
746,DB,2020-08-13,0 days 15:59:46.775798,53845,9.56,9.55,151230,50143,-214,986
747,DCP,2020-08-13,0 days 15:55:00.067710,16576,14.66,14.65,210,300,-497,3189
748,DD,2020-08-13,0 days 15:55:01.119258,185674,57.96,57.95,1482,775,-479,4121
749,DD,2020-08-13,0 days 15:57:38.497273,190624,57.96,57.95,931,970,2861,-2839
750,DD,2020-08-13,0 days 15:58:30.625014,195957,57.98,57.97,430,1664,1537,-1463
751,DD,2020-08-13,0 days 15:58:31.627095,194794,57.98,57.97,488,2000,-1163,1537
752,DD,2020-08-13,0 days 15:59:02.702366,200522,58.0,57.98,1591,1902,129,-1054
753,DDD,2020-08-13,0 days 15:59:38.787972,115958,6.09,6.08,16861,20926,-12645,4755
754,DDD,2020-08-13,0 days 15:59:39.789637,113203,6.09,6.08,22769,16050,2755,-12645
755,DFS,2020-08-13,0 days 15:55:01.071774,105310,53.44,53.43,200,100,-264,2436
756,DFS,2020-08-13,0 days 15:57:37.447148,107654,53.52,53.51,623,1324,1255,-145
757,DFS,2020-08-13,0 days 15:57:38.449671,107509,53.52,53.51,623,1499,-145,1255
758,DFS,2020-08-13,0 days 15:57:52.483648,107941,53.54,53.53,1639,1387,-113,555
759,DFS,2020-08-13,0 days 15:58:06.518121,108414,53.53,53.52,2434,575,-152,1148
760,DFS,2020-08-13,0 days 15:58:11.530656,108214,53.51,53.5,966,705,-152,48
761,DFS,2020-08-13,0 days 15:58:35.587860,105604,53.51,53.5,500,946,1910,-151
762,DFS,2020-08-13,0 days 15:58:40.600839,107214,53.51,53.5,1004,922,-312,1610
763,DFS,2020-08-13,0 days 15:58:57.641299,109014,53.51,53.5,971,981,-12,188
764,DFS,2020-08-13,0 days 15:59:16.685630,110397,53.5,53.49,447,1006,1733,-577
765,DFS,2020-08-13,0 days 15:59:33.726555,110344,53.49,53.48,103,1553,8921,-337
766,DFS,2020-08-13,0 days 15:59:55.779664,120798,53.46,53.44,643,2985,1145,-55
767,DHI,2020-08-13,0 days 15:56:11.379545,142869,71.6,71.58,1264,500,885,-1873
768,DHI,2020-08-13,0 days 15:56:12.380670,141468,71.6,71.58,1264,431,-659,885
769,DHI,2020-08-13,0 days 15:57:49.616765,150075,71.54,71.53,300,1158,1487,-913
770,DHI,2020-08-13,0 days 15:57:50.620255,147862,71.54,71.53,899,300,-2413,1487
771,DHI,2020-08-13,0 days 15:58:52.769983,155917,71.52,71.51,31,274,727,-173
772,DHI,2020-08-13,0 days 15:58:53.772847,153344,71.53,71.51,1034,274,-2573,727
773,DHI,2020-08-13,0 days 15:59:01.792853,163064,71.52,71.51,439,875,7955,-9720
774,DHI,2020-08-13,0 days 15:59:02.796205,159919,71.52,71.51,400,546,-2545,7955
775,DHI,2020-08-13,0 days 15:59:26.854274,149281,71.51,71.49,1873,761,-958,2016
776,DHI,2020-08-13,0 days 15:59:46.901303,165240,71.48,71.47,1290,6519,-4751,13914
777,DHT,2020-08-13,0 days 15:55:00.084083,61666,6.07,6.06,48324,15570,6031,-21296
778,DHT,2020-08-13,0 days 15:58:23.577710,79522,6.06,6.05,8235,61371,-9093,12543
779,DHT,2020-08-13,0 days 15:58:24.581288,79179,6.06,6.05,8935,59971,343,-9093
780,DHT,2020-08-13,0 days 15:59:12.698206,80438,6.06,6.05,7873,36458,-685,459
781,DHT,2020-08-13,0 days 15:59:37.755345,77416,6.06,6.05,7295,46262,231,-305
782,DHT,2020-08-13,0 days 15:59:40.763271,83349,6.06,6.05,7876,49913,-2603,5933
783,DIS,2020-08-13,0 days 15:55:00.084861,272075,131.08,131.07,218,897,18924,-57983
784,DIS,2020-08-13,0 days 15:55:59.228088,295674,131.12,131.1,720,837,-2493,270
785,DIS,2020-08-13,0 days 15:56:00.231068,295067,131.11,131.1,354,397,607,-2493
786,DIS,2020-08-13,0 days 15:56:30.303407,295760,131.08,131.07,1545,831,-298,602
787,DIS,2020-08-13,0 days 15:56:31.304873,295158,131.08,131.07,1708,868,602,-298
788,DIS,2020-08-13,0 days 15:57:12.404580,297159,131.07,131.05,1012,615,-1490,14010
789,DIS,2020-08-13,0 days 15:57:58.515683,299756,131.04,131.03,102,800,3197,-2278
790,DIS,2020-08-13,0 days 15:58:27.586477,301573,131.02,131.01,432,382,-594,581
791,DIS,2020-08-13,0 days 15:58:28.588799,301367,131.02,131.0,628,676,206,-594
792,DIS,2020-08-13,0 days 15:58:31.597298,301261,131.0,130.98,929,1020,-2336,392
793,DIS,2020-08-13,0 days 15:59:04.677458,303316,130.96,130.95,1242,1,-153,147
794,DIS,2020-08-13,0 days 15:59:09.691308,319338,131.03,131.01,400,1195,2481,-531
795,DKS,2020-08-13,0 days 15:57:38.497260,61767,46.33,46.32,221,500,-548,152
796,DKS,2020-08-13,0 days 15:57:39.499619,60415,46.33,46.32,321,500,1352,-548
797,DKS,2020-08-13,0 days 15:58:59.694592,62434,46.31,46.3,1657,2780,-3709,397
798,DKS,2020-08-13,0 days 15:59:00.698349,61543,46.31,46.3,1316,3180,891,-3709
799,DKS,2020-08-13,0 days 15:59:05.710269,63074,46.31,46.3,1518,3869,-4280,1531
800,DKS,2020-08-13,0 days 15:59:06.712402,63054,46.31,46.3,1618,3869,20,-4280
801,DKS,2020-08-13,0 days 15:59:09.722355,63074,46.32,46.31,364,667,-2580,20
802,DLPH,2020-08-13,0 days 15:56:13.384335,122208,17.54,17.53,5978,8374,-3185,3615
803,DLPH,2020-08-13,0 days 15:56:14.386076,115893,17.54,17.53,6278,8374,6315,-3185
804,DLPH,2020-08-13,0 days 15:57:43.602797,125305,17.53,17.52,9976,2981,-488,5229
805,DLPH,2020-08-13,0 days 15:57:47.612122,119576,17.53,17.52,11734,931,5729,-488
806,DLPH,2020-08-13,0 days 15:59:27.856975,126982,17.51,17.5,8621,7239,7448,-251
807,DLPH,2020-08-13,0 days 15:59:28.859607,134430,17.51,17.5,9695,4600,-8724,7448
808,DLPH,2020-08-13,0 days 15:59:42.891930,145571,17.51,17.5,20043,6090,1970,-1341
809,DLPH,2020-08-13,0 days 15:59:43.893988,145141,17.51,17.5,19443,5990,-430,1970
810,DLPH,2020-08-13,0 days 15:59:44.896574,145571,17.51,17.5,24153,200,1282,-430
811,DLPH,2020-08-13,0 days 15:59:45.900549,148261,17.5,17.49,8086,10173,-12026,1282
812,DLPH,2020-08-13,0 days 15:59:46.901351,160287,17.5,17.49,13289,9549,3645,-12026
813,DOW,2020-08-13,0 days 15:56:01.326991,165502,44.48,44.47,1401,900,333,-9667
814,DOW,2020-08-13,0 days 15:56:02.329150,161035,44.48,44.47,549,1135,-4467,333
815,DOW,2020-08-13,0 days 15:56:45.432501,163129,44.42,44.41,701,1900,113,-387
816,DOW,2020-08-13,0 days 15:57:57.607385,168529,44.45,44.44,400,1600,4734,-4487
817,DOW,2020-08-13,0 days 15:57:58.609685,164963,44.46,44.45,300,1500,-3566,4734
818,DOW,2020-08-13,0 days 15:58:40.711694,168725,44.46,44.45,1964,1166,2521,-3104
819,DOW,2020-08-13,0 days 15:58:41.714056,165646,44.45,44.44,66,1623,-3079,2521
820,DOW,2020-08-13,0 days 15:59:02.767054,170219,44.45,44.44,1662,87,127,-2620
821,DOW,2020-08-13,0 days 15:59:03.768593,171162,44.45,44.44,1468,287,-2257,127
822,DOW,2020-08-13,0 days 15:59:06.776261,174370,44.45,44.44,468,727,11694,-2308
823,DOW,2020-08-13,0 days 15:59:07.779311,159236,44.47,44.46,1200,100,-15452,11694
824,DOW,2020-08-13,0 days 15:59:14.793226,174888,44.45,44.43,983,1400,1479,-1560
825,DOW,2020-08-13,0 days 15:59:15.794004,159544,44.44,44.43,442,1317,-15344,1479
826,DOW,2020-08-13,0 days 15:59:16.796170,174888,44.45,44.43,1436,1517,8977,-15344
827,DOW,2020-08-13,0 days 15:59:17.798481,172165,44.44,44.43,56,1052,-2723,8977
828,DOW,2020-08-13,0 days 15:59:45.870548,177372,44.45,44.44,1195,322,3388,-479
829,DOW,2020-08-13,0 days 15:59:46.869408,176160,44.44,44.43,400,729,-1012,3388
830,DRH,2020-08-13,0 days 15:55:00.115898,106235,5.38,5.37,18288,10430,36994,-68695
831,DRH,2020-08-13,0 days 15:55:01.119091,103929,5.38,5.37,17831,9530,-1706,36994
832,DRH,2020-08-13,0 days 15:55:52.242439,106554,5.38,5.37,2508,22819,3375,-2025
833,DRH,2020-08-13,0 days 15:55:53.244466,104729,5.38,5.37,2508,22819,-1225,3375
834,DRH,2020-08-13,0 days 15:57:41.504507,107029,5.4,5.39,12750,21797,-1804,496
835,DRH,2020-08-13,0 days 15:58:59.694451,129226,5.4,5.39,21734,27978,-4070,483
836,DRH,2020-08-13,0 days 15:59:14.732255,139268,5.4,5.39,4410,37778,5728,-2169
837,DRH,2020-08-13,0 days 15:59:19.742089,135696,5.4,5.39,10458,35538,-1700,3000
838,DRH,2020-08-13,0 days 15:59:30.768699,135691,5.4,5.39,38759,19624,-1705,2995
839,DRH,2020-08-13,0 days 15:59:44.802997,147170,5.4,5.39,34718,15189,1549,-1479
840,DRH,2020-08-13,0 days 15:59:46.807808,145969,5.4,5.39,34192,18964,-3981,8399
841,DRI,2020-08-13,0 days 15:55:00.604003,61644,84.39,84.35,509,637,16139,-1920
842,DRI,2020-08-13,0 days 15:55:35.690662,77983,84.37,84.36,501,528,-6801,1408
843,DRI,2020-08-13,0 days 15:55:36.692361,77384,84.37,84.36,490,528,599,-6801
844,DRI,2020-08-13,0 days 15:56:10.774405,78106,84.39,84.38,316,303,-41,702
845,DRI,2020-08-13,0 days 15:56:11.776739,77047,84.39,84.38,216,100,1059,-41
846,DRI,2020-08-13,0 days 15:58:15.075299,80721,84.45,84.44,300,744,-78,1850
847,DRI,2020-08-13,0 days 15:58:16.078345,80499,84.46,84.45,167,200,222,-78
848,DRI,2020-08-13,0 days 15:58:26.101471,80399,84.51,84.49,301,347,322,-378
849,DRI,2020-08-13,0 days 15:58:36.126318,78541,84.5,84.49,1098,710,-58,322
850,DRI,2020-08-13,0 days 15:58:37.128172,78399,84.5,84.49,759,1239,142,-58
851,DRI,2020-08-13,0 days 15:59:07.203594,84913,84.49,84.48,302,896,-1123,549
852,DRI,2020-08-13,0 days 15:59:08.203963,84365,84.49,84.48,302,701,548,-1123
853,DRI,2020-08-13,0 days 15:59:28.252010,89861,84.5,84.49,500,570,-428,472
854,DRI,2020-08-13,0 days 15:59:29.254700,88889,84.5,84.49,277,670,972,-428
855,DT,2020-08-13,0 days 15:55:00.179055,67960,37.56,37.54,563,671,-33513,9281
856,DT,2020-08-13,0 days 15:55:01.180694,67773,37.56,37.54,567,1280,187,-33513
857,DT,2020-08-13,0 days 15:55:43.283713,67960,37.56,37.55,448,1300,-741,59
858,DT,2020-08-13,0 days 15:55:44.285906,67901,37.56,37.55,348,1300,59,-741
859,DT,2020-08-13,0 days 15:56:10.348376,67998,37.6,37.57,535,1157,-94,114
860,DT,2020-08-13,0 days 15:56:11.351023,67792,37.6,37.57,435,1157,206,-94
861,DT,2020-08-13,0 days 15:57:50.585621,69922,37.55,37.54,500,118,176,-224
862,DT,2020-08-13,0 days 15:58:00.610395,70098,37.56,37.54,200,630,-284,42
863,DT,2020-08-13,0 days 15:58:15.647049,70282,37.56,37.55,2331,1032,439,-261
864,DT,2020-08-13,0 days 15:58:16.650050,70021,37.56,37.55,2231,932,-261,439
865,DT,2020-08-13,0 days 15:58:17.651755,70282,37.57,37.56,221,700,39,-261
866,DT,2020-08-13,0 days 15:58:18.654162,70021,37.57,37.56,221,700,-261,39
867,DT,2020-08-13,0 days 15:58:55.744533,71582,37.58,37.57,841,518,715,-1585
868,DT,2020-08-13,0 days 15:58:56.746635,71197,37.58,37.57,206,552,-385,715
869,DT,2020-08-13,0 days 15:59:15.793646,81282,37.52,37.51,35,410,708,-241
870,DT,2020-08-13,0 days 15:59:16.795487,80690,37.53,37.51,554,610,-166,708
871,DT,2020-08-13,0 days 15:59:35.841262,92363,37.52,37.5,374,1860,956,-3332
872,DT,2020-08-13,0 days 15:59:45.868349,93319,37.52,37.5,442,500,-104,956
873,DT,2020-08-13,0 days 15:59:46.868321,78375,37.52,37.5,342,559,2144,-104
874,DT,2020-08-13,0 days 15:59:58.895092,78819,37.54,37.5,2400,4810,-408,918
875,DT,2020-08-13,0 days 16:00:00.900990,78375,37.5,37.49,80,21129,1544,-408
876,DUK,2020-08-13,0 days 15:55:00.179701,203294,82.65,82.63,724,416,11264,-12326
877,DUK,2020-08-13,0 days 15:55:01.180734,200558,82.66,82.64,2043,972,-2736,11264
878,DUK,2020-08-13,0 days 15:57:47.578490,205266,82.6,82.59,1727,235,1196,-878
879,DUK,2020-08-13,0 days 15:57:48.580575,204488,82.59,82.58,123,1866,-778,1196
880,DUK,2020-08-13,0 days 15:58:43.714472,222093,82.71,82.7,720,69,42542,-1458
881,DUK,2020-08-13,0 days 15:58:50.732972,218242,82.73,82.72,825,258,-4251,32249
882,DUK,2020-08-13,0 days 15:59:04.767542,226299,82.72,82.7,801,545,30445,-4062
883,DUK,2020-08-13,0 days 15:59:13.790419,236004,82.74,82.73,1104,166,-3227,32273
884,DUK,2020-08-13,0 days 15:59:19.802922,239231,82.76,82.75,820,849,38490,-510
885,DVN,2020-08-13,0 days 15:57:21.520189,394478,11.87,11.86,11112,36023,7473,-6527
886,DVN,2020-08-13,0 days 15:57:22.522206,390851,11.87,11.86,10612,36823,-3627,7473
887,DVN,2020-08-13,0 days 15:57:36.556204,394478,11.87,11.86,18609,33907,2273,-1627
888,DVN,2020-08-13,0 days 15:57:37.559390,391351,11.87,11.86,17294,34907,-3127,2273
889,DVN,2020-08-13,0 days 15:58:04.624452,392292,11.86,11.85,26874,22306,-2451,7149
890,DVN,2020-08-13,0 days 15:58:47.728799,392185,11.85,11.84,33598,20105,-2558,5742
891,DVN,2020-08-13,0 days 15:59:14.793410,399203,11.85,11.84,31497,21102,12530,-6857
892,DVN,2020-08-13,0 days 15:59:15.794168,396333,11.85,11.84,22814,26997,-2870,12530
893,DVN,2020-08-13,0 days 15:59:46.869650,404147,11.84,11.83,25826,21697,-4922,14309
894,DVN,2020-08-13,0 days 15:59:47.872285,409069,11.84,11.83,34196,20022,448,-4922
895,DVN,2020-08-13,0 days 15:59:48.875191,408617,11.84,11.83,31295,19822,-452,448
896,DXC,2020-08-13,0 days 15:56:21.312353,166036,19.65,19.64,7333,471,1794,-707
897,DXC,2020-08-13,0 days 15:56:22.314286,163530,19.65,19.64,7233,471,-2506,1794
898,DXC,2020-08-13,0 days 15:56:50.382892,166581,19.65,19.64,5308,2533,857,-1544
899,DXC,2020-08-13,0 days 15:56:51.384096,164238,19.65,19.64,5408,2633,-2343,857
900,EAF,2020-08-13,0 days 15:55:00.178734,86574,7.09,7.08,1005,9247,-2657,65615
901,EAF,2020-08-13,0 days 15:55:36.266682,89231,7.09,7.08,8905,8956,71,-729
902,EAF,2020-08-13,0 days 15:58:05.627330,95173,7.08,7.07,20046,8571,823,-4068
903,EAF,2020-08-13,0 days 15:59:15.794168,89758,7.08,7.07,10352,12155,-6224,709
904,EAF,2020-08-13,0 days 15:59:38.850743,96782,7.08,7.07,18152,13532,46,-2404
905,EAF,2020-08-13,0 days 15:59:45.870823,96828,7.08,7.07,10697,22553,-2054,46
906,EAF,2020-08-13,0 days 15:59:46.869650,97443,7.08,7.07,8622,23704,233,-2054
907,EAT,2020-08-13,0 days 15:55:00.139335,50349,36.76,36.74,371,407,141,-375
908,EAT,2020-08-13,0 days 15:56:03.292040,52805,36.72,36.71,2073,2117,-1644,356
909,EAT,2020-08-13,0 days 15:56:04.294557,52649,36.72,36.71,2285,2217,156,-1644
910,EAT,2020-08-13,0 days 15:56:08.303958,53745,36.72,36.71,2123,2617,-379,221
911,EAT,2020-08-13,0 days 15:56:09.306717,53524,36.72,36.71,2423,2817,221,-379
912,EAT,2020-08-13,0 days 15:57:33.508240,56890,36.77,36.76,506,1805,-1834,166
913,EAT,2020-08-13,0 days 15:57:34.510958,56624,36.77,36.74,995,796,266,-1834
914,EAT,2020-08-13,0 days 15:57:37.518429,56890,36.77,36.75,514,700,-134,66
915,EAT,2020-08-13,0 days 15:57:39.522935,56724,36.76,36.75,814,500,166,-234
916,EAT,2020-08-13,0 days 15:57:40.525355,57090,36.76,36.75,820,686,-534,166
917,EAT,2020-08-13,0 days 15:57:41.527955,56124,36.76,36.75,786,786,966,-534
918,EAT,2020-08-13,0 days 15:58:38.666488,57309,36.79,36.78,59887,573,246,-154
919,EAT,2020-08-13,0 days 15:58:39.669465,57155,36.79,36.78,58277,604,-154,246
920,EAT,2020-08-13,0 days 15:58:49.693651,57309,36.79,36.77,52635,561,441,-1154
921,EAT,2020-08-13,0 days 15:59:14.755998,75907,36.77,36.75,1248,164,-160,1907
922,EAT,2020-08-13,0 days 15:59:17.761850,78356,36.75,36.74,464,1176,351,-3149
923,EAT,2020-08-13,0 days 15:59:19.766962,74387,36.78,36.77,100,1105,-4669,4331
924,EAT,2020-08-13,0 days 15:59:20.769400,79056,36.78,36.77,137,1257,31,-4669
925,EAT,2020-08-13,0 days 15:59:47.834233,82731,36.74,36.73,100,200,-1232,2256
926,EAT,2020-08-13,0 days 15:59:48.838289,83863,36.72,36.7,800,5,3604,-1232
927,EAT,2020-08-13,0 days 15:59:50.843596,81967,36.72,36.71,220,318,-1896,2904
928,EIX,2020-08-13,0 days 15:55:00.138959,212063,53.65,53.64,230,526,2271,-79576
929,EIX,2020-08-13,0 days 15:55:01.141393,211334,53.65,53.64,230,500,-729,2271
930,EIX,2020-08-13,0 days 15:56:01.287591,213600,53.58,53.57,168,569,2583,-717
931,EIX,2020-08-13,0 days 15:56:02.289545,213183,53.59,53.57,738,768,-417,2583
932,EIX,2020-08-13,0 days 15:56:10.309278,213759,53.57,53.56,424,511,84,-417
933,EIX,2020-08-13,0 days 15:56:11.311991,213343,53.57,53.56,1024,511,-416,84
934,EIX,2020-08-13,0 days 15:57:31.503994,213259,53.49,53.48,1490,500,3021,-279
935,EIX,2020-08-13,0 days 15:57:32.505974,212980,53.49,53.48,1000,500,-279,3021
936,EIX,2020-08-13,0 days 15:58:05.587294,221759,53.49,53.48,1243,1415,2127,-515
937,EIX,2020-08-13,0 days 15:58:06.589465,221086,53.49,53.48,2040,1761,-673,2127
938,EIX,2020-08-13,0 days 15:58:12.604112,225986,53.49,53.48,768,705,-1070,130
939,EIX,2020-08-13,0 days 15:58:23.630551,227056,53.49,53.48,1065,1278,271,-1129
940,EIX,2020-08-13,0 days 15:58:24.634789,224027,53.49,53.48,1265,1286,-3029,271
941,EIX,2020-08-13,0 days 15:58:58.715677,227056,53.49,53.48,770,900,2760,-6956
942,EIX,2020-08-13,0 days 15:58:59.717831,226316,53.5,53.49,300,1302,-740,2760
943,EIX,2020-08-13,0 days 15:59:03.728336,229006,53.5,53.49,300,1129,1853,-2015
944,EIX,2020-08-13,0 days 15:59:15.757849,266670,53.56,53.55,1556,548,-23404,28037
945,EIX,2020-08-13,0 days 15:59:16.759875,265322,53.57,53.56,444,346,1348,-23404
946,EIX,2020-08-13,0 days 15:59:20.769254,274490,53.57,53.56,111,2078,-2432,9418
947,EIX,2020-08-13,0 days 15:59:21.771796,272522,53.57,53.56,211,1389,1968,-2432
948,EIX,2020-08-13,0 days 15:59:28.788406,274951,53.57,53.56,300,143,-437,1929
949,EIX,2020-08-13,0 days 15:59:33.800952,275388,53.57,53.56,300,44,4224,-389
950,EIX,2020-08-13,0 days 15:59:40.818414,280212,53.59,53.57,400,1245,-2319,2281
951,EIX,2020-08-13,0 days 15:59:41.819997,278531,53.6,53.57,700,3414,1681,-2319
952,ELAN,2020-08-13,0 days 15:59:14.755928,374323,24.46,24.45,5452,3299,-64922,19150
953,EMR,2020-08-13,0 days 15:55:00.115840,216159,70.16,70.15,744,1196,9291,-11976
954,EMR,2020-08-13,0 days 15:58:02.556658,209716,70.17,70.16,1163,1086,-1288,412
955,EMR,2020-08-13,0 days 15:58:12.581389,210904,70.16,70.15,1573,400,712,-288
956,EMR,2020-08-13,0 days 15:58:13.583036,210616,70.16,70.14,1943,1475,-288,712
957,EMR,2020-08-13,0 days 15:59:03.704469,214901,70.18,70.16,1798,1995,-74,1526
958,EMR,2020-08-13,0 days 15:59:04.707618,214983,70.18,70.17,2440,190,718,-74
959,EMR,2020-08-13,0 days 15:59:08.716980,238607,70.21,70.2,1031,1234,-17976,17224
960,EMR,2020-08-13,0 days 15:59:09.722102,235160,70.2,70.19,552,1925,3447,-17976
961,EMR,2020-08-13,0 days 15:59:14.732196,238607,70.21,70.2,396,1397,-6579,2578
962,EMR,2020-08-13,0 days 15:59:15.732363,230386,70.21,70.2,146,1107,8121,-6579
963,EMR,2020-08-13,0 days 15:59:17.736341,238507,70.22,70.21,1391,317,-121,1421
964,EMR,2020-08-13,0 days 15:59:18.739400,237128,70.22,70.21,302,1800,1539,-121
965,ENB,2020-08-13,0 days 15:58:37.699857,153913,32.82,32.81,5022,8940,-3060,3161
966,ENB,2020-08-13,0 days 15:58:38.702061,145473,32.82,32.81,7314,6131,8440,-3060
967,ENB,2020-08-13,0 days 15:59:20.805099,155524,32.86,32.85,5124,9072,1575,-3713
968,ENB,2020-08-13,0 days 15:59:27.821610,157099,32.86,32.85,3325,10918,-15602,1575
969,ENB,2020-08-13,0 days 15:59:28.824779,155601,32.86,32.85,3745,14218,1498,-15602
970,ENB,2020-08-13,0 days 15:59:46.868358,155761,32.87,32.86,8153,13054,4683,-9062
971,EOG,2020-08-13,0 days 15:55:00.178953,301082,47.62,47.61,339,330,7250,-10209
972,EOG,2020-08-13,0 days 15:55:46.290677,309732,47.58,47.57,504,642,-41011,3189
973,EOG,2020-08-13,0 days 15:56:47.436784,332711,47.53,47.52,1847,1337,552,-2169
974,EOG,2020-08-13,0 days 15:56:48.439350,331178,47.53,47.52,1811,1130,-1533,552
975,EOG,2020-08-13,0 days 15:57:38.556920,338987,47.52,47.51,3037,840,695,-2305
976,EOG,2020-08-13,0 days 15:57:39.559161,336682,47.52,47.51,2593,740,-2305,695
977,EOG,2020-08-13,0 days 15:58:00.610361,312887,47.52,47.51,1400,2014,1757,-2143
978,EOG,2020-08-13,0 days 15:58:05.622522,345559,47.5,47.49,786,806,-3349,1551
979,EOG,2020-08-13,0 days 15:58:48.727355,353788,47.46,47.45,1772,1862,3401,-999
980,EOG,2020-08-13,0 days 15:58:51.734756,351520,47.45,47.44,1420,576,-2568,332
981,EOG,2020-08-13,0 days 15:59:22.809569,375234,47.41,47.4,3603,2952,913,-6987
982,EOG,2020-08-13,0 days 15:59:28.824746,373027,47.4,47.39,2650,3512,-3607,2693
983,EOG,2020-08-13,0 days 15:59:35.841236,376634,47.4,47.39,1483,1260,2449,-2907
984,EOG,2020-08-13,0 days 15:59:46.868287,377767,47.39,47.38,1506,8563,-792,3533
985,EOG,2020-08-13,0 days 15:59:47.870668,378559,47.39,47.38,2055,7859,353,-792
986,EPD,2020-08-13,0 days 15:59:46.296368,378539,18.83,18.82,11053,2500,1209,-3501
987,EPD,2020-08-13,0 days 15:59:48.301372,373080,18.84,18.83,9190,110,-5459,1209
988,EQH,2020-08-13,0 days 15:56:11.257170,172577,21.7,21.69,10876,4017,-22,1640
989,EQH,2020-08-13,0 days 15:56:30.303308,172486,21.7,21.69,13167,4298,91,-22
990,EQH,2020-08-13,0 days 15:56:41.328931,172577,21.7,21.69,13238,7098,-22,91
991,EQH,2020-08-13,0 days 15:57:03.382220,169108,21.7,21.69,12790,8579,4369,-4231
992,EQH,2020-08-13,0 days 15:58:28.588706,179297,21.71,21.7,4978,12522,4879,-3421
993,EQH,2020-08-13,0 days 15:59:01.669759,173997,21.71,21.7,8612,3057,-3835,5744
994,EQH,2020-08-13,0 days 15:59:10.691186,172730,21.71,21.7,8515,3080,2630,-3970
995,EQH,2020-08-13,0 days 15:59:17.706332,175360,21.71,21.7,9119,5729,-3700,1475
996,EQH,2020-08-13,0 days 15:59:18.709328,173260,21.71,21.7,9719,4429,2100,-3700
997,EQH,2020-08-13,0 days 15:59:28.732903,179950,21.71,21.7,7867,4071,-387,2490
998,EQH,2020-08-13,0 days 15:59:36.752680,178839,21.71,21.7,1897,6002,1111,-8789
999,EQH,2020-08-13,0 days 15:59:42.767226,179950,21.71,21.7,2229,6338,-1192,1111
1000,EQH,2020-08-13,0 days 15:59:43.769899,178942,21.71,21.7,6923,5038,1008,-1192
1001,EQH,2020-08-13,0 days 15:59:45.773004,179950,21.71,21.7,7472,5257,-3953,1008
1002,EQH,2020-08-13,0 days 15:59:46.775483,179103,21.71,21.7,7282,3857,2137,-3953
1003,EQH,2020-08-13,0 days 15:59:47.777633,181240,21.71,21.7,7282,5053,-148,2137
1004,EQH,2020-08-13,0 days 15:59:49.782336,180599,21.71,21.7,7786,3946,641,-1359
1005,EQNR,2020-08-13,0 days 15:55:36.189288,11249,16.63,16.62,65210,16298,68,-63
1006,EQNR,2020-08-13,0 days 15:56:47.360198,11488,16.63,16.62,46754,27907,-1110,190
1007,EQNR,2020-08-13,0 days 15:57:10.416188,11298,16.64,16.63,43696,34448,190,-1110
1008,EQNR,2020-08-13,0 days 15:57:21.442621,11488,16.64,16.63,42437,39585,-7610,190
1009,EQR,2020-08-13,0 days 15:55:27.181922,128567,53.55,53.54,1335,906,227,-73
1010,EQR,2020-08-13,0 days 15:55:28.184559,127894,53.56,53.55,381,744,-473,227
1011,EQR,2020-08-13,0 days 15:56:47.374617,130203,53.5,53.49,1309,820,1158,-488
1012,EQR,2020-08-13,0 days 15:56:48.377231,129461,53.5,53.49,600,1820,-742,1158
1013,EQR,2020-08-13,0 days 15:57:35.491219,130211,53.51,53.5,1102,300,550,-450
1014,EQR,2020-08-13,0 days 15:57:36.492614,129761,53.51,53.5,1238,749,-450,550
1015,EQR,2020-08-13,0 days 15:57:41.504591,130211,53.51,53.5,544,1720,150,-250
1016,EQR,2020-08-13,0 days 15:57:43.509276,129961,53.52,53.51,647,665,-250,150
1017,EQR,2020-08-13,0 days 15:57:46.516520,130211,53.51,53.5,300,1204,50,-250
1018,EQR,2020-08-13,0 days 15:57:47.518970,129961,53.51,53.5,200,1304,-250,50
1019,EQR,2020-08-13,0 days 15:57:56.541307,130211,53.51,53.5,549,1812,187,-113
1020,EQR,2020-08-13,0 days 15:58:08.571260,144958,53.5,53.49,1077,349,-1091,2099
1021,EQR,2020-08-13,0 days 15:59:08.717140,148202,53.52,53.51,335,1254,-489,511
1022,EQR,2020-08-13,0 days 15:59:10.721945,148720,53.54,53.52,300,774,382,-3289
1023,EQR,2020-08-13,0 days 15:59:11.724405,147802,53.54,53.52,800,709,-918,382
1024,EQR,2020-08-13,0 days 15:59:16.734685,148402,53.51,53.5,500,300,-418,782
1025,EQR,2020-08-13,0 days 15:59:19.742180,148820,53.51,53.49,824,1135,7187,-218
1026,EQR,2020-08-13,0 days 15:59:20.744523,148607,53.51,53.49,952,1235,-213,7187
1027,EQR,2020-08-13,0 days 15:59:42.797973,149220,53.52,53.5,1079,1813,283,-227
1028,EQR,2020-08-13,0 days 15:59:44.803107,149103,53.49,53.48,716,882,-117,283
1029,EQR,2020-08-13,0 days 15:59:45.806199,149220,53.48,53.46,677,500,1583,-117
1030,EQT,2020-08-13,0 days 15:55:31.161436,169491,16.01,16.0,8715,8063,240,-360
1031,EQT,2020-08-13,0 days 15:55:45.194607,169731,16.01,16.0,9253,8229,-679,57
1032,EQT,2020-08-13,0 days 15:57:03.382269,172802,16.0,15.99,7239,6245,29,-571
1033,EQT,2020-08-13,0 days 15:57:04.384740,172331,16.01,16.0,3841,6132,-471,29
1034,EQT,2020-08-13,0 days 15:57:21.425969,172902,16.02,16.01,7084,3089,3236,-171
1035,EQT,2020-08-13,0 days 15:57:22.428300,172731,16.02,16.01,6884,3589,-71,3236
1036,EQT,2020-08-13,0 days 15:57:35.460762,172902,16.02,16.01,8252,7515,336,-71
1037,ERJ,2020-08-13,0 days 15:58:59.758230,35637,5.61,5.6,14567,19992,741,-3559
1038,ERJ,2020-08-13,0 days 15:59:00.763442,34078,5.61,5.6,14567,19792,-1559,741
1039,ERJ,2020-08-13,0 days 15:59:45.870754,38953,5.61,5.6,40703,17366,325,-1475
1040,ERJ,2020-08-13,0 days 15:59:48.875061,38178,5.61,5.6,35616,13542,-175,325
1041,EROS,2020-08-13,0 days 15:56:47.397955,36638,2.68,2.67,10132,4115,1708,-2580
1042,EROS,2020-08-13,0 days 15:56:48.399912,35346,2.68,2.67,10132,4315,-1292,1708
1043,EROS,2020-08-13,0 days 15:57:04.439102,36902,2.68,2.67,8973,3836,884,-2356
1044,EROS,2020-08-13,0 days 15:57:05.441815,35086,2.68,2.67,8873,3936,-1816,884
1045,EROS,2020-08-13,0 days 15:59:08.740747,42030,2.68,2.67,9535,1330,4567,-702
1046,EROS,2020-08-13,0 days 15:59:09.745008,35957,2.68,2.67,8635,1630,-6073,4567
1047,ET,2020-08-13,0 days 15:59:11.211039,157236,6.57,6.56,74371,58230,-10417,1971
1048,ET,2020-08-13,0 days 15:59:12.213340,152553,6.57,6.56,74371,59430,4683,-10417
1049,ET,2020-08-13,0 days 15:59:36.271633,157236,6.57,6.56,121325,8776,-3617,4683
1050,ET,2020-08-13,0 days 15:59:37.273218,156853,6.57,6.56,118125,4371,383,-3617
1051,ET,2020-08-13,0 days 15:59:44.289492,157736,6.56,6.55,109347,18881,-117,383
1052,ETRN,2020-08-13,0 days 15:55:36.295511,258284,10.88,10.87,5099,6850,873,-170
1053,ETRN,2020-08-13,0 days 15:55:37.297601,256357,10.88,10.87,5445,6850,-1927,873
1054,ETRN,2020-08-13,0 days 15:58:10.668630,269238,10.88,10.87,7055,11941,7841,-1313
1055,ETRN,2020-08-13,0 days 15:58:11.672069,266679,10.88,10.87,8965,10717,-2559,7841
1056,ETRN,2020-08-13,0 days 15:59:44.896449,292919,10.89,10.88,8952,10363,-408,1545
1057,ETRN,2020-08-13,0 days 15:59:45.900264,296127,10.89,10.88,8993,10503,1892,-408
1058,ETRN,2020-08-13,0 days 15:59:48.906802,292619,10.89,10.88,8979,10668,-1075,1225
1059,EVRG,2020-08-13,0 days 15:55:37.206064,101379,52.85,52.84,401,100,-6485,3173
1060,EVRG,2020-08-13,0 days 15:55:38.208603,98964,52.85,52.84,501,200,2415,-6485
1061,EVRG,2020-08-13,0 days 15:56:00.262480,101652,52.87,52.85,500,422,-1622,2162
1062,EVRG,2020-08-13,0 days 15:56:01.264270,99574,52.86,52.85,722,322,2078,-1622
1063,EVRG,2020-08-13,0 days 15:56:09.283422,101652,52.87,52.85,310,624,-322,1978
1064,EVRG,2020-08-13,0 days 15:56:10.286026,99674,52.87,52.85,510,724,1878,-322
1065,EVRG,2020-08-13,0 days 15:57:30.478625,102706,52.87,52.85,1010,200,-3292,1108
1066,EVRG,2020-08-13,0 days 15:57:31.481685,101333,52.84,52.83,352,200,1473,-3292
1067,EVRG,2020-08-13,0 days 15:57:46.516561,104306,52.83,52.82,59,331,-227,2573
1068,EVRG,2020-08-13,0 days 15:57:47.519022,102933,52.83,52.82,59,331,1573,-227
1069,EVRG,2020-08-13,0 days 15:57:48.521744,172306,52.81,52.78,200,1581,-9727,1573
1070,EVRG,2020-08-13,0 days 15:58:59.694592,174912,52.77,52.75,980,741,43,-806
1071,EVRG,2020-08-13,0 days 15:59:01.700375,175155,52.75,52.74,400,700,-30,43
1072,EVRG,2020-08-13,0 days 15:59:07.715278,172455,52.74,52.72,345,1279,-9515,2428
1073,EVRG,2020-08-13,0 days 15:59:15.732792,217575,52.71,52.7,118,1000,22527,-35373
1074,EVRG,2020-08-13,0 days 15:59:16.734746,209355,52.71,52.7,200,536,-8220,22527
1075,EVRI,2020-08-13,0 days 15:56:47.343762,54582,7.42,7.41,8455,1767,3488,-2173
1076,EVRI,2020-08-13,0 days 15:56:48.346894,53170,7.42,7.41,8334,3042,-1412,3488
1077,EVRI,2020-08-13,0 days 15:58:50.642533,55576,7.42,7.41,3276,8440,3859,-1320
1078,EVRI,2020-08-13,0 days 15:58:51.644690,55127,7.42,7.41,3581,8640,-149,3859
1079,EVRI,2020-08-13,0 days 15:58:59.663833,55676,7.43,7.42,16100,7818,1477,-841
1080,EVRI,2020-08-13,0 days 15:59:00.667598,55053,7.43,7.42,17434,6818,-523,1477
1081,EVRI,2020-08-13,0 days 15:59:04.677486,55676,7.43,7.42,17605,8453,1018,-523
1082,EVRI,2020-08-13,0 days 15:59:05.679407,55294,7.43,7.42,17882,10553,-282,1018
1083,EVRI,2020-08-13,0 days 15:59:11.693883,56376,7.43,7.42,20169,11572,329,-282
1084,EW,2020-08-13,0 days 15:55:34.222434,174656,79.56,79.55,138,1135,869,-172
1085,EW,2020-08-13,0 days 15:55:35.224620,170425,79.56,79.55,238,935,-4231,869
1086,EW,2020-08-13,0 days 15:56:47.398102,174728,79.56,79.55,656,2201,1374,-1717
1087,EW,2020-08-13,0 days 15:56:48.400554,171002,79.56,79.55,1545,2001,-3726,1374
1088,EW,2020-08-13,0 days 15:57:35.513925,174728,79.55,79.53,2164,732,874,-826
1089,EW,2020-08-13,0 days 15:57:36.515775,171402,79.55,79.53,2464,932,-3326,874
1090,EW,2020-08-13,0 days 15:59:11.748111,223327,79.47,79.45,377,8,93,-2798
1091,EW,2020-08-13,0 days 15:59:12.752793,222920,79.47,79.46,183,100,-1207,93
1092,EW,2020-08-13,0 days 15:59:19.766996,228858,79.46,79.44,2778,450,729,-3823
1093,EW,2020-08-13,0 days 15:59:29.791667,225797,79.45,79.43,1337,1427,-3061,6739
1094,EW,2020-08-13,0 days 15:59:35.805895,228858,79.45,79.44,100,660,364,-3061
1095,EW,2020-08-13,0 days 15:59:39.815734,226822,79.45,79.43,247,300,-2036,6564
1096,EW,2020-08-13,0 days 15:59:45.832202,228858,79.43,79.4,1131,805,574,-2036
1097,EW,2020-08-13,0 days 15:59:50.843682,224460,79.38,79.37,448,294,-4398,420
1098,F,2020-08-13,0 days 15:59:45.900906,1038728,7.04,7.03,733826,683838,-42309,3575
1099,F,2020-08-13,0 days 15:59:49.909528,1054790,7.03,7.02,723796,741722,-17940,38653
1100,F,2020-08-13,0 days 15:59:50.912729,975917,7.03,7.02,731874,785900,78873,-17940
1101,FBC,2020-08-13,0 days 15:58:08.540826,43022,30.72,30.71,1251,1687,330,-454
1102,FBC,2020-08-13,0 days 15:58:09.543587,42652,30.72,30.71,851,2222,-370,330
1103,FBC,2020-08-13,0 days 15:58:56.657800,43022,30.73,30.72,720,2922,27,-382
1104,FBC,2020-08-13,0 days 15:58:57.658893,42835,30.73,30.72,854,3326,-187,27
1105,FBC,2020-08-13,0 days 15:59:08.686706,44943,30.73,30.72,619,2786,1452,-37
1106,FBC,2020-08-13,0 days 15:59:09.691308,44881,30.73,30.72,619,3392,-62,1452
1107,FBC,2020-08-13,0 days 15:59:21.716262,50049,30.7,30.68,1164,1193,3532,-5168
1108,FBC,2020-08-13,0 days 15:59:45.773209,50049,30.66,30.65,1112,627,1893,-215
1109,FBC,2020-08-13,0 days 15:59:46.775679,50142,30.66,30.65,891,827,-461,1893
1110,FCX,2020-08-13,0 days 15:59:14.732281,1771681,13.78,13.77,26883,91366,319421,-601977
1111,FDX,2020-08-13,0 days 15:59:14.755902,210273,204.27,204.22,200,200,28505,-28699
1112,FDX,2020-08-13,0 days 15:59:15.757849,195678,204.29,204.25,202,100,-16195,28505
1113,FDX,2020-08-13,0 days 15:59:16.759844,211873,204.27,204.2,319,450,205,-16195
1114,FDX,2020-08-13,0 days 15:59:23.776897,211205,204.13,204.11,246,200,3073,-280
1115,FDX,2020-08-13,0 days 15:59:27.785768,209211,204.14,204.11,69,336,-2063,837
1116,FDX,2020-08-13,0 days 15:59:28.788377,211274,204.13,204.1,120,1036,937,-2063
1117,FDX,2020-08-13,0 days 15:59:43.824902,215961,204.29,204.2,1290,985,-1323,277
1118,FDX,2020-08-13,0 days 15:59:44.827910,215831,204.22,204.14,922,550,2930,-1323
1119,FE,2020-08-13,0 days 15:58:39.709781,346061,29.66,29.65,5049,6235,6177,-3523
1120,FE,2020-08-13,0 days 15:58:40.711803,241438,29.66,29.65,3377,7325,-101323,6177
1121,FE,2020-08-13,0 days 15:59:40.855645,341148,29.65,29.64,12394,3012,901,-836
1122,FE,2020-08-13,0 days 15:59:41.856922,339349,29.65,29.64,10261,2057,-1799,901
1123,FE,2020-08-13,0 days 15:59:45.870646,341148,29.64,29.63,7621,1131,15776,-25
1124,FE,2020-08-13,0 days 15:59:46.869493,338832,29.64,29.63,8121,2531,-5117,15776
1125,FE,2020-08-13,0 days 15:59:47.872180,340649,29.61,29.6,5403,3282,2283,-5117
1126,FE,2020-08-13,0 days 15:59:50.881274,330576,29.62,29.61,2055,6711,-10073,204
1127,FET,2020-08-13,0 days 15:55:41.277954,1362,0.47,0.46,50300,1000,-4997,1222
1128,FET,2020-08-13,0 days 16:00:00.898515,2681,0.47,0.46,2797,43307,5972,-4997
1129,FHN,2020-08-13,0 days 15:55:00.115976,368267,9.83,9.82,15191,14400,193809,-88149
1130,FHN,2020-08-13,0 days 15:57:35.491158,465764,9.85,9.84,20881,20801,-1034,13366
1131,FHN,2020-08-13,0 days 15:58:19.598336,477830,9.85,9.84,39105,17887,-1630,12970
1132,FHN,2020-08-13,0 days 15:58:21.602985,479460,9.85,9.84,40568,16056,3370,-1630
1133,FHN,2020-08-13,0 days 15:58:22.605064,477830,9.85,9.84,37068,19378,-1630,3370
1134,FHN,2020-08-13,0 days 15:58:55.684276,473679,9.84,9.83,34429,21366,-1281,5419
1135,FHN,2020-08-13,0 days 15:59:15.732467,555999,9.83,9.82,27240,20259,19879,-35621
1136,FHN,2020-08-13,0 days 15:59:18.739456,526536,9.83,9.82,20130,31908,-14263,11837
1137,FHN,2020-08-13,0 days 15:59:24.754143,553750,9.83,9.82,31850,19855,4886,-18414
1138,FHN,2020-08-13,0 days 15:59:25.756234,547436,9.83,9.82,32749,20467,-6314,4886
1139,FHN,2020-08-13,0 days 15:59:40.793928,559188,9.83,9.82,29952,23784,-1946,7204
1140,FHN,2020-08-13,0 days 15:59:44.803024,561134,9.83,9.82,38083,8440,4831,-1946
1141,FIS,2020-08-13,0 days 15:59:14.791342,325945,145.18,145.14,545,411,9377,-19294
1142,FIS,2020-08-13,0 days 15:59:17.797566,332722,145.19,145.16,1200,333,-423,2277
1143,FIS,2020-08-13,0 days 15:59:19.802775,331478,145.14,145.13,210,221,1444,-223
1144,FIS,2020-08-13,0 days 15:59:32.833525,349661,145.17,145.16,400,134,-865,17040
1145,FIS,2020-08-13,0 days 15:59:33.836199,346626,145.17,145.16,1203,137,3035,-865
1146,FIS,2020-08-13,0 days 15:59:55.890022,358873,145.26,145.21,10109,3741,-39248,534
1147,FIT,2020-08-13,0 days 15:59:07.808683,59007,6.34,6.33,94884,28248,8040,-8596
1148,FL,2020-08-13,0 days 15:57:35.550197,211478,29.25,29.24,636,3173,211,-1789
1149,FL,2020-08-13,0 days 15:57:36.552312,211389,29.26,29.25,1329,3818,-89,211
1150,FL,2020-08-13,0 days 15:58:57.748979,211525,29.29,29.28,963,5910,-4825,1075
1151,FL,2020-08-13,0 days 15:59:05.770040,228396,29.28,29.27,1355,2109,5023,-15577
1152,FL,2020-08-13,0 days 15:59:06.771860,223519,29.28,29.27,1355,2209,-4877,5023
1153,FL,2020-08-13,0 days 15:59:43.861207,236758,29.28,29.27,1820,7252,-4290,1044
1154,FL,2020-08-13,0 days 15:59:45.868441,241048,29.27,29.26,4087,2681,277,-4131
1155,FND,2020-08-13,0 days 15:55:31.192179,52178,68.84,68.81,500,700,10,-290
1156,FND,2020-08-13,0 days 15:55:32.194492,52188,68.84,68.81,100,700,-90,10
1157,FND,2020-08-13,0 days 15:55:34.199253,52278,68.85,68.83,708,700,995,-90
1158,FND,2020-08-13,0 days 15:55:35.201445,50573,68.85,68.83,708,700,-1705,995
1159,FND,2020-08-13,0 days 15:57:02.410939,52292,68.74,68.72,1046,637,29,-107
1160,FND,2020-08-13,0 days 15:57:41.504620,52321,68.75,68.72,467,1032,-71,29
1161,FND,2020-08-13,0 days 15:59:00.698313,55435,68.81,68.8,41,512,2591,-189
1162,FND,2020-08-13,0 days 15:59:01.700266,54000,68.83,68.8,800,412,-1435,2591
1163,FSLY,2020-08-13,0 days 15:58:05.587294,96904,79.79,79.75,175,199,132,-2410
1164,FSLY,2020-08-13,0 days 15:58:06.589465,94842,79.79,79.75,175,199,-1662,132
1165,FSLY,2020-08-13,0 days 15:58:43.680814,96904,79.79,79.73,1,302,1071,-2062
1166,FSLY,2020-08-13,0 days 15:58:44.681412,95075,79.81,79.75,390,303,-1829,1071
1167,FSLY,2020-08-13,0 days 15:59:04.731067,95932,79.77,79.71,375,201,11221,-385
1168,FSLY,2020-08-13,0 days 15:59:19.766864,93430,79.85,79.78,482,361,-3802,5298
1169,FSLY,2020-08-13,0 days 15:59:20.769273,97432,79.8,79.75,275,15,198,-3802
1170,FSM,2020-08-13,0 days 15:59:46.808232,63197,6.4,6.39,5634,59251,-2422,5028
1171,FTCH,2020-08-13,0 days 15:55:00.604294,47525,26.37,26.36,3322,6940,-4040,11785
1172,FTCH,2020-08-13,0 days 15:55:40.702233,48814,26.32,26.31,2972,870,-1518,282
1173,FTCH,2020-08-13,0 days 15:56:10.774540,50463,26.4,26.39,4778,5232,1187,-249
1174,FTCH,2020-08-13,0 days 15:56:12.779111,52977,26.4,26.39,4678,6670,-1686,2514
1175,FTCH,2020-08-13,0 days 15:56:13.781353,52663,26.4,26.39,4678,6670,314,-1686
1176,FTCH,2020-08-13,0 days 15:56:49.868675,50620,26.33,26.32,1272,1239,-198,278
1177,FTCH,2020-08-13,0 days 15:57:03.902604,52718,26.35,26.34,1386,2649,278,-198
1178,FTCH,2020-08-13,0 days 15:57:11.921598,55496,26.34,26.33,2234,2325,-305,1995
1179,FTCH,2020-08-13,0 days 15:57:29.964179,55496,26.32,26.31,1000,1222,-305,441
1180,FTCH,2020-08-13,0 days 15:58:12.068246,59177,26.32,26.31,1583,3079,-124,176
1181,FTCH,2020-08-13,0 days 15:58:14.072417,59001,26.32,26.31,1583,3679,176,-224
1182,FTCH,2020-08-13,0 days 15:58:16.078586,58977,26.33,26.32,1589,1197,-24,176
1183,FTCH,2020-08-13,0 days 15:58:17.079939,57701,26.33,26.32,1289,2197,1276,-24
1184,FTCH,2020-08-13,0 days 15:58:22.091870,58077,26.37,26.35,2400,375,-870,576
1185,FTCH,2020-08-13,0 days 15:58:23.094910,57701,26.35,26.34,66,1519,576,-870
1186,FTCH,2020-08-13,0 days 15:58:48.154565,59047,26.38,26.37,900,4336,430,-870
1187,FTCH,2020-08-13,0 days 15:59:37.273651,66184,26.42,26.38,577,829,1055,-1291
1188,FTI,2020-08-13,0 days 15:58:50.642360,217147,8.58,8.57,34964,21703,1961,-4749
1189,FTI,2020-08-13,0 days 15:58:51.644591,212908,8.59,8.58,36814,38264,-4239,1961
1190,FTI,2020-08-13,0 days 15:59:06.681912,217147,8.59,8.58,34285,42111,6474,-652
1191,FTI,2020-08-13,0 days 15:59:08.686575,215324,8.59,8.58,29297,48301,-1823,1377
1192,FTI,2020-08-13,0 days 15:59:16.704696,217147,8.59,8.58,39703,47508,6583,-12517
1193,FTI,2020-08-13,0 days 15:59:17.706302,216807,8.59,8.58,37003,48608,-340,6583
1194,FTI,2020-08-13,0 days 15:59:37.755289,205198,8.59,8.58,56649,25717,-11949,9751
1195,FTI,2020-08-13,0 days 15:59:38.762641,217647,8.59,8.58,61149,14111,70,-11949
1196,FTV,2020-08-13,0 days 15:57:35.460735,168868,73.8,73.79,387,831,-649,1751
1197,FTV,2020-08-13,0 days 15:57:36.461760,166617,73.8,73.79,685,870,2251,-649
1198,FTV,2020-08-13,0 days 15:58:28.588780,170903,73.82,73.8,450,2912,-1168,1832
1199,FTV,2020-08-13,0 days 15:58:29.591412,168271,73.82,73.8,463,2912,2632,-1168
1200,FTV,2020-08-13,0 days 15:59:06.682043,180703,73.84,73.82,924,1600,-4148,1635
1201,FTV,2020-08-13,0 days 15:59:07.684035,178851,73.84,73.83,191,1025,4430,-4148
1202,FTV,2020-08-13,0 days 15:59:21.716226,183581,73.85,73.84,540,100,-21425,402
1203,FTV,2020-08-13,0 days 15:59:22.718845,183406,73.84,73.82,110,700,175,-21425
1204,FTV,2020-08-13,0 days 15:59:27.730921,183581,73.85,73.83,1565,354,-995,175
1205,FTV,2020-08-13,0 days 15:59:32.743151,183581,73.84,73.82,619,900,-2495,305
1206,FTV,2020-08-13,0 days 15:59:43.769935,184176,73.83,73.81,437,1200,2630,-170
1207,FTV,2020-08-13,0 days 15:59:44.771215,186806,73.83,73.81,686,400,-70,2630
1208,GE,2020-08-13,0 days 15:55:00.068031,1418757,6.62,6.61,314707,347214,76076,-74478
1209,GFI,2020-08-13,0 days 15:56:47.374697,139218,12.32,12.31,12185,34137,2466,-460
1210,GFI,2020-08-13,0 days 15:56:48.377242,136884,12.32,12.31,12485,36537,-1934,2466
1211,GFI,2020-08-13,0 days 15:57:35.491261,138318,12.29,12.28,11080,42481,478,-122
1212,GFI,2020-08-13,0 days 15:57:36.492665,136296,12.29,12.28,13180,39481,-2022,478
1213,GFI,2020-08-13,0 days 15:57:42.507240,138318,12.29,12.28,10480,32718,578,-1722
1214,GFI,2020-08-13,0 days 15:57:43.509295,136796,12.3,12.29,2011,40421,-1522,578
1215,GFI,2020-08-13,0 days 15:59:00.698378,136756,12.31,12.3,7863,24527,2199,-163
1216,GFI,2020-08-13,0 days 15:59:01.700375,135755,12.31,12.3,24858,9803,-1001,2199
1217,GFI,2020-08-13,0 days 15:59:04.707882,138641,12.31,12.3,25116,8551,575,-3025
1218,GFI,2020-08-13,0 days 15:59:16.734746,137628,12.29,12.28,13932,30066,-1013,687
1219,GFI,2020-08-13,0 days 15:59:43.800532,141010,12.28,12.27,46781,5830,-232,1168
1220,GFI,2020-08-13,0 days 15:59:45.806422,141242,12.28,12.27,46894,5139,4996,-232
1221,GIS,2020-08-13,0 days 15:59:04.695085,193057,62.96,62.95,527,3078,-24742,3545
1222,GIS,2020-08-13,0 days 15:59:06.699586,190128,62.96,62.95,2044,1001,2629,-24742
1223,GIS,2020-08-13,0 days 15:59:09.708983,193280,62.97,62.96,587,1747,-7458,1480
1224,GIS,2020-08-13,0 days 15:59:10.709241,192259,62.97,62.96,2413,794,721,-7458
1225,GIS,2020-08-13,0 days 15:59:18.727182,193380,62.97,62.96,333,3488,-6520,268
1226,GIS,2020-08-13,0 days 15:59:19.729792,192900,62.97,62.96,1283,1846,180,-6520
1227,GIS,2020-08-13,0 days 15:59:28.751461,195410,62.95,62.94,1986,1050,733,-1130
1228,GIS,2020-08-13,0 days 15:59:34.767692,196743,62.97,62.96,235,3395,-167,333
1229,GLW,2020-08-13,0 days 15:59:00.763414,249560,32.51,32.5,1968,5027,9244,-19150
1230,GLW,2020-08-13,0 days 15:59:08.781639,298819,32.53,32.52,5271,3041,-15673,21157
1231,GLW,2020-08-13,0 days 15:59:09.783405,295792,32.53,32.52,5871,3341,3567,-15673
1232,GLW,2020-08-13,0 days 15:59:19.803989,300305,32.54,32.53,2620,8517,-2382,4513
1233,GLW,2020-08-13,0 days 15:59:20.805849,296868,32.54,32.53,3054,9289,3437,-2382
1234,GLW,2020-08-13,0 days 15:59:46.869527,293619,32.51,32.5,6209,8107,9407,-6346
1235,GLW,2020-08-13,0 days 15:59:47.872206,303026,32.52,32.51,5477,9290,-2366,9407
1236,GLW,2020-08-13,0 days 15:59:49.877349,300566,32.52,32.51,8331,4899,2360,-3640
1237,GM,2020-08-13,0 days 15:55:26.179468,496233,27.52,27.51,10496,13620,-381,119
1238,GM,2020-08-13,0 days 15:55:28.184478,496614,27.53,27.52,9242,9493,2548,-381
