,Symbol,Timestamp,TIME,iPaired,Ask_P,Bid_P,Ask_S,Bid_S,iShares,PreviShares
0,A,2020-05-26,0 days 15:55:00.558419,236195,86.17,86.15,400,132,2330,-66059
1,A,2020-05-26,0 days 15:55:14.592859,239225,86.19,86.17,478,219,966,-81
2,A,2020-05-26,0 days 15:57:31.923769,237619,86.07,86.06,1700,296,-1406,94
3,A,2020-05-26,0 days 15:58:04.000265,251175,86.01,86.0,100,530,1644,-2956
4,A,2020-05-26,0 days 15:58:05.003221,251919,86.01,86.0,400,530,-835,1644
5,A,2020-05-26,0 days 15:59:10.161386,258048,86.02,86.0,100,900,263,-1394
6,AA,2020-05-26,0 days 15:55:01.741638,219534,8.77,8.76,20824,6907,5932,-6768
7,ABB,2020-05-26,0 days 15:57:36.928923,25619,19.4,19.39,9507,14880,-4129,6171
8,ABB,2020-05-26,0 days 15:57:37.931233,24848,19.4,19.39,11507,14880,771,-4129
9,ABB,2020-05-26,0 days 15:59:01.132676,25619,19.4,19.39,23982,2575,-3651,5049
10,ABB,2020-05-26,0 days 15:59:02.134460,25170,19.4,19.39,24382,2375,649,-3651
11,ABBV,2020-05-26,0 days 15:57:50.973097,3615386,90.44,90.41,436,730,15919,-4581
12,ABBV,2020-05-26,0 days 15:57:51.975826,3611302,90.49,90.48,200,100,-4084,15919
13,ABBV,2020-05-26,0 days 15:57:53.980265,3615386,90.46,90.44,500,1000,181,-4084
14,ABBV,2020-05-26,0 days 15:57:54.982810,3613767,90.48,90.46,1513,100,-1619,181
15,ABBV,2020-05-26,0 days 15:58:04.005559,3643702,90.46,90.45,120,2000,-10884,24717
16,ABBV,2020-05-26,0 days 15:58:05.009091,3634486,90.43,90.42,300,200,9917,-10884
17,ABBV,2020-05-26,0 days 15:58:25.056825,3669186,90.4,90.39,500,284,19699,-7936
18,ABBV,2020-05-26,0 days 15:58:28.064011,3669186,90.43,90.42,400,100,5052,-7836
19,ABBV,2020-05-26,0 days 15:58:37.086054,3661186,90.45,90.44,910,1305,4026,-3638
20,ABBV,2020-05-26,0 days 15:58:52.122225,3666886,90.4,90.39,100,100,4997,-8503
21,ABBV,2020-05-26,0 days 15:59:02.145533,3686544,90.35,90.34,203,1508,-2224,6501
22,ABBV,2020-05-26,0 days 15:59:03.148583,3681168,90.39,90.38,300,400,5150,-2224
23,ABBV,2020-05-26,0 days 15:59:08.160797,3670103,90.41,90.4,100,200,-12023,2586
24,ABBV,2020-05-26,0 days 15:59:09.162784,3666826,90.39,90.37,586,904,17712,-12023
25,ABEV,2020-05-26,0 days 15:59:46.241136,419289,2.36,2.35,452749,1148748,41476,-7819
26,ABEV,2020-05-26,0 days 15:59:47.243555,409265,2.36,2.35,376564,1160253,-10024,41476
27,ABT,2020-05-26,0 days 15:56:52.828290,1012108,89.27,89.25,2200,682,116046,-79279
28,ABT,2020-05-26,0 days 15:57:35.931389,1055354,89.28,89.26,701,985,-5380,2820
29,ABT,2020-05-26,0 days 15:57:36.934107,1050934,89.29,89.27,967,787,4320,-5380
30,ABT,2020-05-26,0 days 15:57:43.950708,1055254,89.3,89.29,1307,700,-280,2884
31,ABT,2020-05-26,0 days 15:57:44.953159,1056434,89.3,89.28,1720,2022,2984,-280
32,ABT,2020-05-26,0 days 15:57:49.965995,1052818,89.33,89.32,530,1100,-7416,3284
33,ABT,2020-05-26,0 days 15:57:50.968261,1050134,89.33,89.32,537,1000,2584,-7416
34,ABT,2020-05-26,0 days 15:57:55.979561,1050134,89.34,89.32,986,1538,2584,-9316
35,ABT,2020-05-26,0 days 15:57:56.982046,1052818,89.34,89.32,1200,1638,-1116,2584
36,ABT,2020-05-26,0 days 15:57:57.984957,1050134,89.32,89.31,1262,700,2684,-1116
37,ABT,2020-05-26,0 days 15:58:04.000930,1059018,89.3,89.29,1200,2228,-3716,3184
38,ABT,2020-05-26,0 days 15:58:05.004921,1055734,89.28,89.27,700,5800,3284,-3716
39,ABT,2020-05-26,0 days 15:58:07.009332,1062854,89.28,89.27,1787,901,-2080,3284
40,ABT,2020-05-26,0 days 15:58:08.011724,1059234,89.26,89.25,907,200,3620,-2080
41,ABT,2020-05-26,0 days 15:58:24.049696,1058963,89.33,89.31,400,513,-371,3665
42,ABT,2020-05-26,0 days 15:58:25.052557,1055734,89.33,89.31,1303,937,3129,-371
43,ABT,2020-05-26,0 days 15:58:33.071778,1045634,89.34,89.33,1082,1797,2229,-7871
44,ABT,2020-05-26,0 days 15:58:52.120434,1050934,89.26,89.25,400,100,2723,-2477
45,ABT,2020-05-26,0 days 15:59:03.144816,1068457,89.25,89.23,604,611,-8177,1209
46,ABT,2020-05-26,0 days 15:59:06.153137,1071634,89.22,89.21,500,300,14182,-1818
47,ABT,2020-05-26,0 days 15:59:12.165953,1077107,89.23,89.22,100,718,3933,-5767
48,ABT,2020-05-26,0 days 15:59:16.171909,1070040,89.26,89.25,301,200,-7067,3933
49,ABT,2020-05-26,0 days 15:59:17.171958,1067007,89.27,89.26,200,820,129360,-7067
50,ACB,2020-05-26,0 days 15:58:18.023005,3201,15.67,15.65,6214,5801,7667,-14
51,ADSW,2020-05-26,0 days 15:59:03.669721,131272,31.89,31.88,1203,2602,-4529,3971
52,ADSW,2020-05-26,0 days 15:59:04.671174,129101,31.89,31.88,1403,2002,2371,-4529
53,ADSW,2020-05-26,0 days 15:59:14.695523,137972,31.89,31.88,703,2440,-3256,2671
54,ADSW,2020-05-26,0 days 15:59:15.697155,135728,31.89,31.88,1503,710,2244,-3256
55,AEO,2020-05-26,0 days 15:55:30.637782,180604,9.51,9.5,31742,19524,-6814,2886
56,AEO,2020-05-26,0 days 15:55:31.640826,179118,9.51,9.5,32442,16765,1486,-6814
57,AEO,2020-05-26,0 days 15:57:49.972598,179446,9.52,9.51,12230,22732,1320,-280
58,AEO,2020-05-26,0 days 15:57:53.981896,180766,9.52,9.51,9575,24178,-380,1320
59,AEO,2020-05-26,0 days 15:57:54.984156,179446,9.52,9.51,7708,25131,1320,-380
60,AEO,2020-05-26,0 days 15:58:01.000964,180766,9.52,9.51,23034,27755,-380,1320
61,AEO,2020-05-26,0 days 15:58:02.002800,179446,9.52,9.51,25603,23242,1320,-380
62,AEO,2020-05-26,0 days 15:58:13.029358,183366,9.5,9.49,49919,18274,-5532,6968
63,AEO,2020-05-26,0 days 15:58:14.031485,173098,9.5,9.49,50819,18275,9968,-5532
64,AEO,2020-05-26,0 days 15:59:16.177345,187566,9.5,9.49,43670,25156,-786,945
65,AEO,2020-05-26,0 days 15:59:24.193739,184652,9.5,9.49,34231,25337,414,-1386
66,AEP,2020-05-26,0 days 15:58:01.997364,217789,79.99,79.98,566,420,-2671,12629
67,AEP,2020-05-26,0 days 15:58:45.105462,214732,79.93,79.91,292,303,1247,-3981
68,AEP,2020-05-26,0 days 15:58:46.103594,212179,79.93,79.92,489,500,-653,1247
69,AEP,2020-05-26,0 days 15:59:02.141942,210338,79.9,79.87,800,1415,-1794,3406
70,AEP,2020-05-26,0 days 15:59:04.148246,215332,79.94,79.91,900,300,3091,-10309
71,AEP,2020-05-26,0 days 15:59:05.150439,213323,79.92,79.91,400,200,-2009,3091
72,AEP,2020-05-26,0 days 15:59:09.160121,214632,79.88,79.87,518,100,193,-507
73,AEP,2020-05-26,0 days 15:59:11.165786,212740,79.9,79.89,100,600,-1892,5108
74,AEP,2020-05-26,0 days 15:59:34.214165,215245,79.93,79.92,264,882,-87,4813
75,AEP,2020-05-26,0 days 15:59:42.232402,215145,79.93,79.9,1546,896,-187,1613
76,AEP,2020-05-26,0 days 15:59:43.236245,215332,79.93,79.92,100,569,113,-187
77,AEP,2020-05-26,0 days 15:59:44.238097,215245,79.96,79.95,200,400,-5587,113
78,AEP,2020-05-26,0 days 15:59:46.241241,220832,79.96,79.93,300,1420,1813,-2915
79,AEP,2020-05-26,0 days 15:59:47.243654,220380,79.97,79.95,800,449,-452,1813
80,AES,2020-05-26,0 days 15:59:17.162732,535326,12.87,12.86,14833,24096,7328,-21338
81,AES,2020-05-26,0 days 15:59:18.164682,524754,12.87,12.86,13633,31722,-10572,7328
82,AES,2020-05-26,0 days 15:59:36.208815,537213,12.89,12.88,15218,17934,7660,-24551
83,AES,2020-05-26,0 days 15:59:47.235089,533386,12.88,12.87,19410,19138,-3827,8580
84,AFL,2020-05-26,0 days 15:55:00.559814,326974,36.23,36.22,2008,1218,-19872,22756
85,AFL,2020-05-26,0 days 15:55:57.700135,357556,36.21,36.2,1158,1401,1352,-2047
86,AFL,2020-05-26,0 days 15:55:58.703349,354908,36.21,36.2,1558,1101,-1748,1352
87,AFL,2020-05-26,0 days 15:57:06.868467,358893,36.17,36.16,2500,1121,915,-3085
88,AFL,2020-05-26,0 days 15:57:07.871303,356208,36.17,36.16,2600,2021,-2685,915
89,AFL,2020-05-26,0 days 15:58:11.003415,359293,36.15,36.14,4247,1920,1157,-1643
90,AFL,2020-05-26,0 days 15:58:14.010941,358105,36.15,36.14,5203,936,-788,1562
91,AFL,2020-05-26,0 days 15:58:15.012853,359293,36.14,36.13,1483,3004,1257,-788
92,AFL,2020-05-26,0 days 15:58:45.090280,356084,36.15,36.14,901,2144,-816,1984
93,AFL,2020-05-26,0 days 15:59:23.162823,357551,36.19,36.18,785,3035,3255,-654
94,AG,2020-05-26,0 days 15:56:55.830700,30935,9.18,9.17,14062,18747,-1963,2073
95,ALK,2020-05-26,0 days 15:55:06.580801,127716,34.99,34.96,523,1162,361,-1126
96,ALK,2020-05-26,0 days 15:55:07.583272,125977,34.98,34.96,200,1163,-1739,361
97,ALK,2020-05-26,0 days 15:59:08.160692,140322,35.06,35.03,700,723,-795,405
98,ALK,2020-05-26,0 days 15:59:10.165945,140017,35.03,35.02,300,200,305,-795
99,ALK,2020-05-26,0 days 15:59:50.252077,138400,35.02,35.0,100,3010,-1617,7683
100,ALLY,2020-05-26,0 days 15:58:44.104525,273389,16.91,16.9,8524,2925,10622,-4825
101,ALLY,2020-05-26,0 days 15:58:45.109285,263411,16.91,16.9,10890,1325,-9978,10622
102,AM,2020-05-26,0 days 15:59:47.396160,94109,4.54,4.53,15969,12121,-987,1013
103,AMCR,2020-05-26,0 days 15:59:45.213359,538797,9.98,9.97,13929,10760,-1621,9064
104,AMCR,2020-05-26,0 days 15:59:48.219245,531254,9.98,9.97,15723,5010,7578,-12252
105,AMH,2020-05-26,0 days 15:59:17.141908,307635,24.94,24.93,7730,3422,-41652,107367
106,AMH,2020-05-26,0 days 15:59:19.148663,307787,24.9,24.89,4030,2603,948,-1052
107,AMH,2020-05-26,0 days 15:59:51.222985,312250,24.92,24.91,785,2004,-12691,15085
108,AMX,2020-05-26,0 days 15:55:01.741687,50352,13.42,13.41,24500,18446,25756,-2044
109,AMX,2020-05-26,0 days 15:55:02.743227,48308,13.42,13.41,23700,21146,-2044,25756
110,AMX,2020-05-26,0 days 15:58:47.278265,52452,13.42,13.41,46489,9084,1840,-1794
111,AMX,2020-05-26,0 days 15:58:48.280535,50792,13.42,13.41,46219,9383,-1460,1840
112,AMX,2020-05-26,0 days 15:59:08.329203,54452,13.42,13.41,30790,9528,7669,-1360
113,AMX,2020-05-26,0 days 15:59:09.331381,53721,13.42,13.41,35051,8985,-531,7669
114,AMX,2020-05-26,0 days 15:59:10.334071,54452,13.42,13.41,34827,8285,624,-531
115,AMX,2020-05-26,0 days 15:59:11.335797,53776,13.42,13.41,33655,8785,-476,624
116,AMX,2020-05-26,0 days 15:59:48.398935,53176,13.4,13.39,17148,19601,-412,188
117,APA,2020-05-26,0 days 15:59:17.175751,728441,12.72,12.71,10679,9430,-213130,141003
118,APHA,2020-05-26,0 days 15:57:06.863428,28051,4.23,4.22,44656,26958,-6383,11917
119,APHA,2020-05-26,0 days 15:57:07.865557,16134,4.23,4.22,43856,25708,11917,-6383
120,APHA,2020-05-26,0 days 15:59:47.243592,35534,4.22,4.21,49729,14900,1046,-1254
121,APLE,2020-05-26,0 days 15:58:10.542158,149967,9.61,9.6,6901,14112,3034,-66
122,APLE,2020-05-26,0 days 15:59:06.677000,158601,9.61,9.6,6016,8440,-3050,3157
123,APLE,2020-05-26,0 days 15:59:07.678867,155951,9.61,9.6,5917,8840,524,-3050
124,APLE,2020-05-26,0 days 15:59:44.764321,156475,9.62,9.61,3068,6350,-4366,234
125,APLE,2020-05-26,0 days 15:59:45.766160,155241,9.62,9.61,2951,6386,1234,-4366
126,AR,2020-05-26,0 days 15:59:05.143379,238340,3.51,3.5,18147,23311,-175,14821
127,AR,2020-05-26,0 days 15:59:07.147203,228795,3.51,3.5,18176,24311,9545,-175
128,AR,2020-05-26,0 days 15:59:18.164641,228795,3.51,3.5,12668,26400,9545,-4355
129,AR,2020-05-26,0 days 15:59:40.218817,215269,3.52,3.51,40630,31530,5571,-10229
130,AR,2020-05-26,0 days 15:59:45.232247,213540,3.54,3.53,23779,40296,2200,-9500
131,ARMK,2020-05-26,0 days 15:59:16.173992,443817,27.28,27.26,406,540,77237,-109773
132,ARMK,2020-05-26,0 days 15:59:17.171198,442154,27.33,27.32,700,209,-10863,77237
133,ARMK,2020-05-26,0 days 15:59:27.194575,446617,27.32,27.28,300,230,202,-10698
134,ATUS,2020-05-26,0 days 15:56:51.833788,307317,24.2,24.19,1307,3233,-29559,5441
135,ATUS,2020-05-26,0 days 15:58:06.012330,335676,24.14,24.13,3043,2814,1716,-3684
136,ATUS,2020-05-26,0 days 15:58:08.017504,334992,24.14,24.13,1900,5100,-684,2616
137,ATUS,2020-05-26,0 days 15:58:12.026918,335676,24.14,24.13,8285,700,716,-684
138,ATUS,2020-05-26,0 days 15:58:20.046354,335312,24.13,24.12,1848,5999,-364,2636
139,ATUS,2020-05-26,0 days 15:59:01.144905,335712,24.13,24.12,4166,1632,-57,2543
140,ATUS,2020-05-26,0 days 15:59:02.147086,335769,24.13,24.12,3066,3865,1415,-57
141,ATUS,2020-05-26,0 days 15:59:16.176840,339406,24.13,24.12,3363,3289,-34481,123
142,ATUS,2020-05-26,0 days 15:59:20.183706,372367,24.13,24.12,4470,1345,8367,-2761
143,ATUS,2020-05-26,0 days 15:59:21.186743,371134,24.13,24.12,4570,2245,-1233,8367
144,ATUS,2020-05-26,0 days 15:59:46.246411,373839,24.15,24.14,1253,7407,-1230,6730
145,ATUS,2020-05-26,0 days 15:59:50.248616,370847,24.15,24.14,2991,8354,-3164,436
146,AU,2020-05-26,0 days 15:55:10.576798,64169,24.22,24.21,300,3106,2957,-1104
147,AU,2020-05-26,0 days 15:55:11.579414,63426,24.22,24.21,300,3106,-443,2957
148,AU,2020-05-26,0 days 15:59:50.245805,76573,24.2,24.19,2969,6014,-958,1096
149,AUY,2020-05-26,0 days 15:59:45.239807,218265,5.11,5.1,477430,98489,-2755,55
150,AVTR,2020-05-26,0 days 15:56:00.669503,1034981,17.9,17.89,2984,3751,1177,-2364
151,AVTR,2020-05-26,0 days 15:56:01.671430,1027358,17.9,17.89,2316,4051,-7623,1177
152,AVTR,2020-05-26,0 days 15:59:48.214620,1094407,17.82,17.81,2299,14748,-4542,3258
153,AXL,2020-05-26,0 days 15:55:09.580042,102843,7.54,7.53,2983,1987,-12499,1201
154,AXL,2020-05-26,0 days 15:55:10.582661,100142,7.54,7.53,4315,1187,2701,-12499
155,AXL,2020-05-26,0 days 15:55:13.590255,102843,7.54,7.53,5536,1219,-36599,2901
156,AXL,2020-05-26,0 days 15:55:59.701497,67600,7.49,7.48,3826,4602,39276,-724
157,AXP,2020-05-26,0 days 15:57:33.450907,691014,94.15,94.13,1726,1683,-4387,2413
158,AXP,2020-05-26,0 days 15:57:34.453313,688301,94.13,94.09,1106,1196,2713,-4387
159,AXP,2020-05-26,0 days 15:57:44.477713,691014,94.2,94.19,706,300,-1187,2413
160,AXP,2020-05-26,0 days 15:57:45.479888,688701,94.2,94.17,807,1101,2313,-1187
161,AXP,2020-05-26,0 days 15:57:46.482076,691014,94.2,94.18,908,430,-3987,2313
162,AXP,2020-05-26,0 days 15:57:47.484996,688701,94.22,94.2,800,300,2313,-3987
163,AXP,2020-05-26,0 days 15:57:49.490299,691014,94.24,94.22,300,916,-7087,2313
164,AXP,2020-05-26,0 days 15:57:50.491838,686801,94.24,94.23,200,354,4213,-7087
165,AXP,2020-05-26,0 days 15:57:53.499068,691014,94.25,94.23,243,514,-1887,1113
166,AXP,2020-05-26,0 days 15:57:54.502231,690201,94.26,94.24,1000,800,813,-1887
167,AXP,2020-05-26,0 days 15:57:58.511150,691014,94.23,94.21,100,400,-5387,813
168,AXP,2020-05-26,0 days 15:58:02.522039,682301,94.2,94.19,100,307,8713,-687
169,AXP,2020-05-26,0 days 15:58:20.566824,691359,94.2,94.17,800,900,-2242,2058
170,AXP,2020-05-26,0 days 15:58:21.568158,689801,94.2,94.18,208,540,1558,-2242
171,AXP,2020-05-26,0 days 15:58:29.587034,691359,94.29,94.26,503,1000,-11142,1058
172,AXP,2020-05-26,0 days 15:58:47.630380,691059,94.24,94.22,300,100,-7842,1558
173,AXP,2020-05-26,0 days 15:58:48.632606,690101,94.24,94.22,501,100,958,-7842
174,AXP,2020-05-26,0 days 15:59:05.674579,693059,94.17,94.15,500,1004,-10302,1506
175,AXP,2020-05-26,0 days 15:59:06.676938,692361,94.17,94.15,500,1104,698,-10302
176,AXP,2020-05-26,0 days 15:59:10.686521,693059,94.16,94.14,764,4279,-2793,616
177,AXP,2020-05-26,0 days 15:59:11.688420,692652,94.15,94.14,590,3879,407,-2793
178,AXP,2020-05-26,0 days 15:59:13.693672,693059,94.19,94.17,812,200,-3893,407
179,AXP,2020-05-26,0 days 15:59:14.695489,692952,94.18,94.16,366,100,107,-3893
180,AXP,2020-05-26,0 days 15:59:16.698191,693059,94.24,94.22,166,624,-10816,107
181,AXP,2020-05-26,0 days 15:59:40.754474,694793,94.2,94.19,720,200,-232,118
182,AXP,2020-05-26,0 days 15:59:41.756707,694725,94.2,94.18,300,803,68,-232
183,AZN,2020-05-26,0 days 15:55:01.741479,66821,53.14,53.13,3712,1347,22552,-1348
184,AZN,2020-05-26,0 days 15:55:02.743075,65373,53.14,53.13,4163,600,-448,22552
185,AZN,2020-05-26,0 days 15:58:07.181948,69268,53.13,53.12,2675,872,2099,-2069
186,AZN,2020-05-26,0 days 15:58:08.183525,68167,53.13,53.12,904,2972,-1101,2099
187,AZN,2020-05-26,0 days 15:58:46.274962,68167,53.12,53.11,590,3106,-1101,2699
188,BA,2020-05-26,0 days 15:59:12.171956,538605,144.66,144.63,900,100,-3780,1120
189,BA,2020-05-26,0 days 15:59:13.174632,535285,144.65,144.63,577,100,3320,-3780
190,BA,2020-05-26,0 days 15:59:16.177247,538625,144.69,144.67,510,200,-31307,3320
191,BA,2020-05-26,0 days 15:59:19.183084,539125,144.73,144.7,300,100,-3607,6293
192,BA,2020-05-26,0 days 15:59:21.186961,538699,144.72,144.68,700,400,626,-2874
193,BA,2020-05-26,0 days 15:59:33.215614,538719,144.73,144.7,600,230,606,-394
194,BA,2020-05-26,0 days 15:59:39.230665,539325,144.73,144.71,200,200,-3847,4520
195,BA,2020-05-26,0 days 15:59:48.244672,539272,144.74,144.68,533,1153,188,-1212
196,BA,2020-05-26,0 days 15:59:49.245286,539460,144.74,144.68,1190,700,-5875,188
197,BA,2020-05-26,0 days 15:59:50.249001,537391,144.74,144.68,952,892,2069,-5875
198,BA,2020-05-26,0 days 15:59:53.256962,539360,144.76,144.68,14400,1299,-7985,1571
199,BA,2020-05-26,0 days 15:59:54.257991,537889,144.67,144.66,200,200,1571,-7985
200,BA,2020-05-26,0 days 15:59:56.261318,539460,144.72,144.66,699,677,-2396,1571
201,BA,2020-05-26,0 days 15:59:57.263409,537889,144.76,144.68,1800,1000,1571,-2396
202,BA,2020-05-26,0 days 15:59:58.263468,539360,144.76,144.7,4101,1600,-7985,1571
203,BABA,2020-05-26,0 days 15:59:46.239321,949398,201.89,201.87,146,200,1789,-9411
204,BABA,2020-05-26,0 days 15:59:47.241606,949121,201.92,201.9,300,1123,-277,1789
205,BAC,2020-05-26,0 days 15:59:16.322856,9124065,24.18,24.17,61947,71999,1077733,-2531895
206,BAC,2020-05-26,0 days 15:59:25.342292,9595430,24.28,24.27,30942,9651,-17931,214369
207,BAC,2020-05-26,0 days 15:59:26.345393,9576961,24.27,24.26,19425,88480,20689,-17931
208,BAC,2020-05-26,0 days 15:59:34.365834,9605850,24.27,24.26,33641,97937,-31411,149745
209,BAC,2020-05-26,0 days 15:59:35.367529,9582461,24.26,24.25,21784,102801,23389,-31411
210,BAC,2020-05-26,0 days 15:59:41.381350,9643461,24.27,24.26,37180,89665,96,-2904
211,BAC,2020-05-26,0 days 15:59:45.391986,9685575,24.27,24.26,62645,60602,-7188,35165
212,BAC,2020-05-26,0 days 15:59:46.394375,9659363,24.27,24.26,64115,56882,30940,-7188
213,BAM,2020-05-26,0 days 15:55:48.675706,16066,31.98,31.97,354,1201,1021,-330
214,BAM,2020-05-26,0 days 15:55:49.677892,15787,31.98,31.97,454,1201,-279,1021
215,BAM,2020-05-26,0 days 15:57:22.902033,16066,32.01,31.99,2325,1500,411,-308
216,BAM,2020-05-26,0 days 15:57:51.970497,14918,32.03,32.02,700,1201,-1148,11
217,BAM,2020-05-26,0 days 15:58:25.051218,14918,32.01,32.0,330,3233,-1248,11
218,BAM,2020-05-26,0 days 15:58:26.053775,16066,32.01,32.0,600,401,1011,-1248
219,BB,2020-05-26,0 days 15:59:16.140008,91483,4.64,4.63,94593,136711,53603,-2232
220,BB,2020-05-26,0 days 15:59:17.141872,85786,4.64,4.63,77969,141178,-5697,53603
221,BB,2020-05-26,0 days 15:59:42.201336,91137,4.64,4.63,21524,174486,-346,654
222,BBD,2020-05-26,0 days 15:57:46.946476,290301,3.58,3.57,419677,363395,-32444,17556
223,BBD,2020-05-26,0 days 15:59:02.126901,335300,3.57,3.56,748759,140881,-42,12455
224,BBD,2020-05-26,0 days 15:59:06.138343,335342,3.57,3.56,751959,157599,89885,-42
225,BBD,2020-05-26,0 days 15:59:36.191256,427649,3.57,3.56,365999,470342,-51631,60769
226,BBVA,2020-05-26,0 days 15:59:36.187298,78052,3.09,3.08,212607,263624,-31843,37457
227,BBVA,2020-05-26,0 days 15:59:37.189340,76095,3.09,3.08,211807,263224,1957,-31843
228,BBY,2020-05-26,0 days 15:55:13.587389,211228,79.54,79.53,100,100,429,-3337
229,BBY,2020-05-26,0 days 15:55:14.591016,207557,79.55,79.53,303,396,-3671,429
230,BBY,2020-05-26,0 days 15:57:35.931389,252394,79.36,79.35,946,300,700,-1600
231,BBY,2020-05-26,0 days 15:57:36.934140,246694,79.35,79.34,100,615,-5700,700
232,BBY,2020-05-26,0 days 15:58:13.023837,252394,79.4,79.38,1341,301,600,-5700
233,BBY,2020-05-26,0 days 15:58:14.025706,248639,79.39,79.38,200,301,-3755,600
234,BBY,2020-05-26,0 days 15:58:46.103541,248639,79.4,79.37,721,532,-3755,1145
235,BBY,2020-05-26,0 days 15:58:55.125081,252394,79.36,79.34,500,4804,745,-3755
236,BBY,2020-05-26,0 days 15:58:56.127896,249210,79.36,79.34,1463,4704,-3184,745
237,BBY,2020-05-26,0 days 15:59:11.165663,252652,79.36,79.34,746,2816,1860,-1838
238,BBY,2020-05-26,0 days 15:59:13.169024,251512,79.36,79.34,644,1982,-1140,2960
239,BBY,2020-05-26,0 days 15:59:25.189887,252652,79.42,79.38,200,688,880,-1520
240,BBY,2020-05-26,0 days 15:59:28.197894,246532,79.4,79.38,151,1260,-6120,880
241,BBY,2020-05-26,0 days 15:59:48.245946,252652,79.49,79.44,200,310,1444,-2098
242,BBY,2020-05-26,0 days 15:59:49.249270,248694,79.49,79.44,198,300,-4000,1444
243,BCS,2020-05-26,0 days 15:59:36.745434,60183,5.45,5.44,224244,34678,1445,-2555
244,BDX,2020-05-26,0 days 15:56:18.741926,321126,233.14,233.11,830,600,402,-1898
245,BDX,2020-05-26,0 days 15:57:36.928982,325788,232.93,232.88,1851,200,-213,789
246,BDX,2020-05-26,0 days 15:57:45.950283,330557,232.93,232.89,2558,100,-2544,1245
247,BJ,2020-05-26,0 days 15:59:41.381291,203879,35.86,35.83,3927,926,-244,176
248,BJ,2020-05-26,0 days 15:59:47.396105,198705,35.93,35.91,455,2511,2350,-4150
249,BK,2020-05-26,0 days 15:55:00.565838,798000,36.88,36.87,3343,1442,-2311,28156
250,BK,2020-05-26,0 days 15:55:58.708063,805622,36.83,36.82,3219,2210,-6539,1815
251,BK,2020-05-26,0 days 15:58:07.013843,824480,36.87,36.86,4144,449,1642,-6458
252,BK,2020-05-26,0 days 15:58:08.015342,815022,36.87,36.86,7202,600,-9220,1642
253,BK,2020-05-26,0 days 15:59:00.143493,822140,36.87,36.86,2449,3200,-2102,7060
254,BK,2020-05-26,0 days 15:59:07.158231,810184,36.87,36.86,233,4159,8625,-3303
255,BK,2020-05-26,0 days 15:59:08.160662,807709,36.88,36.87,2021,2256,-10775,8625
256,BK,2020-05-26,0 days 15:59:11.169131,811509,36.86,36.85,1030,2300,-28506,5025
257,BK,2020-05-26,0 days 15:59:35.213433,852263,36.86,36.85,1200,7001,-953,2709
258,BK,2020-05-26,0 days 15:59:43.232881,853216,36.85,36.84,329,7569,4484,-753
259,BK,2020-05-26,0 days 15:59:44.235220,849600,36.86,36.85,2655,7838,-3616,4484
260,BK,2020-05-26,0 days 15:59:45.238464,853216,36.86,36.85,4655,5903,5320,-3616
261,BK,2020-05-26,0 days 15:59:46.239666,849836,36.86,36.85,3955,5912,-3380,5320
262,BKD,2020-05-26,0 days 15:59:05.150411,103281,3.63,3.62,7539,16634,-3467,833
263,BKD,2020-05-26,0 days 15:59:06.153290,102348,3.63,3.62,8410,16736,1560,-3467
264,BKD,2020-05-26,0 days 15:59:29.200866,100448,3.65,3.64,11449,2531,260,-1340
265,BKR,2020-05-26,0 days 15:57:42.472946,282453,16.02,16.01,1718,4605,-2715,85
266,BKR,2020-05-26,0 days 15:57:43.475102,277168,16.02,16.01,3506,4105,5285,-2715
267,BKR,2020-05-26,0 days 15:57:48.486905,282453,16.03,16.02,3000,3887,-315,2485
268,BKR,2020-05-26,0 days 15:57:51.494277,277868,16.02,16.01,2188,4278,4585,-3115
269,BKR,2020-05-26,0 days 15:57:56.506309,282955,16.01,16.0,3924,1100,-313,1585
270,BKR,2020-05-26,0 days 15:58:00.516809,280168,15.99,15.98,2198,4410,2787,-1513
271,BKR,2020-05-26,0 days 15:58:20.566824,283000,15.99,15.98,1020,9880,-3868,2532
272,BKR,2020-05-26,0 days 15:58:21.568158,280468,15.99,15.98,2408,9230,2532,-3868
273,BKR,2020-05-26,0 days 15:59:16.698253,300126,15.98,15.97,4517,3969,-5016,1377
274,BKR,2020-05-26,0 days 15:59:17.698946,298942,15.98,15.97,6893,3038,1184,-5016
275,BMY,2020-05-26,0 days 15:59:11.170913,2948324,60.24,60.23,3660,7499,5877,-199333
276,BMY,2020-05-26,0 days 15:59:12.171926,2937326,60.29,60.28,3536,1702,-11398,5877
277,BMY,2020-05-26,0 days 15:59:16.177050,2990124,60.29,60.28,800,8840,256030,-11754
278,BMY,2020-05-26,0 days 15:59:32.212909,3106420,60.29,60.28,700,11826,-3048,113106
279,BMY,2020-05-26,0 days 15:59:40.232807,3109468,60.29,60.28,4054,7044,252,-648
280,BORR,2020-05-26,0 days 15:59:07.158258,8,0.71,0.7,9785,6293,2362,-8
281,BP,2020-05-26,0 days 15:57:03.855821,75789,23.24,23.23,28356,13155,527,-990
282,BP,2020-05-26,0 days 15:57:24.906628,74916,23.23,23.22,23849,16842,-850,550
283,BP,2020-05-26,0 days 15:57:39.941244,75766,23.23,23.22,26335,9279,550,-150
284,BP,2020-05-26,0 days 15:59:09.157621,84652,23.21,23.2,3631,50669,-1139,3386
285,BP,2020-05-26,0 days 15:59:50.253984,85352,23.22,23.21,20698,9085,-1352,3748
286,BRFS,2020-05-26,0 days 15:55:00.558011,22183,4.22,4.21,34990,68365,9091,-335
287,BRK.B,2020-05-26,0 days 15:58:32.033723,705937,180.38,180.34,300,502,-1230,5257
288,BRK.B,2020-05-26,0 days 15:58:33.036449,694980,180.34,180.3,100,400,10957,-1230
289,BRK.B,2020-05-26,0 days 15:58:38.048374,705937,180.36,180.32,100,301,-1130,5157
290,BRK.B,2020-05-26,0 days 15:58:39.051222,701478,180.35,180.31,300,300,4351,-1130
291,BRK.B,2020-05-26,0 days 15:59:14.134907,738635,180.25,180.21,200,594,-3554,2044
292,BRK.B,2020-05-26,0 days 15:59:15.137671,735489,180.25,180.2,171,400,3146,-3554
293,BRK.B,2020-05-26,0 days 15:59:20.148945,738635,180.29,180.26,100,616,-1608,1746
294,BRK.B,2020-05-26,0 days 15:59:21.151028,735984,180.29,180.24,400,300,2651,-1608
295,BRK.B,2020-05-26,0 days 15:59:23.160603,738635,180.31,180.27,1337,200,-1608,7546
296,BRK.B,2020-05-26,0 days 15:59:24.157363,736084,180.33,180.26,401,300,2551,-1608
297,BRK.B,2020-05-26,0 days 15:59:46.210876,745155,180.25,180.2,450,405,-969,331
298,BRK.B,2020-05-26,0 days 15:59:48.214655,742924,180.26,180.23,109,200,2266,-964
299,BRK.B,2020-05-26,0 days 15:59:52.225054,744490,180.33,180.25,200,1800,-291,7728
300,BRX,2020-05-26,0 days 15:55:00.564423,163668,11.7,11.69,5259,4363,-13937,8125
301,BRX,2020-05-26,0 days 15:57:59.996788,214405,11.69,11.68,3128,7355,8914,-1245
302,BRX,2020-05-26,0 days 15:59:33.215643,228391,11.7,11.69,6004,4221,-1205,2595
303,BRX,2020-05-26,0 days 15:59:44.242731,226309,11.7,11.69,2466,8708,2082,-3918
304,BRX,2020-05-26,0 days 15:59:45.245793,228391,11.7,11.69,3166,8602,-2707,2082
305,BRX,2020-05-26,0 days 15:59:46.246605,226598,11.7,11.69,3380,7611,1793,-2707
306,BRX,2020-05-26,0 days 15:59:47.248684,228391,11.7,11.69,2686,8010,-78,1793
307,BRX,2020-05-26,0 days 15:59:48.244672,227579,11.7,11.69,4034,7510,812,-78
308,BSX,2020-05-26,0 days 15:59:16.137642,1511268,36.13,36.12,5617,5892,-29838,106589
309,BSX,2020-05-26,0 days 15:59:17.139735,1506491,36.12,36.11,2140,4435,4677,-29838
310,BSX,2020-05-26,0 days 15:59:48.212586,1511230,36.15,36.14,1284,5316,2497,-4264
311,BSX,2020-05-26,0 days 15:59:49.214971,1513727,36.15,36.14,1184,5545,-733,2497
312,BSX,2020-05-26,0 days 15:59:50.219567,1451860,36.15,36.14,7529,2098,61867,-733
313,BUD,2020-05-26,0 days 15:55:13.115422,97896,44.32,44.31,2031,2401,-94,3386
314,BUD,2020-05-26,0 days 15:55:20.132421,92690,44.32,44.31,1710,3200,5206,-94
315,BUD,2020-05-26,0 days 15:59:04.671294,104710,44.3,44.29,4659,7970,-854,2127
316,BUD,2020-05-26,0 days 15:59:29.727740,103285,44.3,44.29,1977,3532,1503,-776
317,BWA,2020-05-26,0 days 15:59:17.170762,400774,31.52,31.51,600,300,-60091,41349
318,BWA,2020-05-26,0 days 15:59:18.172821,398165,31.49,31.48,900,7200,2709,-60091
319,BWA,2020-05-26,0 days 15:59:21.180008,400874,31.49,31.48,1056,7000,-57791,2609
320,BX,2020-05-26,0 days 15:59:48.215042,192112,56.31,56.3,1302,400,2971,-1729
321,BX,2020-05-26,0 days 15:59:50.222459,151383,56.32,56.3,701,600,-40629,6271
322,BXP,2020-05-26,0 days 15:55:01.741280,139554,84.14,84.11,600,200,-5974,5426
323,BXP,2020-05-26,0 days 15:55:02.742884,136928,84.13,84.1,200,402,2626,-5974
324,BXP,2020-05-26,0 days 15:56:09.904004,140897,84.2,84.11,794,100,-18146,3454
325,BXP,2020-05-26,0 days 15:59:02.315501,153843,84.17,84.11,300,600,257,-1843
326,BXP,2020-05-26,0 days 15:59:16.322547,155049,84.3,84.28,200,392,377,-881
327,BXP,2020-05-26,0 days 15:59:17.324258,155426,84.31,84.29,500,200,-83,377
328,BXP,2020-05-26,0 days 15:59:22.335360,155509,84.3,84.28,500,200,37,-63
329,BXP,2020-05-26,0 days 15:59:28.349269,155664,84.4,84.35,200,200,-2245,355
330,BXP,2020-05-26,0 days 15:59:29.351447,155409,84.39,84.33,400,100,455,-2245
331,BXP,2020-05-26,0 days 15:59:33.362571,155864,84.35,84.3,800,349,-745,555
332,BXP,2020-05-26,0 days 15:59:34.365272,155509,84.36,84.31,100,300,355,-745
333,BXP,2020-05-26,0 days 15:59:37.371608,155864,84.4,84.34,200,400,-1045,355
334,BXP,2020-05-26,0 days 15:59:38.373979,155709,84.39,84.34,700,400,155,-1045
335,BXP,2020-05-26,0 days 15:59:40.378910,155864,84.4,84.35,300,300,-245,155
336,BXP,2020-05-26,0 days 15:59:41.381033,155709,84.41,84.37,116,400,155,-245
337,C,2020-05-26,0 days 15:55:01.741346,1339565,48.1,48.09,5890,2726,-69864,2522
338,C,2020-05-26,0 days 15:55:32.816862,1406971,48.04,48.03,4689,2018,4738,-2869
339,C,2020-05-26,0 days 15:55:33.818921,1404102,48.04,48.03,4289,2618,-2869,4738
340,C,2020-05-26,0 days 15:57:36.112893,1507920,48.05,48.04,5593,3220,1192,-8050
341,C,2020-05-26,0 days 15:57:37.114185,1504212,48.06,48.05,1822,2700,-3450,1192
342,C,2020-05-26,0 days 15:57:46.129925,1507920,48.1,48.09,4437,763,1792,-8208
343,C,2020-05-26,0 days 15:57:47.132934,1502812,48.1,48.09,4037,1905,-5108,1792
344,C,2020-05-26,0 days 15:58:11.190594,1497453,48.06,48.05,700,3774,-10467,7633
345,C,2020-05-26,0 days 15:58:13.195357,1507920,48.07,48.06,3848,900,6878,-14967
346,C,2020-05-26,0 days 15:59:27.346780,1508811,48.14,48.13,5544,1700,-1900,24326
347,CAG,2020-05-26,0 days 15:59:17.170850,1062113,32.84,32.83,4727,2673,372062,-24583
348,CARR,2020-05-26,0 days 15:59:48.215021,325066,19.5,19.49,3754,7596,1573,-3057
349,CAT,2020-05-26,0 days 15:55:32.602917,366903,117.12,117.1,400,200,-610,3690
350,CAT,2020-05-26,0 days 15:55:33.605419,364013,117.1,117.08,100,400,2890,-610
351,CAT,2020-05-26,0 days 15:55:34.607823,367513,117.11,117.08,500,200,-200,2890
352,CAT,2020-05-26,0 days 15:55:35.610541,365013,117.11,117.08,100,400,1890,-200
353,CAT,2020-05-26,0 days 15:57:43.917705,386646,117.09,117.08,600,700,-2120,3670
354,CAT,2020-05-26,0 days 15:57:44.919871,382966,117.08,117.06,300,900,2870,-2120
355,CAT,2020-05-26,0 days 15:58:24.015434,384954,117.21,117.19,200,900,-749,6059
356,CAT,2020-05-26,0 days 15:58:25.017823,381403,117.19,117.18,200,960,2741,-749
357,CAT,2020-05-26,0 days 15:59:05.114476,383812,117.21,117.19,699,340,202,-2588
358,CAT,2020-05-26,0 days 15:59:16.140195,385224,117.23,117.2,400,460,-1393,1197
359,CAT,2020-05-26,0 days 15:59:20.149255,382892,117.26,117.23,1450,960,732,-3378
360,CAT,2020-05-26,0 days 15:59:34.182556,384144,117.28,117.26,200,200,-448,732
361,CAT,2020-05-26,0 days 15:59:50.222395,366572,117.34,117.31,771,100,16907,-7294
362,CB,2020-05-26,0 days 15:59:17.176995,453460,118.27,118.26,100,500,631,-68275
363,CB,2020-05-26,0 days 15:59:20.183744,453376,118.37,118.33,550,667,-3184,331
364,CCEP,2020-05-26,0 days 15:57:01.855056,110172,38.01,38.0,518,400,-14,171
365,CCEP,2020-05-26,0 days 15:59:20.152641,107209,38.04,37.99,1247,1350,131,-1269
366,CCEP,2020-05-26,0 days 15:59:21.155196,105940,38.04,37.99,584,1450,-1269,131
367,CCEP,2020-05-26,0 days 15:59:40.201394,111579,38.03,38.0,1080,507,711,-1739
368,CCEP,2020-05-26,0 days 15:59:42.205446,110586,38.03,38.0,1084,328,-993,1207
369,CCL,2020-05-26,0 days 15:57:23.902569,661932,16.27,16.26,8409,13391,497,-31511
370,CCL,2020-05-26,0 days 15:58:18.037642,652374,16.28,16.27,17934,13458,-13750,2050
371,CCL,2020-05-26,0 days 15:59:32.207894,666189,16.28,16.27,22331,46030,3332,-18446
372,CCL,2020-05-26,0 days 15:59:35.215255,658121,16.28,16.27,8612,61064,-8068,14432
373,CDE,2020-05-26,0 days 15:55:48.671021,154070,5.28,5.27,35028,22697,-4545,2166
374,CFG,2020-05-26,0 days 15:55:15.592595,528201,23.82,23.81,1800,1941,2292,-3108
375,CFG,2020-05-26,0 days 15:55:16.595710,523093,23.82,23.81,2400,2655,-5108,2292
376,CFG,2020-05-26,0 days 15:55:39.652835,520202,23.83,23.82,800,3419,2891,-5408
377,CFG,2020-05-26,0 days 15:55:40.655807,515893,23.84,23.83,3107,458,-4309,2891
378,CFG,2020-05-26,0 days 15:55:45.668443,520202,23.82,23.81,2800,1209,1191,-4309
379,CFG,2020-05-26,0 days 15:55:46.669264,516393,23.82,23.81,3101,496,-3809,1191
380,CFG,2020-05-26,0 days 15:59:07.154438,508289,23.86,23.85,3765,565,21172,-127
381,CFG,2020-05-26,0 days 15:59:28.197995,541858,23.91,23.9,3473,200,-321,17
382,CFG,2020-05-26,0 days 15:59:50.254584,537793,23.88,23.87,6248,2100,-3510,1090
383,CGC,2020-05-26,0 days 15:55:01.741409,104680,20.03,20.0,1673,18902,62440,-5060
384,CGC,2020-05-26,0 days 15:55:02.743044,99520,20.03,20.01,1520,1300,-5160,62440
385,CGC,2020-05-26,0 days 15:57:05.037156,106880,20.06,20.04,446,1202,2769,-2626
386,CGC,2020-05-26,0 days 15:57:06.043879,102449,20.06,20.04,200,3863,-2231,2769
387,CHGG,2020-05-26,0 days 15:55:34.645488,178036,62.18,62.17,595,700,-407,193
388,CHGG,2020-05-26,0 days 15:57:53.962095,178105,62.1,62.09,3155,1942,-871,136
389,CHGG,2020-05-26,0 days 15:57:59.977885,178105,62.1,62.09,3255,258,-871,536
390,CHGG,2020-05-26,0 days 15:58:00.981749,177876,62.08,62.07,800,400,229,-871
391,CHGG,2020-05-26,0 days 15:58:13.010776,179105,62.02,62.01,1100,200,-1271,429
392,CHGG,2020-05-26,0 days 15:58:22.030221,178476,62.04,62.03,381,200,29,-1071
393,CHWY,2020-05-26,0 days 15:55:00.739028,32407,41.72,41.59,291,983,-8888,13119
394,CHWY,2020-05-26,0 days 15:55:01.741716,30795,41.72,41.59,291,983,1612,-8888
395,CHWY,2020-05-26,0 days 15:58:44.272618,37683,41.58,41.55,937,644,-1559,679
396,CIG,2020-05-26,0 days 15:59:36.191220,72255,1.95,1.94,398809,141924,-7528,9272
397,CIG,2020-05-26,0 days 15:59:37.194090,71683,1.95,1.94,399409,140809,272,-7528
398,CIM,2020-05-26,0 days 15:59:05.114349,154796,8.45,8.44,40462,25184,-105,6895
399,CIM,2020-05-26,0 days 15:59:45.209944,154796,8.46,8.45,24246,16086,-1774,2990
400,CIM,2020-05-26,0 days 15:59:48.214795,152170,8.46,8.45,25746,16984,2626,-1774
401,CL,2020-05-26,0 days 15:56:01.701343,556639,69.21,69.2,718,1109,2501,-28899
402,CL,2020-05-26,0 days 15:56:02.703562,548240,69.24,69.23,400,966,-8399,2501
403,CL,2020-05-26,0 days 15:58:04.998094,550429,69.26,69.25,300,2451,-6210,2790
404,CLF,2020-05-26,0 days 15:55:50.680390,257716,4.96,4.95,87347,31061,-312,2858
405,CLF,2020-05-26,0 days 15:55:51.682859,252628,4.96,4.95,39174,67664,5088,-312
406,CLF,2020-05-26,0 days 15:59:04.146593,257716,4.97,4.96,99900,57277,-8412,1388
407,CLF,2020-05-26,0 days 15:59:05.149303,254128,4.97,4.96,100947,56077,3588,-8412
408,CLF,2020-05-26,0 days 15:59:45.239960,257716,4.97,4.96,90589,85614,-11793,1305
409,CLF,2020-05-26,0 days 15:59:46.240842,256309,4.97,4.96,95589,77514,1407,-11793
410,CLNY,2020-05-26,0 days 15:55:35.167881,559024,2.08,2.07,50818,45910,700,-700
411,CLNY,2020-05-26,0 days 15:55:36.171171,554024,2.08,2.07,50718,45610,-5000,700
412,CLNY,2020-05-26,0 days 15:58:12.547262,558124,2.07,2.06,35356,35904,3400,-4800
413,CLNY,2020-05-26,0 days 15:58:13.548588,553324,2.07,2.06,35356,35904,-4800,3400
414,CLNY,2020-05-26,0 days 15:59:04.671142,560224,2.07,2.06,30203,33210,1459,-6900
415,CLNY,2020-05-26,0 days 15:59:05.674548,556983,2.07,2.06,30197,33209,-3241,1459
416,CLR,2020-05-26,0 days 15:57:07.390048,122190,14.27,14.26,2660,3248,2556,-299
417,CLR,2020-05-26,0 days 15:57:08.392061,119146,14.27,14.26,2260,4261,-3044,2556
418,CLR,2020-05-26,0 days 15:58:44.623952,120048,14.24,14.23,2780,100,453,-1689
419,CLR,2020-05-26,0 days 15:58:45.625721,118701,14.23,14.22,2103,1700,-1347,453
420,CLR,2020-05-26,0 days 15:59:06.676938,119911,14.24,14.22,1220,6866,-1147,7263
421,CNC,2020-05-26,0 days 15:55:01.558028,411250,64.42,64.4,600,100,-3983,6417
422,CNC,2020-05-26,0 days 15:55:05.567109,415233,64.4,64.39,200,624,12829,-3783
423,CNC,2020-05-26,0 days 15:55:06.569429,412862,64.4,64.39,300,404,-2371,12829
424,CNC,2020-05-26,0 days 15:57:03.854096,430080,64.48,64.47,648,481,198,-1023
425,CNC,2020-05-26,0 days 15:57:06.862341,430278,64.55,64.53,500,300,-2,98
426,CNC,2020-05-26,0 days 15:57:35.931389,430180,64.49,64.46,1000,600,1898,-2202
427,CNC,2020-05-26,0 days 15:57:36.934140,428278,64.48,64.46,400,400,-1802,1898
428,CNC,2020-05-26,0 days 15:57:47.960526,430080,64.45,64.43,700,400,198,-4002
429,CNC,2020-05-26,0 days 15:57:54.977484,444078,64.47,64.45,600,600,-2102,4998
430,CNC,2020-05-26,0 days 15:57:55.979561,439080,64.5,64.47,800,509,3398,-2102
431,CNC,2020-05-26,0 days 15:57:57.984957,441378,64.49,64.48,100,488,-1602,5098
432,CNC,2020-05-26,0 days 15:57:58.986899,440380,64.5,64.48,600,717,998,-1602
433,CNC,2020-05-26,0 days 15:58:00.996863,441378,64.55,64.5,600,1040,-2802,998
434,CNC,2020-05-26,0 days 15:58:01.997303,440380,64.55,64.5,900,966,1898,-2802
435,CNC,2020-05-26,0 days 15:58:02.999230,442278,64.5,64.48,200,616,-1802,1898
436,CNC,2020-05-26,0 days 15:58:04.000962,442380,64.5,64.49,200,400,1198,-1802
437,CNC,2020-05-26,0 days 15:58:31.067852,442909,64.55,64.51,500,880,15,-4285
438,CNC,2020-05-26,0 days 15:59:04.148121,455134,64.44,64.41,505,714,-846,344
439,CNC,2020-05-26,0 days 15:59:05.150299,453380,64.43,64.41,300,514,1754,-846
440,CNC,2020-05-26,0 days 15:59:23.190471,454035,64.41,64.38,200,700,-3194,1780
441,CNC,2020-05-26,0 days 15:59:24.187470,452429,64.41,64.39,200,422,1606,-3194
442,CNC,2020-05-26,0 days 15:59:28.197924,454035,64.43,64.41,100,800,-2294,5806
443,CNC,2020-05-26,0 days 15:59:29.200805,452429,64.44,64.41,310,800,1606,-2294
444,CNC,2020-05-26,0 days 15:59:55.263607,450690,64.51,64.43,200,5000,-457,2843
445,CNK,2020-05-26,0 days 15:59:17.171080,420597,15.42,15.41,634,1620,195834,-134183
446,CNK,2020-05-26,0 days 15:59:18.173018,514531,15.47,15.46,100,300,-11899,195834
447,CNK,2020-05-26,0 days 15:59:38.220434,524839,15.49,15.48,5057,100,-2189,711
448,CNP,2020-05-26,0 days 15:55:00.559420,275807,17.49,17.48,1362,7886,-18960,41493
449,CNP,2020-05-26,0 days 15:57:50.953920,297179,17.5,17.49,14978,10275,759,-2441
450,CNP,2020-05-26,0 days 15:57:51.956741,295338,17.5,17.49,16418,9091,-1841,759
451,CNP,2020-05-26,0 days 15:58:01.982159,298579,17.5,17.49,13083,10282,659,-3241
452,CNP,2020-05-26,0 days 15:58:02.984103,296538,17.5,17.49,12011,10182,-2041,659
453,CNP,2020-05-26,0 days 15:58:03.985960,298579,17.5,17.49,12711,10382,3259,-2041
454,CNP,2020-05-26,0 days 15:58:04.990425,296538,17.5,17.49,13711,9782,-2041,3259
455,CNP,2020-05-26,0 days 15:58:45.089568,288049,17.49,17.48,3862,10762,534,-2596
456,CNP,2020-05-26,0 days 15:58:46.087395,287083,17.49,17.48,3462,10862,-466,534
457,CNP,2020-05-26,0 days 15:59:04.132751,288049,17.5,17.49,8638,4678,798,-1802
458,CNP,2020-05-26,0 days 15:59:05.134481,288847,17.5,17.49,8638,3890,-9902,798
459,CNP,2020-05-26,0 days 15:59:06.137425,290749,17.49,17.48,5280,6065,2998,-9902
460,CNP,2020-05-26,0 days 15:59:12.149693,313530,17.49,17.48,3453,6946,1053,-10045
461,CNP,2020-05-26,0 days 15:59:14.155133,310883,17.5,17.49,9187,5913,-3147,2153
462,CNP,2020-05-26,0 days 15:59:15.157096,310130,17.49,17.48,4137,6685,753,-3147
463,CNP,2020-05-26,0 days 15:59:19.153560,313530,17.5,17.49,5101,4401,981,-3919
464,CNQ,2020-05-26,0 days 15:55:00.564334,46384,18.29,18.28,2928,9503,-1266,2525
465,CNQ,2020-05-26,0 days 15:57:14.889601,50438,18.28,18.27,11739,600,131,-1554
466,CNQ,2020-05-26,0 days 15:57:15.891398,49069,18.28,18.27,11639,700,-1369,131
467,CNQ,2020-05-26,0 days 15:57:39.948252,49256,18.26,18.25,16810,453,-1182,318
468,CNQ,2020-05-26,0 days 15:59:24.193767,49959,18.25,18.24,2537,8926,-979,1021
469,CNX,2020-05-26,0 days 15:59:16.174343,223044,10.26,10.25,12731,4219,-4281,2204
470,CNX,2020-05-26,0 days 15:59:17.171350,221025,10.26,10.25,13539,4219,2019,-4281
471,CNX,2020-05-26,0 days 15:59:50.253984,206085,10.31,10.3,3394,9003,14782,-2718
472,COF,2020-05-26,0 days 15:55:00.557985,377695,65.76,65.74,200,191,-1454,53419
473,COF,2020-05-26,0 days 15:55:01.560716,370349,65.73,65.71,300,600,7446,-1454
474,COG,2020-05-26,0 days 15:55:49.202442,1145486,19.47,19.46,8841,2802,-267,2633
475,COG,2020-05-26,0 days 15:55:51.208061,1138377,19.47,19.46,9867,1132,7109,-267
476,COG,2020-05-26,0 days 15:57:33.450934,1147986,19.47,19.46,7334,1174,-3991,7309
477,COG,2020-05-26,0 days 15:57:34.453346,1142077,19.47,19.46,7634,1275,5909,-3991
478,COG,2020-05-26,0 days 15:57:41.470446,1147986,19.47,19.46,4880,974,-6091,5209
479,COG,2020-05-26,0 days 15:57:42.472946,1143177,19.47,19.46,6173,506,4809,-6091
480,COG,2020-05-26,0 days 15:58:24.574941,1144677,19.48,19.47,2763,1240,3354,-16846
481,COG,2020-05-26,0 days 15:59:18.701565,1143437,19.45,19.44,1800,1535,4151,-39649
482,COG,2020-05-26,0 days 15:59:20.706319,1147588,19.46,19.45,600,3594,-9612,4494
483,COG,2020-05-26,0 days 15:59:42.758907,1148403,19.45,19.44,4758,2802,-3530,162
484,COP,2020-05-26,0 days 15:55:05.578223,729588,43.67,43.66,960,617,2683,-417
485,COP,2020-05-26,0 days 15:55:06.580836,721271,43.67,43.66,1521,400,-8317,2683
486,COP,2020-05-26,0 days 15:57:56.987162,735419,43.56,43.55,998,1758,3432,-7734
487,COP,2020-05-26,0 days 15:57:58.992076,734885,43.56,43.55,1515,471,-534,432
488,COP,2020-05-26,0 days 15:57:59.995482,735419,43.56,43.55,1215,715,1066,-534
489,COP,2020-05-26,0 days 15:58:03.004085,734185,43.55,43.54,1500,1359,-1234,4766
490,COP,2020-05-26,0 days 15:58:07.013999,735385,43.53,43.52,2100,2120,-34,6366
491,COP,2020-05-26,0 days 15:58:08.015432,735419,43.53,43.52,1400,1920,5666,-34
492,COP,2020-05-26,0 days 15:58:13.027761,735419,43.53,43.52,1488,1592,966,-34
493,COP,2020-05-26,0 days 15:58:19.041942,735135,43.53,43.52,500,1369,-284,5916
494,COP,2020-05-26,0 days 15:58:43.100476,735419,43.54,43.52,1099,1431,2716,-484
495,COP,2020-05-26,0 days 15:59:09.162784,737010,43.53,43.52,900,300,2159,-7241
496,COP,2020-05-26,0 days 15:59:25.189206,743079,43.58,43.57,897,1500,-2990,4310
497,COP,2020-05-26,0 days 15:59:26.192452,739269,43.58,43.57,600,1600,3710,-2990
498,COP,2020-05-26,0 days 15:59:46.239755,743433,43.6,43.59,1400,500,-4436,5664
499,COP,2020-05-26,0 days 15:59:48.245577,747269,43.59,43.58,2169,827,6994,-4436
500,COP,2020-05-26,0 days 15:59:51.253162,740970,43.65,43.61,1000,1229,-7099,10294
501,COTY,2020-05-26,0 days 15:55:00.525151,563674,4.29,4.28,31361,88836,-21808,15672
502,COTY,2020-05-26,0 days 15:57:52.939024,616382,4.29,4.28,79142,85523,173,-4927
503,COTY,2020-05-26,0 days 15:57:53.941857,611455,4.29,4.28,79542,82523,-4927,173
504,COTY,2020-05-26,0 days 15:57:59.957419,616382,4.29,4.28,79615,87083,1373,-4927
505,COTY,2020-05-26,0 days 15:58:01.961442,611455,4.29,4.28,90515,85495,-4927,173
506,COTY,2020-05-26,0 days 15:59:11.129591,617382,4.29,4.28,112196,51353,21561,-1889
507,CRK,2020-05-26,0 days 15:55:00.739055,163067,5.15,5.14,5626,2432,3655,-396
508,CRM,2020-05-26,0 days 15:57:54.964220,885832,176.51,176.49,501,100,-1564,4236
509,CRM,2020-05-26,0 days 15:57:55.966483,866596,176.5,176.47,400,200,19236,-1564
510,CRM,2020-05-26,0 days 15:58:13.010602,887396,176.51,176.5,100,300,-3100,12498
511,CRM,2020-05-26,0 days 15:58:14.010992,872896,176.49,176.47,400,100,12981,-3100
512,CRM,2020-05-26,0 days 15:58:24.035419,890437,176.57,176.52,939,400,-759,6123
513,CRM,2020-05-26,0 days 15:58:25.037464,885696,176.57,176.52,1239,760,77,-759
514,CRM,2020-05-26,0 days 15:58:50.097171,888914,176.52,176.49,100,600,-2482,2695
515,CRM,2020-05-26,0 days 15:58:51.100905,880696,176.51,176.47,500,500,2795,-2482
516,CRM,2020-05-26,0 days 15:59:15.157948,892020,176.42,176.4,100,400,-608,17675
517,CRM,2020-05-26,0 days 15:59:44.211156,892540,176.43,176.38,200,818,-7769,1614
518,CS,2020-05-26,0 days 15:55:37.615277,101478,8.78,8.77,61856,53699,-3051,1235
519,CS,2020-05-26,0 days 15:55:38.617992,97129,8.78,8.77,61856,54099,4349,-3051
520,CS,2020-05-26,0 days 15:59:46.211161,106778,8.76,8.75,134058,44125,-2703,4972
521,CS,2020-05-26,0 days 15:59:47.213464,104881,8.76,8.75,130758,43925,1197,-2703
522,CTL,2020-05-26,0 days 15:55:03.562807,1488171,9.93,9.92,29553,40052,9619,-83781
523,CTL,2020-05-26,0 days 15:55:04.565242,1462290,9.93,9.92,23643,42588,-25881,9619
524,CTL,2020-05-26,0 days 15:58:13.023928,1501693,9.93,9.92,62738,34170,10848,-29552
525,CTL,2020-05-26,0 days 15:58:14.025791,1477586,9.93,9.92,52220,45292,-24107,10848
526,CTL,2020-05-26,0 days 15:58:16.031310,1501693,9.93,9.92,51980,47692,6193,-24107
527,CTL,2020-05-26,0 days 15:58:17.033832,1480186,9.93,9.92,47936,50423,-21507,6193
528,CTL,2020-05-26,0 days 15:59:11.165786,1514243,9.95,9.94,57573,17534,22384,-31157
529,CTL,2020-05-26,0 days 15:59:12.166056,1511127,9.95,9.94,57595,17934,-3116,22384
530,CTL,2020-05-26,0 days 15:59:16.172075,1514243,9.95,9.94,39075,33887,367046,-3116
531,CTVA,2020-05-26,0 days 15:55:00.558316,258948,25.69,25.68,1545,500,-57150,69017
532,CVE,2020-05-26,0 days 15:59:36.187391,60048,4.37,4.36,180914,188437,10357,-12243
533,CVE,2020-05-26,0 days 15:59:37.189426,59405,4.37,4.36,178423,196537,-643,10357
534,CVS,2020-05-26,0 days 15:55:01.558028,820951,64.41,64.4,1362,2410,-304,1796
535,CVS,2020-05-26,0 days 15:57:40.943122,847706,64.49,64.48,403,1966,-5000,2186
536,CVS,2020-05-26,0 days 15:57:41.945928,842806,64.49,64.48,400,2066,3934,-5000
537,CVS,2020-05-26,0 days 15:57:51.970922,846452,64.51,64.5,900,1159,4888,-10052
538,CVS,2020-05-26,0 days 15:57:52.972663,855154,64.51,64.49,900,2420,-4152,4888
539,CVS,2020-05-26,0 days 15:57:53.975659,852352,64.5,64.49,500,2310,2588,-4152
540,CVS,2020-05-26,0 days 15:58:22.045431,883659,64.46,64.45,920,200,3246,-8036
541,CVS,2020-05-26,0 days 15:58:30.065527,829401,64.62,64.59,200,500,-55193,1946
542,CVS,2020-05-26,0 days 15:58:31.067788,828994,64.62,64.6,600,400,407,-55193
543,CVS,2020-05-26,0 days 15:58:55.125124,818997,64.78,64.75,1417,200,-76602,2948
544,CVS,2020-05-26,0 days 15:58:56.127896,867152,64.71,64.68,1082,100,17697,-76602
545,CVS,2020-05-26,0 days 15:59:02.141793,829401,64.62,64.61,4760,1000,-106,8994
546,CVS,2020-05-26,0 days 15:59:11.165663,864659,64.59,64.57,1460,1000,6824,-722
547,CVS,2020-05-26,0 days 15:59:16.171909,871207,64.81,64.8,18799,1200,-73046,2724
548,CVS,2020-05-26,0 days 15:59:18.173530,887006,64.74,64.7,3400,200,18953,-15446
549,CVS,2020-05-26,0 days 15:59:47.243527,880340,64.6,64.59,200,1514,1792,-5913
550,CVS,2020-05-26,0 days 15:59:48.245946,883762,64.6,64.59,1022,1916,-43,1792
551,CVS,2020-05-26,0 days 15:59:58.261822,873962,64.67,64.65,11341,600,-14617,370
552,CVX,2020-05-26,0 days 15:55:03.532123,821710,93.09,93.07,1297,100,-1511,3568
553,CVX,2020-05-26,0 days 15:55:59.667842,833221,92.98,92.95,1000,2025,615,-457
554,CVX,2020-05-26,0 days 15:56:52.796006,834660,93.02,93.01,400,300,-220,280
555,CVX,2020-05-26,0 days 15:57:45.922568,837091,92.93,92.9,600,300,3651,-1245
556,CVX,2020-05-26,0 days 15:57:47.926919,850342,92.92,92.9,594,400,-4649,2251
557,CVX,2020-05-26,0 days 15:57:48.930424,845791,92.91,92.89,500,601,3251,-4649
558,CVX,2020-05-26,0 days 15:57:56.948521,843730,92.95,92.94,200,1100,-5357,7955
559,CVX,2020-05-26,0 days 15:57:57.951276,835287,92.94,92.93,300,200,7143,-5357
560,CVX,2020-05-26,0 days 15:57:59.957533,843730,92.95,92.94,300,467,-257,843
561,CVX,2020-05-26,0 days 15:58:23.013114,839985,92.96,92.93,200,1000,-9626,1691
562,CVX,2020-05-26,0 days 15:58:43.064116,832623,92.97,92.95,200,500,8462,-713
563,CVX,2020-05-26,0 days 15:59:02.107803,853485,92.9,92.88,400,400,-3082,2030
564,CVX,2020-05-26,0 days 15:59:19.148788,919836,92.95,92.93,241,500,-5567,5750
565,CVX,2020-05-26,0 days 15:59:20.149281,912986,92.93,92.91,200,700,17050,-5567
566,CVX,2020-05-26,0 days 15:59:32.178968,910532,92.98,92.96,100,1585,1698,-10030
567,CVX,2020-05-26,0 days 15:59:55.232461,895571,93.27,93.23,3901,3500,-4473,11470
568,CVX,2020-05-26,0 days 15:59:58.240692,891744,93.29,93.23,700,6484,3932,-5552
569,CVX,2020-05-26,0 days 15:59:59.241606,894282,93.34,93.3,6492,7101,-14962,3932
570,D,2020-05-26,0 days 15:55:00.558011,279499,80.68,80.67,105,810,-1730,71979
571,D,2020-05-26,0 days 15:55:10.582629,280283,80.63,80.62,200,314,116,-84
572,D,2020-05-26,0 days 15:55:51.682751,284206,80.64,80.63,474,400,1517,-1283
573,D,2020-05-26,0 days 15:55:52.684947,283523,80.67,80.65,300,800,-683,1517
574,D,2020-05-26,0 days 15:55:57.696816,284206,80.65,80.63,400,206,4307,-683
575,D,2020-05-26,0 days 15:55:58.698788,284013,80.66,80.65,600,400,-193,4307
576,D,2020-05-26,0 days 15:57:20.896925,284754,80.7,80.69,501,570,1548,-552
577,D,2020-05-26,0 days 15:57:22.901943,284602,80.71,80.69,746,570,-152,648
578,D,2020-05-26,0 days 15:57:42.949987,286702,80.72,80.71,1405,300,-2352,148
579,D,2020-05-26,0 days 15:57:44.953662,284954,80.72,80.7,1605,434,2348,-252
580,D,2020-05-26,0 days 15:57:48.963821,286702,80.72,80.7,1351,639,-2052,148
581,D,2020-05-26,0 days 15:57:56.981982,286702,80.72,80.7,1647,630,-1752,348
582,D,2020-05-26,0 days 15:58:01.995842,286702,80.75,80.72,400,1217,-2052,1448
583,D,2020-05-26,0 days 15:58:06.005580,284949,80.73,80.71,810,523,-5,1795
584,D,2020-05-26,0 days 15:58:07.008139,284954,80.72,80.7,500,410,1895,-5
585,D,2020-05-26,0 days 15:58:08.010320,284949,80.71,80.69,704,800,-5,1895
586,D,2020-05-26,0 days 15:58:14.024577,284954,80.7,80.69,200,500,1940,-305
587,D,2020-05-26,0 days 15:58:15.027218,284894,80.71,80.69,1101,800,-60,1940
588,D,2020-05-26,0 days 15:58:17.032355,285754,80.71,80.69,1106,500,92,-60
589,D,2020-05-26,0 days 15:59:01.138795,288946,80.69,80.67,800,620,-1925,1175
590,D,2020-05-26,0 days 15:59:03.143373,285994,80.7,80.68,400,267,1252,-2773
591,D,2020-05-26,0 days 15:59:05.149178,284746,80.76,80.75,420,210,-2188,312
592,D,2020-05-26,0 days 15:59:23.187593,331592,80.77,80.76,355,400,-1206,2164
593,D,2020-05-26,0 days 15:59:48.246943,329598,80.79,80.78,200,500,2049,-1681
594,DAL,2020-05-26,0 days 15:57:35.931452,1204009,25.57,25.56,20763,9119,-6416,3684
595,DAL,2020-05-26,0 days 15:57:37.936172,1199625,25.59,25.58,16718,11900,4384,-6416
596,DAL,2020-05-26,0 days 15:57:47.960584,1227809,25.6,25.59,20221,14029,-6316,6484
597,DAL,2020-05-26,0 days 15:57:48.965567,1230025,25.6,25.59,11249,15094,7384,-6316
598,DAL,2020-05-26,0 days 15:57:49.966077,1215909,25.61,25.6,16325,14641,-29027,7384
599,DAL,2020-05-26,0 days 15:57:50.968357,1210436,25.61,25.6,32181,537,5473,-29027
600,DAL,2020-05-26,0 days 15:58:02.999286,1215909,25.61,25.6,10934,20930,-14127,7384
601,DAL,2020-05-26,0 days 15:58:05.005012,1204778,25.6,25.59,13479,10517,11131,-13927
602,DAL,2020-05-26,0 days 15:59:09.160092,1244576,25.58,25.57,21928,10455,4678,-5166
603,DAL,2020-05-26,0 days 15:59:10.162883,1249254,25.58,25.57,21089,8355,-2222,4678
604,DAL,2020-05-26,0 days 15:59:11.165755,1390376,25.58,25.57,25202,7056,8272,-2222
605,DAL,2020-05-26,0 days 15:59:49.249428,1365198,25.62,25.61,6814,34035,3104,-1313
606,DB,2020-05-26,0 days 15:55:50.679461,160065,8.21,8.2,117740,142799,-1169,2104
607,DB,2020-05-26,0 days 15:55:51.682217,102634,8.21,8.2,118340,142799,57431,-1169
608,DB,2020-05-26,0 days 15:59:46.241241,160507,8.21,8.2,112893,119857,-24629,1446
609,DB,2020-05-26,0 days 15:59:47.243654,158936,8.21,8.2,113193,119651,402,-24629
610,DD,2020-05-26,0 days 15:55:42.656386,994794,50.44,50.43,1599,500,1830,-4070
611,DD,2020-05-26,0 days 15:55:43.658102,987624,50.44,50.43,1904,400,-7170,1830
612,DD,2020-05-26,0 days 15:58:45.099707,1026905,50.35,50.33,2100,3600,-7024,9708
613,DD,2020-05-26,0 days 15:59:11.158516,1033982,50.35,50.33,600,1316,4105,-6930
614,DD,2020-05-26,0 days 15:59:12.159733,1032787,50.35,50.33,700,1316,-1195,4105
615,DE,2020-05-26,0 days 15:58:44.624041,265486,147.58,147.52,402,300,1652,-2092
616,DE,2020-05-26,0 days 15:58:45.625760,259938,147.58,147.51,1257,377,-6592,1652
617,DE,2020-05-26,0 days 15:59:01.664647,265486,147.54,147.5,331,305,464,-3154
618,DE,2020-05-26,0 days 15:59:02.667015,263750,147.58,147.53,600,200,-1736,464
619,DE,2020-05-26,0 days 15:59:05.674642,265486,147.51,147.47,200,1100,545,-1655
620,DE,2020-05-26,0 days 15:59:08.681597,264452,147.58,147.52,1277,300,-112,1467
621,DE,2020-05-26,0 days 15:59:16.698284,265608,147.67,147.59,400,739,54790,-403
622,DELL,2020-05-26,0 days 15:56:00.711012,177669,44.52,44.48,815,522,488,-363
623,DELL,2020-05-26,0 days 15:56:01.713544,177357,44.52,44.48,800,622,-312,488
624,DELL,2020-05-26,0 days 15:58:09.020380,194457,44.49,44.47,929,408,-2113,387
625,DELL,2020-05-26,0 days 15:59:20.183852,205711,44.48,44.45,1360,2033,496,-646
626,DELL,2020-05-26,0 days 15:59:27.200352,203907,44.48,44.45,1475,1824,-1804,1896
627,DFS,2020-05-26,0 days 15:57:40.909883,472348,43.94,43.93,117,300,644,-3856
628,DFS,2020-05-26,0 days 15:57:41.912331,467892,43.98,43.95,600,300,-4456,644
629,DFS,2020-05-26,0 days 15:58:05.972074,465961,43.97,43.94,1500,100,-6387,4060
630,DFS,2020-05-26,0 days 15:58:52.085853,464147,43.99,43.96,400,4100,3290,-6966
631,DFS,2020-05-26,0 days 15:58:53.085444,458037,43.97,43.96,100,2067,-3157,3290
632,DFS,2020-05-26,0 days 15:59:50.222265,435552,44.08,44.07,898,494,-34603,2653
633,DHI,2020-05-26,0 days 15:57:39.463348,456243,55.9,55.89,2608,600,-1674,2726
634,DHI,2020-05-26,0 days 15:57:40.467048,453817,55.89,55.88,420,1300,2426,-1674
635,DHI,2020-05-26,0 days 15:57:41.470086,456243,55.9,55.89,3108,100,-1974,2426
636,DHI,2020-05-26,0 days 15:57:42.472561,454217,55.89,55.88,2636,449,2026,-1974
637,DHI,2020-05-26,0 days 15:57:44.477084,456243,55.88,55.87,200,300,-2674,2026
638,DHI,2020-05-26,0 days 15:57:45.478102,455017,55.88,55.86,2906,500,1226,-2674
639,DHI,2020-05-26,0 days 15:57:47.484695,456243,55.88,55.86,2706,620,-3274,1126
640,DHI,2020-05-26,0 days 15:57:48.486541,455417,55.87,55.86,1489,320,826,-3274
641,DHI,2020-05-26,0 days 15:57:56.506032,456243,55.89,55.88,1700,2600,-1274,526
642,DHI,2020-05-26,0 days 15:57:57.508821,455917,55.89,55.88,2016,2700,326,-1274
643,DHI,2020-05-26,0 days 15:58:00.516476,456243,55.89,55.88,4116,910,-1474,326
644,DHI,2020-05-26,0 days 15:58:01.518525,456017,55.88,55.87,3874,1700,226,-1474
645,DHI,2020-05-26,0 days 15:58:12.545653,456243,55.84,55.83,3076,115,-642,758
646,DHI,2020-05-26,0 days 15:58:14.549580,455485,55.82,55.8,3008,4001,803,-3342
647,DHI,2020-05-26,0 days 15:58:16.554861,456388,55.81,55.8,800,3407,-479,803
648,DHI,2020-05-26,0 days 15:58:17.558096,456267,55.81,55.8,2838,2701,21,-479
649,DHI,2020-05-26,0 days 15:59:23.713145,482631,55.83,55.82,800,314,-88,2529
650,DHI,2020-05-26,0 days 15:59:36.745188,480319,55.85,55.84,1223,700,2332,-1768
651,DHT,2020-05-26,0 days 15:55:42.663061,262691,5.78,5.77,21952,8343,1333,-1310
652,DHT,2020-05-26,0 days 15:55:43.662282,257424,5.78,5.77,22552,9171,-4967,1333
653,DHT,2020-05-26,0 days 15:58:57.130533,262183,5.79,5.78,10532,11257,3751,-365
654,DHT,2020-05-26,0 days 15:58:58.132305,257734,5.79,5.78,21940,7724,-4149,3751
655,DHT,2020-05-26,0 days 15:59:14.170888,265447,5.79,5.78,9206,9600,9249,-7613
656,DHT,2020-05-26,0 days 15:59:15.175638,262996,5.79,5.78,6906,15385,-2451,9249
657,DIS,2020-05-26,0 days 15:55:03.562807,878300,121.22,121.21,105,100,-1888,315
658,DIS,2020-05-26,0 days 15:55:32.635476,880188,121.21,121.18,701,601,20,-1880
659,DIS,2020-05-26,0 days 15:55:41.658226,880355,121.2,121.18,610,1172,-480,20
660,DIS,2020-05-26,0 days 15:55:44.664257,882435,121.2,121.19,809,100,620,-677
661,DIS,2020-05-26,0 days 15:55:45.668443,879055,121.18,121.17,600,735,-3380,620
662,DIS,2020-05-26,0 days 15:56:15.739038,882393,121.12,121.1,200,300,5362,-2098
663,DIS,2020-05-26,0 days 15:56:16.742446,879155,121.14,121.13,300,100,-3238,5362
664,DIS,2020-05-26,0 days 15:57:36.934198,911128,120.98,120.96,442,300,2331,-5024
665,DIS,2020-05-26,0 days 15:57:37.936172,906459,120.98,120.96,584,925,-4224,2331
666,DIS,2020-05-26,0 days 15:59:11.165755,974272,120.9,120.88,206,700,7072,-30129
667,DIS,2020-05-26,0 days 15:59:16.172034,982637,120.95,120.92,400,673,-1275,5204
668,DIS,2020-05-26,0 days 15:59:17.172111,983952,120.98,120.94,400,400,5885,-1275
669,DIS,2020-05-26,0 days 15:59:23.190537,989336,120.98,120.97,300,500,-2123,12825
670,DIS,2020-05-26,0 days 15:59:24.187564,991459,120.98,120.97,409,400,5877,-2123
671,DIS,2020-05-26,0 days 15:59:53.261495,1005990,121.01,120.97,100,300,-12533,504
672,DIS,2020-05-26,0 days 15:59:54.263535,1000080,120.97,120.94,900,300,5910,-12533
673,DKS,2020-05-26,0 days 15:55:00.552689,278651,34.55,34.54,979,379,-1336,20311
674,DKS,2020-05-26,0 days 15:55:01.554922,277787,34.56,34.55,1792,100,864,-1336
675,DKS,2020-05-26,0 days 15:55:41.653498,316867,34.59,34.58,191,1830,-322,1495
676,DKS,2020-05-26,0 days 15:55:46.665664,312889,34.59,34.58,392,1474,4038,-262
677,DKS,2020-05-26,0 days 15:57:42.944500,317416,34.48,34.47,3467,1406,-183,3117
678,DKS,2020-05-26,0 days 15:57:44.948394,314399,34.47,34.46,576,517,3017,-183
679,DKS,2020-05-26,0 days 15:58:12.014279,317416,34.43,34.42,601,7929,-609,2091
680,DKS,2020-05-26,0 days 15:58:13.016763,315925,34.43,34.42,601,7929,1491,-609
681,DKS,2020-05-26,0 days 15:58:14.018735,317416,34.43,34.42,635,8400,-9,1491
682,DKS,2020-05-26,0 days 15:58:17.026518,315725,34.43,34.42,536,6609,1691,-3909
683,DKS,2020-05-26,0 days 15:59:17.163019,329755,34.5,34.48,400,1620,-1713,2087
684,DKS,2020-05-26,0 days 15:59:19.169701,328168,34.49,34.48,1100,661,1587,-1013
685,DKS,2020-05-26,0 days 15:59:43.226462,329755,34.49,34.48,1181,2948,-254,1775
686,DKS,2020-05-26,0 days 15:59:44.228405,327809,34.49,34.48,1082,2848,1946,-254
687,DKS,2020-05-26,0 days 15:59:45.232499,329755,34.49,34.48,882,2848,-256,1946
688,DKS,2020-05-26,0 days 15:59:46.232959,327911,34.49,34.48,1120,3548,1844,-256
689,DKS,2020-05-26,0 days 15:59:47.235283,329755,34.49,34.48,1016,3548,-187,1844
690,DLPH,2020-05-26,0 days 15:55:37.172876,40107,12.43,12.42,5800,701,37,-647
691,DLPH,2020-05-26,0 days 15:55:57.221554,40144,12.42,12.41,5800,6601,-49963,37
692,DLPH,2020-05-26,0 days 15:56:53.355610,39079,12.39,12.38,2300,6519,-1028,44372
693,DLPH,2020-05-26,0 days 15:59:47.770803,43729,12.41,12.4,700,7904,-739,42961
694,DLPH,2020-05-26,0 days 15:59:59.800652,44468,12.39,12.38,29138,31006,40661,-9639
695,DOC,2020-05-26,0 days 15:58:00.164540,268944,17.67,17.66,9648,2613,-21528,16272
696,DOC,2020-05-26,0 days 15:59:43.387783,288159,17.63,17.62,7344,2021,1044,-1430
697,DOC,2020-05-26,0 days 15:59:44.389242,289191,17.63,17.62,6740,4158,-268,1044
698,DOC,2020-05-26,0 days 15:59:45.391879,289459,17.63,17.62,2400,5439,3396,-268
699,DOC,2020-05-26,0 days 15:59:46.394325,288455,17.64,17.63,5239,4209,-2023,3396
700,DOC,2020-05-26,0 days 15:59:47.396105,291078,17.64,17.63,5209,3868,137,-2023
701,DOC,2020-05-26,0 days 15:59:48.398848,290115,17.64,17.63,5009,4168,-363,137
702,DOC,2020-05-26,0 days 15:59:49.400869,291078,17.64,17.63,1000,5868,1357,-363
703,DOC,2020-05-26,0 days 15:59:50.404825,288835,17.64,17.63,569,6268,-1643,1357
704,DOW,2020-05-26,0 days 15:55:42.660510,390443,38.78,38.77,700,1300,-161,1082
705,DOW,2020-05-26,0 days 15:55:43.660615,385304,38.76,38.75,200,1516,5139,-161
706,DOW,2020-05-26,0 days 15:56:19.749751,391414,38.81,38.79,400,1100,-2624,2176
707,DOW,2020-05-26,0 days 15:56:20.751940,380838,38.79,38.78,500,884,10576,-2624
708,DOW,2020-05-26,0 days 15:57:45.955349,391414,38.77,38.75,1648,1600,-101,1599
709,DOW,2020-05-26,0 days 15:57:49.965388,388815,38.76,38.75,700,1400,2599,-3301
710,DOW,2020-05-26,0 days 15:57:50.967789,391414,38.77,38.76,800,600,-1201,2599
711,DOW,2020-05-26,0 days 15:58:01.995777,394115,38.77,38.76,301,1022,2199,-3687
712,DOW,2020-05-26,0 days 15:58:02.997903,394214,38.77,38.76,701,422,-401,2199
713,DOW,2020-05-26,0 days 15:58:04.000097,395101,38.76,38.75,201,2100,2413,-401
714,DOW,2020-05-26,0 days 15:58:11.017107,392214,38.74,38.73,2302,270,-187,1313
715,DOW,2020-05-26,0 days 15:58:50.111483,391778,38.74,38.73,3487,2360,-323,77
716,DOW,2020-05-26,0 days 15:59:02.140499,392007,38.74,38.73,2105,500,971,-1101
717,DOW,2020-05-26,0 days 15:59:03.143332,398478,38.74,38.73,1501,1400,-1529,971
718,DOW,2020-05-26,0 days 15:59:11.163368,411157,38.72,38.71,800,1532,16635,-1469
719,DOW,2020-05-26,0 days 15:59:46.240607,432895,38.77,38.75,754,500,-2391,10880
720,DRH,2020-05-26,0 days 15:58:08.004772,240294,6.06,6.05,19534,14607,496,-2851
721,DRH,2020-05-26,0 days 15:58:09.007586,237690,6.06,6.05,32349,15371,-2604,496
722,DRH,2020-05-26,0 days 15:59:03.137574,240394,6.05,6.04,15727,21303,9396,-2234
723,DRH,2020-05-26,0 days 15:59:04.140697,239460,6.05,6.04,15727,21503,-1481,9396
724,DRH,2020-05-26,0 days 15:59:13.161641,240941,6.05,6.04,17127,23084,16073,-1481
725,DRH,2020-05-26,0 days 15:59:14.163925,241414,6.05,6.04,14227,31684,-14427,16073
726,DRH,2020-05-26,0 days 15:59:36.208852,242984,6.03,6.02,14193,39641,-1115,1585
727,DRH,2020-05-26,0 days 15:59:37.211259,242799,6.03,6.02,11777,38292,185,-1115
728,DRH,2020-05-26,0 days 15:59:40.218903,243269,6.03,6.02,18289,5378,-8530,9685
729,DRH,2020-05-26,0 days 16:00:00.264826,235599,6.01,6.0,10006,61456,39008,-1037
730,DRI,2020-05-26,0 days 15:56:19.928089,194731,78.58,78.57,527,700,165,-1435
731,DRI,2020-05-26,0 days 15:56:20.931308,193496,78.58,78.57,507,901,-1235,165
732,DRI,2020-05-26,0 days 15:57:40.120290,194431,78.52,78.51,394,400,16,-384
733,DRI,2020-05-26,0 days 15:57:41.121532,194147,78.53,78.52,700,300,-284,16
734,DRI,2020-05-26,0 days 15:57:48.134282,197747,78.55,78.54,410,1483,-1384,316
735,DRI,2020-05-26,0 days 15:57:49.137398,199131,78.55,78.54,574,1507,516,-1384
736,DRI,2020-05-26,0 days 15:57:50.139920,199747,78.55,78.54,300,161,-1184,516
737,DRI,2020-05-26,0 days 15:57:52.144384,199231,78.55,78.54,300,338,416,-984
738,DRI,2020-05-26,0 days 15:58:05.178484,202847,78.55,78.54,201,1051,-884,1016
739,DRI,2020-05-26,0 days 15:58:07.181811,202031,78.55,78.54,202,703,816,-684
740,DRI,2020-05-26,0 days 15:58:31.239200,200661,78.66,78.62,200,1789,-1070,830
741,DRI,2020-05-26,0 days 15:58:32.240830,200031,78.66,78.62,300,1789,630,-1070
742,DRI,2020-05-26,0 days 15:58:33.243719,197461,78.67,78.64,300,600,-2570,630
743,DRI,2020-05-26,0 days 15:58:34.245266,197131,78.67,78.64,446,600,330,-2570
744,DRI,2020-05-26,0 days 15:59:10.333837,224823,78.56,78.53,302,500,-33584,234
745,DRI,2020-05-26,0 days 15:59:25.341940,257138,78.53,78.51,272,1801,1840,-27460
746,DRI,2020-05-26,0 days 15:59:42.383459,256078,78.48,78.47,1742,493,-1060,2140
747,DS,2020-05-26,0 days 15:59:39.224881,28309,1.94,1.93,14877,10344,-60,1440
748,DUK,2020-05-26,0 days 15:55:00.566217,893003,82.76,82.74,394,400,-6590,25385
749,DUK,2020-05-26,0 days 15:55:49.686666,900703,82.74,82.73,305,668,433,-454
750,DUK,2020-05-26,0 days 15:55:50.689526,898495,82.75,82.73,1008,852,-2208,433
751,DUK,2020-05-26,0 days 15:55:57.705856,900703,82.75,82.73,500,2097,3049,-2622
752,DUK,2020-05-26,0 days 15:55:58.708102,896052,82.76,82.74,1412,600,-4651,3049
753,DUK,2020-05-26,0 days 15:56:17.754726,900703,82.77,82.76,637,2338,649,-4651
754,DUK,2020-05-26,0 days 15:56:18.756223,896052,82.77,82.76,1237,1505,-4651,649
755,DUK,2020-05-26,0 days 15:57:35.939613,902069,82.71,82.7,1747,858,5418,-2582
756,DUK,2020-05-26,0 days 15:57:36.943163,899087,82.72,82.71,2416,311,-2982,5418
757,DUK,2020-05-26,0 days 15:57:38.946967,902069,82.72,82.7,2516,1658,1518,-2882
758,DUK,2020-05-26,0 days 15:57:39.949463,899387,82.72,82.71,2560,529,-2682,1518
759,DUK,2020-05-26,0 days 15:57:41.954195,902069,82.72,82.71,1750,1023,1118,-1782
760,DUK,2020-05-26,0 days 15:57:42.957441,901487,82.73,82.72,2219,1369,-582,1118
761,DUK,2020-05-26,0 days 15:57:43.956244,902069,82.73,82.72,1719,1003,4918,-582
762,DUK,2020-05-26,0 days 15:58:04.005559,902069,82.81,82.79,910,1623,304,-9196
763,DUK,2020-05-26,0 days 15:58:05.009149,900302,82.79,82.78,600,1843,-1767,304
764,DUK,2020-05-26,0 days 15:58:07.013999,902069,82.78,82.77,600,401,5533,-1767
765,DUK,2020-05-26,0 days 15:58:10.020132,900692,82.77,82.76,500,328,-1377,6223
766,DUK,2020-05-26,0 days 15:58:11.022417,902069,82.75,82.74,100,532,8323,-1377
767,DUK,2020-05-26,0 days 15:58:13.027761,901206,82.75,82.74,643,229,-863,6823
768,DUK,2020-05-26,0 days 15:58:21.047764,897215,82.76,82.74,800,900,-4854,4146
769,DUK,2020-05-26,0 days 15:58:43.100504,902069,82.77,82.74,300,500,7137,-1863
770,DUK,2020-05-26,0 days 15:59:10.166049,911528,82.72,82.7,1100,610,-34,3872
771,DUK,2020-05-26,0 days 15:59:23.186728,910363,82.75,82.74,600,100,-1199,8963
772,DUK,2020-05-26,0 days 15:59:33.208992,911562,82.75,82.74,300,200,404,-1296
773,DUK,2020-05-26,0 days 15:59:34.213059,910566,82.76,82.75,388,1340,-996,404
774,DUK,2020-05-26,0 days 15:59:39.223402,911562,82.76,82.75,197,400,804,-896
775,DUK,2020-05-26,0 days 15:59:40.225955,909066,82.77,82.75,832,209,-2496,804
776,DUK,2020-05-26,0 days 15:59:41.227987,911562,82.75,82.73,1007,600,10221,-2496
777,DUK,2020-05-26,0 days 15:59:42.230927,911283,82.76,82.74,645,500,-279,10221
778,DVN,2020-05-26,0 days 15:55:49.677864,518393,12.27,12.26,12004,4427,-15555,10911
779,DVN,2020-05-26,0 days 15:55:50.680364,508748,12.26,12.25,8510,8130,9645,-15555
780,DVN,2020-05-26,0 days 15:59:10.161386,565777,12.25,12.24,15351,23309,-6580,7592
781,DVN,2020-05-26,0 days 15:59:11.163598,558157,12.25,12.24,16946,18777,7020,-6580
782,DVN,2020-05-26,0 days 15:59:34.213579,565197,12.25,12.24,10783,15423,-420,6160
783,DVN,2020-05-26,0 days 15:59:47.243654,530721,12.28,12.27,2698,8282,1372,-21763
784,DXC,2020-05-26,0 days 15:57:44.948420,276547,16.37,16.36,4015,4992,119,-2181
785,DXC,2020-05-26,0 days 15:58:48.100508,253003,16.37,16.36,2700,1443,2808,-6350
786,EAT,2020-05-26,0 days 15:57:51.977989,40754,25.92,25.91,100,400,-35,365
787,EAT,2020-05-26,0 days 15:57:52.979600,40377,25.9,25.88,300,510,377,-35
788,EAT,2020-05-26,0 days 15:58:25.058326,42163,25.93,25.91,202,841,-726,86
789,EAT,2020-05-26,0 days 15:58:26.060812,41789,25.93,25.91,683,1140,374,-726
790,EAT,2020-05-26,0 days 15:59:48.244579,43579,25.9,25.88,527,714,-198,102
791,EAT,2020-05-26,0 days 15:59:50.248905,41877,25.9,25.88,333,602,1702,-198
792,ELAN,2020-05-26,0 days 15:57:55.986330,305431,19.36,19.35,2997,3310,1648,-952
793,ELAN,2020-05-26,0 days 15:57:56.988519,300979,19.36,19.35,4072,4323,-4452,1648
794,ELAN,2020-05-26,0 days 15:59:12.171853,314345,19.34,19.33,5787,1715,-1113,5887
795,ELF,2020-05-26,0 days 15:56:00.708913,54626,16.75,16.73,300,900,769,-449
796,ELF,2020-05-26,0 days 15:56:01.711074,54495,16.75,16.73,300,1100,-131,769
797,ELF,2020-05-26,0 days 15:57:17.894189,54626,16.79,16.78,1285,1200,269,-231
798,ELF,2020-05-26,0 days 15:57:18.896329,54395,16.79,16.78,1285,1200,-231,269
799,ELF,2020-05-26,0 days 15:58:34.058885,54626,16.77,16.76,1205,841,765,-1135
800,ELF,2020-05-26,0 days 15:58:35.063250,54491,16.77,16.76,1205,841,-135,765
801,ELF,2020-05-26,0 days 15:59:07.139439,55926,16.78,16.76,826,300,399,-35
802,ELF,2020-05-26,0 days 15:59:15.158154,57325,16.76,16.73,895,1600,-166,99
803,ELF,2020-05-26,0 days 15:59:39.198366,57245,16.7,16.69,495,1559,-34,266
804,EMR,2020-05-26,0 days 15:55:00.552211,265568,59.3,59.29,420,500,-67,13367
805,EMR,2020-05-26,0 days 15:55:03.559387,265635,59.31,59.29,458,522,86,-67
806,EMR,2020-05-26,0 days 15:55:04.562102,264721,59.3,59.28,300,719,-914,86
807,EMR,2020-05-26,0 days 15:55:30.626798,265635,59.25,59.24,400,200,586,-514
808,EMR,2020-05-26,0 days 15:55:31.629068,265456,59.25,59.24,400,265,-179,586
809,EMR,2020-05-26,0 days 15:55:37.643355,264956,59.24,59.22,700,400,-679,121
810,EMR,2020-05-26,0 days 15:55:39.648567,259843,59.25,59.24,301,300,5113,-679
811,EMR,2020-05-26,0 days 15:55:40.651055,259656,59.25,59.24,301,839,-187,5113
812,EMR,2020-05-26,0 days 15:55:44.660345,261030,59.26,59.25,610,1020,1110,-274
813,EMR,2020-05-26,0 days 15:56:20.746459,269872,59.25,59.24,979,500,1368,-3997
814,EMR,2020-05-26,0 days 15:56:21.748023,269475,59.25,59.24,500,800,-397,1368
815,EMR,2020-05-26,0 days 15:57:24.900686,271080,59.17,59.15,900,358,2095,-1005
816,EMR,2020-05-26,0 days 15:57:25.902670,270175,59.18,59.17,600,200,-905,2095
817,EMR,2020-05-26,0 days 15:57:46.952796,287280,59.2,59.18,567,718,195,-1905
818,EMR,2020-05-26,0 days 15:57:50.961638,287475,59.21,59.2,200,1546,-405,195
819,EMR,2020-05-26,0 days 15:58:00.989035,287880,59.21,59.19,720,610,1595,-2505
820,EMR,2020-05-26,0 days 15:58:01.989990,285375,59.2,59.19,903,410,-2505,1595
821,EMR,2020-05-26,0 days 15:59:00.133191,287880,59.19,59.17,300,1200,8603,-2160
822,EMR,2020-05-26,0 days 15:59:01.132574,287183,59.18,59.17,300,800,-697,8603
823,EMR,2020-05-26,0 days 15:59:05.143379,287880,59.19,59.17,798,819,3111,-1012
824,EMR,2020-05-26,0 days 15:59:29.191696,293473,59.21,59.19,410,499,79,-3921
825,EMR,2020-05-26,0 days 15:59:52.248675,293887,59.25,59.2,8560,1431,-786,1914
826,EOG,2020-05-26,0 days 15:59:16.170555,670660,51.39,51.38,200,710,242092,-13136
827,EPD,2020-05-26,0 days 15:55:01.741346,139252,19.33,19.32,8717,3718,-36159,8041
828,EPD,2020-05-26,0 days 15:55:02.742981,131311,19.31,19.3,6088,6072,7941,-36159
829,EQNR,2020-05-26,0 days 15:59:07.139410,31148,14.97,14.96,28859,8137,1731,-2853
830,EQT,2020-05-26,0 days 15:55:34.640056,362411,14.73,14.72,9926,4058,-2872,28
831,EQT,2020-05-26,0 days 15:59:07.154419,377283,14.71,14.7,11775,25752,4072,-7202
832,EQT,2020-05-26,0 days 15:59:12.166056,373255,14.7,14.69,11964,15152,-383,2317
833,EQT,2020-05-26,0 days 15:59:30.206948,376338,14.71,14.7,3672,14726,2117,-1283
834,EQT,2020-05-26,0 days 15:59:31.207908,375255,14.71,14.7,4672,14726,-1083,2117
835,ESRT,2020-05-26,0 days 15:55:08.586506,227842,7.4,7.39,17670,23948,-17,1708
836,ESRT,2020-05-26,0 days 15:55:09.588530,226959,7.37,7.36,17357,9821,5983,-17
837,ESTC,2020-05-26,0 days 15:55:13.557424,490809,84.87,84.83,505,706,-358,845
838,ESTC,2020-05-26,0 days 15:55:14.560013,489667,84.87,84.83,505,706,1142,-358
839,ESTC,2020-05-26,0 days 15:57:39.907478,491167,84.83,84.79,1470,102,-6499,643
840,ESTC,2020-05-26,0 days 15:59:38.191696,497166,84.81,84.75,1002,224,614,-1128
841,ESTC,2020-05-26,0 days 15:59:43.205226,497266,84.79,84.75,232,1424,814,-1428
842,ESTC,2020-05-26,0 days 15:59:44.207076,498438,84.79,84.75,249,1803,-1628,814
843,ESTC,2020-05-26,0 days 15:59:45.210026,499366,84.79,84.75,249,1703,12143,-1628
844,ESTC,2020-05-26,0 days 15:59:49.217447,512617,84.88,84.78,537,1303,-2849,743
845,ESTC,2020-05-26,0 days 15:59:50.222325,504777,84.87,84.73,720,300,7482,-2849
846,ET,2020-05-26,0 days 15:55:01.741210,45094,8.42,8.41,26742,73098,-23680,11420
847,ET,2020-05-26,0 days 15:55:02.742753,33674,8.42,8.41,26942,74998,11420,-23680
848,ET,2020-05-26,0 days 15:57:13.055453,71589,8.41,8.4,74225,60785,-4185,11420
849,ET,2020-05-26,0 days 15:57:14.059483,67974,8.41,8.4,74228,58485,3615,-4185
850,ETRN,2020-05-26,0 days 15:55:01.085309,110196,8.05,8.04,3816,5230,-1064,1436
851,ETRN,2020-05-26,0 days 15:58:48.631071,117740,8.02,8.01,7101,2755,2485,-1193
852,ETRN,2020-05-26,0 days 15:58:49.634686,116025,8.02,8.01,7521,2955,-1715,2485
853,ETRN,2020-05-26,0 days 15:59:04.670768,117740,8.03,8.02,5331,1600,4013,-545
854,ETRN,2020-05-26,0 days 15:59:05.674194,117193,8.03,8.02,5231,1900,-547,4013
855,ETRN,2020-05-26,0 days 15:59:32.733784,118040,8.04,8.03,16272,2096,343,-957
856,EURN,2020-05-26,0 days 15:55:00.560302,69950,10.37,10.36,6701,6811,545,-4488
857,EURN,2020-05-26,0 days 15:58:56.112132,70495,10.38,10.37,7004,9352,-3427,2873
858,EVRG,2020-05-26,0 days 15:59:16.163849,1326157,59.55,59.54,637,1850,231839,-223989
859,EVRI,2020-05-26,0 days 15:59:05.150439,47928,5.9,5.89,3939,4772,-1204,896
860,EVRI,2020-05-26,0 days 15:59:06.153315,47232,5.9,5.89,4005,4450,596,-1204
861,EVRI,2020-05-26,0 days 15:59:47.243654,50222,5.91,5.9,8085,5489,-3993,190
862,EVRI,2020-05-26,0 days 15:59:48.246200,49915,5.91,5.9,8085,5089,207,-3993
863,EXK,2020-05-26,0 days 15:59:36.223100,18736,1.84,1.83,89406,87394,13865,-16335
864,EXK,2020-05-26,0 days 15:59:37.225619,17901,1.84,1.83,91806,85394,-835,13865
865,FCAU,2020-05-26,0 days 15:55:00.566217,71746,8.63,8.62,15942,12265,-1829,14206
866,FCAU,2020-05-26,0 days 15:56:22.766988,73623,8.63,8.62,11230,20572,1079,-1803
867,FCX,2020-05-26,0 days 15:57:33.922563,996674,9.25,9.24,142331,88940,-4134,5766
868,FCX,2020-05-26,0 days 15:57:34.924054,1000808,9.25,9.24,147231,64951,5766,-4134
869,FCX,2020-05-26,0 days 15:59:25.181536,1105357,9.25,9.24,81369,152699,-7851,7249
870,FDX,2020-05-26,0 days 15:59:06.157277,185091,124.71,124.64,601,100,1398,-1476
871,FDX,2020-05-26,0 days 15:59:12.171853,182911,124.62,124.59,373,500,-2180,2920
872,FDX,2020-05-26,0 days 15:59:16.176840,185291,124.67,124.63,100,236,32871,-1875
873,FDX,2020-05-26,0 days 15:59:17.176891,183662,124.74,124.72,300,184,-1629,32871
874,FDX,2020-05-26,0 days 15:59:22.188856,185507,124.62,124.57,400,200,260,-1745
875,FDX,2020-05-26,0 days 15:59:26.198609,185507,124.64,124.59,306,300,75,-1325
876,FDX,2020-05-26,0 days 15:59:29.205489,184182,124.64,124.62,408,1953,-1325,75
877,FDX,2020-05-26,0 days 15:59:35.220313,183782,124.65,124.64,398,1166,-1725,280
878,FE,2020-05-26,0 days 15:54:39.510209,221139,40.7,40.69,2220,520,93,-328
879,FE,2020-05-26,0 days 15:55:00.558044,260020,40.7,40.69,1003,1420,-3778,93
880,FE,2020-05-26,0 days 15:55:49.677800,264203,40.7,40.69,1900,1300,696,-1483
881,FE,2020-05-26,0 days 15:55:50.680305,261699,40.71,40.7,2091,1400,-2504,696
882,FE,2020-05-26,0 days 15:58:13.022226,265053,40.68,40.67,2400,596,-316,884
883,FE,2020-05-26,0 days 15:58:45.102759,264974,40.66,40.65,1900,1030,-395,205
884,FE,2020-05-26,0 days 15:59:08.155241,272262,40.67,40.66,2500,200,-933,1267
885,FE,2020-05-26,0 days 15:59:20.178719,276695,40.69,40.68,300,1200,665,-4633
886,FE,2020-05-26,0 days 15:59:21.180326,276560,40.68,40.67,200,2089,-135,665
887,FE,2020-05-26,0 days 15:59:22.183205,276695,40.67,40.66,200,2282,485,-135
888,FE,2020-05-26,0 days 15:59:23.187593,275780,40.68,40.67,900,1190,-915,485
889,FE,2020-05-26,0 days 15:59:25.190103,276695,40.68,40.67,471,2309,2185,-1515
890,FE,2020-05-26,0 days 15:59:26.192350,275680,40.69,40.68,429,2525,-1015,2185
891,FE,2020-05-26,0 days 15:59:45.239844,276695,40.7,40.69,2056,1400,1981,-815
892,FE,2020-05-26,0 days 15:59:49.250510,276775,40.7,40.69,1007,1900,4215,-7890
893,FE,2020-05-26,0 days 15:59:50.253954,276411,40.72,40.7,2531,2100,-284,4215
894,FG,2020-05-26,0 days 15:55:00.555235,96793,7.95,7.94,5200,1490,-159421,44930
895,FHN,2020-05-26,0 days 15:59:21.172739,194926,9.42,9.41,19403,26845,3801,-1899
896,FHN,2020-05-26,0 days 15:59:48.238092,198465,9.42,9.41,2435,50880,1362,-1938
897,FNF,2020-05-26,0 days 15:55:51.677763,278402,29.63,29.62,348,800,-2355,4046
898,FNF,2020-05-26,0 days 15:55:52.680064,274757,29.62,29.61,814,799,3645,-2355
899,FNF,2020-05-26,0 days 15:57:52.966914,278402,29.71,29.7,1720,529,-891,1809
900,FNF,2020-05-26,0 days 15:57:53.969647,277193,29.71,29.7,1520,1729,1209,-891
901,FNF,2020-05-26,0 days 15:57:55.973433,278402,29.71,29.7,1140,2800,-491,1209
902,FNF,2020-05-26,0 days 15:57:56.975857,277022,29.71,29.7,843,3100,1380,-491
903,FNF,2020-05-26,0 days 15:57:59.984496,278402,29.71,29.7,652,2853,-620,1580
904,FNF,2020-05-26,0 days 15:58:00.989178,276822,29.71,29.7,241,2753,1580,-620
905,FNF,2020-05-26,0 days 15:58:09.007622,278402,29.71,29.7,680,1800,-919,2081
906,FNF,2020-05-26,0 days 15:58:10.009188,276321,29.71,29.7,1264,600,2081,-919
907,FNF,2020-05-26,0 days 15:58:11.011604,278402,29.69,29.68,200,300,-219,2081
908,FNF,2020-05-26,0 days 15:58:12.014279,270582,29.69,29.67,400,1091,7820,-219
909,FNF,2020-05-26,0 days 15:58:17.026518,278402,29.69,29.68,1456,200,-217,2820
910,FNF,2020-05-26,0 days 15:58:41.089837,276058,29.7,29.69,600,1515,2344,-8256
911,FNF,2020-05-26,0 days 15:58:52.114477,278402,29.72,29.71,400,100,-3029,3310
912,FNF,2020-05-26,0 days 15:58:53.113342,275731,29.72,29.71,1015,400,2671,-3029
913,FNF,2020-05-26,0 days 15:59:12.159733,300219,29.68,29.67,400,500,-169,9513
914,FNF,2020-05-26,0 days 15:59:24.179583,298937,29.67,29.66,1700,850,1282,-8218
915,FNF,2020-05-26,0 days 15:59:48.238283,299745,29.68,29.67,207,600,474,-1626
916,FRO,2020-05-26,0 days 15:58:44.101308,71856,8.53,8.52,6738,19041,2490,-3502
917,FRO,2020-05-26,0 days 15:59:01.143396,75426,8.52,8.51,12146,4777,-2730,2990
918,FRO,2020-05-26,0 days 15:59:02.145352,75156,8.52,8.51,12446,4977,270,-2730
919,FSLY,2020-05-26,0 days 15:55:00.563932,36811,39.14,39.08,2160,400,7424,-5937
920,FSLY,2020-05-26,0 days 15:58:45.109127,34550,39.33,39.29,2800,700,-183,834
921,FSLY,2020-05-26,0 days 15:58:46.108863,34233,39.33,39.29,2800,800,317,-183
922,FSLY,2020-05-26,0 days 15:58:56.133138,34550,39.32,39.25,2292,100,-33,367
923,FSLY,2020-05-26,0 days 15:58:57.135172,34233,39.32,39.25,2194,380,317,-33
924,FSM,2020-05-26,0 days 15:59:36.209055,26516,3.99,3.98,86984,34831,3848,-5452
925,FSM,2020-05-26,0 days 15:59:48.238337,26164,3.98,3.97,81779,61532,-352,248
926,FTI,2020-05-26,0 days 15:59:46.241104,420026,7.65,7.64,7254,55669,2505,-7895
927,GIS,2020-05-26,0 days 15:55:00.560161,276513,59.76,59.75,1047,288,-3219,2325
928,GIS,2020-05-26,0 days 15:57:46.946476,293875,59.87,59.85,928,814,1010,-6990
929,GIS,2020-05-26,0 days 15:57:47.948586,292585,59.87,59.86,528,218,-1290,1010
930,GIS,2020-05-26,0 days 15:57:52.959470,295375,59.89,59.87,1535,2105,610,-5590
931,GIS,2020-05-26,0 days 15:57:53.962095,291085,59.89,59.87,1735,2147,-4290,610
932,GIS,2020-05-26,0 days 15:59:07.139386,289975,59.88,59.87,1002,640,1887,-6413
933,GIS,2020-05-26,0 days 15:59:08.141348,287162,59.88,59.87,1002,520,-2813,1887
934,GIS,2020-05-26,0 days 15:59:45.213568,296606,59.9,59.88,781,1478,3059,-260
935,GIS,2020-05-26,0 days 15:59:46.214559,296565,59.91,59.9,400,100,-41,3059
936,GLW,2020-05-26,0 days 15:55:00.558127,468411,22.49,22.48,5754,2617,625,-38049
937,GLW,2020-05-26,0 days 15:55:01.560812,462536,22.5,22.49,4318,1500,-5875,625
938,GLW,2020-05-26,0 days 15:58:45.102790,466897,22.48,22.47,11344,1744,-3384,17471
939,GM,2020-05-26,0 days 15:59:16.163613,2050056,27.31,27.3,3106,2670,421161,-575835
940,GMED,2020-05-26,0 days 15:55:00.552211,112358,54.61,54.57,1297,402,-35443,11389
941,GMED,2020-05-26,0 days 15:55:57.691565,149005,54.62,54.59,659,300,3448,-4647
942,GMED,2020-05-26,0 days 15:55:58.694469,146353,54.62,54.59,559,500,-2652,3448
943,GMED,2020-05-26,0 days 15:58:58.125135,146113,54.57,54.53,1834,979,-2361,139
944,GMED,2020-05-26,0 days 15:59:03.137512,147231,54.59,54.56,327,600,3442,-2501
945,GMED,2020-05-26,0 days 15:59:04.140663,145406,54.59,54.57,691,100,-1825,3442
946,GMED,2020-05-26,0 days 15:59:22.174967,147242,54.63,54.6,1004,834,185,-284
947,GMED,2020-05-26,0 days 15:59:32.199147,147427,54.63,54.62,351,355,-1215,185
948,GMED,2020-05-26,0 days 15:59:45.232247,148547,54.59,54.57,170,546,1350,-920
949,GMED,2020-05-26,0 days 15:59:46.232734,147797,54.64,54.6,300,1491,-845,1350
950,GNC,2020-05-26,0 days 15:57:27.918506,27167,0.71,0.7,40058,2800,1080,-3269
951,GNC,2020-05-26,0 days 15:57:53.962004,23898,0.71,0.7,31458,2800,-3269,1080
952,GNC,2020-05-26,0 days 15:59:42.205446,27167,0.7,0.69,1800,22746,1080,-3269
953,GNC,2020-05-26,0 days 15:59:49.221721,26073,0.71,0.69,38159,22746,-1094,1080
954,GNC,2020-05-26,0 days 16:00:00.247495,27167,0.71,0.68,1533,52531,4254,-3269
955,GNW,2020-05-26,0 days 15:59:01.140342,292738,3.22,3.21,354899,119568,-64955,89169
956,GNW,2020-05-26,0 days 15:59:02.141885,291269,3.22,3.21,354293,113994,2170,-64955
957,GOLD,2020-05-26,0 days 15:59:47.243621,895461,24.67,24.66,49314,27026,-4354,15360
958,GOLD,2020-05-26,0 days 15:59:48.246152,873015,24.67,24.66,38140,25102,22446,-4354
959,GPS,2020-05-26,0 days 15:55:00.083795,360396,8.93,8.92,28517,16593,-6297,43267
960,GPS,2020-05-26,0 days 15:57:54.502324,378361,8.91,8.9,12130,43294,-3096,1804
961,GPS,2020-05-26,0 days 15:58:45.625783,354254,8.91,8.9,42155,25973,19152,-10877
962,GPS,2020-05-26,0 days 15:58:46.628751,351806,8.91,8.9,42655,25099,-2448,19152
963,GPS,2020-05-26,0 days 15:59:04.671235,354254,8.91,8.9,18616,36378,2752,-2448
964,GPS,2020-05-26,0 days 15:59:05.674704,353006,8.91,8.9,35763,34778,-9324,2752
965,GPS,2020-05-26,0 days 15:59:10.686648,377208,8.91,8.9,26274,34709,4795,-2624
966,GPS,2020-05-26,0 days 15:59:11.688474,376003,8.91,8.9,18159,40229,-1205,4795
967,GPS,2020-05-26,0 days 15:59:35.742514,376123,8.91,8.9,17642,44193,-1085,2515
968,GRUB,2020-05-26,0 days 15:56:03.718104,461171,57.28,57.26,398,400,-133,12089
969,GRUB,2020-05-26,0 days 15:57:33.934834,466153,57.14,57.11,956,100,423,-182
970,GRUB,2020-05-26,0 days 15:57:44.960722,466576,57.16,57.14,100,400,-377,423
971,GRUB,2020-05-26,0 days 15:57:52.979577,469476,57.21,57.16,400,940,-2077,3723
972,GRUB,2020-05-26,0 days 15:58:02.002757,473753,57.19,57.16,399,219,3423,-7177
973,GRUB,2020-05-26,0 days 15:58:03.004742,471876,57.18,57.16,100,308,-1877,3423
974,GRUB,2020-05-26,0 days 15:58:05.010471,466953,57.15,57.12,421,200,6123,-677
975,GRUB,2020-05-26,0 days 15:58:08.017640,466953,57.15,57.13,521,492,2911,-989
976,GRUB,2020-05-26,0 days 15:58:17.038706,466564,57.2,57.14,573,760,-389,1111
977,GRUB,2020-05-26,0 days 15:58:43.102182,473753,57.18,57.15,200,103,3211,-1389
978,GRUB,2020-05-26,0 days 15:58:57.135215,471553,57.15,57.13,655,208,1211,-989
979,GRUB,2020-05-26,0 days 15:59:17.177025,472342,57.2,57.16,200,490,-1411,789
980,GRUB,2020-05-26,0 days 15:59:30.210519,473753,57.19,57.15,312,222,4189,-411
981,GRUB,2020-05-26,0 days 15:59:34.219227,472542,57.2,57.17,197,300,-1211,989
982,GS,2020-05-26,0 days 15:55:01.554648,322482,196.44,196.39,200,164,-966,1004
983,GS,2020-05-26,0 days 15:55:30.626233,323348,196.21,196.2,111,100,120,-436
984,GS,2020-05-26,0 days 15:55:31.628718,323068,196.21,196.2,200,100,-280,120
985,GS,2020-05-26,0 days 15:56:11.724751,328877,196.29,196.23,200,300,1873,-1355
986,GS,2020-05-26,0 days 15:56:12.726604,326150,196.3,196.25,200,400,-2727,1873
987,HAL,2020-05-26,0 days 15:58:24.035387,543946,11.85,11.84,50322,12725,2461,-1000
988,HAL,2020-05-26,0 days 15:59:43.208761,801524,11.85,11.84,57520,18216,-3613,4048
989,HAL,2020-05-26,0 days 15:59:48.219276,793373,11.86,11.85,18798,28905,2312,-67035
990,HBI,2020-05-26,0 days 15:57:34.924139,653053,10.69,10.68,17118,17099,-61,6439
991,HBI,2020-05-26,0 days 15:57:42.944500,647314,10.7,10.69,17788,20507,5739,-61
992,HBI,2020-05-26,0 days 15:57:51.964393,653053,10.7,10.69,27139,20953,-1561,4839
993,HBI,2020-05-26,0 days 15:57:52.966940,649114,10.7,10.69,26239,20587,3939,-1561
994,HBI,2020-05-26,0 days 15:58:16.024266,661211,10.7,10.69,39366,14735,-2059,3841
995,HBI,2020-05-26,0 days 15:58:19.031193,657370,10.7,10.69,39616,15699,3841,-1559
996,HBI,2020-05-26,0 days 15:59:04.140873,702111,10.7,10.69,54358,28108,-30976,11541
997,HBI,2020-05-26,0 days 15:59:05.143590,696487,10.7,10.69,54341,24289,5624,-30976
998,HCA,2020-05-26,0 days 15:59:10.168302,337982,109.13,109.06,700,283,-809,2689
999,HCA,2020-05-26,0 days 15:59:48.244702,336437,109.05,108.99,500,900,-1391,1709
1000,HD,2020-05-26,0 days 15:59:16.171939,605645,242.4,242.35,100,300,-24124,28680
1001,HD,2020-05-26,0 days 15:59:19.178515,614045,242.38,242.24,300,200,-2993,16107
1002,HD,2020-05-26,0 days 15:59:20.179148,612438,242.35,242.24,300,200,1407,-2993
1003,HD,2020-05-26,0 days 15:59:23.190471,605645,242.36,242.21,200,200,-8855,1307
1004,HD,2020-05-26,0 days 15:59:24.187499,604600,242.39,242.3,300,342,1045,-8855
1005,HD,2020-05-26,0 days 15:59:25.189917,598445,242.41,242.31,100,445,-6155,1045
1006,HD,2020-05-26,0 days 15:59:26.192282,597900,242.38,242.31,200,450,4845,-6155
1007,HD,2020-05-26,0 days 15:59:46.241136,614045,242.34,242.28,600,300,-6453,2768
1008,HD,2020-05-26,0 days 15:59:47.243555,607698,242.32,242.23,600,400,6947,-6453
1009,HD,2020-05-26,0 days 15:59:48.246006,614045,242.32,242.29,100,941,-4353,6947
1010,HD,2020-05-26,0 days 15:59:50.254319,592398,242.34,242.24,700,500,22247,-4953
1011,HD,2020-05-26,0 days 15:59:54.263442,590320,242.64,242.36,300,1700,-14367,2589
1012,HL,2020-05-26,0 days 15:59:14.136275,242548,3.13,3.12,122824,143402,-9538,7212
1013,HL,2020-05-26,0 days 15:59:36.187264,265528,3.13,3.12,123543,156843,16520,-18880
1014,HL,2020-05-26,0 days 15:59:37.189304,264248,3.13,3.12,124955,149143,-1280,16520
1015,HL,2020-05-26,0 days 15:59:45.209944,272128,3.13,3.12,100831,149427,7125,-1280
1016,HL,2020-05-26,0 days 15:59:46.210993,271253,3.13,3.12,107921,138015,-16488,7125
1017,HLF,2020-05-26,0 days 15:59:16.170521,774618,42.0,41.99,175,847,315228,-421319
1018,HLT,2020-05-26,0 days 15:57:40.468670,244755,81.83,81.82,100,500,-1026,1174
1019,HLT,2020-05-26,0 days 15:57:42.472972,243381,81.82,81.8,536,100,1374,-626
1020,HLT,2020-05-26,0 days 15:57:53.499128,242281,81.85,81.84,607,1237,2274,-3526
1021,HLT,2020-05-26,0 days 15:58:32.595068,241960,81.84,81.81,5794,797,2640,-1960
1022,HLT,2020-05-26,0 days 15:58:38.609582,244600,81.84,81.82,3457,900,-1360,3040
1023,HLT,2020-05-26,0 days 15:58:39.611222,242360,81.84,81.82,4057,800,2240,-1360
1024,HLT,2020-05-26,0 days 15:58:44.624041,232219,81.81,81.8,100,500,-9041,3040
1025,HLT,2020-05-26,0 days 15:58:45.625783,226560,81.8,81.78,518,1497,5659,-9041
1026,HLT,2020-05-26,0 days 15:59:05.674704,236467,81.78,81.75,500,841,-8200,2107
1027,HLT,2020-05-26,0 days 15:59:06.677102,235375,81.76,81.74,746,100,1092,-8200
1028,HLT,2020-05-26,0 days 15:59:10.686648,237108,81.76,81.73,603,378,-873,1733
1029,HLT,2020-05-26,0 days 15:59:11.688474,235981,81.76,81.73,300,500,1127,-873
1030,HLT,2020-05-26,0 days 15:59:16.698346,237108,81.76,81.73,274,700,-20820,1127
1031,HLT,2020-05-26,0 days 15:59:43.761513,243107,81.58,81.54,1357,300,4207,-4179
1032,HLT,2020-05-26,0 days 15:59:45.766273,239028,81.65,81.6,300,300,-8253,233
1033,HLX,2020-05-26,0 days 15:59:40.229057,127711,3.01,3.0,190414,30707,-1291,2209
1034,HMY,2020-05-26,0 days 15:56:55.842626,31154,3.32,3.31,65960,69468,-8660,271
1035,HOG,2020-05-26,0 days 15:55:47.679783,259507,24.72,24.71,208,2551,-3399,1439
1036,HOG,2020-05-26,0 days 15:55:48.682118,257306,24.72,24.71,945,2240,1501,-3399
1037,HOG,2020-05-26,0 days 15:59:31.211071,272182,24.76,24.75,100,849,1520,-2880
1038,HON,2020-05-26,0 days 15:55:00.565805,383903,145.04,144.99,100,410,-16080,35544
1039,HON,2020-05-26,0 days 15:57:30.928177,405723,144.92,144.9,808,989,277,-2123
1040,HON,2020-05-26,0 days 15:57:31.930668,403800,144.92,144.9,908,989,-1323,277
1041,HON,2020-05-26,0 days 15:59:35.213402,434729,144.91,144.88,1230,120,-3687,6913
1042,HON,2020-05-26,0 days 15:59:40.225858,433816,144.8,144.76,600,400,913,-2987
1043,HP,2020-05-26,0 days 15:55:00.560100,153397,19.47,19.46,2221,400,1328,-15679
1044,HP,2020-05-26,0 days 15:55:01.562605,152525,19.47,19.46,2221,102,-872,1328
1045,HP,2020-05-26,0 days 15:57:55.966565,157466,19.45,19.44,954,1526,859,-141
1046,HP,2020-05-26,0 days 15:58:52.106836,160407,19.45,19.44,991,1210,218,-82
1047,HP,2020-05-26,0 days 15:59:01.124407,160407,19.45,19.44,391,1083,218,-582
1048,HP,2020-05-26,0 days 15:59:04.133549,178725,19.48,19.47,400,479,-82,2718
1049,HP,2020-05-26,0 days 15:59:10.147193,179475,19.45,19.44,1401,1515,750,-750
1050,HP,2020-05-26,0 days 15:59:12.150634,178457,19.45,19.44,1460,1672,-1018,8282
1051,HP,2020-05-26,0 days 15:59:30.178613,175857,19.45,19.44,900,839,-4118,3382
1052,HPQ,2020-05-26,0 days 15:55:00.555161,734391,17.08,17.07,7492,11196,3619,-65215
1053,HPQ,2020-05-26,0 days 15:55:01.558063,721910,17.08,17.07,7651,13503,-12481,3619
1054,HPQ,2020-05-26,0 days 15:57:19.893742,755475,17.04,17.03,15504,7339,584,-7642
1055,HPQ,2020-05-26,0 days 15:59:00.141679,740004,17.04,17.03,7377,28706,-15604,7012
1056,HRL,2020-05-26,0 days 15:55:13.115394,180247,45.6,45.59,4080,700,-2850,935
1057,HRL,2020-05-26,0 days 15:55:14.118339,179597,45.59,45.57,1898,1277,650,-2850
1058,HRL,2020-05-26,0 days 15:57:56.506377,181035,45.71,45.7,3485,1600,386,-714
1059,HRL,2020-05-26,0 days 15:58:02.522100,183635,45.73,45.72,1000,1500,-100,386
1060,HUYA,2020-05-26,0 days 15:55:00.562984,26350,16.36,16.35,6394,3808,-70289,5504
1061,HWM,2020-05-26,0 days 15:58:49.096156,195900,13.07,13.06,1344,2250,-3042,5508
1062,HWM,2020-05-26,0 days 15:59:23.163173,202848,13.06,13.05,2402,3523,33922,-3428
1063,HWM,2020-05-26,0 days 15:59:29.174041,200520,13.06,13.05,279,4806,-2328,1972
1064,IAG,2020-05-26,0 days 15:55:00.737709,50076,3.57,3.56,202157,38681,-2692,737
1065,IAG,2020-05-26,0 days 15:59:36.368646,58587,3.56,3.55,246723,98168,5435,-7165
1066,IBM,2020-05-26,0 days 15:59:16.697802,613465,121.63,121.6,200,200,-23870,32604
1067,IBM,2020-05-26,0 days 15:59:17.698200,597635,121.57,121.55,302,100,16330,-23870
1068,IBM,2020-05-26,0 days 15:59:19.703008,613465,121.63,121.62,200,100,-8970,5104
1069,IBM,2020-05-26,0 days 15:59:20.705931,611545,121.59,121.57,300,100,2440,-8970
1070,IBM,2020-05-26,0 days 15:59:23.713064,613985,121.62,121.59,300,700,-9060,4040
1071,IBM,2020-05-26,0 days 15:59:24.714838,610845,121.61,121.59,400,478,3140,-9060
1072,IBM,2020-05-26,0 days 15:59:34.738886,614085,121.62,121.59,407,1200,-8960,16240
1073,IBM,2020-05-26,0 days 15:59:35.742034,610945,121.6,121.57,2056,300,3140,-8960
1074,IBM,2020-05-26,0 days 15:59:38.748332,614085,121.6,121.58,100,654,-10460,16240
1075,IBM,2020-05-26,0 days 15:59:39.751302,612145,121.62,121.6,100,300,1940,-10460
1076,IBM,2020-05-26,0 days 15:59:49.775523,613032,121.65,121.63,840,620,1088,-4512
1077,IGT,2020-05-26,0 days 15:55:00.565774,340044,8.48,8.47,776,8557,34028,-5784
1078,IGT,2020-05-26,0 days 15:59:00.143457,376088,8.49,8.48,6499,3823,-13711,9089
1079,IGT,2020-05-26,0 days 15:59:01.143700,365199,8.49,8.48,8270,3023,10889,-13711
1080,IGT,2020-05-26,0 days 15:59:11.169095,377988,8.48,8.47,7882,5326,-109300,5061
1081,INFY,2020-05-26,0 days 15:55:00.554935,144580,9.05,9.04,32540,66330,-7235,57439
1082,INFY,2020-05-26,0 days 15:55:01.557995,139615,9.05,9.04,35240,71591,4965,-7235
1083,INFY,2020-05-26,0 days 15:56:19.749152,148191,9.07,9.06,44083,77752,-9467,2033
1084,INFY,2020-05-26,0 days 15:56:20.750309,114658,9.07,9.06,44283,77652,33533,-9467
1085,INFY,2020-05-26,0 days 15:59:01.140254,148191,9.1,9.09,167850,108837,-20409,26791
1086,INFY,2020-05-26,0 days 15:59:02.141758,145500,9.1,9.09,170851,112045,2691,-20409
1087,INFY,2020-05-26,0 days 15:59:29.200770,149569,9.07,9.06,100000,59882,-12883,17217
1088,INFY,2020-05-26,0 days 15:59:30.206817,147952,9.07,9.06,86321,60482,1617,-12883
1089,INFY,2020-05-26,0 days 15:59:45.240532,149569,9.07,9.06,137935,10888,-4333,567
1090,ING,2020-05-26,0 days 15:59:36.222981,86264,6.21,6.2,138246,181187,-19720,23680
1091,ING,2020-05-26,0 days 15:59:37.225460,84884,6.21,6.2,139344,182387,1380,-19720
1092,ING,2020-05-26,0 days 15:59:40.232807,86264,6.21,6.2,134992,155577,-1420,1380
1093,ING,2020-05-26,0 days 15:59:41.235234,84984,6.21,6.2,125367,148077,1280,-1420
1094,IP,2020-05-26,0 days 15:55:46.669083,259886,34.27,34.26,1200,1704,-4457,903
1095,IP,2020-05-26,0 days 15:55:47.672013,258643,34.27,34.26,300,1904,1243,-4457
1096,IP,2020-05-26,0 days 15:57:43.950482,264562,34.28,34.27,1400,471,-1356,844
1097,IP,2020-05-26,0 days 15:57:44.953038,263318,34.27,34.26,676,832,1244,-1356
1098,IP,2020-05-26,0 days 15:57:52.972413,264562,34.28,34.27,762,1631,-756,344
1099,IP,2020-05-26,0 days 15:57:53.975583,264318,34.28,34.27,1269,1631,244,-756
1100,IP,2020-05-26,0 days 15:58:14.025599,264707,34.24,34.23,1700,700,-379,576
1101,IP,2020-05-26,0 days 15:58:17.033596,264707,34.23,34.22,1300,874,-1211,1321
1102,IP,2020-05-26,0 days 15:58:18.037087,264486,34.23,34.22,1200,1085,221,-1211
1103,IP,2020-05-26,0 days 15:58:31.067634,264386,34.26,34.25,500,1100,221,-3179
1104,IP,2020-05-26,0 days 15:58:50.112029,264386,34.28,34.26,1100,981,221,-2779
1105,IP,2020-05-26,0 days 15:59:11.165548,270383,34.25,34.24,160,2055,12130,-750
1106,IP,2020-05-26,0 days 15:59:25.189793,285444,34.29,34.28,457,1793,274,-1044
1107,IP,2020-05-26,0 days 15:59:50.254110,285250,34.3,34.29,1974,1053,523,-782
1108,IPG,2020-05-26,0 days 15:55:40.662526,237847,17.54,17.53,6341,6500,-2291,4328
1109,IPG,2020-05-26,0 days 15:55:41.664822,235038,17.54,17.53,7951,3578,2809,-2291
1110,IPG,2020-05-26,0 days 15:55:46.677189,238248,17.54,17.53,9051,4302,-663,3079
1111,IPG,2020-05-26,0 days 15:55:47.679783,235711,17.54,17.53,8951,4902,2437,-663
1112,IPG,2020-05-26,0 days 15:58:04.007050,236840,17.53,17.52,6046,4700,-262,2238
1113,IPG,2020-05-26,0 days 15:58:05.010537,234702,17.53,17.52,7205,2401,838,-262
1114,IPG,2020-05-26,0 days 15:59:08.162394,236119,17.52,17.51,11196,4644,-5614,1650
1115,IR,2020-05-26,0 days 15:59:20.179208,500772,30.37,30.36,692,2640,-1168,6123
1116,IR,2020-05-26,0 days 15:59:45.240657,501972,30.36,30.34,700,1803,-2510,1690
1117,IR,2020-05-26,0 days 15:59:48.246093,497482,30.36,30.34,349,1929,4525,-2505
1118,ITUB,2020-05-26,0 days 15:59:07.119311,462421,4.23,4.22,311128,362662,-24903,42206
1119,IVR,2020-05-26,0 days 15:59:16.176618,132086,2.88,2.87,43163,59222,-2709,6688
1120,IVR,2020-05-26,0 days 15:59:17.176689,129295,2.88,2.87,41484,55107,2791,-2709
1121,IVZ,2020-05-26,0 days 15:56:19.714996,294323,8.06,8.05,26422,19817,462,-545
1122,IVZ,2020-05-26,0 days 15:56:20.716620,292285,8.06,8.05,26538,19817,-2038,462
1123,IVZ,2020-05-26,0 days 15:57:06.827281,294323,8.06,8.05,29781,23748,2162,-1138
1124,IVZ,2020-05-26,0 days 15:57:07.830152,293185,8.06,8.05,28481,24448,-1138,2162
1125,IVZ,2020-05-26,0 days 15:59:07.119052,294168,8.07,8.06,25533,30747,-515,771
1126,IVZ,2020-05-26,0 days 15:59:11.128575,294683,8.07,8.06,26870,32590,22703,-515
1127,JCI,2020-05-26,0 days 15:55:00.565612,244363,31.09,31.08,3945,3544,-24061,10249
1128,JCI,2020-05-26,0 days 15:55:50.688540,277563,31.05,31.04,8680,4200,8880,-2972
1129,JCI,2020-05-26,0 days 15:55:51.690559,275643,31.05,31.04,2683,3915,-1920,8880
1130,JCI,2020-05-26,0 days 15:55:52.693819,277563,31.05,31.04,3942,4038,5395,-1920
1131,JCI,2020-05-26,0 days 15:55:53.698273,276258,31.06,31.05,6910,687,-1305,5395
1132,JCI,2020-05-26,0 days 15:57:20.903704,279695,31.07,31.06,10499,2768,1663,-1437
1133,JCI,2020-05-26,0 days 15:57:21.906317,278658,31.07,31.06,1524,6105,-537,1663
1134,JCI,2020-05-26,0 days 15:57:33.934500,284355,31.07,31.06,5131,2481,7403,-537
1135,JCI,2020-05-26,0 days 15:57:34.936287,283158,31.07,31.06,4721,2846,-697,7403
1136,JCI,2020-05-26,0 days 15:58:55.127885,284303,31.07,31.06,5030,8213,-1947,1953
1137,JCI,2020-05-26,0 days 15:59:23.185517,319511,31.05,31.04,8045,2529,580,-3576
1138,JCI,2020-05-26,0 days 15:59:31.203016,315291,31.05,31.04,8359,1670,-3288,1512
1139,JCI,2020-05-26,0 days 15:59:43.231806,318579,31.04,31.03,4737,9433,1629,-2668
1140,JCI,2020-05-26,0 days 15:59:47.241020,320311,31.05,31.04,3339,9938,1798,-1339
1141,JCI,2020-05-26,0 days 15:59:48.244981,317939,31.05,31.04,1439,10494,-2372,1798
1142,JCI,2020-05-26,0 days 15:59:49.247604,320311,31.05,31.04,4839,9184,88,-2372
1143,JCI,2020-05-26,0 days 15:59:50.251804,315599,31.05,31.04,4109,6900,-4712,88
1144,JNJ,2020-05-26,0 days 15:55:00.564456,885364,144.56,144.51,500,700,-257567,62977
1145,JNJ,2020-05-26,0 days 15:59:23.194288,1150157,144.43,144.4,200,300,-5190,3010
1146,JNJ,2020-05-26,0 days 15:59:40.232900,1154947,144.41,144.38,200,1732,4230,-470
1147,JNJ,2020-05-26,0 days 15:59:41.235315,1150577,144.41,144.4,508,210,-5142,4230
1148,JNJ,2020-05-26,0 days 15:59:49.245344,1158497,144.47,144.44,200,1167,9220,-11279
1149,JNPR,2020-05-26,0 days 15:55:47.673452,360383,23.32,23.31,8518,5960,-25920,12180
1150,JNPR,2020-05-26,0 days 15:55:48.675583,356403,23.31,23.3,9691,2500,3980,-25920
1151,JNPR,2020-05-26,0 days 15:55:50.679978,360383,23.31,23.3,9491,4103,-2466,3980
1152,JNPR,2020-05-26,0 days 15:55:51.682720,357049,23.31,23.3,8253,10932,3334,-2466
1153,JNPR,2020-05-26,0 days 15:57:33.927471,364638,23.29,23.28,8263,2374,-6949,3496
1154,JNPR,2020-05-26,0 days 15:57:34.929424,360987,23.29,23.28,8667,2874,3651,-6949
1155,JNPR,2020-05-26,0 days 15:59:06.150979,376890,23.26,23.25,8239,4479,9375,-2304
1156,JNPR,2020-05-26,0 days 15:59:11.163398,391265,23.26,23.25,8028,3362,-9008,2675
1157,JNPR,2020-05-26,0 days 15:59:46.240607,490853,23.24,23.23,9993,8859,3384,-78373
1158,JNPR,2020-05-26,0 days 15:59:48.246880,489972,23.24,23.23,8938,4630,-581,4120
1159,JWN,2020-05-26,0 days 15:59:46.240639,282529,16.79,16.78,6275,4788,3587,-7413
1160,KDMN,2020-05-26,0 days 15:59:06.117626,79463,4.6,4.59,9963,5711,950,-1850
1161,KDMN,2020-05-26,0 days 15:59:33.180727,80758,4.6,4.59,14190,4765,727,-873
1162,KDP,2020-05-26,0 days 15:59:59.800993,1559053,26.93,26.92,37957,5423,32778,-2122
1163,KEY,2020-05-26,0 days 15:59:16.170462,745326,11.87,11.86,25706,74058,21930,-20588
1164,KEY,2020-05-26,0 days 15:59:17.170914,724056,11.88,11.87,12945,83681,-21270,21930
1165,KGC,2020-05-26,0 days 15:57:34.934983,197936,6.66,6.65,124882,138173,48708,-6692
1166,KGC,2020-05-26,0 days 15:57:35.937156,191244,6.66,6.65,110782,144277,-6692,48708
1167,KGC,2020-05-26,0 days 15:57:50.954674,197936,6.66,6.65,105964,153623,48208,-6392
1168,KGC,2020-05-26,0 days 15:57:51.957440,133744,6.66,6.65,102864,153123,-64192,48208
1169,KGC,2020-05-26,0 days 15:59:48.219375,212265,6.66,6.65,9996,154235,-601,4999
1170,KIM,2020-05-26,0 days 15:57:03.380211,346840,12.26,12.25,10246,15060,-14109,131
1171,KIM,2020-05-26,0 days 15:57:04.381849,345749,12.26,12.25,10256,16360,1091,-14109
1172,KIM,2020-05-26,0 days 15:57:40.468670,346840,12.24,12.23,15306,8979,-1989,1411
1173,KIM,2020-05-26,0 days 15:57:41.470446,345729,12.24,12.23,14322,9679,1111,-1989
1174,KIM,2020-05-26,0 days 15:57:46.482190,346840,12.24,12.23,14015,10412,-2289,1111
1175,KIM,2020-05-26,0 days 15:57:47.485092,346029,12.24,12.23,11549,11712,811,-2289
1176,KIM,2020-05-26,0 days 15:57:49.490365,346840,12.24,12.23,13554,9979,-589,511
1177,KIM,2020-05-26,0 days 15:57:52.496619,346229,12.25,12.24,12824,6697,611,-1089
1178,KIM,2020-05-26,0 days 15:57:54.502324,346840,12.25,12.24,13024,7235,-2889,611
1179,KIM,2020-05-26,0 days 15:59:45.766308,586982,12.26,12.25,52085,9123,11413,-7553
1180,KMI,2020-05-26,0 days 15:55:00.554898,817830,15.79,15.78,17677,17536,22752,-44231
1181,KMI,2020-05-26,0 days 15:58:21.043514,877535,15.77,15.76,7820,27887,-3205,10395
1182,KMI,2020-05-26,0 days 15:58:22.045398,868440,15.77,15.76,11347,32137,9095,-3205
1183,KMI,2020-05-26,0 days 15:59:17.171958,918626,15.77,15.76,16097,21632,-9854,7146
1184,KMI,2020-05-26,0 days 15:59:18.173427,911380,15.77,15.76,15781,20469,7266,-9854
1185,KMI,2020-05-26,0 days 15:59:46.241014,917354,15.79,15.78,15339,29052,-1259,949
1186,KMI,2020-05-26,0 days 15:59:48.245887,914011,15.79,15.78,14696,28580,2178,-6452
1187,KO,2020-05-26,0 days 15:55:13.593679,2173225,46.05,46.04,15136,985,-1778,2599
1188,KO,2020-05-26,0 days 15:55:14.596880,2167909,46.03,46.02,6266,500,5316,-1778
1189,KO,2020-05-26,0 days 15:55:42.664993,2175174,46.08,46.07,5276,5156,-4293,2007
1190,KO,2020-05-26,0 days 15:55:44.670038,2172117,46.07,46.06,5694,3600,3057,-243
1191,KO,2020-05-26,0 days 15:55:50.684921,2185210,46.06,46.05,5526,6803,-2690,5295
1192,KO,2020-05-26,0 days 15:55:51.687490,2182400,46.06,46.05,7108,7203,2810,-2690
1193,KO,2020-05-26,0 days 15:56:27.773005,2178308,46.1,46.09,6422,7400,2250,-2250
1194,KO,2020-05-26,0 days 15:57:33.932714,2183258,46.09,46.08,6000,3465,-38542,4810
1195,KO,2020-05-26,0 days 15:57:34.935044,2177400,46.08,46.07,8677,1600,5558,-38542
1196,KO,2020-05-26,0 days 15:57:35.937259,2183258,46.08,46.07,3300,5007,-5742,5558
1197,KO,2020-05-26,0 days 15:57:37.941953,2180700,46.09,46.08,4101,5400,3723,-4942
1198,KO,2020-05-26,0 days 15:57:43.955321,2182023,46.1,46.09,7102,4099,-4785,551
1199,KO,2020-05-26,0 days 15:57:52.959487,2181623,46.12,46.11,3921,5219,-5749,18051
1200,KO,2020-05-26,0 days 15:58:02.985034,2183372,46.11,46.1,13563,2998,651,-19185
1201,KO,2020-05-26,0 days 15:58:08.999068,2195849,46.09,46.08,10522,2606,-4351,1349
1202,KO,2020-05-26,0 days 15:58:14.011149,2195849,46.09,46.08,15559,522,-9851,1249
1203,KO,2020-05-26,0 days 15:58:15.013586,2194200,46.07,46.06,7991,2500,1694,-9851
1204,KO,2020-05-26,0 days 15:58:25.037931,2190200,46.09,46.08,3629,9465,1294,-13106
1205,KO,2020-05-26,0 days 15:58:47.091194,2207346,46.07,46.06,2200,8783,-24454,5646
1206,KO,2020-05-26,0 days 15:58:48.093602,2204600,46.07,46.06,3629,11383,2746,-24454
1207,KO,2020-05-26,0 days 15:58:49.096255,2195894,46.08,46.07,600,9206,-8706,2746
1208,KO,2020-05-26,0 days 15:59:04.133644,2233246,46.08,46.07,6605,1294,-23657,35043
1209,KO,2020-05-26,0 days 15:59:11.149312,2240631,46.07,46.06,6005,6757,4242,-6258
1210,KO,2020-05-26,0 days 15:59:16.157364,2233441,46.08,46.07,627,9720,-101775,4262
1211,KO,2020-05-26,0 days 15:59:33.184117,2289492,46.08,46.07,11534,3353,5146,-60654
1212,KO,2020-05-26,0 days 15:59:38.195626,2259697,46.07,46.06,6540,9000,-32695,29005
1213,KO,2020-05-26,0 days 15:59:41.203458,2291897,46.06,46.05,10213,6500,-1814,26605
1214,KO,2020-05-26,0 days 15:59:47.217441,2319218,46.06,46.05,11760,1357,18614,-4476
1215,KO,2020-05-26,0 days 15:59:48.219534,2315832,46.06,46.05,9672,1700,-8171,18614
1216,KR,2020-05-26,0 days 15:57:48.930356,985290,31.38,31.37,3987,4051,3468,-14232
1217,KR,2020-05-26,0 days 15:57:49.931895,979658,31.39,31.38,1659,6589,-5632,3468
1218,KR,2020-05-26,0 days 15:58:01.961535,985290,31.39,31.38,3237,2211,7868,-2832
1219,KR,2020-05-26,0 days 15:58:02.964614,979958,31.39,31.38,2905,2811,-5332,7868
1220,KR,2020-05-26,0 days 15:58:15.996538,980660,31.38,31.37,1505,3707,-4630,170
1221,KR,2020-05-26,0 days 15:59:11.129655,1066407,31.38,31.37,7264,3386,9416,-13356
1222,KR,2020-05-26,0 days 15:59:12.131257,1062033,31.38,31.37,2267,3889,-4374,9416
1223,KR,2020-05-26,0 days 15:59:35.185243,1056856,31.39,31.38,2462,3591,-9551,9649
1224,KSS,2020-05-26,0 days 15:59:17.177099,459203,19.41,19.4,5415,9539,62931,-18474
1225,KSS,2020-05-26,0 days 15:59:47.248655,498636,19.45,19.44,3890,5919,2343,-46
1226,LB,2020-05-26,0 days 15:55:00.559913,233820,16.7,16.69,8720,6466,6557,-17769
1227,LB,2020-05-26,0 days 15:55:01.562505,231777,16.7,16.69,11198,6879,-2043,6557
1228,LEN,2020-05-26,0 days 15:58:14.010895,470396,61.63,61.62,1011,308,-534,6421
1229,LEN,2020-05-26,0 days 15:58:53.105621,464230,61.65,61.64,600,499,6166,-5134
1230,LEN,2020-05-26,0 days 15:59:45.213233,491138,61.69,61.68,800,1200,-721,1779
1231,LEN,2020-05-26,0 days 15:59:48.219209,489910,61.69,61.68,606,324,1263,-3837
