,Symbol,Timestamp,TIME,iPaired,Ask_P,Bid_P,Ask_S,Bid_S,iShares,PreviShares
0,AMX,2020-05-20,0 days 15:59:58.281311,137163,12.91,12.9,27672,44908,5449,-3509
1,AZUL,2020-05-20,0 days 15:59:57.235281,17165,8.04,8.02,19431,2410,-329,6610
2,BABA,2020-05-20,0 days 15:59:54.237837,898601,216.98,216.87,400,100,-1052,33439
3,BABA,2020-05-20,0 days 15:59:55.239433,874116,216.93,216.85,400,1600,24485,-1052
4,BAC,2020-05-20,0 days 15:59:45.248902,2510431,22.91,22.9,192855,28264,410,-1539
5,BK,2020-05-20,0 days 15:59:52.231916,828586,34.83,34.82,464,4708,107,-1393
6,BMY,2020-05-20,0 days 15:55:50.698015,1749581,61.66,61.65,948,4777,413,-1975
7,BRK.B,2020-05-20,0 days 15:52:03.090439,474755,175.73,175.71,268,300,-1285,2773
8,BRK.B,2020-05-20,0 days 15:52:05.095460,472040,175.69,175.66,200,100,2715,-1285
9,BUD,2020-05-20,0 days 15:52:58.268047,40685,42.18,42.17,1200,100,-108,231
10,BUD,2020-05-20,0 days 15:58:09.000896,40946,42.17,42.16,600,450,231,-108
11,BX,2020-05-20,0 days 15:59:40.178644,152653,54.33,54.32,1945,275,-632,84
12,BX,2020-05-20,0 days 16:00:00.226537,150891,54.26,54.25,7187,700,1762,-232
13,CBRE,2020-05-20,0 days 15:59:15.142743,544885,39.64,39.63,460,306,-36951,127911
14,CFG,2020-05-20,0 days 15:59:40.195092,309469,21.65,21.64,6444,4788,236,-1004
15,CNC,2020-05-20,0 days 15:59:03.105568,323375,65.29,65.27,200,473,2028,-3472
16,CNC,2020-05-20,0 days 15:59:05.110257,320980,65.34,65.32,747,564,-2395,1828
17,CPB,2020-05-20,0 days 15:59:51.220728,408875,48.15,48.14,100,240,235,-4417
18,CPB,2020-05-20,0 days 15:59:55.229613,408875,48.17,48.13,300,438,235,-2503
19,CPB,2020-05-20,0 days 15:59:58.237241,402234,48.16,48.15,400,100,-6641,235
20,DFS,2020-05-20,0 days 15:50:11.826419,193736,41.04,41.03,100,400,13301,-36456
21,DFS,2020-05-20,0 days 15:50:35.883012,207037,41.07,41.05,627,200,-36456,13301
22,ETRN,2020-05-20,0 days 15:59:52.244975,225891,8.0,7.99,10257,2834,-2266,8015
23,FNB,2020-05-20,0 days 15:59:51.264726,396390,7.13,7.12,26535,17554,-1769,44232
24,GPK,2020-05-20,0 days 16:00:00.240073,152668,13.49,13.48,14943,14095,-5324,3233
25,GSX,2020-05-20,0 days 15:50:31.903616,17725,30.33,30.31,634,900,43650,-7967
26,GSX,2020-05-20,0 days 15:51:59.111982,17725,30.46,30.43,1100,1617,41850,-26767
27,GSX,2020-05-20,0 days 15:52:10.139346,64375,30.45,30.43,499,1523,-42767,41850
28,GSX,2020-05-20,0 days 15:52:12.142829,17725,30.46,30.45,400,700,41643,-42767
29,GSX,2020-05-20,0 days 15:52:19.159803,17725,30.55,30.52,300,2112,41643,-47774
30,GSX,2020-05-20,0 days 15:52:24.172015,59768,30.55,30.53,1000,1412,-47374,41643
31,GSX,2020-05-20,0 days 15:52:25.173400,17725,30.6,30.56,300,1800,40043,-47374
32,GSX,2020-05-20,0 days 15:52:32.191079,60768,30.61,30.6,300,1107,-46374,40043
33,GSX,2020-05-20,0 days 15:52:44.217638,17725,30.56,30.54,404,600,41643,-46374
34,GSX,2020-05-20,0 days 15:52:48.227165,62368,30.55,30.5,905,1000,-44774,41643
35,GSX,2020-05-20,0 days 15:53:38.345957,60768,30.59,30.56,400,2424,-46374,40043
36,GSX,2020-05-20,0 days 15:54:01.402990,60768,30.59,30.56,100,400,-46374,41643
37,GSX,2020-05-20,0 days 15:54:10.422725,17725,30.65,30.62,572,500,40043,-46374
38,GSX,2020-05-20,0 days 15:54:19.444021,60768,30.65,30.62,1679,862,-46374,40043
39,GSX,2020-05-20,0 days 15:54:24.456814,17725,30.63,30.62,2010,824,40043,-45874
40,GSX,2020-05-20,0 days 15:54:28.465427,61268,30.62,30.52,900,800,-45874,40043
41,GSX,2020-05-20,0 days 15:55:14.575904,61268,30.57,30.53,300,700,-45874,40043
42,GSX,2020-05-20,0 days 15:56:51.808431,61268,30.58,30.56,400,800,-45874,40043
43,GSX,2020-05-20,0 days 15:57:34.903373,61268,30.59,30.54,1000,500,-45874,40043
44,GSX,2020-05-20,0 days 15:59:26.168773,17725,30.6,30.59,601,100,40043,-45874
45,GSX,2020-05-20,0 days 15:59:27.170791,61268,30.65,30.62,200,500,-45874,40043
46,INVH,2020-05-20,0 days 15:59:51.230206,876455,24.77,24.76,1514,2819,-24943,41275
47,JNJ,2020-05-20,0 days 15:59:16.185208,748347,147.74,147.71,397,300,712,-36076
48,JNJ,2020-05-20,0 days 15:59:17.186986,739059,147.78,147.75,511,314,-9288,712
49,JNJ,2020-05-20,0 days 15:59:31.227314,748347,147.7,147.68,100,210,750,-9298
50,KAR,2020-05-20,0 days 16:00:00.239745,433418,12.72,12.71,4104,42593,15510,-7480
51,KMI,2020-05-20,0 days 15:59:51.220815,3178337,15.67,15.66,7160,34386,-20897,164603
52,KMI,2020-05-20,0 days 16:00:00.239516,3178437,15.65,15.64,40020,226810,-30292,21454
53,KO,2020-05-20,0 days 15:59:51.219794,1350776,45.89,45.88,8412,4500,19382,-6732
54,LB,2020-05-20,0 days 15:59:44.200762,302454,12.27,12.25,3847,2100,-15748,5445
55,MCD,2020-05-20,0 days 15:59:46.230281,513640,184.37,184.33,148,200,-1519,3358
56,MCD,2020-05-20,0 days 15:59:57.258055,512006,184.14,183.97,6171,595,1634,-9636
57,MCD,2020-05-20,0 days 15:59:59.261997,513640,184.08,183.99,1500,5110,-6366,1634
58,MDT,2020-05-20,0 days 16:00:00.239821,418736,98.08,98.06,205,979,3361,-600
59,MO,2020-05-20,0 days 15:59:15.157468,547849,37.78,37.77,3785,1600,8071,-6692
60,MPC,2020-05-20,0 days 15:59:15.157628,4532320,37.0,36.99,2400,500,-252793,357581
61,MRK,2020-05-20,0 days 15:59:15.131980,1515805,76.92,76.91,647,2899,2954,-3917
62,MS,2020-05-20,0 days 15:57:31.929762,1222677,41.05,41.04,6600,16008,-49900,12795
63,MUR,2020-05-20,0 days 15:59:52.269032,147343,12.52,12.51,4701,1623,-1985,2592
64,NI,2020-05-20,0 days 15:50:01.846561,114282,22.99,22.98,2900,1926,1026,-174
65,NIO,2020-05-20,0 days 15:59:47.209901,266527,3.49,3.48,291397,159529,-23061,21145
66,OLN,2020-05-20,0 days 16:00:00.288547,177235,11.46,11.45,17291,8604,-5167,4322
67,PFE,2020-05-20,0 days 15:57:30.928231,2030752,37.67,37.66,8408,14618,-1337,38198
68,PFE,2020-05-20,0 days 15:59:31.219363,2018579,37.66,37.65,21000,6234,12336,-33281
69,PG,2020-05-20,0 days 15:59:51.268407,840963,113.29,113.27,100,900,15469,-10848
70,PGR,2020-05-20,0 days 15:50:55.930748,320213,74.95,74.93,100,300,2294,-11806
71,PHM,2020-05-20,0 days 15:59:47.219293,606953,31.44,31.43,2136,1139,1938,-2661
72,PHM,2020-05-20,0 days 15:59:51.230625,606953,31.44,31.43,577,1220,6099,-2661
73,PK,2020-05-20,0 days 15:59:51.244462,289358,9.5,9.49,200,54526,-12022,15658
74,PNC,2020-05-20,0 days 15:58:50.096869,159730,104.39,104.35,400,100,7631,-22369
75,PNC,2020-05-20,0 days 15:58:54.105376,167361,104.43,104.4,300,200,-22369,7631
76,PNC,2020-05-20,0 days 15:58:59.118412,159730,104.43,104.37,201,100,7631,-22369
77,PNC,2020-05-20,0 days 15:59:05.133110,169235,104.44,104.4,200,705,-20495,9031
78,PNC,2020-05-20,0 days 15:59:51.244490,174295,104.48,104.37,300,500,-15435,14565
79,PNC,2020-05-20,0 days 15:59:54.251624,159730,104.49,104.36,400,400,14565,-17935
80,PNC,2020-05-20,0 days 15:59:55.252950,172995,104.5,104.36,708,704,-16735,14565
81,PNC,2020-05-20,0 days 15:59:56.255795,159730,104.48,104.36,500,404,14565,-16735
82,PNC,2020-05-20,0 days 15:59:57.258116,172995,104.48,104.36,400,200,-16735,14565
83,PNC,2020-05-20,0 days 15:59:59.262087,159730,104.42,104.39,300,716,14565,-16735
84,PNC,2020-05-20,0 days 16:00:00.263583,174364,104.41,104.39,200,7270,-15366,14565
85,RRC,2020-05-20,0 days 15:59:40.204285,2204115,5.86,5.85,30715,8116,-2873,277
86,RTX,2020-05-20,0 days 15:57:30.899307,1014456,57.77,57.76,1658,2607,4389,-34239
87,RTX,2020-05-20,0 days 15:59:01.110170,1017556,57.79,57.78,500,1016,7920,-2208
88,SCHW,2020-05-20,0 days 15:57:32.912717,443545,33.62,33.61,2631,9546,5028,-1575
89,SCHW,2020-05-20,0 days 15:57:49.953166,440770,33.65,33.64,311,8833,-3075,4928
90,SCHW,2020-05-20,0 days 15:59:01.124834,443845,33.67,33.66,8528,9348,523,-1680
91,SQ,2020-05-20,0 days 15:57:32.932652,258611,82.01,82.0,200,100,-189,1490
92,SWN,2020-05-20,0 days 15:59:51.230329,1165629,2.92,2.91,161932,35282,-130027,15737
93,T,2020-05-20,0 days 15:59:36.182850,3140529,29.6,29.59,32278,19700,-13918,25784
94,T,2020-05-20,0 days 15:59:44.200827,3160547,29.59,29.58,32219,22822,10844,-12218
95,TSN,2020-05-20,0 days 16:00:00.251491,239757,60.65,60.64,5181,7977,2907,-1333
96,TWLO,2020-05-20,0 days 15:51:15.996476,642773,192.07,192.03,100,100,4727,-2586
97,TWTR,2020-05-20,0 days 15:55:12.599536,1268237,32.26,32.25,6008,3206,1439,-10315
98,UA,2020-05-20,0 days 15:59:49.224366,122494,7.47,7.46,30678,16980,6602,-318
99,UAA,2020-05-20,0 days 15:58:41.101823,556751,8.23,8.22,30009,40312,14201,-5081
100,UNH,2020-05-20,0 days 15:50:27.898023,459344,287.04,286.99,300,100,1175,-1025
101,UNH,2020-05-20,0 days 15:54:54.532386,460484,287.34,287.22,200,400,-1120,1075
102,UNM,2020-05-20,0 days 15:57:33.938452,324896,14.59,14.58,3754,5697,597,-2117
103,UNM,2020-05-20,0 days 15:57:34.941059,323279,14.61,14.6,1071,958,-1617,597
104,UNM,2020-05-20,0 days 16:00:00.287724,324896,14.64,14.63,26632,31855,1726,-2084
105,V,2020-05-20,0 days 15:59:15.140174,1265041,193.29,193.28,500,1064,22923,-407311
106,VALE,2020-05-20,0 days 15:59:51.230389,589336,9.27,9.26,264913,262872,32407,-76390
107,VLO,2020-05-20,0 days 16:00:00.263685,308609,67.34,67.32,16615,290,10376,-3857
108,VZ,2020-05-20,0 days 15:59:51.219531,2346597,54.26,54.25,6528,4434,17534,-32409
109,XOM,2020-05-20,0 days 15:59:03.147414,1128088,45.42,45.41,8162,1888,8046,-3780
