,Symbol,Timestamp,TIME,iPaired,Ask_P,Bid_P,Ask_S,Bid_S,iShares,PreviShares
0,AA,2020-02-04,0 days 15:55:54.325079,119468,14.71,14.7,8711,7352,2626,-574
1,AA,2020-02-04,0 days 15:55:55.328742,117694,14.71,14.7,8511,7552,-1774,2626
2,AA,2020-02-04,0 days 15:57:05.497102,120368,14.72,14.71,14738,9059,4981,-2419
3,AA,2020-02-04,0 days 15:57:06.499878,117949,14.72,14.71,15213,9359,-2419,4981
4,AA,2020-02-04,0 days 15:57:38.577279,118208,14.68,14.67,19397,18311,-4522,2078
5,AA,2020-02-04,0 days 15:58:05.643594,126196,14.7,14.69,3763,10044,9157,-1388
6,AA,2020-02-04,0 days 15:58:06.646059,126053,14.7,14.69,6163,9280,-143,9157
7,AA,2020-02-04,0 days 15:58:15.667404,126596,14.7,14.69,9533,11150,557,-543
8,AA,2020-02-04,0 days 15:58:16.669822,126053,14.7,14.69,9618,10008,-543,557
9,AA,2020-02-04,0 days 15:58:18.675120,126596,14.7,14.69,9959,10375,157,-543
10,AA,2020-02-04,0 days 15:58:19.676952,126053,14.7,14.69,10631,8414,-543,157
11,AA,2020-02-04,0 days 15:58:21.682202,126596,14.7,14.69,7664,11408,457,-543
12,AA,2020-02-04,0 days 15:58:23.686536,126353,14.7,14.69,8801,10608,-243,457
13,AA,2020-02-04,0 days 15:58:30.703721,126596,14.7,14.69,13640,5703,3657,-243
14,AA,2020-02-04,0 days 15:58:31.706115,125653,14.7,14.69,13740,5803,-943,3657
15,AA,2020-02-04,0 days 15:59:10.801352,128400,14.7,14.69,9120,4473,-437,4
16,AA,2020-02-04,0 days 15:59:12.806324,128837,14.7,14.69,9467,4505,9817,-457
17,AA,2020-02-04,0 days 15:59:34.858927,138554,14.69,14.68,8347,5698,-592,6508
18,AA,2020-02-04,0 days 15:59:35.861266,138146,14.69,14.68,8527,5898,408,-592
19,AAN,2020-02-04,0 days 15:55:03.076685,59963,55.31,55.24,1122,1104,2333,-1367
20,AAN,2020-02-04,0 days 15:55:32.147156,62996,55.2,55.18,1173,135,-7583,333
21,AAN,2020-02-04,0 days 15:55:53.197369,70779,55.14,55.06,401,396,18,-382
22,AAN,2020-02-04,0 days 15:55:54.200050,70097,55.14,55.07,600,476,-1482,18
23,AAN,2020-02-04,0 days 15:56:32.291333,69540,54.98,54.97,302,100,3693,-607
24,AAN,2020-02-04,0 days 15:56:33.293575,68933,55.02,54.97,300,500,-607,3693
25,AAN,2020-02-04,0 days 15:57:04.369551,72420,55.02,54.98,10,440,368,-351
26,AAN,2020-02-04,0 days 15:57:06.374363,72388,55.1,55.06,300,300,-4132,368
27,AAN,2020-02-04,0 days 15:57:09.381757,75220,55.15,55.11,200,100,559,-181
28,AAN,2020-02-04,0 days 15:57:13.390764,76916,55.15,55.11,801,523,-450,2022
29,AAN,2020-02-04,0 days 15:57:14.393220,76766,55.15,55.11,801,686,50,-450
30,AAN,2020-02-04,0 days 15:57:30.432324,77428,55.11,55.07,200,440,-94,320
31,AAN,2020-02-04,0 days 15:57:31.435459,77122,55.11,55.07,300,200,306,-94
32,AAN,2020-02-04,0 days 15:57:35.444537,77528,55.11,55.07,300,247,-894,306
33,AAN,2020-02-04,0 days 15:57:36.446907,77222,55.1,55.07,195,291,206,-894
34,AAN,2020-02-04,0 days 15:57:37.450106,77528,55.1,55.07,204,391,-331,206
35,AAN,2020-02-04,0 days 15:57:38.452170,77259,55.1,55.07,204,302,169,-331
36,AAN,2020-02-04,0 days 15:57:44.466680,77028,55.11,55.08,200,200,-545,169
37,AAN,2020-02-04,0 days 15:57:45.468691,76873,55.11,55.07,100,1172,55,-545
38,AAN,2020-02-04,0 days 15:57:47.473548,77028,55.11,55.07,100,1172,-1045,55
39,AAN,2020-02-04,0 days 15:57:48.476179,76873,55.1,55.07,100,1172,55,-1045
40,AAN,2020-02-04,0 days 15:58:04.515880,76928,55.14,55.11,622,211,-159,1355
41,AAN,2020-02-04,0 days 15:58:06.520345,78149,55.14,55.11,400,1311,25,-1421
42,AAN,2020-02-04,0 days 15:58:07.523557,77974,55.14,55.11,400,1315,-175,25
43,AAN,2020-02-04,0 days 15:58:37.595344,83235,55.18,55.15,183,600,1039,-1775
44,AAN,2020-02-04,0 days 15:58:38.597420,82674,55.18,55.15,183,600,-561,1039
45,AAN,2020-02-04,0 days 15:59:26.713797,82410,55.23,55.21,279,1651,373,-1827
46,AAN,2020-02-04,0 days 15:59:29.721085,80783,55.28,55.22,660,736,-1806,2773
47,ABB,2020-02-04,0 days 15:56:51.349063,32954,24.09,24.08,14751,32245,532,-1198
48,ABB,2020-02-04,0 days 15:56:52.351819,31786,24.09,24.08,6751,35045,-1168,532
49,ABB,2020-02-04,0 days 15:57:57.509537,33354,24.1,24.09,29262,20118,6815,-9288
50,ABB,2020-02-04,0 days 15:57:58.512027,22869,24.1,24.09,17578,21832,-10485,6815
51,ABB,2020-02-04,0 days 15:59:00.662994,40198,24.1,24.09,14230,21869,2541,-1429
52,ABB,2020-02-04,0 days 15:59:01.665493,39339,24.1,24.09,13492,27307,-859,2541
53,ABB,2020-02-04,0 days 15:59:05.675997,40198,24.1,24.09,16995,21798,6358,-859
54,ABB,2020-02-04,0 days 15:59:06.678285,37956,24.1,24.09,17150,21100,-2242,6358
55,ABB,2020-02-04,0 days 15:59:24.721678,40388,24.1,24.09,8010,20785,1170,-2432
56,ABBV,2020-02-04,0 days 15:59:06.681616,814444,84.32,84.31,454,2409,2575,-32708
57,ABBV,2020-02-04,0 days 15:59:12.696262,774946,84.36,84.35,534,1600,-22957,17428
58,ABBV,2020-02-04,0 days 15:59:15.705393,797903,84.37,84.36,900,1200,15753,-2923
59,ABBV,2020-02-04,0 days 15:59:16.706147,792544,84.36,84.35,500,2647,-5359,15753
60,ABBV,2020-02-04,0 days 15:59:27.732329,828264,84.38,84.37,282,2008,7323,-34435
61,ABBV,2020-02-04,0 days 15:59:28.734006,822345,84.39,84.38,717,1179,-5919,7323
62,ABBV,2020-02-04,0 days 15:59:44.774029,823550,84.37,84.36,100,1100,-4459,43827
63,ABEV,2020-02-04,0 days 15:55:01.001763,341754,4.11,4.1,672308,305755,-95312,92950
64,ABEV,2020-02-04,0 days 15:58:37.522546,465570,4.09,4.08,1019554,520073,12245,-3655
65,ABEV,2020-02-04,0 days 15:58:53.560511,493915,4.09,4.08,866965,732254,-35664,12245
66,ABT,2020-02-04,0 days 15:55:01.001537,412585,88.35,88.34,1312,843,99312,-159801
67,ABT,2020-02-04,0 days 15:55:02.001368,411838,88.36,88.35,797,587,-747,99312
68,ABT,2020-02-04,0 days 15:55:10.022443,410238,88.32,88.31,921,901,-1794,6
69,ABT,2020-02-04,0 days 15:57:41.386405,473576,88.27,88.26,2274,384,566,-234
70,ABT,2020-02-04,0 days 15:57:42.389068,469242,88.27,88.26,2533,581,-4334,566
71,ABT,2020-02-04,0 days 15:58:02.437762,469742,88.24,88.23,1918,534,-210,3766
72,ABT,2020-02-04,0 days 15:58:06.447723,472152,88.24,88.23,2914,756,3745,-1810
73,ABT,2020-02-04,0 days 15:58:07.450497,469897,88.24,88.23,2696,1009,-2255,3745
74,ABT,2020-02-04,0 days 15:58:08.452611,472152,88.24,88.23,3453,1106,745,-2255
75,ABT,2020-02-04,0 days 15:58:09.455285,472097,88.25,88.24,1309,1013,-55,745
76,ABT,2020-02-04,0 days 15:58:40.529249,473776,88.27,88.26,4059,1549,10221,-5079
77,ABT,2020-02-04,0 days 15:58:41.531616,471497,88.27,88.26,4459,1635,-2279,10221
78,ABT,2020-02-04,0 days 15:59:16.614316,481835,88.3,88.28,720,713,9870,-2209
79,ABT,2020-02-04,0 days 15:59:29.645512,497066,88.3,88.29,366,2111,-15526,8474
80,ABT,2020-02-04,0 days 15:59:35.660730,521842,88.26,88.25,910,152,-104809,931
81,ACB,2020-02-04,0 days 15:59:44.758701,83828,2.14,2.13,513463,311554,1301,-21199
82,ACM,2020-02-04,0 days 15:59:36.754574,315643,47.5,47.48,411,1517,-39082,8964
83,ACN,2020-02-04,0 days 15:55:37.171101,201795,212.56,212.54,10,326,-2290,781
84,ACN,2020-02-04,0 days 15:55:38.173454,199085,212.57,212.53,104,348,2710,-2290
85,ACN,2020-02-04,0 days 15:57:04.381146,201874,212.63,212.6,317,730,-1005,935
86,ACN,2020-02-04,0 days 15:57:05.383476,199802,212.63,212.61,365,100,2072,-1005
87,ACN,2020-02-04,0 days 15:57:14.405442,201774,212.63,212.6,100,901,-3074,1477
88,ACN,2020-02-04,0 days 15:57:15.407457,199552,212.61,212.56,604,211,2322,-3074
89,ACN,2020-02-04,0 days 15:57:22.424515,202474,212.56,212.52,627,4,-78,2922
90,ACN,2020-02-04,0 days 15:57:24.429601,201637,212.56,212.52,578,17,937,-956
91,ACN,2020-02-04,0 days 15:57:36.458267,202974,212.57,212.54,124,106,-1463,37
92,ACN,2020-02-04,0 days 15:57:37.460987,202237,212.54,212.52,47,10,737,-1463
93,ACN,2020-02-04,0 days 15:57:54.502925,202974,212.61,212.57,303,206,-1464,1136
94,ACN,2020-02-04,0 days 15:57:55.504486,201838,212.61,212.57,453,106,1136,-1464
95,ACN,2020-02-04,0 days 15:57:59.514153,202974,212.6,212.57,506,610,-464,1136
96,ACN,2020-02-04,0 days 15:58:00.518686,202564,212.61,212.57,1,310,410,-464
97,ACN,2020-02-04,0 days 15:58:03.524888,202974,212.59,212.56,300,523,-4603,1136
98,ACN,2020-02-04,0 days 15:58:04.526968,202291,212.57,212.52,100,306,683,-4603
99,ACN,2020-02-04,0 days 15:59:09.685653,221984,212.63,212.59,6,399,-3706,2802
100,ACN,2020-02-04,0 days 15:59:11.690498,221061,212.64,212.56,287,206,1118,-9105
101,ACN,2020-02-04,0 days 15:59:12.692528,222179,212.64,212.56,407,506,-1223,1118
102,ACN,2020-02-04,0 days 15:59:13.695620,222238,212.64,212.56,408,506,630,-1223
103,ACN,2020-02-04,0 days 15:59:15.700849,222332,212.64,212.61,11,400,-935,794
104,ACN,2020-02-04,0 days 15:59:16.702856,221767,212.64,212.6,11,246,565,-935
105,ACN,2020-02-04,0 days 15:59:24.721157,222246,212.73,212.67,1800,200,-1617,1183
106,ACN,2020-02-04,0 days 15:59:25.724038,220963,212.73,212.67,1805,306,1283,-1617
107,ACN,2020-02-04,0 days 15:59:31.738162,222246,212.72,212.67,201,600,-2902,1383
108,ADM,2020-02-04,0 days 15:56:18.269618,354368,45.36,45.35,6753,2255,7746,-17568
109,ADM,2020-02-04,0 days 15:56:19.271896,346714,45.36,45.35,6303,3003,-7654,7746
110,ADM,2020-02-04,0 days 15:56:34.307753,354368,45.33,45.32,3417,5436,618,-82
111,ADM,2020-02-04,0 days 15:56:35.310583,347986,45.33,45.32,3417,5606,-6382,618
112,ADM,2020-02-04,0 days 15:58:03.525097,365288,45.32,45.31,4322,1350,10956,-4244
113,ADM,2020-02-04,0 days 15:58:04.527489,360444,45.32,45.31,2222,3358,-3444,10956
114,ADM,2020-02-04,0 days 15:58:09.539834,365288,45.32,45.31,2754,5741,56,-5044
115,ADM,2020-02-04,0 days 15:58:10.542329,348544,45.32,45.31,2844,5973,-16744,56
116,ADM,2020-02-04,0 days 15:59:13.695994,370652,45.35,45.34,100,5131,473,-1119
117,ADM,2020-02-04,0 days 15:59:45.773151,381874,45.36,45.35,26,4898,-3078,1331
118,ADNT,2020-02-04,0 days 15:55:00.194235,120081,27.02,27.0,378,204,-1529,45241
119,ADNT,2020-02-04,0 days 15:57:23.540741,123707,27.11,27.09,1341,968,2596,-404
120,ADNT,2020-02-04,0 days 15:57:24.543085,123432,27.09,27.06,321,400,-275,2596
121,ADNT,2020-02-04,0 days 15:57:36.572453,123707,27.07,27.05,1495,1168,4525,-275
122,ADNT,2020-02-04,0 days 15:59:40.874077,155717,27.15,27.12,543,2685,-5698,321
123,ADNT,2020-02-04,0 days 15:59:41.875705,153057,27.15,27.12,1627,2516,6660,-5698
124,ADNT,2020-02-04,0 days 15:59:43.881208,155817,27.15,27.12,2511,3185,-6598,4160
125,AEG,2020-02-04,0 days 15:59:36.738912,26459,4.16,4.15,190827,111288,-8098,9602
126,AEG,2020-02-04,0 days 15:59:37.740952,25957,4.16,4.15,190827,107398,502,-8098
127,AEO,2020-02-04,0 days 15:55:00.520797,158038,14.46,14.45,12168,6951,4342,-4719
128,AES,2020-02-04,0 days 15:59:38.756339,518103,20.62,20.61,29201,39157,4320,-6529
129,AES,2020-02-04,0 days 15:59:39.758913,520383,20.62,20.61,25799,39857,-1420,4320
130,AG,2020-02-04,0 days 15:55:00.080762,31273,9.54,9.53,19352,18353,-2128,2331
131,AG,2020-02-04,0 days 15:57:12.400594,33401,9.52,9.51,20965,31358,1256,-964
132,AG,2020-02-04,0 days 15:59:00.663078,34895,9.52,9.51,13094,31859,-2685,1815
133,AG,2020-02-04,0 days 15:59:25.724329,48960,9.52,9.51,23235,20226,735,-1015
134,AG,2020-02-04,0 days 15:59:26.726643,45595,9.52,9.51,22035,19726,-3367,735
135,AG,2020-02-04,0 days 15:59:28.732256,50762,9.52,9.51,28203,15996,1533,-1667
136,AG,2020-02-04,0 days 15:59:29.734095,49795,9.52,9.51,25257,17062,-967,1533
137,AG,2020-02-04,0 days 15:59:38.756535,50762,9.52,9.51,30590,30227,6147,-753
138,AG,2020-02-04,0 days 15:59:39.759124,50109,9.52,9.51,29690,30227,-653,6147
139,AGI,2020-02-04,0 days 15:59:38.759615,52458,6.07,6.06,19181,76467,525,-199
140,AGN,2020-02-04,0 days 15:56:20.243193,78686,190.13,190.12,200,455,865,-1235
141,AGN,2020-02-04,0 days 15:56:21.246874,78503,190.14,190.13,547,700,-183,865
142,AGN,2020-02-04,0 days 15:56:26.257861,79686,190.13,190.12,102,400,117,-183
143,AGN,2020-02-04,0 days 15:57:18.384108,80351,190.12,190.11,810,442,-238,82
144,AGN,2020-02-04,0 days 15:57:19.386819,80189,190.11,190.09,1000,400,162,-238
145,AGN,2020-02-04,0 days 15:57:58.477782,83951,190.12,190.1,300,255,-345,1055
146,AGN,2020-02-04,0 days 15:57:59.480109,83496,190.12,190.1,100,355,455,-345
147,AGN,2020-02-04,0 days 15:58:53.611002,84959,190.13,190.11,400,700,-1071,413
148,AGN,2020-02-04,0 days 15:58:54.613313,84630,190.12,190.1,1200,300,329,-1071
149,AGN,2020-02-04,0 days 15:59:00.629086,83951,190.13,190.1,2102,1700,-179,221
150,AGN,2020-02-04,0 days 15:59:01.631016,83730,190.14,190.11,724,1100,221,-179
151,AGN,2020-02-04,0 days 15:59:08.649742,89052,190.14,190.13,463,329,-45,560
152,AGN,2020-02-04,0 days 15:59:10.655276,88272,190.15,190.14,100,527,459,-641
153,AGN,2020-02-04,0 days 15:59:24.685856,90055,190.17,190.16,37,700,-744,656
154,AGN,2020-02-04,0 days 15:59:25.688896,89699,190.17,190.16,37,238,356,-744
155,AGN,2020-02-04,0 days 15:59:42.730277,88999,190.18,190.16,2522,400,256,-444
156,AGN,2020-02-04,0 days 15:59:48.744023,89459,190.19,190.17,300,416,-540,460
157,AGN,2020-02-04,0 days 15:59:49.746438,89199,190.19,190.16,1000,226,260,-540
158,AIG,2020-02-04,0 days 15:57:05.383657,322399,50.63,50.62,401,2591,13,-12601
159,AIG,2020-02-04,0 days 15:59:04.673787,367957,50.64,50.63,3176,400,-8251,4368
160,AKS,2020-02-04,0 days 15:55:00.194132,35975,2.97,2.96,203699,134219,-12495,13896
161,AKS,2020-02-04,0 days 15:58:53.759384,48745,2.97,2.96,233092,277418,53,-5973
162,AKS,2020-02-04,0 days 15:59:06.791755,64998,2.97,2.96,230921,285010,-6932,16033
163,AKS,2020-02-04,0 days 15:59:41.875705,82267,2.97,2.96,144727,375833,-770,28830
164,ALB,2020-02-04,0 days 15:55:03.166078,133637,90.53,90.5,300,17,490,-410
165,ALB,2020-02-04,0 days 15:55:04.170012,133327,90.5,90.47,600,300,-8310,490
166,ALB,2020-02-04,0 days 15:55:05.171348,134443,90.44,90.38,200,260,6884,-8310
167,ALB,2020-02-04,0 days 15:55:06.175012,134127,90.44,90.4,400,100,-316,6884
168,ALB,2020-02-04,0 days 15:55:28.228651,133731,90.28,90.23,300,393,1608,-432
169,ALB,2020-02-04,0 days 15:55:29.230797,133639,90.28,90.23,1700,61,-92,1608
170,ALB,2020-02-04,0 days 15:55:33.240028,134571,90.35,90.3,700,300,68,-432
171,ALB,2020-02-04,0 days 15:55:34.243305,134374,90.35,90.3,800,300,-197,68
172,ALB,2020-02-04,0 days 15:55:35.245579,134571,90.36,90.32,259,349,31603,-197
173,ALB,2020-02-04,0 days 15:57:18.492943,168032,90.78,90.75,99,602,-2837,1163
174,ALB,2020-02-04,0 days 15:57:19.495800,167669,90.75,90.73,100,100,2572,-2837
175,ALB,2020-02-04,0 days 15:57:22.502729,170586,90.74,90.72,100,1299,-283,872
176,ALB,2020-02-04,0 days 15:57:39.544699,176908,90.69,90.66,612,800,7,-693
177,ALB,2020-02-04,0 days 15:57:40.547105,176315,90.69,90.66,1112,800,-2293,7
178,ALB,2020-02-04,0 days 15:57:53.577726,181315,90.59,90.56,410,210,-493,107
179,ALB,2020-02-04,0 days 15:57:58.590351,181808,90.6,90.58,301,300,507,-493
180,ALB,2020-02-04,0 days 15:57:59.592795,181015,90.6,90.58,401,700,-793,507
181,ALB,2020-02-04,0 days 15:58:02.600605,181808,90.62,90.6,804,239,7,-893
182,ALB,2020-02-04,0 days 15:58:03.603203,180815,90.63,90.62,200,2,-1827,7
183,ALB,2020-02-04,0 days 15:58:11.622543,181542,90.6,90.56,300,733,673,-1027
184,ALB,2020-02-04,0 days 15:58:12.625818,180615,90.6,90.56,800,403,-927,673
185,ALB,2020-02-04,0 days 15:58:36.683381,181915,90.62,90.6,422,352,-927,1873
186,ALB,2020-02-04,0 days 15:58:39.690254,182075,90.61,90.59,461,405,140,-927
187,ALB,2020-02-04,0 days 15:58:40.692639,181315,90.63,90.61,599,88,-760,140
188,ALB,2020-02-04,0 days 15:58:44.702215,180975,90.58,90.55,68,1216,840,-760
189,ALB,2020-02-04,0 days 15:58:45.704063,180315,90.59,90.55,600,1216,-660,840
190,ALB,2020-02-04,0 days 15:58:47.708913,179275,90.55,90.52,200,55,1240,-660
191,ALB,2020-02-04,0 days 15:58:48.711913,178715,90.54,90.52,100,255,-2260,1240
192,ALB,2020-02-04,0 days 15:59:03.749391,182889,90.6,90.58,610,326,2728,-809
193,ALB,2020-02-04,0 days 15:59:06.757272,180920,90.54,90.53,238,200,-1669,2831
194,ALB,2020-02-04,0 days 15:59:07.759695,180089,90.53,90.51,138,601,1731,-1669
195,ALB,2020-02-04,0 days 15:59:10.767165,180920,90.57,90.54,100,600,-6373,6027
196,ALB,2020-02-04,0 days 15:59:11.769678,180493,90.58,90.54,436,716,427,-6373
197,ALB,2020-02-04,0 days 15:59:21.791784,182381,90.6,90.54,400,900,-617,1034
198,ALB,2020-02-04,0 days 15:59:23.796289,180679,90.54,90.51,42,226,2766,-4698
199,ALB,2020-02-04,0 days 15:59:25.801423,191445,90.58,90.55,700,98,-2834,2266
200,ALLY,2020-02-04,0 days 15:59:15.136664,314104,32.17,32.16,2603,10922,76190,-12921
201,ALLY,2020-02-04,0 days 15:59:49.217978,329709,32.17,32.16,1719,9729,-606,1934
202,AM,2020-02-04,0 days 15:59:24.833951,131057,4.96,4.95,14593,8108,-2776,7773
203,AMCR,2020-02-04,0 days 15:55:00.069214,1627255,10.85,10.84,33449,8928,1448,-97865
204,AMCR,2020-02-04,0 days 15:55:37.159250,1632803,10.85,10.84,45083,8871,-19720,4188
205,AMCR,2020-02-04,0 days 15:57:18.402803,1653013,10.86,10.85,55243,15245,3914,-23781
206,AMCR,2020-02-04,0 days 15:57:31.435452,1664797,10.86,10.85,56952,12328,-8616,11184
207,AMCR,2020-02-04,0 days 15:58:09.528154,1663830,10.86,10.85,57469,35086,1253,-13550
208,AMCR,2020-02-04,0 days 15:59:04.662024,1707711,10.87,10.86,62475,15616,4265,-6228
209,AMCR,2020-02-04,0 days 15:59:24.710129,1777012,10.87,10.86,45561,13438,-16821,6337
210,AMCR,2020-02-04,0 days 15:59:25.711735,1772333,10.87,10.86,45112,13726,4679,-16821
211,AMCR,2020-02-04,0 days 15:59:38.744409,1777012,10.87,10.86,45550,22632,-22796,4479
212,AMCR,2020-02-04,0 days 15:59:39.746653,1775008,10.87,10.86,47554,21486,2004,-22796
213,AMX,2020-02-04,0 days 15:56:50.460440,54770,17.16,17.15,8499,32991,-250,1910
214,AMX,2020-02-04,0 days 15:58:53.759425,56413,17.15,17.14,56092,5359,680,-3
215,ANF,2020-02-04,0 days 15:55:36.608048,103748,16.13,16.12,1445,3450,-1938,6027
216,ANF,2020-02-04,0 days 15:55:37.610347,98486,16.13,16.12,2545,2850,5262,-1938
217,ANF,2020-02-04,0 days 15:56:51.788758,106819,16.12,16.11,3105,5358,-46,1954
218,ANF,2020-02-04,0 days 15:56:55.798460,98165,16.11,16.1,4193,6253,8654,-46
219,APA,2020-02-04,0 days 15:55:01.521776,289218,28.07,28.06,3530,3200,1878,-51149
220,APA,2020-02-04,0 days 15:56:56.801131,305800,28.12,28.11,4918,3615,-6615,488
221,APA,2020-02-04,0 days 15:56:57.802992,303415,28.12,28.11,5337,3634,2385,-6615
222,APA,2020-02-04,0 days 15:58:22.006171,324539,28.12,28.11,3476,7512,-315,1585
223,APA,2020-02-04,0 days 15:58:23.008639,322954,28.12,28.11,3576,7412,1585,-315
224,APA,2020-02-04,0 days 15:58:45.061663,323439,28.13,28.12,18555,5819,-715,1085
225,APA,2020-02-04,0 days 15:58:46.064001,322354,28.13,28.12,17749,4819,1085,-715
226,APA,2020-02-04,0 days 15:59:07.116381,323685,28.13,28.12,14625,7556,-34054,1331
227,APHA,2020-02-04,0 days 15:59:39.836271,16383,4.75,4.74,86873,40729,-2833,167
228,APHA,2020-02-04,0 days 15:59:40.839445,16216,4.75,4.74,86873,39229,167,-2833
229,APO,2020-02-04,0 days 15:57:30.884443,62342,47.02,47.01,100,600,-846,2566
230,APO,2020-02-04,0 days 15:57:31.886677,60388,47.02,47.01,200,700,1432,-846
231,APO,2020-02-04,0 days 15:59:13.131509,59100,47.04,47.02,749,100,671,-2207
232,APO,2020-02-04,0 days 15:59:48.215622,60636,47.05,47.03,104,400,-6,1238
233,APO,2020-02-04,0 days 15:59:49.217978,60042,47.05,47.03,104,400,294,-6
234,AQUA,2020-02-04,0 days 15:56:49.423010,90931,23.95,23.94,1257,4359,-339,1951
235,AQUA,2020-02-04,0 days 15:57:01.452249,83420,23.95,23.94,2626,4714,7511,-339
236,AQUA,2020-02-04,0 days 15:59:39.836295,109768,23.98,23.96,900,1601,465,-382
237,AR,2020-02-04,0 days 15:55:18.124989,178996,1.71,1.7,95893,189734,1974,-6026
238,AR,2020-02-04,0 days 15:55:19.127771,172870,1.71,1.7,95193,188152,-6126,1974
239,AR,2020-02-04,0 days 15:59:36.751053,198950,1.71,1.7,115898,301068,7326,-13074
240,AR,2020-02-04,0 days 15:59:39.758878,197901,1.71,1.7,112939,305569,-2968,9232
241,ARMK,2020-02-04,0 days 15:56:06.319590,99392,43.26,43.24,1247,3303,-117,1602
242,ARMK,2020-02-04,0 days 15:56:22.357530,97309,43.21,43.19,942,700,2183,-9517
243,ARMK,2020-02-04,0 days 15:57:09.471732,100792,43.2,43.19,3502,1700,-3984,1278
244,ARMK,2020-02-04,0 days 15:57:10.474106,98776,43.2,43.19,3843,780,2016,-3984
245,ARMK,2020-02-04,0 days 15:57:11.476452,100792,43.2,43.19,3639,1680,-2484,2016
246,ARMK,2020-02-04,0 days 15:57:24.508120,111373,43.2,43.19,3533,1416,94,-806
247,ARMK,2020-02-04,0 days 15:57:25.510856,110667,43.21,43.2,1527,1423,-706,94
248,ARMK,2020-02-04,0 days 15:58:28.663649,196009,43.19,43.18,1038,4004,3368,-15332
249,ARMK,2020-02-04,0 days 15:58:29.666140,188277,43.19,43.18,1074,4166,-7732,3368
250,ARMK,2020-02-04,0 days 15:59:05.755569,214132,43.17,43.16,2148,5000,5684,-20516
251,ARMK,2020-02-04,0 days 15:59:06.757332,206716,43.17,43.16,2401,5260,-7416,5684
252,ARMK,2020-02-04,0 days 15:59:27.806464,216791,43.17,43.16,2430,4688,9727,-573
253,ARMK,2020-02-04,0 days 15:59:28.809003,210118,43.17,43.16,1770,4705,-6673,9727
254,ARNC,2020-02-04,0 days 15:58:12.535092,350525,30.42,30.41,2714,9031,-2111,2623
255,ARNC,2020-02-04,0 days 15:58:13.537078,345236,30.42,30.41,2914,7928,5289,-2111
256,ARNC,2020-02-04,0 days 15:59:07.671132,388125,30.43,30.42,1851,12641,-9080,4768
257,ARNC,2020-02-04,0 days 15:59:08.671755,382905,30.43,30.42,4458,10277,5220,-9080
258,ARNC,2020-02-04,0 days 15:59:49.770130,398297,30.47,30.46,3600,9740,889,-939
259,ATI,2020-02-04,0 days 15:55:54.651152,163904,19.93,19.92,412,1304,1063,-1337
260,ATI,2020-02-04,0 days 15:55:55.653910,156867,19.93,19.92,412,1204,-7037,1063
261,ATI,2020-02-04,0 days 15:59:46.211037,206126,19.79,19.78,623,200,1075,-459
262,ATI,2020-02-04,0 days 15:59:47.213113,204705,19.78,19.77,600,969,-1421,1075
263,ATUS,2020-02-04,0 days 15:59:36.186319,892902,28.0,27.99,17501,7054,18880,-55347
264,ATUS,2020-02-04,0 days 15:59:38.191280,894498,28.03,28.02,4175,1135,-2112,839
265,ATUS,2020-02-04,0 days 15:59:47.212932,908102,28.04,28.03,1430,15568,32959,-7644
266,ATUS,2020-02-04,0 days 15:59:48.215400,906087,28.05,28.04,4530,10700,-2715,32959
267,ATUS,2020-02-04,0 days 15:59:57.238413,912810,28.06,28.05,10586,3230,22276,-36394
268,AU,2020-02-04,0 days 15:57:37.461499,165467,19.56,19.55,2320,7519,2713,-487
269,AU,2020-02-04,0 days 15:57:38.463967,163180,19.56,19.55,1820,8294,-2287,2713
270,AU,2020-02-04,0 days 15:58:33.597118,171907,19.58,19.57,12730,1326,2872,-3028
271,AU,2020-02-04,0 days 15:58:34.599370,169479,19.58,19.57,12130,1326,-1928,2872
272,AU,2020-02-04,0 days 15:58:54.647713,169484,19.55,19.54,5500,5500,-1923,2977
273,AU,2020-02-04,0 days 15:59:09.686491,175384,19.53,19.52,15463,3873,-774,8226
274,AU,2020-02-04,0 days 15:59:10.689638,175984,19.53,19.52,2202,14772,10831,-774
275,AUY,2020-02-04,0 days 15:57:12.478872,124455,3.93,3.92,464826,111984,1388,-6962
276,AUY,2020-02-04,0 days 15:58:53.724415,125848,3.93,3.92,362014,294302,-7018,1393
277,AVTR,2020-02-04,0 days 15:57:01.342419,73552,18.76,18.75,3967,719,17475,-24225
278,AVTR,2020-02-04,0 days 15:57:02.344821,71227,18.76,18.75,1468,914,-2325,17475
279,AVTR,2020-02-04,0 days 15:59:04.639360,88657,18.75,18.74,1300,5268,20623,-2116
280,AVTR,2020-02-04,0 days 15:59:05.640835,86880,18.77,18.75,1700,2354,-1777,20623
281,AVTR,2020-02-04,0 days 15:59:10.655004,84871,18.77,18.76,2000,4164,3309,-1010
282,AVTR,2020-02-04,0 days 15:59:11.655141,84180,18.77,18.76,1886,2464,-691,3309
283,AVTR,2020-02-04,0 days 15:59:25.688702,86232,18.76,18.75,2847,200,-762,1338
284,AVTR,2020-02-04,0 days 15:59:40.726112,91527,18.75,18.74,537,4151,2313,-5462
285,AVYA,2020-02-04,0 days 15:58:07.500199,95978,13.26,13.25,18957,11120,-440,5939
286,AVYA,2020-02-04,0 days 15:58:08.502515,91718,13.26,13.25,18957,10920,4260,-440
287,AVYA,2020-02-04,0 days 15:59:05.641143,96578,13.24,13.23,13039,2032,-6723,4960
288,AVYA,2020-02-04,0 days 15:59:06.643617,94701,13.24,13.23,12857,807,3084,-6723
289,AVYA,2020-02-04,0 days 15:59:14.663192,97785,13.24,13.23,11022,10524,-3923,3084
290,AVYA,2020-02-04,0 days 15:59:15.666729,96308,13.24,13.23,8181,11027,1477,-3923
291,AVYA,2020-02-04,0 days 15:59:16.666752,97785,13.24,13.23,9439,11027,-4389,1477
292,AVYA,2020-02-04,0 days 15:59:17.668875,96774,13.24,13.23,9539,11133,1011,-4389
293,AXP,2020-02-04,0 days 15:55:00.113351,381440,132.05,132.03,1213,487,-4301,50022
294,AXP,2020-02-04,0 days 15:55:40.209939,388383,131.92,131.91,279,510,1525,-6293
295,AXP,2020-02-04,0 days 15:55:41.212465,387908,131.92,131.91,1108,310,-475,1525
296,AXP,2020-02-04,0 days 15:56:04.267336,388383,131.91,131.9,200,867,425,-475
297,AXP,2020-02-04,0 days 15:56:05.269709,388008,131.91,131.9,100,1034,-375,425
298,AXP,2020-02-04,0 days 15:56:21.307850,392934,131.91,131.9,102,375,174,-826
299,AXP,2020-02-04,0 days 15:56:54.388020,394018,131.83,131.82,80,100,-16,184
300,AXP,2020-02-04,0 days 15:57:13.435040,414222,131.81,131.8,848,10,4996,-1161
301,AXP,2020-02-04,0 days 15:57:14.437149,412279,131.83,131.82,300,622,-1962,4996
302,AXP,2020-02-04,0 days 15:57:33.483365,414241,131.81,131.8,221,922,6340,-1060
303,AXP,2020-02-04,0 days 15:57:43.507384,423664,131.82,131.8,105,200,-4677,23
304,AXP,2020-02-04,0 days 15:57:44.510841,422841,131.82,131.81,2,300,1323,-4677
305,AXP,2020-02-04,0 days 15:58:27.614624,431847,131.77,131.76,1253,919,-1416,2284
306,AXP,2020-02-04,0 days 15:58:28.617319,430113,131.77,131.76,1253,919,1134,-1416
307,AXP,2020-02-04,0 days 15:58:36.636474,431847,131.77,131.76,2155,508,-116,1134
308,AXP,2020-02-04,0 days 15:58:37.639159,430313,131.77,131.76,2138,359,934,-116
309,AXP,2020-02-04,0 days 15:59:05.707977,433985,131.77,131.75,2176,1130,-29550,866
310,AXP,2020-02-04,0 days 15:59:10.720181,435313,131.75,131.74,777,1700,-5080,1774
311,AXP,2020-02-04,0 days 15:59:25.755459,441264,131.79,131.78,1385,1027,500,-951
312,AXP,2020-02-04,0 days 15:59:26.758238,440364,131.79,131.78,1500,541,-1619,500
313,AXP,2020-02-04,0 days 15:59:35.780530,444184,131.79,131.77,2812,1487,10468,-1120
314,AXP,2020-02-04,0 days 15:59:54.826565,454051,131.85,131.82,600,1000,-916,1784
315,AXTA,2020-02-04,0 days 15:55:01.196737,73084,29.75,29.74,5865,1045,-455,58345
316,AXTA,2020-02-04,0 days 15:57:06.499878,94639,29.75,29.74,7974,1520,2471,-2129
317,AXTA,2020-02-04,0 days 15:57:07.502027,92510,29.75,29.74,7974,1520,-2129,2471
318,AXTA,2020-02-04,0 days 15:57:18.528518,94639,29.75,29.74,8071,1123,539,-1605
319,AXTA,2020-02-04,0 days 15:57:19.531607,93850,29.75,29.74,8071,1123,-789,539
320,AXTA,2020-02-04,0 days 15:59:04.787248,99790,29.75,29.74,12369,2560,9937,-1871
321,AXTA,2020-02-04,0 days 15:59:32.853564,108664,29.75,29.74,1356,6313,-826,674
322,AXTA,2020-02-04,0 days 15:59:34.858927,109490,29.75,29.74,4026,4502,1074,-2970
323,AXTA,2020-02-04,0 days 15:59:35.861266,108664,29.75,29.74,5400,4802,-826,1074
324,AXTA,2020-02-04,0 days 15:59:39.870801,108864,29.75,29.74,3413,8129,-626,4874
325,AXTA,2020-02-04,0 days 15:59:45.885732,112443,29.75,29.74,7209,2128,1440,-779
326,BA,2020-02-04,0 days 15:55:00.520826,176516,317.7,317.66,44,100,-1133,61680
327,BA,2020-02-04,0 days 15:55:01.522570,176379,317.67,317.64,31,101,137,-1133
328,BA,2020-02-04,0 days 15:55:06.535131,176516,317.65,317.56,770,201,-626,137
329,BA,2020-02-04,0 days 15:55:07.537541,176442,317.65,317.56,770,301,74,-626
330,BA,2020-02-04,0 days 15:55:33.601050,187115,317.69,317.63,595,208,-499,901
331,BA,2020-02-04,0 days 15:55:34.602823,186214,317.66,317.61,18,200,901,-499
332,BA,2020-02-04,0 days 15:57:33.890921,215684,318.0,317.98,100,200,-1556,644
333,BA,2020-02-04,0 days 15:57:34.894188,211187,317.87,317.85,30,21,4497,-1556
334,BA,2020-02-04,0 days 15:57:41.909731,215716,317.85,317.74,531,200,68,-1232
335,BA,2020-02-04,0 days 15:57:50.932113,215216,317.82,317.75,631,613,568,-3332
336,BA,2020-02-04,0 days 15:57:52.936153,215786,317.84,317.78,100,400,-230,570
337,BA,2020-02-04,0 days 15:57:53.938926,214216,317.84,317.78,100,405,1570,-230
338,BA,2020-02-04,0 days 15:57:57.948675,215786,317.86,317.84,3703,100,-4430,1070
339,BA,2020-02-04,0 days 15:57:59.953695,215516,317.86,317.8,3686,218,270,-1430
340,BA,2020-02-04,0 days 15:58:05.969360,216516,317.86,317.82,3595,220,-38,562
341,BA,2020-02-04,0 days 15:58:17.997114,216316,317.84,317.83,31,352,-1800,562
342,BA,2020-02-04,0 days 15:58:19.000520,215916,317.84,317.82,62,99,400,-1800
343,BA,2020-02-04,0 days 15:58:21.004397,216316,317.85,317.79,8,399,-800,400
344,BA,2020-02-04,0 days 15:58:23.009364,216016,317.9,317.85,231,200,300,-1500
345,BA,2020-02-04,0 days 15:58:29.024277,216316,317.94,317.85,120,309,-1800,300
346,BA,2020-02-04,0 days 15:59:07.117414,224547,317.9,317.86,202,100,1770,-461
347,BA,2020-02-04,0 days 15:59:12.129206,223201,317.9,317.8,705,597,-534,2425
348,BA,2020-02-04,0 days 15:59:17.140237,239808,317.91,317.81,627,205,279,-11556
349,BA,2020-02-04,0 days 15:59:39.194165,248820,318.06,317.96,600,438,170,-330
350,BA,2020-02-04,0 days 15:59:46.211101,246890,318.02,317.97,3,420,-1130,1070
351,BA,2020-02-04,0 days 16:00:00.246996,248835,318.06,317.91,16316,20,5343,-5503
352,BABA,2020-02-04,0 days 15:50:06.382092,361886,222.88,222.86,300,83,2348,-62
353,BABA,2020-02-04,0 days 15:51:34.592702,360745,222.88,222.85,302,1005,3489,-62
354,BABA,2020-02-04,0 days 15:55:36.173493,508646,222.67,222.63,500,2414,-1059,779
355,BABA,2020-02-04,0 days 15:55:37.174988,505205,222.67,222.63,400,2243,3441,-1059
356,BABA,2020-02-04,0 days 15:57:50.495697,534299,222.88,222.86,1770,1811,-1003,12797
357,BABA,2020-02-04,0 days 15:57:51.497908,523502,222.87,222.85,2000,79,10797,-1003
358,BABA,2020-02-04,0 days 15:57:58.515040,534299,222.88,222.86,1640,403,-3703,3897
359,BABA,2020-02-04,0 days 15:57:59.517190,534870,222.88,222.86,646,1052,7829,-3703
360,BABA,2020-02-04,0 days 15:58:04.530195,542699,222.88,222.86,302,400,-2471,5129
361,BABA,2020-02-04,0 days 15:58:05.532677,539070,222.88,222.85,602,506,3629,-2471
362,BABA,2020-02-04,0 days 15:58:18.563777,542699,222.9,222.88,1533,1503,-483,3417
363,BABA,2020-02-04,0 days 15:58:19.566076,539082,222.9,222.88,1533,1663,3617,-483
364,BABA,2020-02-04,0 days 15:58:35.605270,540223,223.03,223.01,400,705,2476,-4424
365,BABA,2020-02-04,0 days 15:58:47.634308,542699,223.11,223.08,15810,300,-5754,3976
366,BABA,2020-02-04,0 days 15:59:14.700696,611334,222.96,222.94,500,40,29965,-24409
367,BABA,2020-02-04,0 days 15:59:15.703790,610399,222.97,222.92,394,449,-35,29965
368,BABA,2020-02-04,0 days 15:59:21.716650,604929,222.94,222.91,603,669,-5505,4054
369,BABA,2020-02-04,0 days 15:59:23.720715,611334,222.96,222.94,461,345,522,-1705
370,BABA,2020-02-04,0 days 15:59:24.724061,610656,222.96,222.91,248,168,-678,522
371,BABA,2020-02-04,0 days 15:59:43.770949,621304,222.98,222.95,1066,7,-438,662
372,BABA,2020-02-04,0 days 15:59:44.773526,621742,222.96,222.92,1300,811,62,-438
373,BABA,2020-02-04,0 days 15:59:46.778274,620500,222.97,222.92,828,817,-1242,1958
374,BABA,2020-02-04,0 days 15:59:47.781183,621742,222.97,222.93,429,505,1449,-1242
375,BABA,2020-02-04,0 days 15:59:49.784726,621528,222.96,222.92,700,376,-214,286
376,BAC,2020-02-04,0 days 15:55:36.281961,2798026,33.58,33.57,30399,124051,-11238,13559
377,BAC,2020-02-04,0 days 15:55:38.287683,2809264,33.58,33.57,31599,123563,52362,-11238
378,BAC,2020-02-04,0 days 15:55:39.289288,2787226,33.59,33.58,92338,117866,-23648,52362
379,BAC,2020-02-04,0 days 15:56:30.411884,2927326,33.58,33.57,137120,105565,-22507,11893
380,BAC,2020-02-04,0 days 15:57:36.572472,2971163,33.57,33.56,43059,172007,9255,-4935
381,BAC,2020-02-04,0 days 15:57:48.601706,2971163,33.58,33.57,47814,166577,2555,-9835
382,BAC,2020-02-04,0 days 15:57:49.603979,2968418,33.58,33.57,51014,169468,-1135,2555
383,BAC,2020-02-04,0 days 15:59:03.784695,3048395,33.58,33.57,149902,127948,104464,-157280
384,BAC,2020-02-04,0 days 15:59:04.787248,3043343,33.58,33.57,161641,124376,-5052,104464
385,BAX,2020-02-04,0 days 15:55:01.001727,212431,90.89,90.88,500,400,56900,-51942
386,BAX,2020-02-04,0 days 15:55:08.016789,224137,90.88,90.87,900,400,-885,315
387,BAX,2020-02-04,0 days 15:56:02.147302,234701,90.9,90.89,1301,468,9206,-4410
388,BAX,2020-02-04,0 days 15:56:03.149662,233307,90.9,90.89,1401,243,-1394,9206
389,BAX,2020-02-04,0 days 15:56:53.269465,236139,90.89,90.88,1683,1199,954,-274
390,BAX,2020-02-04,0 days 15:56:54.272367,234493,90.89,90.88,1383,1099,-1646,954
391,BAX,2020-02-04,0 days 15:56:56.276890,238483,90.89,90.88,1683,1099,82,-2080
392,BAX,2020-02-04,0 days 15:56:57.279626,237365,90.89,90.88,1683,1099,-1187,82
393,BAX,2020-02-04,0 days 15:57:35.372016,255417,90.86,90.85,901,4,1278,-3222
394,BAX,2020-02-04,0 days 15:57:36.374907,252995,90.86,90.84,901,826,-2422,1278
395,BAX,2020-02-04,0 days 15:57:37.378469,255417,90.86,90.84,1001,654,78,-2422
396,BAX,2020-02-04,0 days 15:57:38.379620,253696,90.85,90.84,501,124,-1734,78
397,BAX,2020-02-04,0 days 15:57:57.424748,255443,90.86,90.84,900,1234,355,-1745
398,BAX,2020-02-04,0 days 15:57:58.427904,253998,90.86,90.84,880,1434,-1445,355
399,BAX,2020-02-04,0 days 15:58:09.455323,257254,90.85,90.84,200,2367,148,-1852
400,BAX,2020-02-04,0 days 15:58:10.457440,255602,90.86,90.84,899,2767,-1652,148
401,BAX,2020-02-04,0 days 15:58:42.534063,257854,90.85,90.84,300,2428,48,-152
402,BB,2020-02-04,0 days 15:59:01.630874,95572,6.15,6.14,135901,131107,-32133,41867
403,BB,2020-02-04,0 days 15:59:02.633083,92105,6.15,6.14,133801,131103,3467,-32133
404,BB,2020-02-04,0 days 15:59:25.688788,95572,6.15,6.14,96019,115846,-6492,1593
405,BB,2020-02-04,0 days 15:59:26.690427,92764,6.15,6.14,93319,115846,2808,-6492
406,BB,2020-02-04,0 days 15:59:33.707892,99972,6.15,6.14,91319,132836,-692,6908
407,BB,2020-02-04,0 days 15:59:39.722958,88564,6.15,6.14,67100,142084,11408,-692
408,BBD,2020-02-04,0 days 15:57:14.393295,377848,7.75,7.74,198134,107242,-2235,12329
409,BBD,2020-02-04,0 days 15:57:15.395610,364783,7.75,7.74,193810,107242,13065,-2235
410,BBD,2020-02-04,0 days 15:58:15.543761,377848,7.75,7.74,138275,239386,-9235,7199
411,BBD,2020-02-04,0 days 15:58:16.545157,359983,7.75,7.74,163275,206257,17865,-9235
412,BBD,2020-02-04,0 days 15:58:53.633737,394748,7.75,7.74,123005,265110,-10431,11251
413,BBVA,2020-02-04,0 days 15:59:26.690512,50139,5.22,5.21,440242,151149,370,-1210
414,BCS,2020-02-04,0 days 15:59:19.740766,79320,8.88,8.87,83085,100889,-2685,1678
415,BCS,2020-02-04,0 days 15:59:24.753973,85995,8.88,8.87,89285,99489,25,-2704
416,BCS,2020-02-04,0 days 15:59:48.811759,84320,8.88,8.87,105163,93989,-1675,25
417,BDN,2020-02-04,0 days 15:55:00.081061,112070,15.88,15.87,7844,11340,-8927,49766
418,BDN,2020-02-04,0 days 15:55:01.084086,110397,15.88,15.87,10427,11721,1673,-8927
419,BDN,2020-02-04,0 days 15:55:32.159025,112070,15.87,15.86,24375,5164,-27,1473
420,BDN,2020-02-04,0 days 15:56:21.277613,109897,15.87,15.86,7963,15902,2173,-1027
421,BDN,2020-02-04,0 days 15:56:56.361088,112504,15.87,15.86,12830,16569,-1723,2177
422,BDN,2020-02-04,0 days 15:56:58.366601,115027,15.87,15.86,13930,16179,2997,-2523
423,BDN,2020-02-04,0 days 15:58:04.527517,119847,15.87,15.86,20169,12372,-45180,2420
424,BDN,2020-02-04,0 days 15:59:18.707268,154978,15.88,15.87,26819,21313,7608,-12392
425,BDN,2020-02-04,0 days 15:59:44.771677,168733,15.88,15.87,39202,10231,-57389,2408
426,BE,2020-02-04,0 days 15:57:26.438053,48100,9.31,9.3,1537,2893,-3036,600
427,BE,2020-02-04,0 days 15:57:27.440780,46236,9.31,9.3,2146,2893,1864,-3036
428,BE,2020-02-04,0 days 15:58:52.646458,48300,9.29,9.28,4818,4484,-5758,1498
429,BE,2020-02-04,0 days 15:58:53.648954,46158,9.29,9.28,4818,4384,2142,-5758
430,BERY,2020-02-04,0 days 15:55:09.104099,56617,42.59,42.58,4188,3933,-117,1783
431,BERY,2020-02-04,0 days 15:56:02.230986,58845,42.54,42.53,5357,2613,472,-308
432,BERY,2020-02-04,0 days 15:56:03.233362,58617,42.54,42.53,5457,2567,-228,472
433,BERY,2020-02-04,0 days 15:56:35.310583,60358,42.54,42.53,4977,1397,133,-167
434,BERY,2020-02-04,0 days 15:56:36.312667,58691,42.54,42.53,5577,1400,-1667,133
435,BERY,2020-02-04,0 days 15:56:56.361088,61228,42.52,42.51,3915,1699,689,-937
436,BERY,2020-02-04,0 days 15:56:57.363847,63717,42.52,42.51,3915,1699,-311,689
437,BERY,2020-02-04,0 days 15:57:47.485633,68703,42.54,42.52,1652,1106,214,-86
438,BERY,2020-02-04,0 days 15:57:48.487808,68017,42.54,42.52,2012,1106,-686,214
439,BERY,2020-02-04,0 days 15:58:04.527489,68703,42.54,42.53,1977,1337,3304,-686
440,BERY,2020-02-04,0 days 15:58:05.530257,68407,42.54,42.53,1677,1337,-296,3304
441,BERY,2020-02-04,0 days 15:58:36.604509,69503,42.54,42.53,1705,2326,1004,-396
442,BERY,2020-02-04,0 days 15:58:40.613721,68107,42.54,42.53,1155,2626,-796,104
443,BERY,2020-02-04,0 days 15:59:07.682933,68903,42.54,42.53,1867,2027,104,-96
444,BERY,2020-02-04,0 days 15:59:08.683962,68807,42.54,42.53,1769,1623,-96,104
445,BERY,2020-02-04,0 days 15:59:09.686497,77703,42.54,42.53,1695,1923,721,-96
446,BERY,2020-02-04,0 days 15:59:38.756637,85442,42.58,42.57,205,2133,3338,-18
447,BGG,2020-02-04,0 days 15:57:42.551919,60966,3.47,3.46,7998,5270,-23359,4941
448,BGG,2020-02-04,0 days 15:57:43.554347,57825,3.47,3.46,8198,5770,3141,-23359
449,BHC,2020-02-04,0 days 15:55:54.216508,230411,28.81,28.8,2700,3724,2172,-628
450,BHC,2020-02-04,0 days 15:55:55.218688,228383,28.81,28.8,3103,3624,-2028,2172
451,BHC,2020-02-04,0 days 15:59:46.778846,263572,28.84,28.83,12191,4504,-1148,19952
452,BHP,2020-02-04,0 days 15:55:33.601020,56445,52.15,52.14,2500,8817,687,-313
453,BHP,2020-02-04,0 days 15:55:34.602823,54732,52.15,52.14,2500,8817,-1713,687
454,BHP,2020-02-04,0 days 15:59:42.201217,63476,52.16,52.15,6496,7363,-173,927
455,BHP,2020-02-04,0 days 15:59:45.208734,63649,52.16,52.15,6272,7763,2024,-173
456,BK,2020-02-04,0 days 15:59:47.781667,717401,45.96,45.95,1922,4453,3837,-7604
457,BK,2020-02-04,0 days 15:59:48.782935,710821,45.96,45.95,1409,6324,-7380,3837
458,BKR,2020-02-04,0 days 15:58:49.667760,691634,21.22,21.21,7355,14484,-7267,92733
459,BKR,2020-02-04,0 days 15:58:50.670299,659801,21.22,21.21,7873,14404,31833,-7267
460,BLL,2020-02-04,0 days 15:56:18.186230,391881,74.99,74.98,2247,1020,-6443,48113
461,BLL,2020-02-04,0 days 15:56:19.188056,386524,74.98,74.97,575,966,5357,-6443
462,BLL,2020-02-04,0 days 15:57:33.368280,395862,75.0,74.98,436,643,-1137,2763
463,BLL,2020-02-04,0 days 15:57:34.369892,391199,75.0,74.98,636,985,4663,-1137
464,BLL,2020-02-04,0 days 15:57:40.384134,394399,75.01,74.99,1650,1671,1470,-430
465,BLL,2020-02-04,0 days 15:58:04.442885,395869,75.01,75.0,2215,1050,-2373,5460
466,BLL,2020-02-04,0 days 15:58:05.445589,392137,75.01,75.0,2496,1100,3732,-2373
467,BLL,2020-02-04,0 days 15:59:24.633987,403461,75.03,75.02,879,600,-2750,250
468,BLL,2020-02-04,0 days 15:59:25.635877,402311,75.03,75.02,1084,900,1150,-2750
469,BLL,2020-02-04,0 days 15:59:48.691876,406332,75.03,75.02,1696,650,-3349,1322
470,BLL,2020-02-04,0 days 15:59:49.693812,405681,75.03,75.02,1696,750,651,-3349
471,BLL,2020-02-04,0 days 15:59:58.714112,406332,75.02,75.01,1657,706,-941,1227
472,BP,2020-02-04,0 days 15:56:32.381730,434234,36.53,36.52,3596,38825,-15151,595
473,BP,2020-02-04,0 days 15:56:58.444572,450813,36.54,36.53,5381,41168,11131,-2569
474,BP,2020-02-04,0 days 15:56:59.447100,430296,36.55,36.54,3167,8285,-20517,11131
475,BP,2020-02-04,0 days 15:57:49.568640,459243,36.51,36.5,6442,2478,4996,-1374
476,BP,2020-02-04,0 days 15:57:50.571028,442892,36.51,36.5,4910,4173,-16351,4996
477,BP,2020-02-04,0 days 15:58:47.709733,447234,36.5,36.49,9221,7301,-13003,1987
478,BRFS,2020-02-04,0 days 15:55:12.189884,32984,7.51,7.5,54623,13487,-13279,18721
479,BRFS,2020-02-04,0 days 15:55:13.192720,31063,7.51,7.5,54623,12987,1921,-13279
480,BRFS,2020-02-04,0 days 15:59:01.743829,34446,7.51,7.5,64419,16905,-9559,11821
481,BRFS,2020-02-04,0 days 15:59:02.746515,33505,7.51,7.5,63819,17005,741,-9559
482,BRFS,2020-02-04,0 days 15:59:04.752155,34446,7.51,7.5,66537,27814,-2042,741
483,BRFS,2020-02-04,0 days 15:59:05.755658,25688,7.51,7.5,67237,32761,8558,-2042
484,BRK.B,2020-02-04,0 days 15:59:16.666342,388741,224.91,224.9,74,300,-12623,50052
485,BRK.B,2020-02-04,0 days 15:59:17.668703,388879,224.89,224.84,325,1025,6047,-12623
486,BRO,2020-02-04,0 days 15:55:01.001537,60885,46.19,46.18,1205,3168,-30010,34532
487,BRO,2020-02-04,0 days 15:55:02.001368,60295,46.19,46.18,1305,3768,590,-30010
488,BRO,2020-02-04,0 days 15:55:29.068071,60919,46.15,46.14,5308,381,-15,485
489,BRO,2020-02-04,0 days 15:55:30.070694,60434,46.15,46.14,4293,1286,485,-15
490,BRO,2020-02-04,0 days 15:57:41.386405,92817,46.14,46.13,2282,3114,-11,1489
491,BRO,2020-02-04,0 days 15:57:53.415158,89228,46.13,46.12,3768,1300,3589,-11
492,BRO,2020-02-04,0 days 15:59:05.591087,97317,46.15,46.14,4867,2516,-9718,2095
493,BRO,2020-02-04,0 days 15:59:06.593104,94335,46.15,46.14,4967,2222,2982,-9718
494,BRO,2020-02-04,0 days 15:59:25.635717,96767,46.18,46.17,3135,479,620,-380
495,BRO,2020-02-04,0 days 15:59:42.677308,97331,46.17,46.16,1041,4567,56,-679
496,BRO,2020-02-04,0 days 15:59:50.696876,96745,46.17,46.16,444,4193,642,-58
497,BSX,2020-02-04,0 days 15:59:28.694429,479620,42.8,42.79,18437,8532,-38580,2120
498,BSX,2020-02-04,0 days 15:59:29.696672,468715,42.8,42.79,17642,3084,10905,-38580
499,BSX,2020-02-04,0 days 15:59:48.742219,481722,42.83,42.82,4400,6201,-10858,11623
500,BSX,2020-02-04,0 days 15:59:50.747989,408056,42.83,42.82,3920,3830,73666,-12290
501,BTU,2020-02-04,0 days 15:59:15.778289,408072,7.48,7.47,26308,5700,77508,-38804
502,BTU,2020-02-04,0 days 15:59:16.780034,397896,7.48,7.47,27708,6600,-10076,77508
503,BTU,2020-02-04,0 days 15:59:25.801031,415872,7.48,7.47,32116,5401,65724,-17876
504,BTU,2020-02-04,0 days 15:59:26.803124,411196,7.48,7.47,31815,4801,-4576,65724
505,BTU,2020-02-04,0 days 15:59:29.811473,429972,7.48,7.47,34020,3101,1568,-17332
506,BWA,2020-02-04,0 days 15:57:39.469354,286543,34.38,34.37,3701,451,-12659,161
507,BX,2020-02-04,0 days 15:59:13.660684,290741,63.35,63.34,883,700,-6071,2039
508,BX,2020-02-04,0 days 15:59:24.685920,298783,63.35,63.34,996,2341,354,-2279
509,BX,2020-02-04,0 days 15:59:29.698512,295251,63.35,63.34,5734,1798,-3532,2468
510,BX,2020-02-04,0 days 15:59:33.708032,298783,63.34,63.33,2079,300,507,-2593
511,BX,2020-02-04,0 days 15:59:48.744090,297428,63.32,63.31,1681,1100,-979,183
512,BX,2020-02-04,0 days 16:00:00.771739,298407,63.3,63.28,24209,1576,2860,-3040
513,C,2020-02-04,0 days 15:59:15.812248,1515930,76.5,76.49,2912,4780,-23268,271658
514,C,2020-02-04,0 days 15:59:16.814601,1518805,76.46,76.45,100,11219,11525,-23268
515,C,2020-02-04,0 days 15:59:36.863284,1546513,76.45,76.44,5102,1400,-64868,5006
516,CADE,2020-02-04,0 days 15:57:34.485829,141793,15.81,15.8,7355,1600,71,-2629
517,CADE,2020-02-04,0 days 15:57:35.488656,139564,15.81,15.8,7502,1600,-2229,71
518,CADE,2020-02-04,0 days 15:57:37.493518,141793,15.81,15.8,7902,990,2571,-2229
519,CADE,2020-02-04,0 days 15:57:38.495556,140164,15.8,15.79,5480,5015,-1629,2571
520,CADE,2020-02-04,0 days 15:57:39.497838,141793,15.8,15.79,5584,4615,471,-1629
521,CADE,2020-02-04,0 days 15:57:40.500249,140364,15.8,15.79,4718,5715,-1429,471
522,CADE,2020-02-04,0 days 15:58:30.621863,141803,15.81,15.8,5914,3206,1563,-1037
523,CADE,2020-02-04,0 days 15:58:31.624653,138466,15.81,15.8,5919,3206,-3337,1563
524,CADE,2020-02-04,0 days 15:58:36.636522,142303,15.81,15.8,3856,6261,1763,-3837
525,CADE,2020-02-04,0 days 15:58:37.639218,139466,15.81,15.8,3956,6046,-2837,1763
526,CADE,2020-02-04,0 days 15:59:14.729778,143722,15.82,15.81,1636,13980,15638,-4226
527,CADE,2020-02-04,0 days 15:59:15.732961,139404,15.83,15.82,6800,11111,-4318,15638
528,CADE,2020-02-04,0 days 15:59:40.793928,143758,15.83,15.82,3084,16418,-75,825
529,CADE,2020-02-04,0 days 15:59:48.811907,149448,15.83,15.82,7231,15184,-1010,1108
530,CAG,2020-02-04,0 days 15:55:00.086078,312389,31.98,31.97,9033,6622,-1089,11252
531,CAG,2020-02-04,0 days 15:55:12.115217,312253,31.98,31.97,12840,7665,136,-1089
532,CAG,2020-02-04,0 days 15:55:13.117497,311289,31.98,31.97,12940,7765,-964,136
533,CAG,2020-02-04,0 days 15:55:20.134695,319853,31.98,31.97,13077,6570,2836,-964
534,CAG,2020-02-04,0 days 15:55:40.182441,304742,31.97,31.96,10868,3001,-8565,1135
535,CAG,2020-02-04,0 days 15:55:41.184987,313307,31.97,31.96,12328,2501,6135,-8565
536,CAG,2020-02-04,0 days 15:55:42.187402,312442,31.97,31.96,11868,2705,-865,6135
537,CAG,2020-02-04,0 days 15:55:48.201726,310707,31.96,31.95,10276,1247,1735,-865
538,CAG,2020-02-04,0 days 15:55:49.204113,310642,31.95,31.94,6385,1700,-65,1735
539,CAG,2020-02-04,0 days 15:55:50.206906,323907,31.95,31.94,5970,2290,935,-65
540,CAG,2020-02-04,0 days 15:55:54.216414,325342,31.96,31.95,8207,2502,-1065,935
541,CAG,2020-02-04,0 days 15:55:55.218621,324207,31.96,31.95,8207,2102,635,-1065
542,CAG,2020-02-04,0 days 15:56:50.350744,320271,31.95,31.94,13540,1500,-17052,2948
543,CAG,2020-02-04,0 days 15:56:51.353176,319623,31.93,31.92,2312,3818,648,-17052
544,CAG,2020-02-04,0 days 15:57:06.389946,325933,31.92,31.91,11106,1338,-93,1055
545,CAG,2020-02-04,0 days 15:57:07.392176,324926,31.92,31.91,11206,2158,1007,-93
546,CAG,2020-02-04,0 days 15:58:06.535521,365482,31.94,31.93,7785,5346,-19193,4074
547,CAG,2020-02-04,0 days 15:58:07.537896,362875,31.94,31.93,9808,4082,2607,-19193
548,CAG,2020-02-04,0 days 15:58:36.607932,369286,31.95,31.94,13702,6227,-1289,3111
549,CAG,2020-02-04,0 days 15:58:37.610368,367075,31.95,31.94,13596,6527,611,-1289
550,CAG,2020-02-04,0 days 15:59:05.679789,369446,31.95,31.94,15234,4857,-11948,3296
551,CAG,2020-02-04,0 days 15:59:06.681509,367594,31.95,31.94,16919,1349,252,-11948
552,CAG,2020-02-04,0 days 15:59:13.698630,377487,31.93,31.92,295,5647,903,-397
553,CAG,2020-02-04,0 days 15:59:42.769101,391814,31.93,31.92,3706,4892,-1377,1680
554,CAG,2020-02-04,0 days 15:59:45.776262,391814,31.93,31.92,8385,4038,-1335,1723
555,CAG,2020-02-04,0 days 15:59:49.784875,390844,31.93,31.92,1337,5696,1174,-6326
556,CAH,2020-02-04,0 days 15:55:00.069599,410764,51.69,51.68,1326,1143,9420,-76264
557,CAH,2020-02-04,0 days 15:55:05.081458,408184,51.67,51.66,979,306,-2544,9420
558,CAH,2020-02-04,0 days 15:57:33.439506,461238,51.63,51.62,537,1366,184,-8316
559,CAH,2020-02-04,0 days 15:57:37.450265,460122,51.62,51.6,893,800,-1142,2984
560,CAH,2020-02-04,0 days 15:57:38.452316,461264,51.62,51.6,2033,807,1358,-1142
561,CAH,2020-02-04,0 days 15:57:39.454014,459722,51.62,51.6,2133,1007,-1542,1358
562,CAH,2020-02-04,0 days 15:58:07.523727,458428,51.6,51.59,3273,470,-1933,3067
563,CAH,2020-02-04,0 days 15:58:10.530578,460361,51.6,51.59,100,763,356,-1933
564,CAH,2020-02-04,0 days 15:58:11.533036,458117,51.61,51.6,400,320,-2244,356
565,CAH,2020-02-04,0 days 15:58:29.576111,460361,51.59,51.57,9254,2186,56,-1944
566,CAH,2020-02-04,0 days 15:58:46.617057,459261,51.57,51.55,498,1100,3606,-494
567,CAH,2020-02-04,0 days 15:59:21.702635,468104,51.57,51.56,590,305,-836,2264
568,CAH,2020-02-04,0 days 15:59:28.719229,469613,51.56,51.54,7301,5423,3691,-2209
569,CAH,2020-02-04,0 days 15:59:34.734605,461904,51.58,51.56,646,1700,-7709,2791
570,CAT,2020-02-04,0 days 15:55:11.076785,220670,133.64,133.61,300,1757,8252,-1947
571,CAT,2020-02-04,0 days 15:55:12.079476,219522,133.67,133.65,1033,300,-1148,8252
572,CAT,2020-02-04,0 days 15:55:36.137883,220670,133.62,133.61,801,604,9425,-1048
573,CAT,2020-02-04,0 days 15:55:47.163929,225695,133.68,133.67,300,109,-233,467
574,CAT,2020-02-04,0 days 15:55:48.166425,225784,133.65,133.63,600,400,911,-233
575,CAT,2020-02-04,0 days 15:56:08.214139,227766,133.66,133.61,416,1512,-333,82
576,CAT,2020-02-04,0 days 15:56:16.234025,228417,133.62,133.6,1318,1013,4449,-651
577,CAT,2020-02-04,0 days 15:56:38.287019,232566,133.56,133.54,1200,100,-256,2144
578,CAT,2020-02-04,0 days 15:56:39.288869,232222,133.56,133.54,1024,310,344,-256
579,CAT,2020-02-04,0 days 15:56:54.325761,232566,133.56,133.54,600,119,-2156,144
580,CAT,2020-02-04,0 days 15:56:58.335434,237866,133.52,133.51,600,608,-29,271
581,CAT,2020-02-04,0 days 15:57:01.342571,237702,133.51,133.49,663,650,-193,2407
582,CAT,2020-02-04,0 days 15:57:26.403534,254164,133.4,133.39,1,210,-1697,3
583,CAT,2020-02-04,0 days 15:57:31.416039,255961,133.4,133.39,100,400,1303,-2097
584,CAT,2020-02-04,0 days 15:57:32.418002,254964,133.39,133.38,118,253,-897,1303
585,CAT,2020-02-04,0 days 15:57:33.420411,255961,133.39,133.38,422,745,3203,-897
586,CAT,2020-02-04,0 days 15:57:34.422459,257164,133.39,133.38,100,453,-897,3203
587,CAT,2020-02-04,0 days 15:57:35.425252,258161,133.39,133.38,587,545,703,-897
588,CAT,2020-02-04,0 days 15:57:54.467923,277723,133.33,133.32,16,80,-306,2194
589,CAT,2020-02-04,0 days 15:57:55.470432,275729,133.34,133.32,1174,80,1994,-306
590,CAT,2020-02-04,0 days 15:58:27.548165,272923,133.45,133.44,220,319,-1486,214
591,CAT,2020-02-04,0 days 15:58:28.550863,271909,133.45,133.44,215,869,1014,-1486
592,CAT,2020-02-04,0 days 15:58:36.570027,272923,133.44,133.43,736,491,-5586,114
593,CAT,2020-02-04,0 days 15:58:37.572824,272609,133.44,133.43,536,750,314,-5586
594,CAT,2020-02-04,0 days 15:58:48.599031,274623,133.42,133.39,895,295,-2439,4161
595,CAT,2020-02-04,0 days 15:58:53.611002,274623,133.42,133.39,795,588,-2439,961
596,CAT,2020-02-04,0 days 15:58:54.613354,274209,133.42,133.39,1105,592,414,-2439
597,CAT,2020-02-04,0 days 15:59:02.633191,272923,133.44,133.43,304,678,-1825,575
598,CAT,2020-02-04,0 days 15:59:03.635996,272548,133.44,133.43,542,469,375,-1825
599,CAT,2020-02-04,0 days 15:59:30.701426,285767,133.49,133.47,1637,532,1599,-601
600,CAT,2020-02-04,0 days 15:59:32.705721,284866,133.44,133.43,110,779,-901,1299
601,CAT,2020-02-04,0 days 15:59:34.710695,285767,133.45,133.43,646,1135,4958,-901
602,CAT,2020-02-04,0 days 15:59:35.713733,285725,133.47,133.46,823,200,-818,4958
603,CAT,2020-02-04,0 days 15:59:36.715440,286543,133.45,133.41,301,909,1054,-818
604,CAT,2020-02-04,0 days 15:59:37.717926,285897,133.46,133.41,172,2029,-646,1054
605,CAT,2020-02-04,0 days 15:59:39.723095,286543,133.46,133.43,527,1648,10854,-646
606,CAT,2020-02-04,0 days 15:59:40.726598,286497,133.47,133.43,200,1888,-644,10854
607,CAT,2020-02-04,0 days 15:59:47.741736,297497,133.47,133.43,638,504,101,-13709
608,CAT,2020-02-04,0 days 15:59:48.744067,296861,133.52,133.48,840,502,-636,101
609,CC,2020-02-04,0 days 15:57:05.822850,157134,14.28,14.27,15240,4933,144,-3356
610,CC,2020-02-04,0 days 15:57:08.830255,153778,14.28,14.27,14940,3666,-3356,544
611,CC,2020-02-04,0 days 15:59:48.215400,178581,14.3,14.29,19296,17809,-1101,2121
612,CCJ,2020-02-04,0 days 15:55:00.069053,35141,8.69,8.68,13013,26818,-6902,3680
613,CCJ,2020-02-04,0 days 15:56:49.332204,41193,8.7,8.69,32253,52266,734,-616
614,CCJ,2020-02-04,0 days 15:59:27.716729,85573,8.7,8.69,56899,27249,-3981,919
615,CCJ,2020-02-04,0 days 15:59:28.718489,83454,8.7,8.69,62799,25549,2119,-3981
616,CCJ,2020-02-04,0 days 15:59:39.746329,85573,8.7,8.69,71394,27093,-3481,2119
617,CCJ,2020-02-04,0 days 15:59:40.750259,84154,8.7,8.69,71294,25193,1419,-3481
618,CCL,2020-02-04,0 days 15:55:01.001991,290730,43.57,43.56,779,1700,18374,-63930
619,CCL,2020-02-04,0 days 15:55:02.001596,287112,43.58,43.56,3830,1991,-3618,18374
620,CCL,2020-02-04,0 days 15:56:06.156746,288400,43.58,43.57,7675,3941,-3758,4642
621,CCL,2020-02-04,0 days 15:56:31.216721,294817,43.59,43.58,4071,1919,2583,-2817
622,CCL,2020-02-04,0 days 15:56:33.221468,291500,43.58,43.57,4154,2000,-3317,4283
623,CCL,2020-02-04,0 days 15:58:38.524504,322491,43.57,43.56,4081,3414,3877,-4523
624,CCL,2020-02-04,0 days 15:58:39.527178,317568,43.57,43.56,3791,4214,-4923,3877
625,CCL,2020-02-04,0 days 15:58:44.539319,322491,43.57,43.56,3765,4506,307,-4923
626,CCL,2020-02-04,0 days 15:58:48.548815,322798,43.57,43.56,2958,5314,-47,307
627,CCL,2020-02-04,0 days 15:59:48.691841,346495,43.58,43.57,3800,5501,-19174,5935
628,CDE,2020-02-04,0 days 15:55:00.080923,183738,5.89,5.88,27319,31058,-3719,16602
629,CDE,2020-02-04,0 days 15:55:54.212246,187457,5.89,5.88,32976,42661,4055,-1145
630,CDE,2020-02-04,0 days 15:59:00.663095,202209,5.89,5.88,30185,77194,-3723,2620
631,CDE,2020-02-04,0 days 15:59:01.665555,200632,5.89,5.88,48053,66240,1577,-3723
632,CDE,2020-02-04,0 days 15:59:10.689652,213100,5.89,5.88,47277,49574,-4206,2368
633,CDE,2020-02-04,0 days 15:59:11.691037,211206,5.89,5.88,50724,49174,1894,-4206
634,CDE,2020-02-04,0 days 15:59:14.698627,213100,5.89,5.88,49490,49318,-18253,1894
635,CDE,2020-02-04,0 days 15:59:15.701414,209653,5.89,5.88,50683,48406,3447,-18253
636,CDE,2020-02-04,0 days 15:59:37.753617,215826,5.89,5.88,42335,71261,274,-726
637,CDE,2020-02-04,0 days 15:59:40.763260,216100,5.89,5.88,23269,85711,-1526,274
638,CF,2020-02-04,0 days 15:55:01.001617,317748,41.01,41.0,1322,1541,-15301,37812
639,CF,2020-02-04,0 days 15:55:02.001416,312649,41.01,41.0,1522,1941,5099,-15301
640,CF,2020-02-04,0 days 15:57:04.296810,328405,41.0,40.99,4448,2289,-1006,4743
641,CF,2020-02-04,0 days 15:57:05.298787,326355,40.99,40.98,1161,1833,2095,-1006
642,CF,2020-02-04,0 days 15:59:06.593104,345347,41.0,40.98,4565,4213,-2014,3709
643,CF,2020-02-04,0 days 15:59:50.696915,403678,41.06,41.05,200,1800,21224,-1276
644,CF,2020-02-04,0 days 15:59:55.708330,415498,41.09,41.06,9159,8085,-597,21224
645,CFG,2020-02-04,0 days 15:59:16.614497,349746,38.3,38.29,4612,4759,53674,-15660
646,CGC,2020-02-04,0 days 15:59:59.918781,16236,22.36,22.33,3820,11613,351,-1140
647,CHD,2020-02-04,0 days 15:55:00.520778,227495,74.77,74.76,1579,195,-6196,64319
648,CHD,2020-02-04,0 days 15:55:01.522570,221991,74.76,74.75,952,218,6304,-6196
649,CHD,2020-02-04,0 days 15:59:00.104900,239600,74.67,74.66,50,612,-303,997
650,CHD,2020-02-04,0 days 15:59:06.114980,235556,74.67,74.64,1522,950,826,-921
651,CHD,2020-02-04,0 days 15:59:47.213184,255159,74.68,74.67,200,431,572,-648
652,CHWY,2020-02-04,0 days 15:58:02.636322,23183,27.32,27.28,300,2547,-653,462
653,CHWY,2020-02-04,0 days 15:58:27.696378,23997,27.31,27.3,1627,1653,1086,-814
654,CHWY,2020-02-04,0 days 15:58:28.699059,23183,27.31,27.3,1627,1653,-814,1086
655,CHWY,2020-02-04,0 days 15:58:39.725714,24411,27.31,27.3,3062,2275,172,-414
656,CHWY,2020-02-04,0 days 15:59:18.818992,24972,27.36,27.33,1800,94,-26,761
657,CI,2020-02-04,0 days 15:55:08.069615,137960,196.59,196.56,93,25,-29,171
658,CI,2020-02-04,0 days 15:55:09.073918,140489,196.6,196.52,201,251,371,-29
659,CI,2020-02-04,0 days 15:56:04.204545,137560,196.78,196.74,100,100,-671,129
660,CI,2020-02-04,0 days 15:56:18.238700,138231,196.77,196.69,307,100,37,-163
661,CI,2020-02-04,0 days 15:57:44.443675,153200,196.52,196.47,262,3,-1415,1185
662,CI,2020-02-04,0 days 15:57:45.446227,152015,196.52,196.48,62,100,1185,-1415
663,CI,2020-02-04,0 days 15:57:46.448754,153200,196.52,196.48,62,7,-15,1185
664,CI,2020-02-04,0 days 15:57:48.453380,154520,196.55,196.48,200,410,1380,-320
665,CI,2020-02-04,0 days 15:57:57.475061,153700,196.6,196.55,310,18,-120,1380
666,CI,2020-02-04,0 days 15:57:58.477811,152520,196.6,196.55,210,18,1180,-120
667,CI,2020-02-04,0 days 15:58:36.570027,152500,196.6,196.57,517,100,-845,255
668,CI,2020-02-04,0 days 15:58:37.572850,151545,196.6,196.57,517,108,955,-845
669,CI,2020-02-04,0 days 15:59:09.650913,154327,196.6,196.56,137,702,-349,2166
670,CI,2020-02-04,0 days 15:59:10.655331,153476,196.61,196.59,114,100,342,-349
671,CI,2020-02-04,0 days 15:59:12.658114,154318,196.6,196.58,18,20,-454,342
672,CI,2020-02-04,0 days 15:59:13.660684,153589,196.59,196.53,200,3,229,-454
673,CI,2020-02-04,0 days 15:59:20.676367,154318,196.62,196.57,32,400,-779,606
674,CI,2020-02-04,0 days 15:59:21.678292,153697,196.62,196.58,31,200,621,-779
675,CI,2020-02-04,0 days 15:59:24.685920,156382,196.66,196.63,40,45,-268,232
676,CI,2020-02-04,0 days 15:59:28.696414,154250,196.72,196.65,700,440,1832,-1868
677,CI,2020-02-04,0 days 15:59:29.698512,154782,196.72,196.66,100,1064,-668,1832
678,CI,2020-02-04,0 days 15:59:30.701448,154250,196.73,196.66,2272,603,532,-668
679,CI,2020-02-04,0 days 15:59:35.713687,153082,196.73,196.69,200,300,-2768,532
680,CI,2020-02-04,0 days 15:59:44.734909,152346,196.7,196.64,1181,300,736,-664
681,CI,2020-02-04,0 days 15:59:46.739333,153787,196.76,196.69,1301,1397,-259,541
682,CIEN,2020-02-04,0 days 15:59:15.733438,119466,42.92,42.91,484,2595,200,-474
683,CIEN,2020-02-04,0 days 15:59:20.744264,116706,42.92,42.91,674,1947,-2560,200
684,CIEN,2020-02-04,0 days 15:59:48.811994,128967,42.93,42.92,1225,3568,-1199,3518
685,CIG,2020-02-04,0 days 15:59:05.663946,58999,3.57,3.56,102390,328176,-8893,7016
686,CIG,2020-02-04,0 days 15:59:10.676734,337192,3.57,3.56,52289,368755,18349,-8893
687,CL,2020-02-04,0 days 15:55:25.142096,507600,75.24,75.23,413,1832,-5033,8322
688,CL,2020-02-04,0 days 15:56:12.254998,532871,75.25,75.24,1581,2623,3068,-4032
689,CL,2020-02-04,0 days 15:56:13.257444,529439,75.25,75.24,1481,3423,-3432,3068
690,CL,2020-02-04,0 days 15:56:25.285905,532805,75.24,75.23,3395,803,847,-19
691,CL,2020-02-04,0 days 15:56:26.290219,529752,75.23,75.22,1077,375,-3053,847
692,CL,2020-02-04,0 days 15:56:33.305510,532805,75.21,75.2,907,2943,24147,-1087
693,CL,2020-02-04,0 days 15:56:34.307690,532152,75.22,75.21,1109,1268,-653,24147
694,CL,2020-02-04,0 days 15:57:05.383538,534224,75.2,75.19,3154,951,2697,-672
695,CL,2020-02-04,0 days 15:57:20.419986,535708,75.22,75.2,2128,2820,3888,-482
696,CL,2020-02-04,0 days 15:58:16.557016,550179,75.26,75.25,100,4714,3817,-983
697,CL,2020-02-04,0 days 15:58:17.558431,549196,75.26,75.25,224,4714,-983,3817
698,CL,2020-02-04,0 days 15:58:36.604410,551845,75.29,75.28,1075,4834,151,-449
699,CL,2020-02-04,0 days 15:58:52.642323,551996,75.31,75.3,2596,3944,-1810,74
700,CL,2020-02-04,0 days 15:59:06.678196,560632,75.33,75.32,876,578,26629,-55
701,CL,2020-02-04,0 days 15:59:13.695834,662494,75.37,75.36,1439,1378,-5330,768
702,CL,2020-02-04,0 days 15:59:14.698488,656424,75.37,75.36,3170,369,6070,-5330
703,CL,2020-02-04,0 days 15:59:35.749512,681787,75.41,75.4,1031,1681,-4190,19087
704,CL,2020-02-04,0 days 15:59:39.758963,595944,75.42,75.41,645,2061,90719,-4555
705,CL,2020-02-04,0 days 15:59:55.796883,691468,75.4,75.38,1300,999,2217,-40371
706,CLDR,2020-02-04,0 days 15:55:00.080579,135046,10.58,10.57,4458,11647,2225,-6365
707,CLDR,2020-02-04,0 days 15:55:09.104051,137271,10.58,10.57,8450,11570,-2436,2225
708,CLDR,2020-02-04,0 days 15:55:10.105642,135507,10.58,10.57,8099,11614,1764,-2436
709,CLDR,2020-02-04,0 days 15:56:41.325343,96471,10.59,10.58,9106,17093,-27387,2013
710,CLDR,2020-02-04,0 days 15:56:47.340033,123858,10.59,10.58,11628,13334,19013,-24587
711,CLDR,2020-02-04,0 days 15:57:58.512027,142640,10.59,10.58,11844,20690,-418,2082
712,CLDR,2020-02-04,0 days 15:57:59.514586,140558,10.59,10.58,12966,20299,2082,-418
713,CLDR,2020-02-04,0 days 15:58:57.655110,107040,10.59,10.58,14582,24305,-19467,2033
714,CLDR,2020-02-04,0 days 15:59:15.701224,147143,10.59,10.58,15225,20998,2597,-10503
715,CLDR,2020-02-04,0 days 15:59:25.724253,154713,10.59,10.58,9332,22993,-1190,2910
716,CLDR,2020-02-04,0 days 15:59:26.726621,153047,10.6,10.59,6696,22312,97,-1190
717,CLDR,2020-02-04,0 days 15:59:41.764163,157022,10.6,10.59,18443,31432,-1780,6433
718,CLNY,2020-02-04,0 days 15:55:00.113266,210636,4.81,4.8,17270,5710,5636,-28401
719,CLNY,2020-02-04,0 days 15:57:12.432874,217966,4.8,4.79,10636,27637,-10210,3890
720,CLNY,2020-02-04,0 days 15:57:13.434986,214795,4.8,4.79,11086,27982,3171,-10210
721,CLNY,2020-02-04,0 days 15:59:06.710398,223838,4.79,4.78,7040,57085,-30095,1636
722,CLR,2020-02-04,0 days 15:57:42.505168,234826,26.57,26.56,1684,2847,22120,-3280
723,CLR,2020-02-04,0 days 15:57:43.507384,226546,26.58,26.57,6800,100,-8280,22120
724,CLR,2020-02-04,0 days 15:59:20.744070,310705,26.59,26.58,2097,350,35473,-9529
725,CLR,2020-02-04,0 days 15:59:21.745702,307478,26.6,26.59,900,4400,-3227,35473
726,CLX,2020-02-04,0 days 15:58:03.603571,150970,163.76,163.69,400,276,2220,-3723
727,CLX,2020-02-04,0 days 15:58:04.605852,144343,163.79,163.71,249,367,-6627,2220
728,CLX,2020-02-04,0 days 15:59:17.782035,154977,163.85,163.83,838,476,549,-2151
729,CLX,2020-02-04,0 days 15:59:25.801682,153332,163.85,163.84,1000,197,-1645,2855
730,CLX,2020-02-04,0 days 15:59:48.857803,154364,163.7,163.67,687,100,-552,2452
731,CMA,2020-02-04,0 days 15:56:47.344017,190926,62.9,62.88,1100,1103,1359,-2941
732,CMA,2020-02-04,0 days 15:56:48.345922,185585,62.91,62.9,400,690,-5428,1359
733,CMA,2020-02-04,0 days 15:58:51.643911,209748,62.88,62.87,520,2187,-2688,1712
734,CMA,2020-02-04,0 days 15:59:58.806594,227866,62.93,62.89,12153,1700,-4400,800
735,CMI,2020-02-04,0 days 15:55:00.194174,134262,161.7,161.69,100,210,-3216,78446
736,CMI,2020-02-04,0 days 15:55:01.196721,129978,161.75,161.62,102,300,4584,-3216
737,CMI,2020-02-04,0 days 15:55:41.293947,134252,161.78,161.7,300,400,-1881,307
738,CMI,2020-02-04,0 days 15:55:42.296274,130933,161.78,161.7,300,501,3319,-1881
739,CMI,2020-02-04,0 days 15:58:43.735285,192315,161.3,161.28,819,210,-2931,24669
740,CMI,2020-02-04,0 days 15:58:44.737578,178746,161.28,161.23,919,600,13569,-2931
741,CMI,2020-02-04,0 days 15:59:15.812395,207423,161.29,161.27,1304,861,-7761,9229
742,CMI,2020-02-04,0 days 15:59:16.814695,204898,161.29,161.28,1206,96,2525,-7761
743,CMI,2020-02-04,0 days 15:59:49.894762,163438,161.03,160.98,600,1173,67473,-32338
744,CMI,2020-02-04,0 days 15:59:50.897666,230811,161.08,160.99,897,1300,-19027,67473
745,CMS,2020-02-04,0 days 15:59:22.716325,338573,67.48,67.47,1396,1650,-1081,1066
746,CMS,2020-02-04,0 days 15:59:24.721678,340280,67.48,67.47,2596,1200,2393,-1081
747,CMS,2020-02-04,0 days 15:59:37.753591,334315,67.46,67.45,908,2561,-6143,8657
748,CMS,2020-02-04,0 days 15:59:40.763091,340958,67.46,67.45,1002,2368,278,-1422
749,CMS,2020-02-04,0 days 15:59:46.775798,337948,67.44,67.43,970,2046,-2190,2270
750,CNC,2020-02-04,0 days 15:55:01.001727,352647,61.99,61.97,990,100,-13127,99332
751,CNC,2020-02-04,0 days 15:55:02.001499,339800,61.97,61.95,1201,400,12847,-13127
752,CNC,2020-02-04,0 days 15:55:38.089955,352770,61.9,61.88,1418,300,-245,899
753,CNC,2020-02-04,0 days 15:55:44.104249,346315,61.9,61.88,1127,500,6455,-245
754,CNC,2020-02-04,0 days 15:57:10.311728,354821,61.8,61.78,1202,1358,-698,3657
755,CNC,2020-02-04,0 days 15:57:11.314123,349719,61.8,61.78,1602,859,4857,-698
756,CNC,2020-02-04,0 days 15:57:13.318914,354976,61.81,61.8,439,648,-2336,4838
757,CNC,2020-02-04,0 days 15:57:14.321231,350683,61.81,61.8,639,1498,4293,-2336
758,CNC,2020-02-04,0 days 15:57:53.415207,388391,61.8,61.79,500,1236,-30456,1744
759,CNC,2020-02-04,0 days 15:57:54.417679,378628,61.81,61.79,710,1049,1763,-30456
760,CNC,2020-02-04,0 days 15:58:50.553422,395536,61.76,61.75,400,441,-31155,12151
761,CNC,2020-02-04,0 days 15:58:51.555651,386191,61.77,61.75,403,100,9345,-31155
762,CNC,2020-02-04,0 days 15:59:10.603110,417654,61.76,61.73,1192,1386,-5024,14388
763,CNC,2020-02-04,0 days 15:59:11.605136,409478,61.76,61.73,1191,1577,3176,-5024
764,CNC,2020-02-04,0 days 15:59:15.614829,414957,61.75,61.74,295,200,-19298,2431
765,CNC,2020-02-04,0 days 15:59:16.614393,408855,61.76,61.74,940,1204,10198,-19298
766,CNC,2020-02-04,0 days 15:59:44.682180,447248,61.82,61.8,200,600,4743,-8439
767,CNC,2020-02-04,0 days 15:59:57.712717,420082,61.98,61.95,100,1344,-809,1696
768,CNC,2020-02-04,0 days 15:59:58.713891,420891,61.98,61.95,1033,8597,16544,-809
769,CNC,2020-02-04,0 days 16:00:00.717408,420082,61.97,61.94,23941,17126,-809,16544
770,CNHI,2020-02-04,0 days 15:59:21.626596,28364,9.8,9.79,63763,20855,-4914,1029
771,CNQ,2020-02-04,0 days 15:57:11.837463,54243,28.59,28.58,12831,10234,1900,-1220
772,CNQ,2020-02-04,0 days 15:57:12.840869,53411,28.59,28.58,6691,16134,-832,1900
773,CNQ,2020-02-04,0 days 15:59:07.117414,51937,28.58,28.57,14735,3894,-1484,2316
774,CNQ,2020-02-04,0 days 15:59:18.142570,53421,28.57,28.56,16965,4503,84,-611
775,CNQ,2020-02-04,0 days 15:59:25.159369,53605,28.57,28.56,16206,823,-564,84
776,CNX,2020-02-04,0 days 15:57:04.459926,205348,7.24,7.23,18563,28075,-1835,565
777,CNX,2020-02-04,0 days 15:58:12.625857,224148,7.24,7.23,17025,24266,-1103,3397
778,CNX,2020-02-04,0 days 15:59:06.757415,228785,7.25,7.24,29882,24909,5046,-4141
779,COG,2020-02-04,0 days 15:59:39.790035,450473,14.41,14.4,19666,46346,2424,-1276
780,COG,2020-02-04,0 days 15:59:40.793954,434597,14.41,14.4,12527,45692,-15876,2424
781,COP,2020-02-04,0 days 15:59:09.690351,999108,56.55,56.54,1001,2974,18512,-9288
782,COP,2020-02-04,0 days 15:59:10.691741,963381,56.59,56.58,467,300,-32615,18512
783,COP,2020-02-04,0 days 15:59:20.714776,1010407,56.56,56.55,200,1294,9707,-1549
784,COP,2020-02-04,0 days 15:59:21.717067,1000514,56.57,56.55,1568,1922,-9493,9707
785,COP,2020-02-04,0 days 15:59:32.743906,1030372,56.55,56.54,1284,200,-10915,14185
786,COP,2020-02-04,0 days 15:59:34.749540,1041687,56.54,56.53,537,2941,42,-23198
787,COP,2020-02-04,0 days 15:59:42.769238,1045803,56.53,56.52,529,1600,20822,-14171
788,COP,2020-02-04,0 days 15:59:43.771465,1040025,56.54,56.53,200,733,-5778,20822
789,COTY,2020-02-04,0 days 15:59:15.666318,906262,10.67,10.66,15383,11015,142241,-179714
790,COTY,2020-02-04,0 days 15:59:16.666457,890453,10.7,10.69,9783,12011,-46109,142241
791,COTY,2020-02-04,0 days 15:59:25.688788,928149,10.68,10.67,6881,8618,1407,-4302
792,COTY,2020-02-04,0 days 15:59:27.693148,929556,10.68,10.67,11217,9265,-6593,1407
793,CPE,2020-02-04,0 days 15:55:00.080424,201144,2.96,2.95,62958,124141,-5975,57085
794,CPE,2020-02-04,0 days 15:56:35.310492,208619,2.96,2.95,63629,188202,1197,-1103
795,CPE,2020-02-04,0 days 15:56:36.312641,209816,2.96,2.95,56329,189002,-4103,1197
796,CPE,2020-02-04,0 days 15:59:04.673376,314791,2.96,2.95,195684,183340,6114,-14935
797,CPE,2020-02-04,0 days 15:59:29.733974,336640,2.96,2.95,178332,188806,-15251,21849
798,CPE,2020-02-04,0 days 15:59:30.736737,329391,2.96,2.95,188732,181738,7249,-15251
799,CPE,2020-02-04,0 days 15:59:39.758963,341740,2.96,2.95,223074,160813,-16455,2090
800,CPE,2020-02-04,0 days 15:59:40.762964,314095,2.96,2.95,235974,147159,22545,-16455
801,CPRI,2020-02-04,0 days 15:55:00.159497,182805,30.74,30.73,4727,1517,5384,-1066
802,CPRI,2020-02-04,0 days 15:56:06.318494,188789,30.77,30.76,305,1036,-1367,1933
803,CPRI,2020-02-04,0 days 15:56:56.438695,192280,30.76,30.75,2049,660,-2002,762
804,CPRI,2020-02-04,0 days 15:56:57.442106,192082,30.76,30.75,1960,467,98,-2002
805,CPRI,2020-02-04,0 days 15:57:07.465762,213867,30.76,30.75,2277,3496,-1931,185
806,CPRI,2020-02-04,0 days 15:57:11.475791,210398,30.78,30.77,200,1100,1369,-531
807,CPRI,2020-02-04,0 days 15:57:18.492738,211767,30.78,30.77,814,1000,-1631,969
808,CPRI,2020-02-04,0 days 15:57:19.495167,210698,30.79,30.77,800,1725,1069,-1631
809,CPRI,2020-02-04,0 days 15:57:34.531796,212162,30.8,30.79,537,1400,-1236,1069
810,CPRI,2020-02-04,0 days 15:57:35.534247,210998,30.8,30.79,637,1400,1064,-1236
811,CPRI,2020-02-04,0 days 15:57:38.541356,212262,30.8,30.79,1008,2310,-1136,164
812,CPRI,2020-02-04,0 days 15:57:39.543855,211298,30.8,30.79,1208,3110,964,-1136
813,CPRI,2020-02-04,0 days 15:57:57.587408,214200,30.77,30.76,2621,500,-598,1202
814,CPRI,2020-02-04,0 days 15:57:58.589835,212998,30.77,30.76,2321,900,1102,-598
815,CPRI,2020-02-04,0 days 15:58:30.667911,220903,30.75,30.74,1904,2269,-2771,1695
816,CPRI,2020-02-04,0 days 15:58:31.670027,219474,30.75,30.74,2006,2269,1329,-2771
817,CPRI,2020-02-04,0 days 15:58:33.675190,220993,30.75,30.74,794,2877,-2605,629
818,CPRI,2020-02-04,0 days 15:58:40.691979,215910,30.75,30.74,1342,4107,-2864,1129
819,CPRI,2020-02-04,0 days 15:59:05.754719,223611,30.74,30.73,1182,2185,-3866,8396
820,CPRI,2020-02-04,0 days 15:59:09.764142,222784,30.74,30.73,2100,1886,-241,186
821,CPRI,2020-02-04,0 days 15:59:10.766381,211025,30.74,30.73,2946,2187,416,-241
822,CPRI,2020-02-04,0 days 15:59:13.773294,222064,30.73,30.72,530,1211,-9061,10439
823,CPRI,2020-02-04,0 days 15:59:14.776203,220725,30.73,30.72,1555,715,1339,-9061
824,CPRI,2020-02-04,0 days 15:59:16.779906,222064,30.74,30.73,840,1659,-2078,918
825,CPRI,2020-02-04,0 days 15:59:17.781116,220542,30.75,30.74,1611,681,922,-2078
826,CPRI,2020-02-04,0 days 15:59:25.800642,225464,30.75,30.74,121,881,-7814,3322
827,CPRI,2020-02-04,0 days 15:59:26.803010,223378,30.75,30.74,721,881,2086,-7814
828,CPRI,2020-02-04,0 days 15:59:46.852125,228866,30.76,30.75,215,986,-812,1188
829,CPRI,2020-02-04,0 days 15:59:54.872257,226734,30.77,30.74,2370,436,2232,-768
830,CRM,2020-02-04,0 days 15:55:00.069214,324509,188.52,188.48,4,130,-891,28603
831,CRM,2020-02-04,0 days 15:55:01.073037,322800,188.51,188.47,200,512,1709,-891
832,CRM,2020-02-04,0 days 15:56:55.347385,326821,188.46,188.44,5,448,-21738,311
833,CRM,2020-02-04,0 days 15:57:25.420214,362239,188.32,188.31,254,256,1146,-81
834,CRM,2020-02-04,0 days 15:57:26.422609,359985,188.32,188.31,503,256,-2254,1146
835,CRM,2020-02-04,0 days 15:57:59.502601,378034,188.38,188.37,600,1568,2070,-3430
836,CRM,2020-02-04,0 days 15:58:00.506115,374004,188.38,188.37,297,1127,-4030,2070
837,CRM,2020-02-04,0 days 15:59:20.700324,381227,188.33,188.32,210,300,5472,-4916
838,CRM,2020-02-04,0 days 15:59:21.702481,378499,188.36,188.35,500,200,-11128,5472
839,CRM,2020-02-04,0 days 15:59:31.726094,381091,188.34,188.31,1600,2206,9085,-1653
840,CRM,2020-02-04,0 days 15:59:32.728386,378576,188.32,188.31,600,2109,-2515,9085
841,CRM,2020-02-04,0 days 15:59:34.734346,381091,188.33,188.32,283,222,8311,-2515
842,CRM,2020-02-04,0 days 15:59:35.736506,369802,188.36,188.32,1400,632,-11289,8311
843,CRM,2020-02-04,0 days 15:59:38.744459,381167,188.36,188.34,400,455,-8902,76
844,CRM,2020-02-04,0 days 15:59:39.746680,390069,188.36,188.35,300,200,19598,-8902
845,CRM,2020-02-04,0 days 15:59:40.750705,388467,188.38,188.36,530,462,-26086,19598
846,CRM,2020-02-04,0 days 15:59:44.758560,394063,188.35,188.33,1301,200,16204,-8880
847,CRM,2020-02-04,0 days 15:59:45.760845,392267,188.35,188.33,245,300,-1908,16204
848,CRM,2020-02-04,0 days 15:59:50.772688,394175,188.35,188.33,201,300,5895,-27389
849,CRM,2020-02-04,0 days 15:59:54.781546,399470,188.39,188.35,500,2384,-19189,5295
850,CRM,2020-02-04,0 days 15:59:56.786046,385675,188.36,188.32,7600,297,14395,-19789
851,CTL,2020-02-04,0 days 15:59:34.657835,1083524,13.96,13.95,26600,72585,-56059,24916
852,CTL,2020-02-04,0 days 15:59:35.661071,1067483,13.96,13.95,27900,70012,16041,-56059
853,CTL,2020-02-04,0 days 15:59:36.662481,1083524,13.96,13.95,25382,72005,-6575,16041
854,CTLT,2020-02-04,0 days 15:57:04.459525,961959,59.35,59.34,112,200,-12651,3107
855,CTLT,2020-02-04,0 days 15:57:05.461739,950810,59.31,59.29,2496,846,15149,-12651
856,CVE,2020-02-04,0 days 15:59:00.629107,25499,8.72,8.71,33431,102858,-6987,1029
857,CVNA,2020-02-04,0 days 15:55:16.152479,52306,91.59,91.54,4,200,1267,-865
858,CVNA,2020-02-04,0 days 15:55:17.154325,50973,91.59,91.54,4,300,-1333,1267
859,CVNA,2020-02-04,0 days 15:56:24.315294,57463,91.66,91.62,528,781,-1847,353
860,CVNA,2020-02-04,0 days 15:57:14.437357,60715,91.69,91.65,100,1627,9836,-2622
861,CVNA,2020-02-04,0 days 15:57:15.439480,59551,91.69,91.65,400,1402,-1164,9836
862,CVNA,2020-02-04,0 days 15:58:10.573886,61579,91.62,91.59,300,506,1913,-819
863,CVNA,2020-02-04,0 days 15:58:11.576207,60692,91.62,91.59,500,506,-887,1913
864,CVNA,2020-02-04,0 days 15:59:38.787502,74692,91.49,91.45,200,4,-507,487
865,CVNA,2020-02-04,0 days 15:59:55.828503,73660,91.43,91.33,2800,100,832,-268
866,CVNA,2020-02-04,0 days 15:59:56.827101,74492,91.43,91.29,3820,52,-268,832
867,CVNA,2020-02-04,0 days 15:59:58.832528,73660,91.43,91.3,2506,585,1032,-268
868,CVNA,2020-02-04,0 days 16:00:00.837110,74292,91.41,91.4,15470,700,-468,832
869,CVS,2020-02-04,0 days 15:56:40.238687,395008,68.0,67.99,3210,1038,1367,-1389
870,CVS,2020-02-04,0 days 15:56:41.241110,388950,68.01,68.0,2702,1739,-6058,1367
871,CVS,2020-02-04,0 days 15:59:15.614797,551636,67.89,67.88,1036,1300,6198,-1373
872,CVS,2020-02-04,0 days 15:59:16.614357,548234,67.9,67.89,400,1453,-3402,6198
873,CVS,2020-02-04,0 days 15:59:27.640706,554986,67.9,67.89,901,1650,15614,-5966
874,CVS,2020-02-04,0 days 15:59:28.643666,553500,67.9,67.89,2401,200,-1486,15614
875,CVS,2020-02-04,0 days 15:59:33.655263,555000,67.87,67.86,1868,2200,-2878,2661
876,CVX,2020-02-04,0 days 15:55:00.056816,797984,106.72,106.71,602,512,119145,-113803
877,CVX,2020-02-04,0 days 15:59:29.698512,1020549,106.79,106.77,90,800,-3975,5360
878,CVX,2020-02-04,0 days 15:59:30.701448,1005624,106.79,106.77,490,1800,15360,-3975
879,CVX,2020-02-04,0 days 15:59:31.703145,1020549,106.79,106.77,349,1707,-2965,15360
880,CVX,2020-02-04,0 days 15:59:32.705721,1014614,106.79,106.77,1060,1615,5935,-2965
881,CVX,2020-02-04,0 days 15:59:41.727719,1041987,106.8,106.78,169,605,-6262,17170
882,CVX,2020-02-04,0 days 15:59:42.730298,1039498,106.81,106.79,602,605,2589,-6262
883,CX,2020-02-04,0 days 15:57:12.840388,165491,4.27,4.26,74523,354988,-1559,23041
884,CX,2020-02-04,0 days 15:57:13.842481,152850,4.27,4.26,74523,347393,12641,-1559
885,CYH,2020-02-04,0 days 15:58:07.500223,45887,4.23,4.22,11099,18404,-1553,2647
886,D,2020-02-04,0 days 15:59:48.857592,562703,84.62,84.61,989,705,-4372,50
887,DAL,2020-02-04,0 days 15:56:32.218990,448763,57.94,57.93,3985,5375,805,-795
888,DAL,2020-02-04,0 days 15:56:33.221468,448168,57.94,57.93,7213,5331,-595,805
889,DAL,2020-02-04,0 days 15:57:04.296879,464663,57.91,57.9,2693,6400,-560,1818
890,DAL,2020-02-04,0 days 15:57:20.335918,466918,57.9,57.89,4780,2200,46245,-931
891,DAL,2020-02-04,0 days 15:57:38.379638,535165,57.93,57.92,2378,6571,-613,2287
892,DAL,2020-02-04,0 days 15:57:39.382062,529678,57.93,57.92,2975,6271,5487,-613
893,DAL,2020-02-04,0 days 15:58:00.435292,522665,57.93,57.92,1997,4697,-6513,5987
894,DAL,2020-02-04,0 days 15:58:01.435411,517878,57.93,57.92,3374,3261,4787,-6513
895,DAL,2020-02-04,0 days 15:58:18.476219,528265,57.92,57.91,1377,4714,-2788,3512
896,DAL,2020-02-04,0 days 15:58:19.479115,523153,57.92,57.91,1200,4719,5112,-2788
897,DAL,2020-02-04,0 days 15:58:25.493722,518261,57.93,57.92,1585,3020,4404,-1296
898,DAL,2020-02-04,0 days 15:58:36.520093,522765,57.94,57.93,3101,5123,-11696,4504
899,DAL,2020-02-04,0 days 15:58:37.522635,519460,57.94,57.93,4311,3879,3305,-11696
900,DAL,2020-02-04,0 days 15:59:05.591373,534642,57.93,57.92,2851,1055,-14931,3226
901,DAL,2020-02-04,0 days 15:59:27.640839,556045,57.93,57.92,2314,4258,9507,-13593
902,DAL,2020-02-04,0 days 15:59:43.679555,553957,57.94,57.93,2158,848,17595,-6991
903,DAN,2020-02-04,0 days 15:55:01.073081,71495,16.31,16.3,2858,2555,1854,-2153
904,DAN,2020-02-04,0 days 15:55:02.074030,69749,16.31,16.3,3739,2436,-1746,1854
905,DAN,2020-02-04,0 days 15:56:57.352534,73251,16.31,16.3,4636,7103,681,-1819
906,DAN,2020-02-04,0 days 15:56:58.354815,71532,16.31,16.3,4956,6819,-1719,681
907,DAN,2020-02-04,0 days 15:58:36.592717,80723,16.32,16.31,1702,8085,1009,-3291
908,DAN,2020-02-04,0 days 15:58:37.595374,78732,16.32,16.31,1999,8096,-1991,1009
909,DAN,2020-02-04,0 days 15:58:53.633646,78107,16.32,16.31,2038,5094,625,-3447
910,DAN,2020-02-04,0 days 15:58:54.636248,76232,16.32,16.31,2140,4994,-1875,625
911,DAN,2020-02-04,0 days 15:59:24.710181,82838,16.33,16.32,1456,8169,94,-206
912,DAN,2020-02-04,0 days 15:59:32.728386,83003,16.34,16.33,12877,3927,-1546,165
913,DAN,2020-02-04,0 days 15:59:34.734398,87649,16.34,16.33,14265,780,854,-4646
914,DAN,2020-02-04,0 days 15:59:35.736536,85734,16.34,16.33,13365,679,-715,854
915,DAN,2020-02-04,0 days 15:59:40.750705,87649,16.34,16.33,10650,692,85,-715
916,DAN,2020-02-04,0 days 15:59:48.767557,87134,16.34,16.33,5721,8124,-26,674
917,DAR,2020-02-04,0 days 15:57:09.507078,170073,28.22,28.21,6231,4506,-882,1355
918,DAR,2020-02-04,0 days 15:57:10.509440,167855,28.22,28.21,6365,4951,2218,-882
919,DAR,2020-02-04,0 days 15:57:30.557882,168871,28.25,28.24,2233,2300,-584,1043
920,DAR,2020-02-04,0 days 15:57:31.560446,166955,28.25,28.24,2233,3573,1916,-584
921,DAR,2020-02-04,0 days 15:57:34.567425,168871,28.25,28.24,4571,3793,-1384,1916
922,DAR,2020-02-04,0 days 15:57:35.569902,167255,28.25,28.24,2547,3606,1616,-1384
923,DAR,2020-02-04,0 days 15:58:18.675120,169745,28.24,28.23,11465,4013,-1142,1958
924,DAR,2020-02-04,0 days 15:58:19.676952,167787,28.24,28.23,10786,4313,1958,-1142
925,DAR,2020-02-04,0 days 15:59:39.870837,179762,28.23,28.22,1091,4974,-663,1090
926,DAR,2020-02-04,0 days 15:59:50.897716,179179,28.24,28.23,900,5164,583,-317
927,DB,2020-02-04,0 days 15:59:39.670544,100692,9.0,8.99,361981,45660,254,-1071
928,DD,2020-02-04,0 days 15:56:42.327495,638074,52.79,52.78,1200,2542,14674,-4996
929,DD,2020-02-04,0 days 15:58:51.640509,667262,52.78,52.77,3500,4893,6552,-13748
930,DDD,2020-02-04,0 days 15:52:27.714825,45834,11.71,11.7,9025,2741,241,-1306
931,DDD,2020-02-04,0 days 15:56:50.345920,64330,11.71,11.7,9414,1713,-12014,2086
932,DDD,2020-02-04,0 days 15:56:53.353427,91544,11.7,11.69,5841,4022,1986,-11214
933,DDD,2020-02-04,0 days 15:57:12.399524,97054,11.7,11.69,5097,3032,-890,172
934,DEI,2020-02-04,0 days 15:56:52.355723,74389,42.16,42.14,6,1467,-47,995
935,DEI,2020-02-04,0 days 15:56:55.363619,71536,42.17,42.15,468,600,7885,-15
936,DEI,2020-02-04,0 days 15:59:14.701162,85753,42.17,42.15,670,865,-46,1887
937,DEI,2020-02-04,0 days 15:59:15.705393,85999,42.17,42.16,602,300,3417,-46
938,DEI,2020-02-04,0 days 15:59:33.746874,89927,42.19,42.17,619,881,-479,1321
939,DEI,2020-02-04,0 days 15:59:50.788194,89504,42.21,42.19,4938,416,148,-187
940,DELL,2020-02-04,0 days 15:55:40.617983,143930,51.09,51.08,841,500,18472,-1356
941,DELL,2020-02-04,0 days 15:56:07.682149,149902,51.12,51.1,1170,1000,-80,672
942,DELL,2020-02-04,0 days 15:56:08.684861,149382,51.12,51.1,1170,1100,520,-80
943,DELL,2020-02-04,0 days 15:57:20.859881,156589,51.07,51.05,415,300,-5037,178
944,DELL,2020-02-04,0 days 15:57:21.861881,155626,51.07,51.05,425,200,963,-5037
945,DELL,2020-02-04,0 days 15:58:00.957871,158850,51.06,51.05,1545,914,-578,2122
946,DELL,2020-02-04,0 days 15:58:01.958621,157628,51.06,51.05,1891,914,1222,-578
947,DELL,2020-02-04,0 days 15:58:05.969374,155585,51.06,51.05,2062,1114,-4243,458
948,DELL,2020-02-04,0 days 15:58:06.970805,155228,51.06,51.05,2260,953,357,-4243
949,DELL,2020-02-04,0 days 15:58:07.973298,155585,51.06,51.05,1861,848,-1143,357
950,DELL,2020-02-04,0 days 15:58:08.975762,155228,51.06,51.05,1861,848,357,-1143
951,DELL,2020-02-04,0 days 15:58:17.997114,157685,51.03,51.01,3018,887,-443,557
952,DELL,2020-02-04,0 days 15:58:19.000546,157128,51.03,51.01,3778,1087,557,-443
953,DELL,2020-02-04,0 days 15:58:53.081595,158385,51.02,51.0,2027,895,-5843,1240
954,DELL,2020-02-04,0 days 15:58:54.084050,157828,51.02,51.01,1581,603,557,-5843
955,DELL,2020-02-04,0 days 15:59:13.131509,161645,51.03,51.02,351,520,485,-3260
956,DELL,2020-02-04,0 days 15:59:25.159392,163630,51.04,51.03,1266,623,-125,85
957,DELL,2020-02-04,0 days 15:59:26.161689,163455,51.04,51.03,1364,525,175,-125
958,DELL,2020-02-04,0 days 15:59:39.194195,172681,51.05,51.03,876,1850,-3894,141
959,DELL,2020-02-04,0 days 15:59:46.211166,172681,51.06,51.02,1287,960,-13294,441
960,DFS,2020-02-04,0 days 15:57:22.393590,249027,75.8,75.79,501,100,102,-1094
961,DFS,2020-02-04,0 days 15:58:30.555306,252041,75.85,75.83,871,776,30701,-4299
962,DFS,2020-02-04,0 days 15:58:31.557596,248852,75.86,75.85,907,223,-3189,30701
963,DFS,2020-02-04,0 days 15:58:34.565003,252041,75.85,75.84,400,2100,2311,-2789
964,DFS,2020-02-04,0 days 15:58:35.568057,250252,75.85,75.84,1535,2000,-1789,2311
965,DFS,2020-02-04,0 days 15:58:36.570003,252041,75.85,75.84,1706,2100,1311,-1789
966,DFS,2020-02-04,0 days 15:58:37.572824,251152,75.84,75.83,780,404,-889,1311
967,DFS,2020-02-04,0 days 15:58:50.603889,249776,75.86,75.84,843,704,726,-1588
968,DFS,2020-02-04,0 days 15:58:51.606092,247902,75.86,75.84,477,763,-1874,726
969,DFS,2020-02-04,0 days 15:59:40.726592,321801,75.87,75.85,400,400,-2446,10523
970,DHF,2020-02-04,0 days 15:59:36.715386,3713,3.17,3.16,20000,37970,-1787,2113
971,DHF,2020-02-04,0 days 15:59:37.717813,3600,3.17,3.16,20000,37970,113,-1787
972,DHI,2020-02-04,0 days 15:59:05.707576,361006,57.64,57.63,2997,5052,-40425,8319
973,DHI,2020-02-04,0 days 15:59:06.710151,356889,57.64,57.63,4723,1497,1817,-40425
974,DHT,2020-02-04,0 days 15:56:37.231129,54594,5.66,5.65,19446,48732,198,-102
975,DHT,2020-02-04,0 days 15:59:06.593154,83314,5.66,5.65,11917,74118,-1196,1336
976,DIS,2020-02-04,0 days 15:56:55.275267,575707,144.73,144.7,202,1255,-7707,2325
977,DIS,2020-02-04,0 days 15:56:56.276949,573355,144.73,144.71,202,2,2352,-7707
978,DIS,2020-02-04,0 days 15:57:00.287313,575707,144.67,144.65,602,719,-4452,1914
979,DIS,2020-02-04,0 days 15:57:01.290032,574309,144.68,144.66,404,605,1398,-4452
980,DIS,2020-02-04,0 days 15:57:07.303955,576971,144.69,144.68,916,257,-3227,1062
981,DIS,2020-02-04,0 days 15:57:08.306625,575598,144.69,144.68,916,557,1373,-3227
982,DIS,2020-02-04,0 days 15:57:33.368254,577533,144.81,144.79,112,901,-9342,2338
983,DIS,2020-02-04,0 days 15:57:34.369864,577359,144.81,144.79,729,114,255,-9342
984,DIS,2020-02-04,0 days 15:57:35.372071,577614,144.79,144.77,317,225,-4718,255
985,DIS,2020-02-04,0 days 15:58:36.520093,596317,144.89,144.87,1293,2,-1541,359
986,DIS,2020-02-04,0 days 15:58:37.522664,596758,144.87,144.85,40,879,1659,-1541
987,DIS,2020-02-04,0 days 15:58:42.534100,599917,144.89,144.87,500,600,-4941,2598
988,DIS,2020-02-04,0 days 15:58:50.553469,596906,144.84,144.8,400,108,-7552,13559
989,DIS,2020-02-04,0 days 15:58:51.555651,591258,144.81,144.79,700,36,5648,-7552
990,DIS,2020-02-04,0 days 15:59:07.595520,605790,144.76,144.75,300,105,-3855,12560
991,DIS,2020-02-04,0 days 15:59:08.598119,604545,144.75,144.73,552,563,1245,-3855
992,DIS,2020-02-04,0 days 15:59:13.609886,605107,144.76,144.75,910,622,1425,-3011
993,DIS,2020-02-04,0 days 15:59:24.633943,630914,144.77,144.74,300,400,1598,-4402
994,DIS,2020-02-04,0 days 15:59:25.635848,629212,144.77,144.75,796,626,-1702,1598
995,DIS,2020-02-04,0 days 15:59:30.648281,634414,144.79,144.76,701,100,5498,-2502
996,DIS,2020-02-04,0 days 15:59:31.650766,624512,144.79,144.75,601,836,-9902,5498
997,DIS,2020-02-04,0 days 15:59:32.652669,630914,144.77,144.75,300,30,8998,-9902
998,DIS,2020-02-04,0 days 15:59:33.655362,629212,144.77,144.75,400,30,-1702,8998
999,DIS,2020-02-04,0 days 15:59:36.662462,639790,144.76,144.74,735,250,1622,-14078
1000,DIS,2020-02-04,0 days 15:59:44.682258,641412,144.79,144.77,800,700,-2630,870
1001,DIS,2020-02-04,0 days 15:59:51.698755,640240,144.8,144.76,100,99,-4463,7037
1002,DIS,2020-02-04,0 days 15:59:54.705517,641203,144.81,144.75,158,251,7037,-4463
1003,DIS,2020-02-04,0 days 15:59:56.709125,640240,144.87,144.79,800,200,-16290,7037
1004,DIS,2020-02-04,0 days 16:00:00.717628,641537,144.76,144.72,100,2048,7003,-5384
1005,DLPH,2020-02-04,0 days 15:59:49.813721,276238,15.34,15.33,17600,4143,-2133,2817
1006,DLPH,2020-02-04,0 days 15:59:50.817063,200116,15.34,15.33,21646,7640,76122,-2133
1007,DO,2020-02-04,0 days 15:56:14.264214,81430,4.65,4.64,7363,26555,-1754,246
1008,DO,2020-02-04,0 days 15:59:09.690173,91785,4.65,4.64,15493,30799,3808,-2174
1009,DOC,2020-02-04,0 days 15:59:16.814695,216847,19.61,19.6,14164,7121,-17267,27638
1010,DOC,2020-02-04,0 days 15:59:17.816647,215507,19.61,19.6,22076,1079,1340,-17267
1011,DOC,2020-02-04,0 days 15:59:29.846397,219574,19.59,19.58,8127,10452,-5558,19725
1012,DOC,2020-02-04,0 days 15:59:30.848641,217932,19.59,19.58,7770,9200,1642,-5558
1013,DOC,2020-02-04,0 days 15:59:37.865781,219990,19.6,19.59,13295,16315,-81,803
1014,DOC,2020-02-04,0 days 15:59:39.870801,218979,19.6,19.59,12495,16072,1011,-81
1015,DOC,2020-02-04,0 days 15:59:42.878424,219990,19.6,19.59,4427,19456,-2954,981
1016,DRE,2020-02-04,0 days 15:55:00.113558,155905,36.7,36.69,3015,4264,34584,-13730
1017,DRE,2020-02-04,0 days 15:55:37.202580,158846,36.65,36.64,800,6774,-15667,2297
1018,DRE,2020-02-04,0 days 15:56:02.262256,174513,36.66,36.65,2200,5298,1733,-1818
1019,DRE,2020-02-04,0 days 15:56:03.264840,173146,36.66,36.65,900,6433,-1367,1733
1020,DRE,2020-02-04,0 days 15:57:00.403372,182266,36.65,36.64,7184,2187,4051,-1949
1021,DRE,2020-02-04,0 days 15:58:01.551807,187391,36.65,36.64,4894,3346,-312,1388
1022,DRE,2020-02-04,0 days 15:58:06.564028,187703,36.65,36.64,3389,7319,1979,-721
1023,DRE,2020-02-04,0 days 15:58:07.568450,186982,36.65,36.64,3189,6619,-721,1979
1024,DRE,2020-02-04,0 days 15:58:21.600397,188003,36.67,36.66,6843,6658,1079,-321
1025,DRE,2020-02-04,0 days 15:58:22.602569,187682,36.67,36.66,6459,6684,-21,1079
1026,DRE,2020-02-04,0 days 15:59:04.705632,188971,36.66,36.65,7350,3731,16439,-460
1027,DRE,2020-02-04,0 days 15:59:12.724846,211429,36.66,36.65,3358,6323,-3115,1818
1028,DRE,2020-02-04,0 days 15:59:27.760978,208778,36.66,36.65,1918,6941,1105,-623
1029,DRE,2020-02-04,0 days 15:59:39.790035,209926,36.67,36.66,1500,8889,-401,699
1030,DRH,2020-02-04,0 days 15:58:05.530048,89755,10.04,10.03,45684,13535,-1880,1690
1031,DRH,2020-02-04,0 days 15:58:06.531930,87635,10.04,10.03,45846,13235,2120,-1880
1032,DRH,2020-02-04,0 days 15:59:29.733974,135149,10.05,10.04,31989,73404,13704,-5827
1033,DT,2020-02-04,0 days 15:58:02.526031,29827,32.43,32.4,356,800,-162,612
1034,DT,2020-02-04,0 days 15:58:07.537952,32077,32.45,32.43,600,379,-186,2588
1035,DT,2020-02-04,0 days 15:58:08.540408,30689,32.44,32.42,400,602,1388,-186
1036,DT,2020-02-04,0 days 15:58:33.600829,32077,32.44,32.42,1206,720,-12,314
1037,DT,2020-02-04,0 days 15:59:00.666773,29663,32.46,32.44,1900,207,165,-290
1038,DVN,2020-02-04,0 days 15:55:38.253386,468679,21.83,21.82,800,8246,-417,25900
1039,DVN,2020-02-04,0 days 15:55:51.283874,435596,21.83,21.82,5647,6252,33083,-417
1040,DVN,2020-02-04,0 days 15:59:15.779132,490604,21.86,21.85,22386,11985,-2369,5548
1041,DVN,2020-02-04,0 days 15:59:16.780893,485673,21.86,21.85,20689,14474,4931,-2369
1042,DXC,2020-02-04,0 days 15:55:00.081061,134303,32.96,32.95,1811,100,1645,-5409
1043,DXC,2020-02-04,0 days 15:56:56.361112,136528,33.02,33.01,350,2517,-3812,685
1044,DXC,2020-02-04,0 days 15:56:57.363874,135940,33.02,33.01,474,2221,501,-3812
1045,DXC,2020-02-04,0 days 15:57:37.461534,146259,33.03,33.02,2372,1807,-532,1168
1046,DXC,2020-02-04,0 days 15:57:38.464011,144891,33.03,33.02,6772,1965,1368,-532
1047,EAF,2020-02-04,0 days 15:58:36.683567,119547,11.04,11.03,14500,10001,816,-3384
1048,EAF,2020-02-04,0 days 15:58:37.686357,116763,11.04,11.03,14400,9001,-2784,816
1049,EDU,2020-02-04,0 days 15:55:00.160127,48218,133.0,132.97,1208,1082,976,-8089
1050,EDU,2020-02-04,0 days 15:56:51.427711,50189,133.0,132.99,332,1,-153,177
1051,EDU,2020-02-04,0 days 15:56:52.429914,49642,133.0,132.99,332,1,547,-153
1052,EDU,2020-02-04,0 days 15:58:39.690637,53699,132.97,132.96,671,1856,-360,440
1053,EDU,2020-02-04,0 days 15:58:40.692977,53359,132.97,132.96,568,1956,340,-360
1054,EDU,2020-02-04,0 days 15:59:05.755874,57231,133.0,132.98,1260,2580,-228,232
1055,EDU,2020-02-04,0 days 15:59:22.794264,58273,133.16,132.89,764,250,59963,-153
1056,EDU,2020-02-04,0 days 15:59:25.801682,59314,133.1,132.9,1409,404,-459,1005
1057,EGO,2020-02-04,0 days 15:59:48.892519,76824,6.63,6.62,7553,66452,-1808,2792
1058,EIX,2020-02-04,0 days 15:54:03.384276,168316,75.61,75.6,90,443,3633,-31
1059,EIX,2020-02-04,0 days 15:55:00.520412,220060,75.58,75.57,678,944,-5961,3633
1060,EIX,2020-02-04,0 days 15:55:39.615248,226569,75.51,75.5,900,204,1273,-1681
1061,EIX,2020-02-04,0 days 15:55:40.617860,223742,75.49,75.48,400,251,-2827,1273
1062,EIX,2020-02-04,0 days 15:56:17.706474,226569,75.5,75.49,200,846,4032,-2210
1063,EIX,2020-02-04,0 days 15:56:18.708636,224401,75.51,75.49,601,997,-2168,4032
1064,EIX,2020-02-04,0 days 15:57:37.900220,228203,75.41,75.4,100,922,788,-1360
1065,EIX,2020-02-04,0 days 15:57:38.902445,227391,75.4,75.39,909,500,-560,788
1066,EIX,2020-02-04,0 days 15:57:59.953632,227951,75.38,75.37,701,120,140,-660
1067,EIX,2020-02-04,0 days 15:58:00.957741,227391,75.38,75.37,601,642,-560,140
1068,EIX,2020-02-04,0 days 15:58:04.966064,227951,75.39,75.38,578,1529,966,-1025
1069,EIX,2020-02-04,0 days 15:58:05.969316,226117,75.4,75.39,400,680,-1834,966
1070,EIX,2020-02-04,0 days 15:58:06.970719,227951,75.41,75.4,100,1336,666,-1834
1071,EIX,2020-02-04,0 days 15:58:07.973207,226017,75.42,75.41,200,890,-2186,666
1072,EIX,2020-02-04,0 days 15:58:21.004342,228203,75.51,75.5,100,880,14,-4186
1073,EIX,2020-02-04,0 days 15:58:34.035884,232617,75.51,75.5,1969,878,-1486,14
1074,EIX,2020-02-04,0 days 15:58:38.045591,234103,75.48,75.47,1208,251,1514,-1486
1075,EIX,2020-02-04,0 days 15:58:39.048328,232517,75.48,75.47,908,1608,-1586,1514
1076,EIX,2020-02-04,0 days 15:59:04.109300,275697,75.48,75.44,1426,1640,-3426,13724
1077,EIX,2020-02-04,0 days 15:59:36.186319,286630,75.51,75.49,661,2406,482,-2671
1078,EL,2020-02-04,0 days 15:55:01.073166,150538,200.52,200.41,155,100,-48787,19290
1079,EL,2020-02-04,0 days 15:56:26.278211,197700,200.46,200.43,100,16,103,-297
1080,EL,2020-02-04,0 days 15:56:27.279391,196003,200.45,200.41,31,200,-1697,103
1081,EL,2020-02-04,0 days 15:56:53.342295,199462,200.37,200.34,289,300,-1838,473
1082,EL,2020-02-04,0 days 15:56:54.345238,199200,200.37,200.34,514,300,262,-1838
1083,EL,2020-02-04,0 days 15:56:56.349574,178962,200.4,200.38,300,300,-20238,262
1084,EL,2020-02-04,0 days 15:57:12.389112,181580,200.4,200.38,96,200,-20064,436
1085,EL,2020-02-04,0 days 15:57:32.437414,199143,200.45,200.43,102,10,5154,-1946
1086,EL,2020-02-04,0 days 15:57:33.439480,198197,200.49,200.44,239,249,-4546,5154
1087,EL,2020-02-04,0 days 15:57:37.450209,203043,200.46,200.42,505,316,654,-1346
1088,EL,2020-02-04,0 days 15:57:38.452267,201697,200.46,200.42,705,116,-1346,654
1089,EL,2020-02-04,0 days 15:58:02.510944,200845,200.35,200.31,507,695,21152,-1248
1090,EL,2020-02-04,0 days 15:58:03.513072,205497,200.39,200.34,314,249,-1348,21152
1091,EL,2020-02-04,0 days 15:58:04.515938,205145,200.39,200.32,1214,400,142,-1348
1092,EL,2020-02-04,0 days 15:58:07.523699,205287,200.39,200.32,1440,1100,-858,2042
1093,EL,2020-02-04,0 days 15:58:09.528312,204945,200.39,200.32,1960,900,342,-1458
1094,EL,2020-02-04,0 days 15:58:24.564077,205287,200.32,200.29,232,100,-1794,706
1095,EL,2020-02-04,0 days 15:58:25.566946,204781,200.32,200.28,281,300,506,-1794
1096,EL,2020-02-04,0 days 15:58:32.583094,204845,200.36,200.3,223,610,442,-58
1097,EL,2020-02-04,0 days 15:58:46.617027,212687,200.2,200.17,55,200,-18194,3464
1098,EL,2020-02-04,0 days 15:58:47.619467,211381,200.21,200.16,2008,300,1306,-18194
1099,EL,2020-02-04,0 days 15:59:03.658608,212972,200.23,200.2,607,400,-17966,3692
1100,EL,2020-02-04,0 days 15:59:04.662257,211898,200.22,200.17,193,200,22732,-17966
1101,EL,2020-02-04,0 days 15:59:11.678546,219546,200.24,200.22,500,549,-21474,533
1102,EL,2020-02-04,0 days 15:59:12.681054,218720,200.26,200.25,1719,592,1191,-21474
1103,EL,2020-02-04,0 days 15:59:15.689484,220142,200.4,200.35,300,100,-1487,1013
1104,EL,2020-02-04,0 days 15:59:36.739005,227053,200.42,200.41,724,19,925,-24757
1105,EL,2020-02-04,0 days 15:59:42.753814,228478,200.41,200.37,1143,276,-420,225
1106,EL,2020-02-04,0 days 15:59:43.756123,227698,200.4,200.35,500,159,780,-420
1107,EL,2020-02-04,0 days 15:59:45.760998,228478,200.4,200.36,610,200,-468,780
1108,EL,2020-02-04,0 days 15:59:46.763267,220302,200.35,200.32,30,612,28676,-468
1109,EL,2020-02-04,0 days 15:59:48.767698,231595,200.4,200.35,300,1020,-28074,4149
1110,EL,2020-02-04,0 days 15:59:57.789570,230720,200.48,200.37,910,952,875,-3362
1111,EL,2020-02-04,0 days 15:59:58.791728,231595,200.47,200.38,2310,1000,-3362,875
1112,ELAN,2020-02-04,0 days 15:57:12.840817,98721,31.63,31.62,1000,2753,2264,-1006
1113,ELAN,2020-02-04,0 days 15:57:29.881355,101298,31.62,31.6,4930,3991,-5123,577
1114,ELAN,2020-02-04,0 days 15:58:29.024251,147321,31.58,31.57,4510,4556,4898,-402
1115,ELAN,2020-02-04,0 days 15:59:26.161561,166182,31.62,31.61,1547,2247,899,-90
1116,ELAN,2020-02-04,0 days 15:59:41.198932,165473,31.64,31.63,630,6139,-1187,113
1117,ELAN,2020-02-04,0 days 15:59:48.215497,164860,31.64,31.63,1205,1238,613,-1187
1118,EMR,2020-02-04,0 days 15:57:36.458982,406956,72.99,72.97,300,829,425,-6775
1119,EMR,2020-02-04,0 days 15:57:39.466056,401767,72.98,72.97,1425,382,-5089,5311
1120,EMR,2020-02-04,0 days 15:57:42.473367,406956,72.98,72.96,1742,1085,511,-689
1121,EMR,2020-02-04,0 days 15:57:43.475947,400467,72.99,72.98,782,400,-6489,511
1122,EMR,2020-02-04,0 days 15:58:06.531875,406956,73.02,73.0,1000,1700,31188,-7071
1123,EMR,2020-02-04,0 days 15:58:07.535249,394944,73.04,73.02,1191,1202,-12012,31188
1124,EMR,2020-02-04,0 days 15:59:45.772955,495639,73.14,73.12,200,400,-9593,25287
1125,EMR,2020-02-04,0 days 15:59:46.775610,493932,73.14,73.12,382,946,1707,-9593
1126,EMR,2020-02-04,0 days 15:59:47.779273,495639,73.14,73.12,282,1739,-70,1707
1127,EMR,2020-02-04,0 days 15:59:48.780246,494472,73.16,73.13,202,2807,2152,-70
1128,ENB,2020-02-04,0 days 15:57:47.489399,1572958,41.26,41.25,3464,24111,-19043,5457
1129,ENB,2020-02-04,0 days 15:57:48.491391,1569901,41.26,41.25,1944,27821,3057,-19043
1130,ENB,2020-02-04,0 days 15:57:57.513159,1572958,41.26,41.25,6240,23765,-5543,3057
1131,ENB,2020-02-04,0 days 15:57:58.515716,1569901,41.26,41.25,5558,23865,3057,-5543
1132,ENB,2020-02-04,0 days 15:58:04.530694,1572958,41.27,41.26,36934,4994,-22043,3057
1133,ENB,2020-02-04,0 days 15:58:05.533227,1569801,41.27,41.26,14670,11933,3157,-22043
1134,ENB,2020-02-04,0 days 15:59:20.714776,1580647,41.27,41.26,34234,4640,-1193,1004
1135,ENB,2020-02-04,0 days 15:59:21.717038,1578440,41.27,41.26,34034,4440,1965,-1193
1136,ENB,2020-02-04,0 days 15:59:38.759633,1580405,41.27,41.26,11887,14538,-319,393
1137,ENB,2020-02-04,0 days 15:59:39.762026,1573182,41.27,41.26,29014,7508,7223,-319
1138,ENB,2020-02-04,0 days 15:59:42.769238,1580405,41.27,41.26,30302,7197,-6658,7223
1139,ENLC,2020-02-04,0 days 15:55:01.001537,62119,5.03,5.02,10459,14841,-9601,14803
1140,ENLC,2020-02-04,0 days 15:55:02.001368,60120,5.03,5.02,12693,17841,1999,-9601
1141,EOG,2020-02-04,0 days 15:55:00.086397,387681,73.44,73.43,427,600,4824,-11833
1142,EPC,2020-02-04,0 days 15:55:27.116235,60536,30.23,30.22,300,200,-591,509
1143,EPC,2020-02-04,0 days 15:55:28.118164,60127,30.24,30.22,600,655,109,-591
1144,EPC,2020-02-04,0 days 15:55:54.180567,60338,30.26,30.25,705,853,-593,207
1145,EPC,2020-02-04,0 days 15:55:55.183542,60031,30.26,30.25,708,853,307,-593
1146,EPD,2020-02-04,0 days 15:55:00.193922,550227,26.13,26.12,12992,5547,-2741,32303
1147,EPD,2020-02-04,0 days 15:57:14.518781,577216,26.13,26.12,14030,11037,2805,-295
1148,EPD,2020-02-04,0 days 15:57:15.521153,573521,26.13,26.12,13459,11337,-3695,2805
1149,EPD,2020-02-04,0 days 15:58:46.742595,608332,26.14,26.13,4314,10236,2189,-15011
1150,EPD,2020-02-04,0 days 15:58:47.744844,602321,26.14,26.13,4814,10236,-6011,2189
1151,EQNR,2020-02-04,0 days 15:55:27.135716,17413,18.03,18.02,10702,15424,53,-347
1152,EQNR,2020-02-04,0 days 15:56:08.233232,17730,18.04,18.03,8861,14342,-429,320
1153,EQNR,2020-02-04,0 days 15:59:19.697708,30024,18.04,18.03,18570,7529,1251,-545
1154,EQNR,2020-02-04,0 days 15:59:20.700478,29575,18.04,18.03,19370,7329,-455,1251
1155,EQT,2020-02-04,0 days 15:58:36.520093,432787,5.7,5.69,27806,25356,10874,-12903
1156,EQT,2020-02-04,0 days 15:58:37.522635,414361,5.7,5.69,29509,25355,-18426,10874
1157,EQT,2020-02-04,0 days 15:59:09.601321,444263,5.7,5.69,19685,39194,3013,-10651
1158,EQT,2020-02-04,0 days 15:59:19.621417,442390,5.72,5.71,83629,15131,1826,-5842
1159,EQT,2020-02-04,0 days 15:59:26.638793,433870,5.72,5.71,85020,12177,-8520,6726
1160,EQT,2020-02-04,0 days 15:59:45.685013,451445,5.72,5.71,87304,11293,1029,-5775
1161,EROS,2020-02-04,0 days 15:59:26.161475,67156,2.67,2.66,10057,16430,-2248,2239
1162,EROS,2020-02-04,0 days 15:59:27.163769,65204,2.67,2.66,9257,14507,1952,-2248
1163,EROS,2020-02-04,0 days 15:59:36.186271,67156,2.67,2.66,15812,26169,-8848,1952
1164,EROS,2020-02-04,0 days 15:59:37.188545,65804,2.67,2.66,15812,25569,1352,-8848
1165,ES,2020-02-04,0 days 15:58:34.514950,237957,90.57,90.56,1717,400,1566,-586
1166,ES,2020-02-04,0 days 15:58:35.517347,235871,90.57,90.56,1763,500,-1886,1566
1167,ES,2020-02-04,0 days 15:59:03.587722,238955,90.6,90.59,1065,742,9998,-1680
1168,ES,2020-02-04,0 days 15:59:04.588908,236253,90.6,90.59,1269,544,-2702,9998
1169,ES,2020-02-04,0 days 15:59:18.618921,241802,90.62,90.61,974,784,-2303,1097
1170,ES,2020-02-04,0 days 15:59:29.645483,248167,90.62,90.61,351,1320,6774,-671
1171,ES,2020-02-04,0 days 15:59:30.648086,246241,90.62,90.61,653,300,-1926,6774
1172,ES,2020-02-04,0 days 15:59:44.682049,248067,90.62,90.61,621,300,10276,-469
1173,ES,2020-02-04,0 days 15:59:45.684797,236098,90.64,90.63,930,97,-11969,10276
1174,ESI,2020-02-04,0 days 15:59:03.106174,135337,12.1,12.09,16489,18267,-7752,2407
1175,ESI,2020-02-04,0 days 15:59:04.109429,133789,12.1,12.09,10837,18699,1548,-7752
1176,ESI,2020-02-04,0 days 15:59:25.159392,131821,12.12,12.11,10480,3518,-2688,657
1177,ET,2020-02-04,0 days 15:58:14.664760,1095323,12.91,12.9,77686,11624,54417,-6183
1178,ET,2020-02-04,0 days 15:58:15.666805,1088740,12.91,12.9,77686,14342,-6583,54417
1179,ET,2020-02-04,0 days 15:59:03.784173,1192533,12.91,12.9,68051,28327,76573,-52627
1180,ET,2020-02-04,0 days 15:59:04.786815,1179906,12.91,12.9,72451,25627,-12617,76573
1181,ETN,2020-02-04,0 days 15:55:01.001727,392276,100.73,100.72,478,100,-11437,83567
1182,ETN,2020-02-04,0 days 15:55:02.001453,385678,100.71,100.69,700,1406,6598,-11437
1183,ETN,2020-02-04,0 days 15:55:33.078503,392276,100.77,100.75,527,941,-394,206
1184,ETN,2020-02-04,0 days 15:55:36.085063,384080,100.77,100.76,330,400,8196,-394
1185,ETN,2020-02-04,0 days 15:56:02.147302,392976,100.82,100.81,300,932,-404,5289
1186,ETN,2020-02-04,0 days 15:56:03.149662,388780,100.82,100.81,211,932,4196,-404
1187,ETN,2020-02-04,0 days 15:57:35.372016,401471,100.81,100.79,704,1340,-2807,593
1188,ETN,2020-02-04,0 days 15:57:36.374907,398078,100.8,100.79,200,1300,3393,-2807
1189,ETN,2020-02-04,0 days 15:57:54.417679,402671,100.79,100.78,100,906,-803,4197
1190,ETN,2020-02-04,0 days 15:57:56.422224,402474,100.83,100.81,109,977,197,-803
1191,ETN,2020-02-04,0 days 15:58:08.452643,397124,100.83,100.82,340,91,5547,-2153
1192,ETN,2020-02-04,0 days 15:58:29.502912,402671,100.81,100.79,321,820,-990,47
1193,ETN,2020-02-04,0 days 15:58:31.507254,402761,100.82,100.79,844,899,10,-90
1194,ETN,2020-02-04,0 days 15:59:36.662360,470405,100.86,100.84,289,540,-1792,4231
1195,ETN,2020-02-04,0 days 15:59:48.691746,470536,100.87,100.86,4609,376,4792,-376
1196,ETRN,2020-02-04,0 days 15:55:44.218335,244822,10.08,10.07,2591,7785,2082,-49418
1197,ETRN,2020-02-04,0 days 15:55:45.220776,235804,10.08,10.07,2593,7385,-9018,2082
1198,ETRN,2020-02-04,0 days 15:57:55.535679,252273,10.07,10.06,6895,1714,-7835,78
1199,EURN,2020-02-04,0 days 15:58:32.583124,17983,10.07,10.06,14847,19552,-1993,50
1200,EVRG,2020-02-04,0 days 15:59:46.775853,645497,71.02,71.01,300,464,79040,-22445
1201,EVRG,2020-02-04,0 days 15:59:47.779722,564269,71.07,71.05,401,200,-119351,79040
1202,EW,2020-02-04,0 days 15:59:19.145084,110308,226.19,226.13,400,113,-86,120
1203,EW,2020-02-04,0 days 15:59:21.150036,109938,226.19,226.13,400,119,370,-86
1204,EW,2020-02-04,0 days 15:59:38.191449,122603,226.21,226.15,358,600,-3518,907
1205,EXK,2020-02-04,0 days 15:59:36.186679,18166,2.03,2.02,98055,65925,-12486,14814
1206,EXK,2020-02-04,0 days 15:59:37.188767,17352,2.03,2.02,103865,45575,814,-12486
1207,EXK,2020-02-04,0 days 15:59:39.194195,18166,2.03,2.02,103865,46175,-886,814
1208,EXK,2020-02-04,0 days 15:59:40.197899,17352,2.03,2.02,102865,45325,814,-886
1209,F,2020-02-04,0 days 15:55:00.113682,2409786,9.2,9.19,193448,401231,56805,-300274
1210,F,2020-02-04,0 days 15:57:06.417727,2495179,9.2,9.19,460867,236647,-49827,7961
1211,F,2020-02-04,0 days 15:57:07.420070,2474406,9.2,9.19,451043,199847,20673,-49827
1212,F,2020-02-04,0 days 15:59:05.708280,2676068,9.18,9.17,486533,332439,-125292,79868
1213,F,2020-02-04,0 days 15:59:06.710589,2665160,9.18,9.17,481533,325294,10908,-125292
1214,F,2020-02-04,0 days 15:59:08.715353,2682632,9.18,9.17,497216,325997,-6279,16952
1215,FCAU,2020-02-04,0 days 15:57:00.375913,42959,13.2,13.19,34285,39308,-2462,377
1216,FCAU,2020-02-04,0 days 15:59:27.732340,60356,13.21,13.2,8330,48797,-194,1306
1217,FCAU,2020-02-04,0 days 15:59:40.766396,60180,13.21,13.2,25867,46557,-370,11530
1218,FCX,2020-02-04,0 days 15:55:04.090488,1519920,12.06,12.05,100722,72107,-593,1162
1219,FCX,2020-02-04,0 days 15:55:07.098197,1520513,12.06,12.05,121640,65441,6698,-593
1220,FCX,2020-02-04,0 days 15:57:35.456631,1765938,12.03,12.02,71139,168644,-2415,30585
1221,FCX,2020-02-04,0 days 15:57:38.463879,1751153,12.03,12.02,84508,162694,14785,-15015
1222,FCX,2020-02-04,0 days 15:57:39.466097,1765938,12.03,12.02,74677,163794,-2515,14785
1223,FCX,2020-02-04,0 days 15:57:40.468796,1752753,12.03,12.02,76035,166382,13185,-2515
1224,FCX,2020-02-04,0 days 15:59:05.675918,1781937,12.03,12.02,88367,180018,-18624,13697
1225,FCX,2020-02-04,0 days 15:59:06.678240,1773461,12.03,12.02,97070,167819,8476,-18624
1226,FCX,2020-02-04,0 days 15:59:21.714399,1774655,12.03,12.02,125669,51651,6749,-15851
1227,FCX,2020-02-04,0 days 15:59:41.764078,1826338,12.03,12.02,49919,122862,-884,6316
1228,FCX,2020-02-04,0 days 15:59:43.768282,1808622,12.03,12.02,44724,112481,17716,-884
1229,FCX,2020-02-04,0 days 15:59:48.780359,1814938,12.04,12.03,59207,141301,-188357,7616
