,Symbol,Timestamp,TIME,iPaired,Ask_P,Bid_P,Ask_S,Bid_S,iShares,PreviShares
0,AA,2020-12-09,0 days 15:59:07.257756,261336,22.68,22.67,702,3400,-7108,12544
1,AA,2020-12-09,0 days 15:59:47.248113,260624,22.68,22.66,4690,5988,7864,-19312
2,AA,2020-12-09,0 days 15:59:48.249547,268488,22.67,22.66,300,3609,-7236,7864
3,AA,2020-12-09,0 days 15:59:50.251876,230824,22.67,22.66,3934,1400,37664,-7336
4,AAN,2020-12-09,0 days 15:55:00.233324,34661,17.34,17.32,1910,101,11580,-174
5,AAN,2020-12-09,0 days 15:59:46.236115,55358,17.34,17.32,200,300,-573,473
6,AAN,2020-12-09,0 days 15:59:48.235642,54431,17.34,17.29,665,300,927,-673
7,ABR,2020-12-09,0 days 15:58:59.235737,104294,14.1,14.09,1962,110,3779,-121
8,ABR,2020-12-09,0 days 15:59:00.237944,102973,14.1,14.09,1862,110,-1321,3779
9,ABR,2020-12-09,0 days 15:59:02.234902,103681,14.1,14.08,2547,1500,742,-708
10,ABR,2020-12-09,0 days 15:59:03.234930,102923,14.1,14.08,2047,1500,-994,742
11,ABR,2020-12-09,0 days 15:59:13.236490,103517,14.09,14.08,100,2200,-402,3998
12,ACB,2020-12-09,0 days 15:59:07.226713,56320,9.86,9.85,5656,697,-501,2309
13,ACB,2020-12-09,0 days 15:59:48.226408,54221,9.86,9.84,10535,6320,2099,-501
14,ACI,2020-12-09,0 days 15:59:07.280545,67350,14.89,14.88,1642,1795,1650,-1349
15,ACI,2020-12-09,0 days 15:59:08.281234,65100,14.89,14.88,1642,1795,-1850,1650
16,ACI,2020-12-09,0 days 15:59:33.280627,65550,14.88,14.87,1586,427,363,-212
17,ACI,2020-12-09,0 days 15:59:47.280175,64399,14.88,14.87,1041,100,-1151,1949
18,ADT,2020-12-09,0 days 15:57:01.275701,148153,8.65,8.64,3800,5600,216,-1924
19,ADT,2020-12-09,0 days 15:57:06.275547,146469,8.65,8.64,6857,3785,-684,216
20,ADT,2020-12-09,0 days 15:57:09.275806,147153,8.64,8.63,4320,6701,105,-684
21,ADT,2020-12-09,0 days 15:58:48.278753,157984,8.63,8.62,7794,6294,8332,-3068
22,ADT,2020-12-09,0 days 15:59:08.281370,170831,8.64,8.63,6283,10135,-753,9847
23,ADT,2020-12-09,0 days 15:59:40.282260,202422,8.64,8.63,4017,11249,928,-972
24,ADT,2020-12-09,0 days 15:59:47.280348,201750,8.64,8.63,1322,9804,-672,11328
25,AEL,2020-12-09,0 days 15:59:15.249631,373652,27.69,27.67,245,100,135178,-128037
26,AEL,2020-12-09,0 days 15:59:16.249267,383430,27.79,27.76,300,100,-15222,135178
27,AEL,2020-12-09,0 days 15:59:17.249229,398652,27.99,27.75,200,100,94,-15222
28,AEL,2020-12-09,0 days 15:59:50.249830,380542,27.73,27.71,100,302,-18993,9207
29,AEO,2020-12-09,0 days 15:55:00.291218,104931,19.61,19.6,1843,2700,9710,-49312
30,AEO,2020-12-09,0 days 15:55:01.290452,102741,19.61,19.6,2163,3009,-2190,9710
31,AEO,2020-12-09,0 days 15:55:52.292766,105138,19.62,19.61,729,4266,2422,-1050
32,AEO,2020-12-09,0 days 15:55:53.293058,103460,19.62,19.61,629,4589,-1678,2422
33,AEO,2020-12-09,0 days 15:56:39.294065,105138,19.6,19.59,1340,4089,1446,-2354
34,AEO,2020-12-09,0 days 15:56:40.293915,104184,19.61,19.6,2308,3606,-954,1446
35,AES,2020-12-09,0 days 15:57:39.253562,826959,20.87,20.86,5007,4019,638,-4462
36,AES,2020-12-09,0 days 15:57:40.254229,820297,20.87,20.86,3685,4019,-6662,638
37,AES,2020-12-09,0 days 15:57:43.254403,826959,20.87,20.86,1886,7341,32544,-5456
38,AES,2020-12-09,0 days 15:58:02.255491,826959,20.89,20.88,6633,3543,18144,-4056
39,AES,2020-12-09,0 days 15:58:03.255931,814024,20.89,20.88,6633,2943,-12935,18144
40,AES,2020-12-09,0 days 15:58:21.257489,839772,20.9,20.89,2731,7068,14135,-28265
41,AES,2020-12-09,0 days 15:58:22.256540,833907,20.91,20.9,3300,4363,-5865,14135
42,AES,2020-12-09,0 days 15:59:22.251099,899544,20.9,20.88,9629,5400,1365,-1835
43,AES,2020-12-09,0 days 15:59:25.251266,891509,20.89,20.88,6990,4259,-8035,2365
44,AES,2020-12-09,0 days 15:59:47.252057,905995,20.89,20.88,2453,10560,4197,-22467
45,AES,2020-12-09,0 days 15:59:50.257921,852371,20.88,20.87,9199,6200,-53524,12476
46,AFL,2020-12-09,0 days 15:55:00.214884,854554,45.21,45.2,1500,511,-460,64891
47,AFL,2020-12-09,0 days 15:55:51.218682,857066,45.24,45.23,500,2925,6349,-1258
48,AFL,2020-12-09,0 days 15:55:52.218956,856515,45.25,45.24,2610,557,-551,6349
49,AFL,2020-12-09,0 days 15:56:10.218221,857066,45.25,45.24,2113,417,31,-551
50,AFL,2020-12-09,0 days 15:56:11.217999,856597,45.25,45.24,1613,510,-469,31
51,AFL,2020-12-09,0 days 15:57:39.220661,883766,45.21,45.2,2111,600,2646,-1824
52,AFL,2020-12-09,0 days 15:57:40.220502,883112,45.21,45.2,1311,1900,-224,2646
53,AFL,2020-12-09,0 days 15:57:57.221732,884436,45.24,45.23,100,2001,9816,-1584
54,AFL,2020-12-09,0 days 15:57:58.221046,882852,45.25,45.23,2898,2100,-1584,9816
55,AFL,2020-12-09,0 days 15:58:00.222323,884436,45.25,45.23,2578,1900,4416,-1584
56,AFL,2020-12-09,0 days 15:58:01.222273,882852,45.25,45.24,2399,490,-1584,4416
57,AFL,2020-12-09,0 days 15:59:11.226267,898394,45.23,45.22,2070,109,-2259,7341
58,AFL,2020-12-09,0 days 15:59:12.226454,900653,45.23,45.22,1470,909,1987,-2259
59,AFL,2020-12-09,0 days 15:59:15.225078,898890,45.24,45.23,1570,900,-1763,197
60,AFL,2020-12-09,0 days 15:59:21.225048,900023,45.2,45.19,620,100,13967,-1563
61,AFL,2020-12-09,0 days 15:59:22.225590,899490,45.2,45.19,1261,600,-533,13967
62,AG,2020-12-09,0 days 15:59:46.252371,76742,10.89,10.88,28043,10640,-5380,2754
63,AG,2020-12-09,0 days 15:59:47.252242,74522,10.89,10.88,28743,7926,2220,-5380
64,AGI,2020-12-09,0 days 15:58:02.251241,64148,9.04,9.03,17060,26630,2332,-1468
65,AGI,2020-12-09,0 days 15:58:16.252757,52587,9.06,9.05,18066,38350,-4861,2803
66,AGI,2020-12-09,0 days 15:58:17.252543,51948,9.06,9.05,8666,44416,639,-4861
67,AGI,2020-12-09,0 days 15:59:06.253851,51389,9.08,9.07,100,61495,1198,-602
68,AGI,2020-12-09,0 days 15:59:12.255035,52587,9.09,9.07,21159,61404,-3970,4876
69,AGI,2020-12-09,0 days 15:59:17.251758,51957,9.08,9.07,28659,31807,1730,-3970
70,AHT,2020-12-09,0 days 15:58:59.298355,34744,3.57,3.56,900,2127,-7540,2843
71,AHT,2020-12-09,0 days 15:59:00.300524,33184,3.57,3.56,1118,2127,1560,-7540
72,AIG,2020-12-09,0 days 15:59:31.253714,635210,40.0,39.99,1640,800,744,-9295
73,AIG,2020-12-09,0 days 15:59:34.252315,643062,39.98,39.96,3440,819,-4047,941
74,AIG,2020-12-09,0 days 15:59:40.252816,636562,39.99,39.98,260,2259,-34581,3870
75,ALLY,2020-12-09,0 days 15:55:00.291654,257335,33.58,33.57,2396,2660,940,-53879
76,ALLY,2020-12-09,0 days 15:55:01.290464,256075,33.58,33.57,3716,1174,-1260,940
77,ALLY,2020-12-09,0 days 15:55:40.292724,257380,33.57,33.56,3542,2726,287,-1005
78,ALLY,2020-12-09,0 days 15:55:41.292442,256467,33.57,33.56,2612,3042,-913,287
79,ALLY,2020-12-09,0 days 15:55:52.292783,246280,33.58,33.57,1607,2079,10980,-120
80,ALLY,2020-12-09,0 days 15:55:58.292946,257508,33.59,33.58,2591,711,-10072,1028
81,ALLY,2020-12-09,0 days 15:55:59.292922,257380,33.59,33.58,2481,702,128,-10072
82,ALLY,2020-12-09,0 days 15:56:39.294076,257596,33.6,33.59,738,5157,-1584,28
83,ALLY,2020-12-09,0 days 15:57:25.295599,263050,33.61,33.6,2623,1007,446,-5054
84,ALLY,2020-12-09,0 days 15:57:39.295865,264096,33.61,33.6,3146,1094,-3354,446
85,ALLY,2020-12-09,0 days 15:57:56.296618,272561,33.61,33.6,2031,1129,-789,111
86,ALLY,2020-12-09,0 days 15:57:57.296834,273350,33.61,33.6,2710,1129,1611,-789
87,ALLY,2020-12-09,0 days 15:57:58.296526,270261,33.61,33.6,3012,829,-3089,1611
88,ALLY,2020-12-09,0 days 15:58:36.298230,274865,33.62,33.61,221,4231,5964,-1736
89,ALLY,2020-12-09,0 days 15:59:08.299418,294380,33.6,33.59,502,4700,58,-77
90,ALLY,2020-12-09,0 days 15:59:12.300556,294716,33.61,33.59,1676,6555,-2310,58
91,ALLY,2020-12-09,0 days 15:59:29.298909,297026,33.59,33.58,4200,448,983,-1775
92,ALLY,2020-12-09,0 days 15:59:31.300030,287009,33.59,33.58,4600,548,-6249,6983
93,ALLY,2020-12-09,0 days 15:59:38.300201,291707,33.56,33.55,2153,2000,602,-849
94,ALLY,2020-12-09,0 days 15:59:40.300651,290484,33.59,33.58,3500,1100,-2374,602
95,AM,2020-12-09,0 days 15:58:04.252498,907460,7.85,7.84,7602,5079,-77687,21250
96,AM,2020-12-09,0 days 15:58:05.252750,881847,7.84,7.83,12248,2324,25613,-77687
97,AM,2020-12-09,0 days 15:59:16.250505,989111,7.86,7.85,6852,10537,-3635,9120
98,AMC,2020-12-09,0 days 15:59:37.279764,71584,3.87,3.86,23287,4030,4763,-337
99,AMC,2020-12-09,0 days 15:59:38.280245,71247,3.87,3.86,21187,4030,-37,4763
100,AMCR,2020-12-09,0 days 15:55:00.214994,832746,11.62,11.61,24556,10558,-797,32333
101,AMCR,2020-12-09,0 days 15:55:40.218087,860051,11.63,11.62,11535,27380,94641,-3259
102,AMCR,2020-12-09,0 days 15:56:10.218303,952801,11.65,11.64,19972,1100,-9212,7818
103,AMCR,2020-12-09,0 days 15:56:11.218277,947613,11.65,11.64,18672,1100,5180,-9212
104,AMCR,2020-12-09,0 days 15:56:12.218123,952801,11.65,11.64,20620,1100,-2312,5180
105,AMCR,2020-12-09,0 days 15:56:13.218240,948413,11.65,11.64,19220,1100,4380,-2312
106,AMCR,2020-12-09,0 days 15:57:16.219646,952861,11.64,11.63,14448,12925,-3169,4031
107,AMCR,2020-12-09,0 days 15:57:17.220407,947430,11.64,11.63,14748,13525,5431,-3169
108,AMCR,2020-12-09,0 days 15:59:44.225969,1077703,11.64,11.63,32772,7722,1387,-13813
109,AMCR,2020-12-09,0 days 15:59:45.227149,1079090,11.64,11.63,35172,7334,-2925,1387
110,AMT,2020-12-09,0 days 15:56:10.251919,393275,219.92,219.89,105,100,-31669,43471
111,AMT,2020-12-09,0 days 15:56:11.251988,392244,219.85,219.79,100,200,1031,-31669
112,AMT,2020-12-09,0 days 15:57:26.253479,397389,219.95,219.93,123,500,-88,912
113,AMT,2020-12-09,0 days 15:57:28.253382,390377,219.95,219.93,100,300,7012,-88
114,AMT,2020-12-09,0 days 15:57:34.253561,397038,220.12,220.02,300,600,-238,162
115,AMT,2020-12-09,0 days 15:57:35.253662,395976,220.12,220.02,300,600,1062,-238
116,AMT,2020-12-09,0 days 15:57:45.254023,410438,220.09,220.02,100,1041,-86,1814
117,AMT,2020-12-09,0 days 15:57:47.253924,402824,220.09,220.02,100,1041,7614,-386
118,AMT,2020-12-09,0 days 15:59:07.259646,415358,220.02,219.88,306,300,-24218,2013
119,AMT,2020-12-09,0 days 15:59:23.252255,434007,219.88,219.67,376,200,9,-4805
120,AMT,2020-12-09,0 days 15:59:31.253714,434718,219.84,219.7,500,600,-1939,199
121,AMT,2020-12-09,0 days 15:59:32.253928,436457,219.76,219.64,100,200,168,-1939
122,AMWL,2020-12-09,0 days 15:55:05.243704,67801,29.7,29.69,590,109,479,-921
123,AMWL,2020-12-09,0 days 15:55:06.243613,66974,29.74,29.7,300,209,-827,479
124,AMWL,2020-12-09,0 days 15:57:06.248734,67801,29.72,29.66,500,100,65,-329
125,AMWL,2020-12-09,0 days 15:57:07.249550,67666,29.72,29.66,200,100,-135,65
126,AMWL,2020-12-09,0 days 15:57:17.249062,69001,29.72,29.66,700,100,1165,-135
127,AMWL,2020-12-09,0 days 15:57:18.248155,68766,29.72,29.66,700,100,-235,1165
128,AMWL,2020-12-09,0 days 15:58:58.252976,70309,29.76,29.71,109,600,455,-150
129,AMWL,2020-12-09,0 days 15:59:01.253786,70764,29.75,29.71,200,800,-245,455
130,AMWL,2020-12-09,0 days 15:59:02.253508,69809,29.74,29.7,100,297,955,-245
131,AMWL,2020-12-09,0 days 15:59:08.254360,70964,29.76,29.68,107,100,-645,255
132,AMWL,2020-12-09,0 days 15:59:09.254323,71909,29.76,29.63,407,300,121,-645
133,AMWL,2020-12-09,0 days 15:59:22.241984,51753,29.77,29.7,100,317,-18656,144
134,AMWL,2020-12-09,0 days 15:59:25.242453,69309,29.71,29.62,200,300,171,-350
135,AMX,2020-12-09,0 days 15:59:31.252081,71687,13.99,13.98,14177,16423,-1156,3344
136,AMX,2020-12-09,0 days 15:59:46.248713,72843,13.99,13.98,6211,22123,3869,-1156
137,AMX,2020-12-09,0 days 15:59:47.248140,72312,13.99,13.98,6111,22123,-531,3869
138,ANH,2020-12-09,0 days 15:57:29.253821,45181,2.55,2.54,4383,7473,2199,-4201
139,ANH,2020-12-09,0 days 15:57:30.253589,44380,2.55,2.54,4089,7473,-801,2199
140,ANH,2020-12-09,0 days 15:58:09.255799,45181,2.55,2.54,332,14160,10009,-801
141,AR,2020-12-09,0 days 15:57:18.253143,232298,4.38,4.37,42835,11500,5909,-891
142,AR,2020-12-09,0 days 15:59:46.252063,258118,4.4,4.39,8610,38356,1652,-5813
143,ARLO,2020-12-09,0 days 15:55:45.264949,45510,7.78,7.77,200,112,380,-820
144,ARLO,2020-12-09,0 days 15:55:46.264563,44690,7.78,7.77,200,112,-820,380
145,ASAN,2020-12-09,0 days 15:55:00.276216,23310,28.39,28.31,100,1110,-28953,21155
146,ASAN,2020-12-09,0 days 15:56:06.281118,30862,28.25,28.19,100,200,18848,-6152
147,ASAN,2020-12-09,0 days 15:56:07.282052,49710,28.25,28.15,100,300,-3852,18848
148,ASAN,2020-12-09,0 days 15:59:50.284988,24534,28.35,28.25,400,100,2872,-20728
149,ATUS,2020-12-09,0 days 15:59:45.301650,656104,34.82,34.81,6911,2640,-20448,4003
150,AU,2020-12-09,0 days 15:58:58.257132,113361,21.5,21.49,6000,4900,-388,1518
151,AU,2020-12-09,0 days 15:58:59.257537,111149,21.5,21.49,6200,4400,2212,-388
152,AU,2020-12-09,0 days 15:59:46.252408,111593,21.5,21.49,1199,8314,-3377,1910
153,AU,2020-12-09,0 days 15:59:47.252287,110270,21.5,21.49,891,8614,1226,-3377
154,AUY,2020-12-09,0 days 15:59:36.252400,124503,5.56,5.55,146221,390552,4874,-7026
155,AXTA,2020-12-09,0 days 15:58:59.256093,96149,28.98,28.97,3403,719,-4370,2230
156,AXTA,2020-12-09,0 days 15:59:00.259157,93019,28.98,28.97,3454,719,3130,-4370
157,AXTA,2020-12-09,0 days 15:59:16.250466,100776,29.01,28.99,2900,2400,875,-1425
158,AXTA,2020-12-09,0 days 15:59:40.248692,101651,28.99,28.98,1904,3631,-1153,2697
159,AXTA,2020-12-09,0 days 15:59:47.248076,100951,29.0,28.99,1067,1800,700,-4300
160,BA,2020-12-09,0 days 15:55:00.291339,665156,231.98,231.83,100,100,1255,-34645
161,BA,2020-12-09,0 days 15:55:01.290452,664503,231.96,231.84,206,100,-1462,1255
162,BA,2020-12-09,0 days 15:55:05.290337,665665,231.91,231.82,200,100,346,-362
163,BA,2020-12-09,0 days 15:55:06.290358,665411,231.91,231.83,200,225,-254,346
164,BA,2020-12-09,0 days 15:55:18.290633,665965,231.99,231.86,100,100,78,-366
165,BA,2020-12-09,0 days 15:55:19.291288,665643,231.98,231.86,100,100,-322,78
166,BA,2020-12-09,0 days 15:55:41.292428,666682,232.16,232.06,100,200,362,-437
167,BA,2020-12-09,0 days 15:55:42.291818,666344,232.19,232.09,300,100,-338,362
168,BA,2020-12-09,0 days 15:57:03.294613,670629,231.96,231.89,215,200,621,-648
169,BA,2020-12-09,0 days 15:57:04.294958,668760,232.04,231.99,100,186,-1869,621
170,BA,2020-12-09,0 days 15:57:25.295599,670880,232.13,232.03,191,200,1809,-591
171,BA,2020-12-09,0 days 15:57:26.295348,670489,232.13,232.03,291,300,-391,1809
172,BA,2020-12-09,0 days 15:57:40.296256,672568,232.22,232.11,400,250,-2612,1609
173,BA,2020-12-09,0 days 15:57:42.296113,675180,232.23,232.11,200,200,588,-2612
174,BA,2020-12-09,0 days 15:57:43.296201,674524,232.28,232.22,100,100,-1256,588
175,BA,2020-12-09,0 days 15:57:56.296610,676180,232.35,232.28,100,100,5509,-491
176,BA,2020-12-09,0 days 15:57:57.296834,675689,232.38,232.3,100,350,-491,5509
177,BA,2020-12-09,0 days 15:58:01.297088,675824,232.48,232.38,100,700,1153,-5804
178,BA,2020-12-09,0 days 15:58:02.297286,675377,232.47,232.38,100,700,-447,1153
179,BA,2020-12-09,0 days 15:58:10.297985,676424,232.56,232.5,200,500,1879,-221
180,BA,2020-12-09,0 days 15:58:12.298940,675347,232.57,232.38,100,430,-477,79
181,BA,2020-12-09,0 days 15:58:13.297278,675824,232.53,232.45,300,100,117,-477
182,BA,2020-12-09,0 days 15:58:14.297317,675341,232.57,232.5,100,100,-483,117
183,BA,2020-12-09,0 days 15:58:32.298157,674124,232.4,232.35,100,200,1261,-439
184,BA,2020-12-09,0 days 15:58:33.297961,673885,232.47,232.38,100,200,-239,1261
185,BA,2020-12-09,0 days 15:58:44.297971,673885,232.46,232.39,300,100,-1939,461
186,BA,2020-12-09,0 days 15:58:49.298449,674124,232.43,232.37,200,100,1261,-439
187,BA,2020-12-09,0 days 15:58:50.298271,673886,232.42,232.37,100,100,-238,1261
188,BA,2020-12-09,0 days 15:58:53.298970,674124,232.42,232.36,100,100,1072,-238
189,BA,2020-12-09,0 days 15:58:59.299300,676146,232.47,232.41,200,135,-31,89
190,BA,2020-12-09,0 days 15:59:01.299986,674477,232.37,232.31,100,100,1669,-31
191,BA,2020-12-09,0 days 15:59:04.299433,680246,232.41,232.31,100,100,-306,1669
192,BA,2020-12-09,0 days 15:59:07.299546,682295,232.42,232.32,296,500,13461,-275
193,BABA,2020-12-09,0 days 15:57:49.249245,518249,263.92,263.9,610,150,-117,3083
194,BABA,2020-12-09,0 days 15:57:58.249570,518249,263.89,263.87,400,149,-6312,88
195,BABA,2020-12-09,0 days 15:57:59.249809,515561,263.89,263.87,375,149,2688,-6312
196,BABA,2020-12-09,0 days 15:58:07.250640,514740,264.02,264.0,875,234,2378,-8681
197,BABA,2020-12-09,0 days 15:58:12.251239,517149,264.03,263.99,200,200,-6950,2655
198,BABA,2020-12-09,0 days 15:58:13.250935,516140,264.05,263.99,375,100,9,-6950
199,BABA,2020-12-09,0 days 15:58:35.253238,506799,263.99,263.95,100,170,11355,-7250
200,BABA,2020-12-09,0 days 15:58:48.251982,520880,263.92,263.86,408,200,-3879,11821
201,BABA,2020-12-09,0 days 15:58:49.252407,517859,263.92,263.86,412,200,3021,-3879
202,BABA,2020-12-09,0 days 15:59:03.252753,520701,264.0,263.94,200,400,-1208,696
203,BABA,2020-12-09,0 days 15:59:05.253607,518709,263.99,263.96,300,300,1968,-1208
204,BABA,2020-12-09,0 days 15:59:15.251249,521101,263.95,263.92,400,300,-30256,1807
205,BABA,2020-12-09,0 days 15:59:29.251374,548975,263.84,263.8,200,300,6723,-2420
206,BABA,2020-12-09,0 days 15:59:30.255065,545401,263.84,263.8,200,966,-3574,6723
207,BABA,2020-12-09,0 days 15:59:32.252720,537075,263.81,263.76,695,100,15926,-3574
208,BABA,2020-12-09,0 days 15:59:33.252211,536501,263.8,263.76,100,708,-574,15926
209,BABA,2020-12-09,0 days 15:59:37.252256,534175,263.74,263.7,700,100,20526,-1874
210,BABA,2020-12-09,0 days 15:59:39.252708,534443,263.81,263.77,410,200,-2632,268
211,BABA,2020-12-09,0 days 15:59:42.251491,548975,263.86,263.78,300,780,7070,-1770
212,BABA,2020-12-09,0 days 15:59:43.251763,547519,264.01,263.95,300,1100,-11634,7070
213,BABA,2020-12-09,0 days 15:59:44.251479,557513,263.92,263.85,843,825,132,-11634
214,BABA,2020-12-09,0 days 15:59:45.253028,557645,263.92,263.9,100,750,-73,132
215,BABA,2020-12-09,0 days 15:59:46.252389,557513,264.01,263.84,300,762,232,-73
216,BABA,2020-12-09,0 days 15:59:47.252108,557745,263.92,263.84,100,1012,-5659,232
217,BABA,2020-12-09,0 days 15:59:50.254903,554699,263.86,263.78,800,447,2346,-4854
218,BABA,2020-12-09,0 days 15:59:54.251086,557045,263.94,263.8,398,100,-6154,2346
219,BABA,2020-12-09,0 days 15:59:55.252366,542761,263.93,263.76,400,103,22184,-6154
220,BAX,2020-12-09,0 days 15:55:00.276296,312166,79.44,79.42,1011,200,2373,-14115
221,BAX,2020-12-09,0 days 15:55:33.279552,314357,79.5,79.49,401,503,-10950,91
222,BAX,2020-12-09,0 days 15:55:38.280425,329563,79.5,79.49,1520,303,2094,-14401
223,BAX,2020-12-09,0 days 15:55:43.280288,332732,79.5,79.49,200,1200,-5649,3564
224,BAX,2020-12-09,0 days 15:56:38.282518,339602,79.5,79.49,127,1629,679,-3221
225,BAX,2020-12-09,0 days 15:57:44.276170,344497,79.49,79.48,901,302,-1000,2500
226,BAX,2020-12-09,0 days 15:57:49.275784,345497,79.49,79.48,1401,202,100,-400
227,BAX,2020-12-09,0 days 15:59:06.280025,359720,79.44,79.43,699,404,2949,-15296
228,BAX,2020-12-09,0 days 15:59:42.280034,361262,79.4,79.36,500,400,-3124,2277
229,BAX,2020-12-09,0 days 15:59:48.280395,369690,79.39,79.38,100,200,5901,-1766
230,BAX,2020-12-09,0 days 15:59:50.285050,344191,79.38,79.36,121,300,-27489,4811
231,BB,2020-12-09,0 days 15:57:18.248029,86810,8.29,8.28,37270,30623,-1361,20739
232,BB,2020-12-09,0 days 15:57:19.248015,84071,8.29,8.28,37270,31723,2739,-1361
233,BBD,2020-12-09,0 days 15:55:00.215700,308451,5.01,5.0,230992,205168,140911,-8212
234,BBVA,2020-12-09,0 days 15:59:37.242822,19345,5.03,5.02,148144,182200,5469,-431
235,BBVA,2020-12-09,0 days 15:59:38.243335,18914,5.03,5.02,148058,181400,-431,5469
236,BBY,2020-12-09,0 days 15:59:15.280013,334454,104.96,104.92,196,100,-52407,77903
237,BBY,2020-12-09,0 days 15:59:25.279470,335054,104.9,104.83,170,100,-446,4254
238,BBY,2020-12-09,0 days 15:59:30.284078,335500,104.87,104.8,100,100,554,-193
239,BBY,2020-12-09,0 days 15:59:31.281054,336307,104.87,104.8,100,150,-6412,554
240,BBY,2020-12-09,0 days 15:59:50.284988,334329,104.84,104.76,100,300,7102,-7798
241,BDN,2020-12-09,0 days 15:55:00.250193,130070,11.72,11.71,5755,2355,-8091,50706
242,BE,2020-12-09,0 days 15:50:10.242844,90367,25.05,25.03,200,1873,14977,-8964
243,BE,2020-12-09,0 days 15:50:30.243492,105344,25.05,25.03,939,1960,-8964,14977
244,BE,2020-12-09,0 days 15:50:34.243600,90367,25.04,25.03,100,1600,14977,-8964
245,BE,2020-12-09,0 days 15:53:12.247429,90367,25.02,24.99,400,202,16177,-2236
246,BE,2020-12-09,0 days 15:54:02.247953,90367,25.04,25.03,2120,900,14977,-8564
247,BE,2020-12-09,0 days 15:54:25.248587,105344,25.07,25.05,628,1301,-9264,14977
248,BE,2020-12-09,0 days 15:55:15.246120,125391,25.0,24.98,612,400,-12741,5306
249,BE,2020-12-09,0 days 15:56:11.248083,135839,25.03,25.0,256,100,-2746,17018
250,BEKE,2020-12-09,0 days 15:51:41.271903,46181,67.04,66.91,1500,100,-2860,10569
251,BEKE,2020-12-09,0 days 15:55:42.264142,55575,67.19,67.1,1032,1100,318,-918
252,BEKE,2020-12-09,0 days 15:55:43.264343,54793,67.19,67.1,1032,1100,-782,318
253,BEKE,2020-12-09,0 days 15:58:33.253281,60495,67.16,67.1,367,200,310,-590
254,BEKE,2020-12-09,0 days 15:58:34.252861,59905,67.16,67.1,467,300,-590,310
255,BEKE,2020-12-09,0 days 15:58:59.256107,62795,67.18,67.07,200,1800,4974,-452
256,BEKE,2020-12-09,0 days 15:59:05.256480,67705,67.16,67.1,200,115,-181,819
257,BEKE,2020-12-09,0 days 15:59:06.256160,67386,67.16,67.1,200,115,319,-181
258,BEKE,2020-12-09,0 days 15:59:12.257287,81666,67.18,67.13,200,2200,-5634,780
259,BEKE,2020-12-09,0 days 15:59:13.256732,80800,67.18,67.13,558,2351,866,-5634
260,BEKE,2020-12-09,0 days 15:59:45.249295,81300,67.21,67.05,200,5200,624,-376
261,BEKE,2020-12-09,0 days 15:59:46.248675,81924,67.21,67.0,200,2500,-588,624
262,BEKE,2020-12-09,0 days 15:59:47.248140,81312,67.21,66.96,200,3600,612,-588
263,BEN,2020-12-09,0 days 15:55:00.290701,248759,24.01,24.0,7304,4990,1814,-45404
264,BEN,2020-12-09,0 days 15:55:33.291501,250987,24.01,24.0,4551,12322,-72,1228
265,BEN,2020-12-09,0 days 15:55:35.292150,250259,24.01,24.0,1874,12696,728,-1672
266,BEN,2020-12-09,0 days 15:55:49.292521,255215,24.03,24.02,606,5928,-9989,1087
267,BEN,2020-12-09,0 days 15:55:50.292674,254504,24.03,24.02,706,5570,711,-9989
268,BEN,2020-12-09,0 days 15:57:32.295738,257999,24.0,23.99,4459,2627,-1244,6656
269,BEN,2020-12-09,0 days 15:57:45.295873,260543,24.02,24.01,2328,2651,1771,-1429
270,BEN,2020-12-09,0 days 15:57:48.296212,262314,24.02,24.01,428,4751,-3129,1771
271,BEN,2020-12-09,0 days 15:57:49.296167,260543,24.03,24.02,4130,403,1771,-3129
272,BEN,2020-12-09,0 days 15:57:50.296409,262314,24.03,24.02,4010,454,-2029,1771
273,BEN,2020-12-09,0 days 15:57:51.296231,260543,24.03,24.02,4020,557,1771,-2029
274,BEN,2020-12-09,0 days 15:59:07.299422,278785,24.02,24.01,1701,5480,-149,706
275,BEN,2020-12-09,0 days 15:59:08.299278,278134,24.02,24.01,1223,5780,651,-149
276,BEN,2020-12-09,0 days 15:59:31.299899,285853,24.0,23.99,893,6693,-9370,6219
277,BEN,2020-12-09,0 days 15:59:32.299837,285423,23.99,23.98,3000,4800,430,-9370
278,BEN,2020-12-09,0 days 15:59:46.300106,294173,24.02,24.01,7800,100,3613,-11217
279,BEST,2020-12-09,0 days 15:59:06.253203,72651,2.55,2.54,11438,7468,1227,-99
280,BEST,2020-12-09,0 days 15:59:48.242336,71178,2.55,2.54,22537,5024,-2657,43
281,BFT,2020-12-09,0 days 15:59:05.253886,15355,12.76,12.74,100,300,-2373,1200
282,BFT,2020-12-09,0 days 15:59:06.253301,15028,12.76,12.74,1100,100,310,-2373
283,BFT,2020-12-09,0 days 15:59:08.253441,15355,12.76,12.74,1100,12000,-691,310
284,BFT,2020-12-09,0 days 15:59:09.253430,15046,12.76,12.74,1100,12800,292,-691
285,BHC,2020-12-09,0 days 15:57:01.249833,89714,20.59,20.58,637,4954,16,-2557
286,BHC,2020-12-09,0 days 15:59:50.255888,69382,20.59,20.58,4300,814,-22336,7416
287,BK,2020-12-09,0 days 15:59:38.253396,555737,40.8,40.79,417,4923,-1145,5325
288,BKR,2020-12-09,0 days 15:55:00.233686,438963,22.81,22.8,1909,4315,13497,-172400
289,BKR,2020-12-09,0 days 15:55:34.235125,442763,22.82,22.81,2347,4103,468,-532
290,BKR,2020-12-09,0 days 15:55:50.235801,447553,22.84,22.83,1558,5938,-39018,715
291,BKR,2020-12-09,0 days 15:56:40.237082,501218,22.84,22.83,1209,9072,1064,-1636
292,BKR,2020-12-09,0 days 15:56:41.237363,496782,22.84,22.83,1109,9022,-4436,1064
293,BKR,2020-12-09,0 days 15:57:21.231468,504071,22.82,22.81,3431,4438,4326,-2174
294,BKR,2020-12-09,0 days 15:57:22.231682,499697,22.82,22.81,4431,3687,-4374,4326
295,BKR,2020-12-09,0 days 15:58:59.235737,602456,22.8,22.79,8517,706,49,-6451
296,BKR,2020-12-09,0 days 15:59:18.235535,578158,22.79,22.78,5957,2100,5544,-2956
297,BKR,2020-12-09,0 days 15:59:19.234763,575407,22.79,22.78,5857,1532,-2751,5544
298,BKR,2020-12-09,0 days 15:59:24.235023,567107,22.78,22.77,6901,1432,-5151,3149
299,BKR,2020-12-09,0 days 15:59:30.237826,563771,22.76,22.75,6396,1770,3336,-5164
300,BKR,2020-12-09,0 days 15:59:31.235579,561336,22.77,22.76,6583,1500,-2435,3336
301,BKR,2020-12-09,0 days 15:59:46.236383,577572,22.78,22.77,7500,951,16589,-3280
302,BKR,2020-12-09,0 days 15:59:47.235438,576391,22.78,22.77,6400,1651,-1888,16589
303,BMY,2020-12-09,0 days 15:56:09.293484,1442395,61.1,61.09,1901,1846,18,-1592
304,BMY,2020-12-09,0 days 15:57:22.295292,1446469,61.13,61.12,2452,1000,-161,239
305,BMY,2020-12-09,0 days 15:57:40.296185,1452872,61.1,61.09,2194,1401,-2348,1352
306,BMY,2020-12-09,0 days 15:57:42.296036,1458920,61.1,61.09,2294,1101,4652,-348
307,BMY,2020-12-09,0 days 15:57:43.296109,1458403,61.11,61.1,3188,501,-517,4652
308,BMY,2020-12-09,0 days 15:57:45.295873,1468220,61.11,61.1,2925,402,3280,-4417
309,BMY,2020-12-09,0 days 15:57:46.295991,1466700,61.12,61.11,600,3701,-1520,3280
310,BMY,2020-12-09,0 days 15:57:48.296167,1469830,61.13,61.12,2249,501,9970,-1520
311,BMY,2020-12-09,0 days 15:57:49.296167,1468200,61.13,61.12,883,2402,-1630,9970
312,BMY,2020-12-09,0 days 15:58:04.297103,1466803,61.1,61.09,3567,495,-1317,1683
313,BMY,2020-12-09,0 days 15:58:13.297216,1468120,61.08,61.07,1700,2356,1009,-1209
314,BMY,2020-12-09,0 days 15:58:14.297283,1467622,61.09,61.08,1328,2169,-498,1009
315,BMY,2020-12-09,0 days 15:59:09.300275,1556150,61.03,61.02,679,3502,627,-312
316,BMY,2020-12-09,0 days 15:59:13.299788,1561889,61.07,61.06,1097,2402,-6872,18591
317,BMY,2020-12-09,0 days 15:59:16.297998,1569561,61.06,61.05,1290,1900,7139,-7672
318,BMY,2020-12-09,0 days 15:59:40.300527,1586836,61.0,60.99,248,3947,-54947,3006
319,BOX,2020-12-09,0 days 15:56:46.265462,124465,17.23,17.22,1802,3652,680,-120
320,BOX,2020-12-09,0 days 15:56:47.266766,120245,17.23,17.22,2002,3132,-4220,680
321,BOX,2020-12-09,0 days 15:59:39.249546,131740,17.23,17.22,2792,1207,2052,-2812
322,BOX,2020-12-09,0 days 15:59:48.249350,135510,17.25,17.24,3000,310,-2223,377
323,BP,2020-12-09,0 days 15:55:00.243690,83313,21.9,21.89,23200,44778,-6343,38207
324,BP,2020-12-09,0 days 15:56:55.248700,51027,21.9,21.89,32513,63316,33286,-6814
325,BP,2020-12-09,0 days 15:57:42.250403,89527,21.92,21.91,11494,65383,964,-1536
326,BP,2020-12-09,0 days 15:58:07.251236,90491,21.93,21.92,58547,27714,-18470,30764
327,BP,2020-12-09,0 days 15:58:08.252635,89761,21.93,21.92,55847,25114,730,-18470
328,BP,2020-12-09,0 days 15:59:01.254232,90566,21.93,21.92,78318,36689,-16624,28001
329,BP,2020-12-09,0 days 15:59:02.253100,89490,21.93,21.92,73820,36415,671,-16624
330,BP,2020-12-09,0 days 15:59:36.252439,90261,21.89,21.88,75076,39990,-7532,14168
331,BP,2020-12-09,0 days 15:59:37.252959,89093,21.89,21.88,80876,36134,1168,-7532
332,BP,2020-12-09,0 days 15:59:44.251834,89593,21.9,21.89,13721,70100,568,-2932
333,BP,2020-12-09,0 days 15:59:46.253177,90161,21.9,21.89,4921,105850,-5768,568
334,BP,2020-12-09,0 days 15:59:47.252225,89929,21.9,21.89,2421,105450,232,-5768
335,BRFS,2020-12-09,0 days 15:59:37.252959,50085,4.42,4.41,198281,62313,17220,-1080
336,BRFS,2020-12-09,0 days 15:59:38.252123,48905,4.42,4.41,197656,62313,-480,17220
337,BRFS,2020-12-09,0 days 15:59:47.252168,50085,4.42,4.41,181739,59301,920,-480
338,BRFS,2020-12-09,0 days 15:59:48.252476,49005,4.42,4.41,191439,59301,-380,920
339,BRK.B,2020-12-09,0 days 15:59:12.256402,760879,227.52,227.47,100,148,2237,-73421
340,BRK.B,2020-12-09,0 days 15:59:13.254596,740503,227.65,227.51,100,100,-20549,2237
341,BRK.B,2020-12-09,0 days 15:59:15.241438,761052,227.65,227.57,100,102,70324,-11637
342,BRK.B,2020-12-09,0 days 15:59:16.240918,748167,227.64,227.56,100,200,-12885,70324
343,BRK.B,2020-12-09,0 days 15:59:18.242156,760879,227.62,227.48,100,100,65968,-11323
344,BRX,2020-12-09,0 days 15:59:11.300286,301634,16.25,16.24,5326,3041,-40196,714
345,BRX,2020-12-09,0 days 15:59:32.299994,334386,16.24,16.23,4410,1900,8299,-6431
346,BRX,2020-12-09,0 days 15:59:33.300555,342685,16.24,16.23,200,8029,-3988,8299
347,BRX,2020-12-09,0 days 15:59:34.299428,342273,16.24,16.23,100,7929,412,-3988
348,BSX,2020-12-09,0 days 15:55:00.241342,1322304,34.13,34.12,3861,4389,-18972,19270
349,BSX,2020-12-09,0 days 15:57:03.246192,1399048,34.13,34.12,7114,3932,94,-2806
350,BSX,2020-12-09,0 days 15:57:06.246920,1396242,34.13,34.12,10020,3931,-2823,94
351,BSX,2020-12-09,0 days 15:57:28.247590,1399398,34.15,34.14,8642,5800,944,-2823
352,BSX,2020-12-09,0 days 15:57:36.247495,1384942,34.14,34.13,6009,3065,-14123,6277
353,BSX,2020-12-09,0 days 15:57:38.247887,1399065,34.14,34.13,7409,1514,9577,-14123
354,BSX,2020-12-09,0 days 15:57:39.247467,1396842,34.14,34.13,7909,1613,-2223,9577
355,BSX,2020-12-09,0 days 15:57:44.247601,1401865,34.14,34.13,7909,4875,877,-13023
356,BSX,2020-12-09,0 days 15:57:45.247465,1393742,34.14,34.13,4159,7055,-8123,877
357,BSX,2020-12-09,0 days 15:57:54.248147,1402198,34.15,34.14,4302,8520,5344,-10256
358,BSX,2020-12-09,0 days 15:57:55.248490,1394942,34.16,34.15,7700,4203,-7256,5344
359,BSX,2020-12-09,0 days 15:58:46.250581,1404363,34.15,34.14,5300,4055,22050,-1550
360,BSX,2020-12-09,0 days 15:58:53.250321,1404363,34.15,34.14,6284,4256,1250,-1950
361,BSX,2020-12-09,0 days 15:58:54.251730,1402893,34.15,34.14,7184,2144,-1470,1250
362,BSX,2020-12-09,0 days 15:59:13.252855,1423330,34.16,34.15,7700,4373,-4779,10721
363,BSX,2020-12-09,0 days 15:59:18.240406,1412609,34.14,34.13,5300,4800,22621,-979
364,BSX,2020-12-09,0 days 15:59:41.244822,1478686,34.17,34.16,4300,7500,-25702,598
365,BTI,2020-12-09,0 days 15:59:01.254361,23894,39.33,39.32,5201,576,-428,878
366,BTI,2020-12-09,0 days 15:59:02.253257,23122,39.33,39.32,5001,369,772,-428
367,BTI,2020-12-09,0 days 15:59:08.253860,23894,39.32,39.31,3200,2922,-760,772
368,BTI,2020-12-09,0 days 15:59:09.253721,23254,39.32,39.31,2800,2951,640,-760
369,BTI,2020-12-09,0 days 15:59:22.251982,23894,39.33,39.32,4809,329,-61,640
370,BTI,2020-12-09,0 days 15:59:47.252393,23547,39.33,39.32,500,5400,347,-2353
371,BWA,2020-12-09,0 days 15:56:59.250227,241043,39.92,39.91,2504,436,-434,1966
372,BWA,2020-12-09,0 days 15:57:00.249642,239077,39.89,39.88,913,1757,1966,-434
373,BWA,2020-12-09,0 days 15:57:48.249694,245747,39.93,39.92,100,2521,-1566,704
374,BWA,2020-12-09,0 days 15:57:49.249881,243713,39.93,39.92,1100,313,2034,-1566
375,BWA,2020-12-09,0 days 15:59:07.253888,247827,39.93,39.91,2578,1376,-5757,813
376,BWA,2020-12-09,0 days 15:59:09.253929,247489,39.93,39.91,2684,1176,338,-3262
377,BWA,2020-12-09,0 days 15:59:22.251664,250514,39.93,39.91,1501,807,-181,293
378,BWA,2020-12-09,0 days 15:59:23.253166,250595,39.9,39.89,100,600,3919,-181
379,C,2020-12-09,0 days 15:55:00.259671,1457547,58.96,58.95,100,1000,47460,-614408
380,C,2020-12-09,0 days 15:55:48.264684,1515531,59.0,58.99,500,2444,-33779,18601
381,C,2020-12-09,0 days 15:55:49.265342,1507410,59.0,58.99,1300,1109,8121,-33779
382,C,2020-12-09,0 days 15:55:51.264418,1516089,59.0,58.99,1005,1527,-3532,681
383,C,2020-12-09,0 days 15:55:52.265554,1509299,59.0,58.99,1005,1927,6790,-3532
384,C,2020-12-09,0 days 15:57:39.250302,1591107,59.1,59.09,3586,4245,-5562,4169
385,C,2020-12-09,0 days 15:57:44.250656,1591107,59.1,59.09,2857,2274,-23993,4007
386,C,2020-12-09,0 days 15:59:16.250251,1823241,59.08,59.07,1400,1700,150045,-154086
387,CAG,2020-12-09,0 days 15:55:00.245316,231443,35.81,35.8,3534,400,-26537,35257
388,CAG,2020-12-09,0 days 15:58:30.252412,246587,35.82,35.81,867,3489,-7077,6746
389,CAG,2020-12-09,0 days 15:59:51.252593,285309,35.75,35.74,4100,572,2970,-1130
390,CARR,2020-12-09,0 days 15:55:44.247256,508362,37.94,37.93,725,926,-2381,2986
391,CARR,2020-12-09,0 days 15:55:45.247036,506543,37.94,37.93,1130,1316,1819,-2381
392,CARR,2020-12-09,0 days 15:56:35.247680,524978,37.94,37.92,3772,1901,-13155,1745
393,CARR,2020-12-09,0 days 15:56:36.248246,522033,37.93,37.91,5282,1600,2945,-13155
394,CARR,2020-12-09,0 days 15:57:14.247976,526754,37.93,37.92,1300,804,-1136,1564
395,CARR,2020-12-09,0 days 15:57:15.248554,524790,37.93,37.92,1900,704,1964,-1136
396,CARR,2020-12-09,0 days 15:57:31.248797,531854,37.94,37.93,200,800,-636,164
397,CARR,2020-12-09,0 days 15:57:42.249396,532490,37.95,37.94,221,2900,1585,-515
398,CARR,2020-12-09,0 days 15:57:43.249689,532552,37.97,37.95,690,2000,-1138,1585
399,CARR,2020-12-09,0 days 15:57:48.249504,540390,37.96,37.95,540,1306,362,-2038
400,CARR,2020-12-09,0 days 15:57:49.249756,539152,37.96,37.95,287,2106,-838,362
401,CARR,2020-12-09,0 days 15:57:53.250015,540490,37.96,37.95,2300,406,162,-1238
402,CARR,2020-12-09,0 days 15:57:54.249924,539252,37.96,37.95,1800,1506,-838,162
403,CARR,2020-12-09,0 days 15:59:10.254457,593283,37.95,37.94,700,700,5918,-4665
404,CARR,2020-12-09,0 days 15:59:25.242453,581448,37.93,37.9,267,100,-945,6655
405,CARR,2020-12-09,0 days 15:59:29.242159,573648,37.91,37.87,2700,400,-6245,5670
406,CARR,2020-12-09,0 days 15:59:42.244031,598955,37.92,37.88,2600,300,-3225,890
407,CAT,2020-12-09,0 days 15:59:17.241184,448100,180.42,180.32,400,100,3289,-7769
408,CAT,2020-12-09,0 days 15:59:20.241184,447203,180.41,180.27,610,120,-855,3389
409,CAT,2020-12-09,0 days 15:59:25.242370,441458,180.3,180.18,713,110,-911,10891
410,CAT,2020-12-09,0 days 15:59:30.245519,442736,180.21,180.09,1000,100,2422,-796
411,CAT,2020-12-09,0 days 15:59:50.246744,442585,180.36,180.27,594,100,-5767,11296
412,CAT,2020-12-09,0 days 15:59:53.241017,445777,180.16,180.09,100,100,908,-4905
413,CBRE,2020-12-09,0 days 15:59:16.251365,779069,66.18,66.15,100,1200,91520,-165276
414,CBRE,2020-12-09,0 days 15:59:52.251141,865956,66.2,66.12,600,100,-482,9418
415,CBRE,2020-12-09,0 days 15:59:53.251059,856438,66.2,66.1,300,900,9518,-482
416,CCC,2020-12-09,0 days 15:55:49.247044,31550,28.97,28.93,1256,100,-316,1084
417,CCC,2020-12-09,0 days 15:55:50.247149,30466,28.97,28.93,1256,100,1084,-316
418,CCC,2020-12-09,0 days 15:56:18.246836,32527,28.97,28.94,774,100,-751,549
419,CCC,2020-12-09,0 days 15:56:19.247130,31978,28.97,28.94,563,100,549,-751
420,CCC,2020-12-09,0 days 15:57:51.249819,31550,28.9,28.89,104,200,-552,25
421,CCC,2020-12-09,0 days 15:57:52.250251,31402,28.9,28.89,304,175,148,-552
422,CCC,2020-12-09,0 days 15:59:06.253152,33459,28.96,28.93,500,347,-2207,194
423,CCI,2020-12-09,0 days 15:55:51.264455,240511,158.56,158.5,100,240,1086,-2169
424,CCI,2020-12-09,0 days 15:55:52.265554,238597,158.57,158.52,101,100,-1914,1086
425,CCI,2020-12-09,0 days 15:56:39.265651,243768,158.66,158.54,100,100,82,-236
426,CCI,2020-12-09,0 days 15:56:41.265653,241855,158.66,158.54,100,632,-1913,387
427,CCI,2020-12-09,0 days 15:57:28.250703,244013,158.61,158.5,300,439,715,-1885
428,CCI,2020-12-09,0 days 15:57:29.250764,242128,158.56,158.51,100,348,-1885,715
429,CCI,2020-12-09,0 days 15:57:42.250896,244316,158.66,158.62,200,278,47,-5253
430,CCI,2020-12-09,0 days 15:57:44.250690,243088,158.73,158.62,200,356,-1228,47
431,CCI,2020-12-09,0 days 15:57:59.251134,244316,158.74,158.68,150,200,2288,-1728
432,CCI,2020-12-09,0 days 15:58:01.253159,243004,158.75,158.68,203,641,-1312,888
433,CCI,2020-12-09,0 days 15:58:20.253519,244571,158.69,158.63,300,200,2836,-1164
434,CCI,2020-12-09,0 days 15:58:21.254024,243307,158.66,158.63,100,100,-1264,2836
435,CCI,2020-12-09,0 days 15:58:34.252759,244671,158.71,158.67,100,305,2336,-1664
436,CCI,2020-12-09,0 days 15:58:35.255887,239407,158.76,158.71,100,100,-5264,2336
437,CCI,2020-12-09,0 days 15:58:53.255176,244683,158.77,158.72,100,100,4117,-264
438,CCI,2020-12-09,0 days 15:58:54.255350,243500,158.76,158.72,100,318,-1183,4117
439,CCI,2020-12-09,0 days 15:59:01.256469,244143,158.72,158.65,438,100,457,-2110
440,CCI,2020-12-09,0 days 15:59:02.256310,243400,158.72,158.66,100,289,-743,457
441,CCI,2020-12-09,0 days 15:59:04.256438,244160,158.72,158.66,139,213,3240,-743
442,CCI,2020-12-09,0 days 15:59:05.256368,243700,158.72,158.66,139,402,-460,3240
443,CCI,2020-12-09,0 days 15:59:10.257152,246109,158.66,158.6,200,319,879,-187
444,CCJ,2020-12-09,0 days 15:58:18.222576,55685,11.58,11.57,459,36462,-823,1677
445,CCJ,2020-12-09,0 days 15:58:19.224078,54608,11.58,11.57,459,39594,1077,-823
446,CCJ,2020-12-09,0 days 15:59:19.225303,54372,11.58,11.57,17785,13365,-7818,828
447,CCJ,2020-12-09,0 days 15:59:47.225939,56817,11.57,11.56,22767,11599,-5154,327
448,CCL,2020-12-09,0 days 15:57:56.276263,487201,22.71,22.7,34321,12699,6979,-40421
449,CCL,2020-12-09,0 days 15:58:29.277987,502359,22.7,22.69,6728,21950,-2528,802
450,CCL,2020-12-09,0 days 15:59:46.280463,532769,22.68,22.67,7500,21807,-7100,8318
451,CCL,2020-12-09,0 days 15:59:50.285370,444574,22.68,22.67,17614,4201,83095,-2405
452,CCX,2020-12-09,0 days 15:59:37.226107,1366,10.22,10.21,1469,986,-444,56
453,CCX,2020-12-09,0 days 15:59:38.225993,1310,10.22,10.21,1469,811,56,-444
454,CDE,2020-12-09,0 days 15:57:23.253145,182032,8.07,8.06,8097,13914,927,-1173
455,CDE,2020-12-09,0 days 15:57:24.253239,180959,8.07,8.06,8197,13897,-1073,927
456,CDE,2020-12-09,0 days 15:59:47.252382,198462,8.07,8.06,10982,10157,2556,-245
457,CDE,2020-12-09,0 days 15:59:48.252345,198318,8.07,8.06,10282,9628,-144,2556
458,CHL,2020-12-09,0 days 15:57:06.252966,39850,28.99,28.98,6533,5658,-2300,1900
459,CHL,2020-12-09,0 days 15:57:07.253483,38950,28.99,28.98,5533,5710,900,-2300
460,CHL,2020-12-09,0 days 15:59:47.252079,43201,28.99,28.98,11624,800,-179,821
461,CHL,2020-12-09,0 days 15:59:48.252124,42880,28.99,28.98,11624,800,321,-179
462,CHWY,2020-12-09,0 days 15:56:17.264309,67848,75.43,75.25,600,107,-6137,2963
463,CHWY,2020-12-09,0 days 15:59:50.252135,69932,75.63,75.41,235,100,1336,-6264
464,CIG,2020-12-09,0 days 15:59:12.226563,537584,2.58,2.57,155742,451002,-2665,35676
465,CL,2020-12-09,0 days 15:55:33.249772,405905,84.88,84.84,100,500,-10409,12091
466,CL,2020-12-09,0 days 15:55:34.249694,404214,84.85,84.84,111,510,1809,-10409
467,CL,2020-12-09,0 days 15:56:18.251302,407422,84.88,84.86,720,501,-46,554
468,CL,2020-12-09,0 days 15:56:19.251418,407468,84.85,84.84,100,710,835,-46
469,CL,2020-12-09,0 days 15:56:38.251980,406868,84.88,84.86,400,1111,554,-146
470,CL,2020-12-09,0 days 15:56:49.253006,407422,84.87,84.86,201,401,-2609,491
471,CL,2020-12-09,0 days 15:57:41.253703,427609,84.84,84.83,500,1251,806,-2594
472,CL,2020-12-09,0 days 15:58:53.256803,428777,84.94,84.93,300,361,2938,-1097
473,CL,2020-12-09,0 days 15:58:54.257443,428539,84.95,84.93,200,561,-238,2938
474,CL,2020-12-09,0 days 15:59:12.259543,437984,84.91,84.89,201,498,-1958,142
475,CL,2020-12-09,0 days 15:59:19.250507,438242,84.91,84.88,201,200,7279,-424
476,CL,2020-12-09,0 days 15:59:40.252477,458186,84.85,84.83,600,350,-2256,2566
477,CL,2020-12-09,0 days 15:59:41.252216,457142,84.85,84.83,850,100,1044,-2256
478,CL,2020-12-09,0 days 15:59:46.252131,449495,84.89,84.85,1373,500,-19152,1434
479,CLDR,2020-12-09,0 days 15:55:00.249013,146711,12.19,12.18,4181,5600,-1015,21839
480,CLDR,2020-12-09,0 days 15:55:01.248397,144926,12.19,12.18,5821,4320,1785,-1015
481,CLDR,2020-12-09,0 days 15:55:43.251703,153130,12.19,12.18,2292,7521,-2,16
482,CLDR,2020-12-09,0 days 15:55:46.250625,151332,12.19,12.18,1892,9822,1798,-102
483,CLDR,2020-12-09,0 days 15:57:19.252589,155534,12.2,12.19,3438,7894,-657,743
484,CLDR,2020-12-09,0 days 15:57:20.253300,154091,12.2,12.19,5038,7024,1443,-657
485,CLDR,2020-12-09,0 days 15:59:06.258301,160419,12.21,12.2,17156,6967,-722,161
486,CLDR,2020-12-09,0 days 15:59:07.259434,160241,12.21,12.2,17255,6867,178,-722
487,CLDR,2020-12-09,0 days 15:59:09.258252,160419,12.21,12.2,16451,8167,-3422,178
488,CLDR,2020-12-09,0 days 15:59:10.259133,161365,12.21,12.2,12037,9684,2569,-3422
489,CLDR,2020-12-09,0 days 15:59:29.250796,165637,12.21,12.2,5958,10901,-2148,668
490,CLF,2020-12-09,0 days 15:59:48.252717,516470,12.71,12.7,26683,12516,268,-132
491,CLF,2020-12-09,0 days 15:59:50.258281,344638,12.71,12.7,16783,14546,-165232,368
492,CLNY,2020-12-09,0 days 15:59:34.235125,413363,4.9,4.89,37904,12038,-486,9195
493,CLNY,2020-12-09,0 days 15:59:47.235341,408543,4.91,4.9,29727,31897,4520,-15880
494,CLR,2020-12-09,0 days 15:55:00.233583,114177,18.27,18.26,2694,1100,-2292,71747
495,CLR,2020-12-09,0 days 15:55:38.236023,116479,18.28,18.27,918,500,37698,-2192
496,CLR,2020-12-09,0 days 15:56:59.237851,128780,18.26,18.25,1027,2368,-1339,3861
497,CLR,2020-12-09,0 days 15:57:25.232481,130219,18.28,18.27,413,1864,2964,-1336
498,CLR,2020-12-09,0 days 15:58:05.233987,146884,18.3,18.29,1000,1300,-974,10125
499,CLR,2020-12-09,0 days 15:58:06.233575,146458,18.3,18.29,500,1815,426,-974
500,CLR,2020-12-09,0 days 15:59:04.235716,144302,18.29,18.28,1438,1251,-1480,3201
501,CLR,2020-12-09,0 days 15:59:10.236158,147846,18.29,18.28,3238,619,356,-1744
502,CLR,2020-12-09,0 days 15:59:12.236875,148608,18.29,18.28,2938,715,-338,662
503,CLR,2020-12-09,0 days 15:59:33.234809,150730,18.27,18.25,1693,900,4953,-1622
504,CLR,2020-12-09,0 days 15:59:42.235530,155183,18.3,18.29,1100,1200,-1499,2253
505,CLR,2020-12-09,0 days 15:59:50.239116,119677,18.31,18.3,2244,300,35506,-5805
506,CNC,2020-12-09,0 days 15:59:15.280107,270228,63.63,63.6,100,266,30239,-18607
507,CNHI,2020-12-09,0 days 15:58:09.278970,23322,11.1,11.09,18845,28410,-4775,13025
508,CNHI,2020-12-09,0 days 15:58:11.277200,21897,11.1,11.09,20245,25759,1595,-7605
509,CNHI,2020-12-09,0 days 15:59:02.279491,23492,11.1,11.09,13852,29859,-10084,1116
510,CNHI,2020-12-09,0 days 15:59:03.279170,22562,11.1,11.09,13852,29959,930,-10084
511,CNHI,2020-12-09,0 days 15:59:45.282305,25282,11.1,11.09,52312,3122,-572,628
512,CNHI,2020-12-09,0 days 15:59:46.280078,24654,11.1,11.09,53812,2497,28,-572
513,CNK,2020-12-09,0 days 15:55:00.246587,174099,15.16,15.15,1062,2999,4840,-63113
514,CNK,2020-12-09,0 days 15:55:01.245235,169939,15.16,15.15,1772,2899,-4160,4840
515,CNK,2020-12-09,0 days 15:59:47.252517,236636,15.18,15.17,5108,3551,16446,-1419
516,CNK,2020-12-09,0 days 15:59:48.252481,235196,15.18,15.17,4794,300,-1440,16446
517,CNP,2020-12-09,0 days 15:55:17.215343,434646,22.24,22.23,2829,14202,-4579,241
518,CNP,2020-12-09,0 days 15:55:34.216579,434225,22.22,22.21,6432,7208,621,-479
519,CNP,2020-12-09,0 days 15:56:50.218914,452009,22.24,22.23,5225,11508,2478,-4528
520,CNP,2020-12-09,0 days 15:57:34.219954,468444,22.24,22.23,2596,11968,-10699,9001
521,CNP,2020-12-09,0 days 15:57:40.219876,474543,22.25,22.24,4566,7741,301,-2399
522,CNP,2020-12-09,0 days 15:59:02.224792,472605,22.26,22.25,7444,7781,9126,-5041
523,CNP,2020-12-09,0 days 15:59:11.225804,487826,22.25,22.24,12308,1000,-3546,15054
524,CNP,2020-12-09,0 days 15:59:45.226644,566663,22.23,22.22,4327,15229,-3154,25246
525,CNP,2020-12-09,0 days 15:59:50.229130,505863,22.24,22.23,9357,4900,53395,-2205
526,CNQ,2020-12-09,0 days 15:56:04.294113,63237,24.28,24.27,8502,4100,14440,-560
527,CNQ,2020-12-09,0 days 15:56:05.293225,61777,24.28,24.27,5202,4700,-1460,14440
528,CNQ,2020-12-09,0 days 15:57:04.294958,64668,24.27,24.26,600,12277,321,-579
529,CNQ,2020-12-09,0 days 15:57:05.294863,63389,24.28,24.27,12174,2017,-1279,321
530,CNQ,2020-12-09,0 days 15:59:11.300286,62538,24.27,24.26,3060,9262,3258,-365
531,CNQ,2020-12-09,0 days 15:59:12.300536,61796,24.27,24.26,6668,6396,-742,3258
532,CNQ,2020-12-09,0 days 15:59:47.299510,66852,24.3,24.29,1869,13799,3044,-956
533,CNQ,2020-12-09,0 days 15:59:48.300450,66596,24.3,24.29,469,14199,-156,3044
534,CNX,2020-12-09,0 days 15:55:00.243690,186113,9.91,9.9,7458,9603,19766,-19484
535,CNX,2020-12-09,0 days 15:57:29.249972,196399,9.93,9.92,10466,400,-2828,1972
536,CNX,2020-12-09,0 days 15:57:50.250691,205827,9.93,9.92,9847,4425,772,-928
537,CNX,2020-12-09,0 days 15:57:51.250670,204899,9.93,9.92,9782,4225,-928,772
538,CNX,2020-12-09,0 days 15:58:08.252635,203988,9.93,9.92,7592,4568,-1455,4061
539,CNX,2020-12-09,0 days 15:58:21.252528,208843,9.91,9.9,7915,3400,2445,-1155
540,CNX,2020-12-09,0 days 15:58:22.251562,208388,9.91,9.9,7615,3900,-455,2445
541,CNX,2020-12-09,0 days 15:58:26.252462,208843,9.91,9.9,6620,3900,5445,-455
542,CNX,2020-12-09,0 days 15:58:27.252877,204988,9.91,9.9,6320,4600,-3855,5445
543,CNX,2020-12-09,0 days 15:58:33.253492,208843,9.91,9.9,8855,1600,2745,-3855
544,COF,2020-12-09,0 days 15:55:00.243557,252888,95.06,95.04,201,242,1450,-85137
545,COF,2020-12-09,0 days 15:55:01.243910,252138,95.07,95.04,522,422,-750,1450
546,COF,2020-12-09,0 days 15:58:34.253254,302470,95.04,95.01,310,322,2515,-3526
547,COF,2020-12-09,0 days 15:58:35.255142,296665,95.1,95.07,400,200,-13206,2515
548,COF,2020-12-09,0 days 15:59:23.253131,304685,95.0,94.99,300,191,-3239,6354
549,COF,2020-12-09,0 days 15:59:38.252091,311730,94.91,94.87,859,100,2510,-1898
550,COF,2020-12-09,0 days 15:59:39.253034,309366,94.91,94.87,659,532,-2364,2510
551,COF,2020-12-09,0 days 15:59:47.252132,318154,94.96,94.93,200,600,2472,-3961
552,COF,2020-12-09,0 days 15:59:48.252368,316175,94.96,94.94,100,500,-1979,2472
553,COP,2020-12-09,0 days 15:55:00.246381,605855,42.7,42.69,800,2000,21403,-84851
554,COP,2020-12-09,0 days 15:56:45.250441,405827,42.8,42.79,1900,1070,-234892,1886
555,COP,2020-12-09,0 days 15:57:22.248165,481954,42.78,42.77,1060,1100,229901,-6877
556,COP,2020-12-09,0 days 15:57:34.248976,407077,42.8,42.79,1819,2200,-224077,12701
557,COP,2020-12-09,0 days 15:57:35.248883,483854,42.79,42.78,3200,101,229801,-224077
558,COP,2020-12-09,0 days 15:57:40.249162,643855,42.77,42.76,1064,2564,-199,6901
559,COP,2020-12-09,0 days 15:57:42.249326,630954,42.77,42.76,564,2264,12901,-899
560,COP,2020-12-09,0 days 15:58:14.251513,408420,42.82,42.8,821,2300,-222562,14216
561,COP,2020-12-09,0 days 15:59:01.253865,541558,42.81,42.8,1609,300,7390,-1510
562,COP,2020-12-09,0 days 15:59:02.253434,532848,42.81,42.8,1504,800,-8210,7390
563,COP,2020-12-09,0 days 15:59:15.251892,544845,42.81,42.8,1213,1435,3938,-7460
564,COP,2020-12-09,0 days 15:59:16.251384,537883,42.81,42.8,900,700,-5562,3938
565,COP,2020-12-09,0 days 15:59:17.251835,543445,42.78,42.77,500,1100,232114,-5562
566,COP,2020-12-09,0 days 15:59:37.253170,693553,42.77,42.76,2146,1550,-653,17647
567,COP,2020-12-09,0 days 15:59:44.252439,616584,42.79,42.78,2600,200,84346,-168637
568,COP,2020-12-09,0 days 15:59:49.255314,593284,42.77,42.76,600,1800,133560,-122227
569,COP,2020-12-09,0 days 15:59:52.251141,489966,42.81,42.8,1620,300,-119018,132360
570,COP,2020-12-09,0 days 15:59:53.251059,576184,42.75,42.72,700,200,150660,-119018
571,COTY,2020-12-09,0 days 15:55:00.243161,296020,7.19,7.18,6502,28999,9790,-177983
572,COTY,2020-12-09,0 days 15:55:01.243357,281910,7.19,7.18,6702,33662,-14110,9790
573,COTY,2020-12-09,0 days 15:55:45.246912,296162,7.19,7.18,5932,32284,13986,-6734
574,COTY,2020-12-09,0 days 15:55:46.246881,284648,7.19,7.18,5932,33864,-11514,13986
575,COTY,2020-12-09,0 days 15:59:06.253065,315683,7.18,7.17,25803,24712,24939,-6413
576,COTY,2020-12-09,0 days 15:59:07.254565,310422,7.18,7.17,25803,22432,-5261,24939
577,COTY,2020-12-09,0 days 15:59:39.243203,363208,7.18,7.17,50081,7617,33887,-3813
578,COTY,2020-12-09,0 days 15:59:46.244734,363208,7.18,7.17,29295,32658,19667,-4813
579,COTY,2020-12-09,0 days 15:59:47.242183,359575,7.18,7.17,23795,32158,-3633,19667
580,CPB,2020-12-09,0 days 15:55:00.276009,289340,47.35,47.34,300,100,-506,16977
581,CPB,2020-12-09,0 days 15:55:51.281047,298125,47.36,47.35,300,200,1571,-2973
582,CPB,2020-12-09,0 days 15:56:10.281458,299696,47.37,47.35,890,197,-1802,471
583,CPB,2020-12-09,0 days 15:56:39.282599,303088,47.36,47.34,170,600,1356,-2692
584,CPB,2020-12-09,0 days 15:56:58.282671,316685,47.39,47.38,688,100,-1203,1356
585,CPB,2020-12-09,0 days 15:57:26.274580,318495,47.37,47.35,1010,500,1690,-1310
586,CPB,2020-12-09,0 days 15:57:45.275555,330004,47.35,47.32,200,462,-31191,6790
587,CPB,2020-12-09,0 days 15:58:04.277215,257095,47.35,47.33,405,400,77852,-12529
588,CPB,2020-12-09,0 days 15:58:32.278357,338282,47.37,47.35,1178,300,-40306,6687
589,CPB,2020-12-09,0 days 15:59:18.280670,356705,47.32,47.29,200,100,6677,-3623
590,CPB,2020-12-09,0 days 15:59:29.279253,362956,47.29,47.27,500,345,4898,-702
591,CPB,2020-12-09,0 days 15:59:31.280953,367854,47.29,47.27,500,100,-417,1798
592,CPB,2020-12-09,0 days 15:59:42.279827,369171,47.28,47.25,300,325,436,-1817
593,CPB,2020-12-09,0 days 15:59:46.280042,371943,47.33,47.26,702,195,-114,2272
594,CPB,2020-12-09,0 days 15:59:47.279970,372057,47.31,47.26,539,100,8324,-114
595,CPRI,2020-12-09,0 days 15:55:00.243272,64119,39.11,39.1,100,100,2473,-10608
596,CPRI,2020-12-09,0 days 15:58:06.249050,81905,39.21,39.19,200,200,-2137,1411
597,CPRI,2020-12-09,0 days 15:59:09.250983,94264,39.17,39.11,100,400,1055,-706
598,CPRI,2020-12-09,0 days 15:59:25.249430,95319,39.17,39.13,110,100,-259,727
599,CPRI,2020-12-09,0 days 15:59:41.250391,95417,39.16,39.11,200,367,-1072,1351
600,CPRI,2020-12-09,0 days 15:59:50.256517,82930,39.11,39.08,337,200,-11736,3964
601,CRK,2020-12-09,0 days 15:59:46.248772,47450,4.6,4.58,9300,10953,422,-2767
602,CRM,2020-12-09,0 days 15:55:05.215263,531716,220.89,220.85,200,157,-72,4037
603,CRM,2020-12-09,0 days 15:55:08.215315,528488,220.91,220.86,467,200,2721,-579
604,CRM,2020-12-09,0 days 15:55:49.218861,544776,220.86,220.79,205,100,-19312,5704
605,CRM,2020-12-09,0 days 15:56:09.218028,557239,220.54,220.51,200,211,186,-784
606,CRM,2020-12-09,0 days 15:56:10.218323,556571,220.56,220.51,100,611,-823,186
607,CRM,2020-12-09,0 days 15:57:26.220178,567578,220.67,220.62,400,200,2322,-378
608,CRM,2020-12-09,0 days 15:57:27.220192,567100,220.75,220.68,300,746,-478,2322
609,CRM,2020-12-09,0 days 15:57:37.220678,575578,220.77,220.74,100,100,767,-533
610,CRM,2020-12-09,0 days 15:57:41.220870,581091,220.75,220.71,300,511,-1987,1513
611,CRM,2020-12-09,0 days 15:57:42.220680,579778,220.74,220.71,428,211,3667,-1987
612,CRM,2020-12-09,0 days 15:57:49.220689,599029,220.71,220.65,200,715,-3849,651
613,CRM,2020-12-09,0 days 15:57:50.220991,596078,220.68,220.67,400,103,2951,-3849
614,CRM,2020-12-09,0 days 15:57:58.221142,592520,220.72,220.66,400,313,-3573,2936
615,CRM,2020-12-09,0 days 15:58:00.222657,596093,220.73,220.68,505,300,2936,-3573
616,CRM,2020-12-09,0 days 15:58:01.222328,592520,220.72,220.7,100,100,-3573,2936
617,CRM,2020-12-09,0 days 15:58:03.221817,596093,220.72,220.68,400,300,2936,-3573
618,CRM,2020-12-09,0 days 15:58:05.222806,592520,220.72,220.67,400,802,-3573,2936
619,CRM,2020-12-09,0 days 15:58:06.223093,596093,220.71,220.66,200,472,2936,-3573
620,CRM,2020-12-09,0 days 15:58:24.222841,596731,220.65,220.62,970,100,5427,-5473
621,CRM,2020-12-09,0 days 15:58:35.226440,602156,220.72,220.65,100,200,-75,3827
622,CRM,2020-12-09,0 days 15:58:37.222931,592631,220.78,220.72,600,245,2872,-6828
623,CRM,2020-12-09,0 days 15:58:43.223070,602158,220.7,220.65,501,170,-73,7327
624,CRM,2020-12-09,0 days 15:58:47.223676,602231,220.63,220.58,200,200,9473,-73
625,CRM,2020-12-09,0 days 15:58:49.223545,606058,220.63,220.58,200,200,-1373,4273
626,CRM,2020-12-09,0 days 15:58:54.224159,599407,220.63,220.59,100,700,2838,-1586
627,CTVA,2020-12-09,0 days 15:59:15.252489,458563,39.05,39.04,300,600,65564,-75513
628,CTVA,2020-12-09,0 days 15:59:46.253335,511348,39.08,39.07,1000,611,7391,-1743
629,CUK,2020-12-09,0 days 15:59:45.244427,22520,19.67,19.66,2302,4000,-1489,281
630,CVE,2020-12-09,0 days 15:59:36.242487,63200,5.87,5.86,378046,18673,13140,-23360
631,CVS,2020-12-09,0 days 15:55:00.276265,549192,73.51,73.5,1248,100,10042,-25997
632,CVS,2020-12-09,0 days 15:55:33.279505,559426,73.52,73.51,778,409,-22295,2605
633,CVS,2020-12-09,0 days 15:55:34.279535,558721,73.52,73.51,878,409,705,-22295
634,CVS,2020-12-09,0 days 15:55:38.280388,559426,73.52,73.51,485,790,-90,271
635,CVS,2020-12-09,0 days 15:55:39.280723,558816,73.54,73.52,1257,800,610,-90
636,CVS,2020-12-09,0 days 15:55:51.281131,562092,73.55,73.54,655,500,-2371,408
637,CVS,2020-12-09,0 days 15:56:59.283245,628503,73.51,73.5,153,700,5882,-4189
638,CVS,2020-12-09,0 days 15:57:19.274124,634558,73.55,73.54,1037,1611,-7749,4451
639,CVS,2020-12-09,0 days 15:57:20.274844,628707,73.55,73.54,937,1611,5851,-7749
640,CVS,2020-12-09,0 days 15:59:40.282009,835251,73.65,73.6,200,1300,-27476,40240
641,CVS,2020-12-09,0 days 15:59:41.280898,830257,73.67,73.6,1100,100,4994,-27476
642,CVS,2020-12-09,0 days 15:59:42.279997,835258,73.65,73.6,200,200,-3240,4994
643,CVS,2020-12-09,0 days 15:59:46.280201,832709,73.65,73.62,300,100,2657,-14251
644,CVX,2020-12-09,0 days 15:59:15.241744,1825811,90.59,90.58,300,100,2808,-44809
645,CVX,2020-12-09,0 days 15:59:16.241163,1812119,90.61,90.57,200,300,-13692,2808
646,CVX,2020-12-09,0 days 15:59:20.241197,1825811,90.57,90.54,100,200,26408,-13692
647,CVX,2020-12-09,0 days 15:59:25.242406,1801203,90.61,90.56,200,400,-24608,17492
648,CVX,2020-12-09,0 days 15:59:26.242213,1825811,90.58,90.53,200,500,64575,-24608
649,CVX,2020-12-09,0 days 15:59:43.243930,1833428,90.62,90.6,300,500,-8189,11423
650,CVX,2020-12-09,0 days 15:59:45.244415,1838679,90.61,90.56,900,741,28337,-2977
651,CYH,2020-12-09,0 days 15:58:10.251878,84669,8.38,8.37,412,3416,9976,-2671
652,CYH,2020-12-09,0 days 15:58:11.252183,82845,8.39,8.38,422,3167,-1824,9976
653,CYH,2020-12-09,0 days 15:58:59.253401,85069,8.37,8.36,1839,2706,1801,-2157
654,CYH,2020-12-09,0 days 15:59:00.257851,83970,8.37,8.36,2136,2706,-1099,1801
655,CYH,2020-12-09,0 days 15:59:08.254346,85069,8.37,8.36,2087,2500,3024,-1099
656,D,2020-12-09,0 days 15:55:00.243646,408455,74.43,74.42,981,187,-25621,47893
657,D,2020-12-09,0 days 15:57:16.249054,451881,74.38,74.36,1184,914,6944,-5222
658,D,2020-12-09,0 days 15:57:32.250254,451016,74.44,74.42,425,401,-1645,1627
659,D,2020-12-09,0 days 15:57:41.250207,452961,74.43,74.42,700,1184,91,-1709
660,D,2020-12-09,0 days 15:58:29.253397,459156,74.53,74.52,313,801,-18169,4911
661,D,2020-12-09,0 days 15:58:53.252192,475221,74.49,74.48,1306,148,2402,-6698
662,D,2020-12-09,0 days 15:58:55.252358,475012,74.49,74.48,919,400,-277,323
663,D,2020-12-09,0 days 15:58:58.253154,475289,74.49,74.48,1018,601,1336,-277
664,D,2020-12-09,0 days 15:58:59.253322,474755,74.49,74.48,1123,601,-2251,1336
665,D,2020-12-09,0 days 15:59:06.253418,475797,74.46,74.45,413,216,-1122,1536
666,D,2020-12-09,0 days 15:59:19.251848,538344,74.38,74.37,871,400,2898,-2202
667,DAL,2020-12-09,0 days 15:55:00.276873,339976,42.13,42.12,981,3240,33764,-19828
668,DAL,2020-12-09,0 days 15:59:15.280279,409486,42.25,42.23,3100,5782,-6026,17082
669,DAL,2020-12-09,0 days 15:59:50.285370,408938,42.18,42.17,4100,500,-2527,23260
670,DD,2020-12-09,0 days 15:59:43.253255,399254,67.64,67.58,100,800,809,-4791
671,DD,2020-12-09,0 days 15:59:44.251716,390860,67.64,67.61,100,523,-33236,809
672,DD,2020-12-09,0 days 15:59:51.253476,400254,67.62,67.56,200,300,11669,-17487
673,DD,2020-12-09,0 days 15:59:55.253906,398954,67.61,67.53,300,2200,23269,-13773
674,DEI,2020-12-09,0 days 15:59:01.253884,161501,31.84,31.83,272,639,-1696,16904
675,DEI,2020-12-09,0 days 15:59:11.254442,155211,31.83,31.79,594,100,7593,-4951
676,DEI,2020-12-09,0 days 15:59:15.251922,162304,31.84,31.83,200,471,-1630,4593
677,DEI,2020-12-09,0 days 15:59:50.255856,139120,31.8,31.75,100,500,28708,-8492
678,DFS,2020-12-09,0 days 15:55:00.243436,166550,83.15,83.12,108,100,-498,7315
679,DFS,2020-12-09,0 days 15:57:03.247964,170103,83.12,83.1,300,100,14225,-2975
680,DFS,2020-12-09,0 days 15:57:25.249111,184128,83.13,83.1,1043,301,-3275,1525
681,DFS,2020-12-09,0 days 15:57:26.248775,182603,83.11,83.1,100,200,1525,-3275
682,DFS,2020-12-09,0 days 15:57:42.249368,184547,83.13,83.11,803,200,-756,544
683,DFS,2020-12-09,0 days 15:57:45.249308,184203,83.13,83.11,100,300,345,-55
684,DFS,2020-12-09,0 days 15:57:47.249414,184548,83.14,83.12,101,400,-255,2245
685,DFS,2020-12-09,0 days 15:57:48.249476,183803,83.14,83.12,101,400,745,-255
686,DFS,2020-12-09,0 days 15:58:30.251905,183993,83.2,83.18,618,100,524,-9276
687,DFS,2020-12-09,0 days 15:58:59.253389,194117,83.21,83.16,100,200,-345,355
688,DFS,2020-12-09,0 days 15:59:04.253774,194357,83.22,83.16,100,500,-27,203
689,DFS,2020-12-09,0 days 15:59:13.254752,199232,83.22,83.18,100,516,-381,821
690,DFS,2020-12-09,0 days 15:59:24.242438,202309,83.17,83.1,100,100,323,-3377
691,DFS,2020-12-09,0 days 15:59:25.242289,202032,83.17,83.07,100,500,-277,323
692,DFS,2020-12-09,0 days 15:59:31.244247,202309,83.17,83.12,490,605,239,-277
693,DFS,2020-12-09,0 days 15:59:40.243944,202351,83.22,83.15,200,600,-558,42
694,DFS,2020-12-09,0 days 15:59:51.243113,204725,83.21,83.13,100,400,510,-590
695,DFS,2020-12-09,0 days 15:59:54.245880,205235,83.19,83.15,420,100,-290,610
696,DIS,2020-12-09,0 days 15:59:15.280459,789095,154.68,154.64,100,400,47613,-84974
697,DIS,2020-12-09,0 days 15:59:40.282232,829506,154.62,154.54,750,100,-24142,22580
698,DIS,2020-12-09,0 days 15:59:51.281763,842805,154.6,154.48,446,100,4328,-12436
699,DIS,2020-12-09,0 days 15:59:52.279538,827433,154.62,154.53,200,103,-16136,4328
700,DIS,2020-12-09,0 days 15:59:53.280505,842805,154.56,154.45,100,128,4328,-16136
701,DKS,2020-12-09,0 days 15:58:58.257144,107464,54.49,54.47,264,290,-940,1420
702,DKS,2020-12-09,0 days 15:58:59.257562,104204,54.49,54.47,264,390,3260,-940
703,DKS,2020-12-09,0 days 15:59:07.259628,106230,54.48,54.47,292,102,-4101,3054
704,DKS,2020-12-09,0 days 15:59:08.258934,103631,54.48,54.47,592,102,2599,-4101
705,DKS,2020-12-09,0 days 15:59:45.253860,115157,54.35,54.34,100,764,-802,2786
706,DKS,2020-12-09,0 days 15:59:46.252523,115959,54.33,54.32,125,400,698,-802
707,DOW,2020-12-09,0 days 15:59:31.253630,531819,54.73,54.72,490,100,6714,-5356
708,DOW,2020-12-09,0 days 15:59:43.254111,537963,54.76,54.73,300,100,-9641,6020
709,DRH,2020-12-09,0 days 15:55:34.249694,160558,8.63,8.62,6210,9432,72552,-1956
710,DRH,2020-12-09,0 days 15:59:06.258268,244291,8.69,8.68,5900,4500,-8779,607
711,DRH,2020-12-09,0 days 15:59:22.251099,380431,8.66,8.65,18229,700,4077,-8723
712,DRH,2020-12-09,0 days 15:59:28.251912,337307,8.65,8.64,13369,1200,-5924,40377
713,DUK,2020-12-09,0 days 15:55:00.246587,300119,91.48,91.45,656,254,11394,-25852
714,DUK,2020-12-09,0 days 15:56:18.248467,314740,91.62,91.61,302,687,-4748,3152
715,DUK,2020-12-09,0 days 15:57:38.249663,355258,91.6,91.59,366,1090,1461,-939
716,DUK,2020-12-09,0 days 15:57:39.249157,352019,91.6,91.59,100,1186,-3339,1461
717,DUK,2020-12-09,0 days 15:59:10.254740,383701,91.67,91.66,1444,300,9172,-3439
718,DUK,2020-12-09,0 days 15:59:11.254442,380115,91.67,91.66,1320,300,-3586,9172
719,DUK,2020-12-09,0 days 15:59:18.253245,381663,91.64,91.6,318,400,-1588,4112
720,DUK,2020-12-09,0 days 15:59:29.252133,382060,91.54,91.51,600,100,-1191,9309
721,DUK,2020-12-09,0 days 15:59:40.253883,379364,91.49,91.48,100,100,-18237,2042
722,DUK,2020-12-09,0 days 15:59:47.252517,398499,91.65,91.59,687,500,4570,-7759
723,DUK,2020-12-09,0 days 15:59:48.252481,397381,91.66,91.59,200,500,-919,4570
724,DUK,2020-12-09,0 days 15:59:49.255314,397900,91.6,91.58,400,100,829,-919
725,DUK,2020-12-09,0 days 15:59:50.255888,396738,91.59,91.53,1000,100,-1162,829
726,DUK,2020-12-09,0 days 15:59:51.252847,397900,91.53,91.45,598,100,8338,-1162
727,DXC,2020-12-09,0 days 15:55:00.250245,211418,24.84,24.82,1505,1873,14870,-23548
728,DXC,2020-12-09,0 days 15:57:39.253726,233793,24.86,24.85,1327,1105,-187,1313
729,DXC,2020-12-09,0 days 15:57:43.254567,228980,24.86,24.85,1677,1105,4813,-987
730,DXC,2020-12-09,0 days 15:59:06.258569,234610,24.87,24.86,1087,668,-13129,4690
731,DXC,2020-12-09,0 days 15:59:12.259830,233069,24.87,24.86,487,800,2057,-1343
732,DXC,2020-12-09,0 days 15:59:16.250735,233569,24.88,24.87,900,100,1557,-2143
733,DXC,2020-12-09,0 days 15:59:40.252816,235172,24.86,24.85,300,2632,-1897,2703
734,EAF,2020-12-09,0 days 15:59:15.252489,449341,9.79,9.78,300,2954,102951,-78699
735,ED,2020-12-09,0 days 15:58:29.234200,228841,74.43,74.41,300,166,-2714,4561
736,ED,2020-12-09,0 days 15:59:01.235955,230148,74.41,74.38,200,500,1489,-711
737,ED,2020-12-09,0 days 15:59:07.236812,231637,74.42,74.39,400,400,-6240,568
738,ED,2020-12-09,0 days 15:59:29.234654,242579,74.33,74.29,500,300,1488,-3428
739,ED,2020-12-09,0 days 15:59:32.235738,243967,74.31,74.26,100,700,-12413,1338
740,EFX,2020-12-09,0 days 15:55:00.259926,76110,180.57,180.49,100,100,-551,25643
741,EFX,2020-12-09,0 days 15:58:03.251948,78420,180.55,180.48,100,100,2083,-3017
742,EFX,2020-12-09,0 days 15:58:05.252675,80503,180.54,180.48,100,200,-5217,2083
743,EFX,2020-12-09,0 days 15:58:52.255167,59341,180.3,180.17,300,200,22122,-3778
744,EFX,2020-12-09,0 days 15:58:53.255250,80863,180.4,180.33,170,100,-1778,22122
745,EFX,2020-12-09,0 days 15:58:54.255421,79041,180.4,180.27,270,400,2111,-1778
746,EFX,2020-12-09,0 days 15:59:45.249167,95622,180.3,180.18,400,100,-1104,871
747,EFX,2020-12-09,0 days 15:59:47.247993,94798,180.3,180.18,200,100,1101,-4199
748,ELAN,2020-12-09,0 days 15:59:12.300325,534766,28.94,28.93,506,1822,29545,-56495
749,ELY,2020-12-09,0 days 15:57:54.220674,428886,23.09,23.08,100,1400,919,-2381
750,ELY,2020-12-09,0 days 15:57:55.220765,426805,23.09,23.08,100,1400,-2081,919
751,ELY,2020-12-09,0 days 15:58:00.221789,428886,23.09,23.08,266,1400,4774,-2081
752,ELY,2020-12-09,0 days 15:58:01.222187,426760,23.09,23.08,266,1300,-2126,4774
753,ELY,2020-12-09,0 days 15:58:13.222707,428060,23.1,23.08,303,713,-2295,4405
754,ELY,2020-12-09,0 days 15:59:07.226329,433412,23.11,23.1,800,600,13982,-1840
755,ELY,2020-12-09,0 days 15:59:08.225424,432794,23.12,23.11,900,100,-118,13982
756,ENB,2020-12-09,0 days 15:55:00.246175,93917,33.62,33.61,895,20995,3193,-41406
757,ENB,2020-12-09,0 days 15:56:14.248226,97697,33.65,33.64,13311,2300,-1853,3511
758,ENB,2020-12-09,0 days 15:57:34.248976,101672,33.61,33.6,13600,4109,8933,-4467
759,ENB,2020-12-09,0 days 15:58:09.252149,96605,33.62,33.61,4433,11683,-359,3657
760,ENB,2020-12-09,0 days 15:58:32.252521,96964,33.63,33.62,12200,5476,941,-359
761,ENB,2020-12-09,0 days 15:59:23.253663,101674,33.61,33.59,22579,8800,-548,1474
762,ENB,2020-12-09,0 days 15:59:50.255600,93481,33.57,33.56,6866,8282,-6439,5761
763,ENLC,2020-12-09,0 days 15:55:38.280388,343691,4.0,3.99,4520,12896,-9108,2792
764,ENLC,2020-12-09,0 days 15:57:40.275484,355496,4.0,3.99,4561,11921,6695,-2105
765,ENLC,2020-12-09,0 days 15:57:41.275347,352491,4.0,3.99,4561,12041,-3005,6695
766,ENLC,2020-12-09,0 days 15:57:43.275576,368601,4.0,3.99,5361,11329,1490,-3005
767,ENLC,2020-12-09,0 days 15:57:46.275863,361291,4.01,4.0,8354,10100,-11710,1490
768,ENLC,2020-12-09,0 days 15:57:47.275691,357001,4.01,4.0,9054,9100,4290,-11710
769,ENLC,2020-12-09,0 days 15:57:48.275380,361291,4.01,4.0,9054,9100,-7510,4290
770,ENLC,2020-12-09,0 days 15:57:49.275744,357001,4.01,4.0,9054,7600,4290,-7510
771,ENLC,2020-12-09,0 days 15:59:10.280993,366792,4.0,3.99,17607,11597,815,-11985
772,EOG,2020-12-09,0 days 15:55:00.245790,986797,53.24,53.2,355,953,6282,-751974
773,EOG,2020-12-09,0 days 15:57:08.249955,1005894,53.37,53.34,1000,300,-51111,1237
774,EOG,2020-12-09,0 days 15:57:09.250120,968957,53.33,53.32,300,300,51037,-51111
775,EOG,2020-12-09,0 days 15:57:13.248707,969057,53.33,53.32,212,400,51066,-1282
776,EOG,2020-12-09,0 days 15:57:38.249633,1008023,53.32,53.31,1200,1064,-12934,4966
777,EOG,2020-12-09,0 days 15:57:46.250180,1050007,53.3,53.29,103,385,2372,-2328
778,EOG,2020-12-09,0 days 15:57:47.249672,1046179,53.3,53.29,203,300,-12228,2372
779,EOG,2020-12-09,0 days 15:57:49.250012,1063107,53.3,53.29,662,300,472,-5428
780,EOG,2020-12-09,0 days 15:57:52.250625,1063579,53.31,53.3,100,400,-11228,472
781,EOG,2020-12-09,0 days 15:57:53.250266,1074807,53.31,53.3,1300,100,372,-11228
782,EOG,2020-12-09,0 days 15:57:56.250256,1058079,53.29,53.28,800,553,-4628,12072
783,EOG,2020-12-09,0 days 15:58:11.251312,1044628,53.25,53.24,100,100,-3686,7714
784,EOG,2020-12-09,0 days 15:58:17.252543,1048415,53.28,53.27,615,800,11312,-19523
785,EOG,2020-12-09,0 days 15:58:18.251950,1044809,53.28,53.27,215,1100,-3606,11312
786,EOG,2020-12-09,0 days 15:58:43.252382,1075809,53.3,53.29,500,200,-6434,3766
787,EOG,2020-12-09,0 days 15:59:06.253851,1076572,53.2,53.19,500,200,11456,-2718
788,EOG,2020-12-09,0 days 15:59:07.254169,1072441,53.19,53.17,711,600,-4031,11456
789,EOG,2020-12-09,0 days 15:59:19.251267,1107840,53.16,53.14,200,500,-6714,6286
790,EOG,2020-12-09,0 days 15:59:46.253029,1160848,53.15,53.13,100,520,3324,-16692
791,EOG,2020-12-09,0 days 15:59:48.252416,1155568,53.15,53.13,100,100,-5280,4182
792,EPD,2020-12-09,0 days 15:59:46.248321,78653,20.72,20.71,9434,4200,7182,-1498
793,EPD,2020-12-09,0 days 15:59:47.247813,76435,20.72,20.71,9434,4200,-2218,7182
794,EQH,2020-12-09,0 days 15:55:47.280998,432672,26.55,26.54,400,2927,-13920,12923
795,EQH,2020-12-09,0 days 15:55:48.280613,429092,26.55,26.54,400,2673,3880,-13920
796,EQH,2020-12-09,0 days 15:56:35.282193,433284,26.55,26.54,2618,377,-10420,2680
797,EQH,2020-12-09,0 days 15:56:36.282349,429904,26.55,26.54,2812,377,3380,-10420
798,EQH,2020-12-09,0 days 15:57:02.275597,434625,26.53,26.52,2432,176,-359,1721
799,EQH,2020-12-09,0 days 15:57:03.275290,432284,26.52,26.51,1719,1605,2341,-359
800,EQH,2020-12-09,0 days 15:57:46.275863,439025,26.53,26.52,200,2666,-1159,541
801,EQH,2020-12-09,0 days 15:57:47.275726,436384,26.53,26.52,301,2475,1841,-1159
802,EQH,2020-12-09,0 days 15:57:52.276693,437825,26.54,26.53,252,2001,-1359,6541
803,EQH,2020-12-09,0 days 15:57:54.276014,435284,26.54,26.53,1052,601,2541,-2059
804,EQH,2020-12-09,0 days 15:58:29.277883,439025,26.52,26.51,852,1600,-9746,1567
805,EQH,2020-12-09,0 days 15:59:07.280510,441627,26.51,26.5,341,1900,-10822,457
806,EQH,2020-12-09,0 days 15:59:46.280254,466996,26.5,26.49,300,2300,20529,-3546
807,EQNR,2020-12-09,0 days 15:55:00.215444,45240,16.75,16.74,9422,33654,-4306,9370
808,EQNR,2020-12-09,0 days 15:58:58.224169,56420,16.78,16.77,35769,44923,132,-2582
809,EQNR,2020-12-09,0 days 15:59:16.225138,56552,16.78,16.77,33679,38637,-1923,661
810,EQNR,2020-12-09,0 days 15:59:29.224794,58859,16.76,16.75,63463,13500,540,-260
811,EQR,2020-12-09,0 days 15:59:40.252707,368729,61.23,61.21,100,100,-2032,5000
812,EQR,2020-12-09,0 days 15:59:41.252375,367038,61.23,61.18,100,416,1691,-2032
813,EQR,2020-12-09,0 days 15:59:43.253207,366329,61.24,61.2,200,300,-1554,846
814,EQR,2020-12-09,0 days 15:59:50.258411,330263,61.23,61.19,100,400,38466,-5634
815,EQT,2020-12-09,0 days 15:59:46.280527,225484,13.96,13.95,3100,3306,-8117,1655
816,EQT,2020-12-09,0 days 15:59:48.280565,223001,13.96,13.95,3096,2106,2483,-317
817,ESRT,2020-12-09,0 days 15:59:10.254403,312086,9.5,9.49,5463,8647,-1746,54
818,ESRT,2020-12-09,0 days 15:59:16.251094,300758,9.5,9.49,5058,9994,10028,-1746
819,ESRT,2020-12-09,0 days 15:59:40.253464,312086,9.5,9.49,5058,6752,-1487,2013
820,ESRT,2020-12-09,0 days 15:59:48.252181,309413,9.5,9.49,700,13786,2530,-31270
821,ESRT,2020-12-09,0 days 15:59:49.255073,313243,9.51,9.5,5000,5576,-2220,2530
822,ESRT,2020-12-09,0 days 15:59:50.255081,252463,9.51,9.5,6300,4476,59480,-2220
823,ET,2020-12-09,0 days 15:59:04.255855,187011,6.52,6.51,123831,10200,810,-1926
824,ET,2020-12-09,0 days 15:59:14.255368,179721,6.51,6.5,39533,55689,-7290,3810
825,ET,2020-12-09,0 days 15:59:46.248112,186732,6.5,6.49,65477,8300,12042,-3058
826,ET,2020-12-09,0 days 15:59:47.247637,182474,6.5,6.49,65477,8300,-4258,12042
827,EVRG,2020-12-09,0 days 15:57:39.253713,133935,55.55,55.54,700,500,1616,-584
828,EVRG,2020-12-09,0 days 15:58:09.255799,134004,55.6,55.59,300,322,-25,69
829,EVRG,2020-12-09,0 days 15:58:13.256156,134029,55.6,55.59,200,1227,149,-25
830,EVRG,2020-12-09,0 days 15:58:18.256350,134278,55.6,55.59,200,1427,-6736,149
831,EXPR,2020-12-09,0 days 15:59:01.253807,32434,1.16,1.15,36992,59700,4680,-4
832,F,2020-12-09,0 days 15:59:06.236118,2270018,9.45,9.44,183094,337292,18483,-353719
833,FCX,2020-12-09,0 days 15:59:46.252229,694182,24.52,24.51,1565,30514,-2139,8763
834,FDX,2020-12-09,0 days 15:55:51.292447,166497,295.7,295.53,300,102,-36,464
835,FDX,2020-12-09,0 days 15:55:52.292661,166133,295.7,295.53,300,202,364,-36
836,FDX,2020-12-09,0 days 15:56:10.292870,166497,295.68,295.55,210,100,-335,364
837,FDX,2020-12-09,0 days 15:56:11.292659,166232,295.68,295.53,110,400,265,-335
838,FDX,2020-12-09,0 days 15:57:40.296083,173397,296.0,295.81,210,146,-515,2985
839,FDX,2020-12-09,0 days 15:57:41.296025,172912,295.94,295.82,100,213,521,-515
840,FDX,2020-12-09,0 days 15:57:44.295873,173433,295.94,295.83,100,113,-79,521
841,FDX,2020-12-09,0 days 15:57:47.295966,173112,296.0,295.89,410,203,321,-179
842,FDX,2020-12-09,0 days 15:57:48.296091,173433,296.0,295.88,310,302,-1579,321
843,FDX,2020-12-09,0 days 15:57:50.296327,173212,296.0,295.91,300,300,221,-1179
844,FDX,2020-12-09,0 days 15:57:57.296708,173433,296.11,295.89,297,700,-179,521
845,FDX,2020-12-09,0 days 15:57:58.296400,173212,296.11,295.9,200,200,221,-179
846,FDX,2020-12-09,0 days 15:58:02.297135,172660,296.09,295.89,100,700,-252,321
847,FDX,2020-12-09,0 days 15:58:03.296827,171597,296.09,295.89,100,700,1063,-252
848,FDX,2020-12-09,0 days 15:58:24.297907,172950,295.99,295.81,295,300,-2137,763
849,FDX,2020-12-09,0 days 15:58:25.298180,172687,295.99,295.87,295,307,263,-2137
850,FDX,2020-12-09,0 days 15:58:47.298592,175370,296.07,295.89,297,300,101,-299
851,FDX,2020-12-09,0 days 15:59:01.299691,175570,296.04,295.93,100,200,299,-220
852,FDX,2020-12-09,0 days 15:59:04.299222,175570,296.04,295.89,100,100,199,-601
853,FDX,2020-12-09,0 days 15:59:12.300325,175996,296.04,295.95,100,300,3757,-127
854,FDX,2020-12-09,0 days 15:59:14.300622,181618,296.14,295.89,200,100,-112,23
855,FDX,2020-12-09,0 days 15:59:27.299198,181697,296.1,295.91,100,300,-2430,170
856,FDX,2020-12-09,0 days 15:59:29.298711,181127,296.1,295.91,100,300,570,-430
857,FDX,2020-12-09,0 days 15:59:31.299817,181699,296.05,295.91,595,850,-3202,270
858,FDX,2020-12-09,0 days 15:59:33.300310,182601,295.76,295.63,200,300,298,-1402
859,FDX,2020-12-09,0 days 15:59:40.300407,181699,296.05,295.76,200,850,-9602,98
860,FDX,2020-12-09,0 days 15:59:50.303311,185101,296.03,295.75,100,576,596,-204
861,FDX,2020-12-09,0 days 15:59:51.301072,185697,296.01,295.75,438,500,-4,596
862,FDX,2020-12-09,0 days 15:59:55.300601,183001,295.82,295.5,300,100,3896,-4
863,FE,2020-12-09,0 days 15:59:15.252344,1338135,30.68,30.67,1462,4288,25264,-847897
864,FE,2020-12-09,0 days 15:59:45.255406,1377718,30.7,30.69,2648,1556,-9308,15523
865,FE,2020-12-09,0 days 15:59:48.252476,1387026,30.7,30.69,4191,710,25290,-1210
866,FE,2020-12-09,0 days 15:59:50.257076,1357916,30.7,30.68,4015,4418,-29110,25290
867,FEAC,2020-12-09,0 days 15:55:00.244147,7690,18.98,18.9,500,100,-6104,596
868,FHN,2020-12-09,0 days 15:55:00.248983,1529971,13.14,13.13,13225,11328,-139,125053
869,FHN,2020-12-09,0 days 15:55:27.249917,1530335,13.14,13.13,11319,15078,490,-364
870,FHN,2020-12-09,0 days 15:59:17.250891,1550092,13.15,13.14,7848,23203,-3275,41825
871,FHN,2020-12-09,0 days 15:59:51.253266,1549092,13.16,13.15,7700,19617,-1331,73700
872,FL,2020-12-09,0 days 15:55:00.246344,74723,43.01,43.0,100,700,6932,-7296
873,FNB,2020-12-09,0 days 15:59:09.256882,158128,9.57,9.56,25776,12109,-5887,4942
874,FNB,2020-12-09,0 days 15:59:10.257184,154915,9.57,9.56,34081,4454,3213,-5887
875,FNB,2020-12-09,0 days 15:59:12.257106,158128,9.57,9.56,32681,7257,-8033,3213
876,FNB,2020-12-09,0 days 15:59:13.256641,155661,9.57,9.56,35981,6054,2467,-8033
877,FNB,2020-12-09,0 days 15:59:42.247796,161828,9.56,9.55,27768,19869,-3350,2128
878,FNB,2020-12-09,0 days 15:59:43.248349,160578,9.56,9.55,14187,26119,1250,-3350
879,FNB,2020-12-09,0 days 15:59:46.248466,161828,9.56,9.55,12341,23930,-16167,1250
880,FNB,2020-12-09,0 days 15:59:47.247964,161063,9.56,9.55,12341,22130,765,-16167
881,FNB,2020-12-09,0 days 15:59:48.249442,161828,9.56,9.55,12341,23830,-2330,765
882,FNB,2020-12-09,0 days 15:59:50.251222,160253,9.56,9.55,12616,22030,1575,-2525
883,FSLY,2020-12-09,0 days 15:55:00.290520,49452,91.25,91.14,138,100,-1998,3476
884,FSLY,2020-12-09,0 days 15:59:07.299286,68919,91.19,91.05,100,665,2978,-5343
885,FSLY,2020-12-09,0 days 15:59:39.299060,75068,91.14,90.92,100,100,-4336,1064
886,FSLY,2020-12-09,0 days 15:59:40.300444,74304,91.14,90.9,100,100,764,-4336
887,FSR,2020-12-09,0 days 15:56:53.265764,39475,16.85,16.82,957,500,2132,-3268
888,FSR,2020-12-09,0 days 15:57:32.250478,45007,16.85,16.83,456,300,-4468,3132
889,FSR,2020-12-09,0 days 15:57:33.250791,42575,16.85,16.83,456,600,2432,-4468
890,FTCH,2020-12-09,0 days 15:59:07.257690,67275,59.32,59.29,520,500,1399,-1416
891,FTCH,2020-12-09,0 days 15:59:08.256625,65874,59.32,59.29,320,500,-1,1399
892,FTCH,2020-12-09,0 days 15:59:25.250741,66572,59.33,59.29,100,200,20,-698
893,FTCH,2020-12-09,0 days 15:59:38.249600,63792,59.25,59.16,100,200,-2780,3320
894,FTCH,2020-12-09,0 days 15:59:39.249583,62272,59.19,59.06,400,600,6320,-2780
895,FTCH,2020-12-09,0 days 15:59:40.248615,60292,59.32,59.08,100,400,-6280,6320
896,FTCH,2020-12-09,0 days 15:59:41.248409,62200,59.26,58.99,100,400,6092,-6280
897,FTCH,2020-12-09,0 days 15:59:42.247810,61692,59.26,59.03,100,677,-508,6092
898,FTCH,2020-12-09,0 days 15:59:45.249167,62272,59.2,59.04,100,666,1180,-508
899,FTCH,2020-12-09,0 days 15:59:46.248487,61852,59.2,59.07,100,566,-420,1180
900,FTI,2020-12-09,0 days 15:59:26.279482,479320,9.76,9.75,17379,21447,-56,39244
901,FTV,2020-12-09,0 days 15:58:08.277932,248003,69.74,69.72,1800,500,-287,913
902,FTV,2020-12-09,0 days 15:58:09.279172,247462,69.74,69.72,1700,500,541,-287
903,FTV,2020-12-09,0 days 15:59:00.283781,247552,69.74,69.72,100,200,3400,-559
904,FUBO,2020-12-09,0 days 15:55:52.251063,25464,29.4,29.38,800,100,-1079,1765
905,FUBO,2020-12-09,0 days 15:55:53.250990,23843,29.4,29.38,800,200,1621,-1079
906,FUBO,2020-12-09,0 days 15:57:18.253305,25464,29.48,29.45,200,1000,-2691,209
907,FUBO,2020-12-09,0 days 15:57:19.252646,24255,29.48,29.45,200,1000,1209,-2691
908,FUBO,2020-12-09,0 days 15:58:01.257139,24172,29.55,29.47,100,400,-783,409
909,FUBO,2020-12-09,0 days 15:58:02.255645,23255,29.5,29.47,604,400,917,-783
910,FUBO,2020-12-09,0 days 15:59:23.252291,31958,29.94,29.69,500,400,-877,923
911,FUBO,2020-12-09,0 days 15:59:24.251420,31235,29.94,29.69,500,400,723,-877
912,GFI,2020-12-09,0 days 15:55:00.249877,72873,8.77,8.76,30629,9724,-4453,33964
913,GFI,2020-12-09,0 days 15:58:46.256894,88308,8.77,8.76,13701,38705,139,-11243
914,GFI,2020-12-09,0 days 15:59:14.259360,90882,8.77,8.76,4341,42488,-6396,263
915,GGB,2020-12-09,0 days 15:59:36.299468,100668,4.35,4.34,349895,135425,-18820,22180
916,GGB,2020-12-09,0 days 15:59:37.299869,99488,4.35,4.34,354095,130200,1180,-18820
917,GGB,2020-12-09,0 days 15:59:46.300425,107368,4.34,4.33,434711,17214,-5781,1480
918,GGB,2020-12-09,0 days 15:59:47.299530,106249,4.34,4.33,435311,15214,1119,-5781
919,GIK,2020-12-09,0 days 15:55:00.249336,1505,12.5,12.49,530,305,2557,-405
920,GIS,2020-12-09,0 days 15:55:00.215444,310362,59.39,59.38,998,962,9427,-7700
921,GIS,2020-12-09,0 days 15:57:49.220830,325594,59.48,59.47,1717,397,-5010,2890
922,GIS,2020-12-09,0 days 15:57:51.221466,322704,59.47,59.46,810,1110,2890,-6910
923,GIS,2020-12-09,0 days 15:58:17.222991,322845,59.48,59.47,1387,1200,3389,-2011
924,GIS,2020-12-09,0 days 15:58:32.223070,326234,59.48,59.47,1476,1704,-15054,3186
925,GIS,2020-12-09,0 days 15:58:33.223285,339688,59.48,59.47,1776,1088,246,-15054
926,GIS,2020-12-09,0 days 15:58:34.223686,338434,59.48,59.47,1316,783,-1254,246
927,GIS,2020-12-09,0 days 15:58:53.223989,340760,59.48,59.47,915,1331,10127,-1273
928,GIS,2020-12-09,0 days 15:58:54.224251,339206,59.48,59.47,912,1331,-1811,10127
929,GIS,2020-12-09,0 days 15:59:05.225587,348234,59.46,59.44,2100,635,104,-4
930,GIS,2020-12-09,0 days 15:59:06.225703,347903,59.47,59.45,1200,600,-1020,104
931,GIS,2020-12-09,0 days 15:59:10.225896,349323,59.46,59.44,600,510,1134,-172
932,GIS,2020-12-09,0 days 15:59:23.225988,360545,59.41,59.4,300,400,-3048,6624
933,GIS,2020-12-09,0 days 15:59:24.226678,359893,59.42,59.4,400,1000,652,-3048
934,GIS,2020-12-09,0 days 15:59:39.226916,363645,59.38,59.37,200,1343,-4665,235
935,GIS,2020-12-09,0 days 15:59:41.226009,360110,59.42,59.4,780,411,435,-2565
936,GIS,2020-12-09,0 days 15:59:43.227286,355145,59.44,59.42,335,827,-4965,435
937,GIX,2020-12-09,0 days 15:55:27.246916,1493,10.56,10.55,500,100,-1028,1472
938,GIX,2020-12-09,0 days 15:55:28.247024,1321,10.56,10.55,648,100,172,-1028
939,GIX,2020-12-09,0 days 15:59:02.253413,1472,10.56,10.55,592,404,-949,151
940,GIX,2020-12-09,0 days 15:59:03.253285,1321,10.56,10.55,592,404,151,-949
941,GLW,2020-12-09,0 days 15:58:29.253424,466874,37.83,37.82,4700,500,-10395,12263
942,GLW,2020-12-09,0 days 15:59:19.251895,486381,37.78,37.77,3800,389,434,-266
943,GLW,2020-12-09,0 days 15:59:23.253198,486815,37.77,37.76,2634,922,-8443,434
944,GLW,2020-12-09,0 days 15:59:28.252272,494958,37.74,37.73,2500,900,4016,-10143
945,GLW,2020-12-09,0 days 15:59:50.257163,498820,37.72,37.71,1100,2400,-7438,16362
946,GLW,2020-12-09,0 days 15:59:53.253075,504958,37.7,37.69,3053,2400,262,-7438
947,GM,2020-12-09,0 days 15:59:16.250526,1258375,44.54,44.53,700,4391,61247,-329347
948,GM,2020-12-09,0 days 15:59:45.253585,1290945,44.51,44.5,700,2580,-8496,4073
949,GM,2020-12-09,0 days 15:59:46.252131,1317041,44.53,44.52,3400,1100,6377,-8496
950,GM,2020-12-09,0 days 15:59:47.252057,1316918,44.53,44.52,300,2478,-123,6377
951,GME,2020-12-09,0 days 15:59:12.282217,183265,13.66,13.65,1389,508,10201,-11704
952,GNW,2020-12-09,0 days 15:55:00.276821,237943,4.5,4.49,30212,8810,25935,-128897
953,GNW,2020-12-09,0 days 15:55:01.275594,230178,4.5,4.49,27297,8810,-7765,25935
954,GNW,2020-12-09,0 days 15:59:07.280655,251571,4.5,4.49,15913,24276,7584,-3277
955,GNW,2020-12-09,0 days 15:59:08.281333,245955,4.5,4.49,15601,24943,-5616,7584
956,GNW,2020-12-09,0 days 15:59:33.280767,251571,4.5,4.49,20471,11029,273,-5616
957,GNW,2020-12-09,0 days 15:59:35.280737,251844,4.5,4.49,23171,8379,-27,273
958,GNW,2020-12-09,0 days 15:59:40.282204,251871,4.5,4.49,18771,12479,1723,-27
959,GNW,2020-12-09,0 days 15:59:48.280550,248894,4.5,4.49,20671,5200,-2977,12223
960,GOLD,2020-12-09,0 days 15:55:00.276987,311301,23.37,23.36,21812,37659,-16819,102762
961,GOLD,2020-12-09,0 days 15:55:01.275607,310920,23.37,23.36,23762,41809,381,-16819
962,GOLD,2020-12-09,0 days 15:56:19.281588,311388,23.39,23.38,59463,2745,-261,312
963,GOLD,2020-12-09,0 days 15:56:41.282971,311649,23.37,23.36,52458,12957,939,-261
964,GOLD,2020-12-09,0 days 15:57:03.275388,315831,23.36,23.35,13000,45382,-1118,4182
965,GOLD,2020-12-09,0 days 15:57:04.276633,315649,23.36,23.35,18950,39552,182,-1118
966,GOLD,2020-12-09,0 days 15:57:12.274201,315831,23.36,23.35,26461,29609,-1144,121
967,GOLD,2020-12-09,0 days 15:57:37.275850,317175,23.36,23.35,40224,9254,9498,-1302
968,GOLD,2020-12-09,0 days 15:57:40.275586,329773,23.36,23.35,37224,14947,-2002,9498
969,GOLD,2020-12-09,0 days 15:57:42.275652,329775,23.36,23.35,22240,23897,2198,-2
970,GOLD,2020-12-09,0 days 15:59:45.282604,371460,23.35,23.34,28034,59733,-5386,6514
971,GOLD,2020-12-09,0 days 15:59:50.285465,343466,23.36,23.35,13301,28630,19451,-4406
972,GPS,2020-12-09,0 days 15:59:07.236720,232793,21.81,21.8,2974,6144,3391,-35669
973,GPS,2020-12-09,0 days 15:59:13.236536,253175,21.83,21.82,2100,9773,-1518,4593
974,GPS,2020-12-09,0 days 15:59:15.235174,254693,21.84,21.83,4000,2122,40280,-1518
975,GPS,2020-12-09,0 days 15:59:40.235763,275338,21.82,21.81,1300,8517,-18035,12580
976,GSK,2020-12-09,0 days 15:56:10.281843,30183,37.85,37.84,3377,3931,-4,896
977,GSK,2020-12-09,0 days 15:56:17.281026,30187,37.85,37.84,3481,4208,1896,-4
978,GSK,2020-12-09,0 days 15:59:47.280348,32671,37.86,37.85,300,12126,-2727,473
979,GSK,2020-12-09,0 days 15:59:48.280633,32198,37.86,37.85,800,11426,473,-2727
980,GSX,2020-12-09,0 days 15:57:50.249719,62548,64.67,64.63,200,100,-432,1128
981,GSX,2020-12-09,0 days 15:57:51.250047,61780,64.67,64.62,300,1300,768,-432
982,GSX,2020-12-09,0 days 15:58:26.251276,62548,64.62,64.54,100,200,-833,767
983,GSX,2020-12-09,0 days 15:58:27.251349,61781,64.62,64.54,100,200,767,-833
984,GSX,2020-12-09,0 days 15:59:16.250869,66303,64.63,64.51,162,300,-346,3254
985,GSX,2020-12-09,0 days 15:59:28.251884,65949,64.67,64.6,100,200,610,-590
986,GSX,2020-12-09,0 days 15:59:30.255267,65559,64.72,64.65,300,300,-390,610
987,GSX,2020-12-09,0 days 15:59:31.252753,65049,64.72,64.65,300,200,510,-390
988,GSX,2020-12-09,0 days 16:00:00.250080,65169,64.9,64.61,400,400,190,-210
989,HAL,2020-12-09,0 days 15:55:00.214994,649080,19.54,19.53,5700,8218,16925,-35806
990,HAL,2020-12-09,0 days 15:55:26.216322,669918,19.53,19.52,5069,11721,-26162,17449
991,HAL,2020-12-09,0 days 15:57:59.221135,656606,19.53,19.52,11956,9195,41960,-27040
992,HAL,2020-12-09,0 days 15:58:00.222623,708362,19.53,19.52,5858,13195,-4044,41960
993,HAL,2020-12-09,0 days 15:59:31.227529,804794,19.51,19.5,17511,7300,-12964,4963
994,HAL,2020-12-09,0 days 15:59:50.229694,807088,19.54,19.53,8194,17300,1927,-13373
995,HBI,2020-12-09,0 days 15:55:00.250077,298640,14.2,14.19,5048,15379,-1986,17378
996,HBI,2020-12-09,0 days 15:55:47.251392,304331,14.19,14.18,6916,9321,3862,-3538
997,HBI,2020-12-09,0 days 15:57:23.253145,329328,14.18,14.17,13016,7466,-4870,14830
998,HBI,2020-12-09,0 days 15:57:44.254023,329198,14.18,14.17,9024,9724,1220,-1280
999,HBI,2020-12-09,0 days 15:58:12.256845,333018,14.18,14.17,5888,16083,-2174,1282
1000,HBI,2020-12-09,0 days 15:59:00.262092,326180,14.18,14.17,3939,16602,7325,-2209
1001,HBI,2020-12-09,0 days 15:59:19.250721,334563,14.18,14.17,5432,19438,-713,6343
1002,HBI,2020-12-09,0 days 15:59:29.250879,336163,14.17,14.16,7099,14023,-1206,587
1003,HBI,2020-12-09,0 days 15:59:40.252816,324556,14.17,14.16,1926,18941,11610,-2690
1004,HBI,2020-12-09,0 days 15:59:50.259135,319886,14.18,14.17,11255,18711,8980,-8820
1005,HD,2020-12-09,0 days 15:55:00.276364,470035,265.63,265.56,100,100,-19137,4055
1006,HD,2020-12-09,0 days 15:59:10.281113,505138,265.69,265.59,200,500,52776,-4003
1007,HFC,2020-12-09,0 days 15:57:39.253641,168845,27.22,27.21,999,1034,-398,702
1008,HFC,2020-12-09,0 days 15:57:40.254370,167343,27.22,27.21,1504,892,1502,-398
1009,HFC,2020-12-09,0 days 15:57:56.254766,168884,27.22,27.21,988,538,-1659,3341
1010,HFC,2020-12-09,0 days 15:57:57.254559,166643,27.22,27.21,1188,608,2241,-1659
1011,HFC,2020-12-09,0 days 15:57:58.254454,168884,27.22,27.21,1288,738,-659,2241
1012,HFC,2020-12-09,0 days 15:57:59.254554,166643,27.22,27.21,1328,230,2241,-659
1013,HFC,2020-12-09,0 days 15:59:06.258357,173143,27.23,27.21,1587,300,-5032,2321
1014,HFC,2020-12-09,0 days 15:59:07.259492,171375,27.22,27.21,1126,200,1768,-5032
1015,HFC,2020-12-09,0 days 15:59:41.252340,172413,27.2,27.19,596,975,1025,-2775
1016,HFC,2020-12-09,0 days 15:59:45.253721,173538,27.21,27.2,436,900,-6292,1125
1017,HL,2020-12-09,0 days 15:59:46.244839,338604,5.07,5.06,18840,76231,10558,-4685
1018,HMY,2020-12-09,0 days 15:59:01.299490,70723,4.22,4.21,76673,50737,-30207,38893
1019,HMY,2020-12-09,0 days 15:59:02.298963,67830,4.22,4.21,76273,53210,7045,-30207
1020,HMY,2020-12-09,0 days 15:59:10.300059,74875,4.22,4.21,76273,45711,-14417,3145
1021,HMY,2020-12-09,0 days 15:59:11.299979,72892,4.22,4.21,75673,45995,1983,-14417
1022,HMY,2020-12-09,0 days 15:59:45.301590,74875,4.22,4.21,102866,13078,-4917,1983
1023,HMY,2020-12-09,0 days 15:59:46.299868,73992,4.22,4.21,102856,12775,1595,-4917
1024,HOME,2020-12-09,0 days 15:55:00.246536,55201,16.29,16.27,713,886,2924,-27266
1025,HOME,2020-12-09,0 days 15:55:01.245235,53025,16.29,16.27,1045,886,-2176,2924
1026,HON,2020-12-09,0 days 15:59:32.253217,455813,212.3,212.19,552,100,4738,-17260
1027,HON,2020-12-09,0 days 15:59:33.252745,447004,212.5,212.25,300,400,-9290,4738
1028,HON,2020-12-09,0 days 15:59:53.250952,460120,212.39,212.29,200,100,7024,-4176
1029,HPQ,2020-12-09,0 days 15:57:39.275380,1171337,23.21,23.2,7572,6652,17851,-10449
1030,HPQ,2020-12-09,0 days 15:57:45.275756,1159688,23.24,23.23,135,14255,-13749,9451
1031,HPQ,2020-12-09,0 days 15:59:45.282531,1395939,23.21,23.2,6493,9700,12328,-2219
1032,HRB,2020-12-09,0 days 15:59:15.241711,355624,16.36,16.35,5024,4075,115046,-9792
1033,HTA,2020-12-09,0 days 15:59:07.236678,207517,25.94,25.92,370,200,-29788,18812
1034,HUN,2020-12-09,0 days 15:59:07.254615,107397,26.32,26.31,500,400,12669,-10037
1035,HUN,2020-12-09,0 days 15:59:08.254144,120066,26.32,26.31,400,600,-8431,12669
1036,HUN,2020-12-09,0 days 15:59:50.246350,122804,26.32,26.31,1000,1500,10615,-9285
1037,HUYA,2020-12-09,0 days 15:55:00.289814,34913,20.05,20.04,7657,200,1843,-8050
1038,HUYA,2020-12-09,0 days 15:55:01.289551,33156,20.05,20.04,7657,514,-1757,1843
1039,HUYA,2020-12-09,0 days 15:55:34.291068,34913,20.08,20.07,400,200,1143,-1757
1040,HUYA,2020-12-09,0 days 15:55:35.291449,34656,20.08,20.06,500,1107,-257,1143
1041,HUYA,2020-12-09,0 days 15:57:02.293925,34920,20.08,20.07,1272,2407,1609,-143
1042,HUYA,2020-12-09,0 days 15:59:01.298770,43157,20.08,20.07,580,901,116414,-763
1043,HUYA,2020-12-09,0 days 15:59:02.298268,42571,20.1,20.08,845,500,-1386,116414
1044,HUYA,2020-12-09,0 days 15:59:18.297690,44558,20.09,20.08,593,1424,3084,-446
1045,HUYA,2020-12-09,0 days 15:59:19.297669,44390,20.09,20.08,200,2390,-268,3084
1046,HUYA,2020-12-09,0 days 15:59:28.297964,44490,20.1,20.08,1045,2324,-176,9632
1047,HUYA,2020-12-09,0 days 15:59:37.298887,51590,20.09,20.08,791,824,-576,8924
1048,HUYA,2020-12-09,0 days 15:59:46.299081,64497,20.1,20.09,345,400,527,-9815
1049,HUYA,2020-12-09,0 days 15:59:48.299323,63524,20.1,20.08,864,524,-1239,527
1050,HUYA,2020-12-09,0 days 15:59:50.302204,54113,20.08,20.03,1319,300,8059,-1289
1051,HYLN,2020-12-09,0 days 15:57:14.246215,111400,17.95,17.94,1656,1097,-673,327
1052,HYLN,2020-12-09,0 days 15:57:15.246720,110773,17.95,17.94,1856,1076,627,-673
1053,IAG,2020-12-09,0 days 15:59:37.248082,103763,3.57,3.56,40567,231812,-10876,724
1054,IAG,2020-12-09,0 days 15:59:38.248472,103239,3.57,3.56,41530,227112,524,-10876
1055,IAG,2020-12-09,0 days 15:59:46.247221,103763,3.57,3.56,51129,213063,-8776,524
1056,IAG,2020-12-09,0 days 15:59:47.246677,103739,3.57,3.56,58329,213063,24,-8776
1057,IBM,2020-12-09,0 days 15:57:44.232034,835940,126.78,126.74,507,1759,3745,-4155
1058,IBM,2020-12-09,0 days 15:57:45.231977,835185,126.77,126.76,200,391,-755,3745
1059,IBM,2020-12-09,0 days 15:59:15.234647,879989,126.85,126.8,100,400,35893,-10683
1060,IBM,2020-12-09,0 days 15:59:50.238843,876979,126.86,126.82,928,610,-5407,6864
1061,IBN,2020-12-09,0 days 15:59:50.246350,203334,13.97,13.96,8767,88665,92050,-12350
1062,ICE,2020-12-09,0 days 15:55:21.216779,279994,110.19,110.17,101,311,1830,-1613
1063,ICE,2020-12-09,0 days 15:55:22.216655,276324,110.2,110.18,250,200,-3670,1830
1064,ICE,2020-12-09,0 days 15:59:07.226800,310944,110.3,110.27,562,404,3320,-4514
1065,IGT,2020-12-09,0 days 15:56:10.248419,134890,15.2,15.19,3819,4279,726,-2134
1066,IGT,2020-12-09,0 days 15:56:11.248055,126516,15.2,15.19,3219,4031,-8374,726
1067,IGT,2020-12-09,0 days 15:58:22.251911,259934,15.19,15.18,1770,6020,34740,-22560
1068,IGT,2020-12-09,0 days 15:58:23.251841,243674,15.19,15.18,2670,5622,-16260,34740
1069,IGT,2020-12-09,0 days 15:59:06.253625,260134,15.19,15.18,3602,3569,11040,-9510
1070,IGT,2020-12-09,0 days 15:59:07.253962,251274,15.19,15.18,3702,3469,-8860,11040
1071,IGT,2020-12-09,0 days 15:59:42.252295,261767,15.18,15.17,1172,2197,6906,-2010
1072,IGT,2020-12-09,0 days 15:59:43.252578,256473,15.18,15.17,700,2686,-5294,6906
1073,IGT,2020-12-09,0 days 15:59:46.252774,261767,15.18,15.17,1700,1852,14201,-5294
1074,IGT,2020-12-09,0 days 15:59:47.252254,257468,15.18,15.17,1900,1252,-4299,14201
1075,INFO,2020-12-09,0 days 15:55:00.276156,206332,90.29,90.27,266,209,3963,-33517
1076,INFO,2020-12-09,0 days 15:55:35.279355,210295,90.34,90.31,1100,882,-1137,563
1077,INFO,2020-12-09,0 days 15:55:36.280199,209732,90.34,90.31,1100,882,903,-1137
1078,INFO,2020-12-09,0 days 15:56:57.282946,212242,90.35,90.33,200,600,-271,429
1079,INFO,2020-12-09,0 days 15:56:59.283245,211613,90.35,90.33,960,500,682,-118
1080,INFO,2020-12-09,0 days 15:57:18.274396,219095,90.33,90.32,201,153,-1175,625
1081,INFO,2020-12-09,0 days 15:57:19.274124,217670,90.33,90.31,300,623,1425,-1175
1082,INFO,2020-12-09,0 days 15:59:24.281253,255886,90.31,90.28,300,713,5557,-2043
1083,INFO,2020-12-09,0 days 15:59:26.279482,257543,90.31,90.29,336,713,-1943,1957
1084,INFO,2020-12-09,0 days 15:59:27.281032,255886,90.28,90.25,200,100,5557,-1943
1085,INFO,2020-12-09,0 days 15:59:42.279946,261437,90.32,90.28,100,1020,756,-5065
1086,INFY,2020-12-09,0 days 15:55:00.276216,362433,15.51,15.5,22900,28704,-1712,313533
1087,INFY,2020-12-09,0 days 15:57:31.275447,365812,15.5,15.49,31700,35011,12439,-2661
1088,INFY,2020-12-09,0 days 15:59:15.280013,385494,15.52,15.51,58340,10172,-1243,9362
1089,INFY,2020-12-09,0 days 15:59:24.281303,392637,15.52,15.5,78234,42058,6207,-7543
1090,INFY,2020-12-09,0 days 15:59:25.279435,399244,15.52,15.51,76434,2000,-1255,6207
1091,INFY,2020-12-09,0 days 15:59:50.284953,357299,15.52,15.51,26837,72193,41545,-17055
1092,ING,2020-12-09,0 days 15:58:46.298083,13211,10.05,10.04,105815,207173,-418,1853
1093,ING,2020-12-09,0 days 15:59:01.299771,13629,10.05,10.04,118105,189523,451,-1418
1094,ING,2020-12-09,0 days 15:59:10.300230,14122,10.05,10.04,106505,184999,-904,396
1095,ING,2020-12-09,0 days 15:59:46.300106,16666,10.04,10.03,233900,88686,455,-1242
1096,ING,2020-12-09,0 days 15:59:47.299393,16521,10.04,10.03,230600,88686,-145,455
1097,INVH,2020-12-09,0 days 15:59:11.258874,346616,29.25,29.24,6330,1000,-100591,61490
1098,INVH,2020-12-09,0 days 15:59:37.252876,361276,29.2,29.19,5596,100,276,-7624
1099,INVH,2020-12-09,0 days 15:59:40.252554,361552,29.2,29.19,400,3804,-144,276
1100,IP,2020-12-09,0 days 15:55:38.280289,303951,49.63,49.62,100,1637,-11238,21262
1101,IP,2020-12-09,0 days 15:59:51.281426,338455,49.57,49.55,300,518,2246,-854
1102,IPG,2020-12-09,0 days 15:59:15.299591,534897,23.73,23.72,705,5828,179109,-95418
1103,IPOB,2020-12-09,0 days 15:57:47.249414,29791,27.07,26.96,940,600,-1,99
1104,IPOB,2020-12-09,0 days 15:57:50.250252,27692,27.0,26.96,100,500,2099,-201
1105,IPOC,2020-12-09,0 days 15:55:00.259979,5061,11.23,11.22,300,700,-15819,1694
1106,IPOC,2020-12-09,0 days 15:59:05.256420,13492,11.31,11.3,2915,1400,1910,-636
1107,IPOC,2020-12-09,0 days 15:59:06.256086,13007,11.31,11.3,2715,1400,-1239,1910
1108,IPOC,2020-12-09,0 days 15:59:46.248487,14246,11.29,11.28,300,1771,618,-539
1109,IPOC,2020-12-09,0 days 15:59:47.248027,13964,11.29,11.28,200,800,-282,618
1110,IPOF,2020-12-09,0 days 15:57:52.296457,4591,11.5,11.48,800,2700,447,-53
1111,IPOF,2020-12-09,0 days 15:59:48.300436,4785,11.6,11.57,884,100,253,-47
1112,IPV,2020-12-09,0 days 15:59:13.253938,6181,14.45,14.41,300,250,-1507,2193
1113,IPV,2020-12-09,0 days 15:59:14.254908,5888,14.45,14.32,600,700,293,-1507
1114,IPV,2020-12-09,0 days 15:59:46.253352,6181,14.43,14.41,100,400,-176,293
1115,IPV,2020-12-09,0 days 15:59:47.252379,5957,14.43,14.41,100,400,224,-176
1116,IRM,2020-12-09,0 days 15:57:53.254438,278043,30.45,30.44,603,1263,-2686,14
1117,IRM,2020-12-09,0 days 15:58:53.256917,290045,30.42,30.4,1576,600,-51703,2497
1118,ITUB,2020-12-09,0 days 15:57:44.249451,678422,5.97,5.96,379609,141168,-4689,911
1119,ITUB,2020-12-09,0 days 15:58:39.251772,473655,5.97,5.96,385202,326791,213422,-13878
1120,ITUB,2020-12-09,0 days 15:59:01.253765,687077,5.98,5.97,563974,208521,-33376,167622
1121,ITUB,2020-12-09,0 days 15:59:50.246708,599853,5.97,5.96,434730,303579,89740,-35560
1122,IVR,2020-12-09,0 days 15:59:01.299572,161367,3.39,3.38,77192,21637,4929,-8157
1123,IVR,2020-12-09,0 days 15:59:02.298977,155096,3.39,3.38,77192,21637,-4071,4929
1124,IVR,2020-12-09,0 days 15:59:46.299889,163557,3.39,3.38,21300,114417,6249,-4718
1125,IVR,2020-12-09,0 days 15:59:47.299211,159606,3.39,3.38,22700,114417,-3951,6249
1126,IVZ,2020-12-09,0 days 15:55:00.242996,625300,17.71,17.7,4080,5794,5381,-103025
1127,IVZ,2020-12-09,0 days 15:55:17.244202,627321,17.71,17.7,5085,6975,-2556,2021
1128,IVZ,2020-12-09,0 days 15:57:40.248897,681279,17.72,17.71,5433,5494,2432,-1468
1129,IVZ,2020-12-09,0 days 15:57:41.249823,678911,17.72,17.71,2465,7699,-2188,2432
1130,IVZ,2020-12-09,0 days 15:57:43.249443,681099,17.74,17.73,4400,5682,312,-2188
1131,IVZ,2020-12-09,0 days 15:57:45.249099,676811,17.74,17.73,5750,4877,-4288,712
1132,IVZ,2020-12-09,0 days 15:58:00.250710,682199,17.74,17.73,5318,5816,12212,-12388
1133,IVZ,2020-12-09,0 days 15:58:01.250381,680611,17.74,17.73,5318,6277,-1588,12212
1134,IVZ,2020-12-09,0 days 15:59:00.257462,677620,17.75,17.74,9511,620,20934,-1292
1135,IVZ,2020-12-09,0 days 15:59:24.241131,696059,17.75,17.74,3924,7965,-7490,2283
1136,IVZ,2020-12-09,0 days 15:59:50.246236,677203,17.74,17.73,5000,12310,-27671,5829
1137,JCI,2020-12-09,0 days 15:55:17.245496,770634,45.8,45.79,641,1594,231,-35333
1138,JCI,2020-12-09,0 days 15:55:43.246139,772989,45.84,45.83,676,1541,-218,82
1139,JCI,2020-12-09,0 days 15:55:49.247618,777012,45.86,45.84,916,2023,10005,-3899
1140,JCI,2020-12-09,0 days 15:57:48.249046,794054,45.89,45.88,108,1235,-7401,6914
1141,JCI,2020-12-09,0 days 15:57:57.249788,801455,45.88,45.87,778,1201,899,-2501
1142,JCI,2020-12-09,0 days 15:58:29.251756,795199,45.89,45.88,894,1469,-12750,9480
1143,JCI,2020-12-09,0 days 15:58:30.252071,806849,45.89,45.88,1694,709,7550,-12750
1144,JCI,2020-12-09,0 days 15:59:15.250918,837956,45.9,45.89,1170,1274,15244,-10990
1145,JCI,2020-12-09,0 days 15:59:48.251765,838748,45.86,45.85,767,1134,3228,-2972
1146,JCI,2020-12-09,0 days 15:59:50.254883,809876,45.86,45.84,1479,1400,-22872,16928
1147,JHG,2020-12-09,0 days 15:55:00.290219,83279,32.88,32.87,352,566,-7763,48499
1148,JHG,2020-12-09,0 days 15:55:47.291688,84679,32.86,32.85,333,927,5301,-2519
1149,JHG,2020-12-09,0 days 15:59:17.297261,93061,32.94,32.92,832,100,-8583,853
1150,JHG,2020-12-09,0 days 15:59:50.302955,78966,32.93,32.92,300,700,17315,-9885
1151,JMIA,2020-12-09,0 days 15:59:36.252348,141417,33.46,33.38,400,100,-1678,13522
1152,JMIA,2020-12-09,0 days 15:59:50.258924,87492,33.46,33.38,400,532,53925,-1875
1153,JNJ,2020-12-09,0 days 15:59:15.299695,1178143,153.39,153.38,732,210,50119,-1549
1154,JNJ,2020-12-09,0 days 15:59:40.300651,1201559,153.27,153.24,400,300,-11718,1807
1155,JNJ,2020-12-09,0 days 15:59:45.302020,1188959,153.28,153.26,300,300,4651,-2361
1156,JNJ,2020-12-09,0 days 15:59:46.300472,1193610,153.31,153.28,600,728,-9606,4651
1157,JNJ,2020-12-09,0 days 15:59:50.304335,1195978,153.27,153.24,719,100,13998,-571
1158,JNPR,2020-12-09,0 days 15:54:23.244031,546285,21.93,21.92,5401,4290,-2319,693
1159,JNPR,2020-12-09,0 days 15:55:44.247540,694597,21.93,21.92,1241,10354,1403,-244
1160,JNPR,2020-12-09,0 days 15:57:09.249533,708305,21.92,21.91,2728,7487,-1052,6869
1161,JNPR,2020-12-09,0 days 15:57:25.249732,709332,21.92,21.91,3743,7577,17,-983
1162,JNPR,2020-12-09,0 days 15:57:40.250385,694744,21.92,21.91,3749,6889,13905,-2995
1163,JNPR,2020-12-09,0 days 15:57:48.250197,703699,21.94,21.93,7233,2500,3950,-4895
1164,JNPR,2020-12-09,0 days 15:58:06.251493,708661,21.94,21.93,7624,5394,-3287,14413
1165,JNPR,2020-12-09,0 days 15:59:19.251721,724717,21.92,21.91,10227,755,-5134,12866
1166,JNPR,2020-12-09,0 days 15:59:23.253099,729851,21.91,21.9,2954,6000,849,-5134
1167,JNPR,2020-12-09,0 days 15:59:50.256947,740995,21.93,21.92,9768,1200,4275,-6125
1168,JPM,2020-12-09,0 days 15:55:00.259803,1265392,121.33,121.31,101,814,-64760,69123
1169,JPM,2020-12-09,0 days 15:59:29.250315,1472183,121.18,121.16,431,100,-192,10279
1170,JPM,2020-12-09,0 days 15:59:32.251933,1472375,121.12,121.11,210,236,23367,-82
1171,JPM,2020-12-09,0 days 15:59:40.248481,1423558,121.21,121.19,359,300,-48817,6467
1172,JPM,2020-12-09,0 days 15:59:41.248346,1472375,121.19,121.18,100,110,12447,-48817
1173,JPM,2020-12-09,0 days 15:59:44.247819,1473575,121.22,121.21,100,461,1538,-21087
1174,JPM,2020-12-09,0 days 15:59:45.249067,1474927,121.23,121.22,330,200,-3268,1538
1175,JWN,2020-12-09,0 days 15:55:00.243526,102841,31.86,31.84,882,1593,8448,-2854
1176,JWN,2020-12-09,0 days 15:55:01.243910,102189,31.85,31.84,2287,200,-652,8448
1177,JWN,2020-12-09,0 days 15:55:58.247474,106683,31.89,31.88,2101,923,-1085,315
1178,JWN,2020-12-09,0 days 15:56:50.248993,110065,31.85,31.84,369,2241,291,-369
1179,JWN,2020-12-09,0 days 15:57:20.249478,122156,31.89,31.88,3300,100,-8,292
1180,JWN,2020-12-09,0 days 15:58:04.251604,128013,31.89,31.88,301,3462,3355,-317
1181,K,2020-12-09,0 days 15:55:00.259926,215279,61.91,61.9,1900,2141,10962,-12308
1182,K,2020-12-09,0 days 15:58:21.254058,254784,62.08,62.07,203,200,-6679,1721
1183,K,2020-12-09,0 days 15:58:22.252482,249291,62.08,62.07,1328,200,93,-6679
1184,K,2020-12-09,0 days 15:58:32.252642,254784,62.07,62.06,972,284,-2274,5421
1185,K,2020-12-09,0 days 15:58:33.253230,250358,62.07,62.06,972,397,4426,-2274
1186,K,2020-12-09,0 days 15:59:04.256516,256099,62.09,62.08,293,201,-9851,4143
1187,K,2020-12-09,0 days 15:59:05.256420,252850,62.09,62.08,519,135,3249,-9851
1188,K,2020-12-09,0 days 15:59:06.256086,253212,62.09,62.07,556,100,-1791,3249
1189,K,2020-12-09,0 days 15:59:07.257658,251503,62.08,62.06,466,100,1609,-1791
1190,K,2020-12-09,0 days 15:59:11.257132,272112,62.08,62.05,201,300,-27,5440
1191,K,2020-12-09,0 days 15:59:14.255735,272139,62.08,62.05,200,424,4083,-27
1192,K,2020-12-09,0 days 15:59:42.247796,291206,62.05,62.03,100,200,-1401,1416
1193,K,2020-12-09,0 days 15:59:43.248349,290107,62.07,62.04,100,400,1099,-1401
1194,K,2020-12-09,0 days 15:59:45.249167,291206,62.08,62.04,600,337,-5189,1099
1195,K,2020-12-09,0 days 15:59:46.248466,290495,62.06,62.03,700,100,711,-5189
1196,K,2020-12-09,0 days 15:59:50.251268,289412,62.05,62.01,100,800,1794,-806
1197,KEY,2020-12-09,0 days 15:58:32.252460,709794,16.1,16.09,19920,18592,-10869,18201
1198,KEY,2020-12-09,0 days 15:59:50.255294,667948,16.06,16.05,21889,10557,139805,-5395
1199,KGC,2020-12-09,0 days 15:59:02.225394,197243,7.3,7.29,32698,265508,-61793,7907
1200,KIM,2020-12-09,0 days 15:59:50.239441,366653,14.94,14.93,7520,4320,15004,-11796
1201,KMI,2020-12-09,0 days 15:56:38.282457,1298037,14.63,14.62,19265,51521,-4422,19155
1202,KMI,2020-12-09,0 days 15:56:39.282676,1273559,14.63,14.62,19062,49121,24478,-4422
1203,KMI,2020-12-09,0 days 15:58:29.277807,1330979,14.64,14.63,32920,54949,-20009,26419
1204,KMI,2020-12-09,0 days 15:58:30.278615,1310888,14.64,14.63,42687,49249,9091,-20009
1205,KMI,2020-12-09,0 days 15:59:42.279908,1350208,14.62,14.61,51111,50600,2945,-25855
1206,KMI,2020-12-09,0 days 15:59:44.279765,1353153,14.62,14.61,5925,80334,-555,2945
1207,KO,2020-12-09,0 days 15:59:15.225532,1945446,53.47,53.46,1912,6266,63988,-226913
1208,KO,2020-12-09,0 days 15:59:16.225165,1939534,53.48,53.47,6798,3200,-5912,63988
1209,KO,2020-12-09,0 days 15:59:25.225751,1936060,53.43,53.42,200,5000,-5743,17157
1210,KO,2020-12-09,0 days 15:59:40.226330,1914862,53.42,53.41,4296,5785,-129476,116384
1211,KO,2020-12-09,0 days 15:59:41.226051,1943612,53.4,53.39,5509,6300,125593,-129476
1212,KO,2020-12-09,0 days 15:59:44.226180,2039980,53.42,53.41,5097,4467,390,-118174
1213,KO,2020-12-09,0 days 15:59:45.227456,2041531,53.42,53.41,6550,3267,-23168,390
1214,KO,2020-12-09,0 days 15:59:46.226992,2068467,53.43,53.42,8180,360,12293,-23168
1215,KO,2020-12-09,0 days 15:59:47.226390,2063160,53.42,53.41,600,8267,-2097,12293
1216,KR,2020-12-09,0 days 15:59:06.253152,881356,31.27,31.26,1167,10080,19897,-58750
1217,KR,2020-12-09,0 days 15:59:12.256535,879153,31.27,31.26,8345,6378,-3101,11197
1218,KR,2020-12-09,0 days 15:59:15.241614,882254,31.27,31.26,9265,1279,16449,-3101
1219,KR,2020-12-09,0 days 15:59:24.242400,886324,31.27,31.26,2400,4704,11895,-1505
1220,KR,2020-12-09,0 days 15:59:31.244166,893319,31.26,31.25,4287,7668,-7054,16395
1221,KR,2020-12-09,0 days 15:59:46.244839,906273,31.27,31.26,5185,8041,22659,-8692
1222,KR,2020-12-09,0 days 15:59:50.246425,786532,31.26,31.25,2499,9990,-114641,17059
1223,KSS,2020-12-09,0 days 15:55:52.292783,176598,39.76,39.74,899,1040,-775,6991
1224,KSS,2020-12-09,0 days 15:56:17.293089,177473,39.73,39.71,300,300,309,-353
1225,KSS,2020-12-09,0 days 15:59:43.299557,216015,39.77,39.73,100,300,6581,-7019
1226,KSS,2020-12-09,0 days 15:59:50.303773,205096,39.74,39.71,900,1000,-1818,7282
1227,LAC,2020-12-09,0 days 15:59:08.281098,32014,10.07,10.06,1138,900,1430,-2614
1228,LAC,2020-12-09,0 days 15:59:09.280177,30744,10.07,10.06,1138,1000,-770,1430
1229,LAC,2020-12-09,0 days 15:59:47.279990,34164,10.08,10.05,400,100,2632,-208
1230,LAC,2020-12-09,0 days 15:59:48.280262,33396,10.07,10.05,100,600,-268,2632
1231,LB,2020-12-09,0 days 15:55:00.215048,181102,41.7,41.68,393,360,2462,-2025
1232,LB,2020-12-09,0 days 15:57:03.219618,197441,41.67,41.66,300,100,-244,1116
