,Symbol,Timestamp,TIME,iPaired,Ask_P,Bid_P,Ask_S,Bid_S,iShares,PreviShares
0,AA,2020-08-28,0 days 15:55:00.304864,97189,15.11,15.1,9209,6660,935,-11854
1,AA,2020-08-28,0 days 15:55:01.308528,95824,15.11,15.1,9409,7560,-1365,935
2,AA,2020-08-28,0 days 15:55:29.376569,97189,15.1,15.09,7874,16696,97,-403
3,AA,2020-08-28,0 days 15:55:30.379871,95986,15.1,15.09,7674,17396,-1203,97
4,AA,2020-08-28,0 days 15:55:52.432963,97788,15.1,15.09,10675,15138,704,-1156
5,AA,2020-08-28,0 days 15:55:53.434003,97003,15.1,15.09,10322,15938,-785,704
6,AA,2020-08-28,0 days 15:55:55.438153,97788,15.1,15.09,11334,15738,2557,-785
7,AA,2020-08-28,0 days 15:55:56.442363,97045,15.1,15.09,9375,17238,-743,2557
8,AA,2020-08-28,0 days 15:56:37.540300,98434,15.12,15.11,1296,25944,11,-1389
9,AA,2020-08-28,0 days 15:57:12.624798,96003,15.14,15.13,12358,7965,-3331,69
10,AA,2020-08-28,0 days 15:59:38.977452,128149,15.14,15.13,10706,17549,495,-2019
11,AA,2020-08-28,0 days 15:59:44.996433,128644,15.14,15.13,23517,3138,-222,374
12,AA,2020-08-28,0 days 15:59:45.995504,128866,15.14,15.13,23124,3012,3245,-222
13,AA,2020-08-28,0 days 15:59:46.996682,127411,15.14,15.13,21207,3312,-1917,3245
14,ABBV,2020-08-28,0 days 15:55:28.265939,417449,94.06,94.05,719,770,1106,-1471
15,ABBV,2020-08-28,0 days 15:55:29.269275,416030,94.06,94.05,819,1070,-1419,1106
16,ABBV,2020-08-28,0 days 15:55:38.290343,417449,94.06,94.05,920,1668,2806,-1019
17,ABBV,2020-08-28,0 days 15:55:39.292524,416530,94.07,94.06,2596,100,-919,2806
18,ABBV,2020-08-28,0 days 15:56:19.390575,433549,94.06,94.05,1815,409,2181,-11619
19,ABBV,2020-08-28,0 days 15:56:20.392027,430442,94.07,94.06,403,2266,-3547,2181
20,ABBV,2020-08-28,0 days 15:57:16.527611,414803,94.03,94.02,2288,736,-23052,1086
21,ABBV,2020-08-28,0 days 15:57:41.588749,437855,94.03,94.02,694,1191,420,-280
22,ABBV,2020-08-28,0 days 15:57:42.590940,436375,94.03,94.02,400,1891,-1480,420
23,ABBV,2020-08-28,0 days 15:57:59.633186,437857,94.03,94.02,3221,845,818,-1382
24,ABBV,2020-08-28,0 days 15:58:25.697621,437883,94.05,94.04,500,1543,2371,-2329
25,ABBV,2020-08-28,0 days 15:58:26.698530,436554,94.07,94.06,538,1941,-1329,2371
26,ABBV,2020-08-28,0 days 15:58:54.767943,437931,94.06,94.05,1360,550,4750,-725
27,ABBV,2020-08-28,0 days 15:59:08.802962,444839,94.08,94.07,1308,1929,5933,-6667
28,ABBV,2020-08-28,0 days 15:59:16.822100,447639,94.15,94.14,3880,1200,81682,-6186
29,ABBV,2020-08-28,0 days 15:59:29.852370,523853,94.16,94.15,3760,810,-1480,5404
30,ABBV,2020-08-28,0 days 15:59:33.860379,519933,94.14,94.13,1955,772,3920,-2244
31,ABBV,2020-08-28,0 days 15:59:45.891171,537750,94.16,94.15,1547,3358,-557,2998
32,ABEV,2020-08-28,0 days 15:59:04.704779,115558,2.38,2.37,595868,1669031,3792,-12881
33,ABT,2020-08-28,0 days 15:59:02.698461,708817,110.73,110.72,293,436,-1521,4
34,ABT,2020-08-28,0 days 15:59:03.699979,717623,110.73,110.71,850,1033,1394,-1521
35,ABT,2020-08-28,0 days 15:59:04.704702,719078,110.7,110.68,500,2933,-20740,1394
36,ADM,2020-08-28,0 days 15:56:17.338650,212543,44.92,44.91,2133,3969,-220,1131
37,ADM,2020-08-28,0 days 15:56:34.381005,206888,44.91,44.9,1600,5621,5655,-1045
38,ADM,2020-08-28,0 days 15:59:05.755992,212790,44.93,44.92,4850,2786,-30307,706
39,ADM,2020-08-28,0 days 15:59:06.759081,205678,44.92,44.91,1539,7960,33259,-30307
40,ADM,2020-08-28,0 days 15:59:10.768735,238958,44.94,44.93,7234,721,-2090,3471
41,ADM,2020-08-28,0 days 15:59:11.769874,231048,44.94,44.93,7745,645,7910,-2090
42,ADM,2020-08-28,0 days 15:59:35.824753,243598,44.92,44.91,7219,3613,-22916,1560
43,ADT,2020-08-28,0 days 15:57:22.451368,77141,10.93,10.92,2974,4214,19948,-52
44,ADT,2020-08-28,0 days 15:57:23.455085,76391,10.94,10.93,4647,4085,-750,19948
45,ADT,2020-08-28,0 days 15:57:31.477247,77141,10.94,10.93,847,7790,1048,-750
46,ADT,2020-08-28,0 days 15:57:32.479153,76589,10.94,10.93,1147,7557,-2118,1048
47,ADT,2020-08-28,0 days 15:58:02.554013,79623,10.94,10.93,1083,8005,2101,-537
48,ADT,2020-08-28,0 days 15:58:03.553416,69095,10.94,10.93,3008,6544,-9528,2101
49,AEO,2020-08-28,0 days 15:55:00.812387,124980,12.29,12.28,9933,7733,-11822,7493
50,AEO,2020-08-28,0 days 15:55:49.928600,141265,12.29,12.28,17841,10892,3316,-2716
51,AEO,2020-08-28,0 days 15:55:50.928963,139181,12.29,12.28,17032,13415,-2084,3316
52,AEO,2020-08-28,0 days 15:56:30.027838,141801,12.28,12.27,19068,9700,294,-1406
53,AEO,2020-08-28,0 days 15:56:31.029398,139895,12.28,12.27,19968,9459,-1906,294
54,AEO,2020-08-28,0 days 15:58:53.360637,141354,12.31,12.3,5551,25005,-1015,85
55,AEO,2020-08-28,0 days 15:59:05.401291,148063,12.31,12.3,7880,28213,16108,-6417
56,AEP,2020-08-28,0 days 15:56:36.347093,191218,78.21,78.2,100,2661,-241,150
57,AEP,2020-08-28,0 days 15:56:37.349160,189459,78.21,78.2,100,2976,1759,-241
58,AEP,2020-08-28,0 days 15:58:53.676176,208148,78.27,78.25,829,1279,-1890,1810
59,AEP,2020-08-28,0 days 15:58:54.677410,205738,78.27,78.25,600,2619,2410,-1890
60,AEP,2020-08-28,0 days 15:59:05.705938,209968,78.27,78.26,889,1330,-3860,3580
61,AEP,2020-08-28,0 days 15:59:06.712037,203328,78.31,78.29,700,1137,33282,-3860
62,AEP,2020-08-28,0 days 15:59:07.719948,237127,78.32,78.31,1400,670,-24120,33282
63,AEP,2020-08-28,0 days 15:59:08.715857,233278,78.28,78.27,165,271,9860,-24120
64,AEP,2020-08-28,0 days 15:59:15.734434,266770,78.31,78.3,416,600,3189,-220
65,AEP,2020-08-28,0 days 15:59:27.757483,275370,78.39,78.38,820,813,-1174,551
66,AEP,2020-08-28,0 days 15:59:34.777248,271496,78.37,78.36,232,1079,4074,-774
67,AEP,2020-08-28,0 days 15:59:49.813031,283596,78.34,78.33,158,307,-1440,1460
68,AEP,2020-08-28,0 days 15:59:50.821355,262836,78.35,78.33,758,1468,20818,-1440
69,AES,2020-08-28,0 days 15:56:18.340241,334789,17.85,17.84,28708,12547,5596,-8104
70,AES,2020-08-28,0 days 15:57:35.530328,342110,17.85,17.84,1229,33350,-986,2314
71,AES,2020-08-28,0 days 15:57:48.560564,354996,17.85,17.84,5119,25799,814,-7486
72,AES,2020-08-28,0 days 15:58:43.696195,362996,17.88,17.87,12769,20507,1470,-4930
73,AES,2020-08-28,0 days 15:58:59.737081,365966,17.88,17.87,8387,39550,-347,1267
74,AES,2020-08-28,0 days 15:59:00.746080,363384,17.88,17.87,13928,33150,3082,-347
75,AES,2020-08-28,0 days 15:59:06.758768,401284,17.88,17.87,4779,41545,3917,-5018
76,AES,2020-08-28,0 days 15:59:10.768510,406075,17.88,17.87,4615,41453,-7559,4291
77,AES,2020-08-28,0 days 15:59:11.769530,395534,17.88,17.87,14278,38165,10541,-7559
78,AFL,2020-08-28,0 days 15:59:32.802904,402157,37.17,37.16,5492,486,-4752,3815
79,AFL,2020-08-28,0 days 15:59:33.805581,397602,37.16,37.15,2500,6954,4555,-4752
80,AFL,2020-08-28,0 days 15:59:44.833096,402257,37.15,37.14,8901,1830,-3069,877
81,AFL,2020-08-28,0 days 15:59:46.840809,399574,37.13,37.12,8175,977,11479,-12401
82,AFL,2020-08-28,0 days 15:59:48.842385,411053,37.13,37.12,7537,4765,-4317,7909
83,AFL,2020-08-28,0 days 15:59:50.849224,390621,37.13,37.12,5080,5604,16132,-3017
84,AGI,2020-08-28,0 days 15:59:28.849461,29959,10.29,10.28,59975,6466,-1392,1408
85,AIG,2020-08-28,0 days 15:55:00.157903,518120,29.37,29.36,8986,11368,5129,-84561
86,AIG,2020-08-28,0 days 15:55:01.162472,505749,29.37,29.36,10588,11620,-12371,5129
87,AIG,2020-08-28,0 days 15:59:15.777842,696557,29.4,29.39,5523,4076,4942,-9780
88,AIG,2020-08-28,0 days 15:59:17.781500,687332,29.4,29.39,8101,2873,-9120,9042
89,AIG,2020-08-28,0 days 15:59:21.792641,696557,29.4,29.39,5037,4473,6025,-1970
90,AIG,2020-08-28,0 days 15:59:28.808245,687900,29.4,29.39,7129,4310,-8552,18643
91,ALC,2020-08-28,0 days 15:55:53.255660,17856,57.7,57.69,1330,1602,1230,-170
92,ALC,2020-08-28,0 days 15:59:01.715348,21634,57.73,57.72,1896,907,-82,289
93,ALC,2020-08-28,0 days 15:59:07.736452,22007,57.73,57.72,1500,1023,127,-352
94,ALC,2020-08-28,0 days 15:59:09.735357,21934,57.72,57.7,973,800,-73,27
95,ALC,2020-08-28,0 days 15:59:10.739893,22007,57.72,57.7,873,400,128,-73
96,ALC,2020-08-28,0 days 15:59:11.739119,21935,57.72,57.7,873,500,-72,128
97,ALC,2020-08-28,0 days 15:59:18.756109,26385,57.71,57.68,1814,400,4050,-4850
98,ALC,2020-08-28,0 days 15:59:19.758321,26035,57.71,57.68,1570,200,-409,4050
99,ALK,2020-08-28,0 days 15:59:17.821855,133124,40.69,40.68,799,2283,-356,2470
100,ALK,2020-08-28,0 days 15:59:20.829556,133480,40.69,40.68,1705,2584,628,-356
101,ALK,2020-08-28,0 days 15:59:40.879783,132598,40.71,40.7,1386,1196,1510,-11690
102,ALK,2020-08-28,0 days 15:59:45.891059,135908,40.73,40.72,1617,308,-3165,1226
103,ALL,2020-08-28,0 days 15:59:26.803733,828671,94.44,94.43,700,200,-33665,25436
104,ALL,2020-08-28,0 days 15:59:27.806336,818536,94.37,94.36,1502,200,13735,-33665
105,ALL,2020-08-28,0 days 15:59:28.808024,832271,94.37,94.33,220,400,-1065,13735
106,ALL,2020-08-28,0 days 15:59:41.838241,830973,94.35,94.34,416,386,1298,-1672
107,ALL,2020-08-28,0 days 15:59:42.840579,832271,94.35,94.34,543,288,-1020,1298
108,ALL,2020-08-28,0 days 15:59:48.854093,842651,94.35,94.33,688,500,-32043,1476
109,ALLY,2020-08-28,0 days 15:55:42.911160,152210,23.55,23.54,5716,3477,31179,-3721
110,ALLY,2020-08-28,0 days 15:55:43.919544,148489,23.56,23.55,5507,3652,-3721,31179
111,ALLY,2020-08-28,0 days 15:56:07.971011,152210,23.56,23.55,2634,9745,1208,-2292
112,ALLY,2020-08-28,0 days 15:56:08.975802,149918,23.56,23.55,2494,9345,-2292,1208
113,ALLY,2020-08-28,0 days 15:56:58.092699,154328,23.56,23.55,2253,20371,82,-2618
114,ALLY,2020-08-28,0 days 15:57:09.118865,154410,23.57,23.56,4200,8239,-218,82
115,ALLY,2020-08-28,0 days 15:57:30.158368,154328,23.56,23.55,4457,3533,82,-218
116,ALLY,2020-08-28,0 days 15:57:34.169601,154410,23.56,23.55,2255,8224,-1418,82
117,ALLY,2020-08-28,0 days 15:59:03.394105,166378,23.56,23.55,1688,13416,1508,-656
118,ALLY,2020-08-28,0 days 15:59:04.397267,163986,23.57,23.56,5227,7865,-1856,1508
119,ALLY,2020-08-28,0 days 15:59:12.415554,176800,23.57,23.56,5936,8406,1243,-3063
120,ALLY,2020-08-28,0 days 15:59:13.418811,174043,23.57,23.56,3417,9123,-2757,1243
121,ALLY,2020-08-28,0 days 15:59:45.496676,181333,23.56,23.55,15765,3957,6368,-3090
122,ALLY,2020-08-28,0 days 15:59:46.495274,179301,23.56,23.55,15593,3305,-3257,6368
123,AM,2020-08-28,0 days 15:59:36.971998,130618,6.78,6.77,15806,53387,-3939,6008
124,AM,2020-08-28,0 days 15:59:46.996708,137561,6.78,6.77,17494,48579,636,-3237
125,AM,2020-08-28,0 days 15:59:47.999362,137197,6.78,6.77,17394,48579,-258,636
126,AMC,2020-08-28,0 days 15:58:01.551711,123313,6.29,6.28,11472,21943,-169,1632
127,AMC,2020-08-28,0 days 15:58:06.561183,112382,6.29,6.28,9141,21761,10931,-169
128,AMC,2020-08-28,0 days 15:59:06.710737,123313,6.29,6.28,11135,16984,-2766,1131
129,AMC,2020-08-28,0 days 15:59:07.719239,113979,6.29,6.28,11135,16687,9334,-2766
130,AMC,2020-08-28,0 days 15:59:38.787820,123313,6.29,6.28,15599,20699,-2026,3934
131,AMC,2020-08-28,0 days 15:59:48.810777,121739,6.29,6.28,7885,25607,2210,-1390
132,AMCR,2020-08-28,0 days 15:59:07.753561,675566,11.23,11.22,17100,69321,-13830,108421
133,AMCR,2020-08-28,0 days 15:59:08.746729,658796,11.23,11.22,17551,70021,39270,-13830
134,AMCR,2020-08-28,0 days 15:59:18.770319,698146,11.23,11.22,25671,33749,-315,5550
135,AMCR,2020-08-28,0 days 15:59:28.793443,678416,11.23,11.22,29078,46437,19730,-11670
136,ANF,2020-08-28,0 days 15:55:00.812071,146596,12.36,12.35,4964,10808,3386,-15463
137,ANF,2020-08-28,0 days 15:56:38.044589,160429,12.32,12.31,7820,2807,-1903,2976
138,ANF,2020-08-28,0 days 15:56:39.046538,158348,12.32,12.31,7920,2807,2060,-1903
139,ANF,2020-08-28,0 days 15:58:37.322872,160863,12.32,12.31,7143,9431,-370,1683
140,ANF,2020-08-28,0 days 15:59:18.428645,173049,12.32,12.31,7799,6245,1159,-136
141,AR,2020-08-28,0 days 15:59:35.824427,168929,3.49,3.48,42767,163872,-2807,7528
142,AR,2020-08-28,0 days 15:59:39.834231,165527,3.49,3.48,30863,181289,3402,-2807
143,AR,2020-08-28,0 days 15:59:45.847028,168929,3.49,3.48,14868,191696,-3698,668
144,AR,2020-08-28,0 days 15:59:46.853926,168327,3.5,3.49,49167,137270,1800,-3698
145,ARMK,2020-08-28,0 days 15:55:25.303587,120909,28.98,28.97,1274,800,-20306,16562
146,ARMK,2020-08-28,0 days 15:55:30.315027,142315,28.98,28.97,2032,2100,494,-3006
147,ARMK,2020-08-28,0 days 15:55:31.318202,140009,28.99,28.98,1054,956,-1206,494
148,ARMK,2020-08-28,0 days 15:56:20.435943,180294,28.99,28.98,1659,2690,5067,-6433
149,ARMK,2020-08-28,0 days 15:56:21.438966,175461,28.99,28.98,1759,2790,-3733,5067
150,ARMK,2020-08-28,0 days 15:59:28.893440,216141,28.86,28.84,2424,1900,-3952,12248
151,ARMK,2020-08-28,0 days 15:59:42.927956,220193,28.84,28.83,994,706,1217,-1040
152,ARMK,2020-08-28,0 days 15:59:46.941327,218230,28.84,28.83,1677,600,-6545,13337
153,ARMK,2020-08-28,0 days 15:59:47.943204,224775,28.83,28.82,331,944,1649,-6545
154,ARMK,2020-08-28,0 days 15:59:49.953171,223082,28.83,28.82,100,2039,-1693,3107
155,ATUS,2020-08-28,0 days 15:55:00.811749,209238,27.43,27.42,1689,17573,90113,-97427
156,ATUS,2020-08-28,0 days 15:55:01.814463,205751,27.45,27.44,6694,5738,-3487,90113
157,ATUS,2020-08-28,0 days 15:57:43.192251,250011,27.38,27.37,3915,12504,8318,-1482
158,ATUS,2020-08-28,0 days 15:57:44.196222,244629,27.38,27.37,3915,12504,-5382,8318
159,ATUS,2020-08-28,0 days 15:59:01.381665,264868,27.38,27.37,8226,10670,8455,-8418
160,ATUS,2020-08-28,0 days 15:59:02.385567,259923,27.39,27.38,7310,6832,-4710,8455
161,ATUS,2020-08-28,0 days 15:59:12.415293,264633,27.39,27.38,9258,3786,238,-4086
162,ATUS,2020-08-28,0 days 15:59:19.429789,259718,27.38,27.37,15272,3900,-7767,6085
163,ATUS,2020-08-28,0 days 15:59:27.448474,267828,27.38,27.37,13665,3133,7914,-110
164,ATUS,2020-08-28,0 days 15:59:28.453321,263842,27.38,27.37,13986,2833,-3986,7914
165,ATUS,2020-08-28,0 days 15:59:36.472121,267828,27.38,27.37,11768,5546,279,-586
166,AUY,2020-08-28,0 days 15:59:39.923840,212957,6.1,6.09,459899,503855,-28393,707
167,AUY,2020-08-28,0 days 15:59:40.925264,212250,6.1,6.09,450564,487672,707,-28393
168,AUY,2020-08-28,0 days 15:59:45.936926,212957,6.1,6.09,435668,428352,-2893,707
169,AUY,2020-08-28,0 days 15:59:46.941429,212350,6.1,6.09,455316,423948,1099,-2893
170,AVTR,2020-08-28,0 days 15:59:07.735728,289919,21.95,21.94,3753,7300,-39383,7426
171,AVTR,2020-08-28,0 days 15:59:18.755572,291423,21.96,21.95,6757,2700,596,-1204
172,AVTR,2020-08-28,0 days 15:59:26.774692,301289,21.97,21.96,3984,1700,-16304,9866
173,AVTR,2020-08-28,0 days 15:59:27.776365,296193,21.96,21.95,4190,3800,2296,-16304
174,AVTR,2020-08-28,0 days 15:59:44.820300,301305,21.97,21.96,9668,4205,4000,-16
175,AXP,2020-08-28,0 days 15:57:33.628067,349466,102.7,102.69,23553,1588,-856,2344
176,AXP,2020-08-28,0 days 15:57:44.653065,353922,102.7,102.69,24818,2095,6844,-4556
177,AXP,2020-08-28,0 days 15:57:45.655549,349366,102.7,102.69,22940,1680,-4556,6844
178,AXP,2020-08-28,0 days 15:57:47.658748,353922,102.7,102.69,24385,1576,4844,-4556
179,AXP,2020-08-28,0 days 15:57:48.662002,349366,102.7,102.69,23285,1476,-4556,4844
180,AXP,2020-08-28,0 days 15:58:00.695993,353822,102.7,102.69,43792,1765,4666,-2634
181,AXP,2020-08-28,0 days 15:58:01.695332,351188,102.7,102.69,42289,822,-2634,4666
182,AXP,2020-08-28,0 days 15:58:30.768224,353823,102.7,102.69,34522,400,701,-799
183,AXP,2020-08-28,0 days 15:58:34.774846,354724,102.7,102.69,39789,454,-2799,801
184,AXP,2020-08-28,0 days 15:58:36.781673,353823,102.68,102.67,1334,1377,801,-14099
185,AXP,2020-08-28,0 days 15:58:53.822411,355366,102.7,102.69,40624,907,-1957,1343
186,AXP,2020-08-28,0 days 15:59:45.940052,491869,102.56,102.55,2105,1034,-10880,2169
187,AYX,2020-08-28,0 days 15:55:12.172211,55028,120.71,120.68,700,220,-298,2977
188,AYX,2020-08-28,0 days 15:55:13.175001,52326,120.71,120.68,884,220,2702,-298
189,AYX,2020-08-28,0 days 15:55:21.195380,55028,120.71,120.68,100,108,-1297,2702
190,AYX,2020-08-28,0 days 15:55:22.195892,52725,120.7,120.62,950,205,2303,-1297
191,AYX,2020-08-28,0 days 15:55:48.260129,55029,120.73,120.69,200,1200,-1354,496
192,AYX,2020-08-28,0 days 15:55:49.260774,53083,120.73,120.69,300,1200,1946,-1354
193,AYX,2020-08-28,0 days 15:56:33.366085,55099,120.88,120.84,200,213,-4678,322
194,AYX,2020-08-28,0 days 15:56:34.368675,52877,120.86,120.82,700,302,2222,-4678
195,AYX,2020-08-28,0 days 15:57:36.520153,58504,120.87,120.83,436,1211,-354,146
196,AYX,2020-08-28,0 days 15:57:37.523505,56858,120.85,120.82,100,900,1646,-354
197,AYX,2020-08-28,0 days 15:57:43.536387,58504,120.94,120.89,394,863,-154,46
198,AYX,2020-08-28,0 days 15:57:44.541474,57058,120.93,120.89,100,500,1446,-154
199,AYX,2020-08-28,0 days 15:58:03.586389,55758,120.93,120.89,102,448,1512,-188
200,AYX,2020-08-28,0 days 15:58:35.665402,57270,120.95,120.93,300,100,-222,478
201,AYX,2020-08-28,0 days 15:58:36.667758,55792,120.95,120.93,200,100,1478,-222
202,AYX,2020-08-28,0 days 15:58:47.692768,57770,120.95,120.9,312,306,-12822,1978
203,AYX,2020-08-28,0 days 15:59:21.777226,87925,120.79,120.75,100,300,1169,-6631
204,AZN,2020-08-28,0 days 15:55:30.379817,34284,55.67,55.66,6660,656,-2123,874
205,AZN,2020-08-28,0 days 15:55:31.383591,33607,55.67,55.66,3847,1258,677,-2123
206,AZN,2020-08-28,0 days 15:57:04.605550,37103,55.71,55.7,4209,7914,-2,98
207,AZN,2020-08-28,0 days 15:57:05.606799,36305,55.71,55.7,4909,7114,798,-2
208,AZN,2020-08-28,0 days 15:57:14.629463,37203,55.71,55.7,7647,6055,-457,243
209,AZN,2020-08-28,0 days 15:57:15.632031,36560,55.71,55.7,8710,5655,643,-457
210,AZN,2020-08-28,0 days 15:59:02.892898,36322,55.7,55.69,2700,2825,-1026,323
211,AZN,2020-08-28,0 days 15:59:06.902402,36048,55.7,55.69,2500,2838,274,-1026
212,AZN,2020-08-28,0 days 15:59:17.927296,36322,55.69,55.68,6444,2653,-2298,274
213,AZUL,2020-08-28,0 days 15:56:30.333165,26844,12.73,12.72,7392,6869,585,-1115
214,AZUL,2020-08-28,0 days 15:56:31.336313,26029,12.73,12.72,7642,6869,-815,585
215,AZUL,2020-08-28,0 days 15:59:07.719784,26842,12.71,12.7,2521,5250,3594,-301
216,AZUL,2020-08-28,0 days 15:59:08.715757,25936,12.71,12.7,2421,5250,-906,3594
217,AZUL,2020-08-28,0 days 15:59:17.734439,26842,12.71,12.7,4978,4050,357,-206
218,BA,2020-08-28,0 days 15:55:00.812547,268153,175.96,175.93,200,100,-10075,109549
219,BA,2020-08-28,0 days 15:55:01.814783,263828,175.95,175.92,1134,200,4325,-10075
220,BA,2020-08-28,0 days 15:59:07.405087,280275,176.13,176.1,200,508,-1682,14539
221,BA,2020-08-28,0 days 15:59:08.407143,265797,176.13,176.1,700,200,14478,-1682
222,BA,2020-08-28,0 days 15:59:15.422866,305001,176.13,176.1,409,164,-109060,9825
223,BABA,2020-08-28,0 days 15:55:00.198774,225253,288.72,288.68,301,500,-9617,74980
224,BABA,2020-08-28,0 days 15:55:01.202329,223170,288.72,288.69,100,416,2083,-9617
225,BABA,2020-08-28,0 days 15:57:41.588255,227432,288.95,288.94,4885,500,-867,507
226,BABA,2020-08-28,0 days 15:57:42.590531,226125,288.95,288.94,4995,515,1307,-867
227,BABA,2020-08-28,0 days 15:58:02.641845,226166,288.91,288.89,1236,500,1196,-1104
228,BABA,2020-08-28,0 days 15:58:19.682941,227566,289.02,289.01,1256,500,-796,804
229,BABA,2020-08-28,0 days 15:58:20.684428,226362,289.02,289.01,1156,100,1204,-796
230,BABA,2020-08-28,0 days 15:59:01.788792,230248,288.99,288.97,429,500,265,-200
231,BABA,2020-08-28,0 days 15:59:08.802488,234290,288.93,288.89,551,200,-578,1918
232,BABA,2020-08-28,0 days 15:59:09.808466,233103,288.95,288.91,524,600,1187,-578
233,BAC,2020-08-28,0 days 15:55:00.304922,2098733,26.25,26.24,79869,92152,64945,-343821
234,BAC,2020-08-28,0 days 15:55:01.308528,2079278,26.26,26.25,143993,99558,-19455,64945
235,BAC,2020-08-28,0 days 15:56:51.573484,2144545,26.3,26.29,61312,169944,12582,-15092
236,BAC,2020-08-28,0 days 15:56:52.576248,2125327,26.3,26.29,88196,140797,-17792,12582
237,BAC,2020-08-28,0 days 15:57:33.676001,2143119,26.3,26.29,95002,132189,17008,-14792
238,BAC,2020-08-28,0 days 15:57:34.679315,2127127,26.3,26.29,88027,136389,-15992,17008
239,BAC,2020-08-28,0 days 15:58:18.790049,2192902,26.31,26.3,114619,130191,3301,-23099
240,BAC,2020-08-28,0 days 15:58:31.817556,2191476,26.3,26.29,112699,145367,32427,-799
241,BAC,2020-08-28,0 days 15:58:32.817550,2169203,26.3,26.29,122481,143867,-22273,32427
242,BAC,2020-08-28,0 days 15:59:14.921219,2252473,26.31,26.3,106927,198423,328845,-6176
243,BAM,2020-08-28,0 days 15:56:33.467276,23225,34.78,34.77,2606,2742,-560,492
244,BAM,2020-08-28,0 days 15:56:34.469117,22885,34.78,34.77,2706,2742,340,-560
245,BAM,2020-08-28,0 days 15:58:05.693042,23225,34.82,34.81,4144,2819,-34,139
246,BAM,2020-08-28,0 days 15:58:06.693450,20692,34.82,34.81,5844,445,2533,-34
247,BAM,2020-08-28,0 days 15:59:05.838794,25875,34.85,34.84,12672,2801,-2387,515
248,BAM,2020-08-28,0 days 15:59:06.841255,25662,34.85,34.84,13502,3001,213,-2387
249,BAM,2020-08-28,0 days 15:59:35.913008,25875,34.85,34.84,11786,400,-54,46
250,BAM,2020-08-28,0 days 15:59:46.941688,26939,34.84,34.83,8880,1690,237,-1264
251,BAM,2020-08-28,0 days 15:59:47.944007,26776,34.84,34.83,8673,1215,-163,237
252,BAX,2020-08-28,0 days 15:55:00.117024,163198,85.98,85.97,400,409,33330,-40460
253,BAX,2020-08-28,0 days 15:55:06.129829,163228,85.98,85.97,354,323,-110,30
254,BAX,2020-08-28,0 days 15:55:12.146263,163338,86.02,86.0,200,300,136,-110
255,BAX,2020-08-28,0 days 15:55:17.155333,163475,86.01,85.99,700,200,-73,136
256,BAX,2020-08-28,0 days 15:55:23.170812,163406,86.04,86.01,500,838,68,-142
257,BAX,2020-08-28,0 days 15:55:30.188265,163574,86.02,86.01,400,184,-232,68
258,BAX,2020-08-28,0 days 15:55:31.191747,163806,86.02,86.01,400,297,68,-232
259,BAX,2020-08-28,0 days 15:56:06.275947,164011,86.05,86.03,1114,100,-37,173
260,BAX,2020-08-28,0 days 15:57:38.491616,170413,86.05,86.03,2714,200,118,-2082
261,BAX,2020-08-28,0 days 15:57:39.493426,169031,86.05,86.03,2414,305,-1382,118
262,BAX,2020-08-28,0 days 15:57:41.499964,170413,86.05,86.03,2845,200,1518,-1382
263,BAX,2020-08-28,0 days 15:57:42.501655,169031,86.05,86.02,2645,200,-1382,1518
264,BAX,2020-08-28,0 days 15:58:33.626771,171264,86.03,86.01,1045,654,2094,-1406
265,BAX,2020-08-28,0 days 15:58:34.627581,170158,86.03,86.01,1045,532,-1106,2094
266,BAX,2020-08-28,0 days 15:58:58.687738,171264,86.02,86.01,1255,856,747,-132
267,BAX,2020-08-28,0 days 15:58:59.695896,171194,86.02,86.01,1655,916,-70,747
268,BAX,2020-08-28,0 days 15:59:01.696985,171264,86.03,86.02,400,883,365,-70
269,BAX,2020-08-28,0 days 15:59:02.698519,171629,86.03,86.02,600,720,-5535,365
270,BAX,2020-08-28,0 days 15:59:03.700056,177164,86.03,86.02,1330,820,165,-5535
271,BAX,2020-08-28,0 days 15:59:04.704779,177329,86.03,86.02,1549,528,-122,165
272,BAX,2020-08-28,0 days 15:59:06.711653,177451,86.03,86.02,1246,551,4964,-122
273,BB,2020-08-28,0 days 15:55:00.128082,23239,5.23,5.22,33577,125482,-24,9004
274,BB,2020-08-28,0 days 15:59:06.728125,27733,5.23,5.22,104722,180920,1868,-638
275,BBD,2020-08-28,0 days 15:59:45.836412,429728,3.96,3.95,289413,973533,-531,29469
276,BBD,2020-08-28,0 days 15:59:48.842739,424059,3.96,3.95,327820,958633,5669,-531
277,BBY,2020-08-28,0 days 15:56:18.302145,123703,111.1,111.08,1148,769,425,-1275
278,BBY,2020-08-28,0 days 15:56:19.306218,123528,111.1,111.08,1098,769,-906,425
279,BBY,2020-08-28,0 days 15:57:36.485820,124934,111.09,111.08,598,400,232,-568
280,BBY,2020-08-28,0 days 15:57:37.490674,124566,111.12,111.1,415,300,-368,232
281,BBY,2020-08-28,0 days 15:57:40.497019,124934,111.12,111.1,334,1200,232,-368
282,BBY,2020-08-28,0 days 15:58:05.557825,124934,111.14,111.13,200,627,67,-468
283,BBY,2020-08-28,0 days 15:58:13.578880,124862,111.17,111.15,300,300,-72,828
284,BBY,2020-08-28,0 days 15:58:19.593097,124934,111.21,111.19,919,372,1658,-442
285,BBY,2020-08-28,0 days 15:58:20.595237,124892,111.21,111.2,320,261,-42,1658
286,BBY,2020-08-28,0 days 15:58:22.601808,124934,111.2,111.19,200,206,558,-42
287,BBY,2020-08-28,0 days 15:58:29.616684,124892,111.2,111.18,606,500,-42,358
288,BBY,2020-08-28,0 days 15:58:45.655914,124934,111.2,111.18,300,371,158,-442
289,BBY,2020-08-28,0 days 15:59:14.730878,130356,111.23,111.21,528,600,99,-132
290,BBY,2020-08-28,0 days 15:59:15.734006,130055,111.23,111.21,428,600,-301,99
291,BBY,2020-08-28,0 days 15:59:21.748453,130356,111.24,111.22,630,200,2361,-101
292,BDX,2020-08-28,0 days 15:55:51.280347,122304,243.01,242.96,869,123,-4662,1678
293,BDX,2020-08-28,0 days 15:55:52.281466,120666,243.01,242.96,769,200,1638,-4662
294,BDX,2020-08-28,0 days 15:55:54.285065,122304,243.01,242.96,100,100,-5507,1638
295,BDX,2020-08-28,0 days 15:55:55.287545,121311,243.01,242.96,100,100,993,-5507
296,BDX,2020-08-28,0 days 15:56:10.322563,121904,243.12,243.04,200,110,-67,493
297,BDX,2020-08-28,0 days 15:56:11.327271,121071,243.07,242.98,220,100,833,-67
298,BDX,2020-08-28,0 days 15:59:02.743421,135307,242.88,242.79,200,400,-2528,1072
299,BDX,2020-08-28,0 days 15:59:10.768773,147789,242.91,242.81,200,223,4947,-847
300,BDX,2020-08-28,0 days 15:59:35.824720,153695,242.88,242.81,100,200,-75,3315
301,BDX,2020-08-28,0 days 15:59:40.834874,153770,242.87,242.8,100,200,925,-75
302,BEKE,2020-08-28,0 days 15:55:00.305149,45541,49.33,49.18,100,400,-3709,14076
303,BEKE,2020-08-28,0 days 15:55:52.432977,49150,49.33,49.25,600,2000,87,-184
304,BEKE,2020-08-28,0 days 15:56:19.497422,49237,49.43,49.39,610,1600,-13,87
305,BEKE,2020-08-28,0 days 15:56:27.517525,49150,49.48,49.4,200,1600,87,-13
306,BEKE,2020-08-28,0 days 15:56:38.542476,49237,49.48,49.43,200,800,-13,87
307,BEKE,2020-08-28,0 days 15:56:51.573484,49150,49.5,49.42,1600,1800,87,-13
308,BEKE,2020-08-28,0 days 15:57:04.605600,49237,49.63,49.46,700,1200,-13,87
309,BEKE,2020-08-28,0 days 15:57:07.614067,49150,49.63,49.46,300,1400,87,-13
310,BEKE,2020-08-28,0 days 15:57:32.676101,60385,49.7,49.56,500,500,-665,1095
311,BEKE,2020-08-28,0 days 15:57:33.676025,59350,49.7,49.56,800,1700,1035,-665
312,BEKE,2020-08-28,0 days 15:57:43.699749,57825,49.7,49.6,300,2110,-2025,635
313,BEKE,2020-08-28,0 days 15:57:44.702740,57250,49.7,49.6,900,2110,575,-2025
314,BEKE,2020-08-28,0 days 15:59:17.927474,69440,49.74,49.7,483,300,-50,1424
315,BEKE,2020-08-28,0 days 15:59:49.005091,67490,49.75,49.7,36224,1135,1950,-50
316,BEN,2020-08-28,0 days 15:55:00.812003,109566,21.31,21.3,5732,7664,-18429,26346
317,BEN,2020-08-28,0 days 15:55:01.814640,107695,21.31,21.3,6784,10164,1871,-18429
318,BEN,2020-08-28,0 days 15:58:01.238350,140272,21.31,21.3,11381,14742,-132,1991
319,BEN,2020-08-28,0 days 15:58:03.239657,126301,21.31,21.3,10153,14632,7425,-2277
320,BEN,2020-08-28,0 days 15:59:27.448697,156318,21.33,21.32,9676,14015,-341,4700
321,BEN,2020-08-28,0 days 15:59:36.472297,155358,21.33,21.32,10078,16067,960,-341
322,BEN,2020-08-28,0 days 15:59:45.496482,156518,21.33,21.32,15734,13586,-4361,369
323,BEN,2020-08-28,0 days 15:59:46.495085,156525,21.33,21.32,19049,7521,1395,-4361
324,BHC,2020-08-28,0 days 15:55:29.269333,33798,16.92,16.91,13088,3925,-1285,15
325,BHC,2020-08-28,0 days 15:58:12.665038,45175,16.92,16.91,6394,9019,1131,-682
326,BHC,2020-08-28,0 days 15:58:13.673519,44706,16.92,16.91,5994,9335,-469,1131
327,BHP,2020-08-28,0 days 15:55:00.812234,30650,55.72,55.71,3050,2600,-13425,18891
328,BHP,2020-08-28,0 days 15:55:01.814692,29175,55.72,55.71,3650,3018,1475,-13425
329,BHP,2020-08-28,0 days 15:57:55.220287,34329,55.76,55.75,750,6556,-473,1027
330,BHP,2020-08-28,0 days 15:57:56.221852,31202,55.76,55.75,900,6570,3127,-473
331,BHP,2020-08-28,0 days 15:59:45.496533,39498,55.82,55.81,4340,4971,-3051,147
332,BHP,2020-08-28,0 days 15:59:46.495140,38949,55.82,55.81,521,5536,1641,-3051
333,BK,2020-08-28,0 days 15:55:00.199075,260284,37.55,37.54,2992,4131,3559,-36839
334,BK,2020-08-28,0 days 15:55:01.202581,255843,37.55,37.54,4560,4102,-4201,3559
335,BK,2020-08-28,0 days 15:56:06.357353,261723,37.55,37.54,4388,3323,135,-1720
336,BK,2020-08-28,0 days 15:56:17.384197,257858,37.54,37.53,1045,4718,-3625,2535
337,BK,2020-08-28,0 days 15:59:10.810879,293624,37.58,37.57,4065,6341,1640,-3328
338,BKR,2020-08-28,0 days 15:56:10.423643,295885,14.74,14.73,5010,15537,343,-166
339,BKR,2020-08-28,0 days 15:57:47.658789,313513,14.76,14.75,1397,18888,-674,1326
340,BKR,2020-08-28,0 days 15:57:48.662037,312187,14.76,14.75,1397,18946,1326,-674
341,BKR,2020-08-28,0 days 15:57:53.677105,313513,14.77,14.76,12562,2824,-174,1326
342,BKR,2020-08-28,0 days 15:57:54.678206,312287,14.77,14.76,13018,3113,1226,-174
343,BKR,2020-08-28,0 days 15:58:02.697756,313713,14.77,14.76,11820,3646,-1969,574
344,BKR,2020-08-28,0 days 15:58:03.699912,312582,14.77,14.76,10640,5745,1131,-1969
345,BKR,2020-08-28,0 days 15:58:08.712092,314013,14.77,14.76,8158,17136,-169,1431
346,BKR,2020-08-28,0 days 15:58:09.715489,315982,14.77,14.76,9653,19623,4726,-169
347,BKR,2020-08-28,0 days 15:58:10.720502,321008,14.77,14.76,7167,20256,-2274,4726
348,BKR,2020-08-28,0 days 15:58:11.723063,319182,14.77,14.76,6545,21677,1826,-2274
349,BKR,2020-08-28,0 days 15:58:27.759044,321588,14.78,14.77,13851,12713,2008,-1992
350,BKR,2020-08-28,0 days 15:58:29.762816,323596,14.78,14.77,13965,7274,-692,2008
351,BKR,2020-08-28,0 days 15:58:30.768287,323188,14.78,14.77,12165,16337,708,-692
352,BKR,2020-08-28,0 days 15:58:57.832984,330401,14.78,14.77,26921,19592,-5138,2808
353,BKR,2020-08-28,0 days 15:59:04.852544,327926,14.78,14.77,28588,5144,-1365,1785
354,BKR,2020-08-28,0 days 15:59:14.870549,362503,14.78,14.77,24311,13629,33536,-2477
355,BKR,2020-08-28,0 days 15:59:27.898319,440564,14.8,14.79,13980,10728,-4020,5191
356,BKR,2020-08-28,0 days 15:59:28.901559,435784,14.8,14.79,15320,10922,4780,-4020
357,BKR,2020-08-28,0 days 15:59:39.929803,441164,14.8,14.79,15534,13892,-10045,3755
358,BKR,2020-08-28,0 days 15:59:40.931263,438709,14.8,14.79,14903,19658,2755,-10045
359,BKR,2020-08-28,0 days 15:59:48.953062,445703,14.8,14.79,16857,8799,1151,-1880
360,BMY,2020-08-28,0 days 15:55:00.812071,541746,62.17,62.16,3808,1203,74956,-142204
361,BMY,2020-08-28,0 days 15:55:01.814640,538913,62.17,62.16,3833,4643,-2833,74956
362,BMY,2020-08-28,0 days 15:55:44.915112,548476,62.22,62.21,1888,4966,4816,-4643
363,BMY,2020-08-28,0 days 15:55:48.928955,583322,62.23,62.22,3009,2588,-2616,1816
364,BMY,2020-08-28,0 days 15:56:16.995223,589098,62.28,62.27,2000,5834,20337,-5468
365,BMY,2020-08-28,0 days 15:56:45.061101,608609,62.34,62.33,2100,1520,-511,837
366,BMY,2020-08-28,0 days 15:56:46.063628,607420,62.34,62.33,1000,4197,1700,-511
367,BMY,2020-08-28,0 days 15:57:29.155769,613128,62.3,62.29,3481,401,-2528,1809
368,BMY,2020-08-28,0 days 15:57:30.158277,611756,62.3,62.29,4031,1400,1372,-2528
369,BMY,2020-08-28,0 days 15:57:33.167176,613128,62.3,62.29,1114,5369,-4728,1372
370,BMY,2020-08-28,0 days 15:57:34.169518,612556,62.3,62.29,1324,3849,572,-4728
371,BMY,2020-08-28,0 days 15:57:37.176344,613128,62.3,62.29,2507,5219,-1528,572
372,BMY,2020-08-28,0 days 15:57:38.177953,612756,62.3,62.29,2608,4719,372,-1528
373,BMY,2020-08-28,0 days 15:57:41.185131,613128,62.3,62.29,1043,4739,-1228,772
374,BMY,2020-08-28,0 days 15:57:44.196445,614356,62.31,62.3,900,3266,8072,-1228
375,BMY,2020-08-28,0 days 15:57:45.197029,613428,62.29,62.28,404,4592,-5328,8072
376,BMY,2020-08-28,0 days 15:57:48.202063,617156,62.29,62.28,900,2626,2172,-528
377,BMY,2020-08-28,0 days 15:57:49.204646,616728,62.29,62.28,1109,3326,-428,2172
378,BMY,2020-08-28,0 days 15:57:53.214612,614496,62.28,62.27,2928,3100,4159,-928
379,BMY,2020-08-28,0 days 15:57:54.216772,613428,62.28,62.27,1414,3637,-10028,4159
380,BMY,2020-08-28,0 days 15:57:55.220261,617656,62.28,62.27,1309,3237,272,-10028
381,BMY,2020-08-28,0 days 15:57:56.221817,617228,62.28,62.27,1789,3837,-428,272
382,BMY,2020-08-28,0 days 15:57:59.230259,617656,62.28,62.27,2086,4381,7772,-428
383,BMY,2020-08-28,0 days 15:58:00.235812,609828,62.29,62.28,888,4141,-7328,7772
384,BMY,2020-08-28,0 days 15:58:07.249785,613577,62.3,62.29,3190,2134,2967,-2833
385,BMY,2020-08-28,0 days 15:58:08.253362,610744,62.3,62.29,3947,1477,-2833,2967
386,BMY,2020-08-28,0 days 15:58:13.266485,613614,62.31,62.3,1882,2200,1021,-677
387,BMY,2020-08-28,0 days 15:58:14.269169,612935,62.32,62.31,1900,2500,-679,1021
388,BMY,2020-08-28,0 days 15:58:36.320786,620535,62.3,62.29,2264,4600,-479,6721
389,BMY,2020-08-28,0 days 15:58:37.322798,621014,62.3,62.29,1867,4701,3021,-479
390,BMY,2020-08-28,0 days 15:58:38.324685,619935,62.32,62.3,4450,3666,-1079,3021
391,BMY,2020-08-28,0 days 15:59:07.404976,634575,62.33,62.32,300,5172,5734,-1490
392,BMY,2020-08-28,0 days 15:59:11.414087,637718,62.33,62.32,3638,1400,-2336,207
393,BMY,2020-08-28,0 days 15:59:15.422721,656319,62.31,62.3,454,4475,111059,-536
394,BMY,2020-08-28,0 days 15:59:19.429916,756836,62.34,62.33,3341,1400,-165,626
395,BMY,2020-08-28,0 days 15:59:30.460543,763016,62.34,62.33,3642,2035,-4325,3373
396,BMY,2020-08-28,0 days 15:59:31.461914,755541,62.32,62.31,1391,4387,10069,-4325
397,BOX,2020-08-28,0 days 15:56:37.540159,93288,19.99,19.98,13920,6577,-730,570
398,BOX,2020-08-28,0 days 15:58:00.744644,85607,19.99,19.98,13263,5622,8129,-282
399,BP,2020-08-28,0 days 15:58:26.742045,81502,21.41,21.4,37304,50114,11448,-16352
400,BP,2020-08-28,0 days 15:58:27.746031,61550,21.41,21.4,35043,51214,-19952,11448
401,BP,2020-08-28,0 days 15:58:28.748525,81502,21.41,21.4,34927,49614,13448,-19952
402,BP,2020-08-28,0 days 15:58:29.749691,79050,21.41,21.4,52215,44914,-2452,13448
403,BP,2020-08-28,0 days 15:59:45.936950,83994,21.4,21.39,49422,67421,1594,-1818
404,BP,2020-08-28,0 days 15:59:48.947852,84388,21.4,21.39,57855,48848,-213,987
405,BRK.B,2020-08-28,0 days 15:55:00.127920,279404,218.19,218.15,300,1206,20844,-27813
406,BRK.B,2020-08-28,0 days 15:55:58.267688,304873,218.14,218.13,190,300,-26,22
407,BRK.B,2020-08-28,0 days 15:56:03.278691,302566,218.18,218.15,212,114,2307,-493
408,BRK.B,2020-08-28,0 days 15:57:33.496927,305273,218.23,218.21,6736,882,-1742,1258
409,BRK.B,2020-08-28,0 days 15:57:34.498119,305215,218.23,218.21,6686,882,58,-1742
410,BRK.B,2020-08-28,0 days 15:57:35.501957,305273,218.23,218.21,6161,762,-2942,58
411,BRK.B,2020-08-28,0 days 15:57:37.507780,304215,218.23,218.22,5560,200,1058,-442
412,BRK.B,2020-08-28,0 days 15:57:38.509717,305573,218.23,218.21,5220,492,-6062,1058
413,BRK.B,2020-08-28,0 days 15:57:44.525334,316404,218.23,218.21,4091,647,2169,-1419
414,BRK.B,2020-08-28,0 days 15:57:45.525978,315373,218.24,218.22,352,200,-519,2169
415,BRK.B,2020-08-28,0 days 15:58:21.615277,335915,218.4,218.38,407,300,1063,-3406
416,BRK.B,2020-08-28,0 days 15:58:22.618526,333178,218.38,218.33,100,545,-2737,1063
417,BRK.B,2020-08-28,0 days 15:58:30.636334,325899,218.29,218.26,300,200,4579,-4391
418,BRK.B,2020-08-28,0 days 15:58:31.639410,324278,218.33,218.28,529,300,-2088,4579
419,BRK.B,2020-08-28,0 days 15:58:40.661680,363714,218.33,218.29,200,500,4264,-236
420,BRK.B,2020-08-28,0 days 15:58:51.687493,368878,218.37,218.35,200,301,-3291,664
421,BRK.B,2020-08-28,0 days 15:58:52.690017,367112,218.36,218.33,400,202,1766,-3291
422,BRK.B,2020-08-28,0 days 15:59:02.716418,369954,218.37,218.33,200,580,-3243,3986
423,BRK.B,2020-08-28,0 days 15:59:03.718319,368273,218.37,218.31,500,200,1681,-3243
424,BRX,2020-08-28,0 days 15:55:00.812778,143240,11.98,11.97,5413,7954,-89739,100098
425,BRX,2020-08-28,0 days 15:55:01.814880,139079,11.98,11.97,9363,9657,4161,-89739
426,BRX,2020-08-28,0 days 15:59:07.405124,146819,11.97,11.96,6632,18041,-3378,316
427,BRX,2020-08-28,0 days 15:59:08.407143,145097,11.97,11.96,6583,16808,1722,-3378
428,BRX,2020-08-28,0 days 15:59:36.472435,150316,11.98,11.97,3038,26260,-3245,5157
429,BRX,2020-08-28,0 days 15:59:37.473440,148861,11.98,11.97,3683,23305,1455,-3245
430,BRX,2020-08-28,0 days 15:59:45.496655,150316,11.98,11.97,15196,15039,-1545,1455
431,BRX,2020-08-28,0 days 15:59:46.495274,149261,11.98,11.97,15596,11550,1556,-1545
432,BSX,2020-08-28,0 days 15:57:33.495641,488801,41.01,41.0,8569,11458,-2948,1852
433,BSX,2020-08-28,0 days 15:57:34.497848,482649,41.01,41.0,9044,9958,6152,-2948
434,BSX,2020-08-28,0 days 15:57:36.502159,488801,41.01,41.0,8944,12258,-148,1352
435,BSX,2020-08-28,0 days 15:57:40.513230,481613,41.01,41.0,9364,11679,7188,-5612
436,BSX,2020-08-28,0 days 15:58:01.565671,476587,41.02,41.01,1704,15165,-2626,9088
437,BSX,2020-08-28,0 days 15:58:02.568965,471413,41.02,41.01,2073,13886,5174,-2626
438,BSX,2020-08-28,0 days 15:59:07.733895,483428,41.03,41.02,2190,15384,-10011,7802
439,BSX,2020-08-28,0 days 15:59:08.728506,480739,41.03,41.02,1059,18173,4641,-10011
440,BSX,2020-08-28,0 days 15:59:27.774903,564466,41.03,41.02,2800,15832,-5504,832
441,BSX,2020-08-28,0 days 15:59:28.775863,560770,41.03,41.02,2200,16512,3696,-5504
442,BSX,2020-08-28,0 days 15:59:34.792841,564466,41.03,41.02,10218,7995,-9942,5591
443,BSX,2020-08-28,0 days 15:59:35.794408,547208,41.03,41.02,5318,11825,17258,-9942
444,BURL,2020-08-28,0 days 15:55:07.322887,57168,202.49,202.43,100,200,-1732,19763
445,BURL,2020-08-28,0 days 15:57:29.665261,61581,202.53,202.46,217,400,-1594,21006
446,BURL,2020-08-28,0 days 15:59:30.957730,71317,202.7,202.62,200,739,-850,350
447,BURL,2020-08-28,0 days 15:59:39.980808,70767,202.57,202.5,507,292,3969,-1838
448,BWA,2020-08-28,0 days 15:59:15.816419,221794,41.45,41.44,3756,679,2699,-4411
449,BWA,2020-08-28,0 days 15:59:35.868904,224970,41.48,41.47,2502,402,1949,-956
450,BX,2020-08-28,0 days 15:55:31.206023,125129,52.94,52.92,1260,551,-906,194
451,BX,2020-08-28,0 days 15:55:43.230896,126035,52.94,52.92,2416,1268,794,-906
452,BX,2020-08-28,0 days 15:55:44.233950,125129,52.94,52.92,2416,1158,-906,794
453,BX,2020-08-28,0 days 15:57:46.528958,128901,52.98,52.97,1322,563,98,-1802
454,BX,2020-08-28,0 days 15:57:47.531007,127799,52.98,52.97,1422,763,-1102,98
455,BX,2020-08-28,0 days 15:58:45.675001,132151,52.99,52.97,1000,1303,1016,-784
456,BX,2020-08-28,0 days 15:58:46.675223,130767,52.98,52.97,600,974,-1384,1016
457,BX,2020-08-28,0 days 15:59:09.735569,120092,52.99,52.97,600,800,-5163,7737
458,BX,2020-08-28,0 days 15:59:10.740233,124455,52.96,52.94,973,2095,1418,-5163
459,BX,2020-08-28,0 days 15:59:27.777628,128111,52.95,52.94,500,4842,2298,-38
460,C,2020-08-28,0 days 15:59:50.020174,1384194,52.33,52.32,3180,13088,55850,-5921
461,CAG,2020-08-28,0 days 15:55:52.323764,124508,38.12,38.11,15684,4849,1276,-561
462,CAG,2020-08-28,0 days 15:55:53.326591,123784,38.12,38.11,14442,5849,-724,1276
463,CAG,2020-08-28,0 days 15:56:20.391856,125408,38.12,38.11,15599,1328,660,-340
464,CAG,2020-08-28,0 days 15:56:21.396152,124768,38.12,38.11,15289,1228,-640,660
465,CAG,2020-08-28,0 days 15:56:33.424079,125408,38.11,38.1,4014,4716,384,-524
466,CAG,2020-08-28,0 days 15:56:34.425145,124792,38.11,38.1,4114,4616,-616,384
467,CAG,2020-08-28,0 days 15:57:09.510543,127208,38.11,38.1,3824,5892,108,-716
468,CAG,2020-08-28,0 days 15:57:10.513292,126516,38.12,38.11,14955,3375,-692,108
469,CAG,2020-08-28,0 days 15:57:38.581443,129051,38.12,38.11,5564,7595,2016,-430
470,CAG,2020-08-28,0 days 15:57:39.584048,128721,38.12,38.11,11689,7795,-330,2016
471,CAG,2020-08-28,0 days 15:57:51.613127,129251,38.12,38.11,14867,7194,605,-530
472,CAG,2020-08-28,0 days 15:57:52.614736,128756,38.12,38.11,13167,7894,-495,605
473,CAG,2020-08-28,0 days 15:58:06.652862,129351,38.12,38.11,16181,6282,4951,-7449
474,CAG,2020-08-28,0 days 15:58:08.654373,128655,38.12,38.11,13246,8382,-700,2300
475,CAG,2020-08-28,0 days 15:58:31.711785,131024,38.12,38.11,14163,6245,531,-2269
476,CAG,2020-08-28,0 days 15:58:32.713865,130255,38.12,38.11,12221,7662,-769,531
477,CAG,2020-08-28,0 days 15:59:04.795192,131910,38.13,38.12,3470,4192,9413,-1055
478,CAG,2020-08-28,0 days 15:59:44.887455,170061,38.2,38.19,2700,1700,-483,3817
479,CARR,2020-08-28,0 days 15:55:29.197735,176307,30.26,30.25,8334,3621,1099,-401
480,CARR,2020-08-28,0 days 15:55:30.200680,174306,30.26,30.25,3730,3299,-2001,1099
481,CARR,2020-08-28,0 days 15:57:25.477874,180032,30.25,30.24,2499,10340,671,-1096
482,CARR,2020-08-28,0 days 15:57:26.478611,178103,30.25,30.24,2301,10940,-1929,671
483,CARR,2020-08-28,0 days 15:58:12.592727,180117,30.28,30.27,2482,3284,4048,-1314
484,CARR,2020-08-28,0 days 15:58:13.596183,178265,30.28,30.27,1186,3984,-1852,4048
485,CARR,2020-08-28,0 days 15:58:14.602449,180517,30.28,30.27,1100,4503,1386,-1852
486,CARR,2020-08-28,0 days 15:58:15.600221,179703,30.28,30.27,395,6789,-414,1386
487,CARR,2020-08-28,0 days 15:59:07.736730,181314,30.3,30.29,2253,1350,38908,-2
488,CARR,2020-08-28,0 days 15:59:42.812477,230688,30.3,30.29,9442,1625,-1862,878
489,CARR,2020-08-28,0 days 15:59:43.816438,229950,30.3,30.29,9496,3543,738,-1862
490,CAT,2020-08-28,0 days 15:55:00.128730,342862,144.15,144.12,200,723,-97989,12201
491,CCH,2020-08-28,0 days 15:59:45.995277,5630,16.33,16.28,100,300,-111,395
492,CCH,2020-08-28,0 days 15:59:49.004796,5141,16.34,16.28,600,300,489,-111
493,CCJ,2020-08-28,0 days 15:56:30.359337,60761,11.7,11.69,31704,9863,-851,149
494,CCJ,2020-08-28,0 days 15:59:46.840414,65841,11.7,11.69,37339,32494,167,-989
495,CCJ,2020-08-28,0 days 15:59:47.841887,65708,11.7,11.69,37507,25380,-133,167
496,CCL,2020-08-28,0 days 15:57:45.509865,850054,17.22,17.21,41484,8664,2311,-24122
497,CCL,2020-08-28,0 days 15:57:46.511585,842365,17.22,17.21,43938,18239,-7689,2311
498,CCL,2020-08-28,0 days 15:59:06.711779,876084,17.24,17.23,35163,22090,11580,-9146
499,CCL,2020-08-28,0 days 15:59:07.719803,863264,17.24,17.23,31084,24409,-12820,11580
500,CCL,2020-08-28,0 days 15:59:15.734176,878525,17.24,17.23,35401,22087,31944,-3865
501,CCL,2020-08-28,0 days 15:59:16.731276,869169,17.24,17.23,39201,22086,-9356,31944
502,CCL,2020-08-28,0 days 15:59:46.811004,904567,17.24,17.23,16573,88317,1132,-23413
503,CCL,2020-08-28,0 days 15:59:48.811159,897499,17.24,17.23,16438,89557,-7068,1132
504,CCO,2020-08-28,0 days 15:55:00.304366,120956,1.24,1.23,91299,8603,-91157,76418
505,CDAY,2020-08-28,0 days 15:59:40.795383,93072,78.88,78.82,358,490,216,-384
506,CDAY,2020-08-28,0 days 15:59:47.811148,92088,78.89,78.83,335,200,-1184,1016
507,CDE,2020-08-28,0 days 15:59:14.775173,127131,8.35,8.34,69353,3821,-1244,9632
508,CDE,2020-08-28,0 days 15:59:46.854167,131575,8.35,8.34,54371,9790,896,-4581
509,CDE,2020-08-28,0 days 15:59:47.854119,131471,8.35,8.34,25888,30656,-104,896
510,CF,2020-08-28,0 days 15:57:35.484222,91901,33.2,33.19,1574,3042,-1112,188
511,CF,2020-08-28,0 days 15:57:36.485850,90713,33.2,33.19,2080,2542,1188,-1112
512,CF,2020-08-28,0 days 15:57:41.499964,91901,33.2,33.19,1185,2945,-212,188
513,CF,2020-08-28,0 days 15:57:42.501641,91313,33.2,33.19,1085,3145,588,-212
514,CF,2020-08-28,0 days 15:58:19.593115,96713,33.21,33.2,2834,6946,-300,800
515,CF,2020-08-28,0 days 15:58:20.595266,95813,33.21,33.2,2434,2928,900,-300
516,CF,2020-08-28,0 days 15:58:42.647283,95513,33.21,33.2,1081,7036,1200,-200
517,CF,2020-08-28,0 days 15:58:58.687722,96713,33.21,33.2,2358,7158,-502,726
518,CF,2020-08-28,0 days 15:58:59.695896,95964,33.2,33.19,3314,900,749,-502
519,CF,2020-08-28,0 days 15:59:00.697810,94317,33.2,33.19,983,3700,-1247,749
520,CF,2020-08-28,0 days 15:59:01.696964,93664,33.2,33.19,1829,2280,653,-1247
521,CF,2020-08-28,0 days 15:59:09.721648,107423,33.23,33.22,2521,1008,-371,12811
522,CF,2020-08-28,0 days 15:59:11.722932,107794,33.23,33.22,2264,4802,3429,-271
523,CF,2020-08-28,0 days 15:59:12.723277,111223,33.23,33.22,2364,5202,-1271,3429
524,CF,2020-08-28,0 days 15:59:13.726938,109494,33.23,33.22,1075,7114,1729,-1271
525,CF,2020-08-28,0 days 15:59:18.739029,111223,33.23,33.22,1075,4204,-11230,1729
526,CF,2020-08-28,0 days 15:59:19.740264,109153,33.23,33.22,3775,2827,2070,-11230
527,CF,2020-08-28,0 days 15:59:20.743291,111223,33.23,33.22,3664,3027,-230,2070
528,CF,2020-08-28,0 days 15:59:21.748468,110509,33.23,33.22,2264,5477,714,-230
529,CF,2020-08-28,0 days 15:59:46.810835,111384,33.23,33.22,4722,909,1040,-2061
530,CF,2020-08-28,0 days 15:59:48.811022,112424,33.23,33.22,3631,4604,-332,540
531,CF,2020-08-28,0 days 15:59:49.812845,111956,33.23,33.22,4056,4675,468,-332
532,CFG,2020-08-28,0 days 15:59:00.697990,167493,26.29,26.28,2890,9606,2161,-6321
533,CFG,2020-08-28,0 days 15:59:01.697184,163955,26.3,26.29,7067,8364,-3538,2161
534,CFG,2020-08-28,0 days 15:59:07.719879,169801,26.3,26.29,2638,22538,25376,-2422
535,CFG,2020-08-28,0 days 15:59:08.715849,167977,26.31,26.3,5988,7936,-5555,25376
536,CFG,2020-08-28,0 days 15:59:10.720441,173532,26.3,26.29,2776,12430,7744,-2155
537,CFG,2020-08-28,0 days 15:59:11.723155,172076,26.3,26.29,3119,13424,-1456,7744
538,CFG,2020-08-28,0 days 15:59:20.743422,178781,26.3,26.29,4881,10941,4595,-8505
539,CFG,2020-08-28,0 days 15:59:21.748758,177076,26.3,26.29,4481,11841,-1705,4595
540,CFG,2020-08-28,0 days 15:59:36.785908,178781,26.3,26.29,2473,98447,466,-1105
541,CFG,2020-08-28,0 days 15:59:46.811091,177971,26.3,26.29,10465,96038,-2749,6790
542,CGC,2020-08-28,0 days 15:55:39.400998,18327,16.92,16.91,200,3970,2185,-3074
543,CGC,2020-08-28,0 days 15:55:40.403495,18012,16.93,16.92,3038,2308,-274,2185
544,CGC,2020-08-28,0 days 15:55:51.429312,18327,16.93,16.91,3932,5365,1442,-274
545,CGC,2020-08-28,0 days 15:55:52.432859,17169,16.93,16.91,3932,4367,-1117,1442
546,CGC,2020-08-28,0 days 15:56:30.523443,18327,16.93,16.92,4041,3335,542,-1158
547,CGC,2020-08-28,0 days 15:59:17.927273,25391,16.92,16.9,7593,1896,-502,620
548,CGC,2020-08-28,0 days 15:59:39.980779,25893,16.92,16.9,15635,536,4198,-502
549,CGC,2020-08-28,0 days 15:59:40.981708,25491,16.92,16.9,9618,1322,-392,4198
550,CHGG,2020-08-28,0 days 15:56:33.366108,67623,72.83,72.81,784,140,332,-88
551,CHGG,2020-08-28,0 days 15:56:34.368746,65655,72.83,72.81,584,347,-1968,332
552,CHGG,2020-08-28,0 days 15:57:35.516612,67627,72.79,72.78,699,244,365,-135
553,CHGG,2020-08-28,0 days 15:57:36.520201,65992,72.79,72.78,1083,347,-1635,365
554,CHGG,2020-08-28,0 days 15:57:41.533560,67627,72.79,72.78,500,445,865,-35
555,CHGG,2020-08-28,0 days 15:57:42.534140,66192,72.79,72.78,300,100,-1435,865
556,CHGG,2020-08-28,0 days 15:59:11.755351,77176,72.88,72.87,1410,4588,2564,-867
557,CHGG,2020-08-28,0 days 15:59:12.756252,73340,72.88,72.87,1066,4464,-3836,2564
558,CHGG,2020-08-28,0 days 15:59:15.766773,77176,72.9,72.88,137,1364,1597,-2195
559,CHGG,2020-08-28,0 days 15:59:45.836412,78395,72.99,72.97,300,569,859,-541
560,CHGG,2020-08-28,0 days 15:59:46.841086,77954,72.99,72.97,398,485,-441,859
561,CHGG,2020-08-28,0 days 15:59:47.842571,78395,72.99,72.97,597,485,380,-441
562,CHGG,2020-08-28,0 days 15:59:49.845392,78117,73.0,72.97,2245,2505,-278,401
563,CHGG,2020-08-28,0 days 15:59:53.854916,78395,72.98,72.94,500,100,554,-878
564,CHGG,2020-08-28,0 days 15:59:54.864798,77556,72.97,72.93,600,2505,-839,554
565,CHGG,2020-08-28,0 days 15:59:55.859642,78395,72.98,72.94,700,581,1454,-839
566,CHGG,2020-08-28,0 days 15:59:59.877648,77537,73.0,72.95,5774,6800,-858,2995
567,CHGG,2020-08-28,0 days 16:00:00.873257,78395,73.0,72.95,5374,10850,554,-858
568,CHS,2020-08-28,0 days 15:55:00.255287,44956,1.4,1.39,19276,28819,-2639,11306
569,CHS,2020-08-28,0 days 15:59:06.854769,47595,1.4,1.39,52791,43117,181,-2154
570,CHWY,2020-08-28,0 days 15:57:29.665358,67217,59.8,59.79,401,100,9238,-1162
571,CHWY,2020-08-28,0 days 15:57:30.668269,63754,59.8,59.79,233,700,-3463,9238
572,CHWY,2020-08-28,0 days 15:59:17.927474,78309,59.75,59.74,1100,2129,208,-669
573,CHWY,2020-08-28,0 days 15:59:49.005091,75285,59.75,59.74,1509,1990,-3191,1709
574,CIEN,2020-08-28,0 days 15:55:00.255527,54272,56.0,55.99,406,559,1927,-1080
575,CIEN,2020-08-28,0 days 15:55:12.283929,55869,56.02,56.01,815,1420,-81,249
576,CIEN,2020-08-28,0 days 15:56:39.493698,63616,55.98,55.97,400,900,190,-110
577,CIEN,2020-08-28,0 days 15:56:40.495785,63006,55.98,55.97,210,1000,-610,190
578,CIEN,2020-08-28,0 days 15:57:35.631423,63616,55.98,55.97,744,2112,390,-110
579,CIEN,2020-08-28,0 days 15:57:36.632664,63306,55.98,55.97,444,2814,-310,390
580,CIEN,2020-08-28,0 days 15:57:41.645384,63716,55.98,55.97,510,2205,190,-210
581,CIEN,2020-08-28,0 days 15:57:42.647932,63706,55.98,55.97,410,2750,-10,190
582,CIEN,2020-08-28,0 days 15:58:21.743941,63556,55.98,55.97,394,1366,390,-240
583,CIEN,2020-08-28,0 days 15:58:22.746568,62946,55.98,55.97,394,1767,-610,390
584,CIEN,2020-08-28,0 days 15:59:47.945514,73385,56.03,56.02,1007,199,-424,450
585,CIEN,2020-08-28,0 days 15:59:49.957855,73037,56.03,56.02,397,620,348,-152
586,CIG,2020-08-28,0 days 15:57:02.436244,355260,2.08,2.07,341447,255495,-2691,309
587,CIG,2020-08-28,0 days 15:57:03.441749,331351,2.08,2.07,342947,253995,23909,-2691
588,CIG,2020-08-28,0 days 15:58:29.649605,385460,2.08,2.07,291360,446357,-77032,22968
589,CIG,2020-08-28,0 days 15:58:30.653880,368892,2.08,2.07,304360,441157,16568,-77032
590,CIG,2020-08-28,0 days 15:59:01.731460,385460,2.08,2.07,286446,499257,-110708,143392
591,CIG,2020-08-28,0 days 15:59:02.731955,373868,2.08,2.07,287946,497757,11592,-110708
592,CIG,2020-08-28,0 days 15:59:06.742841,385460,2.08,2.07,286246,495757,-7005,11592
593,CIG,2020-08-28,0 days 15:59:07.753619,359165,2.08,2.07,307446,494257,324286,-7005
594,CL,2020-08-28,0 days 15:59:06.758809,335153,79.4,79.39,1075,1500,-28304,31573
595,CL,2020-08-28,0 days 15:59:07.765365,345750,79.39,79.37,1817,1279,12438,-28304
596,CL,2020-08-28,0 days 15:59:08.759796,358188,79.39,79.38,2973,109,-3962,12438
597,CL,2020-08-28,0 days 15:59:09.763931,354650,79.39,79.37,2800,1700,3538,-3962
598,CL,2020-08-28,0 days 15:59:27.806322,363857,79.37,79.36,376,958,-462,2614
599,CL,2020-08-28,0 days 15:59:37.825554,362278,79.38,79.36,1800,825,1579,-3321
600,CLDR,2020-08-28,0 days 15:56:46.409090,145600,12.91,12.9,11993,6505,177,-157
601,CLDR,2020-08-28,0 days 15:57:21.495622,145777,12.91,12.9,6233,15543,-661,177
602,CLDR,2020-08-28,0 days 15:59:00.746172,156189,12.93,12.92,28131,4881,1318,-4630
603,CLDR,2020-08-28,0 days 15:59:01.744529,149507,12.93,12.92,15626,6670,-6282,1318
604,CLDR,2020-08-28,0 days 15:59:04.750201,162489,12.93,12.92,17287,5852,3618,-12582
605,CLDR,2020-08-28,0 days 15:59:05.755884,159807,12.93,12.92,16519,5791,-2282,3618
606,CLDR,2020-08-28,0 days 15:59:07.765431,162489,12.93,12.92,17219,7891,1591,-3382
607,CLDR,2020-08-28,0 days 15:59:08.759861,154580,12.93,12.92,14319,11141,-7709,1591
608,CLDR,2020-08-28,0 days 15:59:44.847067,163568,12.93,12.92,22009,14551,-2069,3231
609,CLDR,2020-08-28,0 days 15:59:45.847178,165837,12.93,12.92,22247,7689,919,-2069
610,CLF,2020-08-28,0 days 15:57:07.548054,156918,6.49,6.48,98566,6897,-1581,2919
611,CLF,2020-08-28,0 days 15:57:42.636814,137849,6.49,6.48,69826,31956,19069,-5831
612,CLF,2020-08-28,0 days 15:59:19.873817,155025,6.5,6.49,70668,101005,-3035,378
613,CLF,2020-08-28,0 days 15:59:46.941667,159522,6.49,6.48,143029,36024,-17307,9692
614,CLNY,2020-08-28,0 days 15:56:59.541365,226131,2.89,2.88,30093,63154,-18341,6659
615,CLNY,2020-08-28,0 days 15:57:00.545069,220472,2.89,2.88,30093,63154,5659,-18341
616,CLNY,2020-08-28,0 days 15:58:05.705875,226799,2.88,2.87,86479,27104,-9977,5783
617,CLNY,2020-08-28,0 days 15:58:06.708039,224220,2.88,2.87,86479,27104,2579,-9977
618,CLNY,2020-08-28,0 days 15:59:06.854591,239106,2.88,2.87,80842,36237,-167,3367
619,CLNY,2020-08-28,0 days 15:59:11.865875,246173,2.88,2.87,67042,43637,3854,-167
620,CLNY,2020-08-28,0 days 15:59:48.953009,247558,2.89,2.88,69083,66461,2469,-2331
621,CMS,2020-08-28,0 days 15:55:32.232295,87100,60.29,60.27,1849,1153,-5440,360
622,CMS,2020-08-28,0 days 15:58:27.656763,93526,60.19,60.17,4892,1509,198,-102
623,CMS,2020-08-28,0 days 15:58:28.657895,92824,60.19,60.18,4892,770,-702,198
624,CMS,2020-08-28,0 days 15:58:48.706944,95026,60.14,60.13,376,300,1098,-402
625,CMS,2020-08-28,0 days 15:58:49.709689,94224,60.14,60.13,316,1075,-802,1098
626,CMS,2020-08-28,0 days 15:59:27.806523,122830,60.12,60.1,664,1197,2401,-884
627,CMS,2020-08-28,0 days 15:59:28.808178,121364,60.12,60.1,1069,400,-1466,2401
628,CMS,2020-08-28,0 days 15:59:29.811600,122207,60.09,60.06,568,1322,857,-1466
629,CMS,2020-08-28,0 days 15:59:31.820379,118164,60.1,60.09,769,500,-4043,1566
630,CMS,2020-08-28,0 days 15:59:32.816417,122207,60.08,60.06,273,8522,3125,-4043
631,CMS,2020-08-28,0 days 15:59:36.826609,121964,60.08,60.06,354,2900,1971,-738
632,CNC,2020-08-28,0 days 15:59:48.811044,306000,60.53,60.51,401,763,-198,1002
633,CNP,2020-08-28,0 days 15:55:28.210273,197503,19.92,19.91,31551,4956,-15880,1808
634,CNP,2020-08-28,0 days 15:59:07.752419,214134,19.94,19.93,9326,20423,2194,-671
635,CNP,2020-08-28,0 days 15:59:08.745800,250685,19.94,19.93,5350,22631,-1249,2194
636,CNP,2020-08-28,0 days 15:59:09.749768,247934,19.94,19.93,13103,15995,2751,-1249
637,CNP,2020-08-28,0 days 15:59:26.790833,245779,19.96,19.95,11955,13589,2256,-3844
638,CNP,2020-08-28,0 days 15:59:27.790580,248035,19.96,19.95,10616,15805,-614,2256
639,CNP,2020-08-28,0 days 15:59:43.829239,247106,19.96,19.95,27094,5733,1180,-4620
640,CNP,2020-08-28,0 days 15:59:48.841861,250487,19.96,19.95,22083,12670,-1103,2389
641,CNX,2020-08-28,0 days 15:55:55.376274,157634,11.32,11.31,11015,3159,-2682,3979
642,CNX,2020-08-28,0 days 15:55:56.377470,155916,11.32,11.31,13540,2604,1718,-2682
643,CNX,2020-08-28,0 days 15:56:13.419023,157634,11.31,11.3,12760,2909,-1186,632
644,CNX,2020-08-28,0 days 15:56:14.421808,156220,11.31,11.3,13110,2688,1414,-1186
645,CNX,2020-08-28,0 days 15:56:30.460750,163834,11.3,11.29,9443,6836,-252,1448
646,CNX,2020-08-28,0 days 15:56:31.462320,162186,11.3,11.29,14155,859,1648,-252
647,CNX,2020-08-28,0 days 15:58:02.684267,166389,11.29,11.28,3830,20390,-497,1972
648,CNX,2020-08-28,0 days 15:58:03.685986,164586,11.29,11.28,10630,12475,3247,-497
649,CNX,2020-08-28,0 days 15:58:38.771812,173479,11.29,11.28,7554,25662,-11122,18219
650,CNX,2020-08-28,0 days 15:58:39.775480,169001,11.29,11.28,8354,24362,4119,-11122
651,CNX,2020-08-28,0 days 15:59:15.864617,175070,11.29,11.28,12945,17394,-15421,1139
652,COF,2020-08-28,0 days 15:57:33.611769,264599,71.14,71.13,1600,475,-316,1484
653,COF,2020-08-28,0 days 15:57:35.616327,260415,71.14,71.13,2820,572,4184,-1216
654,COF,2020-08-28,0 days 15:58:03.685872,264850,71.14,71.13,1249,400,-6495,4051
655,COF,2020-08-28,0 days 15:58:04.688087,257445,71.13,71.11,720,1161,7405,-6495
656,COF,2020-08-28,0 days 15:59:08.845341,289547,71.14,71.12,500,1134,-629,6371
657,COF,2020-08-28,0 days 15:59:19.873597,292228,71.13,71.12,200,400,-2623,6379
658,COF,2020-08-28,0 days 15:59:28.893642,290503,71.13,71.12,600,1547,1725,-7675
659,COF,2020-08-28,0 days 15:59:49.953214,293473,71.12,71.11,274,1941,314,-786
660,COG,2020-08-28,0 days 15:55:00.254921,211711,18.97,18.96,2720,6995,1179,-50451
661,COG,2020-08-28,0 days 15:55:01.256225,206690,18.98,18.97,1919,8937,-5021,1179
662,COG,2020-08-28,0 days 15:57:47.658867,239477,18.97,18.96,6830,2631,-3630,170
663,COG,2020-08-28,0 days 15:59:14.870584,261494,18.96,18.95,8540,9871,4031,-4409
664,COG,2020-08-28,0 days 15:59:15.870051,257125,18.96,18.95,5924,11829,-4369,4031
665,COG,2020-08-28,0 days 15:59:27.898345,261881,18.96,18.95,10415,2506,1047,-1456
666,COG,2020-08-28,0 days 15:59:34.917096,258804,18.96,18.95,14317,5855,-3077,1047
667,COP,2020-08-28,0 days 15:59:41.883139,581075,38.4,38.39,1947,6486,79,-2686
668,COP,2020-08-28,0 days 15:59:46.892536,581354,38.38,38.37,1043,5754,-10592,3559
669,COP,2020-08-28,0 days 15:59:50.904619,527082,38.38,38.37,5757,2130,54272,-3364
670,CPE,2020-08-28,0 days 15:55:18.198586,39837,6.96,6.95,10404,4495,-21063,28677
671,CPE,2020-08-28,0 days 15:55:19.202765,37200,6.96,6.95,10216,4101,2577,-21063
672,CPE,2020-08-28,0 days 15:59:26.803710,37568,6.98,6.97,18934,6082,1409,-762
673,CPRI,2020-08-28,0 days 15:56:12.412956,144888,16.96,16.95,6662,3774,-633,2067
674,CPRI,2020-08-28,0 days 15:56:13.414898,143521,16.96,16.95,3202,5387,1367,-633
675,CPRI,2020-08-28,0 days 15:56:30.456839,144888,16.97,16.96,13440,3802,-457,1243
676,CPRI,2020-08-28,0 days 15:56:31.458286,143645,16.97,16.96,13240,4502,1243,-457
677,CPRI,2020-08-28,0 days 15:56:38.474375,144888,16.97,16.96,14307,4702,-5557,1243
678,CPRI,2020-08-28,0 days 15:56:39.477232,144245,16.97,16.96,14357,4702,643,-5557
679,CPRI,2020-08-28,0 days 15:57:44.635181,151088,16.95,16.94,9396,6101,-3257,1143
680,CPRI,2020-08-28,0 days 15:57:45.637512,149945,16.95,16.94,2855,7603,1843,-3257
681,CPRI,2020-08-28,0 days 15:57:51.652156,151788,16.96,16.95,5116,2416,-1857,1843
682,CPRI,2020-08-28,0 days 15:57:52.654178,150545,16.95,16.94,848,7498,1243,-1857
683,CPRI,2020-08-28,0 days 15:58:12.704013,151769,16.96,16.95,1040,8509,-1476,1224
684,CPRI,2020-08-28,0 days 15:58:13.714844,150545,16.96,16.95,1040,8609,1224,-1476
685,CPRI,2020-08-28,0 days 15:59:11.854480,153874,16.94,16.93,3518,2768,-11821,1628
686,CPRI,2020-08-28,0 days 15:59:35.908134,165995,16.93,16.92,379,6056,3442,-7423
687,CPRI,2020-08-28,0 days 15:59:46.937053,170849,16.93,16.92,8812,4581,-809,3854
688,CPRI,2020-08-28,0 days 15:59:47.938910,170658,16.93,16.92,9012,4181,1279,-809
689,CRK,2020-08-28,0 days 15:56:30.523545,24552,6.14,6.13,8030,7934,-436,1094
690,CRK,2020-08-28,0 days 15:56:31.526611,23588,6.14,6.13,8230,8034,964,-436
691,CRK,2020-08-28,0 days 15:56:38.542476,24552,6.14,6.13,7463,8668,-936,964
692,CRK,2020-08-28,0 days 15:56:39.546217,23788,6.14,6.13,7363,8882,764,-936
693,CRK,2020-08-28,0 days 15:59:02.893054,26118,6.14,6.13,11507,12251,-108,770
694,CRK,2020-08-28,0 days 15:59:05.898380,25564,6.14,6.13,14635,9863,554,-2024
695,CRK,2020-08-28,0 days 15:59:41.984118,30119,6.14,6.13,19122,18663,-19,481
696,CRK,2020-08-28,0 days 15:59:49.005116,29738,6.14,6.13,20554,10553,381,-519
697,CRM,2020-08-28,0 days 15:59:10.753184,6466892,270.04,270.01,300,200,64066,-311294
698,CRM,2020-08-28,0 days 15:59:12.755994,6525689,270.32,270.24,310,300,-10918,6175
699,CRM,2020-08-28,0 days 15:59:13.758879,6530296,270.3,270.2,300,200,13675,-10918
700,CS,2020-08-28,0 days 15:59:45.821253,28910,11.2,11.19,82222,147914,-973,627
701,CS,2020-08-28,0 days 15:59:46.827325,28383,11.2,11.19,84542,148789,884,-973
702,CTL,2020-08-28,0 days 15:55:00.117811,469867,10.98,10.97,52141,39140,-13104,123277
703,CTL,2020-08-28,0 days 15:55:48.231172,540252,10.98,10.97,67363,21346,255,-6190
704,CTL,2020-08-28,0 days 15:55:51.241913,534855,10.98,10.97,70453,19463,-5397,1942
705,CTL,2020-08-28,0 days 15:57:31.477247,567977,11.01,11.0,44966,72310,4075,-4425
706,CTL,2020-08-28,0 days 15:57:32.479130,560452,11.01,11.0,43016,75110,-7525,4075
707,CVE,2020-08-28,0 days 15:58:06.579921,18846,4.91,4.9,255890,174364,-69,5018
708,CVS,2020-08-28,0 days 15:56:19.306218,263271,63.15,63.14,3272,475,9617,-583
709,CVS,2020-08-28,0 days 15:56:43.361893,270754,63.17,63.16,667,4685,-3774,5226
710,CVS,2020-08-28,0 days 15:56:44.367686,269828,63.17,63.16,3764,1507,926,-3774
711,CVS,2020-08-28,0 days 15:57:45.509765,270930,63.18,63.17,14096,4885,-2076,1024
712,CVS,2020-08-28,0 days 15:57:46.511499,269906,63.18,63.17,16496,3285,1024,-2076
713,CVS,2020-08-28,0 days 15:57:52.524632,270930,63.18,63.17,13151,4038,-3976,1024
714,CVS,2020-08-28,0 days 15:57:53.528679,269906,63.18,63.17,16426,3038,1024,-3976
715,CVS,2020-08-28,0 days 15:58:31.621219,271176,63.19,63.18,239,5038,-775,925
716,CVS,2020-08-28,0 days 15:58:58.687711,274651,63.2,63.19,8777,2272,19,-202
717,CVS,2020-08-28,0 days 15:58:59.695851,274270,63.19,63.18,6010,1087,-381,19
718,CVS,2020-08-28,0 days 15:59:02.698492,274967,63.2,63.19,5428,2444,375,-97
719,CVS,2020-08-28,0 days 15:59:11.722932,375192,63.25,63.24,12832,2982,-54667,39633
720,CVS,2020-08-28,0 days 15:59:12.723277,363706,63.22,63.21,1502,1786,13363,-54667
721,CVS,2020-08-28,0 days 15:59:58.837755,361126,63.22,63.21,2018,700,22446,-19235
722,CVX,2020-08-28,0 days 15:57:35.502417,757568,85.58,85.57,668,2472,255,-7245
723,CVX,2020-08-28,0 days 15:57:37.508349,751823,85.59,85.58,2500,2078,-5745,7555
724,CVX,2020-08-28,0 days 15:57:39.513790,757568,85.59,85.58,400,4884,2755,-4545
725,CVX,2020-08-28,0 days 15:57:40.515149,753423,85.6,85.59,1582,1480,-4145,2755
726,CVX,2020-08-28,0 days 15:57:43.521558,758658,85.62,85.61,502,2652,9665,-6045
727,CVX,2020-08-28,0 days 15:57:44.526639,754823,85.62,85.61,1400,1652,-3835,9665
728,CVX,2020-08-28,0 days 15:58:36.652402,773160,85.67,85.66,4176,498,4023,-784
729,CVX,2020-08-28,0 days 15:58:37.655498,768283,85.67,85.66,4276,398,-4288,4023
730,CVX,2020-08-28,0 days 15:59:15.748536,844510,85.69,85.68,1600,1210,16951,-17543
731,CWH,2020-08-28,0 days 15:57:18.462005,71896,31.6,31.59,3195,4612,1797,-1003
732,CWH,2020-08-28,0 days 15:58:00.567106,70655,31.59,31.58,561,981,-1043,1805
733,CWH,2020-08-28,0 days 15:58:01.567328,69298,31.59,31.58,794,881,1357,-1043
734,CWH,2020-08-28,0 days 15:59:05.726088,73922,31.53,31.51,3367,200,-4515,5075
735,CWH,2020-08-28,0 days 15:59:06.728107,69837,31.52,31.49,825,1225,4285,-4515
736,CWH,2020-08-28,0 days 15:59:24.770224,75331,31.59,31.57,825,323,-975,25
737,CWH,2020-08-28,0 days 15:59:25.770328,74306,31.59,31.57,925,923,1025,-975
738,CWH,2020-08-28,0 days 15:59:40.809110,76588,31.59,31.57,482,778,-118,882
739,CWH,2020-08-28,0 days 15:59:43.816215,75706,31.59,31.57,593,587,882,-118
740,CWH,2020-08-28,0 days 15:59:44.820645,76588,31.59,31.57,489,811,-118,882
741,CX,2020-08-28,0 days 15:56:26.014717,138087,3.42,3.41,222338,83665,7046,-4241
742,CX,2020-08-28,0 days 15:56:27.018160,129233,3.42,3.41,222438,81465,-8854,7046
743,CX,2020-08-28,0 days 15:59:11.413723,103180,3.41,3.4,339018,97216,-41678,162
744,CX,2020-08-28,0 days 15:59:36.472035,144858,3.41,3.4,342582,100824,23266,-41574
745,D,2020-08-28,0 days 15:55:00.242880,197942,78.09,78.08,619,900,-12953,2001
746,D,2020-08-28,0 days 15:55:17.283043,210895,78.06,78.04,2548,601,208,-1314
747,D,2020-08-28,0 days 15:55:18.285900,209403,78.05,78.04,1121,400,-1492,208
748,D,2020-08-28,0 days 15:55:49.360416,200035,78.03,78.02,300,1280,11309,-508
749,D,2020-08-28,0 days 15:55:50.362779,199689,78.03,78.02,300,1582,-346,11309
750,D,2020-08-28,0 days 15:57:07.547944,235445,77.98,77.97,641,610,1140,-8360
751,D,2020-08-28,0 days 15:57:09.554221,231985,77.96,77.95,400,200,-3460,43040
752,D,2020-08-28,0 days 15:59:35.912739,326859,78.09,78.07,1023,900,5253,-24
753,D,2020-08-28,0 days 15:59:36.914045,323612,78.09,78.07,910,800,-2747,5253
754,D,2020-08-28,0 days 15:59:42.928016,324259,78.05,78.04,1100,605,2288,-518
755,D,2020-08-28,0 days 15:59:44.934950,320147,78.05,78.04,702,959,-2912,3488
756,D,2020-08-28,0 days 15:59:47.943756,324359,78.04,78.03,1005,800,1894,-1747
757,D,2020-08-28,0 days 15:59:49.953270,321882,78.04,78.02,920,800,-2477,1123
758,DAL,2020-08-28,0 days 15:58:42.647398,260605,31.94,31.93,1404,23148,198,-2
759,DAL,2020-08-28,0 days 15:58:43.652201,256303,31.95,31.94,15727,12103,-9902,198
760,DAL,2020-08-28,0 days 15:59:01.697142,273141,31.96,31.95,29681,35658,9954,-9146
761,DB,2020-08-28,0 days 15:59:01.697234,54820,9.89,9.88,48902,143136,-21389,27679
762,DB,2020-08-28,0 days 15:59:02.698710,53101,9.89,9.88,51302,125712,1719,-21389
763,DD,2020-08-28,0 days 15:55:38.247437,232926,57.11,57.1,732,800,-694,353
764,DD,2020-08-28,0 days 15:57:53.572521,235815,57.19,57.18,1110,1966,1059,-141
765,DD,2020-08-28,0 days 15:57:54.574526,235574,57.18,57.17,622,2101,-241,1059
766,DD,2020-08-28,0 days 15:57:56.580012,235815,57.18,57.17,900,2106,159,-241
767,DD,2020-08-28,0 days 15:57:57.581375,235574,57.18,57.17,500,2174,-241,159
768,DD,2020-08-28,0 days 15:58:01.596515,234318,57.18,57.17,900,1951,1296,-1601
769,DD,2020-08-28,0 days 15:58:02.599048,234214,57.18,57.17,800,1984,-104,1296
770,DD,2020-08-28,0 days 15:58:09.615395,234318,57.18,57.17,972,2185,1996,-104
771,DD,2020-08-28,0 days 15:58:10.615368,234214,57.18,57.17,2952,1885,-104,1996
772,DD,2020-08-28,0 days 15:58:25.650854,235518,57.19,57.18,200,1090,796,-204
773,DD,2020-08-28,0 days 15:58:48.707024,234318,57.19,57.18,4315,521,160,-104
774,DD,2020-08-28,0 days 15:58:53.720579,239978,57.19,57.18,4251,556,-640,160
775,DD,2020-08-28,0 days 15:59:10.768803,243435,57.24,57.21,300,1014,35789,-594
776,DD,2020-08-28,0 days 15:59:45.847421,279933,57.21,57.2,1667,400,-1528,292
777,DD,2020-08-28,0 days 15:59:46.854217,279761,57.21,57.2,1506,806,381,-1528
778,DDD,2020-08-28,0 days 15:55:00.156409,45546,5.44,5.43,21307,9574,-2186,6635
779,DDD,2020-08-28,0 days 15:59:14.773787,50674,5.44,5.43,36389,12540,-2761,119
780,DDD,2020-08-28,0 days 15:59:35.823880,53435,5.44,5.43,29686,19403,2053,-3647
781,DDD,2020-08-28,0 days 15:59:36.825498,53288,5.44,5.43,27503,20814,-147,2053
782,DDD,2020-08-28,0 days 15:59:37.824477,53435,5.42,5.41,23278,35314,8168,-147
783,DELL,2020-08-28,0 days 15:57:51.210034,163378,66.23,66.2,200,1815,5867,-1402
784,DELL,2020-08-28,0 days 15:59:00.382947,166192,66.25,66.23,816,706,-8214,5138
785,DELL,2020-08-28,0 days 15:59:01.382030,157845,66.24,66.21,900,468,9011,-8214
786,DELL,2020-08-28,0 days 15:59:27.448799,171162,66.18,66.17,100,200,-612,694
787,DELL,2020-08-28,0 days 15:59:29.455055,166974,66.2,66.17,3259,200,4398,-2243
788,DFS,2020-08-28,0 days 15:58:53.692952,236936,54.31,54.3,897,600,-7485,4359
789,DFS,2020-08-28,0 days 15:58:54.695150,227777,54.31,54.3,1168,300,8759,-7485
790,DFS,2020-08-28,0 days 15:59:06.728301,236760,54.3,54.28,1231,647,-14954,2149
791,DFS,2020-08-28,0 days 15:59:07.736557,212014,54.29,54.28,500,539,24746,-14954
792,DFS,2020-08-28,0 days 15:59:15.748495,246707,54.25,54.24,914,1681,-4535,3732
793,DFS,2020-08-28,0 days 15:59:31.789884,257361,54.24,54.23,1400,1118,360,-423
794,DFS,2020-08-28,0 days 15:59:35.796801,260139,54.24,54.23,1458,1377,-105,277
795,DFS,2020-08-28,0 days 15:59:38.806982,260244,54.22,54.21,1073,200,380,-105
796,DFS,2020-08-28,0 days 15:59:40.809272,256364,54.24,54.23,370,791,-4080,380
797,DFS,2020-08-28,0 days 15:59:41.812508,256571,54.24,54.23,370,1594,3563,-4080
798,DFS,2020-08-28,0 days 15:59:42.812384,260134,54.24,54.23,270,557,-305,3563
799,DFS,2020-08-28,0 days 15:59:44.820772,260439,54.23,54.22,466,100,1645,-305
800,DG,2020-08-28,0 days 15:59:01.731506,153467,200.37,200.34,487,262,1855,-2260
801,DG,2020-08-28,0 days 15:59:02.731991,146052,200.41,200.37,1200,248,-8115,1855
802,DG,2020-08-28,0 days 15:59:15.766560,152356,200.33,200.29,150,726,10274,-22134
803,DG,2020-08-28,0 days 15:59:16.764802,150682,200.37,200.31,550,300,-3174,10274
804,DG,2020-08-28,0 days 15:59:20.774951,154257,200.37,200.31,1050,327,414,-986
805,DG,2020-08-28,0 days 15:59:21.777198,153371,200.4,200.36,500,1144,-2986,414
806,DG,2020-08-28,0 days 15:59:29.797275,156357,200.46,200.43,393,560,174,-526
807,DG,2020-08-28,0 days 15:59:31.803534,156531,200.46,200.43,193,971,-526,174
808,DG,2020-08-28,0 days 15:59:38.820867,156582,200.43,200.38,1320,392,-1478,174
809,DG,2020-08-28,0 days 15:59:45.836204,157360,200.35,200.28,1450,287,65,-550
810,DGX,2020-08-28,0 days 15:57:33.569420,61203,111.05,111.02,200,515,-2986,17252
811,DGX,2020-08-28,0 days 15:58:55.770182,63800,110.93,110.91,568,699,-3841,16421
812,DGX,2020-08-28,0 days 15:58:59.782172,47379,110.92,110.91,2666,417,16564,-3841
813,DHI,2020-08-28,0 days 15:57:25.604396,238817,71.63,71.62,1159,1575,335,-1065
814,DHI,2020-08-28,0 days 15:57:26.605790,234556,71.63,71.62,1159,1669,-4261,335
815,DHI,2020-08-28,0 days 15:57:34.627609,238817,71.63,71.62,1135,1080,739,-761
816,DHI,2020-08-28,0 days 15:57:35.630761,237356,71.63,71.62,1113,1484,-1461,739
817,DHI,2020-08-28,0 days 15:57:41.644281,263817,71.63,71.61,343,930,3839,-761
818,DHI,2020-08-28,0 days 15:57:42.646859,260156,71.65,71.63,400,1108,-3661,3839
819,DHI,2020-08-28,0 days 15:57:44.652728,263817,71.65,71.63,614,200,439,-2261
820,DHI,2020-08-28,0 days 15:57:45.655254,260356,71.64,71.62,300,1803,-3461,439
821,DHI,2020-08-28,0 days 15:57:57.682943,263817,71.68,71.66,600,400,633,-467
822,DHI,2020-08-28,0 days 15:57:58.684541,259850,71.67,71.66,200,700,-3967,633
823,DHI,2020-08-28,0 days 15:59:27.897690,266973,71.81,71.8,892,868,3761,-700
824,DHI,2020-08-28,0 days 15:59:28.900991,265375,71.83,71.81,700,1414,-1598,3761
825,DHI,2020-08-28,0 days 15:59:34.916358,266973,71.81,71.8,342,831,4979,-3
826,DHI,2020-08-28,0 days 15:59:41.931903,264921,71.88,71.87,300,160,-2052,255
827,DHI,2020-08-28,0 days 15:59:44.939421,266973,71.86,71.85,466,275,4381,-552
828,DHR,2020-08-28,0 days 15:57:14.565349,160393,205.66,205.62,933,1061,-1172,3828
829,DHR,2020-08-28,0 days 15:57:15.567404,160165,205.66,205.62,933,1061,228,-1172
830,DHR,2020-08-28,0 days 15:57:42.636173,160143,205.74,205.7,497,727,250,-1950
831,DHR,2020-08-28,0 days 15:57:52.657951,162793,205.72,205.66,602,1122,-1154,246
832,DHR,2020-08-28,0 days 15:57:53.662524,162347,205.72,205.66,800,1100,446,-1154
833,DHR,2020-08-28,0 days 15:57:59.675300,160393,205.75,205.72,226,405,-1954,446
834,DHR,2020-08-28,0 days 15:58:02.684115,159414,205.76,205.72,200,403,658,-381
835,DHR,2020-08-28,0 days 15:58:09.703389,160072,205.77,205.73,856,1100,-842,284
836,DHR,2020-08-28,0 days 15:58:10.705888,158874,205.7,205.66,456,500,1198,-842
837,DHR,2020-08-28,0 days 15:59:03.833012,169066,205.58,205.54,501,500,-204,398
838,DHR,2020-08-28,0 days 15:59:04.836880,168270,205.58,205.54,624,565,796,-204
839,DHR,2020-08-28,0 days 15:59:06.840908,170139,205.62,205.55,702,215,-3889,1913
840,DHR,2020-08-28,0 days 15:59:09.851744,169740,205.62,205.57,600,302,399,-657
841,DHR,2020-08-28,0 days 15:59:30.901552,207299,205.64,205.61,303,297,-819,681
842,DHR,2020-08-28,0 days 15:59:31.900188,208118,205.62,205.6,303,445,681,-819
843,DHR,2020-08-28,0 days 15:59:34.913934,208799,205.62,205.58,339,200,-3209,681
844,DHR,2020-08-28,0 days 15:59:35.912411,206308,205.62,205.59,240,266,2491,-3209
845,DHT,2020-08-28,0 days 15:59:01.697017,66205,5.28,5.27,39450,30152,-13261,13915
846,DHT,2020-08-28,0 days 15:59:02.698519,65766,5.28,5.27,41805,15641,439,-13261
847,DHT,2020-08-28,0 days 15:59:19.740315,72642,5.28,5.27,48932,10888,-207,2692
848,DHT,2020-08-28,0 days 15:59:35.782608,73750,5.28,5.27,54398,10716,792,-207
849,DIS,2020-08-28,0 days 15:59:15.734227,819429,135.49,135.48,103,674,849,-144820
850,DIS,2020-08-28,0 days 15:59:16.731308,806046,135.55,135.53,200,1267,-92926,849
851,DIS,2020-08-28,0 days 15:59:42.794826,909488,135.6,135.57,900,100,10651,-47292
852,DIS,2020-08-28,0 days 15:59:50.821013,902750,135.58,135.54,900,1206,-10892,4845
853,DIS,2020-08-28,0 days 15:59:56.831247,903149,135.57,135.5,5700,1100,4196,-10188
854,DKS,2020-08-28,0 days 15:55:51.280347,104828,53.27,53.26,1848,800,145,-1750
855,DKS,2020-08-28,0 days 15:55:56.289060,104973,53.27,53.26,2015,839,-8367,145
856,DKS,2020-08-28,0 days 15:56:39.392627,114141,53.2,53.19,1502,618,199,-2601
857,DKS,2020-08-28,0 days 15:56:40.395393,110340,53.2,53.19,1324,818,-3801,199
858,DKS,2020-08-28,0 days 15:57:43.547708,116041,53.2,53.18,2014,4293,199,-601
859,DKS,2020-08-28,0 days 15:57:44.556797,112640,53.2,53.19,599,267,-3401,199
860,DKS,2020-08-28,0 days 15:58:00.593455,116041,53.21,53.19,2468,2560,66,-34
861,DKS,2020-08-28,0 days 15:58:01.596482,114235,53.21,53.2,1387,400,-1806,66
862,DKS,2020-08-28,0 days 15:59:05.756015,115965,53.22,53.21,1683,300,553,-1912
863,DKS,2020-08-28,0 days 15:59:09.764109,114100,53.24,53.22,1253,1030,-1865,1035
864,DKS,2020-08-28,0 days 15:59:40.834905,118958,53.22,53.18,1345,500,-729,2671
865,DKS,2020-08-28,0 days 15:59:45.847374,119687,53.2,53.15,1938,400,209,-729
866,DKS,2020-08-28,0 days 15:59:47.854119,119296,53.18,53.15,360,1657,-391,4309
867,DLPH,2020-08-28,0 days 15:59:40.931123,30912,17.71,17.7,5002,8941,-520,230
868,DLPH,2020-08-28,0 days 15:59:46.943471,30232,17.71,17.7,7536,8180,1865,-3220
869,DLPH,2020-08-28,0 days 15:59:49.957420,32097,17.71,17.7,1796,9001,-335,765
870,DLPH,2020-08-28,0 days 15:59:50.954633,28732,17.71,17.7,8064,8401,3365,-335
871,DOW,2020-08-28,0 days 15:57:39.627384,406190,46.16,46.15,464,2228,-1384,1898
872,DOW,2020-08-28,0 days 15:57:40.629405,402474,46.16,46.15,924,1712,3716,-1384
873,DOW,2020-08-28,0 days 15:57:43.635197,408190,46.16,46.15,330,1912,-984,298
874,DOW,2020-08-28,0 days 15:57:44.639638,403392,46.16,46.15,730,2235,4398,-984
875,DOW,2020-08-28,0 days 15:58:02.684148,408340,46.16,46.15,1550,1418,-300,618
876,DOW,2020-08-28,0 days 15:58:03.685830,404340,46.16,46.15,1175,1618,4000,-300
877,DOW,2020-08-28,0 days 15:59:12.855120,432295,46.16,46.15,300,1407,93,-907
878,DOW,2020-08-28,0 days 15:59:54.960613,504630,46.04,46.03,2875,2400,41,-1445
879,DRH,2020-08-28,0 days 15:55:29.224552,112555,5.62,5.61,13989,10246,-398,3802
880,DRH,2020-08-28,0 days 15:55:30.228569,109653,5.62,5.61,14189,10346,2902,-398
881,DRH,2020-08-28,0 days 15:59:45.847086,123832,5.62,5.61,20620,29530,-3168,1119
882,DRH,2020-08-28,0 days 15:59:46.853962,122500,5.62,5.61,27479,28871,2577,-3168
883,DRI,2020-08-28,0 days 15:56:13.483780,142924,89.94,89.93,436,1300,-240,143
884,DRI,2020-08-28,0 days 15:56:14.486665,140164,89.94,89.93,436,1300,2760,-240
885,DRI,2020-08-28,0 days 15:58:58.882095,155218,89.78,89.77,5920,3405,2859,-313
886,DRI,2020-08-28,0 days 15:59:09.910994,155060,89.95,89.92,400,700,-4091,1530
887,DRI,2020-08-28,0 days 15:59:10.911554,160323,89.9,89.88,700,100,3726,-4091
888,DRI,2020-08-28,0 days 15:59:30.957515,164949,89.81,89.78,687,3157,-1513,3587
889,DRI,2020-08-28,0 days 15:59:31.960011,163862,89.81,89.78,1472,4896,987,-1513
890,DRI,2020-08-28,0 days 15:59:32.962211,166349,89.8,89.79,777,200,-5413,987
891,DRI,2020-08-28,0 days 15:59:33.966001,165762,89.8,89.79,388,518,487,-5413
892,DRI,2020-08-28,0 days 15:59:35.970673,166349,89.8,89.79,1685,611,-646,487
893,DRI,2020-08-28,0 days 15:59:50.019909,166688,89.77,89.75,1719,5236,1948,-1152
894,DRI,2020-08-28,0 days 15:59:58.028159,165276,89.84,89.78,172,1250,-4612,429
895,DUK,2020-08-28,0 days 15:58:31.711953,282172,79.63,79.62,2970,2046,-1761,1839
896,DUK,2020-08-28,0 days 15:59:04.795420,284372,79.7,79.69,864,766,18189,-2166
897,DUK,2020-08-28,0 days 15:59:05.797064,280786,79.71,79.7,786,1514,-3586,18189
898,DUK,2020-08-28,0 days 15:59:06.801894,277180,79.72,79.71,300,1404,3917,-3586
899,DUK,2020-08-28,0 days 15:59:07.804541,275597,79.73,79.72,188,1393,-1583,3917
900,DUK,2020-08-28,0 days 15:59:10.811160,278233,79.77,79.75,600,3305,24482,-1554
901,DVN,2020-08-28,0 days 15:59:00.830007,195792,11.1,11.09,11247,34253,-15092,17856
902,DVN,2020-08-28,0 days 15:59:40.925456,239242,11.11,11.1,21783,36855,1615,-6485
903,ELAN,2020-08-28,0 days 15:55:00.811829,92663,29.29,29.28,1989,2798,5529,-7657
904,ELAN,2020-08-28,0 days 15:55:01.814525,91892,29.29,29.28,5332,2651,-771,5529
905,ELAN,2020-08-28,0 days 15:59:06.406741,213489,29.15,29.14,1505,6614,8407,-7598
906,ELAN,2020-08-28,0 days 15:59:07.404893,205984,29.15,29.14,2611,5772,-7505,8407
907,ELAN,2020-08-28,0 days 15:59:09.414726,213489,29.15,29.14,2311,4972,19407,-7505
908,ELAN,2020-08-28,0 days 15:59:10.412300,208696,29.15,29.14,1711,5777,-4793,19407
909,ELAN,2020-08-28,0 days 15:59:12.415374,214763,29.15,29.14,3511,1812,1563,-6067
910,ELAN,2020-08-28,0 days 15:59:15.422616,210514,29.15,29.14,2974,855,-4249,1763
911,ELAN,2020-08-28,0 days 15:59:23.440020,214763,29.13,29.12,800,14600,167,-133
912,ELAN,2020-08-28,0 days 15:59:46.495033,212552,29.13,29.12,2539,14200,-5128,9389
913,EMR,2020-08-28,0 days 15:55:00.156702,146132,70.65,70.64,708,100,4391,-2025
914,EMR,2020-08-28,0 days 15:57:34.526547,156897,70.62,70.61,1901,500,-95,605
915,EMR,2020-08-28,0 days 15:57:35.530293,156292,70.62,70.6,2101,1251,605,-95
916,EMR,2020-08-28,0 days 15:57:37.535920,156897,70.62,70.61,1401,701,-1195,605
917,EMR,2020-08-28,0 days 15:57:38.536279,155092,70.62,70.61,1471,901,1805,-1195
918,EMR,2020-08-28,0 days 15:57:41.545461,156897,70.64,70.62,1201,901,-595,305
919,EMR,2020-08-28,0 days 15:57:42.547335,155392,70.64,70.62,1232,653,1505,-595
920,EMR,2020-08-28,0 days 15:58:06.604659,156677,70.64,70.63,431,700,-113,622
921,EMR,2020-08-28,0 days 15:58:07.607235,155290,70.64,70.63,429,1838,1387,-113
922,EMR,2020-08-28,0 days 15:58:23.648319,156677,70.65,70.64,836,300,-13,1387
923,EMR,2020-08-28,0 days 15:58:28.657740,155290,70.65,70.64,238,759,1387,-213
924,EMR,2020-08-28,0 days 15:58:53.719978,158377,70.65,70.64,500,3197,-5313,1287
925,EMR,2020-08-28,0 days 15:58:54.721855,148020,70.65,70.64,848,2397,10357,-5313
926,EMR,2020-08-28,0 days 15:59:04.750055,158781,70.62,70.6,1444,400,-25631,283
927,EMR,2020-08-28,0 days 15:59:06.758733,189865,70.62,70.61,358,1120,2165,-28738
928,EMR,2020-08-28,0 days 15:59:07.765298,192030,70.63,70.62,1704,100,-635,2165
929,EMR,2020-08-28,0 days 15:59:08.759728,191265,70.62,70.61,1101,300,1748,-635
930,EMR,2020-08-28,0 days 15:59:13.769976,194568,70.63,70.62,1502,400,-1621,3379
931,EMR,2020-08-28,0 days 15:59:14.774850,193689,70.62,70.61,100,1021,879,-1621
932,ENB,2020-08-28,0 days 15:59:39.879670,108602,32.6,32.59,20953,8894,2136,-3864
933,ENB,2020-08-28,0 days 15:59:46.892472,106338,32.59,32.58,20407,6485,-4105,6336
934,ENLC,2020-08-28,0 days 15:57:42.501623,79505,3.04,3.03,23728,59873,5362,-1438
935,EOG,2020-08-28,0 days 15:59:27.847114,403099,46.2,46.19,373,1394,-430,1522
936,EOG,2020-08-28,0 days 15:59:34.865955,400833,46.21,46.2,1366,300,2266,-430
937,EOG,2020-08-28,0 days 15:59:44.887578,403099,46.23,46.22,1567,852,-959,1911
938,EOG,2020-08-28,0 days 15:59:50.904182,377520,46.23,46.22,731,837,26141,-334
939,EPD,2020-08-28,0 days 15:58:58.882207,144321,17.69,17.68,40912,3128,3411,-1989
940,EPD,2020-08-28,0 days 15:59:44.996264,161637,17.69,17.68,46561,1399,-6262,2248
941,EPD,2020-08-28,0 days 15:59:45.995250,161199,17.68,17.67,19986,19147,438,-6262
942,EPD,2020-08-28,0 days 15:59:46.996421,161637,17.68,17.67,18591,19032,-333,438
943,EPD,2020-08-28,0 days 15:59:49.004737,157770,17.68,17.67,20391,19369,3867,-333
944,EQH,2020-08-28,0 days 15:55:49.232776,158787,21.57,21.56,4267,3911,41,-1025
945,EQH,2020-08-28,0 days 15:56:10.284788,158854,21.58,21.57,3382,4252,-1992,67
946,EQH,2020-08-28,0 days 15:58:15.582860,163669,21.6,21.59,3866,5512,332,-2019
947,EQH,2020-08-28,0 days 15:58:16.584276,162101,21.6,21.59,3866,5512,-1568,332
948,EQH,2020-08-28,0 days 15:59:15.734006,170772,21.62,21.61,3321,1935,837,-819
949,EQH,2020-08-28,0 days 15:59:16.731175,169509,21.62,21.61,3767,4051,-63,837
950,EQH,2020-08-28,0 days 15:59:18.739029,170772,21.62,21.61,3467,5736,2212,-63
951,EQH,2020-08-28,0 days 15:59:19.740264,165784,21.62,21.61,3367,5736,-3788,2212
952,EQH,2020-08-28,0 days 15:59:35.782565,170772,21.62,21.61,4278,4557,2398,-2088
953,EQH,2020-08-28,0 days 15:59:36.785754,170270,21.62,21.61,1247,6838,-502,2398
954,EQH,2020-08-28,0 days 15:59:44.801713,173892,21.63,21.62,5496,3411,6314,-622
955,EQNR,2020-08-28,0 days 15:59:27.791713,24688,16.19,16.18,70677,32209,402,-1259
956,EQT,2020-08-28,0 days 15:59:06.711821,145469,16.03,16.02,9873,1756,-18056,3522
957,EQT,2020-08-28,0 days 15:59:07.719824,142571,16.02,16.01,9434,3705,2898,-18056
958,EQT,2020-08-28,0 days 15:59:31.772660,148725,16.03,16.02,6158,2372,-2708,692
959,EQT,2020-08-28,0 days 15:59:32.771720,141033,16.03,16.02,7258,2872,7092,-2708
960,EQT,2020-08-28,0 days 15:59:35.782709,148725,16.03,16.02,7802,3278,-1457,2392
961,EQT,2020-08-28,0 days 15:59:36.785888,143782,16.03,16.02,5802,8478,4343,-1457
962,EQT,2020-08-28,0 days 15:59:46.811044,147682,16.02,16.01,11911,1952,3751,-8957
963,EROS,2020-08-28,0 days 15:55:00.811690,30684,3.18,3.17,22010,5084,-3903,5860
964,EROS,2020-08-28,0 days 15:55:01.814405,29887,3.18,3.17,22010,5084,797,-3903
965,EROS,2020-08-28,0 days 15:57:53.214416,31039,3.18,3.17,20400,4618,-5448,7694
966,EROS,2020-08-28,0 days 15:57:54.216609,30287,3.18,3.17,22310,4015,694,-5448
967,EROS,2020-08-28,0 days 15:59:01.381615,30981,3.18,3.17,14881,21635,-5245,6755
968,EROS,2020-08-28,0 days 15:59:02.385542,30426,3.18,3.17,15898,21660,555,-5245
969,EROS,2020-08-28,0 days 15:59:03.393773,30981,3.18,3.17,15381,21360,-1051,555
970,EROS,2020-08-28,0 days 15:59:04.396922,30532,3.18,3.17,22154,3647,449,-1051
971,EROS,2020-08-28,0 days 15:59:06.406608,31039,3.17,3.16,8213,24373,-2546,449
972,EROS,2020-08-28,0 days 15:59:07.404820,28985,3.17,3.16,19492,19472,1996,-2546
973,EROS,2020-08-28,0 days 15:59:36.472049,30981,3.18,3.17,20783,12400,-904,1596
974,EROS,2020-08-28,0 days 15:59:37.473096,30785,3.17,3.16,24202,13316,196,-904
975,ESRT,2020-08-28,0 days 15:55:29.269091,111086,6.32,6.31,19757,12035,-2609,1391
976,ESRT,2020-08-28,0 days 15:55:30.273147,109395,6.32,6.31,19659,12378,1691,-2609
977,ESRT,2020-08-28,0 days 15:59:11.813532,166690,6.33,6.32,6823,24245,-7979,8408
978,ESRT,2020-08-28,0 days 15:59:12.812702,151467,6.33,6.32,8223,21835,14823,-7979
979,ESRT,2020-08-28,0 days 15:59:45.890940,167290,6.34,6.33,15563,27009,-2961,1788
980,ESTC,2020-08-28,0 days 15:56:33.351574,36298,110.19,110.15,170,101,21,-132
981,ESTC,2020-08-28,0 days 15:56:34.353221,35419,110.19,110.12,1280,369,-879,21
982,ESTC,2020-08-28,0 days 15:58:00.567258,35174,110.54,110.48,100,702,353,-671
983,ESTC,2020-08-28,0 days 15:58:01.567530,34420,110.54,110.48,200,802,-754,353
984,ESTC,2020-08-28,0 days 15:59:45.821178,40364,110.31,110.26,680,498,957,-526
985,ESTC,2020-08-28,0 days 15:59:46.827240,40121,110.31,110.26,1250,302,-397,957
986,ET,2020-08-28,0 days 15:59:17.926593,233527,6.61,6.6,131619,52965,-849,5279
987,ET,2020-08-28,0 days 15:59:49.004138,224376,6.6,6.59,113117,58401,9151,-2749
988,ETRN,2020-08-28,0 days 15:56:30.471286,150937,10.43,10.42,5141,14497,-1546,154
989,ETRN,2020-08-28,0 days 15:56:31.473535,147583,10.43,10.42,5141,14497,3354,-1546
990,ETRN,2020-08-28,0 days 15:58:20.741693,150970,10.42,10.41,4851,12065,-1804,3222
991,ETRN,2020-08-28,0 days 15:58:21.742511,147948,10.42,10.41,4551,12565,3022,-1804
992,ETRN,2020-08-28,0 days 15:59:45.939552,154748,10.43,10.42,16709,13063,-7153,573
993,ETRN,2020-08-28,0 days 15:59:46.943129,155775,10.43,10.42,20409,6392,1564,-7153
994,EURN,2020-08-28,0 days 15:55:00.143623,38790,9.2,9.19,11837,14287,-909,19913
995,EURN,2020-08-28,0 days 15:55:01.147863,37899,9.2,9.19,15037,16587,891,-909
996,EVRG,2020-08-28,0 days 15:59:40.834905,200882,53.04,53.02,713,1975,-3151,793
997,EVRG,2020-08-28,0 days 15:59:41.838395,200333,53.04,53.03,231,1797,549,-3151
998,EVRG,2020-08-28,0 days 15:59:54.878303,195638,53.0,52.99,571,300,6469,-2768
999,EW,2020-08-28,0 days 15:55:00.812305,179150,84.36,84.34,661,501,31366,-31569
1000,EW,2020-08-28,0 days 15:56:25.012029,210779,84.32,84.31,203,100,-643,1064
1001,EW,2020-08-28,0 days 15:56:26.015113,209722,84.32,84.3,203,801,1057,-643
1002,EW,2020-08-28,0 days 15:57:33.167235,212891,84.35,84.34,348,659,-1017,1083
1003,EW,2020-08-28,0 days 15:57:34.169549,211608,84.34,84.33,331,205,1283,-1017
1004,EW,2020-08-28,0 days 15:57:35.170770,212891,84.34,84.31,533,442,-1117,1283
1005,EW,2020-08-28,0 days 15:57:36.172975,212008,84.33,84.31,100,442,883,-1117
1006,EW,2020-08-28,0 days 15:57:37.176372,212891,84.33,84.31,363,342,-517,883
1007,EW,2020-08-28,0 days 15:57:38.178015,212108,84.33,84.31,533,442,783,-517
1008,EW,2020-08-28,0 days 15:58:04.243438,210066,84.36,84.35,589,200,-302,3898
1009,EW,2020-08-28,0 days 15:58:05.244461,209468,84.36,84.35,597,100,598,-302
1010,EW,2020-08-28,0 days 15:58:12.262159,210066,84.35,84.34,300,385,-1396,1804
1011,EW,2020-08-28,0 days 15:58:13.266573,209753,84.36,84.33,631,900,313,-1396
1012,EW,2020-08-28,0 days 15:58:14.269195,210066,84.37,84.36,230,300,-66,313
1013,EW,2020-08-28,0 days 15:58:15.272844,210032,84.37,84.36,432,100,34,-66
1014,EW,2020-08-28,0 days 15:58:17.273102,210066,84.39,84.37,202,459,-2566,334
1015,EW,2020-08-28,0 days 15:58:18.275167,209732,84.39,84.37,202,459,334,-2566
1016,EW,2020-08-28,0 days 15:58:55.367086,212864,84.35,84.34,410,220,631,-969
1017,EW,2020-08-28,0 days 15:59:02.385804,214031,84.36,84.34,335,100,-3060,566
1018,EW,2020-08-28,0 days 15:59:08.407075,251085,84.37,84.34,541,600,500,-24726
1019,EW,2020-08-28,0 days 15:59:14.421829,251685,84.37,84.36,333,200,-661,413
1020,EW,2020-08-28,0 days 15:59:15.422808,250372,84.36,84.34,238,1402,1313,-661
1021,EW,2020-08-28,0 days 15:59:18.428696,251685,84.35,84.34,722,588,-2218,313
1022,EW,2020-08-28,0 days 15:59:33.464594,251803,84.35,84.32,770,899,461,-639
1023,EW,2020-08-28,0 days 15:59:34.466703,252264,84.35,84.32,1067,899,-1039,461
1024,EXK,2020-08-28,0 days 15:59:36.472453,36628,4.09,4.08,164310,100505,-14519,18181
1025,EXK,2020-08-28,0 days 15:59:37.473460,36147,4.09,4.08,164910,98805,481,-14519
1026,F,2020-08-28,0 days 15:59:15.870134,1936153,6.95,6.94,1072578,1130893,92748,-327636
1027,FCX,2020-08-28,0 days 15:55:21.207536,500503,15.64,15.63,3340,72102,763,-10476
1028,FCX,2020-08-28,0 days 15:57:14.477129,509031,15.65,15.64,19283,59649,-13708,8492
1029,FCX,2020-08-28,0 days 15:59:04.750178,522519,15.66,15.65,11669,70417,9852,-4858
1030,FCX,2020-08-28,0 days 15:59:19.787623,641373,15.67,15.66,44479,53114,2330,-5270
1031,FCX,2020-08-28,0 days 15:59:35.824518,643603,15.67,15.66,92513,33888,-108,1630
1032,FCX,2020-08-28,0 days 15:59:39.834457,625911,15.66,15.65,13707,80129,17692,-108
1033,FCX,2020-08-28,0 days 15:59:44.847031,643603,15.67,15.66,125940,34357,-6358,1292
1034,FDX,2020-08-28,0 days 15:58:54.364257,77595,222.11,222.03,1321,240,-800,21
1035,FDX,2020-08-28,0 days 15:58:55.366875,76995,222.09,222.02,400,103,600,-800
1036,FDX,2020-08-28,0 days 15:59:10.412271,85078,222.1,222.09,300,200,-68,57
1037,FDX,2020-08-28,0 days 15:59:19.429834,85187,222.11,222.09,229,535,1691,-109
1038,FDX,2020-08-28,0 days 15:59:20.433525,85530,222.16,222.11,322,399,-206,1691
1039,FDX,2020-08-28,0 days 15:59:36.472195,86036,222.24,222.22,325,110,1279,-481
1040,FDX,2020-08-28,0 days 15:59:50.507680,84615,221.9,221.78,250,1355,-882,659
1041,FE,2020-08-28,0 days 15:59:15.864490,477859,28.31,28.3,952,3808,13436,-116044
1042,FE,2020-08-28,0 days 15:59:16.866518,476136,28.33,28.32,2375,100,-38323,13436
1043,FHN,2020-08-28,0 days 15:57:43.547598,142858,9.72,9.71,61975,19611,386,-1513
1044,FHN,2020-08-28,0 days 15:57:44.556679,140344,9.72,9.71,59824,21211,-2514,386
1045,FHN,2020-08-28,0 days 15:58:01.596366,135161,9.72,9.71,67237,21546,4090,-3607
1046,FHN,2020-08-28,0 days 15:58:02.598894,119051,9.72,9.71,65737,24346,-16110,4090
1047,FHN,2020-08-28,0 days 15:59:01.744508,140021,9.72,9.71,41525,22000,13722,-18800
1048,FHN,2020-08-28,0 days 15:59:02.743264,138958,9.72,9.71,38925,24800,-1063,13722
1049,FHN,2020-08-28,0 days 15:59:04.750201,140021,9.72,9.71,42475,23200,4937,-1063
1050,FHN,2020-08-28,0 days 15:59:05.755858,126858,9.72,9.71,40781,24516,-13163,4937
1051,FHN,2020-08-28,0 days 15:59:07.765412,142204,9.72,9.71,36902,23191,754,-3246
1052,FHN,2020-08-28,0 days 15:59:08.759843,141058,9.72,9.71,30282,27692,-1146,754
1053,FHN,2020-08-28,0 days 15:59:31.820318,147077,9.73,9.72,55545,53318,282,-1777
1054,FHN,2020-08-28,0 days 15:59:45.847137,147136,9.74,9.73,43635,37342,557,-943
1055,FHN,2020-08-28,0 days 15:59:48.854093,146293,9.74,9.73,38735,39239,-843,557
1056,FIS,2020-08-28,0 days 15:55:00.199075,244146,152.09,152.07,200,115,11589,-33882
1057,FIS,2020-08-28,0 days 15:55:01.202549,242435,152.09,152.03,600,660,-1653,11589
1058,FIS,2020-08-28,0 days 15:55:17.240574,244088,152.02,152.0,100,247,401,-719
1059,FIS,2020-08-28,0 days 15:55:18.243168,242589,152.03,152.0,400,246,-1499,401
1060,FIS,2020-08-28,0 days 15:56:52.468447,251945,152.09,152.07,320,896,664,-1482
1061,FIS,2020-08-28,0 days 15:56:53.472424,250209,152.09,152.07,521,897,-1678,664
1062,FIS,2020-08-28,0 days 15:58:33.715293,278529,152.24,152.21,482,990,141,-3259
1063,FIS,2020-08-28,0 days 15:58:36.723837,271770,152.22,152.19,482,1005,-6759,1641
1064,FIS,2020-08-28,0 days 15:59:04.795222,291295,152.22,152.19,208,702,605,-10114
1065,FIS,2020-08-28,0 days 15:59:05.796796,285700,152.23,152.2,700,500,-3296,605
1066,FIS,2020-08-28,0 days 15:59:10.810879,289688,152.28,152.26,100,200,684,-151
1067,FIS,2020-08-28,0 days 15:59:11.813596,289272,152.28,152.26,249,301,-416,684
1068,FIS,2020-08-28,0 days 15:59:16.821999,289688,152.28,152.25,339,411,2984,-4116
1069,FIS,2020-08-28,0 days 15:59:17.821805,289272,152.28,152.26,309,400,-4116,2984
1070,FIS,2020-08-28,0 days 15:59:22.833656,293987,152.32,152.31,300,300,-132,868
1071,FIS,2020-08-28,0 days 15:59:27.847059,297541,152.33,152.31,115,400,351,-232
1072,FIS,2020-08-28,0 days 15:59:28.849343,297292,152.36,152.33,200,300,-349,351
1073,FIS,2020-08-28,0 days 15:59:31.857050,294119,152.31,152.28,300,200,3241,-249
1074,FIS,2020-08-28,0 days 15:59:34.865830,302360,152.25,152.22,400,248,-716,3941
1075,FIS,2020-08-28,0 days 15:59:41.882978,302608,152.3,152.26,424,510,-468,3032
1076,FIS,2020-08-28,0 days 15:59:46.892236,306976,152.31,152.27,722,800,743,-4575
1077,FIT,2020-08-28,0 days 15:55:00.255138,86874,6.44,6.43,27628,39025,5560,-3084
1078,FIT,2020-08-28,0 days 15:57:09.565644,93407,6.44,6.43,37928,37466,-347,1453
1079,FIT,2020-08-28,0 days 15:58:48.809390,93754,6.44,6.43,48598,39431,324,-347
1080,FIT,2020-08-28,0 days 15:58:58.833354,94078,6.44,6.43,43037,39614,-1647,324
1081,FNF,2020-08-28,0 days 15:57:53.572486,110571,33.45,33.44,1640,375,11182,-7118
1082,FNF,2020-08-28,0 days 15:59:27.806546,115408,33.46,33.45,301,1075,-20,159
1083,FNF,2020-08-28,0 days 15:59:28.808214,115428,33.46,33.45,301,1100,180,-20
1084,FRO,2020-08-28,0 days 15:59:06.801387,126959,7.86,7.85,9370,13901,-473,2255
1085,FRO,2020-08-28,0 days 15:59:08.802712,134032,7.86,7.85,11170,8600,927,-473
1086,FRO,2020-08-28,0 days 15:59:09.808612,133159,7.86,7.85,10370,9200,-873,927
1087,FSLY,2020-08-28,0 days 15:58:02.238388,91348,94.53,94.48,252,275,-2949,10834
1088,FSLY,2020-08-28,0 days 15:58:03.239567,87997,94.52,94.47,375,200,3351,-2949
1089,FSLY,2020-08-28,0 days 15:59:06.406741,91371,94.58,94.54,926,464,-826,255
1090,FSLY,2020-08-28,0 days 15:59:07.404893,104797,94.58,94.54,926,464,3479,-826
1091,FSM,2020-08-28,0 days 15:58:00.593488,48618,7.13,7.12,59490,54810,-3222,14189
1092,FSM,2020-08-28,0 days 15:58:04.600272,47840,7.13,7.12,44231,76160,778,-3222
1093,FSM,2020-08-28,0 days 15:58:12.618906,48618,7.13,7.12,26382,86551,-2922,778
1094,FSM,2020-08-28,0 days 15:59:11.769964,69085,7.12,7.11,121555,8964,1344,-252
1095,FTI,2020-08-28,0 days 15:57:13.435582,207219,7.79,7.78,48435,29103,-5413,1687
1096,FTI,2020-08-28,0 days 15:58:01.551987,210370,7.8,7.79,29562,59992,949,-3772
1097,FTI,2020-08-28,0 days 15:58:02.553809,205619,7.8,7.79,26758,59192,-4751,949
1098,FTI,2020-08-28,0 days 15:58:48.662188,210370,7.8,7.79,25390,78960,1901,-5543
1099,FTI,2020-08-28,0 days 15:58:49.664577,206071,7.8,7.79,24190,80483,-4299,1901
1100,FTI,2020-08-28,0 days 15:59:06.711619,210370,7.81,7.8,73594,10292,30681,-437
1101,FTI,2020-08-28,0 days 15:59:07.719674,204951,7.81,7.8,69687,29193,-5658,30681
1102,FTI,2020-08-28,0 days 15:59:10.720170,211017,7.81,7.8,78646,9938,6775,-6066
1103,FTI,2020-08-28,0 days 15:59:11.722882,217792,7.81,7.8,74646,9293,-1348,6775
1104,FTI,2020-08-28,0 days 15:59:19.740242,222540,7.81,7.8,64387,17187,604,-1648
1105,FTV,2020-08-28,0 days 15:55:58.255310,191312,72.78,72.77,1019,455,-412,52
1106,FTV,2020-08-28,0 days 15:59:25.755314,238755,72.79,72.78,216,319,-1824,476
1107,FTV,2020-08-28,0 days 15:59:27.757415,240579,72.79,72.77,150,933,248,-1824
1108,FTV,2020-08-28,0 days 15:59:35.782667,240044,72.8,72.79,102,485,-635,3265
1109,FTV,2020-08-28,0 days 15:59:46.810944,240779,72.8,72.77,2838,500,2132,-5937
1110,FTV,2020-08-28,0 days 15:59:47.811148,240611,72.8,72.77,2738,300,-2504,2132
1111,GE,2020-08-28,0 days 15:55:00.128317,2276184,6.6,6.59,698068,485363,179113,-451125
1112,GE,2020-08-28,0 days 15:59:01.715436,2446736,6.62,6.61,800788,553621,-197020,246766
1113,GE,2020-08-28,0 days 15:59:02.716719,2363224,6.62,6.61,814705,564613,48112,-197020
1114,GE,2020-08-28,0 days 15:59:11.739192,2417619,6.62,6.61,726701,588766,-119403,16038
1115,GE,2020-08-28,0 days 15:59:15.748430,2537022,6.62,6.61,744318,602643,158962,-119403
1116,GFI,2020-08-28,0 days 15:58:01.596515,98965,13.4,13.39,27796,19020,-1288,2312
1117,GFI,2020-08-28,0 days 15:59:05.756036,105599,13.39,13.38,20712,18856,6261,-4191
1118,GFI,2020-08-28,0 days 15:59:46.854167,123370,13.38,13.37,23661,46538,-1496,7722
1119,GFI,2020-08-28,0 days 15:59:47.854119,122966,13.38,13.37,22961,46615,404,-1496
1120,GGB,2020-08-28,0 days 15:56:26.015157,17044,3.62,3.61,322975,148747,1608,-6254
1121,GIS,2020-08-28,0 days 15:55:56.279087,262481,63.43,63.42,1833,4245,11154,-2146
1122,GIS,2020-08-28,0 days 15:55:57.279617,260638,63.44,63.43,4715,1702,-1843,11154
1123,GIS,2020-08-28,0 days 15:56:18.329955,262481,63.43,63.42,3861,2508,1091,-809
1124,GIS,2020-08-28,0 days 15:56:19.332975,261596,63.43,63.42,3514,2608,-1100,1091
1125,GIS,2020-08-28,0 days 15:57:28.499275,264140,63.44,63.43,4363,4538,456,-444
1126,GIS,2020-08-28,0 days 15:57:29.501850,262696,63.44,63.43,4263,4410,-1444,456
1127,GIS,2020-08-28,0 days 15:58:09.601028,299759,63.42,63.41,878,3797,2172,-3257
1128,GIS,2020-08-28,0 days 15:58:22.632226,291531,63.41,63.4,879,1452,-4298,302
1129,GIS,2020-08-28,0 days 15:58:30.653950,295829,63.42,63.4,2104,3353,688,-486
1130,GIS,2020-08-28,0 days 15:58:31.654212,292517,63.41,63.4,200,3253,-3312,688
1131,GIS,2020-08-28,0 days 15:58:53.708524,295829,63.4,63.39,1804,1175,3188,-1998
1132,GIS,2020-08-28,0 days 15:58:54.709680,292959,63.4,63.39,1825,1575,-2556,3188
1133,GIS,2020-08-28,0 days 15:59:00.730227,274253,63.4,63.39,1394,1834,20452,-4117
1134,GIS,2020-08-28,0 days 15:59:01.731577,257454,63.42,63.41,3476,739,-26913,20452
1135,GIS,2020-08-28,0 days 15:59:02.732058,274560,63.42,63.41,2400,100,5220,-26913
1136,GIS,2020-08-28,0 days 15:59:03.734015,273680,63.42,63.41,3500,350,-880,5220
1137,GIS,2020-08-28,0 days 15:59:15.766773,275653,63.41,63.4,1000,1869,31790,-498
1138,GIS,2020-08-28,0 days 15:59:19.773961,299858,63.41,63.4,1213,1935,211,-903
1139,GIS,2020-08-28,0 days 15:59:44.833319,305249,63.42,63.41,2812,200,-399,926
1140,GLW,2020-08-28,0 days 15:59:27.893568,431218,32.69,32.68,9871,3460,-6431,3706
1141,GLW,2020-08-28,0 days 15:59:28.893760,428349,32.69,32.68,12310,2360,10716,-6431
1142,GLW,2020-08-28,0 days 15:59:46.941471,443519,32.66,32.65,14643,942,4575,-6375
1143,GM,2020-08-28,0 days 15:59:15.777566,681539,30.04,30.03,8989,24819,34956,-41868
1144,GM,2020-08-28,0 days 15:59:16.778546,667595,30.05,30.04,27166,2451,-11944,34956
1145,GM,2020-08-28,0 days 15:59:19.787569,687674,30.04,30.03,11651,22763,777,-2951
1146,GM,2020-08-28,0 days 15:59:48.854047,688171,30.04,30.03,18665,28610,-4330,13070
1147,GME,2020-08-28,0 days 15:59:01.696917,58881,5.4,5.39,27714,13872,31,-2913
1148,GME,2020-08-28,0 days 15:59:05.705691,58912,5.4,5.39,15092,16372,-369,31
1149,GOLD,2020-08-28,0 days 15:55:50.235640,278235,29.19,29.18,33400,16864,-5232,2368
1150,GOLD,2020-08-28,0 days 15:55:51.241888,275966,29.19,29.18,27100,25963,2269,-5232
1151,GOLD,2020-08-28,0 days 15:57:02.409373,272966,29.2,29.19,23933,43944,2109,-891
1152,GOLD,2020-08-28,0 days 15:57:11.430847,273655,29.22,29.21,19357,35100,624,-1267
1153,GOLD,2020-08-28,0 days 15:57:14.438357,275275,29.22,29.21,21157,40820,-3667,8424
1154,GOLD,2020-08-28,0 days 15:57:15.442372,273755,29.22,29.21,20059,42997,724,-3667
1155,GOLD,2020-08-28,0 days 15:57:40.497137,274479,29.23,29.22,44460,16191,-76,724
1156,GOLD,2020-08-28,0 days 15:57:41.500064,266655,29.23,29.22,21400,31691,7624,-76
1157,GOLD,2020-08-28,0 days 15:59:18.739199,287744,29.22,29.21,70783,3142,-748,7043
1158,GOLD,2020-08-28,0 days 15:59:19.740435,285605,29.22,29.21,69283,3240,1343,-748
1159,GPK,2020-08-28,0 days 15:59:08.746961,371602,14.43,14.42,11576,26731,1576,-18524
1160,GPK,2020-08-28,0 days 15:59:11.755378,373978,14.43,14.42,12763,27585,-8602,2376
1161,GPK,2020-08-28,0 days 15:59:12.756226,382580,14.43,14.42,13463,26063,380,-8602
1162,GPK,2020-08-28,0 days 15:59:42.827931,401663,14.46,14.45,28087,11349,-716,707
1163,GPK,2020-08-28,0 days 15:59:46.841114,418757,14.45,14.44,37620,6458,8293,-11494
1164,GPK,2020-08-28,0 days 15:59:48.842757,443640,14.45,14.44,30662,20003,-6960,13622
1165,GPK,2020-08-28,0 days 15:59:49.845419,442900,14.45,14.44,27969,23107,1530,-6960
1166,GPS,2020-08-28,0 days 15:56:23.455154,375805,17.49,17.48,5200,3431,6298,-18802
1167,GPS,2020-08-28,0 days 15:56:24.457440,372349,17.49,17.48,4400,6196,-2456,6298
1168,GPS,2020-08-28,0 days 15:58:07.710505,430917,17.48,17.47,6203,10459,2638,-21762
1169,GPS,2020-08-28,0 days 15:58:08.712204,422655,17.48,17.47,10881,11441,-6762,2638
1170,GS,2020-08-28,0 days 15:59:59.889962,1056341,207.51,207.48,1643,32091,38589,-1595
1171,GSK,2020-08-28,0 days 15:59:25.755365,82946,39.61,39.6,5847,12542,8073,-1927
1172,GSK,2020-08-28,0 days 15:59:26.758724,81719,39.61,39.6,5279,13842,-1227,8073
1173,GSX,2020-08-28,0 days 15:58:54.767666,16735,81.7,81.64,100,1221,815,-1285
1174,GSX,2020-08-28,0 days 15:58:55.769767,16550,81.7,81.64,100,1221,-185,815
1175,GSX,2020-08-28,0 days 15:59:46.892071,27040,81.64,81.61,500,137,498,-224
1176,GSX,2020-08-28,0 days 15:59:47.894216,26438,81.64,81.61,500,137,-602,498
1177,HAL,2020-08-28,0 days 15:55:49.260647,394738,16.28,16.27,57069,11546,-427,7179
1178,HAL,2020-08-28,0 days 15:56:02.294330,387576,16.28,16.27,51176,11867,7454,-152
1179,HAL,2020-08-28,0 days 15:57:09.454294,395499,16.26,16.25,16358,33881,-284,6123
1180,HAL,2020-08-28,0 days 15:57:34.515626,391783,16.27,16.26,46497,22831,4740,-260
1181,HAL,2020-08-28,0 days 15:57:36.520077,396523,16.27,16.26,44897,24331,-3060,840
1182,HAL,2020-08-28,0 days 15:57:37.523408,392683,16.27,16.26,44097,22731,3840,-3060
1183,HAL,2020-08-28,0 days 15:57:40.529324,396223,16.27,16.26,47697,21050,-460,3440
1184,HAL,2020-08-28,0 days 15:57:42.533981,392831,16.27,16.26,54524,15015,3392,-2360
1185,HAL,2020-08-28,0 days 15:58:12.608007,396587,16.28,16.27,36176,26756,-25791,272
1186,HAL,2020-08-28,0 days 15:58:13.609969,394578,16.28,16.27,43770,19556,2009,-25791
1187,HAL,2020-08-28,0 days 15:58:19.625123,396587,16.28,16.27,26376,43874,-1491,2009
1188,HAL,2020-08-28,0 days 15:58:20.629878,394578,16.28,16.27,54037,15494,2009,-1491
1189,HAL,2020-08-28,0 days 15:58:24.637742,396487,16.28,16.27,62272,4075,-1791,2009
1190,HAL,2020-08-28,0 days 15:58:25.639628,394478,16.28,16.27,64575,3930,2009,-1791
1191,HAL,2020-08-28,0 days 15:59:05.740592,399810,16.28,16.27,55053,33715,36,-1018
1192,HAL,2020-08-28,0 days 15:59:07.753584,454713,16.28,16.27,53317,28176,-104201,48072
1193,HAL,2020-08-28,0 days 15:59:10.753184,464314,16.27,16.26,30220,39845,899,-5201
1194,HAL,2020-08-28,0 days 15:59:12.755927,465313,16.27,16.26,43969,32625,-725,475
1195,HAL,2020-08-28,0 days 15:59:13.758794,464438,16.27,16.26,32474,37725,875,-725
1196,HAL,2020-08-28,0 days 15:59:17.766235,465513,16.27,16.26,48443,11529,-1025,475
1197,HAL,2020-08-28,0 days 15:59:18.770319,464838,16.27,16.26,48343,14144,675,-1025
1198,HAL,2020-08-28,0 days 15:59:28.793455,478873,16.27,16.26,44865,16644,1130,-10670
1199,HAL,2020-08-28,0 days 15:59:38.820802,496197,16.27,16.26,11025,61668,-8276,2872
1200,HAL,2020-08-28,0 days 15:59:40.822461,494766,16.27,16.26,15577,58057,1431,-2269
1201,HAL,2020-08-28,0 days 15:59:44.833201,496197,16.28,16.27,51060,18908,-7569,1031
1202,HAL,2020-08-28,0 days 15:59:46.840890,495752,16.27,16.26,19999,56501,445,-1955
1203,HBI,2020-08-28,0 days 15:55:00.157850,126902,15.72,15.71,7449,12634,3257,-373
1204,HBI,2020-08-28,0 days 15:57:32.522213,130340,15.72,15.71,17048,6570,1772,-428
1205,HBI,2020-08-28,0 days 15:57:40.542613,132112,15.72,15.71,8248,17942,-328,4972
1206,HBI,2020-08-28,0 days 15:57:41.545682,130740,15.72,15.71,9748,16242,1372,-328
1207,HBI,2020-08-28,0 days 15:58:35.676569,133944,15.72,15.71,22482,3434,-1900,100
1208,HBI,2020-08-28,0 days 15:58:38.682648,130744,15.72,15.71,20792,9963,800,-400
1209,HBI,2020-08-28,0 days 15:59:07.765625,153831,15.72,15.71,8740,17746,-4632,44
1210,HD,2020-08-28,0 days 15:50:09.423122,280492,286.42,286.34,830,125,811,-236
1211,HFC,2020-08-28,0 days 15:56:01.306343,212179,25.82,25.8,1475,2275,1166,-15234
1212,HFC,2020-08-28,0 days 15:56:02.307702,205545,25.82,25.8,1816,2275,-6634,1166
1213,HIG,2020-08-28,0 days 15:55:00.812856,118878,41.51,41.5,2029,3573,-29712,39071
1214,HIG,2020-08-28,0 days 15:55:01.814893,117490,41.5,41.48,1574,1322,1388,-29712
1215,HIG,2020-08-28,0 days 15:56:02.960338,120818,41.51,41.49,510,1890,-6970,739
1216,HIG,2020-08-28,0 days 15:56:53.083687,125924,41.48,41.47,1470,1361,1765,-235
1217,HIG,2020-08-28,0 days 15:56:54.082736,125689,41.48,41.47,759,1852,-235,1765
1218,HIG,2020-08-28,0 days 15:57:10.123552,125102,41.51,41.5,1796,1570,12425,-213
1219,HIG,2020-08-28,0 days 15:57:45.197082,137908,41.52,41.51,1986,441,-630,1670
1220,HIG,2020-08-28,0 days 15:57:46.198303,136738,41.52,41.51,1986,441,1170,-630
1221,HIG,2020-08-28,0 days 15:58:23.288328,138575,41.54,41.53,1931,108,-744,656
1222,HIG,2020-08-28,0 days 15:58:24.291942,138419,41.53,41.51,1452,800,156,-744
1223,HIG,2020-08-28,0 days 15:58:54.364435,155975,41.52,41.51,933,5712,-4566,238
1224,HIG,2020-08-28,0 days 15:59:01.382006,148205,41.53,41.52,1763,905,10437,-2481
1225,HIG,2020-08-28,0 days 15:59:02.385871,147442,41.54,41.53,843,851,-763,10437
1226,HIG,2020-08-28,0 days 15:59:06.407119,148228,41.55,41.54,861,1200,11334,-852
1227,HIG,2020-08-28,0 days 15:59:18.428792,160144,41.55,41.53,1599,1213,-1376,9714
1228,HIG,2020-08-28,0 days 15:59:42.486370,164475,41.49,41.48,704,878,1869,-331
1229,HIG,2020-08-28,0 days 15:59:44.491390,164344,41.51,41.5,700,100,-131,169
