,Symbol,Timestamp,TIME,iPaired,Ask_P,Bid_P,Ask_S,Bid_S,iShares,PreviShares
0,AA,2020-09-09,0 days 15:56:47.257704,116389,14.1,14.09,13673,7243,1686,-114
1,AA,2020-09-09,0 days 15:56:48.257825,113575,14.1,14.09,13217,9143,-2814,1686
2,AA,2020-09-09,0 days 15:57:18.259298,116389,14.1,14.09,6370,19705,12786,-3414
3,AA,2020-09-09,0 days 15:57:19.259707,115275,14.1,14.09,4323,22605,-1114,12786
4,AA,2020-09-09,0 days 15:58:12.252061,122405,14.1,14.09,6470,19790,355,-1145
5,AA,2020-09-09,0 days 15:58:13.251331,120660,14.1,14.09,6974,22690,-1745,355
6,AA,2020-09-09,0 days 15:59:17.251307,142463,14.11,14.1,11349,9945,884,-1047
7,AA,2020-09-09,0 days 15:59:18.252228,141947,14.11,14.1,10449,14111,-516,884
8,AA,2020-09-09,0 days 15:59:45.252738,142463,14.11,14.1,19189,13980,6462,-285
9,ABB,2020-09-09,0 days 15:56:30.247714,25192,26.4,26.39,9618,21994,439,-1051
10,ABB,2020-09-09,0 days 15:57:28.247407,25631,26.4,26.39,18984,20244,-217,46
11,ABB,2020-09-09,0 days 15:59:36.251653,32015,26.39,26.38,8702,36332,-39,2561
12,ABB,2020-09-09,0 days 15:59:45.252588,32054,26.39,26.38,11899,34317,661,-39
13,ABB,2020-09-09,0 days 15:59:46.252333,32715,26.39,26.38,16294,31496,-328,661
14,ABBV,2020-09-09,0 days 15:59:23.240208,566410,91.7,91.69,500,1606,5752,-2722
15,ABBV,2020-09-09,0 days 15:59:25.239531,568362,91.71,91.7,200,814,-316,4352
16,ABBV,2020-09-09,0 days 15:59:27.238883,569266,91.7,91.69,200,1148,2052,-816
17,ABEV,2020-09-09,0 days 15:59:06.251847,136468,2.33,2.32,901584,1541317,10337,-47592
18,ABEV,2020-09-09,0 days 15:59:07.251262,146805,2.33,2.32,864613,1559617,-11499,10337
19,ABEV,2020-09-09,0 days 15:59:36.252297,159934,2.33,2.32,220610,1634627,7653,-11017
20,ABEV,2020-09-09,0 days 15:59:39.251959,157687,2.33,2.32,133135,1633660,-617,983
21,ABEV,2020-09-09,0 days 15:59:46.253329,159934,2.34,2.33,1239552,1106765,5653,-617
22,ABEV,2020-09-09,0 days 15:59:47.253034,159687,2.34,2.33,1238052,1106747,-247,5653
23,ABT,2020-09-09,0 days 15:59:37.252192,552023,105.77,105.74,100,935,1671,-7229
24,ABT,2020-09-09,0 days 15:59:49.252526,555397,105.79,105.78,700,549,-3726,10029
25,ACI,2020-09-09,0 days 15:55:00.238964,15713,13.93,13.92,1787,804,1231,-6457
26,ACI,2020-09-09,0 days 15:57:10.245423,17584,13.94,13.93,2620,1951,-880,1240
27,ACI,2020-09-09,0 days 15:57:23.245799,18694,13.92,13.91,919,200,690,-880
28,ACI,2020-09-09,0 days 15:59:07.251308,20599,13.87,13.86,1263,1300,-70,330
29,ACI,2020-09-09,0 days 15:59:08.250618,20269,13.87,13.86,1263,1300,330,-70
30,ACN,2020-09-09,0 days 15:58:15.248457,291202,239.27,239.19,225,340,585,-2315
31,ACN,2020-09-09,0 days 15:58:16.248066,289387,239.31,239.23,225,433,-1815,585
32,ACN,2020-09-09,0 days 15:58:18.248406,291202,239.28,239.2,125,225,485,-1815
33,ACN,2020-09-09,0 days 15:58:19.247825,289387,239.29,239.2,233,433,-1815,485
34,ACN,2020-09-09,0 days 15:58:58.252438,291612,239.03,238.96,200,1022,6969,-1465
35,ACN,2020-09-09,0 days 15:58:59.251230,290981,239.02,238.97,125,301,-631,6969
36,ACN,2020-09-09,0 days 15:59:06.251980,292595,239.07,238.98,482,100,1473,-1293
37,ACN,2020-09-09,0 days 15:59:08.251103,292468,239.02,238.96,224,928,-345,7807
38,ACN,2020-09-09,0 days 15:59:09.251228,293076,239.07,238.97,101,1541,101,-345
39,ACN,2020-09-09,0 days 15:59:17.251750,294632,239.07,239.01,362,100,4509,-291
40,ACN,2020-09-09,0 days 15:59:19.251475,290969,239.06,239.0,125,525,-3663,3771
41,ACN,2020-09-09,0 days 15:59:21.251696,294298,239.02,238.98,313,108,3371,-363
42,ACN,2020-09-09,0 days 15:59:23.249954,298183,239.01,238.96,145,930,-254,985
43,ACN,2020-09-09,0 days 15:59:29.249372,299179,238.93,238.88,200,114,-729,542
44,ACN,2020-09-09,0 days 15:59:34.252411,299908,238.93,238.91,206,980,752,-529
45,ACN,2020-09-09,0 days 15:59:41.251908,297910,238.88,238.81,125,825,-2098,336
46,ACN,2020-09-09,0 days 15:59:42.251469,299574,238.87,238.78,725,207,2836,-2098
47,ACN,2020-09-09,0 days 15:59:54.254366,299210,238.84,238.76,133,200,-1586,1214
48,ADM,2020-09-09,0 days 15:55:00.244026,356369,46.06,46.05,5208,1502,2157,-53883
49,ADM,2020-09-09,0 days 15:55:48.245991,359646,46.06,46.05,4977,4363,-768,397
50,ADM,2020-09-09,0 days 15:55:50.245413,360414,46.06,46.05,9038,4763,247,-768
51,ADM,2020-09-09,0 days 15:56:04.247259,359231,46.05,46.04,7040,3519,-1271,159
52,ADM,2020-09-09,0 days 15:57:19.249159,368699,46.06,46.05,10318,3083,494,-2687
53,ADM,2020-09-09,0 days 15:57:36.246648,369193,46.06,46.05,6870,8345,-406,2894
54,ADM,2020-09-09,0 days 15:57:42.247275,372693,46.06,46.05,8782,6185,-406,3394
55,ADM,2020-09-09,0 days 15:57:44.248461,373099,46.06,46.05,9802,5931,2794,-406
56,ADM,2020-09-09,0 days 15:58:11.248783,373699,46.06,46.05,11172,5216,877,-890
57,ADM,2020-09-09,0 days 15:59:08.251409,381924,46.06,46.05,8569,5416,-217,982
58,ADT,2020-09-09,0 days 15:56:08.242718,69761,10.78,10.77,20620,4658,3377,-413
59,ADT,2020-09-09,0 days 15:56:09.243384,64938,10.78,10.77,20651,4358,-4823,3377
60,ADT,2020-09-09,0 days 15:56:44.244107,73361,10.78,10.77,8721,7612,584,-1916
61,ADT,2020-09-09,0 days 15:56:45.244331,72745,10.78,10.77,8921,6912,-616,584
62,ADT,2020-09-09,0 days 15:57:48.245993,74059,10.76,10.75,21454,3406,-635,630
63,ADT,2020-09-09,0 days 15:57:50.245741,74694,10.76,10.75,24330,3213,1130,-635
64,ADT,2020-09-09,0 days 15:57:51.245617,74059,10.76,10.75,25335,2908,-635,1130
65,ADT,2020-09-09,0 days 15:57:55.246336,74694,10.76,10.75,11175,5208,1130,-635
66,ADT,2020-09-09,0 days 15:57:56.246431,74059,10.76,10.75,12775,5608,-635,1130
67,ADT,2020-09-09,0 days 15:58:03.247540,74694,10.76,10.75,26894,3108,74,-791
68,ADT,2020-09-09,0 days 15:58:04.248212,74003,10.76,10.75,28586,1914,-691,74
69,ADT,2020-09-09,0 days 15:58:08.247392,74694,10.76,10.75,29558,753,474,-591
70,ADT,2020-09-09,0 days 15:58:10.247874,74103,10.75,10.74,8544,7422,-591,1074
71,ADT,2020-09-09,0 days 15:59:09.251368,82965,10.74,10.73,9071,12814,-394,930
72,ADT,2020-09-09,0 days 15:59:10.252303,83359,10.74,10.73,7552,13014,1751,-394
73,ADT,2020-09-09,0 days 15:59:11.250759,82710,10.74,10.73,11511,14983,-649,1751
74,AEG,2020-09-09,0 days 15:59:36.244545,16600,2.75,2.74,322359,246715,-9274,11026
75,AEG,2020-09-09,0 days 15:59:37.245990,15974,2.75,2.74,319159,245313,626,-9274
76,AEO,2020-09-09,0 days 15:55:00.886942,284671,13.42,13.41,2687,3052,-32459,40438
77,AEO,2020-09-09,0 days 15:55:01.884326,281230,13.41,13.4,596,11933,3441,-32459
78,AEO,2020-09-09,0 days 15:57:04.887354,296962,13.46,13.45,4147,4409,-1443,2513
79,AEO,2020-09-09,0 days 15:57:36.884491,299118,13.42,13.41,3889,7540,-815,485
80,AEO,2020-09-09,0 days 15:57:59.884908,309318,13.41,13.4,2434,9335,-1148,252
81,AEO,2020-09-09,0 days 15:58:25.887936,317519,13.41,13.4,9659,13733,1017,-1483
82,AEO,2020-09-09,0 days 15:58:26.886220,315836,13.43,13.42,3610,6721,-13550,1017
83,AEO,2020-09-09,0 days 15:59:02.888738,319835,13.45,13.44,4803,5727,-627,2417
84,AEO,2020-09-09,0 days 15:59:29.887783,318671,13.43,13.42,3300,5523,-3698,13084
85,AEO,2020-09-09,0 days 15:59:42.887253,365113,13.45,13.44,11058,3890,3034,-707
86,AEO,2020-09-09,0 days 15:59:43.886443,363103,13.45,13.44,10616,4454,-1510,3034
87,AEO,2020-09-09,0 days 15:59:47.887047,367415,13.45,13.44,12616,4125,7769,-1187
88,AEO,2020-09-09,0 days 15:59:49.886963,366079,13.45,13.44,11037,4223,-836,2408
89,AES,2020-09-09,0 days 15:55:00.243352,329870,17.61,17.6,17830,4100,-7435,12577
90,AES,2020-09-09,0 days 15:56:09.246473,338886,17.58,17.57,21199,9895,3301,-5011
91,AES,2020-09-09,0 days 15:56:10.246309,333387,17.58,17.57,20102,9495,-5499,3301
92,AES,2020-09-09,0 days 15:59:05.251997,345163,17.56,17.55,27723,3203,34,-3166
93,AES,2020-09-09,0 days 15:59:08.251207,349953,17.55,17.54,23752,11650,-1283,17086
94,AES,2020-09-09,0 days 15:59:09.251331,351236,17.55,17.54,21149,11540,2141,-1283
95,AES,2020-09-09,0 days 15:59:10.252988,350277,17.56,17.55,12663,12768,-959,2141
96,AES,2020-09-09,0 days 15:59:41.252014,358808,17.56,17.55,23807,5949,11238,-1862
97,AFL,2020-09-09,0 days 15:58:12.240428,403911,37.09,37.08,4104,6215,139,-161
98,AFL,2020-09-09,0 days 15:58:13.240671,396950,37.09,37.08,4104,4722,-6961,139
99,AFL,2020-09-09,0 days 15:58:52.241984,403611,37.05,37.04,3968,4900,166,-261
100,AG,2020-09-09,0 days 15:59:39.250957,73615,11.85,11.84,58215,17702,-4481,1419
101,AG,2020-09-09,0 days 15:59:40.252190,72496,11.85,11.84,60115,17695,1119,-4481
102,AG,2020-09-09,0 days 15:59:46.252373,73615,11.85,11.84,55808,19296,-1956,1119
103,AGI,2020-09-09,0 days 15:59:08.239302,38360,10.14,10.13,47345,11903,-6003,3847
104,AGI,2020-09-09,0 days 15:59:36.237987,45678,10.14,10.13,50755,10013,5994,-7106
105,AGI,2020-09-09,0 days 15:59:37.237798,45272,10.14,10.13,48304,11613,-406,5994
106,AIG,2020-09-09,0 days 15:57:35.246737,453249,29.15,29.14,9993,6507,1926,-2474
107,AIG,2020-09-09,0 days 15:57:36.246648,444775,29.15,29.14,9410,6937,-8474,1926
108,AIG,2020-09-09,0 days 15:58:54.252321,452963,29.14,29.13,18301,5463,20,-80
109,AIG,2020-09-09,0 days 15:59:00.255957,449285,29.14,29.13,10940,3800,-5331,936
110,AIG,2020-09-09,0 days 15:59:20.252864,458876,29.14,29.13,5269,5841,-2640,8832
111,AIG,2020-09-09,0 days 15:59:23.250273,461916,29.14,29.13,7347,4958,1525,-740
112,AIG,2020-09-09,0 days 15:59:36.251784,461599,29.14,29.13,4024,10418,-317,825
113,ALK,2020-09-09,0 days 15:55:54.233974,102860,40.79,40.78,5125,240,-779,242
114,ALK,2020-09-09,0 days 15:55:55.234184,102839,40.79,40.78,5125,340,21,-779
115,ALK,2020-09-09,0 days 15:57:36.235897,109259,40.7,40.69,1070,903,-126,574
116,ALK,2020-09-09,0 days 15:59:01.240527,111289,40.67,40.65,1907,502,-617,3507
117,ALLY,2020-09-09,0 days 15:55:00.887292,267743,24.29,24.28,1931,2804,-64961,81303
118,ALLY,2020-09-09,0 days 15:55:01.884586,263004,24.28,24.27,5449,4673,5385,-64961
119,ALLY,2020-09-09,0 days 15:56:12.891952,271657,24.25,24.24,16475,887,-12848,152
120,ALLY,2020-09-09,0 days 15:56:13.886501,239405,24.24,24.23,8947,3521,32252,-12848
121,ALLY,2020-09-09,0 days 15:56:21.886247,273205,24.25,24.24,3086,7607,2952,-20048
122,ALLY,2020-09-09,0 days 15:57:42.884029,278035,24.24,24.23,17581,11115,-10772,2228
123,ALLY,2020-09-09,0 days 15:57:43.884057,274507,24.24,24.23,19079,7599,3528,-10772
124,ALLY,2020-09-09,0 days 15:58:11.887098,278035,24.23,24.22,11733,4145,-14143,1755
125,ALLY,2020-09-09,0 days 15:58:17.886405,278905,24.22,24.21,16959,649,-366,2034
126,ALLY,2020-09-09,0 days 15:58:18.885981,276871,24.22,24.21,18362,649,2034,-366
127,ALLY,2020-09-09,0 days 15:58:19.885806,278905,24.22,24.21,14293,926,-366,2034
128,ALLY,2020-09-09,0 days 15:58:20.886170,277171,24.21,24.2,13410,3015,1734,-366
129,ALLY,2020-09-09,0 days 15:58:21.885776,278905,24.21,24.2,13202,3116,-2166,1734
130,ALLY,2020-09-09,0 days 15:58:22.886770,276871,24.21,24.2,14702,3600,2034,-2166
131,ALLY,2020-09-09,0 days 15:58:45.887519,278905,24.21,24.2,2262,11555,-366,34
132,ALLY,2020-09-09,0 days 15:58:46.887067,277071,24.21,24.2,10331,4796,1834,-366
133,ALLY,2020-09-09,0 days 15:59:01.889435,279168,24.18,24.17,3100,14740,-643,6044
134,ALLY,2020-09-09,0 days 15:59:42.887279,394441,24.14,24.13,5900,9967,4683,-57359
135,ALLY,2020-09-09,0 days 15:59:43.886458,388424,24.14,24.13,16335,3600,-6017,4683
136,ALLY,2020-09-09,0 days 15:59:48.888044,409849,24.13,24.12,17599,4898,4365,-11169
137,ALLY,2020-09-09,0 days 15:59:50.888075,407962,24.12,24.11,10950,16132,-2353,499
138,AMC,2020-09-09,0 days 15:55:00.238658,78453,6.28,6.27,4600,3901,-504,828
139,AMC,2020-09-09,0 days 15:59:25.251619,87926,6.28,6.27,12583,3348,6786,-11914
140,AMCR,2020-09-09,0 days 15:59:20.243118,2061907,11.01,11.0,32015,25574,24869,-14285
141,AMCR,2020-09-09,0 days 15:59:38.245985,2169105,11.01,11.0,38724,33796,-101311,6089
142,AMCR,2020-09-09,0 days 15:59:39.243972,2165216,11.01,11.0,40924,30858,3889,-101311
143,AMCR,2020-09-09,0 days 15:59:45.245614,2170205,11.01,11.0,40757,22885,-43268,3439
144,AMCR,2020-09-09,0 days 15:59:46.245578,2168673,11.01,11.0,51037,12367,8710,-43268
145,AMX,2020-09-09,0 days 15:55:00.253930,270073,12.35,12.34,12947,30768,17434,-63680
146,AMX,2020-09-09,0 days 15:57:11.261171,291362,12.35,12.34,44143,4936,-502,12564
147,AMX,2020-09-09,0 days 15:57:15.259668,291964,12.34,12.33,9599,34195,898,-502
148,AMX,2020-09-09,0 days 15:59:02.253336,313776,12.34,12.33,27316,20061,-3727,13259
149,AMX,2020-09-09,0 days 15:59:08.252843,300435,12.34,12.33,27012,27308,13341,-4459
150,ANF,2020-09-09,0 days 15:55:00.886530,100050,14.53,14.52,4213,1897,-13212,15572
151,ANF,2020-09-09,0 days 15:56:17.887307,100148,14.52,14.51,7156,4119,-331,1226
152,ANF,2020-09-09,0 days 15:56:18.886519,99779,14.52,14.51,6391,3931,369,-331
153,ANF,2020-09-09,0 days 15:56:35.887752,100148,14.53,14.52,4091,5849,-2761,39
154,ANF,2020-09-09,0 days 15:56:59.887341,100148,14.53,14.52,1941,7990,-2461,596
155,ANF,2020-09-09,0 days 15:58:35.886393,103909,14.54,14.53,4899,7896,287,-1013
156,ANF,2020-09-09,0 days 15:59:20.887733,111016,14.53,14.52,2798,10499,-2528,364
157,APLE,2020-09-09,0 days 15:57:18.241884,127453,10.35,10.34,20768,7234,-2065,27068
158,APLE,2020-09-09,0 days 15:58:45.246022,125167,10.35,10.34,19998,6358,-151,82
159,APLE,2020-09-09,0 days 15:59:07.247159,127167,10.34,10.33,11094,18955,131,-4727
160,APLE,2020-09-09,0 days 15:59:10.248683,127298,10.34,10.33,5252,19293,-34,131
161,APLE,2020-09-09,0 days 15:59:28.248131,129040,10.34,10.33,3297,20657,206,-779
162,APLE,2020-09-09,0 days 15:59:29.248563,128246,10.34,10.33,4254,20359,-794,206
163,APLE,2020-09-09,0 days 15:59:45.250935,131803,10.34,10.33,13709,15731,4206,-627
164,APLE,2020-09-09,0 days 15:59:46.249177,134139,10.34,10.33,16509,7318,-3310,4206
165,APTV,2020-09-09,0 days 15:55:00.253055,125732,86.01,85.98,200,979,-1247,2280
166,APTV,2020-09-09,0 days 15:58:02.250407,127642,85.81,85.77,600,124,387,-328
167,APTV,2020-09-09,0 days 15:58:09.250618,127642,85.75,85.73,100,141,1589,-411
168,APTV,2020-09-09,0 days 15:58:16.251749,127431,85.78,85.73,1550,241,-211,1289
169,APTV,2020-09-09,0 days 15:58:21.252365,127642,85.73,85.7,100,300,2489,-1211
170,APTV,2020-09-09,0 days 15:58:34.252955,127802,85.73,85.7,600,200,1029,-271
171,APTV,2020-09-09,0 days 15:58:45.252196,127731,85.76,85.72,100,541,-71,1329
172,APTV,2020-09-09,0 days 15:58:47.251737,127802,85.76,85.71,300,300,2529,-1371
173,AR,2020-09-09,0 days 15:58:13.248855,734796,2.76,2.75,83940,90637,-17932,21668
174,AR,2020-09-09,0 days 15:58:14.250989,713128,2.76,2.75,85971,90137,21668,-17932
175,AR,2020-09-09,0 days 15:59:01.251510,734796,2.76,2.75,77892,40220,-9236,13764
176,AR,2020-09-09,0 days 15:59:02.253475,732932,2.76,2.75,80092,39820,1864,-9236
177,AR,2020-09-09,0 days 15:59:06.252036,734696,2.76,2.75,82264,32411,-30780,1764
178,ARMK,2020-09-09,0 days 15:59:10.249768,137559,28.79,28.78,1785,1329,-2801,1539
179,ARMK,2020-09-09,0 days 15:59:33.248954,138888,28.78,28.77,849,300,-2170,6930
180,ARMK,2020-09-09,0 days 15:59:41.249370,141033,28.77,28.76,1538,1023,-81,9794
181,ARMK,2020-09-09,0 days 15:59:44.249952,141134,28.77,28.76,2813,400,11654,-2171
182,ARMK,2020-09-09,0 days 15:59:45.249885,139688,28.77,28.76,6253,199,-1446,11654
183,ARMK,2020-09-09,0 days 15:59:46.248872,141134,28.77,28.76,5933,1022,2083,-1446
184,ARMK,2020-09-09,0 days 15:59:47.249835,139817,28.77,28.76,5633,822,-1317,2083
185,ATI,2020-09-09,0 days 15:55:00.886671,81433,8.81,8.8,3901,5373,23536,-29557
186,ATI,2020-09-09,0 days 15:55:01.884302,79869,8.81,8.8,4401,5673,-1264,23536
187,ATI,2020-09-09,0 days 15:57:21.887232,86754,8.78,8.77,8107,3184,1051,-142
188,ATI,2020-09-09,0 days 15:57:22.887505,84505,8.78,8.77,7498,3985,-2249,1051
189,ATI,2020-09-09,0 days 15:59:39.886684,101957,8.77,8.76,8279,25181,751,-1355
190,ATI,2020-09-09,0 days 15:59:40.887082,101208,8.77,8.76,6197,25543,-749,751
191,ATUS,2020-09-09,0 days 15:55:00.886311,316690,26.73,26.72,2900,7589,116179,-227542
192,ATUS,2020-09-09,0 days 15:55:38.888880,363178,26.72,26.71,5719,1753,-1251,2930
193,ATUS,2020-09-09,0 days 15:56:15.886124,368583,26.68,26.67,5519,2973,5094,-2692
194,ATUS,2020-09-09,0 days 15:56:16.886700,366591,26.68,26.67,700,5696,-1992,5094
195,ATUS,2020-09-09,0 days 15:57:43.883890,378983,26.69,26.68,8999,2953,6,-1194
196,ATUS,2020-09-09,0 days 15:57:44.884168,377989,26.68,26.67,5181,4827,-994,6
197,ATUS,2020-09-09,0 days 15:57:45.884111,378983,26.68,26.67,8523,3429,4706,-994
198,ATUS,2020-09-09,0 days 15:57:46.884069,375589,26.68,26.67,9126,2927,-3394,4706
199,ATUS,2020-09-09,0 days 15:58:14.886319,382926,26.67,26.66,14235,1084,1557,-743
200,ATUS,2020-09-09,0 days 15:58:15.885278,382383,26.67,26.66,12481,3349,-543,1557
201,ATUS,2020-09-09,0 days 15:58:23.886363,382926,26.67,26.66,11127,4122,2657,-3343
202,ATUS,2020-09-09,0 days 15:58:24.886460,382183,26.67,26.66,6301,4687,-743,2657
203,ATUS,2020-09-09,0 days 15:58:45.887425,382926,26.67,26.66,6873,3894,157,-43
204,ATUS,2020-09-09,0 days 15:58:46.886939,382283,26.66,26.65,6385,1729,-643,157
205,ATUS,2020-09-09,0 days 15:59:15.887502,390540,26.68,26.67,1999,10388,9747,-630
206,ATUS,2020-09-09,0 days 15:59:39.886499,444432,26.7,26.69,2002,13778,-20428,3972
207,AU,2020-09-09,0 days 15:59:21.252703,97691,29.39,29.38,4257,2275,343,-229
208,AU,2020-09-09,0 days 15:59:23.250239,96189,29.39,29.38,206,4601,-1502,2198
209,AU,2020-09-09,0 days 15:59:46.252387,97691,29.38,29.37,5296,3926,6303,-376
210,AU,2020-09-09,0 days 15:59:47.252364,96694,29.39,29.38,1620,7710,-997,6303
211,AUY,2020-09-09,0 days 15:59:36.248179,136491,6.31,6.3,422620,426849,-24872,29328
212,AUY,2020-09-09,0 days 15:59:37.248500,134963,6.31,6.3,424120,418649,1528,-24872
213,AVTR,2020-09-09,0 days 15:55:00.231211,169446,22.05,22.04,641,4952,131021,-71626
214,AVTR,2020-09-09,0 days 15:55:01.232391,163267,22.07,22.06,4634,1274,-6179,131021
215,AVTR,2020-09-09,0 days 15:58:38.237856,89003,22.01,22.0,1800,2552,-88003,515478
216,AVTR,2020-09-09,0 days 15:59:08.239332,184668,22.02,22.01,7385,3298,-2997,42703
217,AVTR,2020-09-09,0 days 15:59:28.248968,192360,22.01,22.0,6402,1568,3979,-3421
218,AVTR,2020-09-09,0 days 15:59:29.248668,189839,22.01,22.0,6502,1268,-2521,3979
219,AVTR,2020-09-09,0 days 15:59:45.251251,192360,22.01,22.0,7644,2043,19092,-1433
220,AXP,2020-09-09,0 days 15:54:01.235076,202138,104.06,104.04,300,300,-94,39
221,AXP,2020-09-09,0 days 15:55:00.235903,293894,104.07,104.05,200,100,3671,-200
222,AXP,2020-09-09,0 days 15:58:06.245309,310780,103.82,103.8,700,600,-259,2566
223,AXP,2020-09-09,0 days 15:58:09.244370,305736,103.8,103.77,631,300,5044,-156
224,AXP,2020-09-09,0 days 15:58:16.244428,306880,103.8,103.76,500,700,-363,3335
225,AXP,2020-09-09,0 days 15:58:17.244443,304836,103.78,103.77,400,200,2044,-363
226,AXP,2020-09-09,0 days 15:58:21.245512,306880,103.8,103.78,435,303,-3656,8244
227,AXP,2020-09-09,0 days 15:58:22.245189,304836,103.78,103.77,286,100,8244,-3656
228,AXP,2020-09-09,0 days 15:59:04.247108,319639,103.76,103.73,620,349,-1963,2304
229,AXP,2020-09-09,0 days 15:59:05.247376,317161,103.72,103.69,519,700,867,-1963
230,AXP,2020-09-09,0 days 15:59:38.250199,323286,103.73,103.71,600,600,353,-188
231,AXP,2020-09-09,0 days 15:59:41.249463,323239,103.77,103.76,299,300,-6588,1653
232,AXP,2020-09-09,0 days 15:59:42.248672,322070,103.76,103.75,400,200,1169,-6588
233,AXP,2020-09-09,0 days 15:59:54.250469,323339,103.8,103.74,900,100,-7250,1134
234,AXTA,2020-09-09,0 days 15:55:00.253575,147310,22.74,22.73,2226,2554,-2392,6324
235,AXTA,2020-09-09,0 days 15:55:45.255820,149702,22.7,22.69,5620,300,652,-308
236,AXTA,2020-09-09,0 days 15:55:46.255701,147654,22.7,22.69,5616,100,-2048,652
237,AXTA,2020-09-09,0 days 15:59:07.253272,165776,22.65,22.64,6661,928,6102,-1477
238,AXTA,2020-09-09,0 days 15:59:08.252830,164378,22.65,22.64,6861,1923,-1398,6102
239,AXTA,2020-09-09,0 days 15:59:20.251018,170192,22.65,22.64,2455,5304,5178,-1222
240,AXTA,2020-09-09,0 days 15:59:21.251317,169487,22.65,22.64,2229,5504,-705,5178
241,AXTA,2020-09-09,0 days 15:59:28.251066,170192,22.65,22.64,2429,6087,25,-705
242,AXTA,2020-09-09,0 days 15:59:39.251489,170208,22.65,22.64,6324,5134,-503,2997
243,AXTA,2020-09-09,0 days 15:59:45.252721,174421,22.65,22.64,7161,5013,1453,-503
244,AZN,2020-09-09,0 days 15:56:37.257026,92718,53.77,53.76,300,6752,-174,1538
245,AZN,2020-09-09,0 days 15:56:47.257648,92892,53.78,53.77,6158,2513,1638,-74
246,AZN,2020-09-09,0 days 15:59:06.253684,95683,53.68,53.67,4675,1599,-8499,752
247,AZN,2020-09-09,0 days 15:59:07.253213,93582,53.67,53.66,890,3470,2101,-8499
248,AZN,2020-09-09,0 days 15:59:17.251254,95545,53.68,53.67,3174,2408,138,-201
249,AZN,2020-09-09,0 days 15:59:22.251223,98954,53.68,53.67,1511,4561,-707,3409
250,AZN,2020-09-09,0 days 15:59:40.252569,99854,53.65,53.64,4735,1085,-407,193
251,AZUL,2020-09-09,0 days 15:56:28.243346,32983,14.88,14.87,9138,13398,537,-1226
252,AZUL,2020-09-09,0 days 15:56:29.242937,31920,14.88,14.87,9017,13598,-926,537
253,AZUL,2020-09-09,0 days 15:58:47.249511,34244,14.87,14.86,17068,5266,2970,-505
254,AZUL,2020-09-09,0 days 15:58:48.250192,33414,14.87,14.86,15668,6166,-311,2970
255,BA,2020-09-09,0 days 15:55:00.886959,556390,161.29,161.27,200,299,-255356,4301
256,BA,2020-09-09,0 days 15:59:22.889808,1047685,160.29,160.23,300,200,541,-239159
257,BA,2020-09-09,0 days 15:59:24.887827,1046160,160.29,160.25,400,300,-1525,541
258,BA,2020-09-09,0 days 15:59:28.888823,1047716,160.44,160.37,290,200,9511,-2887
259,BA,2020-09-09,0 days 15:59:29.887783,1045727,160.44,160.38,436,200,-1989,9511
260,BA,2020-09-09,0 days 15:59:40.887117,1071339,160.64,160.59,500,531,-12354,16146
261,BA,2020-09-09,0 days 15:59:41.886459,1074693,160.65,160.64,4249,1034,998,-12354
262,BABA,2020-09-09,0 days 15:59:46.237860,469098,273.46,273.42,300,117,3990,-3617
263,BABA,2020-09-09,0 days 15:59:47.238855,473127,273.41,273.36,200,200,-45,3990
264,BABA,2020-09-09,0 days 15:59:48.239019,473172,273.39,273.32,600,200,2514,-45
265,BABA,2020-09-09,0 days 15:59:50.242632,455296,273.33,273.3,700,100,-17350,2604
266,BABA,2020-09-09,0 days 15:59:55.239579,469946,273.24,273.06,1429,916,3861,-5580
267,BABA,2020-09-09,0 days 15:59:57.241986,461828,273.23,273.14,800,3868,-10818,3683
268,BABA,2020-09-09,0 days 15:59:58.243106,469946,273.23,273.14,1209,4576,3683,-10818
269,BAC,2020-09-09,0 days 15:59:15.251285,4674948,25.53,25.52,55520,141095,357035,-170872
270,BAX,2020-09-09,0 days 15:57:36.245371,215308,83.03,83.01,420,160,-822,1278
271,BAX,2020-09-09,0 days 15:57:37.245342,214230,83.02,83.0,1344,500,1078,-822
272,BAX,2020-09-09,0 days 15:57:50.245657,218108,82.96,82.95,325,503,-1022,2078
273,BAX,2020-09-09,0 days 15:57:51.245517,216430,82.96,82.95,222,1092,1678,-1022
274,BAX,2020-09-09,0 days 15:58:06.248118,218075,82.96,82.95,528,504,-309,1991
275,BAX,2020-09-09,0 days 15:58:07.247231,215584,82.96,82.95,628,609,2491,-309
276,BAX,2020-09-09,0 days 15:58:19.248415,218275,82.94,82.92,565,729,-4540,2599
277,BAX,2020-09-09,0 days 15:58:20.248391,217115,82.94,82.93,813,300,1160,-4540
278,BAX,2020-09-09,0 days 15:59:05.251684,223613,82.9,82.88,425,300,4567,-4833
279,BAX,2020-09-09,0 days 15:59:07.251262,228180,82.89,82.86,726,500,-14381,1467
280,BAX,2020-09-09,0 days 15:59:08.250569,230961,82.89,82.86,626,500,565,-14381
281,BAX,2020-09-09,0 days 15:59:15.251219,232719,82.91,82.89,327,400,-654,2591
282,BAX,2020-09-09,0 days 15:59:16.251064,232273,82.91,82.89,100,400,446,-654
283,BAX,2020-09-09,0 days 15:59:18.251219,236031,82.89,82.87,125,500,-1677,3631
284,BAX,2020-09-09,0 days 15:59:19.250880,235508,82.88,82.85,249,730,523,-1677
285,BAX,2020-09-09,0 days 15:59:21.251661,236031,82.88,82.86,574,1000,-1694,275
286,BAX,2020-09-09,0 days 15:59:22.251788,235725,82.88,82.86,674,900,306,-1694
287,BAX,2020-09-09,0 days 15:59:31.252637,242231,82.85,82.83,400,600,-294,6206
288,BAX,2020-09-09,0 days 15:59:38.253348,236842,82.86,82.84,1300,405,5389,-111
289,BAX,2020-09-09,0 days 15:59:39.251959,242231,82.86,82.84,1629,790,-111,5389
290,BAX,2020-09-09,0 days 15:59:41.253530,242442,82.87,82.85,1209,500,210,-111
291,BAX,2020-09-09,0 days 15:59:44.252707,242652,82.85,82.84,400,200,-40,210
292,BAX,2020-09-09,0 days 15:59:50.257674,241832,82.82,82.8,566,200,1120,-280
293,BAX,2020-09-09,0 days 15:59:56.254170,236552,82.91,82.87,6150,3960,-14530,820
294,BB,2020-09-09,0 days 15:59:01.239682,26751,4.94,4.93,109185,129360,-4792,81
295,BB,2020-09-09,0 days 15:59:22.240971,31543,4.94,4.93,155133,95386,2130,-760
296,BB,2020-09-09,0 days 15:59:46.249897,33973,4.93,4.92,255012,49991,-138,1068
297,BB,2020-09-09,0 days 15:59:48.256288,33711,4.93,4.92,291244,14459,262,-138
298,BBVA,2020-09-09,0 days 15:59:36.250093,19749,2.94,2.93,715556,67922,-1851,3549
299,BBY,2020-09-09,0 days 15:59:09.251152,197812,108.89,108.88,423,151,-12786,5808
300,BBY,2020-09-09,0 days 15:59:10.252116,193898,108.89,108.85,400,700,3914,-12786
301,BBY,2020-09-09,0 days 15:59:27.251633,195650,108.97,108.94,700,500,-1705,3419
302,BBY,2020-09-09,0 days 15:59:30.255891,196189,108.92,108.87,997,811,2561,-439
303,BBY,2020-09-09,0 days 15:59:46.253255,198750,108.88,108.84,978,300,-4088,7735
304,BBY,2020-09-09,0 days 15:59:47.252991,197138,108.88,108.84,978,227,1612,-4088
305,BCS,2020-09-09,0 days 15:59:36.248592,52868,5.39,5.38,124923,175586,-20563,24237
306,BCS,2020-09-09,0 days 15:59:37.248547,51631,5.39,5.38,131507,174079,1237,-20563
307,BE,2020-09-09,0 days 15:55:00.231255,71540,14.55,14.54,653,1828,18455,-12276
308,BE,2020-09-09,0 days 15:56:28.234378,90805,14.54,14.52,1200,4803,-862,1038
309,BE,2020-09-09,0 days 15:56:29.234679,89467,14.54,14.52,1200,5203,1338,-862
310,BE,2020-09-09,0 days 15:59:01.240481,87558,14.5,14.49,6166,3748,-9409,6686
311,BE,2020-09-09,0 days 15:59:02.239722,86726,14.49,14.48,312,1516,832,-9409
312,BE,2020-09-09,0 days 15:59:09.239859,88315,14.49,14.48,6837,500,-1518,995
313,BE,2020-09-09,0 days 15:59:10.241033,87433,14.49,14.48,6049,452,882,-1518
314,BE,2020-09-09,0 days 15:59:20.239983,90828,14.48,14.47,700,2705,-3761,464
315,BEKE,2020-09-09,0 days 15:55:00.254025,55671,45.86,45.8,200,400,762,-5750
316,BEKE,2020-09-09,0 days 15:57:30.249363,56527,46.04,45.98,251,351,-2,104
317,BEKE,2020-09-09,0 days 15:57:31.248062,56429,46.03,45.96,348,200,98,-2
318,BEKE,2020-09-09,0 days 15:59:07.253285,61583,45.94,45.9,300,200,-3807,427
319,BEKE,2020-09-09,0 days 15:59:08.252843,61490,45.95,45.9,1034,200,93,-3807
320,BEKE,2020-09-09,0 days 15:59:15.251295,61583,46.0,45.92,749,100,-52,93
321,BEKE,2020-09-09,0 days 15:59:16.250442,61535,46.0,45.92,1328,200,48,-52
322,BEKE,2020-09-09,0 days 15:59:17.251331,61583,46.0,45.92,1349,200,-524,48
323,BEKE,2020-09-09,0 days 15:59:35.251896,61962,45.88,45.74,160,1500,87,-179
324,BEKE,2020-09-09,0 days 15:59:45.252766,62449,45.86,45.7,454,663,-413,662
325,BEKE,2020-09-09,0 days 15:59:46.252404,62362,45.84,45.7,218,700,87,-413
326,BEN,2020-09-09,0 days 15:55:00.886500,389793,20.43,20.42,7284,4622,-59898,229940
327,BEN,2020-09-09,0 days 15:55:01.884272,378791,20.42,20.41,7259,8811,11470,-59898
328,BEN,2020-09-09,0 days 15:59:23.887585,422376,20.4,20.39,1279,14528,-556,123
329,BEN,2020-09-09,0 days 15:59:25.887529,418779,20.4,20.39,7758,14573,3597,-645
330,BEN,2020-09-09,0 days 15:59:40.887003,422376,20.4,20.39,6626,14139,-6114,1901
331,BEN,2020-09-09,0 days 15:59:41.886341,419509,20.4,20.39,5483,13445,2867,-6114
332,BEN,2020-09-09,0 days 15:59:44.886799,422376,20.4,20.39,14759,13544,-816,22
333,BEN,2020-09-09,0 days 15:59:46.886861,426681,20.4,20.39,18560,10763,704,-9741
334,BEN,2020-09-09,0 days 15:59:47.886950,427385,20.4,20.39,18360,12863,-2496,704
335,BEN,2020-09-09,0 days 15:59:48.887812,423273,20.39,20.38,13593,12021,11534,-2496
336,BHC,2020-09-09,0 days 15:55:00.232270,42999,16.2,16.19,16227,7546,22609,-21371
337,BHC,2020-09-09,0 days 15:55:01.231797,42908,16.2,16.19,17925,6748,-55,22609
338,BHC,2020-09-09,0 days 15:56:08.234042,48630,16.2,16.19,19725,3652,3484,-559
339,BHC,2020-09-09,0 days 15:56:09.235287,47014,16.2,16.19,19825,3752,-1580,3484
340,BHC,2020-09-09,0 days 15:59:11.239915,57020,16.17,16.16,4177,11175,530,-1305
341,BHC,2020-09-09,0 days 15:59:12.239942,56650,16.17,16.16,3237,11175,-370,530
342,BHC,2020-09-09,0 days 15:59:22.240448,57020,16.17,16.16,18579,6629,101,-370
343,BHC,2020-09-09,0 days 15:59:34.238583,56621,16.16,16.15,5704,12198,-363,137
344,BHP,2020-09-09,0 days 15:55:00.886714,19573,54.31,54.3,650,2250,-2500,1048
345,BHP,2020-09-09,0 days 15:59:18.887843,25730,54.23,54.22,578,4295,327,-80
346,BHP,2020-09-09,0 days 15:59:36.887844,25904,54.22,54.21,2926,1801,190,-410
347,BJ,2020-09-09,0 days 15:57:23.251010,119480,42.03,42.02,3781,2788,9,-2791
348,BJ,2020-09-09,0 days 15:57:28.247910,119489,42.02,42.01,2858,1059,-191,9
349,BJ,2020-09-09,0 days 15:57:45.249389,119680,42.0,41.99,542,1200,255,-3345
350,BJ,2020-09-09,0 days 15:57:51.248610,116835,42.0,41.99,5661,1231,-2845,255
351,BJ,2020-09-09,0 days 15:58:16.251749,120079,41.98,41.97,2738,2452,592,-3624
352,BJ,2020-09-09,0 days 15:58:17.251736,117555,41.98,41.97,2738,2452,-2524,592
353,BJ,2020-09-09,0 days 15:59:00.255105,118445,41.97,41.95,965,387,-2334,66
354,BJ,2020-09-09,0 days 15:59:05.253092,120803,41.95,41.94,100,2048,2853,-1085
355,BJ,2020-09-09,0 days 15:59:13.253515,120789,41.97,41.95,1918,1315,-95,3843
356,BJ,2020-09-09,0 days 15:59:15.251242,120984,41.97,41.95,1818,1333,5,-195
357,BJ,2020-09-09,0 days 15:59:49.252557,127936,41.95,41.94,8723,476,-471,1911
358,BK,2020-09-09,0 days 15:59:23.240052,889118,35.85,35.84,1167,10032,21669,-74718
359,BK,2020-09-09,0 days 15:59:37.237713,900570,35.89,35.88,9339,3772,436,-491
360,BK,2020-09-09,0 days 15:59:42.238025,896845,35.9,35.89,8400,5117,-3725,1006
361,BK,2020-09-09,0 days 15:59:57.242931,934305,35.92,35.91,4565,4300,1871,-8788
362,BKR,2020-09-09,0 days 15:57:38.242142,691106,14.11,14.1,21752,6915,-665,9635
363,BKR,2020-09-09,0 days 15:57:43.242551,681971,14.11,14.1,15672,16268,9135,-665
364,BKR,2020-09-09,0 days 15:58:10.244606,692206,14.12,14.11,7189,21334,-6211,7632
365,BKR,2020-09-09,0 days 15:58:11.244782,691116,14.12,14.11,4689,21644,1090,-6211
366,BKR,2020-09-09,0 days 15:59:08.246928,692851,14.09,14.08,17688,2345,11372,-10629
367,BKR,2020-09-09,0 days 15:59:17.248547,707701,14.1,14.09,34005,3910,-5479,6288
368,BKR,2020-09-09,0 days 15:59:18.248903,704024,14.1,14.09,33969,3510,4472,-5479
369,BMY,2020-09-09,0 days 15:59:44.886799,922327,59.1,59.09,3566,4763,-4130,15642
370,BMY,2020-09-09,0 days 15:59:45.887207,926457,59.1,59.09,4943,2803,2398,-4130
371,BOX,2020-09-09,0 days 15:59:39.251346,129528,18.64,18.63,18830,3179,804,-1794
372,BP,2020-09-09,0 days 15:59:01.248992,73988,20.33,20.32,55299,74424,-6460,3940
373,BRFS,2020-09-09,0 days 15:55:00.238351,15229,3.78,3.77,75588,113591,4551,-2085
374,BRFS,2020-09-09,0 days 15:59:06.249649,19780,3.78,3.77,98752,163745,-1592,261
375,BRFS,2020-09-09,0 days 15:59:14.249007,21372,3.78,3.77,82640,171214,1364,-1336
376,BRK.B,2020-09-09,0 days 15:58:24.236760,692018,219.5,219.44,100,200,10081,-51259
377,BRK.B,2020-09-09,0 days 15:59:57.258326,722187,219.74,219.64,4328,8100,-66169,2741
378,BRK.B,2020-09-09,0 days 15:59:58.258775,779811,219.69,219.54,2266,200,17773,-66169
379,BRX,2020-09-09,0 days 15:55:00.887206,161129,12.6,12.59,7680,14841,-32922,46927
380,BRX,2020-09-09,0 days 15:55:01.884488,155151,12.6,12.59,7779,19584,5978,-32922
381,BSX,2020-09-09,0 days 15:56:00.231554,371714,41.69,41.68,6577,2104,1865,-592
382,BSX,2020-09-09,0 days 15:56:01.232297,369879,41.7,41.69,5437,3900,-1835,1865
383,BSX,2020-09-09,0 days 15:57:40.233397,373116,41.65,41.64,4877,6228,-2026,5474
384,BSX,2020-09-09,0 days 15:57:50.234211,375142,41.63,41.62,9312,600,1174,-1826
385,BSX,2020-09-09,0 days 15:57:51.234682,373116,41.63,41.62,8712,800,-1826,1174
386,BSX,2020-09-09,0 days 15:58:55.236904,391112,41.58,41.57,5586,5420,-2964,2779
387,BSX,2020-09-09,0 days 15:59:07.238102,398574,41.57,41.56,3407,4869,173,-1739
388,BSX,2020-09-09,0 days 15:59:08.237688,398747,41.57,41.56,3608,4269,-393,173
389,BSX,2020-09-09,0 days 15:59:23.238609,408878,41.56,41.55,3935,11243,-4157,2586
390,BSX,2020-09-09,0 days 15:59:47.249612,411945,41.53,41.52,13312,2300,-1637,4063
391,BTI,2020-09-09,0 days 15:56:04.242521,17261,34.95,34.94,3945,4291,-1865,3135
392,BTI,2020-09-09,0 days 15:59:06.249831,23881,34.91,34.9,8251,2393,-226,391
393,BUD,2020-09-09,0 days 15:57:11.242450,16538,57.3,57.27,1505,641,338,-162
394,BUD,2020-09-09,0 days 15:57:12.241267,15676,57.3,57.27,1505,641,-862,338
395,BUD,2020-09-09,0 days 15:59:05.247565,17709,57.22,57.2,209,400,20,-384
396,BUD,2020-09-09,0 days 15:59:08.247032,17729,57.22,57.19,287,700,-5,20
397,BUD,2020-09-09,0 days 15:59:19.248184,18558,57.22,57.2,225,300,105,-471
398,BUD,2020-09-09,0 days 15:59:22.248505,22463,57.22,57.2,471,400,-466,105
399,BUD,2020-09-09,0 days 15:59:46.249277,23035,57.19,57.17,333,300,160,-272
400,BVN,2020-09-09,0 days 15:58:22.248549,97601,13.17,13.16,3979,5642,-6869,9402
401,BVN,2020-09-09,0 days 15:58:23.248120,96470,13.17,13.16,4179,4143,1131,-6869
402,BVN,2020-09-09,0 days 15:59:07.251379,102393,13.16,13.15,1051,3000,-16780,973
403,BVN,2020-09-09,0 days 15:59:08.250702,101708,13.16,13.14,5848,3003,685,-16780
404,BVN,2020-09-09,0 days 15:59:09.251351,102393,13.16,13.15,1548,3904,-215,685
405,BWA,2020-09-09,0 days 15:55:00.231123,135502,42.4,42.39,1606,1759,737,-12297
406,BWA,2020-09-09,0 days 15:55:46.233929,139416,42.38,42.37,3462,300,-2180,231
407,BWA,2020-09-09,0 days 15:55:47.233792,139196,42.38,42.37,2818,700,20,-2180
408,BWA,2020-09-09,0 days 15:56:51.234786,139609,42.37,42.36,3087,1552,-306,434
409,BWA,2020-09-09,0 days 15:57:58.237181,140209,42.33,42.32,932,2057,-106,294
410,BWA,2020-09-09,0 days 15:57:59.236217,139515,42.33,42.32,932,2357,694,-106
411,BWA,2020-09-09,0 days 15:58:00.238570,131898,42.33,42.32,1845,2657,-6117,694
412,BWA,2020-09-09,0 days 15:59:05.239630,135762,42.29,42.28,803,2300,1620,-217
413,BWA,2020-09-09,0 days 15:59:07.239883,146028,42.3,42.29,2400,1004,-77,7923
414,BWA,2020-09-09,0 days 15:59:08.239126,145330,42.3,42.29,3000,300,698,-77
415,BWA,2020-09-09,0 days 15:59:25.239373,144444,42.32,42.31,2446,872,67,-833
416,BWA,2020-09-09,0 days 15:59:36.237813,144244,42.31,42.3,635,3192,267,-3633
417,BWA,2020-09-09,0 days 15:59:55.239992,145393,42.33,42.32,1000,1891,-3024,1386
418,BWA,2020-09-09,0 days 15:59:58.243555,148417,42.31,42.28,2017,500,1386,-3024
419,BX,2020-09-09,0 days 15:57:34.235253,345904,51.7,51.69,398,900,-381,619
420,BX,2020-09-09,0 days 15:57:35.234933,343285,51.7,51.69,998,100,2619,-381
421,BX,2020-09-09,0 days 15:57:36.234945,345904,51.7,51.69,300,900,-781,2619
422,BX,2020-09-09,0 days 15:57:37.235695,343585,51.69,51.68,818,500,2319,-781
423,BX,2020-09-09,0 days 15:58:01.236859,345904,51.7,51.69,659,1414,-1671,2119
424,BX,2020-09-09,0 days 15:58:02.236620,343675,51.7,51.69,1259,982,2229,-1671
425,BX,2020-09-09,0 days 15:58:22.237783,343240,51.66,51.65,1287,300,-4335,1165
426,BX,2020-09-09,0 days 15:58:23.237184,341427,51.66,51.65,1107,1000,1813,-4335
427,BX,2020-09-09,0 days 15:58:26.237999,343240,51.66,51.65,420,1300,-587,1713
428,BX,2020-09-09,0 days 15:58:27.239100,341427,51.67,51.66,1161,557,1813,-587
429,BX,2020-09-09,0 days 15:59:15.240679,343675,51.66,51.64,1103,767,1360,-2940
430,BX,2020-09-09,0 days 15:59:18.239946,348351,51.68,51.66,514,300,-4770,4173
431,BX,2020-09-09,0 days 15:59:19.240142,350421,51.68,51.66,821,100,1160,-4770
432,BX,2020-09-09,0 days 15:59:23.240605,351581,51.66,51.65,419,600,-15294,460
433,C,2020-09-09,0 days 15:58:00.251237,864637,51.39,51.38,3929,14224,-1262,6196
434,C,2020-09-09,0 days 15:59:07.253081,873118,51.39,51.38,2864,5079,88124,-5337
435,C,2020-09-09,0 days 15:59:12.252759,938870,51.45,51.44,5943,930,5544,-6856
436,CAG,2020-09-09,0 days 15:55:15.232705,444553,35.89,35.88,1646,5749,288,-2049
437,CAG,2020-09-09,0 days 15:55:31.233792,444641,35.9,35.89,3537,2859,-125,88
438,CAG,2020-09-09,0 days 15:56:04.235141,448635,35.86,35.85,2885,3495,725,-2084
439,CAG,2020-09-09,0 days 15:56:31.234642,449360,35.89,35.88,3215,3601,-2177,9035
440,CAG,2020-09-09,0 days 15:56:38.234619,451237,35.88,35.87,613,4376,151,-977
441,CAG,2020-09-09,0 days 15:59:23.239978,487977,35.84,35.82,5800,5734,-59,241
442,CAG,2020-09-09,0 days 15:59:26.238862,487436,35.84,35.83,4845,5482,541,-59
443,CAG,2020-09-09,0 days 15:59:28.238464,487977,35.84,35.83,6493,1916,-741,541
444,CAG,2020-09-09,0 days 15:59:39.237293,487977,35.81,35.8,4806,5274,-314,1886
445,CAH,2020-09-09,0 days 15:55:09.234680,121424,49.8,49.79,2359,200,-965,3867
446,CAH,2020-09-09,0 days 15:55:46.236466,125305,49.75,49.74,1344,900,35,-419
447,CAH,2020-09-09,0 days 15:55:47.236316,124940,49.75,49.74,1344,901,-365,35
448,CAH,2020-09-09,0 days 15:55:49.236448,125305,49.76,49.75,1244,200,257,-272
449,CAH,2020-09-09,0 days 15:55:50.236505,124962,49.76,49.75,1444,516,-343,257
450,CAH,2020-09-09,0 days 15:56:16.236794,127460,49.69,49.68,467,200,502,-398
451,CAH,2020-09-09,0 days 15:56:17.236670,127062,49.69,49.68,465,500,-398,502
452,CAH,2020-09-09,0 days 15:56:24.237124,127463,49.71,49.7,776,432,1276,-398
453,CAH,2020-09-09,0 days 15:56:25.237048,127239,49.73,49.72,348,300,-224,1276
454,CAH,2020-09-09,0 days 15:57:45.239886,135462,49.66,49.65,634,300,-767,233
455,CAH,2020-09-09,0 days 15:57:47.239360,136229,49.65,49.64,579,1355,433,-767
456,CAH,2020-09-09,0 days 15:57:48.238992,135462,49.65,49.64,799,1255,-767,433
457,CAH,2020-09-09,0 days 15:57:59.239411,136229,49.65,49.64,150,1665,33,-767
458,CAH,2020-09-09,0 days 15:58:07.240323,137662,49.66,49.65,988,300,-968,232
459,CAH,2020-09-09,0 days 15:58:38.242345,139712,49.62,49.61,437,269,-1137,1138
460,CAH,2020-09-09,0 days 15:59:29.243780,147362,49.57,49.56,908,400,-744,856
461,CAH,2020-09-09,0 days 15:59:39.244220,151211,49.56,49.55,100,750,1500,-13600
462,CAH,2020-09-09,0 days 15:59:40.245388,150511,49.56,49.55,100,1459,-700,1500
463,CARR,2020-09-09,0 days 15:55:40.233351,281380,30.2,30.19,3443,1941,-359,346
464,CARR,2020-09-09,0 days 15:55:41.233161,276539,30.2,30.19,2843,1941,4841,-359
465,CARR,2020-09-09,0 days 15:58:04.237173,308989,30.17,30.16,1200,1617,-13539,10815
466,CARR,2020-09-09,0 days 15:58:05.236605,303208,30.16,30.15,2086,1810,5781,-13539
467,CARR,2020-09-09,0 days 15:59:01.239878,312525,30.15,30.14,2113,6414,-1230,8797
468,CARR,2020-09-09,0 days 15:59:15.240679,313438,30.16,30.15,1694,3275,-2171,175
469,CARR,2020-09-09,0 days 15:59:36.250151,323136,30.15,30.14,1354,2616,-865,5100
470,CARR,2020-09-09,0 days 15:59:50.260636,318781,30.13,30.12,2336,2197,4355,-962
471,CAT,2020-09-09,0 days 15:56:47.233777,359591,153.04,152.99,500,200,326,-1174
472,CAT,2020-09-09,0 days 15:56:48.233566,355817,153.04,153.01,434,200,-3774,326
473,CAT,2020-09-09,0 days 15:58:58.239110,372418,152.73,152.7,400,2035,5954,-3160
474,CAT,2020-09-09,0 days 15:58:59.239087,371272,152.72,152.67,437,400,-1146,5954
475,CAT,2020-09-09,0 days 15:59:09.240128,378305,152.78,152.71,917,763,363,-1744
476,CAT,2020-09-09,0 days 15:59:10.241826,378668,152.76,152.71,400,200,-1394,363
477,CAT,2020-09-09,0 days 15:59:12.239940,376738,152.75,152.71,300,400,2330,-1770
478,CAT,2020-09-09,0 days 15:59:14.240415,379025,152.75,152.72,300,217,-2356,1757
479,CAT,2020-09-09,0 days 15:59:16.240046,377681,152.74,152.71,118,375,1644,-2356
480,CAT,2020-09-09,0 days 15:59:18.239921,376825,152.72,152.68,419,157,-856,5244
481,CAT,2020-09-09,0 days 15:59:19.240120,377681,152.72,152.68,619,201,1889,-856
482,CAT,2020-09-09,0 days 15:59:34.251710,378701,152.71,152.65,364,616,-2236,720
483,CAT,2020-09-09,0 days 15:59:42.250506,380937,152.75,152.68,626,200,5364,-5636
484,CAT,2020-09-09,0 days 15:59:50.260376,372146,152.53,152.48,314,1100,-8546,9054
485,CBL,2020-09-09,0 days 15:57:04.258179,12657,0.18,0.17,403157,2512,-24976,5093
486,CCI,2020-09-09,0 days 15:55:00.253055,158363,161.71,161.66,590,131,4006,-13608
487,CCI,2020-09-09,0 days 15:55:01.253846,157669,161.7,161.64,1375,602,-694,4006
488,CCI,2020-09-09,0 days 15:55:47.255979,158947,161.51,161.46,800,425,383,-753
489,CCI,2020-09-09,0 days 15:55:48.255894,158364,161.51,161.46,700,444,-583,383
490,CCI,2020-09-09,0 days 15:56:00.257842,158947,161.58,161.54,200,225,34217,-583
491,CCI,2020-09-09,0 days 15:57:17.258415,198960,161.56,161.53,100,100,-17048,38052
492,CCI,2020-09-09,0 days 15:57:18.259232,195608,161.52,161.45,327,243,3352,-17048
493,CCI,2020-09-09,0 days 15:59:23.251019,198221,161.18,161.12,401,251,1791,-2809
494,CCI,2020-09-09,0 days 15:59:28.250971,200012,161.24,161.15,125,1400,-337,1225
495,CCI,2020-09-09,0 days 15:59:31.251375,200109,161.17,161.14,400,100,3103,-337
496,CCI,2020-09-09,0 days 15:59:32.251237,200012,161.22,161.14,847,100,-337,3103
497,CCI,2020-09-09,0 days 15:59:35.251764,198490,161.26,161.18,729,200,1522,-337
498,CCI,2020-09-09,0 days 15:59:48.253429,202080,161.22,161.16,361,200,-289,75
499,CCI,2020-09-09,0 days 15:59:49.252480,201628,161.22,161.15,213,3200,452,-289
500,CCL,2020-09-09,0 days 15:55:00.239263,436641,17.75,17.74,22497,9910,-6780,43832
501,CCL,2020-09-09,0 days 15:55:23.241778,443202,17.74,17.73,23785,20134,4371,-1431
502,CCL,2020-09-09,0 days 15:55:24.241650,442273,17.74,17.73,28085,13734,-929,4371
503,CCL,2020-09-09,0 days 15:55:33.242335,449604,17.73,17.72,17961,15711,674,-1426
504,CCL,2020-09-09,0 days 15:55:34.242573,448378,17.73,17.72,20823,15013,-1226,674
505,CCL,2020-09-09,0 days 15:55:43.242330,449604,17.73,17.72,20412,24845,4174,-1226
506,CCL,2020-09-09,0 days 15:55:44.244004,452178,17.73,17.72,27523,20745,-1150,4174
507,CCL,2020-09-09,0 days 15:55:55.242697,453728,17.72,17.71,12691,24827,4379,-1321
508,CCL,2020-09-09,0 days 15:55:56.242934,452207,17.72,17.71,14091,23327,-1521,4379
509,CCL,2020-09-09,0 days 15:56:08.242697,455553,17.73,17.72,26833,18187,2443,-1746
510,CCL,2020-09-09,0 days 15:56:09.243355,454196,17.72,17.71,14495,21864,-1357,2443
511,CCL,2020-09-09,0 days 15:56:21.243954,456053,17.72,17.71,17177,17294,3043,-1557
512,CCL,2020-09-09,0 days 15:56:22.242827,455396,17.72,17.71,28487,2755,-657,3043
513,CCL,2020-09-09,0 days 15:57:59.246010,476656,17.71,17.7,26395,24181,2419,-2481
514,CCL,2020-09-09,0 days 15:58:00.248271,474375,17.71,17.7,26295,25411,-2281,2419
515,CCL,2020-09-09,0 days 15:58:20.248445,477556,17.71,17.7,43768,12052,3083,-874
516,CCL,2020-09-09,0 days 15:58:22.248549,475982,17.7,17.69,14068,27837,-2174,4883
517,CCL,2020-09-09,0 days 15:58:26.248759,477556,17.71,17.7,17903,26627,1183,-1574
518,CCL,2020-09-09,0 days 15:58:27.250406,475982,17.71,17.7,12085,30075,-1574,1183
519,CCL,2020-09-09,0 days 15:58:28.248730,477556,17.71,17.7,23157,30793,1383,-1574
520,CCL,2020-09-09,0 days 15:58:30.248608,475982,17.71,17.7,16257,30196,-1574,1783
521,CCL,2020-09-09,0 days 15:59:18.251277,474030,17.7,17.69,14036,17996,-3349,2603
522,CCL,2020-09-09,0 days 15:59:46.253419,513043,17.69,17.68,20049,30831,857,-1756
523,CCL,2020-09-09,0 days 15:59:47.253137,513900,17.69,17.68,18599,33841,-12964,857
524,CDAY,2020-09-09,0 days 15:59:06.251966,79988,77.66,77.64,380,200,10,-428
525,CDAY,2020-09-09,0 days 15:59:33.251836,137428,77.89,77.83,1117,300,-2052,12500
526,CDAY,2020-09-09,0 days 15:59:39.252023,134431,77.89,77.81,2342,100,2897,-2375
527,CDAY,2020-09-09,0 days 15:59:55.252492,140549,77.74,77.61,143,616,1931,-2521
528,CDAY,2020-09-09,0 days 15:59:56.254234,140540,77.79,77.64,2800,1688,-1675,1931
529,CDE,2020-09-09,0 days 15:58:01.248655,107302,7.9,7.89,22284,20218,-10141,1849
530,CDE,2020-09-09,0 days 15:58:02.248444,105243,7.9,7.89,24384,18618,2059,-10141
531,CDE,2020-09-09,0 days 15:58:59.251548,109232,7.89,7.88,14355,22747,-9031,2751
532,CDE,2020-09-09,0 days 15:59:00.255911,108763,7.89,7.88,15555,19990,188,-9031
533,CF,2020-09-09,0 days 15:59:22.251735,102739,32.34,32.33,3480,759,1912,-782
534,CF,2020-09-09,0 days 15:59:38.253348,111686,32.34,32.33,4199,2474,-15153,705
535,CF,2020-09-09,0 days 15:59:39.251906,111239,32.33,32.32,1860,2085,447,-15153
536,CFG,2020-09-09,0 days 15:58:12.247673,523814,27.12,27.11,2916,10041,283,-2021
537,CFG,2020-09-09,0 days 15:58:16.248155,515997,27.12,27.11,5798,6815,-5957,1783
538,CFG,2020-09-09,0 days 15:58:53.249840,522712,27.11,27.1,2845,12599,-742,8501
539,CFG,2020-09-09,0 days 15:59:01.251201,525206,27.1,27.09,3942,15396,1666,-594
540,CFG,2020-09-09,0 days 15:59:34.253020,564268,27.14,27.13,2564,11943,-18458,2564
541,CFG,2020-09-09,0 days 15:59:35.252207,582783,27.14,27.13,1497,11229,9425,-18458
542,CFG,2020-09-09,0 days 15:59:37.252418,581568,27.14,27.13,4553,11769,-1215,2885
543,CFG,2020-09-09,0 days 15:59:48.253965,579890,27.12,27.11,2596,11544,-937,966
544,CFG,2020-09-09,0 days 15:59:49.252707,580314,27.12,27.11,8693,3902,1476,-937
545,CFG,2020-09-09,0 days 15:59:50.258264,575990,27.12,27.11,3898,20871,-3860,1476
546,CGC,2020-09-09,0 days 15:55:10.253460,21852,16.37,16.36,460,1409,11,-786
547,CGC,2020-09-09,0 days 15:55:11.253855,21463,16.37,16.36,460,1409,-389,11
548,CGC,2020-09-09,0 days 15:55:41.254970,21852,16.37,16.36,1171,3405,11,-382
549,CGC,2020-09-09,0 days 15:55:42.255234,21563,16.37,16.36,1171,2325,-289,11
550,CGC,2020-09-09,0 days 15:56:28.256969,21852,16.37,16.36,1007,1789,1423,-477
551,CGC,2020-09-09,0 days 15:56:29.256863,21675,16.37,16.36,214,2389,-177,1423
552,CGC,2020-09-09,0 days 15:59:01.252617,22352,16.36,16.35,3502,100,403,-919
553,CGC,2020-09-09,0 days 15:59:10.253688,22352,16.36,16.35,2618,1949,33,-123
554,CGC,2020-09-09,0 days 15:59:11.252739,21985,16.36,16.35,2618,1949,-208,33
555,CGC,2020-09-09,0 days 15:59:17.251161,24452,16.36,16.35,3449,1549,453,-208
556,CHGG,2020-09-09,0 days 15:59:18.243832,123553,68.14,68.13,413,901,4533,-2816
557,CHGG,2020-09-09,0 days 15:59:19.243500,121286,68.14,68.13,413,1001,-2179,4533
558,CHGG,2020-09-09,0 days 15:59:26.244365,121604,68.11,68.08,500,602,-1872,2128
559,CHGG,2020-09-09,0 days 15:59:34.245008,123476,68.08,68.06,996,1056,5660,-170
560,CHGG,2020-09-09,0 days 15:59:35.245004,122136,68.08,68.07,546,726,-1340,5660
561,CHGG,2020-09-09,0 days 15:59:46.245770,124076,68.08,68.07,400,252,1006,-460
562,CHGG,2020-09-09,0 days 15:59:48.246489,123382,68.07,68.06,200,228,-694,1006
563,CHWY,2020-09-09,0 days 15:55:53.256372,161198,61.78,61.76,200,100,-311898,5638
564,CHWY,2020-09-09,0 days 15:57:11.261181,167892,61.71,61.69,100,600,-335486,3750
565,CHWY,2020-09-09,0 days 15:57:29.247684,167892,61.67,61.66,400,992,-334986,4250
566,CHWY,2020-09-09,0 days 15:57:44.250797,127630,61.61,61.57,892,403,43562,-297686
567,CHWY,2020-09-09,0 days 15:58:15.252259,171287,61.61,61.58,100,300,-334779,4530
568,CIEN,2020-09-09,0 days 15:55:00.236726,385435,42.0,41.97,604,1173,-6944,47371
569,CIEN,2020-09-09,0 days 15:56:17.239195,392697,41.89,41.87,649,600,803,-497
570,CIEN,2020-09-09,0 days 15:56:19.240001,384800,41.88,41.87,300,300,-7897,803
571,CIEN,2020-09-09,0 days 15:57:43.242659,393698,41.92,41.91,1878,3266,256,-2944
572,CIEN,2020-09-09,0 days 15:57:44.243709,391854,41.92,41.91,1562,3638,-1844,256
573,CIEN,2020-09-09,0 days 15:57:49.242988,393698,41.93,41.92,300,2284,4856,-4644
574,CIEN,2020-09-09,0 days 15:58:16.244515,393998,41.94,41.93,5896,2031,1817,-1383
575,CIEN,2020-09-09,0 days 15:58:17.244534,392415,41.94,41.93,5596,2131,-1583,1817
576,CIEN,2020-09-09,0 days 15:58:20.244910,393998,41.92,41.91,1382,247,6817,-1583
577,CIEN,2020-09-09,0 days 15:58:29.244913,393998,41.95,41.94,600,100,1387,-3613
578,CIEN,2020-09-09,0 days 15:58:30.245252,392185,41.95,41.93,1200,1705,-1813,1387
579,CIEN,2020-09-09,0 days 15:59:20.248078,397530,41.95,41.94,537,1072,-1141,5360
580,CIEN,2020-09-09,0 days 15:59:22.248505,399314,41.95,41.94,1255,1487,8715,-415
581,CIG,2020-09-09,0 days 15:59:36.244494,72031,2.15,2.14,531952,165275,-24606,29194
582,CIG,2020-09-09,0 days 15:59:37.245918,70437,2.15,2.14,534752,165175,1594,-24606
583,CIM,2020-09-09,0 days 15:55:30.235087,112778,8.78,8.77,38836,14951,134,-1766
584,CIM,2020-09-09,0 days 15:55:38.234084,109312,8.78,8.77,36085,26501,-3466,134
585,CIM,2020-09-09,0 days 15:57:54.235942,119915,8.77,8.76,28659,59192,45,-1055
586,CIM,2020-09-09,0 days 15:57:56.235945,115260,8.77,8.76,25928,61940,-4655,45
587,CIM,2020-09-09,0 days 15:59:06.240545,127085,8.76,8.75,46736,28115,10901,-7574
588,CIM,2020-09-09,0 days 15:59:14.240272,115740,8.76,8.75,33782,43603,-11345,511
589,CL,2020-09-09,0 days 15:59:06.252071,427917,77.51,77.49,1300,1300,2449,-974
590,CL,2020-09-09,0 days 15:59:07.251340,425918,77.53,77.52,700,400,-5422,2449
591,CL,2020-09-09,0 days 15:59:09.251331,438538,77.54,77.53,700,200,9247,-10135
592,CL,2020-09-09,0 days 15:59:10.253019,434685,77.54,77.53,1300,471,-3853,9247
593,CL,2020-09-09,0 days 15:59:21.252567,441245,77.57,77.56,401,2140,6556,-790
594,CL,2020-09-09,0 days 15:59:22.250387,438401,77.56,77.55,400,821,-2844,6556
595,CL,2020-09-09,0 days 15:59:24.250820,441245,77.59,77.57,1002,100,325,-4407
596,CL,2020-09-09,0 days 15:59:30.254339,441412,77.57,77.56,823,652,-1102,1798
597,CL,2020-09-09,0 days 15:59:49.252312,443232,77.54,77.53,500,1302,-101,5770
598,CLDR,2020-09-09,0 days 15:56:08.245806,192280,11.51,11.5,26857,24393,1085,-2190
599,CLDR,2020-09-09,0 days 15:56:09.246542,185565,11.51,11.5,29657,22493,-6715,1085
600,CLDR,2020-09-09,0 days 15:59:15.252515,202284,11.54,11.53,2711,31403,11521,-7840
601,CLDR,2020-09-09,0 days 15:59:21.252646,202829,11.54,11.53,13000,22950,81276,-427
602,CLF,2020-09-09,0 days 15:55:43.241283,295451,6.25,6.24,75760,30085,3919,-2785
603,CLF,2020-09-09,0 days 15:58:01.248197,295524,6.24,6.23,72262,33473,-4949,3600
604,CLF,2020-09-09,0 days 15:59:13.249634,304703,6.24,6.23,70675,72145,297,-1483
605,CLI,2020-09-09,0 days 15:59:47.886911,127332,13.57,13.56,2480,3371,-201,8471
606,CLNY,2020-09-09,0 days 15:59:14.247252,211599,2.68,2.67,15590,61870,19945,-3874
607,CLNY,2020-09-09,0 days 15:59:37.248547,203644,2.69,2.68,44981,35603,-16798,602
608,CLNY,2020-09-09,0 days 15:59:46.249100,220442,2.69,2.68,51851,34111,6532,-868
609,CLNY,2020-09-09,0 days 15:59:47.249415,218874,2.69,2.68,56150,33811,-1568,6532
610,CMS,2020-09-09,0 days 15:55:00.243526,228064,62.01,62.0,1222,639,-6972,31479
611,CMS,2020-09-09,0 days 15:55:01.243683,220936,62.0,61.99,1000,745,7128,-6972
612,CMS,2020-09-09,0 days 15:59:02.253661,283091,61.71,61.69,274,700,-4136,2801
613,CMS,2020-09-09,0 days 15:59:03.252140,276329,61.71,61.7,975,116,4403,-4136
614,CMS,2020-09-09,0 days 15:59:15.252559,279364,61.71,61.69,500,1200,4055,-8665
615,CMS,2020-09-09,0 days 15:59:22.250539,291804,61.69,61.68,365,501,-9933,7840
616,CMS,2020-09-09,0 days 15:59:23.250226,284020,61.68,61.67,301,400,6584,-9933
617,CMS,2020-09-09,0 days 15:59:36.251728,284710,61.74,61.73,462,1712,1692,-4948
618,CNC,2020-09-09,0 days 15:58:26.248691,234879,57.44,57.43,300,339,-1106,1194
619,CNC,2020-09-09,0 days 15:58:35.249140,237985,57.41,57.4,482,297,394,-806
620,CNC,2020-09-09,0 days 15:58:38.251165,234879,57.43,57.4,500,874,-3106,394
621,CNC,2020-09-09,0 days 15:59:00.253764,237985,57.41,57.38,1000,798,2605,-811
622,CNC,2020-09-09,0 days 15:59:01.250996,237190,57.41,57.4,300,1036,-795,2605
623,CNC,2020-09-09,0 days 15:59:04.251052,240427,57.41,57.4,500,1236,9842,-1237
624,CNC,2020-09-09,0 days 15:59:26.252111,273194,57.41,57.39,1500,770,-2310,2290
625,CNC,2020-09-09,0 days 15:59:28.251546,276404,57.38,57.37,100,216,190,-3210
626,CNC,2020-09-09,0 days 15:59:29.251798,276794,57.38,57.37,200,218,-2810,190
627,CNHI,2020-09-09,0 days 15:58:20.248255,38145,8.48,8.47,48570,48354,-16758,22442
628,CNHI,2020-09-09,0 days 15:58:21.248054,35603,8.48,8.47,51170,47754,2542,-16758
629,CNHI,2020-09-09,0 days 15:58:37.247898,40863,8.48,8.47,46865,65749,-16505,23677
630,CNHI,2020-09-09,0 days 15:58:38.251002,38268,8.48,8.47,49365,65549,2595,-16505
631,CNHI,2020-09-09,0 days 15:59:06.251681,43838,8.48,8.47,56017,44201,-451,1070
632,CNHI,2020-09-09,0 days 15:59:23.251580,43106,8.48,8.47,50175,54131,1932,-3668
633,CNP,2020-09-09,0 days 15:55:13.234895,258951,19.56,19.55,11282,7426,692,-2108
634,CNP,2020-09-09,0 days 15:55:14.235799,258343,19.56,19.55,11082,8827,-608,692
635,CNP,2020-09-09,0 days 15:55:32.236024,258951,19.56,19.55,9661,9951,292,-508
636,CNP,2020-09-09,0 days 15:55:33.235937,255343,19.56,19.55,10013,9951,-3608,292
637,CNP,2020-09-09,0 days 15:55:55.235951,264052,19.55,19.54,14233,4982,3010,-790
638,CNP,2020-09-09,0 days 15:55:56.236292,263762,19.55,19.54,14133,5585,-290,3010
639,CNP,2020-09-09,0 days 15:56:08.236530,264337,19.54,19.53,11516,7579,50,-575
640,CNP,2020-09-09,0 days 15:56:09.237075,264187,19.54,19.53,11649,7960,-150,50
641,CNP,2020-09-09,0 days 15:57:19.238953,266975,19.52,19.51,18459,3766,1689,-211
642,CNP,2020-09-09,0 days 15:59:40.244483,276324,19.52,19.51,10047,11918,9670,-386
643,CNQ,2020-09-09,0 days 15:55:00.887000,81113,18.48,18.47,14111,5532,-37668,47933
644,CNQ,2020-09-09,0 days 15:55:01.884346,79981,18.48,18.47,17417,7732,1132,-37668
645,CNQ,2020-09-09,0 days 15:55:46.886707,80078,18.49,18.48,25686,6393,1035,-1165
646,CNQ,2020-09-09,0 days 15:59:46.886924,89628,18.45,18.44,8173,23901,-6527,683
647,CNX,2020-09-09,0 days 15:55:00.238395,344363,10.66,10.65,4203,8863,-484,38165
648,CNX,2020-09-09,0 days 15:55:22.240875,344847,10.65,10.64,13226,4024,516,-484
649,CNX,2020-09-09,0 days 15:56:08.241293,354005,10.65,10.64,8615,3886,-3222,826
650,CNX,2020-09-09,0 days 15:56:10.241913,353857,10.65,10.64,9565,3283,148,-3952
651,CNX,2020-09-09,0 days 15:58:25.246492,368416,10.64,10.63,12412,7385,-2551,749
652,CNX,2020-09-09,0 days 15:58:27.247540,367567,10.64,10.63,12553,6997,849,-2551
653,CNX,2020-09-09,0 days 15:58:28.247007,368416,10.64,10.63,11093,8297,-2551,849
654,CNX,2020-09-09,0 days 15:58:29.248116,367567,10.64,10.63,11675,6775,849,-2551
655,CNX,2020-09-09,0 days 15:58:55.247285,368643,10.64,10.63,12177,5052,-2345,3655
656,CNX,2020-09-09,0 days 15:59:23.247984,388195,10.63,10.62,7965,2500,4715,-13548
657,CNX,2020-09-09,0 days 15:59:24.247911,386810,10.63,10.62,8272,3070,-1385,4715
658,CNX,2020-09-09,0 days 15:59:25.248180,382095,10.62,10.61,2292,10221,4715,-1385
659,CNX,2020-09-09,0 days 15:59:26.249737,381110,10.62,10.61,3182,11776,-1086,4715
660,CNX,2020-09-09,0 days 15:59:39.248601,388296,10.63,10.62,15451,2740,1303,-1214
661,CNX,2020-09-09,0 days 15:59:43.248585,382196,10.62,10.61,5868,12947,8003,-997
662,CNX,2020-09-09,0 days 15:59:44.250065,381799,10.62,10.61,4290,14667,-397,8003
663,COF,2020-09-09,0 days 15:58:52.247922,184269,70.52,70.51,1103,200,809,-4991
664,COF,2020-09-09,0 days 15:58:53.247990,181178,70.51,70.5,602,193,-3091,809
665,COF,2020-09-09,0 days 15:59:15.248271,185026,70.58,70.57,1571,489,133,-404
666,COF,2020-09-09,0 days 15:59:22.249296,185401,70.57,70.56,1524,580,15532,-242
667,COF,2020-09-09,0 days 15:59:23.247914,184433,70.57,70.56,1117,626,-968,15532
668,COF,2020-09-09,0 days 15:59:46.248919,192936,70.57,70.56,346,100,747,-348
669,COF,2020-09-09,0 days 15:59:53.245585,193883,70.57,70.55,549,1451,-3113,1387
670,COG,2020-09-09,0 days 15:55:03.236949,331388,18.61,18.6,8688,6206,-642,3610
671,COG,2020-09-09,0 days 15:55:04.236573,327330,18.61,18.6,8387,6518,4058,-642
672,COG,2020-09-09,0 days 15:57:03.240794,354723,18.62,18.61,11586,9827,-1228,7101
673,COG,2020-09-09,0 days 15:57:04.240516,349851,18.62,18.61,12952,8519,4872,-1228
674,COG,2020-09-09,0 days 15:57:36.241952,355423,18.6,18.59,10935,7562,-6788,846
675,COG,2020-09-09,0 days 15:57:37.242319,351711,18.59,18.58,1768,9035,3712,-6788
676,COG,2020-09-09,0 days 15:57:54.243172,358323,18.6,18.59,8171,7959,-77,1323
677,COG,2020-09-09,0 days 15:57:55.243387,355200,18.6,18.59,10371,6305,3123,-77
678,COG,2020-09-09,0 days 15:57:57.243393,359523,18.59,18.58,7499,8434,-11778,4223
679,COG,2020-09-09,0 days 15:58:48.247080,376936,18.59,18.58,23774,3634,4287,-1613
680,COG,2020-09-09,0 days 15:58:49.245722,375823,18.59,18.58,23091,3634,-1113,4287
681,COG,2020-09-09,0 days 15:59:37.248641,408957,18.58,18.57,6098,12583,-1539,11757
682,COG,2020-09-09,0 days 15:59:46.249223,414406,18.58,18.57,3798,13026,-3351,6053
683,COG,2020-09-09,0 days 15:59:47.249503,412557,18.58,18.57,4098,11426,1849,-3351
684,COG,2020-09-09,0 days 15:59:48.249910,411930,18.58,18.57,4698,14956,-1862,1849
685,COP,2020-09-09,0 days 15:59:12.239942,598483,34.49,34.48,4123,5743,3040,-637
686,COP,2020-09-09,0 days 15:59:16.239527,594195,34.49,34.48,4096,7484,-4288,40212
687,COP,2020-09-09,0 days 15:59:28.238588,600682,34.47,34.46,2862,3153,2445,-1644
688,COP,2020-09-09,0 days 15:59:35.237536,597505,34.48,34.47,3106,4698,-3177,11723
689,COP,2020-09-09,0 days 15:59:47.239363,600623,34.46,34.45,6171,585,-58,6141
690,COP,2020-09-09,0 days 15:59:48.239362,600681,34.45,34.44,1205,5058,3086,-58
691,COP,2020-09-09,0 days 15:59:50.243367,579744,34.46,34.45,4090,2640,-20938,2663
692,COTY,2020-09-09,0 days 15:55:33.234280,423712,3.7,3.69,194716,137139,-6898,10002
693,COTY,2020-09-09,0 days 15:55:34.234232,413510,3.7,3.69,193216,137039,10202,-6898
694,COTY,2020-09-09,0 days 15:59:01.239718,456949,3.7,3.69,315742,74948,-21041,37059
695,COTY,2020-09-09,0 days 15:59:02.240476,459490,3.7,3.69,317342,74170,1581,-21041
696,COTY,2020-09-09,0 days 15:59:47.251374,508081,3.7,3.69,328249,69906,1465,-16835
697,CPB,2020-09-09,0 days 15:55:00.238680,210093,45.67,45.66,800,2139,3468,-21832
698,CPB,2020-09-09,0 days 15:55:22.241462,217188,45.7,45.69,1318,1938,-105,695
699,CPB,2020-09-09,0 days 15:55:23.241576,216893,45.69,45.68,1018,739,295,-105
700,CPB,2020-09-09,0 days 15:55:27.242811,217888,45.69,45.68,2285,920,-1205,295
701,CPB,2020-09-09,0 days 15:55:37.243531,218988,45.67,45.66,1759,2666,-1047,189
702,CPB,2020-09-09,0 days 15:55:38.241651,218835,45.67,45.66,1859,3257,153,-1047
703,CPB,2020-09-09,0 days 15:56:37.242823,225675,45.68,45.67,893,2178,745,-655
704,CPB,2020-09-09,0 days 15:58:09.247625,257081,45.62,45.61,1764,1839,-3016,1206
705,CPB,2020-09-09,0 days 15:58:10.247589,254397,45.61,45.6,2002,1335,2684,-3016
706,CPB,2020-09-09,0 days 15:58:22.248405,257081,45.61,45.6,500,1053,-1716,2684
707,CPB,2020-09-09,0 days 15:58:23.247889,254397,45.61,45.6,800,1153,2684,-1716
708,CPB,2020-09-09,0 days 15:58:28.248557,257081,45.62,45.6,1161,1875,-1516,2684
709,CPB,2020-09-09,0 days 15:58:29.248656,254397,45.61,45.6,250,4055,2684,-1516
710,CPB,2020-09-09,0 days 15:59:16.250934,257790,45.6,45.59,700,1974,-2273,1427
711,CPB,2020-09-09,0 days 15:59:17.251969,255843,45.6,45.59,1300,1618,1947,-2273
712,CPB,2020-09-09,0 days 15:59:34.252735,259292,45.6,45.59,1000,1200,-2683,1017
713,CPB,2020-09-09,0 days 15:59:47.252766,262528,45.59,45.58,1076,1103,464,-1036
714,CPRI,2020-09-09,0 days 15:55:05.234244,62453,18.03,18.02,1937,3046,-45,145
715,CPRI,2020-09-09,0 days 15:55:33.236845,64457,18.03,18.02,3757,2721,396,-304
716,CPRI,2020-09-09,0 days 15:57:56.241633,75829,18.0,17.99,5952,1183,2326,-1874
717,CPRI,2020-09-09,0 days 15:57:57.241727,73755,18.0,17.99,6052,1783,-2074,2326
718,CPRI,2020-09-09,0 days 15:57:59.241445,75929,18.0,17.99,3954,4163,1626,-2074
719,CPRI,2020-09-09,0 days 15:58:02.242072,75462,18.0,17.99,4354,3871,-467,1426
720,CPRI,2020-09-09,0 days 15:58:07.243141,75929,18.0,17.99,6827,2671,333,-467
721,CPRI,2020-09-09,0 days 15:58:08.241603,75462,18.0,17.99,8042,1776,-467,333
722,CPRI,2020-09-09,0 days 15:58:13.241877,75929,18.0,17.99,5827,3838,933,-467
723,CPRI,2020-09-09,0 days 15:58:15.241811,75462,18.0,17.99,6327,2586,-467,633
724,CPRI,2020-09-09,0 days 15:58:37.241878,75929,17.99,17.98,7495,6283,817,-267
725,CRK,2020-09-09,0 days 15:55:00.254025,33236,5.07,5.06,6608,3981,-880,1212
726,CRK,2020-09-09,0 days 15:55:33.255426,34716,5.07,5.06,17801,2881,20,-680
727,CRK,2020-09-09,0 days 15:59:01.252873,42566,5.06,5.05,13596,5688,1236,-3632
728,CRK,2020-09-09,0 days 15:59:22.251379,46202,5.06,5.05,4904,10587,-5933,1556
729,CRM,2020-09-09,0 days 15:59:26.244234,903137,251.28,251.19,300,400,-10083,28487
730,CRM,2020-09-09,0 days 15:59:27.243468,898598,251.18,251.08,761,200,21239,-10083
731,CRM,2020-09-09,0 days 15:59:48.246292,929197,250.48,250.46,100,4300,-16668,5053
732,CRM,2020-09-09,0 days 15:59:50.249477,925626,250.41,250.26,148,7200,3571,-2902
733,CRM,2020-09-09,0 days 15:59:52.245595,929197,250.51,250.33,127,102,-263,3571
734,CRM,2020-09-09,0 days 15:59:55.246126,926351,250.51,250.38,986,1164,2846,-5298
735,CRM,2020-09-09,0 days 15:59:56.247608,929197,250.59,250.42,1500,701,-3488,2846
736,CS,2020-09-09,0 days 15:59:01.239878,98384,10.77,10.76,122688,154265,48589,-61511
737,CS,2020-09-09,0 days 15:59:02.240665,93973,10.77,10.76,121376,155065,-4605,48589
738,CS,2020-09-09,0 days 15:59:09.240148,98578,10.77,10.76,145234,152865,628,-4405
739,CS,2020-09-09,0 days 15:59:15.240664,99206,10.77,10.76,126611,149651,-107,628
740,CS,2020-09-09,0 days 15:59:22.241190,99313,10.77,10.76,155704,129151,6319,-107
741,CS,2020-09-09,0 days 15:59:23.240593,95632,10.77,10.76,153881,127451,-3681,6319
742,CS,2020-09-09,0 days 15:59:46.250075,99313,10.77,10.76,176258,125940,6568,-1931
743,CS,2020-09-09,0 days 15:59:47.251511,97181,10.77,10.76,185155,93990,-2132,6568
744,CTL,2020-09-09,0 days 15:59:07.251379,1989655,10.85,10.84,65934,35141,-20521,21804
745,CTL,2020-09-09,0 days 15:59:08.250702,1970376,10.85,10.84,69625,31993,19279,-20521
746,CTL,2020-09-09,0 days 15:59:16.251203,1979448,10.85,10.84,56714,42970,14436,-67074
747,CTL,2020-09-09,0 days 15:59:22.251904,1993884,10.85,10.84,53018,52397,-48356,15435
748,CTL,2020-09-09,0 days 15:59:23.251852,1985340,10.85,10.84,54138,49396,8544,-48356
749,CTL,2020-09-09,0 days 15:59:34.253008,1994462,10.84,10.83,66002,48800,-22853,16131
750,CTL,2020-09-09,0 days 15:59:45.254706,2001862,10.85,10.84,48284,69661,-10495,3847
751,CTLT,2020-09-09,0 days 15:55:00.238100,63794,85.01,84.99,492,773,4991,-7140
752,CTLT,2020-09-09,0 days 15:58:05.247013,69406,84.82,84.79,530,539,-1368,506
753,CTLT,2020-09-09,0 days 15:58:09.245917,70774,84.79,84.74,100,706,232,-268
754,CTLT,2020-09-09,0 days 15:58:10.241572,70506,84.78,84.77,230,365,-268,232
755,CTLT,2020-09-09,0 days 15:58:20.246467,70774,84.8,84.77,400,247,132,-268
756,CTLT,2020-09-09,0 days 15:58:22.242585,70006,84.8,84.77,200,499,-768,232
757,CTLT,2020-09-09,0 days 15:58:24.246518,70774,84.8,84.77,300,499,232,-768
758,CTLT,2020-09-09,0 days 15:58:25.245735,70506,84.8,84.77,300,537,-268,232
759,CTLT,2020-09-09,0 days 15:58:27.247042,70774,84.8,84.77,229,1438,332,-268
760,CTLT,2020-09-09,0 days 15:58:28.246546,69906,84.8,84.77,100,1589,-868,332
761,CTLT,2020-09-09,0 days 15:58:50.242864,70774,84.75,84.72,200,323,732,-268
762,CTLT,2020-09-09,0 days 15:58:51.242746,70606,84.78,84.74,300,331,-168,732
763,CTLT,2020-09-09,0 days 15:58:59.248262,71206,84.79,84.74,529,450,-185,5081
764,CTLT,2020-09-09,0 days 15:59:01.248672,71391,84.79,84.74,466,1570,7102,-185
765,CTLT,2020-09-09,0 days 15:59:03.247884,68749,84.79,84.74,466,2959,-2842,4502
766,CTLT,2020-09-09,0 days 15:59:06.249391,71591,84.79,84.71,976,1300,50,-242
767,CTLT,2020-09-09,0 days 15:59:07.248396,71341,84.79,84.74,977,131,-250,50
768,CTLT,2020-09-09,0 days 15:59:22.249104,72383,84.78,84.75,576,409,2870,-342
769,CTLT,2020-09-09,0 days 15:59:57.249380,72438,84.85,84.77,1100,1868,-2850,64
770,CTLT,2020-09-09,0 days 16:00:00.246223,72421,84.81,84.76,5095,11084,7351,-2803
771,CTVA,2020-09-09,0 days 15:57:38.244059,359499,28.78,28.77,2257,2087,822,-2478
772,CTVA,2020-09-09,0 days 15:57:39.244035,350421,28.78,28.77,2357,2464,-9078,822
773,CTVA,2020-09-09,0 days 15:59:06.249820,363373,28.76,28.75,3735,1911,17411,-11295
774,CTVA,2020-09-09,0 days 15:59:15.248398,361120,28.75,28.74,1300,2428,4666,-4018
775,CTVA,2020-09-09,0 days 15:59:16.247780,358286,28.76,28.75,1980,2867,-2834,4666
776,CTVA,2020-09-09,0 days 15:59:24.248019,359633,28.75,28.74,811,3755,-1651,2840
777,CTVA,2020-09-09,0 days 15:59:33.249102,361284,28.73,28.72,1044,4091,3814,-486
778,CTVA,2020-09-09,0 days 15:59:40.249460,360607,28.75,28.74,914,3676,-677,7223
779,CTVA,2020-09-09,0 days 15:59:45.250121,361647,28.75,28.74,2967,1000,2060,-1730
780,CUK,2020-09-09,0 days 15:56:28.232834,13124,14.68,14.67,3005,917,-748,952
781,CUK,2020-09-09,0 days 15:57:02.233940,14072,14.67,14.66,2066,509,352,-848
782,CUK,2020-09-09,0 days 15:57:03.234124,13924,14.67,14.66,1770,1509,-48,352
783,CUK,2020-09-09,0 days 15:57:20.234724,16700,14.66,14.65,2162,4551,1024,-376
784,CUK,2020-09-09,0 days 15:57:21.234659,16324,14.67,14.66,1804,1366,-276,1024
785,CVNA,2020-09-09,0 days 15:57:38.242224,25772,180.15,180.0,200,406,156,-44
786,CVNA,2020-09-09,0 days 15:57:39.242112,25028,180.15,180.0,200,406,-644,156
787,CVNA,2020-09-09,0 days 15:58:03.244263,25093,180.1,179.97,326,100,50398,-686
788,CVNA,2020-09-09,0 days 15:58:28.245291,18386,180.09,179.99,123,100,-9717,41367
789,CVNA,2020-09-09,0 days 15:58:33.245626,27524,180.06,179.81,256,100,50167,-917
790,CVNA,2020-09-09,0 days 15:58:45.246098,17625,180.09,179.98,114,100,-10478,40606
791,CVNA,2020-09-09,0 days 15:58:47.245971,27524,180.08,179.89,315,300,50006,-1078
792,CVNA,2020-09-09,0 days 15:59:02.247176,17642,180.09,179.98,300,115,-11830,40396
793,CVNA,2020-09-09,0 days 15:59:04.247291,27882,180.08,179.91,200,200,51965,-930
794,CVS,2020-09-09,0 days 15:56:06.243196,462711,59.68,59.67,622,2444,1140,-4660
795,CVS,2020-09-09,0 days 15:56:07.243071,458551,59.69,59.68,1740,2101,-4160,1140
796,CVS,2020-09-09,0 days 15:57:36.245371,470413,59.64,59.63,635,2007,3948,-1352
797,CVS,2020-09-09,0 days 15:57:37.245342,467461,59.64,59.63,3383,554,-2793,3948
798,CVS,2020-09-09,0 days 15:57:42.245818,470254,59.64,59.63,4409,1277,707,-893
799,CVS,2020-09-09,0 days 15:57:43.245295,465361,59.63,59.62,2193,2006,-4893,707
800,CVS,2020-09-09,0 days 15:58:19.248415,481870,59.59,59.58,4415,6752,10398,-7425
801,CVS,2020-09-09,0 days 15:58:20.248370,480468,59.59,59.58,4416,7380,-1402,10398
802,CVS,2020-09-09,0 days 15:58:52.249346,483670,59.56,59.55,1377,5141,3901,-1999
803,CVS,2020-09-09,0 days 15:58:53.249702,482270,59.56,59.55,3308,3632,-1400,3901
804,CVS,2020-09-09,0 days 15:59:05.251634,484980,59.56,59.55,1474,4358,4223,-1777
805,CVS,2020-09-09,0 days 15:59:06.251799,483603,59.55,59.54,1792,9903,-8305,4223
806,CVS,2020-09-09,0 days 15:59:22.251735,496722,59.55,59.54,3333,7426,807,-227
807,CVS,2020-09-09,0 days 15:59:23.251689,496639,59.56,59.55,1537,4181,-133,807
808,CVS,2020-09-09,0 days 15:59:26.252090,497337,59.56,59.55,2512,3479,2,-98
809,CVX,2020-09-09,0 days 15:57:38.235007,929763,80.26,80.25,420,500,-14,16833
810,CVX,2020-09-09,0 days 15:59:15.240679,1036598,80.2,80.19,1450,482,-139485,38883
811,CVX,2020-09-09,0 days 15:59:42.250517,1167024,80.05,80.03,962,1235,7653,-17467
812,CVX,2020-09-09,0 days 15:59:43.250125,1159877,80.06,80.05,227,500,-5948,7653
813,CVX,2020-09-09,0 days 15:59:45.251532,1168300,80.02,80.01,521,3439,7210,-5948
814,CVX,2020-09-09,0 days 15:59:46.250166,1159110,80.03,80.02,341,700,-9277,7210
815,CWH,2020-09-09,0 days 15:59:38.251494,200210,35.41,35.4,1179,223,6022,-5284
816,CX,2020-09-09,0 days 15:55:00.886175,106107,3.22,3.21,185818,53437,30429,-66189
817,CX,2020-09-09,0 days 15:55:01.884050,76836,3.22,3.21,212453,42603,-29271,30429
818,CXO,2020-09-09,0 days 15:55:27.238482,142840,49.06,49.03,800,772,4300,-900
819,CXO,2020-09-09,0 days 15:56:51.240496,150775,49.03,49.01,950,300,-2130,518
820,CXO,2020-09-09,0 days 15:56:52.240323,150849,49.02,49.0,300,1153,173,-2130
821,CXO,2020-09-09,0 days 15:57:08.240947,151022,48.99,48.98,200,500,-427,173
822,CXO,2020-09-09,0 days 15:57:09.241424,150849,48.99,48.98,700,200,173,-427
823,CXO,2020-09-09,0 days 15:57:18.241924,151022,48.97,48.95,758,1129,-27,173
824,CXO,2020-09-09,0 days 15:57:19.241418,150849,48.97,48.95,657,300,173,-27
825,CXO,2020-09-09,0 days 15:57:42.242804,156336,48.95,48.94,1294,825,-313,673
826,CXO,2020-09-09,0 days 15:57:43.242644,155749,48.95,48.94,1199,1125,573,-313
827,CXO,2020-09-09,0 days 15:57:49.242963,159149,48.95,48.94,400,100,273,-2513
828,CXO,2020-09-09,0 days 15:57:50.243211,159036,48.96,48.95,100,300,-113,273
829,CXO,2020-09-09,0 days 15:57:56.243248,159149,48.95,48.94,200,859,73,-213
830,CXO,2020-09-09,0 days 15:57:59.243184,159236,48.95,48.94,444,519,-1613,73
831,CXO,2020-09-09,0 days 15:58:00.245279,159149,48.95,48.93,844,439,87,-1613
832,CXO,2020-09-09,0 days 15:58:09.244496,161736,48.95,48.93,527,443,-1259,261
833,CXO,2020-09-09,0 days 15:58:14.246354,162995,48.93,48.92,326,1000,2056,-459
834,CXO,2020-09-09,0 days 15:58:28.245245,163351,48.94,48.93,100,561,-201,199
835,CXO,2020-09-09,0 days 15:58:48.247080,163425,48.9,48.89,326,500,-2927,374
836,CXO,2020-09-09,0 days 15:59:00.249692,173625,48.88,48.86,787,1491,-919,7981
837,CXO,2020-09-09,0 days 15:59:02.247007,168666,48.88,48.87,200,604,7459,-9254
838,CXO,2020-09-09,0 days 15:59:03.246563,168425,48.87,48.86,100,3092,-379,7459
839,CXO,2020-09-09,0 days 15:59:05.247504,168804,48.87,48.86,277,2327,521,-379
840,CXO,2020-09-09,0 days 15:59:06.248015,168670,48.87,48.86,931,2122,-347,521
841,CXO,2020-09-09,0 days 15:59:11.247109,173235,48.87,48.86,1337,1648,447,-159
842,CXO,2020-09-09,0 days 15:59:12.247273,172827,48.86,48.85,760,200,-408,447
843,CXO,2020-09-09,0 days 15:59:20.248036,182312,48.85,48.84,1162,2554,2249,-593
844,CXO,2020-09-09,0 days 15:59:21.248175,181361,48.85,48.84,422,2854,-2051,2249
845,CYH,2020-09-09,0 days 15:57:17.234126,46533,4.67,4.66,7829,14283,1354,-62
846,CYH,2020-09-09,0 days 15:59:22.241178,47490,4.67,4.66,10657,13990,-279,235
847,D,2020-09-09,0 days 15:59:48.246944,539498,79.68,79.67,100,1039,2824,-10223
848,D,2020-09-09,0 days 15:59:49.244936,533722,79.69,79.68,144,2339,-5776,2824
849,DAL,2020-09-09,0 days 15:59:07.251369,276603,31.72,31.71,9796,3687,1288,-421
850,DAL,2020-09-09,0 days 15:59:09.251339,275626,31.73,31.72,6877,6458,-977,1188
851,DAL,2020-09-09,0 days 15:59:22.251879,276674,31.73,31.72,8296,3867,-595,3671
852,DB,2020-09-09,0 days 15:59:45.254706,29364,9.42,9.41,47476,143321,129,-53
853,DDD,2020-09-09,0 days 15:56:28.245817,129391,5.41,5.4,15867,11351,285,-1115
854,DDD,2020-09-09,0 days 15:56:29.246822,126576,5.41,5.4,12478,12742,-2315,285
855,DDD,2020-09-09,0 days 15:58:08.247283,126841,5.41,5.4,14304,17642,-2050,3050
856,DDD,2020-09-09,0 days 15:59:06.250794,129537,5.41,5.4,24124,10074,9330,-2496
857,DDD,2020-09-09,0 days 15:59:07.250322,128567,5.41,5.4,22324,11784,-770,9330
858,DDD,2020-09-09,0 days 15:59:14.250949,129589,5.41,5.4,19668,11451,2478,-822
859,DDD,2020-09-09,0 days 15:59:15.251363,128867,5.41,5.4,15968,14501,-522,2478
860,DELL,2020-09-09,0 days 15:55:00.887340,108073,66.97,66.96,999,977,6447,-6853
861,DELL,2020-09-09,0 days 15:55:09.885783,114520,66.95,66.94,590,374,-653,847
862,DELL,2020-09-09,0 days 15:55:10.885293,114053,66.95,66.94,807,100,467,-653
863,DELL,2020-09-09,0 days 15:58:03.885582,118439,66.84,66.83,804,702,-996,704
864,DELL,2020-09-09,0 days 15:58:04.885271,117647,66.84,66.82,904,359,792,-996
865,DELL,2020-09-09,0 days 15:58:07.886738,118451,66.83,66.82,401,160,-123,977
866,DELL,2020-09-09,0 days 15:58:08.885343,117774,66.83,66.82,1101,320,677,-123
867,DELL,2020-09-09,0 days 15:58:16.885553,118551,66.82,66.81,604,400,-23,677
868,DELL,2020-09-09,0 days 15:58:17.886405,117874,66.82,66.81,1007,400,677,-23
869,DELL,2020-09-09,0 days 15:58:21.885776,118551,66.83,66.82,1376,553,-23,677
870,DELL,2020-09-09,0 days 15:58:22.886770,117874,66.83,66.82,1797,553,677,-23
871,DELL,2020-09-09,0 days 15:58:27.886937,118551,66.85,66.83,300,556,-923,677
872,DELL,2020-09-09,0 days 15:58:28.886382,118174,66.85,66.84,400,153,377,-923
873,DELL,2020-09-09,0 days 15:59:10.889995,132218,66.85,66.82,1421,796,-60,574
874,DELL,2020-09-09,0 days 15:59:18.887871,132278,66.85,66.82,1583,1344,749,-60
875,DELL,2020-09-09,0 days 15:59:45.887404,135723,66.85,66.84,400,396,-852,168
876,DFS,2020-09-09,0 days 15:58:52.238964,144130,55.03,55.01,1800,1200,22,-1709
877,DFS,2020-09-09,0 days 15:58:58.239093,144200,55.01,54.99,200,603,-17,22
878,DFS,2020-09-09,0 days 15:59:07.240157,144283,55.03,55.01,889,100,16925,-688
879,DFS,2020-09-09,0 days 15:59:08.239587,142848,55.03,55.02,700,595,-1435,16925
880,DFS,2020-09-09,0 days 15:59:17.240663,145063,55.05,55.02,383,500,479,-1172
881,DFS,2020-09-09,0 days 15:59:18.239903,144542,55.04,55.02,481,449,-521,479
882,DFS,2020-09-09,0 days 15:59:29.249454,145201,55.02,55.01,185,200,1181,-550
883,DFS,2020-09-09,0 days 15:59:30.252341,144882,55.03,55.01,346,100,-319,1181
884,DG,2020-09-09,0 days 15:58:30.241012,138648,197.4,197.36,100,595,-67,533
885,DG,2020-09-09,0 days 15:58:31.242450,137515,197.39,197.36,250,281,1133,-67
886,DG,2020-09-09,0 days 15:59:14.243229,141066,197.28,197.24,238,150,-938,262
887,DG,2020-09-09,0 days 15:59:15.243752,140654,197.25,197.18,570,450,412,-938
888,DG,2020-09-09,0 days 15:59:19.243435,141089,197.21,197.14,250,150,-215,409
889,DG,2020-09-09,0 days 15:59:21.243097,144304,197.21,197.15,409,270,890,-215
890,DG,2020-09-09,0 days 15:59:26.244302,145194,197.24,197.19,100,450,-10,590
891,DG,2020-09-09,0 days 15:59:31.244759,144604,197.21,197.13,1014,250,590,-10
892,DG,2020-09-09,0 days 15:59:34.244895,145194,197.33,197.24,350,850,-10,590
893,DG,2020-09-09,0 days 15:59:37.245957,144430,197.55,197.51,500,250,374,-3638
894,DG,2020-09-09,0 days 15:59:41.245603,144804,197.54,197.51,100,754,-1000,363
895,DG,2020-09-09,0 days 15:59:42.245767,144504,197.54,197.5,500,752,300,-1000
896,DG,2020-09-09,0 days 15:59:46.245669,144804,197.53,197.5,532,3517,-188,276
897,DG,2020-09-09,0 days 15:59:48.246418,144592,197.54,197.5,220,5390,212,-212
898,DHR,2020-09-09,0 days 15:59:39.248523,292602,201.92,201.83,900,200,6455,-8263
899,DHR,2020-09-09,0 days 15:59:40.249225,294182,201.92,201.83,700,323,-8038,6455
900,DHR,2020-09-09,0 days 15:59:43.248477,292602,201.91,201.81,860,200,1584,-8135
901,DHR,2020-09-09,0 days 15:59:55.246105,295939,201.98,201.87,234,1182,-6281,8026
902,DHT,2020-09-09,0 days 15:55:41.242101,131120,5.35,5.34,13798,29631,-72,2750
903,DHT,2020-09-09,0 days 15:55:42.242224,131192,5.35,5.34,13798,29931,128,-72
904,DHT,2020-09-09,0 days 15:58:05.248187,130810,5.35,5.34,16385,30357,-3035,3065
905,DHT,2020-09-09,0 days 15:58:06.248152,124945,5.35,5.34,18585,27964,5865,-3035
906,DHT,2020-09-09,0 days 15:59:05.251684,130892,5.35,5.34,18292,30628,-3086,14
907,DHT,2020-09-09,0 days 15:59:06.251884,127078,5.35,5.34,18497,26337,8730,-3086
908,DIS,2020-09-09,0 days 15:55:00.239455,521713,133.96,133.94,400,320,6537,-44918
909,DIS,2020-09-09,0 days 15:56:14.243014,501300,133.68,133.65,800,501,-27810,8790
910,DIS,2020-09-09,0 days 15:56:22.242827,528235,133.67,133.65,1502,200,10292,-25608
911,DIS,2020-09-09,0 days 15:56:48.244220,502627,133.64,133.62,200,813,-33847,2053
912,DIS,2020-09-09,0 days 15:57:06.245589,538718,133.61,133.58,1442,1510,1617,-34283
913,DIS,2020-09-09,0 days 15:57:46.246077,528960,133.51,133.5,1020,2025,-9272,12328
914,DIS,2020-09-09,0 days 15:57:51.245607,538232,133.5,133.48,200,220,27714,-7857
915,DIS,2020-09-09,0 days 15:58:16.248155,533085,133.47,133.44,400,100,-3471,4600
916,DIS,2020-09-09,0 days 15:58:18.248019,536556,133.46,133.43,500,694,229,-3471
917,DIS,2020-09-09,0 days 15:58:19.248488,533085,133.47,133.45,400,759,-3471,229
918,DIS,2020-09-09,0 days 15:58:20.248460,552356,133.47,133.44,1235,200,12929,-3471
919,DIS,2020-09-09,0 days 15:58:21.248276,529385,133.49,133.46,1000,520,-7171,12929
920,DIS,2020-09-09,0 days 15:58:26.248759,542356,133.48,133.46,1297,687,22929,-8471
921,DIS,2020-09-09,0 days 15:59:07.251369,596395,133.33,133.31,332,300,-8775,62833
922,DIS,2020-09-09,0 days 15:59:08.250702,577770,133.29,133.26,300,300,29354,-8775
923,DIS,2020-09-09,0 days 15:59:15.251368,580666,133.44,133.42,200,1101,-404,360
924,DIS,2020-09-09,0 days 15:59:16.251183,556291,133.45,133.42,200,632,24375,-404
925,DIS,2020-09-09,0 days 15:59:24.251430,553153,133.37,133.35,100,150,6011,-1214
926,DIS,2020-09-09,0 days 15:59:29.251885,552911,133.43,133.39,900,429,-5904,15945
927,DIS,2020-09-09,0 days 15:59:31.252750,557115,133.39,133.36,300,936,1920,-5904
928,DIS,2020-09-09,0 days 15:59:33.251873,552911,133.45,133.37,500,1111,-29420,2742
929,DIS,2020-09-09,0 days 15:59:46.253448,580874,133.4,133.37,700,300,15718,-15089
930,DIS,2020-09-09,0 days 15:59:49.252698,579335,133.39,133.35,454,1232,-4234,12605
931,DKS,2020-09-09,0 days 15:57:28.247453,583921,56.41,56.4,300,300,-3224,936
932,DKS,2020-09-09,0 days 15:57:37.247317,583685,56.34,56.33,892,300,236,-12224
933,DKS,2020-09-09,0 days 15:57:38.247272,583921,56.36,56.35,300,200,-564,236
934,DKS,2020-09-09,0 days 15:57:42.247285,592005,56.37,56.36,100,400,116,-1484
935,DKS,2020-09-09,0 days 15:58:17.248563,582673,56.34,56.32,600,173,2439,-2581
936,DKS,2020-09-09,0 days 15:59:09.251546,588957,56.31,56.3,782,228,-923,559
937,DKS,2020-09-09,0 days 15:59:35.251175,610224,56.34,56.32,700,901,-4785,15415
938,DKS,2020-09-09,0 days 15:59:54.254722,613290,56.39,56.36,915,1502,-9820,1470
939,DLR,2020-09-09,0 days 15:59:35.248732,524668,147.49,147.43,500,1259,-2260,5159
940,DLR,2020-09-09,0 days 15:59:40.249030,517347,147.52,147.48,380,700,2421,-5911
941,DOW,2020-09-09,0 days 15:59:48.246887,624483,49.23,49.21,800,2397,-1018,9249
942,DRE,2020-09-09,0 days 15:57:04.240499,382299,38.02,38.01,1693,2757,597,-1893
943,DRE,2020-09-09,0 days 15:57:05.240798,378396,38.02,38.01,4179,1108,-3903,597
944,DRE,2020-09-09,0 days 15:58:09.244496,393899,37.94,37.93,1978,4434,723,-2177
945,DRE,2020-09-09,0 days 15:58:10.244606,392622,37.94,37.93,1571,5962,-1277,723
946,DRE,2020-09-09,0 days 15:58:53.246429,388631,37.91,37.9,4695,2311,-268,38
947,DRE,2020-09-09,0 days 15:59:35.248903,412393,37.93,37.92,478,5834,8298,-3673
948,DRE,2020-09-09,0 days 15:59:36.248712,410291,37.94,37.93,3105,3354,-2102,8298
949,DRE,2020-09-09,0 days 15:59:46.249223,411902,37.93,37.92,4503,1855,-570,6539
950,DRE,2020-09-09,0 days 15:59:48.249910,412472,37.91,37.9,3656,3100,530,-570
951,DRH,2020-09-09,0 days 15:55:00.243386,149513,5.43,5.42,10211,17566,919,-64975
952,DRH,2020-09-09,0 days 15:55:01.243599,146632,5.43,5.42,9811,18006,-2881,919
953,DRH,2020-09-09,0 days 15:59:05.252033,152292,5.39,5.38,24464,32899,4497,-3003
954,DRH,2020-09-09,0 days 15:59:06.252071,150689,5.39,5.38,23126,33213,-1603,4497
955,DRH,2020-09-09,0 days 15:59:15.252431,152292,5.39,5.38,21347,37608,14299,-264
956,DRH,2020-09-09,0 days 15:59:16.252512,149191,5.39,5.38,10800,47497,-3101,14299
957,DRI,2020-09-09,0 days 15:55:00.252872,122149,88.92,88.88,200,601,-17687,16858
958,DRI,2020-09-09,0 days 15:55:01.253718,120036,88.91,88.88,634,203,2113,-17687
959,DRI,2020-09-09,0 days 15:59:05.252908,124971,88.44,88.43,200,100,-546,2706
960,DRI,2020-09-09,0 days 15:59:07.253014,123824,88.47,88.43,400,300,1147,-246
961,DRI,2020-09-09,0 days 15:59:14.252776,124835,88.5,88.47,423,524,-1389,2011
962,DRI,2020-09-09,0 days 15:59:15.251057,123518,88.5,88.47,428,252,1317,-1389
963,DRI,2020-09-09,0 days 15:59:24.250712,126234,88.52,88.49,400,200,-70,631
964,DRI,2020-09-09,0 days 15:59:33.251573,126973,88.45,88.42,1861,200,3084,-347
965,DRI,2020-09-09,0 days 15:59:48.253275,129070,88.48,88.44,502,1000,1882,-1318
966,DRI,2020-09-09,0 days 15:59:49.252363,130952,88.47,88.44,524,524,-18,1882
967,DRI,2020-09-09,0 days 15:59:50.257067,129770,88.47,88.45,2000,272,1182,-18
968,DRI,2020-09-09,0 days 15:59:51.253901,128952,88.5,88.45,1700,100,-818,1182
969,DT,2020-09-09,0 days 15:55:01.231787,107017,40.22,40.2,500,1010,-1192,3208
970,DT,2020-09-09,0 days 15:56:06.234206,112825,40.17,40.12,525,2303,76,-1524
971,DT,2020-09-09,0 days 15:56:07.234372,112901,40.17,40.12,525,2403,-1998,76
972,DT,2020-09-09,0 days 15:57:22.236496,129119,40.1,40.07,500,400,1295,-974
973,DT,2020-09-09,0 days 15:57:23.235917,126514,40.1,40.07,600,400,-2605,1295
974,DT,2020-09-09,0 days 15:57:35.236448,129119,40.1,40.07,700,700,2460,-240
975,DT,2020-09-09,0 days 15:57:36.235933,126979,40.1,40.08,500,643,-2140,2460
976,DT,2020-09-09,0 days 15:59:21.240093,130681,40.02,40.01,2409,501,377,-1708
977,DUK,2020-09-09,0 days 15:59:46.238281,375346,82.55,82.53,756,1300,-552,48
978,DUK,2020-09-09,0 days 15:59:48.239504,375898,82.53,82.51,400,1367,5860,-552
979,DVA,2020-09-09,0 days 15:55:03.234413,93184,88.05,88.03,200,200,42,-80
980,DVA,2020-09-09,0 days 15:55:04.234059,93126,88.05,88.03,200,300,-58,42
981,DVA,2020-09-09,0 days 15:56:17.236662,100204,87.99,87.97,726,257,1301,-299
982,DVA,2020-09-09,0 days 15:58:28.241433,107974,88.03,87.99,252,611,-1577,1023
983,DVA,2020-09-09,0 days 15:58:29.241043,106851,88.02,87.99,131,1260,1123,-1577
984,DVA,2020-09-09,0 days 15:59:04.243470,109933,87.99,87.97,784,601,-386,774
985,DVA,2020-09-09,0 days 15:59:05.243353,109119,87.97,87.95,415,200,814,-386
986,DVA,2020-09-09,0 days 15:59:23.243433,109552,88.0,87.97,1800,993,-113,257
987,DVA,2020-09-09,0 days 15:59:24.243503,109665,87.98,87.97,697,100,587,-113
988,DVA,2020-09-09,0 days 15:59:36.244642,109165,88.02,87.98,1700,1000,387,-513
989,DXC,2020-09-09,0 days 15:59:04.252519,209346,20.1,20.09,1912,3497,-12005,5167
990,DXC,2020-09-09,0 days 15:59:14.252102,208266,20.1,20.09,4446,2810,937,-1020
991,DXC,2020-09-09,0 days 15:59:19.252387,209219,20.1,20.09,4838,2632,-165,132
992,DXC,2020-09-09,0 days 15:59:21.252741,206641,20.1,20.09,5079,1370,2578,-165
993,DXC,2020-09-09,0 days 15:59:34.252664,212519,20.09,20.08,900,6344,-7898,4778
994,DXC,2020-09-09,0 days 15:59:35.251184,210717,20.09,20.08,1121,6293,1702,-7898
995,DXC,2020-09-09,0 days 15:59:46.252580,202568,20.1,20.09,7084,379,7497,-3074
996,EB,2020-09-09,0 days 15:55:00.886215,56907,12.11,12.1,1610,100,28798,-36694
997,EB,2020-09-09,0 days 15:55:01.884022,54505,12.11,12.1,1701,100,-2202,28798
998,EB,2020-09-09,0 days 15:59:39.886451,62793,12.06,12.05,2604,2506,1694,-694
999,EB,2020-09-09,0 days 15:59:47.886579,63540,12.06,12.05,4914,1732,-238,1552
1000,ED,2020-09-09,0 days 15:59:05.247581,194164,72.91,72.88,621,823,3401,-8407
1001,ED,2020-09-09,0 days 15:59:46.249453,221157,72.97,72.95,334,400,3762,-17987
1002,ED,2020-09-09,0 days 15:59:47.249556,219619,72.98,72.96,1921,100,-1538,3762
1003,EGO,2020-09-09,0 days 15:56:28.257011,27790,11.06,11.05,22101,4839,-392,1408
1004,EGO,2020-09-09,0 days 15:57:03.258271,28182,11.05,11.04,20341,9800,978,-392
1005,EGO,2020-09-09,0 days 15:59:08.252713,29068,11.04,11.03,8868,35952,-5418,1658
1006,EIX,2020-09-09,0 days 15:55:00.886353,207963,51.71,51.7,772,704,38927,-44801
1007,EIX,2020-09-09,0 days 15:55:01.884129,207090,51.73,51.7,400,834,-873,38927
1008,EIX,2020-09-09,0 days 15:56:16.886723,209289,51.65,51.63,1083,762,1291,-709
1009,EIX,2020-09-09,0 days 15:56:17.887221,208078,51.66,51.65,764,419,-1211,1291
1010,EIX,2020-09-09,0 days 15:58:13.885343,234681,51.59,51.58,1712,537,-2642,334
1011,EIX,2020-09-09,0 days 15:58:34.886776,234681,51.59,51.58,996,636,-2642,1034
1012,EIX,2020-09-09,0 days 15:59:05.888755,234241,51.58,51.56,1041,400,3765,-2221
1013,EIX,2020-09-09,0 days 15:59:06.889806,232506,51.58,51.57,794,414,-2135,3765
1014,EIX,2020-09-09,0 days 15:59:39.886515,238146,51.52,51.49,412,1285,7203,-398
1015,EIX,2020-09-09,0 days 15:59:40.886922,237749,51.53,51.51,100,558,-497,7203
1016,EIX,2020-09-09,0 days 15:59:45.887079,238546,51.54,51.51,100,661,651,-473
1017,EIX,2020-09-09,0 days 15:59:49.886782,238093,51.52,51.5,186,200,-53,247
1018,ELAN,2020-09-09,0 days 15:56:22.890314,457942,28.47,28.46,500,1167,-564,925
1019,ELAN,2020-09-09,0 days 15:56:23.886459,457006,28.47,28.46,566,1300,936,-564
1020,ELAN,2020-09-09,0 days 15:56:24.886129,457942,28.47,28.46,600,2320,-964,936
1021,ELAN,2020-09-09,0 days 15:56:25.886752,457206,28.48,28.46,877,1300,736,-964
1022,ELAN,2020-09-09,0 days 15:57:35.883793,459803,28.49,28.48,2850,976,-214,286
1023,ELAN,2020-09-09,0 days 15:57:36.884357,460017,28.49,28.48,2850,976,2686,-214
1024,ELAN,2020-09-09,0 days 15:57:37.883814,459803,28.49,28.48,3163,1076,-214,2686
1025,ELAN,2020-09-09,0 days 15:57:38.883827,460017,28.49,28.48,905,2769,3886,-214
1026,ELAN,2020-09-09,0 days 15:57:39.884037,459803,28.49,28.48,805,2969,-214,3886
1027,ELAN,2020-09-09,0 days 15:57:41.883591,460017,28.49,28.48,805,2866,2586,-214
1028,ELAN,2020-09-09,0 days 15:57:42.883917,459803,28.49,28.48,905,2866,-214,2586
1029,ELAN,2020-09-09,0 days 15:57:46.884069,460201,28.49,28.48,1474,1966,602,-1814
1030,ELAN,2020-09-09,0 days 15:57:50.884017,461003,28.49,28.48,1583,2136,-398,302
1031,ELAN,2020-09-09,0 days 15:57:58.884404,462401,28.49,28.48,1147,4616,2783,-317
1032,ELAN,2020-09-09,0 days 15:57:59.884834,460584,28.49,28.48,1147,4616,-817,2783
1033,ELAN,2020-09-09,0 days 15:58:07.886636,460573,28.49,28.48,3447,1777,2511,-1989
1034,ELAN,2020-09-09,0 days 15:58:10.885792,458584,28.46,28.45,1100,2350,-3305,11346
1035,ELAN,2020-09-09,0 days 15:58:11.886948,457889,28.46,28.45,998,1000,695,-3305
1036,ELAN,2020-09-09,0 days 15:58:17.886278,462784,28.46,28.45,2510,1252,-2166,6234
1037,ELAN,2020-09-09,0 days 15:59:07.889261,471359,28.45,28.44,687,1100,-7869,912
1038,ELAN,2020-09-09,0 days 15:59:08.889844,470128,28.45,28.44,191,1802,1231,-7869
1039,ELAN,2020-09-09,0 days 15:59:11.888712,488582,28.46,28.45,300,3757,-1346,1626
1040,ELAN,2020-09-09,0 days 15:59:12.889886,486077,28.47,28.46,436,3183,2505,-1346
1041,ELAN,2020-09-09,0 days 15:59:46.886757,469731,28.46,28.44,500,1995,20768,-2844
1042,ELAN,2020-09-09,0 days 15:59:47.886888,486299,28.46,28.45,644,2545,-2732,20768
1043,ELAN,2020-09-09,0 days 15:59:48.887732,485670,28.46,28.45,876,2320,148,-2732
1044,ELAN,2020-09-09,0 days 15:59:50.887419,485818,28.48,28.47,2300,1857,-14258,462
1045,EMR,2020-09-09,0 days 15:59:00.255667,252968,68.71,68.69,815,903,-4835,215
1046,EMR,2020-09-09,0 days 15:59:16.252465,257217,68.72,68.7,600,400,-3119,6152
1047,EMR,2020-09-09,0 days 15:59:22.250358,260336,68.71,68.69,826,951,3502,-637
1048,ENB,2020-09-09,0 days 15:57:34.236826,77054,31.77,31.76,914,10054,1158,-8058
1049,ENB,2020-09-09,0 days 15:57:35.236463,74512,31.77,31.76,2845,9600,-1558,1158
1050,ENB,2020-09-09,0 days 15:59:15.240006,75687,31.77,31.76,13006,6298,1583,-822
1051,ENB,2020-09-09,0 days 15:59:16.239516,74070,31.76,31.75,4354,8422,-617,1583
1052,EOG,2020-09-09,0 days 15:55:01.231771,528671,42.07,42.06,861,731,-8008,5692
1053,EOG,2020-09-09,0 days 15:58:37.238182,550299,41.93,41.92,1862,869,-4166,1673
1054,EOG,2020-09-09,0 days 15:59:05.239833,552527,41.93,41.92,861,1268,2954,-1605
1055,EOG,2020-09-09,0 days 15:59:06.240915,548078,41.91,41.9,1300,798,-2488,2954
1056,EOG,2020-09-09,0 days 15:59:18.240697,559273,41.88,41.87,881,1600,12696,-1904
1057,EOG,2020-09-09,0 days 15:59:19.240236,555969,41.89,41.88,312,1023,-4036,12696
1058,EOG,2020-09-09,0 days 15:59:40.238935,559452,41.87,41.86,1112,1009,-3161,3639
1059,EQH,2020-09-09,0 days 15:57:41.245601,172555,20.03,20.02,5900,3085,111,-689
1060,EQH,2020-09-09,0 days 15:57:43.245295,169166,20.03,20.02,5200,4135,-3389,511
1061,EQH,2020-09-09,0 days 15:57:50.245657,172555,20.02,20.01,1214,3546,511,-389
1062,EQH,2020-09-09,0 days 15:57:51.245517,170166,20.02,20.01,2040,3646,-2389,511
1063,EQH,2020-09-09,0 days 15:59:22.251735,183946,20.01,20.0,5588,7923,1713,-1313
1064,EQH,2020-09-09,0 days 15:59:24.251348,182326,20.01,20.0,3201,9390,-1645,1355
1065,EQNR,2020-09-09,0 days 15:59:17.243739,24631,15.52,15.51,35284,54518,94,-682
1066,EQNR,2020-09-09,0 days 15:59:36.244612,25105,15.52,15.51,50789,50134,-326,474
1067,EQNR,2020-09-09,0 days 15:59:37.246064,25031,15.52,15.51,49144,51334,74,-326
1068,EQR,2020-09-09,0 days 15:55:00.243563,361149,56.91,56.89,998,113,49288,-1581
1069,EQR,2020-09-09,0 days 15:55:42.245322,261979,56.84,56.83,3038,100,-61708,39050
1070,EQR,2020-09-09,0 days 15:56:03.245809,403455,56.8,56.79,300,235,11987,-1666
1071,EQR,2020-09-09,0 days 15:56:42.248328,277864,56.78,56.76,1257,344,-13401,9083
1072,EQR,2020-09-09,0 days 15:56:49.247954,291065,56.71,56.7,1200,1234,154014,-2501
1073,EQR,2020-09-09,0 days 15:56:50.248058,419479,56.73,56.72,300,400,-11086,154014
1074,EQR,2020-09-09,0 days 15:56:51.248392,413503,56.74,56.72,320,524,5976,-11086
1075,EQR,2020-09-09,0 days 15:57:42.247261,296635,56.71,56.7,1192,210,-4862,23853
1076,EQR,2020-09-09,0 days 15:57:48.247574,301897,56.7,56.69,1343,526,338,-662
1077,EQR,2020-09-09,0 days 15:57:49.246842,300735,56.7,56.69,1343,526,-1162,338
1078,EQR,2020-09-09,0 days 15:57:55.247995,439897,56.7,56.69,1823,627,11867,-562
1079,EQR,2020-09-09,0 days 15:59:29.250687,437337,56.81,56.8,1059,1102,6479,-4621
1080,EQR,2020-09-09,0 days 15:59:48.253435,445736,56.82,56.81,13447,2682,-1190,968
1081,EQR,2020-09-09,0 days 15:59:49.252458,443365,56.82,56.81,12248,3087,2371,-1190
1082,EQT,2020-09-09,0 days 15:55:34.242602,231139,14.82,14.81,10241,1997,889,-211
1083,EQT,2020-09-09,0 days 15:56:29.242948,246523,14.81,14.8,2373,5827,-2,998
1084,EQT,2020-09-09,0 days 15:56:30.243494,246025,14.81,14.8,3258,4558,498,-2
1085,EQT,2020-09-09,0 days 15:56:44.244096,242859,14.83,14.82,4149,3671,-4466,98
1086,EQT,2020-09-09,0 days 15:56:45.244315,240625,14.83,14.82,7196,500,2234,-4466
1087,EQT,2020-09-09,0 days 15:57:33.244833,250979,14.81,14.8,2298,7952,-2606,1158
1088,EQT,2020-09-09,0 days 15:57:34.245390,248085,14.81,14.8,2795,7152,2894,-2606
1089,EQT,2020-09-09,0 days 15:57:45.246344,251179,14.83,14.82,8453,1946,-206,1194
1090,EQT,2020-09-09,0 days 15:57:46.246077,250085,14.83,14.82,10006,1846,4858,-206
1091,EQT,2020-09-09,0 days 15:59:13.250635,254736,14.81,14.8,1881,9810,1205,-993
1092,EQT,2020-09-09,0 days 15:59:45.254694,269354,14.79,14.78,7583,7789,-3983,4782
1093,EQT,2020-09-09,0 days 15:59:48.253894,268137,14.79,14.78,7922,6536,1217,-1483
1094,EROS,2020-09-09,0 days 15:55:00.886215,47317,2.84,2.83,32280,11448,10380,-19784
1095,EROS,2020-09-09,0 days 15:55:32.887038,42297,2.83,2.82,26365,4733,-590,410
1096,ESI,2020-09-09,0 days 15:55:45.886273,71756,11.49,11.48,15079,5002,-26,2917
1097,ESI,2020-09-09,0 days 15:55:49.886364,71805,11.49,11.48,14688,5065,775,-49
1098,ESI,2020-09-09,0 days 15:56:28.886896,72735,11.48,11.47,15285,7035,-970,930
1099,ESI,2020-09-09,0 days 15:57:43.884057,75005,11.47,11.46,14781,2817,30,-2270
1100,ESI,2020-09-09,0 days 15:58:04.885271,79335,11.47,11.46,13270,2487,-519,330
1101,ESI,2020-09-09,0 days 15:58:15.885395,79918,11.46,11.45,10749,10415,217,-3283
1102,ESI,2020-09-09,0 days 15:58:16.885553,76635,11.46,11.45,11009,10315,-3283,217
1103,ESI,2020-09-09,0 days 15:59:00.893513,77313,11.45,11.44,4864,5684,1046,-1402
1104,ESRT,2020-09-09,0 days 15:58:00.238592,489802,6.13,6.12,31911,37183,-12559,5241
1105,ESRT,2020-09-09,0 days 15:59:15.239855,503357,6.13,6.12,19989,28339,29101,-5348
1106,ESRT,2020-09-09,0 days 15:59:25.239373,506616,6.13,6.12,15312,33052,-1018,6182
1107,ETRN,2020-09-09,0 days 15:59:22.248006,451403,9.86,9.85,11812,6186,4216,-4204
1108,ETRN,2020-09-09,0 days 15:59:25.246841,434819,9.86,9.85,9124,7086,-9784,11016
1109,ETRN,2020-09-09,0 days 15:59:35.247621,444603,9.86,9.85,7017,9026,19143,-2484
1110,ETRN,2020-09-09,0 days 15:59:36.248288,438946,9.86,9.85,7353,11216,-5657,19143
1111,ETRN,2020-09-09,0 days 15:59:45.250460,444603,9.86,9.85,11805,3949,8431,-2857
1112,ETRN,2020-09-09,0 days 15:59:46.248723,439634,9.86,9.85,13493,3949,-4969,8431
1113,EURN,2020-09-09,0 days 15:55:00.234433,10187,9.18,9.17,11939,10370,3097,-591
1114,EURN,2020-09-09,0 days 15:57:29.238706,14074,9.18,9.17,10057,13054,-5698,1216
1115,EURN,2020-09-09,0 days 15:57:43.239333,19772,9.18,9.17,12029,10922,4002,-5698
1116,EURN,2020-09-09,0 days 15:57:44.239963,19174,9.18,9.17,11163,10922,-598,4002
1117,EURN,2020-09-09,0 days 15:57:57.239490,19772,9.18,9.17,13616,10720,4602,-5698
1118,EURN,2020-09-09,0 days 15:57:58.239958,14074,9.18,9.17,11350,10720,-5698,4602
1119,EURN,2020-09-09,0 days 15:58:07.240323,19772,9.18,9.17,11750,11218,3304,-5698
1120,EURN,2020-09-09,0 days 15:58:08.240202,18776,9.18,9.17,12129,11218,-996,3304
1121,EURN,2020-09-09,0 days 15:59:01.242750,18256,9.16,9.15,37806,8676,2784,-5680
1122,EURN,2020-09-09,0 days 15:59:05.243353,16240,9.16,9.15,14551,18555,-480,920
1123,EURN,2020-09-09,0 days 15:59:39.244205,15930,9.16,9.15,16173,20224,-50,3958
1124,EW,2020-09-09,0 days 15:55:00.886765,191864,85.19,85.17,425,324,12637,-16904
1125,EW,2020-09-09,0 days 15:55:01.884315,190601,85.18,85.15,1132,210,-1263,12637
1126,EW,2020-09-09,0 days 15:57:33.884252,201713,85.02,85.0,438,2066,104,-796
1127,EW,2020-09-09,0 days 15:57:35.883889,199417,85.02,85.0,638,1866,-2896,104
1128,EW,2020-09-09,0 days 15:58:11.887070,206644,84.93,84.92,494,200,1346,-1732
1129,EW,2020-09-09,0 days 15:58:12.886296,204890,84.94,84.92,1544,320,-1754,1346
1130,EW,2020-09-09,0 days 15:58:52.887968,204872,84.89,84.86,1724,100,-1372,5746
1131,EW,2020-09-09,0 days 15:58:59.888630,206244,84.87,84.85,1130,200,3228,-1072
1132,EW,2020-09-09,0 days 15:59:00.893479,202146,84.89,84.87,200,400,-1001,3228
1133,EW,2020-09-09,0 days 15:59:05.888912,205309,84.89,84.87,789,1026,7044,-9975
1134,EW,2020-09-09,0 days 15:59:07.889417,205853,84.87,84.85,898,1061,-252,380
1135,EW,2020-09-09,0 days 15:59:16.888910,211780,84.92,84.89,100,715,799,-1801
1136,EW,2020-09-09,0 days 15:59:25.887541,205669,84.9,84.88,200,295,-1202,2108
1137,EW,2020-09-09,0 days 15:59:46.886908,208802,84.84,84.82,191,1752,-152,1948
1138,EW,2020-09-09,0 days 15:59:47.887006,209082,84.86,84.83,638,447,320,-152
1139,EXK,2020-09-09,0 days 15:55:00.887408,7158,4.17,4.16,87242,83413,6656,-6721
1140,FCAU,2020-09-09,0 days 15:55:00.232146,61512,11.37,11.36,38441,14989,-3071,24975
1141,FCAU,2020-09-09,0 days 15:57:20.236430,73279,11.36,11.35,54796,17113,-413,892
1142,FCAU,2020-09-09,0 days 15:57:35.236471,74413,11.36,11.35,55796,18090,66,-1134
1143,FCAU,2020-09-09,0 days 15:58:13.237745,79379,11.35,11.34,54215,28455,-13941,17459
1144,FCAU,2020-09-09,0 days 15:58:14.239515,77220,11.35,11.34,55815,24555,2159,-13941
1145,FCX,2020-09-09,0 days 15:59:04.252345,921531,16.16,16.15,28535,75258,-58091,47157
1146,FDX,2020-09-09,0 days 15:55:00.886353,162838,226.39,226.37,200,600,-22914,84798
1147,FDX,2020-09-09,0 days 15:55:01.884129,160652,226.32,226.2,200,200,2186,-22914
1148,FDX,2020-09-09,0 days 15:57:49.883880,171825,225.99,225.91,800,300,-107,2393
1149,FDX,2020-09-09,0 days 15:57:50.883995,169432,225.96,225.88,782,300,2393,-107
1150,FDX,2020-09-09,0 days 15:59:06.889806,174227,225.91,225.8,763,902,-195,56
1151,FDX,2020-09-09,0 days 15:59:07.889221,173027,225.91,225.8,965,902,1200,-195
1152,FDX,2020-09-09,0 days 15:59:15.887546,172097,225.97,225.87,418,792,-2872,88
1153,FDX,2020-09-09,0 days 15:59:16.888721,171169,225.96,225.87,600,635,928,-2872
1154,FDX,2020-09-09,0 days 15:59:25.887452,182712,225.92,225.87,378,302,-669,3275
1155,FDX,2020-09-09,0 days 15:59:26.887674,181381,225.91,225.81,344,1000,1331,-669
1156,FDX,2020-09-09,0 days 15:59:28.888687,182712,225.89,225.81,500,1000,-181,2519
1157,FDX,2020-09-09,0 days 15:59:30.888519,179993,225.84,225.8,868,516,2823,-181
1158,FDX,2020-09-09,0 days 15:59:39.886515,182881,225.76,225.74,200,100,-127,1194
1159,FDX,2020-09-09,0 days 15:59:40.886922,183128,225.73,225.68,417,300,31,-127
1160,FDX,2020-09-09,0 days 15:59:46.886724,186028,225.78,225.75,118,122,-384,2443
1161,FDX,2020-09-09,0 days 15:59:47.886865,186412,225.78,225.73,218,100,1112,-384
1162,FEAC,2020-09-09,0 days 15:59:08.239614,3480,12.85,12.84,100,1001,-125,80
1163,FEAC,2020-09-09,0 days 15:59:09.240128,3305,12.85,12.84,100,1101,175,-125
1164,FEAC,2020-09-09,0 days 15:59:46.250061,3480,12.87,12.86,100,396,-25,175
1165,FEAC,2020-09-09,0 days 15:59:47.251511,3305,12.86,12.8,400,600,175,-25
1166,FHN,2020-09-09,0 days 15:56:16.245801,219123,9.49,9.48,29873,49585,1017,-683
1167,FHN,2020-09-09,0 days 15:56:17.245300,217640,9.49,9.48,32719,49585,-1483,1017
1168,FHN,2020-09-09,0 days 15:57:55.247949,226702,9.49,9.48,49740,57636,84,-2916
1169,FHN,2020-09-09,0 days 15:58:00.249291,221386,9.49,9.48,45375,60555,-4916,84
1170,FHN,2020-09-09,0 days 15:59:01.251635,226005,9.49,9.48,70879,41190,-1925,4375
1171,FHN,2020-09-09,0 days 15:59:04.252345,227930,9.49,9.48,70479,42796,3657,-1934
1172,FHN,2020-09-09,0 days 15:59:14.252021,233135,9.49,9.48,71082,44599,11747,-253
1173,FIS,2020-09-09,0 days 15:59:23.240008,713657,148.28,148.27,694,855,-72405,98202
1174,FIT,2020-09-09,0 days 15:57:34.242566,116364,6.37,6.36,60115,33964,166,-2434
1175,FIT,2020-09-09,0 days 15:57:35.242193,114130,6.37,6.36,59015,35464,-2234,166
1176,FIT,2020-09-09,0 days 15:59:05.247533,120293,6.36,6.35,71091,10544,-1330,4570
1177,FIT,2020-09-09,0 days 15:59:08.247010,121623,6.36,6.35,77091,12321,184,-1330
1178,FIT,2020-09-09,0 days 15:59:46.249249,132115,6.35,6.34,71885,49777,-3596,704
1179,FL,2020-09-09,0 days 15:56:36.234763,108440,33.72,33.7,2440,1213,-1791,1514
1180,FL,2020-09-09,0 days 15:56:37.234571,108131,33.71,33.7,1387,1197,309,-1791
1181,FL,2020-09-09,0 days 15:57:12.235857,114218,33.72,33.71,4123,1614,-613,1787
1182,FL,2020-09-09,0 days 15:57:13.235740,113731,33.72,33.71,4563,1324,487,-613
1183,FL,2020-09-09,0 days 15:58:27.239122,112040,33.69,33.68,4014,3994,2547,-153
1184,FL,2020-09-09,0 days 15:59:05.239859,114420,33.68,33.67,4765,1503,-673,127
1185,FNB,2020-09-09,0 days 15:59:46.252322,181747,7.15,7.14,25761,52124,-4100,2475
1186,FNB,2020-09-09,0 days 15:59:47.253571,179747,7.15,7.14,21988,51524,884,-4100
1187,FRO,2020-09-09,0 days 15:57:02.235484,88815,7.83,7.82,12468,20916,-19619,27081
1188,FRO,2020-09-09,0 days 15:57:03.235696,86634,7.83,7.82,13468,19516,2181,-19619
1189,FSM,2020-09-09,0 days 15:59:16.252677,25575,7.09,7.08,21696,95412,-3369,5240
1190,FSM,2020-09-09,0 days 15:59:39.251004,30924,7.09,7.08,24696,99890,2456,-5298
1191,FTCH,2020-09-09,0 days 15:55:15.253236,45377,26.44,26.43,776,500,-89978,1097
1192,FTCH,2020-09-09,0 days 15:56:15.258149,134657,26.3,26.29,844,300,72029,-95367
1193,FTCH,2020-09-09,0 days 15:56:16.256880,129186,26.3,26.29,1544,900,-5471,72029
1194,FTCH,2020-09-09,0 days 15:57:45.249351,136962,26.3,26.29,858,1000,94825,-73397
1195,FTCH,2020-09-09,0 days 15:57:46.248753,132087,26.31,26.29,1254,1500,-4875,94825
1196,FTCH,2020-09-09,0 days 15:59:06.253698,126770,26.26,26.25,1300,1200,-173865,146931
1197,FTCH,2020-09-09,0 days 15:59:07.253239,133239,26.25,26.24,1000,325,152529,-173865
1198,FTCH,2020-09-09,0 days 15:59:08.252765,132061,26.25,26.23,600,700,-1178,152529
1199,FTCH,2020-09-09,0 days 15:59:45.252663,302994,26.21,26.2,2350,5134,32055,-9208
1200,FTCH,2020-09-09,0 days 15:59:46.252347,284849,26.21,26.2,4000,4844,-30893,32055
1201,FTV,2020-09-09,0 days 15:59:40.253071,778000,75.77,75.76,2842,114,-1414,686
1202,FTV,2020-09-09,0 days 15:59:46.253393,771738,75.74,75.73,2634,1803,6262,-1550
1203,FTV,2020-09-09,0 days 15:59:48.253836,778000,75.74,75.73,3867,1217,-39709,740
1204,GE,2020-09-09,0 days 15:59:23.240550,7195783,6.14,6.13,611592,505439,309960,-1033434
1205,GFI,2020-09-09,0 days 15:56:38.247886,150270,13.39,13.38,19120,27968,534,-3066
1206,GFI,2020-09-09,0 days 15:56:39.248368,149104,13.39,13.38,20408,28468,-1166,534
1207,GFI,2020-09-09,0 days 15:57:06.248136,140170,13.39,13.38,30011,27805,1905,-8195
1208,GFI,2020-09-09,0 days 15:57:08.248188,142075,13.39,13.38,26511,31605,-8195,1905
1209,GFI,2020-09-09,0 days 15:57:50.248303,150270,13.38,13.37,48878,9762,20334,-2245
1210,GFI,2020-09-09,0 days 15:57:51.247184,148804,13.38,13.37,46403,10362,-1466,20334
1211,GFI,2020-09-09,0 days 15:59:00.255926,150270,13.38,13.37,15666,41261,2234,-3477
1212,GFI,2020-09-09,0 days 15:59:21.252729,156286,13.39,13.38,11528,26209,6778,-5064
1213,GFI,2020-09-09,0 days 15:59:49.252486,169410,13.4,13.39,33964,26913,671,-929
1214,GGB,2020-09-09,0 days 15:55:00.887265,26100,3.89,3.88,259348,42222,7958,-935
1215,GGB,2020-09-09,0 days 15:57:27.884869,34058,3.88,3.87,250658,494715,-1298,2525
1216,GGB,2020-09-09,0 days 15:59:17.888501,47937,3.87,3.86,502225,200640,38,-2062
1217,GIS,2020-09-09,0 days 15:59:00.245961,531246,59.87,59.86,6328,2517,10398,-3219
1218,GIS,2020-09-09,0 days 15:59:01.242705,521144,59.88,59.87,950,1944,-10102,10398
1219,GIS,2020-09-09,0 days 15:59:15.243863,536559,59.87,59.86,655,4661,9587,-10283
1220,GIS,2020-09-09,0 days 15:59:16.243221,530246,59.89,59.88,100,2849,-5256,9587
1221,GIS,2020-09-09,0 days 15:59:22.243801,541754,59.88,59.87,498,4526,16311,-5342
1222,GIS,2020-09-09,0 days 15:59:42.245869,594227,59.97,59.96,3266,144,-2406,29726
1223,GIS,2020-09-09,0 days 15:59:44.245613,593788,59.96,59.95,3508,3243,468,-129
1224,GIS,2020-09-09,0 days 15:59:45.245786,594856,59.96,59.95,3706,1502,-16581,468
1225,GIS,2020-09-09,0 days 15:59:47.245616,598923,59.96,59.95,4864,1445,10949,-2374
1226,GIS,2020-09-09,0 days 15:59:48.246462,611518,59.96,59.95,4526,1656,-1925,10949
1227,GIS,2020-09-09,0 days 15:59:57.247479,619318,60.0,59.99,2128,300,4700,-8823
1228,GLW,2020-09-09,0 days 15:55:00.238416,501271,33.18,33.17,6938,6543,-6344,108958
1229,GLW,2020-09-09,0 days 15:57:18.244236,515720,33.12,33.11,23318,21288,2266,-4234
1230,GLW,2020-09-09,0 days 15:57:19.244037,507786,33.12,33.11,21218,24675,-7934,2266
