,Symbol,Timestamp,TIME,iPaired,Ask_P,Bid_P,Ask_S,Bid_S,iShares,PreviShares
0,ABBV,2020-10-16,0 days 15:55:05.237619,566385,86.23,86.22,1960,403,-456,132
1,ABBV,2020-10-16,0 days 15:58:07.244555,610110,86.2,86.18,1211,1800,7439,-4227
2,ABBV,2020-10-16,0 days 15:58:54.246256,609556,86.24,86.22,437,1701,-1236,2039
3,ABBV,2020-10-16,0 days 15:59:05.247715,607867,86.23,86.22,1125,709,480,-3254
4,ABBV,2020-10-16,0 days 15:59:24.241005,631444,86.27,86.25,400,301,-9600,1228
5,ABBV,2020-10-16,0 days 15:59:33.242462,633470,86.26,86.24,300,338,8795,-2315
6,ABBV,2020-10-16,0 days 15:59:46.243508,637207,86.28,86.26,800,381,2803,-4383
7,ABBV,2020-10-16,0 days 15:59:55.244781,639033,86.31,86.29,698,200,-1617,609
8,ABT,2020-10-16,0 days 15:55:00.236664,379132,109.85,109.83,2550,530,20029,-24774
9,ABT,2020-10-16,0 days 15:55:01.236216,375961,109.85,109.84,2805,100,-3171,20029
10,ABT,2020-10-16,0 days 15:55:37.239271,376411,109.84,109.82,400,329,-1202,1566
11,ABT,2020-10-16,0 days 15:55:44.240082,380811,109.82,109.8,624,239,1170,-662
12,ABT,2020-10-16,0 days 15:55:45.239572,377681,109.83,109.8,935,539,-3130,1170
13,ABT,2020-10-16,0 days 15:56:01.240114,367869,109.75,109.73,100,300,-1772,6128
14,ABT,2020-10-16,0 days 15:57:03.242689,373450,109.75,109.72,1183,300,359,-641
15,ABT,2020-10-16,0 days 15:57:04.243181,372209,109.75,109.72,1283,300,-1241,359
16,ABT,2020-10-16,0 days 15:57:56.245308,393197,109.78,109.77,386,510,62,-1156
17,ABT,2020-10-16,0 days 15:57:58.244951,385159,109.78,109.77,686,510,-6206,62
18,ABT,2020-10-16,0 days 15:58:02.245766,381555,109.76,109.75,784,400,2604,-3364
19,ABT,2020-10-16,0 days 15:58:03.246100,377959,109.76,109.75,680,501,-1586,2604
20,ABT,2020-10-16,0 days 15:59:21.246542,419776,109.78,109.74,738,100,586,-2599
21,ABT,2020-10-16,0 days 15:59:33.247974,423939,109.77,109.76,500,400,1010,-822
22,ABT,2020-10-16,0 days 15:59:34.247770,422149,109.77,109.76,400,733,-1790,1010
23,ACB,2020-10-16,0 days 15:59:07.251861,13559,4.04,4.03,32584,16499,-260,520
24,ACB,2020-10-16,0 days 15:59:36.249732,22535,4.04,4.03,59659,7913,7624,-8976
25,ACB,2020-10-16,0 days 15:59:37.249496,22059,4.04,4.03,36659,8013,-476,7624
26,ACI,2020-10-16,0 days 15:58:02.245855,50011,14.27,14.26,1700,3952,-680,1640
27,ACI,2020-10-16,0 days 15:58:03.246175,48091,14.27,14.26,1500,4309,1920,-680
28,ACI,2020-10-16,0 days 15:59:07.249163,52861,14.27,14.26,370,5268,-3328,856
29,ACI,2020-10-16,0 days 15:59:08.249846,52389,14.27,14.26,370,5368,472,-3328
30,ACI,2020-10-16,0 days 15:59:32.247650,52435,14.28,14.27,958,1775,426,-874
31,ACI,2020-10-16,0 days 15:59:46.247744,52861,14.28,14.26,1358,824,-1556,426
32,ACI,2020-10-16,0 days 15:59:57.246519,53017,14.28,14.25,3717,2800,1544,-256
33,ADM,2020-10-16,0 days 15:55:53.103987,312037,49.82,49.81,1200,685,-36704,8158
34,ADM,2020-10-16,0 days 15:55:54.103046,310679,49.82,49.81,1806,958,1358,-36704
35,ADM,2020-10-16,0 days 15:57:37.107727,312207,49.8,49.79,236,1919,-2713,687
36,ADM,2020-10-16,0 days 15:57:38.108142,311820,49.8,49.79,1337,718,387,-2713
37,ADM,2020-10-16,0 days 15:58:10.110277,309522,49.79,49.78,237,2409,-1201,3299
38,ADM,2020-10-16,0 days 15:59:19.114466,319085,49.8,49.79,3802,336,1310,-377
39,ADT,2020-10-16,0 days 15:59:08.250003,96140,7.95,7.94,9447,2212,3827,-2218
40,ADT,2020-10-16,0 days 15:59:09.249574,95267,7.95,7.94,8947,2652,-873,3827
41,ADT,2020-10-16,0 days 15:59:32.247717,95664,7.95,7.94,11500,2480,-476,4224
42,ADT,2020-10-16,0 days 15:59:44.248392,96140,7.95,7.94,10809,3593,3924,-476
43,AEO,2020-10-16,0 days 15:55:25.282305,223991,15.01,15.0,5818,4277,-4238,1262
44,AES,2020-10-16,0 days 15:56:20.104613,432317,19.93,19.92,13600,4035,-50663,11137
45,AES,2020-10-16,0 days 15:56:21.104463,427180,19.93,19.92,8536,4349,5137,-50663
46,AES,2020-10-16,0 days 15:56:26.104235,435831,19.93,19.92,5008,7027,-2296,8104
47,AES,2020-10-16,0 days 15:56:27.104947,431227,19.93,19.92,5108,6827,4604,-2296
48,AES,2020-10-16,0 days 15:57:34.106883,437097,19.94,19.93,8018,5978,-261,4039
49,AES,2020-10-16,0 days 15:57:36.107507,434158,19.94,19.93,8018,5275,2939,-261
50,AES,2020-10-16,0 days 15:57:39.107918,437097,19.94,19.93,8015,5827,-3861,6639
51,AES,2020-10-16,0 days 15:57:40.107874,434258,19.94,19.93,8515,6168,2839,-3861
52,AES,2020-10-16,0 days 15:57:41.107920,437097,19.94,19.93,8415,6268,-161,2839
53,AES,2020-10-16,0 days 15:57:42.107597,434658,19.94,19.93,8815,6068,2439,-161
54,AES,2020-10-16,0 days 15:58:02.109919,426744,19.94,19.93,10225,4971,-3514,839
55,AES,2020-10-16,0 days 15:58:22.110292,426744,19.92,19.91,12031,4074,-2831,4469
56,AES,2020-10-16,0 days 15:58:23.110293,425875,19.92,19.91,12031,3974,869,-2831
57,AES,2020-10-16,0 days 15:58:49.112020,426747,19.92,19.91,10459,4426,-328,772
58,AES,2020-10-16,0 days 15:59:30.119305,446502,19.91,19.9,7218,5591,-3940,1374
59,AFL,2020-10-16,0 days 15:57:38.246863,335875,37.21,37.2,1568,2358,365,-2935
60,AG,2020-10-16,0 days 15:55:05.101226,55645,10.51,10.5,43279,1569,3143,-757
61,AG,2020-10-16,0 days 15:59:08.113210,58855,10.51,10.5,16016,23839,-2608,410
62,AG,2020-10-16,0 days 15:59:09.115083,58572,10.51,10.5,13516,19739,283,-2608
63,AG,2020-10-16,0 days 15:59:39.115552,58272,10.51,10.5,14006,18498,583,-8117
64,AG,2020-10-16,0 days 15:59:46.115320,58855,10.51,10.5,10446,33281,-2541,1183
65,AG,2020-10-16,0 days 15:59:47.115591,58086,10.51,10.5,9046,33281,769,-2541
66,AIG,2020-10-16,0 days 15:59:47.115879,409591,30.31,30.3,4000,200,-663,15343
67,AIG,2020-10-16,0 days 15:59:48.116571,410624,30.31,30.3,3800,274,2097,-663
68,AIG,2020-10-16,0 days 15:59:50.119928,409405,30.31,30.3,3400,2211,-849,1581
69,AIG,2020-10-16,0 days 15:59:51.117482,411224,30.32,30.31,2100,2200,18879,-849
70,ALLY,2020-10-16,0 days 15:55:00.282346,180565,28.51,28.5,1015,3509,73,-41486
71,ALLY,2020-10-16,0 days 15:55:01.281554,226738,28.52,28.51,128,2614,-9827,73
72,ALLY,2020-10-16,0 days 15:59:07.291778,295307,28.51,28.5,2489,400,10405,-11988
73,ALLY,2020-10-16,0 days 15:59:34.291052,546295,28.64,28.63,2729,100,-4664,14654
74,ALLY,2020-10-16,0 days 15:59:35.290752,546459,28.61,28.6,1672,1100,1836,-4664
75,ALLY,2020-10-16,0 days 15:59:44.290895,490360,28.6,28.58,200,478,59043,-2004
76,AM,2020-10-16,0 days 15:59:31.237280,110400,6.44,6.43,6060,8130,-3390,1546
77,AM,2020-10-16,0 days 15:59:32.236068,107690,6.44,6.43,5760,8180,2710,-3390
78,AM,2020-10-16,0 days 15:59:39.235817,112400,6.44,6.43,6182,7670,-5490,4710
79,AM,2020-10-16,0 days 15:59:40.236269,110390,6.44,6.43,5144,13936,2010,-5490
80,AM,2020-10-16,0 days 15:59:46.237159,112400,6.44,6.43,5543,5100,-1490,2010
81,AM,2020-10-16,0 days 15:59:47.236133,109890,6.44,6.43,4590,8092,2510,-1490
82,AMC,2020-10-16,0 days 15:59:01.248104,57052,3.04,3.03,9862,3200,2522,-5478
83,AMC,2020-10-16,0 days 15:59:10.249251,59033,3.04,3.03,999,10368,389,-511
84,AMC,2020-10-16,0 days 15:59:11.248825,58822,3.05,3.04,2300,13073,-1080,389
85,AMCR,2020-10-16,0 days 15:55:00.241372,600818,11.51,11.5,28047,15579,4928,-272456
86,AMCR,2020-10-16,0 days 15:55:01.241495,589546,11.51,11.5,28182,15780,-11272,4928
87,AMCR,2020-10-16,0 days 15:57:36.246513,602327,11.52,11.51,24100,17817,5158,-842
88,AMCR,2020-10-16,0 days 15:57:37.246872,591685,11.52,11.51,24000,17317,-10642,5158
89,AMCR,2020-10-16,0 days 15:58:11.248810,614081,11.51,11.5,24975,17216,12151,-25294
90,AMCR,2020-10-16,0 days 15:58:12.249116,604532,11.51,11.5,24588,16829,-9549,12151
91,AMX,2020-10-16,0 days 15:55:00.228891,37084,12.76,12.75,12546,7160,-2159,13334
92,AMX,2020-10-16,0 days 15:56:36.231683,36993,12.76,12.75,7812,10022,-1412,788
93,AMX,2020-10-16,0 days 15:58:02.234347,37643,12.76,12.75,14212,6819,-483,117
94,AR,2020-10-16,0 days 15:59:45.116971,350452,3.56,3.55,34414,19300,-4154,8846
95,AR,2020-10-16,0 days 15:59:46.115088,354606,3.56,3.55,53314,19000,7360,-4154
96,AR,2020-10-16,0 days 15:59:47.115373,349166,3.56,3.55,36814,13313,-5440,7360
97,ARMK,2020-10-16,0 days 15:55:00.231639,102263,28.18,28.16,845,1100,3578,-6949
98,ARMK,2020-10-16,0 days 15:56:28.234105,106651,28.19,28.18,400,703,-1358,1342
99,ARMK,2020-10-16,0 days 15:56:29.234562,105863,28.18,28.17,100,400,788,-1358
100,ARMK,2020-10-16,0 days 15:56:35.234372,106651,28.18,28.17,300,600,-618,228
101,ARMK,2020-10-16,0 days 15:56:36.234919,105923,28.18,28.17,300,500,728,-618
102,ARMK,2020-10-16,0 days 15:56:42.234825,101764,28.23,28.21,1174,200,-4305,695
103,ARMK,2020-10-16,0 days 15:57:55.237610,107870,28.22,28.19,579,700,433,-1667
104,ARMK,2020-10-16,0 days 15:57:56.237292,107303,28.22,28.19,700,1300,-367,433
105,ARMK,2020-10-16,0 days 15:58:02.237483,106270,28.22,28.19,1314,300,1233,-467
106,ARMK,2020-10-16,0 days 15:58:03.237744,105803,28.22,28.21,500,100,-2167,1233
107,ARMK,2020-10-16,0 days 15:58:34.239565,106070,28.23,28.21,691,100,333,-167
108,ARMK,2020-10-16,0 days 15:58:35.238190,105803,28.23,28.21,691,100,-67,333
109,ARMK,2020-10-16,0 days 15:58:38.234838,104170,28.22,28.2,200,100,1633,-67
110,ARMK,2020-10-16,0 days 15:58:39.238201,104003,28.22,28.19,100,1100,-167,1633
111,ARMK,2020-10-16,0 days 15:58:40.234509,105870,28.21,28.19,300,300,8733,-167
112,ARMK,2020-10-16,0 days 15:58:45.238026,103770,28.2,28.17,300,600,5233,-367
113,ARMK,2020-10-16,0 days 15:58:55.238846,100570,28.22,28.17,200,400,10201,-499
114,ARMK,2020-10-16,0 days 15:58:56.238472,103571,28.24,28.19,1000,400,-9499,10201
115,ARMK,2020-10-16,0 days 15:58:57.234746,103770,28.21,28.17,730,400,6801,-9499
116,ARMK,2020-10-16,0 days 15:58:59.238633,103571,28.25,28.21,600,100,-6799,501
117,ARMK,2020-10-16,0 days 15:59:05.239520,105870,28.23,28.21,400,200,1,-199
118,ARMK,2020-10-16,0 days 15:59:10.240164,111532,28.21,28.19,100,300,-2551,1249
119,ARMK,2020-10-16,0 days 15:59:22.239442,111532,28.2,28.16,300,300,-2239,1061
120,ARMK,2020-10-16,0 days 15:59:33.239579,111532,28.2,28.17,125,200,-2330,9170
121,ARMK,2020-10-16,0 days 15:59:34.240079,110962,28.21,28.18,800,100,570,-2330
122,ARMK,2020-10-16,0 days 15:59:36.239915,106532,28.21,28.18,994,100,-4730,570
123,ARMK,2020-10-16,0 days 15:59:37.239938,106362,28.21,28.2,735,100,170,-4730
124,ARMK,2020-10-16,0 days 15:59:50.244247,112430,28.21,28.14,300,650,-1332,668
125,ARMK,2020-10-16,0 days 15:59:58.243345,110062,28.21,28.14,300,200,2368,-6732
126,ARMK,2020-10-16,0 days 15:59:59.242588,107430,28.22,28.14,509,100,-6732,2368
127,ATUS,2020-10-16,0 days 15:55:00.280981,91407,28.63,28.62,4354,2444,16784,-22453
128,ATUS,2020-10-16,0 days 15:56:06.283394,108191,28.62,28.61,7590,2953,-355,1107
129,ATUS,2020-10-16,0 days 15:57:54.286241,115648,28.64,28.63,5330,2167,813,-1287
130,ATUS,2020-10-16,0 days 15:57:55.286507,114976,28.64,28.63,5563,2167,-672,813
131,ATUS,2020-10-16,0 days 15:59:22.289546,151385,28.64,28.63,3900,4300,-314,786
132,ATUS,2020-10-16,0 days 15:59:43.291541,155142,28.64,28.63,5177,6622,737,-562
133,ATUS,2020-10-16,0 days 15:59:44.290740,154779,28.64,28.63,3228,6722,-363,737
134,AUY,2020-10-16,0 days 15:58:53.238447,127729,5.94,5.93,348331,312824,-9444,13418
135,AVTR,2020-10-16,0 days 15:55:00.241532,208979,24.51,24.5,3255,350,3122,-10780
136,AVTR,2020-10-16,0 days 15:55:01.241284,202501,24.51,24.5,3212,589,-6478,3122
137,AVTR,2020-10-16,0 days 15:55:41.243321,209980,24.51,24.5,4469,830,18,-2841
138,AVTR,2020-10-16,0 days 15:56:06.242793,204188,24.51,24.5,4308,1245,-5792,18
139,AVTR,2020-10-16,0 days 15:57:21.244707,212608,24.51,24.5,2168,724,10276,-2213
140,AVTR,2020-10-16,0 days 15:57:22.245011,206884,24.51,24.5,2071,1300,-5724,10276
141,AVTR,2020-10-16,0 days 15:59:01.250717,371439,24.51,24.5,2874,1242,2421,-21943
142,AVTR,2020-10-16,0 days 15:59:06.251253,356898,24.51,24.5,2718,435,-14541,3320
143,AVTR,2020-10-16,0 days 15:59:15.242219,221239,24.5,24.49,2100,924,146323,-4377
144,AVTR,2020-10-16,0 days 15:59:16.241111,218162,24.51,24.5,1763,187,-3077,146323
145,AVTR,2020-10-16,0 days 15:59:26.242280,244132,24.49,24.48,1159,1400,2130,-4870
146,AVTR,2020-10-16,0 days 15:59:27.241123,239562,24.49,24.48,1101,1400,-4570,2130
147,AVTR,2020-10-16,0 days 15:59:34.243423,243732,24.48,24.47,1100,1300,3732,-3819
148,AVTR,2020-10-16,0 days 15:59:35.242534,241964,24.48,24.47,984,1100,-1668,3732
149,AVTR,2020-10-16,0 days 15:59:47.243452,244105,24.48,24.46,1400,2456,-1733,5373
150,AVTR,2020-10-16,0 days 15:59:48.244000,245838,24.48,24.46,1400,1556,51,-1733
151,AXP,2020-10-16,0 days 15:55:19.244899,185414,104.98,104.96,200,168,-3327,4589
152,AXP,2020-10-16,0 days 15:55:20.245240,159641,104.96,104.95,100,453,25773,-3327
153,AXP,2020-10-16,0 days 15:56:26.246953,185974,105.02,104.99,500,300,-654,204
154,AXP,2020-10-16,0 days 15:56:27.247334,183497,105.01,104.99,100,300,2477,-654
155,AXP,2020-10-16,0 days 15:59:00.248062,182158,105.03,105.02,296,135,-524,8648
156,AXP,2020-10-16,0 days 15:59:09.247275,199908,105.01,104.99,200,100,3,-4036
157,AXP,2020-10-16,0 days 15:59:10.246771,199911,105.02,104.99,100,600,-61,3
158,AXP,2020-10-16,0 days 15:59:12.246642,198543,105.02,105.0,300,167,1368,-61
159,AXP,2020-10-16,0 days 15:59:18.240931,210015,104.97,104.96,300,167,-308,2546
160,AXP,2020-10-16,0 days 15:59:19.240708,210323,104.96,104.94,410,100,4676,-308
161,AXP,2020-10-16,0 days 15:59:42.242387,217216,104.96,104.95,100,500,-2112,988
162,AXP,2020-10-16,0 days 15:59:43.242047,208428,104.94,104.92,900,100,11888,-2112
163,AXP,2020-10-16,0 days 15:59:46.242992,221236,104.96,104.94,100,600,-4745,988
164,AXP,2020-10-16,0 days 15:59:49.241952,218114,104.96,104.94,100,350,1449,-2978
165,AXTA,2020-10-16,0 days 15:55:00.228465,66410,25.64,25.63,751,1431,2052,-15120
166,AXTA,2020-10-16,0 days 15:55:38.229872,68310,25.68,25.67,3005,1206,273,-3627
167,AXTA,2020-10-16,0 days 15:56:25.230824,67839,25.65,25.64,3338,1615,1321,-831
168,AXTA,2020-10-16,0 days 15:57:01.233061,77514,25.66,25.65,2327,2004,377,-3223
169,AXTA,2020-10-16,0 days 15:57:49.233964,77891,25.65,25.64,424,3412,-123,577
170,AXTA,2020-10-16,0 days 15:57:50.233780,77314,25.65,25.64,524,3312,577,-123
171,AXTA,2020-10-16,0 days 15:58:22.235251,76491,25.65,25.64,581,3008,-67,2033
172,AXTA,2020-10-16,0 days 15:58:23.236168,76058,25.65,25.64,608,3118,433,-67
173,AXTA,2020-10-16,0 days 15:58:29.235308,76491,25.66,25.65,1400,2369,-2967,433
174,AXTA,2020-10-16,0 days 15:58:30.235842,76058,25.66,25.65,1000,3769,433,-2967
175,AXTA,2020-10-16,0 days 15:59:06.237460,65242,25.64,25.63,412,3496,-6851,676
176,AXTA,2020-10-16,0 days 15:59:45.236991,85034,25.63,25.62,2554,667,349,-1795
177,BA,2020-10-16,0 days 15:55:11.281334,174532,167.66,167.63,500,100,-7564,2836
178,BA,2020-10-16,0 days 15:55:12.281502,170196,167.59,167.58,500,100,4336,-7564
179,BA,2020-10-16,0 days 15:56:12.284050,176913,167.5,167.47,800,800,-5226,5174
180,BA,2020-10-16,0 days 15:56:13.283446,172539,167.48,167.47,300,100,4374,-5226
181,BA,2020-10-16,0 days 15:59:01.290681,185012,167.39,167.37,300,200,-796,18492
182,BA,2020-10-16,0 days 15:59:02.290611,187012,167.4,167.38,100,400,829,-796
183,BA,2020-10-16,0 days 15:59:03.290441,186641,167.45,167.43,1000,600,-801,829
184,BA,2020-10-16,0 days 15:59:06.290900,180656,167.45,167.44,100,199,4053,-3366
185,BA,2020-10-16,0 days 15:59:15.291254,189334,167.41,167.4,100,300,-7997,7478
186,BA,2020-10-16,0 days 15:59:16.289993,186883,167.41,167.4,200,300,2451,-7997
187,BA,2020-10-16,0 days 15:59:30.291016,189430,167.46,167.45,200,300,-768,2422
188,BABA,2020-10-16,0 days 15:57:36.241925,708050,307.44,307.4,407,204,-262,1932
189,BABA,2020-10-16,0 days 15:57:38.242405,706812,307.42,307.4,199,300,1186,-4262
190,BABA,2020-10-16,0 days 15:57:44.242759,713398,307.53,307.48,100,300,-4311,1083
191,BABA,2020-10-16,0 days 15:57:45.242360,708309,307.55,307.52,196,100,4902,-4311
192,BABA,2020-10-16,0 days 15:57:46.242826,713553,307.55,307.51,196,346,-156,4902
193,BABA,2020-10-16,0 days 15:57:47.242639,713292,307.53,307.49,100,300,209,-156
194,BABA,2020-10-16,0 days 15:57:50.242743,713211,307.56,307.52,300,462,-81,106
195,BABA,2020-10-16,0 days 15:57:59.242875,714901,307.51,307.43,300,100,-692,5405
196,BABA,2020-10-16,0 days 15:58:01.245338,706996,307.39,307.32,600,100,8754,-5292
197,BABA,2020-10-16,0 days 15:58:05.243956,708119,307.36,307.32,100,300,-4660,123
198,BABA,2020-10-16,0 days 15:58:07.244137,709779,307.41,307.38,355,200,1905,-160
199,BABA,2020-10-16,0 days 15:58:09.244144,706184,307.4,307.38,100,200,-5781,5105
200,BABA,2020-10-16,0 days 15:58:17.244622,709782,307.44,307.4,300,200,3803,-51
201,BABA,2020-10-16,0 days 15:58:18.244078,709382,307.46,307.41,200,100,-400,3803
202,BABA,2020-10-16,0 days 15:58:32.244713,713399,307.51,307.45,300,100,3895,-5605
203,BABA,2020-10-16,0 days 15:58:33.245150,712588,307.55,307.48,100,200,-5708,3895
204,BABA,2020-10-16,0 days 15:59:17.240314,719037,307.54,307.46,100,100,-6615,3952
205,BABA,2020-10-16,0 days 15:59:18.241727,725652,307.54,307.47,100,100,160,-6615
206,BABA,2020-10-16,0 days 15:59:21.240168,729512,307.52,307.49,229,200,-1236,160
207,BABA,2020-10-16,0 days 15:59:25.240367,725851,307.49,307.46,200,200,4628,-372
208,BABA,2020-10-16,0 days 15:59:26.240747,724976,307.5,307.46,100,400,-5772,4628
209,BABA,2020-10-16,0 days 15:59:45.243324,726216,307.47,307.46,100,169,3713,-1338
210,BABA,2020-10-16,0 days 15:59:46.243214,725475,307.51,307.48,105,200,-6553,3713
211,BABA,2020-10-16,0 days 15:59:48.242799,729365,307.47,307.4,500,100,3564,-2573
212,BABA,2020-10-16,0 days 15:59:49.243060,728881,307.5,307.46,600,800,-658,3564
213,BABA,2020-10-16,0 days 15:59:57.244910,725839,307.42,307.3,736,100,1833,-2158
214,BAM,2020-10-16,0 days 15:56:06.233940,49347,33.79,33.78,6093,589,63,-1086
215,BAM,2020-10-16,0 days 15:56:29.234750,49410,33.79,33.78,4133,379,-282,63
216,BAM,2020-10-16,0 days 15:59:21.239466,50880,33.76,33.75,2478,1800,25,-75
217,BAM,2020-10-16,0 days 15:59:47.241236,50754,33.74,33.73,1200,2100,-126,8674
218,BAX,2020-10-16,0 days 15:55:00.236782,255893,81.91,81.9,305,100,12736,-81226
219,BAX,2020-10-16,0 days 15:56:08.240353,268965,81.91,81.88,707,200,-657,274
220,BAX,2020-10-16,0 days 15:57:38.244342,275320,81.89,81.88,600,334,184,-616
221,BAX,2020-10-16,0 days 15:57:47.244575,276020,81.89,81.88,1105,596,1684,-516
222,BAX,2020-10-16,0 days 15:57:57.245299,272870,81.87,81.84,844,100,-1650,784
223,BAX,2020-10-16,0 days 15:58:00.247831,274520,81.85,81.84,100,335,550,-450
224,BAX,2020-10-16,0 days 15:58:01.247225,274070,81.85,81.84,600,235,-344,550
225,BAX,2020-10-16,0 days 15:58:06.246528,270962,81.85,81.84,496,435,-1200,2480
226,BAX,2020-10-16,0 days 15:58:08.246219,272262,81.85,81.84,296,435,3100,-1200
227,BAX,2020-10-16,0 days 15:58:09.246283,271462,81.85,81.84,463,435,-700,3100
228,BAX,2020-10-16,0 days 15:58:52.247071,283103,81.85,81.82,504,455,-869,4131
229,BAX,2020-10-16,0 days 15:59:24.246766,296206,81.84,81.83,300,574,-1449,3051
230,BAX,2020-10-16,0 days 15:59:37.248247,304595,81.86,81.83,800,684,2211,-2389
231,BAX,2020-10-16,0 days 15:59:38.247837,303206,81.84,81.8,600,100,-1389,2211
232,BAX,2020-10-16,0 days 15:59:46.247704,304474,81.84,81.81,513,679,9483,-1268
233,BAX,2020-10-16,0 days 15:59:47.246794,303657,81.84,81.81,513,579,-817,9483
234,BB,2020-10-16,0 days 15:59:39.243792,42309,4.98,4.97,39021,35971,-57,5743
235,BBD,2020-10-16,0 days 15:59:07.251861,179579,3.59,3.58,194866,816205,-55420,32205
236,BBD,2020-10-16,0 days 15:59:36.249746,238652,3.59,3.58,57722,710790,12298,-15902
237,BCS,2020-10-16,0 days 15:59:36.241767,43456,5.26,5.25,17567,170941,-12073,15127
238,BCS,2020-10-16,0 days 15:59:37.242015,43329,5.26,5.25,13967,168102,127,-12073
239,BEN,2020-10-16,0 days 15:55:00.281250,203792,23.51,23.5,4138,2872,-8025,17350
240,BEN,2020-10-16,0 days 15:55:40.283008,213055,23.53,23.52,6733,4176,773,-3122
241,BEN,2020-10-16,0 days 15:55:41.282793,211428,23.53,23.52,6520,4356,-1627,773
242,BEN,2020-10-16,0 days 15:56:31.285154,214614,23.53,23.52,6123,4170,1242,-1758
243,BEN,2020-10-16,0 days 15:56:32.284485,213356,23.53,23.52,6004,3570,-1258,1242
244,BEN,2020-10-16,0 days 15:57:46.286653,218573,23.53,23.52,6173,3064,283,-1517
245,BEN,2020-10-16,0 days 15:57:47.286343,218156,23.53,23.52,6073,3064,-417,283
246,BEN,2020-10-16,0 days 15:57:57.287092,219373,23.53,23.52,6118,4408,383,-1617
247,BEN,2020-10-16,0 days 15:57:58.286754,217756,23.53,23.52,6078,4417,-1617,383
248,BEN,2020-10-16,0 days 15:58:00.287110,219373,23.53,23.52,5664,3717,283,-1617
249,BEN,2020-10-16,0 days 15:58:01.287720,214402,23.53,23.52,6456,3717,-4971,283
250,BEN,2020-10-16,0 days 15:58:04.287974,219373,23.53,23.52,6664,4102,29,-1871
251,BEN,2020-10-16,0 days 15:58:08.288032,212702,23.53,23.52,8564,1713,-6671,29
252,BEN,2020-10-16,0 days 15:58:43.289398,215694,23.51,23.5,3231,7000,-1079,921
253,BEN,2020-10-16,0 days 15:59:28.290096,243053,23.5,23.49,8631,1698,564,-530
254,BEN,2020-10-16,0 days 15:59:31.291110,241586,23.5,23.49,9431,1690,-1467,564
255,BEN,2020-10-16,0 days 15:59:43.291657,243053,23.49,23.48,8686,3196,659,-1467
256,BEST,2020-10-16,0 days 15:57:41.247471,297552,2.61,2.6,4498,8965,4015,-2885
257,BEST,2020-10-16,0 days 15:57:42.246970,295367,2.61,2.6,4200,8965,-2185,4015
258,BG,2020-10-16,0 days 15:55:39.103312,208572,54.57,54.55,113,300,2868,-1032
259,BG,2020-10-16,0 days 15:55:40.103213,206858,54.58,54.56,400,465,-1714,2868
260,BG,2020-10-16,0 days 15:57:35.107257,209481,54.58,54.57,100,100,1549,-1151
261,BG,2020-10-16,0 days 15:58:13.110137,206664,54.6,54.57,100,100,-273,10327
262,BG,2020-10-16,0 days 15:59:14.114016,224893,54.63,54.62,300,475,-2698,1000
263,BG,2020-10-16,0 days 15:59:15.114052,224191,54.63,54.62,400,100,702,-2698
264,BG,2020-10-16,0 days 15:59:29.115709,224893,54.64,54.62,100,100,-5586,702
265,BG,2020-10-16,0 days 15:59:46.115320,232726,54.58,54.52,127,1100,14982,-7991
266,BG,2020-10-16,0 days 15:59:59.117644,237705,54.61,54.59,300,100,1142,-147
267,BHC,2020-10-16,0 days 15:57:35.242623,156093,17.15,17.14,3991,3353,403,-2297
268,BHC,2020-10-16,0 days 15:57:37.242817,144696,17.15,17.14,3991,3652,-11397,403
269,BHC,2020-10-16,0 days 15:59:48.243334,150351,17.14,17.13,7345,8961,-489,2311
270,BK,2020-10-16,0 days 15:59:09.247865,361661,37.99,37.98,2500,1523,7505,-68730
271,BK,2020-10-16,0 days 15:59:10.247497,357090,38.01,38.0,100,2100,-5248,7505
272,BKR,2020-10-16,0 days 15:55:00.243483,350303,13.15,13.14,3211,19298,412,-103918
273,BKR,2020-10-16,0 days 15:55:04.243597,343215,13.15,13.14,1476,18008,-10388,37112
274,BKR,2020-10-16,0 days 15:58:08.243523,384463,13.17,13.16,6650,6724,1431,-571
275,BKR,2020-10-16,0 days 15:58:09.243665,371094,13.17,13.16,4650,9066,-13369,1431
276,BKR,2020-10-16,0 days 15:59:01.245170,428542,13.17,13.16,3171,9342,2552,-46981
277,BKR,2020-10-16,0 days 15:59:03.245267,416211,13.17,13.16,3636,10542,-12502,2381
278,BORR,2020-10-16,0 days 16:00:00.243813,5000,0.45,0.44,5000,10175,4993,-1145
279,BRK.B,2020-10-16,0 days 15:55:51.242970,261611,212.08,211.99,200,100,-6468,1998
280,BRK.B,2020-10-16,0 days 15:56:00.243522,254480,212.0,211.97,312,214,7131,-6369
281,BRK.B,2020-10-16,0 days 15:56:17.243584,263756,212.04,211.99,100,200,-12455,1084
282,BRK.B,2020-10-16,0 days 15:56:19.243623,262711,212.02,211.98,300,980,1045,-12455
283,BRK.B,2020-10-16,0 days 15:57:24.245637,263889,211.99,211.92,600,457,-267,322
284,BRK.B,2020-10-16,0 days 15:57:33.246198,263627,211.99,211.95,900,100,262,-228
285,BRX,2020-10-16,0 days 15:56:08.283505,127640,11.34,11.33,7058,12516,1177,-2103
286,BRX,2020-10-16,0 days 15:56:09.284284,124117,11.34,11.33,6948,12716,-3523,1177
287,BRX,2020-10-16,0 days 15:57:08.285012,128203,11.34,11.33,6171,10446,7,-593
288,BRX,2020-10-16,0 days 15:57:09.284681,124710,11.34,11.33,5971,10846,-3493,7
289,BRX,2020-10-16,0 days 15:59:26.289993,202256,11.31,11.3,13688,8254,-4291,10403
290,BRX,2020-10-16,0 days 15:59:43.291733,206588,11.31,11.3,11231,6905,5169,-376
291,BRX,2020-10-16,0 days 15:59:44.290895,204663,11.31,11.3,10531,10628,-1925,5169
292,BRX,2020-10-16,0 days 15:59:47.290301,206471,11.31,11.3,10631,9738,-117,6086
293,BRX,2020-10-16,0 days 15:59:49.291146,206588,11.31,11.3,10831,7316,317,-1145
294,BRX,2020-10-16,0 days 15:59:50.294557,200934,11.31,11.3,11331,8377,-5654,317
295,BTU,2020-10-16,0 days 15:58:09.237925,52922,1.65,1.64,8036,5328,-7893,2617
296,BTU,2020-10-16,0 days 15:58:10.237706,51115,1.65,1.64,8036,4648,1807,-7893
297,BTU,2020-10-16,0 days 15:59:38.235807,52907,1.66,1.65,12752,13082,-5846,554
298,BTU,2020-10-16,0 days 15:59:39.239056,52053,1.66,1.65,15952,10529,854,-5846
299,BUD,2020-10-16,0 days 15:56:08.246550,33266,55.32,55.31,100,600,-151,415
300,BUD,2020-10-16,0 days 15:56:09.248925,31617,55.33,55.31,600,200,1649,-151
301,BUD,2020-10-16,0 days 15:58:15.243879,34711,55.31,55.3,600,100,-1048,1652
302,BUD,2020-10-16,0 days 15:58:16.243762,33259,55.32,55.3,700,400,1452,-1048
303,BUD,2020-10-16,0 days 15:59:01.245323,31116,55.34,55.33,100,660,-3113,306
304,BUD,2020-10-16,0 days 15:59:02.245435,29910,55.34,55.33,200,500,1206,-3113
305,BUD,2020-10-16,0 days 15:59:04.245597,31116,55.35,55.33,300,900,-240,1206
306,BUD,2020-10-16,0 days 15:59:17.241161,21601,55.33,55.28,474,100,150,-250
307,BUD,2020-10-16,0 days 15:59:19.240822,21927,55.32,55.27,674,300,-95,626
308,BUD,2020-10-16,0 days 15:59:24.241102,32622,55.33,55.28,200,429,980,-95
309,BUD,2020-10-16,0 days 15:59:29.240922,33715,55.36,55.34,300,400,-707,504
310,BUD,2020-10-16,0 days 15:59:30.243803,32922,55.36,55.34,500,200,793,-707
311,BWA,2020-10-16,0 days 15:55:00.236934,411866,38.68,38.67,286,1596,6856,-24361
312,BWA,2020-10-16,0 days 15:56:26.240177,420099,38.71,38.7,2149,612,-2650,1250
313,BWA,2020-10-16,0 days 15:56:27.240287,418249,38.7,38.68,1100,701,1850,-2650
314,BWA,2020-10-16,0 days 15:57:40.242812,421985,38.73,38.72,100,896,-2220,1153
315,BWA,2020-10-16,0 days 15:57:41.243101,420405,38.73,38.72,386,949,1580,-2220
316,BWA,2020-10-16,0 days 15:57:43.243419,421985,38.73,38.72,541,482,-720,1580
317,BWA,2020-10-16,0 days 15:57:45.242644,420805,38.72,38.71,1000,500,1180,-1420
318,BWA,2020-10-16,0 days 15:57:52.242831,421985,38.72,38.71,1400,628,-101,2099
319,BWA,2020-10-16,0 days 15:57:53.243258,419586,38.72,38.71,1400,808,2399,-101
320,BWA,2020-10-16,0 days 15:57:56.243400,421985,38.72,38.71,700,835,-501,1199
321,BWA,2020-10-16,0 days 15:57:57.243268,420786,38.72,38.71,900,847,1199,-501
322,BWA,2020-10-16,0 days 15:58:06.244130,421985,38.71,38.7,702,421,-1501,1199
323,BWA,2020-10-16,0 days 15:58:07.244414,418386,38.71,38.7,702,421,3599,-1501
324,BWA,2020-10-16,0 days 15:58:13.244795,426492,38.71,38.7,408,736,-994,1806
325,BWA,2020-10-16,0 days 15:58:14.244659,424886,38.71,38.7,408,849,1606,-994
326,BWA,2020-10-16,0 days 15:58:21.244690,426492,38.71,38.69,1133,703,-1894,1606
327,BWA,2020-10-16,0 days 15:58:23.245397,424886,38.71,38.69,1667,630,1606,-2594
328,BWA,2020-10-16,0 days 15:58:26.245162,426492,38.71,38.69,1567,630,-2194,5306
329,BWA,2020-10-16,0 days 15:58:27.245458,424886,38.71,38.69,1567,530,1606,-2194
330,BWA,2020-10-16,0 days 15:58:29.245159,426492,38.71,38.69,600,1353,-2194,1606
331,BWA,2020-10-16,0 days 15:58:30.245644,430186,38.71,38.69,600,1180,606,-2194
332,BWA,2020-10-16,0 days 15:58:36.245684,430792,38.71,38.69,580,700,-4694,606
333,BWA,2020-10-16,0 days 15:58:37.245476,429286,38.71,38.69,400,800,1506,-4694
334,BWA,2020-10-16,0 days 15:59:19.241121,438795,38.67,38.64,700,200,-5718,1262
335,BWA,2020-10-16,0 days 15:59:32.242630,450173,38.65,38.61,300,550,833,-1975
336,BX,2020-10-16,0 days 15:59:22.242474,131511,55.84,55.82,300,2236,426,-1327
337,BX,2020-10-16,0 days 15:59:29.242899,129411,55.83,55.82,712,1660,-1700,5200
338,BX,2020-10-16,0 days 15:59:46.244977,131962,55.83,55.82,1029,776,1363,-2151
339,BX,2020-10-16,0 days 15:59:48.244523,130725,55.83,55.82,1529,300,-837,1363
340,C,2020-10-16,0 days 15:59:09.237781,1097555,43.18,43.17,10100,5719,157612,-12996
341,C,2020-10-16,0 days 15:59:11.237895,1246567,43.2,43.19,9400,2960,-19485,136617
342,C,2020-10-16,0 days 15:59:15.236943,1270561,43.2,43.19,800,9163,55237,-7494
343,C,2020-10-16,0 days 15:59:19.237156,1324274,43.23,43.22,5132,7700,616,-2471
344,C,2020-10-16,0 days 15:59:57.238885,1373861,43.2,43.19,9000,100,4378,-25440
345,CARS,2020-10-16,0 days 15:55:39.233451,78723,9.21,9.2,1077,1770,-6657,5031
346,CARS,2020-10-16,0 days 15:56:02.234580,85944,9.2,9.19,1258,3535,2079,-1509
347,CARS,2020-10-16,0 days 15:56:03.233287,85123,9.2,9.19,1258,3835,-821,2079
348,CARS,2020-10-16,0 days 15:58:08.238323,96614,9.21,9.2,1717,2031,1506,-1591
349,CARS,2020-10-16,0 days 15:58:09.238364,94920,9.21,9.2,2331,1931,-1494,1506
350,CARS,2020-10-16,0 days 15:59:05.239703,99453,9.25,9.24,1435,1540,232,-1935
351,CARS,2020-10-16,0 days 15:59:08.240433,99735,9.25,9.24,590,1306,-1319,480
352,CAT,2020-10-16,0 days 15:59:09.252125,317386,168.87,168.8,200,600,23552,-21347
353,CCL,2020-10-16,0 days 15:59:17.246931,472801,14.1,14.09,30021,17774,-2149,3251
354,CCL,2020-10-16,0 days 15:59:21.246652,470663,14.09,14.08,17055,24367,3238,-2162
355,CCL,2020-10-16,0 days 15:59:26.247278,474001,14.09,14.08,24784,19751,-5898,3238
356,CDE,2020-10-16,0 days 15:55:00.102626,89660,7.94,7.93,2925,3917,-28504,30262
357,CDE,2020-10-16,0 days 15:56:04.103464,110267,7.94,7.93,1296,7501,1164,-336
358,CDE,2020-10-16,0 days 15:56:05.103744,109131,7.94,7.93,1276,7301,-1036,1164
359,CDE,2020-10-16,0 days 15:59:09.115083,119819,7.94,7.93,3344,16780,7652,-1803
360,CDE,2020-10-16,0 days 15:59:10.114076,118471,7.95,7.94,10531,10052,-5848,7652
361,CDE,2020-10-16,0 days 15:59:33.115613,121116,7.94,7.93,5143,16234,-1207,467
362,CDE,2020-10-16,0 days 15:59:37.115413,120323,7.93,7.92,5143,9311,3093,-1207
363,CDE,2020-10-16,0 days 15:59:38.114659,120016,7.93,7.92,4643,9711,-307,3093
364,CGC,2020-10-16,0 days 15:56:04.230750,20158,17.76,17.75,464,2201,-1390,510
365,CGC,2020-10-16,0 days 15:56:05.230661,19848,17.76,17.75,464,1301,310,-1390
366,CGC,2020-10-16,0 days 15:59:37.235387,22062,17.79,17.77,310,1400,149,-251
367,CGC,2020-10-16,0 days 15:59:38.235438,22211,17.79,17.77,310,1400,-2746,149
368,CGC,2020-10-16,0 days 15:59:42.236399,19362,17.78,17.76,100,1100,2849,-2746
369,CGC,2020-10-16,0 days 15:59:47.235925,22311,17.78,17.75,100,1139,-571,249
370,CGC,2020-10-16,0 days 15:59:48.237170,22182,17.78,17.75,100,639,29,-571
371,CHWY,2020-10-16,0 days 15:59:08.238213,41948,67.17,67.13,400,135,8781,-962
372,CHWY,2020-10-16,0 days 15:59:25.236754,50456,67.31,67.22,100,500,-404,496
373,CL,2020-10-16,0 days 15:59:07.114373,326172,80.27,80.26,226,400,-23019,4714
374,CL,2020-10-16,0 days 15:59:08.113076,322691,80.28,80.27,1200,100,3481,-23019
375,CL,2020-10-16,0 days 15:59:49.116334,389125,80.31,80.3,500,200,355,-2856
376,CLDR,2020-10-16,0 days 15:56:04.103419,128884,10.7,10.69,4722,4999,-500,1400
377,CLDR,2020-10-16,0 days 15:56:05.103711,126584,10.7,10.69,4746,6099,2300,-500
378,CLDR,2020-10-16,0 days 15:57:49.109395,128884,10.72,10.71,3450,5708,-1402,598
379,CLDR,2020-10-16,0 days 15:57:50.109215,127286,10.72,10.71,4844,5408,1598,-1402
380,CLDR,2020-10-16,0 days 15:58:03.109521,128884,10.72,10.71,5621,4036,-5359,1083
381,CLDR,2020-10-16,0 days 15:58:05.109583,127880,10.72,10.71,8029,3536,1004,-3959
382,CLDR,2020-10-16,0 days 15:58:24.110314,128884,10.72,10.71,4321,6134,-1096,1004
383,CLDR,2020-10-16,0 days 15:58:25.110470,127880,10.72,10.71,7038,3989,1004,-1096
384,CLDR,2020-10-16,0 days 15:58:29.110805,128884,10.72,10.71,6338,4174,-96,3704
385,CLDR,2020-10-16,0 days 15:58:30.111524,127880,10.72,10.71,7838,4174,1004,-96
386,CLDR,2020-10-16,0 days 15:59:20.113995,134367,10.72,10.71,3397,6194,-2274,1789
387,CLF,2020-10-16,0 days 15:55:42.232995,215774,7.62,7.61,7782,24304,126,-774
388,CLF,2020-10-16,0 days 15:55:43.233465,214100,7.62,7.61,6782,25637,-1674,126
389,CLF,2020-10-16,0 days 15:56:30.234717,215774,7.62,7.61,2500,25746,6650,-297
390,CLF,2020-10-16,0 days 15:56:31.234596,207784,7.62,7.61,5000,25746,-7990,6650
391,CLF,2020-10-16,0 days 15:56:45.235180,215774,7.62,7.61,2964,25842,1374,-7918
392,CLF,2020-10-16,0 days 15:57:27.235568,217148,7.62,7.61,10300,23123,-626,1374
393,CLF,2020-10-16,0 days 15:58:11.238576,225630,7.62,7.61,9435,18130,49772,-5451
394,CLF,2020-10-16,0 days 15:58:12.237840,223702,7.62,7.61,6535,23823,-1928,49772
395,CLF,2020-10-16,0 days 15:59:08.240433,228040,7.63,7.62,23363,15290,1595,-1327
396,CLF,2020-10-16,0 days 15:59:09.240692,225335,7.63,7.62,27463,13736,-2705,1595
397,CLNY,2020-10-16,0 days 15:55:31.245905,136621,3.14,3.13,18482,29240,319,-5081
398,CLNY,2020-10-16,0 days 15:56:08.246392,136940,3.14,3.13,18246,30090,-1221,319
399,CLNY,2020-10-16,0 days 15:58:06.243460,138175,3.14,3.13,16695,28227,20937,-1618
400,CLNY,2020-10-16,0 days 15:58:07.243914,136012,3.14,3.13,16695,28227,-2163,20937
401,CLNY,2020-10-16,0 days 15:58:13.243831,139772,3.14,3.13,13294,27231,1640,-3760
402,CLNY,2020-10-16,0 days 15:58:14.243635,137512,3.14,3.13,13294,27231,-2260,1640
403,CLNY,2020-10-16,0 days 15:58:53.244623,139772,3.14,3.13,13550,23707,129,-2260
404,CLNY,2020-10-16,0 days 15:59:02.245194,135801,3.14,3.13,8260,26068,-1482,2618
405,CLNY,2020-10-16,0 days 15:59:19.240708,173148,3.14,3.13,12785,24909,601,-4432
406,CLNY,2020-10-16,0 days 15:59:34.242040,173749,3.14,3.13,23100,25834,-18,592
407,CLR,2020-10-16,0 days 15:56:00.246355,95261,13.21,13.2,3649,820,29126,-39974
408,CLR,2020-10-16,0 days 15:56:01.246113,91487,13.21,13.2,1939,3448,-3774,29126
409,CLR,2020-10-16,0 days 15:59:07.246043,123639,13.24,13.22,2700,4166,397,-496
410,CLR,2020-10-16,0 days 15:59:08.246447,120117,13.24,13.22,2600,5446,-3627,397
411,CLR,2020-10-16,0 days 15:59:31.242309,120433,13.21,13.2,4363,2000,5025,-660
412,CLR,2020-10-16,0 days 15:59:32.241375,117958,13.21,13.2,2161,2900,-2475,5025
413,CLR,2020-10-16,0 days 15:59:38.242005,107158,13.19,13.18,136,4290,-1175,9625
414,CLR,2020-10-16,0 days 15:59:40.242036,108333,13.19,13.18,3801,299,1375,-1175
415,CLR,2020-10-16,0 days 15:59:41.242005,107308,13.18,13.17,2938,1600,-1025,1375
416,CLR,2020-10-16,0 days 15:59:47.241545,108333,13.17,13.16,336,5720,8991,-93
417,CLR,2020-10-16,0 days 16:00:00.242196,107433,13.2,13.13,600,500,913,-87
418,CNC,2020-10-16,0 days 15:55:00.236782,266571,66.28,66.25,455,100,7229,-24419
419,CNC,2020-10-16,0 days 15:56:36.241341,283418,66.33,66.31,400,200,-187,807
420,CNC,2020-10-16,0 days 15:56:37.241398,282605,66.31,66.27,200,300,1009,-187
421,CNC,2020-10-16,0 days 15:57:18.243185,283314,66.35,66.32,200,200,-491,309
422,CNC,2020-10-16,0 days 15:57:19.243583,282605,66.35,66.32,300,410,709,-491
423,CNC,2020-10-16,0 days 15:57:54.244706,285514,66.37,66.35,100,300,-291,4709
424,CNC,2020-10-16,0 days 15:58:00.247831,281505,66.34,66.32,363,200,6309,-891
425,CNC,2020-10-16,0 days 15:58:08.246219,284324,66.31,66.28,300,200,-474,1181
426,CNC,2020-10-16,0 days 15:58:17.246702,287030,66.32,66.29,200,400,2094,-5306
427,CNC,2020-10-16,0 days 15:58:18.246467,286724,66.32,66.29,200,600,-106,2094
428,CNC,2020-10-16,0 days 15:58:36.247237,286830,66.3,66.29,100,100,1194,-306
429,CNC,2020-10-16,0 days 15:58:58.247910,288024,66.3,66.28,100,500,-450,4250
430,CNC,2020-10-16,0 days 15:59:04.248409,288465,66.29,66.27,600,200,1555,-111
431,CNC,2020-10-16,0 days 15:59:06.248873,316383,66.29,66.28,454,300,-2096,119
432,CNC,2020-10-16,0 days 15:59:09.249357,314600,66.29,66.26,300,200,1783,-2917
433,CNC,2020-10-16,0 days 15:59:10.249412,312783,66.27,66.25,100,300,-1817,1783
434,CNC,2020-10-16,0 days 15:59:27.246802,320424,66.27,66.23,100,500,1836,-3105
435,CNC,2020-10-16,0 days 15:59:28.246963,319560,66.27,66.23,100,500,-864,1836
436,CNK,2020-10-16,0 days 15:56:04.239866,95304,7.88,7.87,6027,7551,-505,1395
437,CNK,2020-10-16,0 days 15:56:05.239231,94109,7.88,7.87,6401,7651,1195,-505
438,CNK,2020-10-16,0 days 15:56:34.240486,96157,7.88,7.87,4189,8927,-52,2048
439,CNK,2020-10-16,0 days 15:56:35.240832,94809,7.88,7.87,3934,8421,1348,-52
440,CNK,2020-10-16,0 days 15:57:34.242279,96157,7.87,7.86,2800,8370,-858,1132
441,CNK,2020-10-16,0 days 15:57:35.242623,94925,7.87,7.86,3379,8370,1232,-858
442,CNK,2020-10-16,0 days 15:57:55.243604,96157,7.87,7.86,3990,6913,-58,842
443,CNK,2020-10-16,0 days 15:57:56.243591,95115,7.87,7.86,3769,7073,1042,-58
444,CNK,2020-10-16,0 days 15:58:29.245266,99865,7.88,7.87,2990,9683,-462,5438
445,CNK,2020-10-16,0 days 15:59:02.247245,90018,7.88,7.87,5166,3977,-909,188
446,CNK,2020-10-16,0 days 15:59:10.247639,91094,7.88,7.87,6368,2976,1621,-777
447,CNK,2020-10-16,0 days 15:59:13.248342,92715,7.88,7.87,4365,4408,-179,921
448,CNK,2020-10-16,0 days 15:59:14.248162,92394,7.88,7.87,4029,3846,321,-179
449,CNP,2020-10-16,0 days 15:55:45.244094,180597,20.91,20.9,9914,6441,-8308,5292
450,CNP,2020-10-16,0 days 15:56:39.244872,190843,20.9,20.89,5797,4970,3196,-204
451,CNP,2020-10-16,0 days 15:56:40.245623,190139,20.9,20.89,5797,4970,-704,3196
452,CNP,2020-10-16,0 days 15:57:37.246379,191443,20.89,20.88,7028,4937,533,-567
453,CNP,2020-10-16,0 days 15:57:38.246410,190776,20.89,20.88,6383,4318,-667,533
454,CNP,2020-10-16,0 days 15:57:40.247238,191443,20.89,20.88,6183,4846,2733,-667
455,CNP,2020-10-16,0 days 15:57:41.246995,190776,20.89,20.88,6383,4346,-667,2733
456,CNP,2020-10-16,0 days 15:57:46.247302,191443,20.89,20.88,6478,5127,533,-667
457,CNP,2020-10-16,0 days 15:57:47.246867,190776,20.89,20.88,6274,5875,-667,533
458,CNP,2020-10-16,0 days 15:57:54.246927,191443,20.89,20.88,6978,4400,533,-667
459,CNP,2020-10-16,0 days 15:57:55.248059,190776,20.89,20.88,6978,4500,-667,533
460,CNP,2020-10-16,0 days 15:58:31.249477,191443,20.87,20.86,5621,5419,476,-324
461,CNP,2020-10-16,0 days 15:58:32.249471,190119,20.87,20.86,4321,8264,-1324,476
462,CNP,2020-10-16,0 days 15:59:20.249690,202053,20.86,20.85,9828,7100,791,-6622
463,CNQ,2020-10-16,0 days 15:57:18.285389,33147,17.63,17.62,1420,12827,3884,-4816
464,CNQ,2020-10-16,0 days 15:57:19.285277,27331,17.63,17.62,3304,12427,-5316,3884
465,CNQ,2020-10-16,0 days 15:59:01.290681,34694,17.64,17.63,18503,1223,4641,-6959
466,CNQ,2020-10-16,0 days 15:59:47.290286,38697,17.61,17.6,2900,9920,2930,-55
467,CNX,2020-10-16,0 days 15:56:54.235275,275066,10.14,10.13,1283,4210,5763,-16237
468,CNX,2020-10-16,0 days 15:56:55.235661,267129,10.14,10.13,1283,4310,-7937,5763
469,CNX,2020-10-16,0 days 15:59:15.240026,276076,10.15,10.14,4931,4745,7531,-3028
470,CNX,2020-10-16,0 days 15:59:16.239336,271007,10.15,10.14,4931,4845,-5069,7531
471,CNX,2020-10-16,0 days 15:59:42.240806,260672,10.13,10.12,4290,6800,-1607,23993
472,CNX,2020-10-16,0 days 15:59:48.240868,261639,10.13,10.12,8662,3428,-640,16560
473,COF,2020-10-16,0 days 15:55:10.232168,224173,79.18,79.17,100,201,-400,2375
474,COF,2020-10-16,0 days 15:55:11.232363,223073,79.19,79.17,800,401,800,-400
475,COF,2020-10-16,0 days 15:56:50.234911,227724,79.21,79.19,610,605,1307,-293
476,COF,2020-10-16,0 days 15:58:01.238385,229031,79.21,79.2,252,300,-602,698
477,COF,2020-10-16,0 days 15:58:02.237511,228013,79.22,79.2,1202,400,1018,-602
478,COF,2020-10-16,0 days 15:58:07.238367,229031,79.21,79.19,938,1000,-955,3445
479,COF,2020-10-16,0 days 15:58:08.238179,227986,79.21,79.19,1538,905,3195,-955
480,COF,2020-10-16,0 days 15:58:13.237888,232279,79.19,79.18,256,300,-1107,2393
481,COF,2020-10-16,0 days 15:58:14.237157,231386,79.19,79.18,256,300,893,-1107
482,COF,2020-10-16,0 days 15:58:26.238120,231204,79.17,79.16,300,200,1075,-2225
483,COF,2020-10-16,0 days 15:58:29.238120,232579,79.17,79.16,200,200,-425,1075
484,COF,2020-10-16,0 days 15:59:12.240125,333503,79.27,79.24,900,1200,-1631,469
485,COG,2020-10-16,0 days 15:57:10.241147,437253,19.14,19.13,500,5606,217,-383
486,COG,2020-10-16,0 days 15:57:16.241690,437470,19.15,19.14,4700,3706,-1727,217
487,COG,2020-10-16,0 days 15:59:17.241126,451200,19.14,19.13,1611,5726,-5226,10474
488,COG,2020-10-16,0 days 15:59:24.241063,456426,19.14,19.13,4235,5519,39,-3126
489,COG,2020-10-16,0 days 15:59:30.243716,454497,19.14,19.13,8556,1096,-1329,35
490,COG,2020-10-16,0 days 15:59:45.243797,453737,19.12,19.11,7990,455,-895,13505
491,COG,2020-10-16,0 days 15:59:46.243138,455232,19.12,19.1,8553,4700,1345,-895
492,COLD,2020-10-16,0 days 15:59:13.237788,1164409,37.31,37.28,304,400,-148,2252
493,COLD,2020-10-16,0 days 15:59:14.238337,1164557,37.31,37.28,504,200,1440,-148
494,COLD,2020-10-16,0 days 15:59:27.236623,1164297,37.32,37.3,483,200,-260,10540
495,COP,2020-10-16,0 days 15:55:00.238043,549642,33.88,33.87,900,3047,15097,-94254
496,COP,2020-10-16,0 days 15:55:01.237170,549339,33.88,33.87,878,3198,-303,15097
497,COP,2020-10-16,0 days 15:55:39.239980,556862,33.88,33.87,285,6313,708,-898
498,COP,2020-10-16,0 days 15:55:40.239587,556170,33.88,33.87,1000,6052,-692,708
499,COP,2020-10-16,0 days 15:56:40.241384,576225,33.85,33.84,2002,1102,967,-292
500,COP,2020-10-16,0 days 15:57:03.241451,572292,33.84,33.83,2600,2000,-1833,467
501,COP,2020-10-16,0 days 15:57:11.241303,575725,33.83,33.82,708,4496,5267,-1533
502,COP,2020-10-16,0 days 15:57:12.242342,573792,33.83,33.82,708,4096,-1933,5267
503,COP,2020-10-16,0 days 15:57:37.242817,575725,33.83,33.82,1368,4606,5467,-833
504,COP,2020-10-16,0 days 15:58:30.245802,582698,33.86,33.85,1101,1828,-11839,1261
505,COP,2020-10-16,0 days 15:59:26.241528,618005,33.84,33.83,1300,1480,7315,-3385
506,COP,2020-10-16,0 days 15:59:27.241150,615420,33.84,33.83,2422,1831,-2585,7315
507,COP,2020-10-16,0 days 15:59:36.242064,617181,33.83,33.82,3405,100,-856,5144
508,COTY,2020-10-16,0 days 15:59:06.251390,310570,3.25,3.24,65221,64757,-2996,15936
509,COTY,2020-10-16,0 days 15:59:07.251961,313566,3.25,3.24,61221,64757,39409,-2996
510,COTY,2020-10-16,0 days 15:59:46.244692,355075,3.25,3.24,67701,65430,-5562,7744
511,COTY,2020-10-16,0 days 15:59:48.244132,343123,3.25,3.24,67901,62947,11952,-11748
512,CPE,2020-10-16,0 days 15:58:09.110062,48255,4.7,4.69,5843,4300,2897,-585
513,CPE,2020-10-16,0 days 15:58:10.110104,45752,4.7,4.69,5843,5124,-2503,2897
514,CPE,2020-10-16,0 days 15:59:22.114233,49597,4.7,4.69,10568,2290,397,-3381
515,CPE,2020-10-16,0 days 15:59:48.116112,47994,4.69,4.67,10665,10193,-1193,774
516,CPRI,2020-10-16,0 days 15:55:00.231359,66382,21.32,21.31,1031,200,417,-17172
517,CPRI,2020-10-16,0 days 15:55:31.228293,66894,21.36,21.35,100,1218,-2092,108
518,CPRI,2020-10-16,0 days 15:55:38.228840,68986,21.35,21.34,166,736,950,-1792
519,CPRI,2020-10-16,0 days 15:56:04.228623,70736,21.36,21.34,1610,918,-250,150
520,CPRI,2020-10-16,0 days 15:56:21.229167,77179,21.36,21.34,1582,953,2157,-743
521,CPRI,2020-10-16,0 days 15:57:08.230414,82588,21.38,21.36,1281,1623,-294,606
522,CPRI,2020-10-16,0 days 15:57:09.230174,82582,21.38,21.36,1381,1423,6,-294
523,CPRI,2020-10-16,0 days 15:57:41.232158,82588,21.4,21.38,1218,1495,-594,506
524,CPRI,2020-10-16,0 days 15:57:43.232601,82182,21.4,21.38,1110,1701,406,-194
525,CPRI,2020-10-16,0 days 15:58:02.233598,80037,21.39,21.38,2183,729,-436,215
526,CPRI,2020-10-16,0 days 15:59:31.236669,83515,21.36,21.35,674,414,-2413,273
527,CRM,2020-10-16,0 days 15:58:43.250372,214321,258.87,258.79,100,300,-1886,2544
528,CRM,2020-10-16,0 days 15:58:44.250324,211107,258.87,258.79,147,300,3214,-1886
529,CRM,2020-10-16,0 days 15:59:12.251982,222011,258.81,258.77,100,106,-46,1378
530,CRM,2020-10-16,0 days 15:59:17.250386,221405,258.79,258.76,247,200,606,-9194
531,CRM,2020-10-16,0 days 15:59:30.252344,223678,258.8,258.75,600,200,704,-167
532,CRM,2020-10-16,0 days 15:59:33.249112,224382,258.75,258.68,1134,200,-1487,104
533,CRM,2020-10-16,0 days 15:59:40.249898,224969,258.63,258.58,538,100,201,-87
534,CRM,2020-10-16,0 days 15:59:42.250249,224770,258.63,258.56,100,600,-1099,2892
535,CRM,2020-10-16,0 days 15:59:58.250541,232883,258.64,258.55,900,200,27538,-9004
536,CVE,2020-10-16,0 days 15:58:53.250050,30445,3.68,3.67,263617,117832,-779,3921
537,CVE,2020-10-16,0 days 15:59:36.243010,41502,3.67,3.66,533121,103353,7358,-9842
538,CVNA,2020-10-16,0 days 15:55:00.244701,32858,221.5,221.12,200,200,43470,-20051
539,CVNA,2020-10-16,0 days 15:55:01.243392,32148,222.37,221.43,100,522,-710,43470
540,CVNA,2020-10-16,0 days 15:56:10.246817,33316,221.97,221.77,110,1000,732,-148
541,CVNA,2020-10-16,0 days 15:56:11.247080,33148,221.97,221.77,110,1000,-168,732
542,CVNA,2020-10-16,0 days 15:56:51.248314,33317,221.95,221.71,200,600,643,-237
543,CVNA,2020-10-16,0 days 15:56:52.247759,33260,221.93,221.71,100,700,-57,643
544,CVNA,2020-10-16,0 days 15:56:58.248440,33317,221.89,221.71,100,1100,20,-57
545,CVNA,2020-10-16,0 days 15:57:00.248479,32957,221.89,221.71,100,922,-360,20
546,CVNA,2020-10-16,0 days 15:57:06.248642,33817,221.7,221.5,200,839,620,-260
547,CVNA,2020-10-16,0 days 15:57:07.248519,33637,221.71,221.5,900,800,-180,620
548,CVNA,2020-10-16,0 days 15:57:44.242698,35417,221.82,221.64,105,100,320,-480
549,CVNA,2020-10-16,0 days 15:57:45.242346,35137,221.82,221.64,105,100,-280,320
550,CVNA,2020-10-16,0 days 15:59:03.245410,40068,221.87,221.71,100,500,475,-625
551,CVNA,2020-10-16,0 days 15:59:04.245597,39543,221.87,221.71,100,1400,-525,475
552,CVNA,2020-10-16,0 days 15:59:14.246887,40948,221.97,221.71,400,1300,564,-559
553,CVNA,2020-10-16,0 days 15:59:15.241834,40412,221.96,221.77,100,629,-536,564
554,CVNA,2020-10-16,0 days 15:59:19.240822,41249,221.97,221.78,400,200,3741,-537
555,CVNA,2020-10-16,0 days 15:59:20.240863,40990,221.97,221.8,500,212,-259,3741
556,CVNA,2020-10-16,0 days 15:59:28.241092,41249,221.97,221.78,500,1900,322,-259
557,CVNA,2020-10-16,0 days 15:59:29.240934,41071,221.97,221.79,500,235,-191,322
558,CVNA,2020-10-16,0 days 15:59:37.242198,42298,221.67,221.3,100,300,173,-27
559,CVNA,2020-10-16,0 days 15:59:38.242128,42071,221.66,221.38,100,100,-227,173
560,CVS,2020-10-16,0 days 15:55:17.238650,311290,59.66,59.65,1102,1800,-1241,1313
561,CVS,2020-10-16,0 days 15:56:53.242483,342142,59.64,59.63,100,2370,126,-1507
562,CVS,2020-10-16,0 days 15:57:15.243399,342242,59.65,59.64,2200,200,26,-273
563,CVS,2020-10-16,0 days 15:57:46.244875,357068,59.65,59.64,2166,1257,-2674,626
564,CVS,2020-10-16,0 days 15:57:47.244526,355542,59.65,59.64,1984,1057,4526,-2674
565,CVS,2020-10-16,0 days 15:57:53.245369,361568,59.65,59.64,604,2785,-1539,1161
566,CVS,2020-10-16,0 days 15:57:54.244706,359607,59.66,59.65,1587,870,561,-1539
567,CVS,2020-10-16,0 days 15:58:01.247178,351907,59.64,59.63,1272,2350,1450,-4250
568,CVS,2020-10-16,0 days 15:58:07.246685,359048,59.62,59.61,1908,600,-48,9251
569,CVS,2020-10-16,0 days 15:58:08.246219,357496,59.62,59.61,1648,500,1552,-48
570,CVS,2020-10-16,0 days 15:58:24.246752,353648,59.61,59.6,2660,1370,-4241,1559
571,CVS,2020-10-16,0 days 15:58:25.247058,352689,59.61,59.6,2460,1670,959,-4241
572,CVS,2020-10-16,0 days 15:59:04.248409,404092,59.59,59.58,1551,528,-7483,2716
573,CVS,2020-10-16,0 days 15:59:07.249129,414212,59.65,59.64,1590,1200,66506,-3504
574,CVS,2020-10-16,0 days 15:59:22.247227,501862,59.6,59.59,100,1598,-890,6109
575,CVS,2020-10-16,0 days 15:59:27.246802,494830,59.61,59.6,1544,300,7032,-1890
576,CVS,2020-10-16,0 days 15:59:29.247404,494288,59.61,59.6,385,2200,-542,258
577,CVS,2020-10-16,0 days 15:59:36.247592,504878,59.61,59.6,1936,1163,894,-1190
578,CVS,2020-10-16,0 days 15:59:37.248247,504172,59.61,59.6,2076,1263,-706,894
579,CVS,2020-10-16,0 days 15:59:43.248252,504749,59.6,59.59,4956,900,59525,-706
580,CVS,2020-10-16,0 days 15:59:45.249603,508072,59.59,59.58,1244,900,-14261,225
581,CVS,2020-10-16,0 days 15:59:46.247665,522124,59.58,59.57,2600,200,11304,-14261
582,CVS,2020-10-16,0 days 15:59:47.246757,521444,59.59,59.58,2044,700,-3855,11304
583,CVS,2020-10-16,0 days 15:59:48.247607,528474,59.59,59.58,2400,200,6061,-3855
584,CVX,2020-10-16,0 days 15:59:16.242030,1115754,72.93,72.9,300,688,-8567,1798
585,CVX,2020-10-16,0 days 15:59:30.245378,1124321,72.91,72.89,200,219,17129,-1375
586,CVX,2020-10-16,0 days 15:59:44.243408,1131133,72.9,72.88,578,200,8832,-6602
587,CVX,2020-10-16,0 days 15:59:48.244523,1153233,72.88,72.86,800,200,11126,-4174
588,CX,2020-10-16,0 days 15:58:09.287721,224928,4.12,4.11,75476,91352,10978,-16470
589,CX,2020-10-16,0 days 15:58:10.288256,210906,4.12,4.11,75476,91152,-14022,10978
590,CX,2020-10-16,0 days 15:59:46.291968,226217,4.12,4.11,99524,77985,9588,-1746
591,CX,2020-10-16,0 days 15:59:47.289983,224562,4.12,4.11,98445,84385,-1655,9588
592,CXO,2020-10-16,0 days 15:55:00.243587,139669,48.73,48.69,100,200,1152,-6792
593,CXO,2020-10-16,0 days 15:55:01.243312,137021,48.73,48.69,200,757,-2648,1152
594,CXO,2020-10-16,0 days 15:59:01.245213,154174,48.71,48.68,600,300,-4378,11822
595,CXO,2020-10-16,0 days 15:59:06.245767,151360,48.72,48.71,600,500,-4395,4874
596,CXO,2020-10-16,0 days 15:59:10.246860,156560,48.7,48.67,326,100,2206,-2594
597,CXO,2020-10-16,0 days 15:59:11.246693,155666,48.72,48.68,100,400,-935,2206
598,CXO,2020-10-16,0 days 15:59:27.240930,156101,48.67,48.63,100,867,5265,-835
599,CXO,2020-10-16,0 days 15:59:28.241015,149866,48.68,48.64,400,522,-6635,5265
600,CXO,2020-10-16,0 days 15:59:40.242123,156842,48.66,48.65,100,236,4624,-1576
601,CXO,2020-10-16,0 days 15:59:41.242081,150766,48.67,48.65,100,100,-6376,4624
602,CXO,2020-10-16,0 days 15:59:43.242128,158928,48.67,48.64,275,200,138,-676
603,CXO,2020-10-16,0 days 15:59:46.243127,158714,48.63,48.61,400,100,-360,2686
604,CXO,2020-10-16,0 days 15:59:55.243068,157413,48.61,48.57,100,225,1960,-999
605,CXO,2020-10-16,0 days 15:59:57.244098,159473,48.61,48.59,100,400,-940,1960
606,D,2020-10-16,0 days 15:59:23.238959,400203,81.44,81.4,300,400,3943,-15457
607,D,2020-10-16,0 days 15:59:24.239097,386446,81.48,81.43,600,100,-13757,3943
608,D,2020-10-16,0 days 15:59:45.241859,410523,81.49,81.45,482,700,16055,-1802
609,D,2020-10-16,0 days 15:59:46.241533,409369,81.49,81.45,1126,990,-1266,16055
610,DAL,2020-10-16,0 days 15:55:00.237374,395166,31.54,31.53,3086,4564,2618,-2241
611,DAL,2020-10-16,0 days 15:58:10.246916,442982,31.53,31.52,7080,5036,4509,-4531
612,DAR,2020-10-16,0 days 15:56:07.230722,81591,44.42,44.4,100,724,866,-189
613,DAR,2020-10-16,0 days 15:56:08.230991,79857,44.42,44.4,300,724,-1734,866
614,DAR,2020-10-16,0 days 15:56:34.231194,82808,44.42,44.39,1311,201,5428,-2521
615,DAR,2020-10-16,0 days 15:56:35.231258,81607,44.42,44.39,1311,201,-1201,5428
616,DAR,2020-10-16,0 days 15:59:20.236997,91022,44.41,44.4,348,289,526,-239
617,DAR,2020-10-16,0 days 15:59:45.236991,91464,44.41,44.4,790,200,4178,-132
618,DB,2020-10-16,0 days 15:59:36.247763,45977,9.25,9.24,19015,129419,-8350,14050
619,DD,2020-10-16,0 days 15:55:33.103138,189840,59.3,59.29,323,699,-7324,21976
620,DD,2020-10-16,0 days 15:55:34.103003,184743,59.3,59.28,526,603,5097,-7324
621,DD,2020-10-16,0 days 15:55:42.103215,189840,59.29,59.28,834,100,-22008,2992
622,DD,2020-10-16,0 days 15:55:43.103289,188927,59.29,59.27,834,411,913,-22008
623,DD,2020-10-16,0 days 15:55:51.103357,190040,59.29,59.28,1043,600,-832,968
624,DD,2020-10-16,0 days 15:56:02.103189,171307,59.26,59.25,1127,300,18733,-77
625,DD,2020-10-16,0 days 15:57:35.107301,199549,59.28,59.27,200,559,-240,1060
626,DD,2020-10-16,0 days 15:59:00.117355,218697,59.24,59.22,300,100,9002,-1098
627,DD,2020-10-16,0 days 15:59:01.112571,216899,59.22,59.21,280,400,-598,9002
628,DD,2020-10-16,0 days 15:59:07.114687,217587,59.22,59.21,668,400,3471,-535
629,DD,2020-10-16,0 days 15:59:08.113356,217437,59.22,59.21,768,500,-872,3471
630,DD,2020-10-16,0 days 15:59:28.114754,232826,59.21,59.2,200,208,241,-988
631,DD,2020-10-16,0 days 15:59:44.114911,232304,59.22,59.21,148,400,-525,4775
632,DD,2020-10-16,0 days 15:59:45.117216,232829,59.22,59.19,208,100,349,-525
633,DD,2020-10-16,0 days 15:59:46.115454,235980,59.22,59.19,540,100,-1700,349
634,DDD,2020-10-16,0 days 15:55:00.101439,160281,6.73,6.72,9489,3059,-12095,20379
635,DDD,2020-10-16,0 days 15:56:04.102305,168776,6.74,6.73,5100,6123,1811,-2489
636,DDD,2020-10-16,0 days 15:58:03.108203,167928,6.75,6.74,3908,6784,-1043,1112
637,DDD,2020-10-16,0 days 15:58:07.108147,168971,6.75,6.74,3908,6673,3178,-1043
638,DDD,2020-10-16,0 days 15:59:33.114121,213189,6.77,6.76,8414,5918,-391,913
639,DDD,2020-10-16,0 days 15:59:39.114078,214180,6.77,6.76,9439,8267,509,-391
640,DFS,2020-10-16,0 days 15:55:04.241666,186799,65.42,65.41,100,259,1459,-2328
641,DFS,2020-10-16,0 days 15:55:05.242769,182658,65.43,65.42,259,500,-4141,1459
642,DFS,2020-10-16,0 days 15:56:04.243982,187380,65.5,65.47,842,229,468,-862
643,DFS,2020-10-16,0 days 15:56:05.243950,183648,65.5,65.47,842,329,-3732,468
644,DFS,2020-10-16,0 days 15:59:00.255945,229048,65.45,65.44,359,100,2214,-11686
645,DFS,2020-10-16,0 days 15:59:01.250993,224862,65.46,65.45,539,290,-4186,2214
646,DFS,2020-10-16,0 days 15:59:07.252137,222168,65.47,65.46,679,184,25459,-3464
647,DFS,2020-10-16,0 days 15:59:08.252616,220258,65.52,65.49,300,489,-4510,25459
648,DFS,2020-10-16,0 days 15:59:09.252077,225468,65.5,65.49,515,796,19477,-4510
649,DHI,2020-10-16,0 days 15:59:28.240627,216025,77.04,77.03,100,265,4820,-3438
650,DHI,2020-10-16,0 days 15:59:29.238022,215527,77.06,77.03,161,365,-598,4820
651,DHI,2020-10-16,0 days 15:59:44.241893,214827,77.01,77.0,659,400,4684,-916
652,DHT,2020-10-16,0 days 15:55:00.236803,159266,5.2,5.19,5489,7576,-8300,23263
653,DIS,2020-10-16,0 days 15:59:28.247052,382580,126.91,126.9,227,300,-157,542
654,DKS,2020-10-16,0 days 15:55:00.102733,42978,61.4,61.39,500,241,-899,8131
655,DKS,2020-10-16,0 days 15:55:01.101886,42477,61.41,61.4,100,605,501,-899
656,DKS,2020-10-16,0 days 15:55:02.100760,41332,61.41,61.39,100,1061,-1145,501
657,DKS,2020-10-16,0 days 15:55:03.100743,41277,61.41,61.4,100,323,55,-1145
658,DKS,2020-10-16,0 days 15:55:18.102366,54021,61.45,61.44,100,706,-656,444
659,DKS,2020-10-16,0 days 15:55:19.102487,52577,61.46,61.44,100,625,1444,-656
660,DKS,2020-10-16,0 days 15:59:14.114082,59578,61.56,61.51,200,395,-2989,1073
661,DKS,2020-10-16,0 days 15:59:15.114120,58767,61.53,61.51,200,395,811,-2989
662,DKS,2020-10-16,0 days 15:59:34.114427,59708,61.57,61.5,1000,100,-59,341
663,DKS,2020-10-16,0 days 15:59:47.115686,59586,61.57,61.52,1100,1157,122,-2278
664,DOW,2020-10-16,0 days 15:55:01.231307,182795,49.36,49.35,300,300,-2475,6625
665,DOW,2020-10-16,0 days 15:55:36.232630,186149,49.34,49.32,500,300,147,-253
666,DOW,2020-10-16,0 days 15:55:37.233361,183896,49.34,49.32,300,401,-2253,147
667,DOW,2020-10-16,0 days 15:59:06.240194,213515,49.33,49.32,871,300,1555,-67
668,DOW,2020-10-16,0 days 15:59:08.240145,210658,49.35,49.34,736,100,-15057,9266
669,DOW,2020-10-16,0 days 15:59:28.239351,225818,49.32,49.31,200,300,402,-1968
670,DOW,2020-10-16,0 days 15:59:31.240706,226222,49.32,49.31,401,300,-2295,404
671,DOW,2020-10-16,0 days 15:59:46.241456,228517,49.3,49.29,800,800,51845,-761
672,DOW,2020-10-16,0 days 15:59:58.243379,196592,49.32,49.29,500,400,-31925,20009
673,DOW,2020-10-16,0 days 15:59:59.242588,230327,49.31,49.29,100,100,20009,-31925
674,DUK,2020-10-16,0 days 15:55:39.239980,332276,92.49,92.48,200,100,28459,-9036
675,DUK,2020-10-16,0 days 15:55:40.239587,316535,92.49,92.48,340,400,-15741,28459
676,DUK,2020-10-16,0 days 15:56:27.240404,331314,92.47,92.45,300,200,-5019,181
677,DUK,2020-10-16,0 days 15:59:16.241010,342477,92.43,92.42,381,903,5977,-1060
678,DUK,2020-10-16,0 days 15:59:17.241064,341754,92.43,92.42,381,898,-723,5977
679,DUK,2020-10-16,0 days 15:59:41.242827,357301,92.38,92.36,300,300,-723,5588
680,DUK,2020-10-16,0 days 15:59:44.243373,358030,92.36,92.35,798,100,17119,-629
681,DVN,2020-10-16,0 days 15:57:33.235070,314797,9.0,8.99,3883,28259,-4675,1825
682,DVN,2020-10-16,0 days 15:57:34.235515,305172,9.0,8.99,9426,26736,9625,-4675
683,DVN,2020-10-16,0 days 15:57:37.235435,314797,9.0,8.99,9783,22936,-275,7425
684,DVN,2020-10-16,0 days 15:59:22.239649,452944,9.0,8.99,26916,20327,11179,-129431
685,DVN,2020-10-16,0 days 15:59:23.239104,445123,9.0,8.99,13016,22727,-7821,11179
686,EAT,2020-10-16,0 days 15:55:44.283234,55319,47.23,47.2,100,500,1483,-1617
687,EAT,2020-10-16,0 days 15:55:45.282666,54502,47.25,47.23,109,300,-817,1483
688,EAT,2020-10-16,0 days 15:56:34.284630,60420,47.24,47.21,302,118,1390,-2227
689,EAT,2020-10-16,0 days 15:56:35.284448,59110,47.25,47.22,300,305,-1310,1390
690,EAT,2020-10-16,0 days 15:59:07.291714,58974,47.23,47.22,815,100,1054,-1699
691,EAT,2020-10-16,0 days 15:59:08.291184,58128,47.23,47.22,815,100,-2946,1054
692,EAT,2020-10-16,0 days 15:59:15.291254,60174,47.18,47.14,221,100,452,-448
693,EAT,2020-10-16,0 days 15:59:20.289964,59626,47.16,47.14,218,100,-548,1152
694,EAT,2020-10-16,0 days 15:59:39.291088,66174,47.17,47.14,100,100,1052,-748
695,EAT,2020-10-16,0 days 15:59:40.291353,65426,47.17,47.15,100,472,-748,1052
696,EAT,2020-10-16,0 days 15:59:46.292263,66011,47.17,47.15,100,977,-544,1337
697,EGO,2020-10-16,0 days 15:55:39.230012,77530,13.52,13.51,11231,26472,579,-1242
698,EGO,2020-10-16,0 days 15:55:40.229744,74409,13.52,13.51,11122,26477,-3121,579
699,EGO,2020-10-16,0 days 15:59:06.237414,86807,13.54,13.53,22412,4896,331,-2515
700,EGO,2020-10-16,0 days 15:59:17.236918,80438,13.53,13.52,5390,18053,-1987,6313
701,EGO,2020-10-16,0 days 15:59:47.235977,83604,13.53,13.52,22533,9341,-738,297
702,ELAN,2020-10-16,0 days 15:59:15.291099,406512,31.59,31.58,800,580,-69606,129584
703,EMR,2020-10-16,0 days 15:59:45.116971,272691,70.32,70.28,100,207,2154,-4660
704,EMR,2020-10-16,0 days 15:59:47.115373,271687,70.34,70.3,600,107,-1004,12041
705,ENB,2020-10-16,0 days 15:56:06.239709,32191,29.5,29.49,11929,7539,-277,1024
706,ENB,2020-10-16,0 days 15:59:09.248063,35449,29.46,29.45,16903,1237,242,-1659
707,ENB,2020-10-16,0 days 15:59:10.247609,35691,29.46,29.45,16493,2427,-443,242
708,EOG,2020-10-16,0 days 15:56:27.240390,553232,37.85,37.84,600,100,18013,-1487
709,EOG,2020-10-16,0 days 15:56:28.240789,528905,37.97,37.91,400,100,-32727,18013
710,EOG,2020-10-16,0 days 15:56:48.240895,561696,37.73,37.67,1143,400,2642,-55612
711,EOG,2020-10-16,0 days 15:56:49.241336,500483,37.64,37.56,1461,200,-59213,2642
712,EOG,2020-10-16,0 days 15:57:03.241451,572996,37.63,37.6,100,1200,48653,-17597
713,EOG,2020-10-16,0 days 15:57:10.241160,551633,37.6,37.57,1000,200,-14963,4937
714,EOG,2020-10-16,0 days 15:59:46.243508,887728,37.8,37.77,200,100,20877,-810
715,EOG,2020-10-16,0 days 15:59:47.242852,876855,37.84,37.81,1000,200,-10873,20877
716,EOG,2020-10-16,0 days 15:59:48.243137,811534,37.67,37.62,662,600,75265,-10873
717,EPD,2020-10-16,0 days 15:59:47.235884,124670,17.26,17.25,20572,4498,-2487,5813
718,EQNR,2020-10-16,0 days 15:59:19.250224,27292,14.18,14.17,27146,29595,2496,-95
719,EQNR,2020-10-16,0 days 15:59:20.250418,19588,14.18,14.17,24282,33145,-7204,2496
720,EQNR,2020-10-16,0 days 15:59:36.249732,26792,14.18,14.17,25655,34945,6015,-7185
721,EQNR,2020-10-16,0 days 15:59:37.249482,26407,14.18,14.17,28855,37245,-385,6015
722,EQNR,2020-10-16,0 days 15:59:46.250915,26792,14.18,14.17,30334,34373,2115,-385
723,EQNR,2020-10-16,0 days 15:59:47.250059,26507,14.18,14.17,31134,33673,-285,2115
724,EQT,2020-10-16,0 days 15:56:53.242573,175715,14.73,14.72,2001,4827,168,-8770
725,EQT,2020-10-16,0 days 15:56:58.243194,169983,14.73,14.72,1701,4127,-5732,168
726,EQT,2020-10-16,0 days 15:59:14.250041,185046,14.75,14.74,4020,2927,11802,-197
727,EQT,2020-10-16,0 days 15:59:15.248910,181948,14.75,14.74,3620,3127,-1098,11802
728,EQT,2020-10-16,0 days 15:59:39.248232,175275,14.72,14.71,8014,6146,-1371,7529
729,EQT,2020-10-16,0 days 15:59:40.248339,176646,14.72,14.71,12114,1346,879,-1371
730,EQT,2020-10-16,0 days 15:59:47.246957,174664,14.71,14.7,1331,6306,-582,15318
731,ET,2020-10-16,0 days 15:55:00.227496,66720,6.01,6.0,20506,77853,-18952,4950
732,ET,2020-10-16,0 days 15:59:46.236453,122055,6.05,6.04,34329,42207,3735,-865
733,ET,2020-10-16,0 days 15:59:47.235182,119690,6.05,6.04,30729,41637,-2365,3735
734,ETRN,2020-10-16,0 days 15:55:28.244355,134301,8.13,8.12,7187,4126,381,-1619
735,ETRN,2020-10-16,0 days 15:56:25.246483,142248,8.14,8.13,3903,2608,-425,637
736,ETRN,2020-10-16,0 days 15:58:02.243079,145948,8.12,8.11,4169,9341,-48,852
737,ETRN,2020-10-16,0 days 15:58:05.240463,155896,8.12,8.11,4168,8947,1986,-48
738,ETRN,2020-10-16,0 days 15:58:50.244281,154896,8.13,8.12,1968,14138,1221,-2479
739,ETRN,2020-10-16,0 days 15:59:01.244922,154460,8.14,8.13,1746,8298,-436,1221
740,EV,2020-10-16,0 days 15:59:15.240126,273245,61.87,61.84,300,5500,-57483,29476
741,EV,2020-10-16,0 days 15:59:16.239493,266310,61.9,61.86,100,200,5135,-57483
742,EV,2020-10-16,0 days 15:59:46.242033,277663,61.94,61.93,601,198,-3319,8823
743,EV,2020-10-16,0 days 15:59:48.241240,276284,61.93,61.92,911,200,1504,-3319
744,EW,2020-10-16,0 days 15:55:00.281621,272812,85.44,85.43,166,100,5233,-32186
745,EW,2020-10-16,0 days 15:55:01.281502,268545,85.5,85.45,600,200,-4267,5233
746,EW,2020-10-16,0 days 15:59:00.292656,283279,85.47,85.44,200,136,4815,-4963
747,EW,2020-10-16,0 days 15:59:01.290681,279994,85.47,85.44,200,836,-3285,4815
748,EW,2020-10-16,0 days 15:59:19.290023,288563,85.49,85.46,100,155,1268,-6633
749,EW,2020-10-16,0 days 15:59:20.289978,285531,85.48,85.46,224,155,-3032,1268
750,EXK,2020-10-16,0 days 15:59:36.290435,29138,3.45,3.44,17289,118985,-9859,12341
751,EXK,2020-10-16,0 days 15:59:37.291134,28997,3.45,3.44,19789,116335,141,-9859
752,EXPR,2020-10-16,0 days 15:59:06.247769,20941,0.76,0.75,17718,865,-1257,3
753,EXPR,2020-10-16,0 days 15:59:36.242037,22201,0.76,0.74,22218,14100,1340,-1260
754,F,2020-10-16,0 days 15:59:45.243838,1608404,7.67,7.66,505835,343551,-19499,8192
755,F,2020-10-16,0 days 15:59:46.243172,1594503,7.67,7.66,428443,343573,20815,-19499
756,FCAU,2020-10-16,0 days 15:55:00.238080,22615,12.6,12.59,6593,21665,-1682,810
757,FCAU,2020-10-16,0 days 15:59:36.242064,29222,12.6,12.59,32623,9580,3222,-3878
758,FCAU,2020-10-16,0 days 15:59:37.242073,28944,12.6,12.59,32623,9880,-278,3222
759,FCX,2020-10-16,0 days 15:59:16.113669,497074,17.17,17.16,20481,17446,42436,-17008
760,FCX,2020-10-16,0 days 15:59:17.114784,489510,17.18,17.17,28464,18461,-8764,42436
761,FCX,2020-10-16,0 days 15:59:38.114549,498651,17.18,17.17,22358,22614,79672,-8728
762,FCX,2020-10-16,0 days 15:59:39.115474,495423,17.18,17.17,25445,15714,-3228,79672
763,FCX,2020-10-16,0 days 15:59:45.117069,497451,17.17,17.16,38206,12200,1522,-3228
764,FCX,2020-10-16,0 days 15:59:47.115457,495317,17.17,17.16,8900,37003,-2192,18866
765,FDX,2020-10-16,0 days 15:55:39.284831,144198,284.3,284.09,236,100,-1113,2430
766,FDX,2020-10-16,0 days 15:55:40.282880,141911,284.3,284.09,236,100,2287,-1113
767,FDX,2020-10-16,0 days 15:57:03.285238,148880,284.04,283.92,300,109,-1128,1572
768,FDX,2020-10-16,0 days 15:57:04.285807,146708,283.95,283.9,400,100,2172,-1128
769,FDX,2020-10-16,0 days 15:58:24.288513,148880,283.94,283.89,101,1000,-478,1622
770,FDX,2020-10-16,0 days 15:58:25.288248,147258,283.97,283.9,100,100,1622,-478
771,FDX,2020-10-16,0 days 15:59:05.290795,150998,283.95,283.87,200,100,-592,1864
772,FDX,2020-10-16,0 days 15:59:06.290763,149668,283.95,283.88,100,300,1457,-592
773,FDX,2020-10-16,0 days 15:59:43.291568,155601,284.0,283.94,100,1761,-27,334
774,FE,2020-10-16,0 days 15:55:00.231781,560479,31.79,31.78,2538,800,-22556,45448
775,FE,2020-10-16,0 days 15:55:01.231423,556835,31.78,31.77,2407,1178,3644,-22556
776,FE,2020-10-16,0 days 15:55:42.232898,560621,31.76,31.75,2943,300,-42897,835
777,FE,2020-10-16,0 days 15:57:35.235448,597947,31.74,31.73,2489,1677,6091,-3009
778,FE,2020-10-16,0 days 15:57:36.235483,594938,31.74,31.73,2531,1877,-3009,6091
779,FE,2020-10-16,0 days 15:58:01.238447,604347,31.73,31.72,2801,800,4974,-1626
780,FE,2020-10-16,0 days 15:58:02.237551,601021,31.73,31.72,2201,1104,-3326,4974
781,FE,2020-10-16,0 days 15:58:14.237224,605766,31.72,31.71,1242,2564,1289,-10711
782,FE,2020-10-16,0 days 15:58:15.237420,601655,31.72,31.71,1242,2564,-2711,1289
783,FE,2020-10-16,0 days 15:59:28.239418,611494,31.69,31.68,1900,845,541,-179
784,FE,2020-10-16,0 days 15:59:32.239877,608848,31.7,31.69,1543,1500,-2649,2451
785,FE,2020-10-16,0 days 15:59:45.241906,611468,31.68,31.67,3143,700,2310,-2520
786,FHN,2020-10-16,0 days 15:59:27.114708,433906,10.54,10.53,31247,6221,-12398,8402
787,FHN,2020-10-16,0 days 15:59:46.115239,446352,10.53,10.52,28895,8645,12450,-8150
788,FHN,2020-10-16,0 days 15:59:47.115509,437157,10.53,10.52,26695,9445,-9195,12450
789,FIS,2020-10-16,0 days 15:56:35.240746,217205,143.96,143.93,206,407,-22218,40482
790,FIS,2020-10-16,0 days 15:56:36.240943,176723,143.91,143.89,100,129,40482,-22218
791,FIS,2020-10-16,0 days 15:59:46.243445,234470,143.88,143.77,1044,200,-2352,2806
792,FIS,2020-10-16,0 days 15:59:47.242725,231854,143.86,143.81,367,180,2616,-2352
793,FIS,2020-10-16,0 days 15:59:48.242997,234470,143.87,143.81,436,180,-166,2616
794,FIS,2020-10-16,0 days 15:59:49.243349,232936,143.89,143.84,400,805,1534,-166
795,FIT,2020-10-16,0 days 15:55:42.245652,344934,7.07,7.06,16970,51161,4410,-11590
796,FIT,2020-10-16,0 days 15:55:43.245544,331544,7.07,7.06,20908,49361,-13390,4410
797,FIT,2020-10-16,0 days 15:59:05.245838,345418,7.08,7.07,20471,38428,4116,-20815
798,FIT,2020-10-16,0 days 15:59:06.245784,340462,7.08,7.07,14883,39185,-4956,4116
799,FIT,2020-10-16,0 days 15:59:32.241480,346722,7.08,7.07,3950,70993,684,-2528
800,FIT,2020-10-16,0 days 15:59:45.243824,341766,7.08,7.07,11681,57428,-3656,5634
801,FIT,2020-10-16,0 days 15:59:46.243156,346722,7.08,7.07,12677,58028,23152,-3656
802,FIT,2020-10-16,0 days 15:59:47.241746,343084,7.08,7.07,12377,58028,-2338,23152
803,FL,2020-10-16,0 days 15:59:07.247920,70073,38.16,38.15,438,1078,-7634,61
804,FL,2020-10-16,0 days 15:59:22.241430,85310,38.12,38.11,400,300,780,-4435
805,FNB,2020-10-16,0 days 15:57:46.233964,229681,7.5,7.49,10022,9520,-526,2504
806,FNB,2020-10-16,0 days 15:57:51.233681,221707,7.5,7.49,14224,7039,7974,-526
807,FNB,2020-10-16,0 days 15:59:14.238323,229491,7.5,7.49,12744,5649,-1821,7167
808,FNB,2020-10-16,0 days 15:59:20.236947,225314,7.49,7.48,13466,11956,4177,-6523
809,FNB,2020-10-16,0 days 15:59:46.236930,232591,7.49,7.48,6500,20049,-2799,5297
810,FSM,2020-10-16,0 days 15:59:38.114670,46895,6.88,6.87,68813,11678,-3289,1211
811,FSM,2020-10-16,0 days 15:59:39.115593,45484,6.88,6.87,69313,9778,1411,-3289
812,FTCH,2020-10-16,0 days 15:55:00.227956,114948,26.98,26.97,431,416,4364,-40259
813,FTCH,2020-10-16,0 days 15:58:06.234785,124008,26.99,26.98,770,711,-807,3403
814,FTCH,2020-10-16,0 days 15:58:07.235008,119885,26.99,26.98,975,511,4123,-807
815,FTCH,2020-10-16,0 days 15:59:35.235841,120897,27.0,26.99,987,600,2211,-1489
816,FTCH,2020-10-16,0 days 15:59:43.235703,123108,27.0,26.99,1365,1065,-9089,2211
817,FTCH,2020-10-16,0 days 15:59:44.235876,121597,27.0,26.99,1365,765,1511,-9089
818,FTI,2020-10-16,0 days 15:56:21.240279,211426,6.89,6.88,34030,22300,-293,9607
819,FTI,2020-10-16,0 days 15:59:12.249496,225213,6.89,6.88,38395,38014,2054,-1171
820,FUBO,2020-10-16,0 days 15:59:09.115190,11081,12.05,12.04,480,200,-1605,695
821,FUBO,2020-10-16,0 days 15:59:10.114110,10286,12.05,12.04,480,100,795,-1605
822,GE,2020-10-16,0 days 15:59:15.243038,3793189,7.3,7.29,282259,193524,-10001,225292
823,GE,2020-10-16,0 days 15:59:16.241980,3772990,7.3,7.29,317903,121524,20199,-10001
824,GE,2020-10-16,0 days 15:59:46.244872,3894214,7.29,7.28,285908,41522,-132607,9330
825,GFI,2020-10-16,0 days 15:58:04.109480,130253,12.41,12.4,5193,20858,-1705,2093
826,GFI,2020-10-16,0 days 15:58:05.109670,124658,12.41,12.4,5193,20513,4395,-1705
827,GFI,2020-10-16,0 days 15:59:09.115121,129053,12.42,12.41,12856,17019,-2785,1766
828,GFI,2020-10-16,0 days 15:59:10.114095,127538,12.42,12.41,13775,17153,1515,-2785
829,GFI,2020-10-16,0 days 15:59:47.115686,130253,12.41,12.4,11740,23793,-7437,964
830,GFI,2020-10-16,0 days 15:59:48.116377,129690,12.41,12.4,10340,22293,363,-7437
831,GGB,2020-10-16,0 days 15:59:01.290715,176824,4.06,4.05,199269,270242,-84621,109573
832,GGB,2020-10-16,0 days 15:59:02.290639,167945,4.06,4.05,199769,268992,8879,-84621
833,GIS,2020-10-16,0 days 15:59:47.250036,802833,62.36,62.35,400,1201,-1751,698
834,GIS,2020-10-16,0 days 15:59:48.250594,798884,62.36,62.35,521,1461,3949,-1751
835,GLW,2020-10-16,0 days 15:57:43.236872,288715,35.22,35.21,800,2306,-466,34
836,GLW,2020-10-16,0 days 15:58:24.237735,290528,35.2,35.19,3206,600,-325,1065
837,GLW,2020-10-16,0 days 15:58:25.238059,289363,35.19,35.18,1556,2206,765,-325
838,GLW,2020-10-16,0 days 15:59:00.242202,307428,35.21,35.2,754,2700,-8653,1647
839,GM,2020-10-16,0 days 15:55:00.101706,469573,33.38,33.37,4222,2800,9211,-23797
840,GM,2020-10-16,0 days 15:55:01.101611,463884,33.38,33.37,3577,4309,-5689,9211
841,GM,2020-10-16,0 days 15:58:53.111607,620010,33.4,33.39,6340,11807,6755,-3760
842,GM,2020-10-16,0 days 15:58:59.111404,624710,33.41,33.4,2462,11762,3615,-2585
843,GM,2020-10-16,0 days 15:59:32.114732,901927,33.45,33.44,5850,5800,13776,-17924
844,GME,2020-10-16,0 days 15:59:07.249047,153414,13.29,13.28,5300,1200,-3884,4745
845,GME,2020-10-16,0 days 15:59:08.249734,147743,13.28,13.27,292,4000,4371,-3884
846,GOLD,2020-10-16,0 days 15:55:39.239904,192271,27.57,27.56,28194,8848,-1117,9740
847,GOLD,2020-10-16,0 days 15:55:40.239667,182488,27.57,27.56,31805,3399,9783,-1117
848,GOLD,2020-10-16,0 days 15:59:15.248925,195015,27.57,27.56,28771,8556,-3943,5217
849,GOLD,2020-10-16,0 days 15:59:16.246806,189058,27.57,27.56,30661,6765,5957,-3943
850,GOLD,2020-10-16,0 days 15:59:46.247878,195015,27.56,27.55,7712,41948,-4818,5479
851,GOLD,2020-10-16,0 days 15:59:47.246973,191933,27.56,27.55,10814,40448,3082,-4818
852,GPN,2020-10-16,0 days 15:55:00.243151,105633,177.05,176.89,174,100,4479,-3687
853,GPN,2020-10-16,0 days 15:56:26.243977,110899,177.08,177.04,144,304,-270,1330
854,GPN,2020-10-16,0 days 15:56:27.244426,109869,177.14,177.04,237,304,1030,-270
855,GPN,2020-10-16,0 days 15:58:06.248816,113414,177.11,177.04,636,100,-212,1194
856,GPN,2020-10-16,0 days 15:58:07.249525,112268,177.11,177.04,636,200,846,-212
857,GPN,2020-10-16,0 days 15:59:31.243185,118671,177.18,177.12,135,205,-205,193
858,GPN,2020-10-16,0 days 15:59:32.243639,118876,177.12,177.06,220,200,1695,-205
859,GRUB,2020-10-16,0 days 15:59:01.290608,31289,84.43,84.38,366,400,3715,-1672
860,GRUB,2020-10-16,0 days 15:59:02.290544,30104,84.43,84.38,466,523,-985,3715
861,GRUB,2020-10-16,0 days 15:59:19.289986,31398,84.52,84.47,100,114,5044,-1289
862,GRUB,2020-10-16,0 days 15:59:20.289929,30642,84.52,84.47,100,114,-756,5044
863,GRUB,2020-10-16,0 days 15:59:22.289668,31398,84.55,84.46,200,100,35,-756
864,GRUB,2020-10-16,0 days 15:59:45.292926,31921,84.62,84.53,500,100,844,-88
865,GRUB,2020-10-16,0 days 15:59:46.292238,31465,84.57,84.53,100,100,-156,844
866,GS,2020-10-16,0 days 15:55:38.102020,190650,205.99,205.92,100,200,-57,4545
867,GS,2020-10-16,0 days 15:55:40.103034,186707,205.94,205.9,202,500,3943,-1957
868,GS,2020-10-16,0 days 15:59:12.113488,200286,206.49,206.41,100,200,-807,406
869,GS,2020-10-16,0 days 15:59:20.113058,200460,206.43,206.35,100,100,2124,-16276
870,GS,2020-10-16,0 days 15:59:46.115053,201418,206.49,206.43,502,1070,-3333,648
871,GS,2020-10-16,0 days 15:59:47.115311,200651,206.49,206.43,300,1070,723,-3333
872,GSK,2020-10-16,0 days 15:55:42.239444,56651,36.6,36.59,6347,4960,-5141,1627
873,GSK,2020-10-16,0 days 15:55:43.239722,55592,36.6,36.59,10799,1793,1059,-5141
874,GSK,2020-10-16,0 days 15:55:53.239851,58251,36.59,36.58,5408,7502,-5741,959
875,GSK,2020-10-16,0 days 15:55:54.239900,55292,36.59,36.58,4576,8503,2959,-5741
876,GSK,2020-10-16,0 days 15:59:01.248484,59138,36.6,36.59,8098,3122,-6785,4956
877,GSK,2020-10-16,0 days 15:59:19.246724,64408,36.6,36.59,5746,6565,101,-49
878,GSK,2020-10-16,0 days 15:59:47.247051,66109,36.6,36.59,10135,3300,-3373,80
879,HAL,2020-10-16,0 days 15:58:02.248235,663508,12.26,12.25,21271,19550,-5930,28973
880,HAL,2020-10-16,0 days 15:58:03.248206,644838,12.26,12.25,25502,18525,18670,-5930
881,HAL,2020-10-16,0 days 15:59:06.251534,654798,12.27,12.26,20652,14309,-3901,2196
882,HAL,2020-10-16,0 days 15:59:10.252006,649510,12.27,12.26,31991,1100,5288,-15812
883,HAL,2020-10-16,0 days 15:59:45.251280,668579,12.26,12.25,34731,257,-13043,5557
884,HAL,2020-10-16,0 days 15:59:46.250697,665622,12.25,12.24,11545,18997,4589,-13043
885,HBI,2020-10-16,0 days 15:56:31.105447,378268,17.21,17.2,6737,728,-1187,10634
886,HBI,2020-10-16,0 days 15:56:32.104469,368855,17.21,17.2,7659,728,9013,-1187
887,HBI,2020-10-16,0 days 15:59:09.115155,363577,17.23,17.22,1129,7622,-404,1832
888,HBI,2020-10-16,0 days 15:59:14.114082,365148,17.23,17.22,3813,6457,1378,-1426
889,HBI,2020-10-16,0 days 15:59:15.114139,366526,17.23,17.22,6306,2978,-73639,1378
890,HD,2020-10-16,0 days 15:56:08.240353,332986,287.37,287.33,276,200,336,-743
891,HD,2020-10-16,0 days 15:56:09.242499,331722,287.42,287.33,452,200,-1291,336
892,HD,2020-10-16,0 days 15:56:54.242566,334129,287.52,287.48,169,300,862,-2405
893,HD,2020-10-16,0 days 15:56:55.243004,333391,287.52,287.48,169,300,-738,862
894,HD,2020-10-16,0 days 15:57:01.242675,334137,287.37,287.31,173,300,98,-537
895,HD,2020-10-16,0 days 15:57:02.243287,333471,287.38,287.31,382,400,-666,98
896,HD,2020-10-16,0 days 15:57:33.244163,334137,287.37,287.31,200,100,98,-711
897,HD,2020-10-16,0 days 15:57:34.243905,333935,287.39,287.32,200,100,-202,98
898,HD,2020-10-16,0 days 15:57:42.244075,334137,287.39,287.32,388,215,1398,-2102
899,HD,2020-10-16,0 days 15:57:43.245165,334735,287.39,287.32,437,215,-2702,1398
900,HD,2020-10-16,0 days 15:57:44.244584,334910,287.34,287.29,187,500,295,-2702
901,HD,2020-10-16,0 days 15:57:45.244434,334805,287.34,287.29,187,500,-2505,295
902,HD,2020-10-16,0 days 15:57:46.244875,334910,287.34,287.29,187,700,695,-2505
903,HD,2020-10-16,0 days 15:57:47.244575,334805,287.34,287.29,236,406,-2005,695
904,HD,2020-10-16,0 days 15:57:51.244622,334910,287.32,287.25,500,300,1395,-105
905,HD,2020-10-16,0 days 15:57:52.244884,334805,287.32,287.25,300,500,-105,1395
906,HD,2020-10-16,0 days 15:57:53.245436,335510,287.33,287.25,208,600,195,-105
907,HD,2020-10-16,0 days 15:57:57.245299,335709,287.33,287.25,776,987,-101,99
908,HD,2020-10-16,0 days 15:57:58.244992,335310,287.33,287.25,791,1187,399,-101
909,HD,2020-10-16,0 days 15:58:05.246119,336418,287.27,287.25,200,924,-1157,98
910,HD,2020-10-16,0 days 15:58:14.246322,341011,287.41,287.36,135,320,322,-778
911,HD,2020-10-16,0 days 15:58:15.246686,340533,287.46,287.38,500,121,-478,322
912,HD,2020-10-16,0 days 15:58:18.246502,341011,287.5,287.4,200,300,2487,-478
913,HD,2020-10-16,0 days 15:58:19.246670,340498,287.5,287.43,200,600,-513,2487
914,HD,2020-10-16,0 days 15:58:21.246496,341011,287.55,287.43,100,968,487,-513
915,HD,2020-10-16,0 days 15:58:22.246950,340498,287.5,287.43,100,968,-513,487
916,HD,2020-10-16,0 days 15:58:26.246995,341011,287.48,287.43,100,1090,2478,-687
917,HD,2020-10-16,0 days 15:58:27.246783,340524,287.48,287.43,100,1090,-487,2478
918,HD,2020-10-16,0 days 15:58:50.247677,341011,287.36,287.25,270,100,322,-278
919,HD,2020-10-16,0 days 15:58:51.247783,341269,287.36,287.27,370,100,-429,322
920,HD,2020-10-16,0 days 15:58:59.248015,341698,287.39,287.27,100,100,1403,-434
921,HD,2020-10-16,0 days 15:59:00.252203,341501,287.36,287.33,100,100,-197,1403
922,HD,2020-10-16,0 days 15:59:01.248327,341371,287.42,287.33,100,280,166,-197
923,HD,2020-10-16,0 days 15:59:02.249127,341237,287.39,287.34,100,396,-134,166
924,HD,2020-10-16,0 days 15:59:07.249163,346123,287.46,287.38,549,750,163,-214
925,HD,2020-10-16,0 days 15:59:08.249846,346483,287.46,287.42,100,100,-422,163
926,HD,2020-10-16,0 days 15:59:09.249415,348605,287.42,287.39,100,102,35156,-422
927,HD,2020-10-16,0 days 15:59:21.246624,384048,287.52,287.39,100,1017,-2223,5232
928,HD,2020-10-16,0 days 15:59:22.247276,381971,287.49,287.39,200,430,2077,-2223
929,HD,2020-10-16,0 days 15:59:26.247228,374229,287.66,287.57,200,643,-8369,1833
930,HD,2020-10-16,0 days 15:59:27.246831,372898,287.62,287.54,400,200,1366,-8369
931,HD,2020-10-16,0 days 15:59:44.248285,384739,287.75,287.63,200,724,-5726,9
932,HD,2020-10-16,0 days 15:59:45.249680,383589,287.75,287.68,100,500,180,-5726
933,HFC,2020-10-16,0 days 15:55:23.102273,228669,20.21,20.2,700,1003,-1446,654
934,HFC,2020-10-16,0 days 15:55:39.103312,231696,20.2,20.19,200,1310,2073,-1527
935,HFC,2020-10-16,0 days 15:56:04.103451,237465,20.21,20.2,600,201,-1327,273
936,HFC,2020-10-16,0 days 15:56:05.103736,237092,20.21,20.2,700,201,373,-1327
937,HFC,2020-10-16,0 days 15:56:38.104977,248739,20.22,20.21,323,1100,-2044,356
938,HFC,2020-10-16,0 days 15:56:39.105187,247683,20.22,20.21,323,1100,1056,-2044
939,HFC,2020-10-16,0 days 15:57:35.107257,254339,20.21,20.2,623,1135,-444,1356
940,HFC,2020-10-16,0 days 15:57:51.108204,257039,20.21,20.19,1056,910,-2544,1556
941,HFC,2020-10-16,0 days 15:57:52.108008,256283,20.21,20.19,1056,910,756,-2544
942,HFC,2020-10-16,0 days 15:58:00.109316,238044,20.21,20.19,1240,964,-3739,1556
943,HFC,2020-10-16,0 days 15:59:26.114524,291785,20.16,20.15,690,1400,-1638,3400
944,HFC,2020-10-16,0 days 15:59:37.115357,269826,20.17,20.16,300,500,870,-17030
945,HFC,2020-10-16,0 days 15:59:39.115552,270696,20.17,20.15,1277,1200,-4830,870
946,HFC,2020-10-16,0 days 15:59:40.115358,269826,20.16,20.15,500,700,870,-4830
947,HFC,2020-10-16,0 days 15:59:43.114572,270696,20.17,20.16,200,1500,-27577,2318
948,HIW,2020-10-16,0 days 15:56:05.103711,69722,33.34,33.33,906,200,-3355,1045
949,HIW,2020-10-16,0 days 15:59:32.114810,90598,33.29,33.28,1269,127,-456,987
950,HL,2020-10-16,0 days 15:55:18.242426,243116,5.31,5.3,76858,21130,7365,-11435
951,HL,2020-10-16,0 days 15:55:19.242440,236681,5.31,5.3,76058,20830,-6235,7365
952,HL,2020-10-16,0 days 15:56:43.244936,234685,5.3,5.29,61984,42777,-5499,4201
953,HL,2020-10-16,0 days 15:59:15.242976,258163,5.3,5.29,745,101030,7457,-4
954,HL,2020-10-16,0 days 15:59:44.243303,245281,5.3,5.29,33243,56088,-1660,13540
955,HL,2020-10-16,0 days 15:59:48.244219,245668,5.3,5.29,40573,47788,-1273,6427
956,HLX,2020-10-16,0 days 15:59:10.249264,116249,2.61,2.6,1200,24917,-549,3002
957,HLX,2020-10-16,0 days 15:59:37.248132,104301,2.61,2.6,10250,27994,11948,-552
958,HMY,2020-10-16,0 days 15:59:01.290376,94545,5.66,5.65,8158,90678,-34750,47650
959,HMY,2020-10-16,0 days 15:59:02.290288,93395,5.66,5.65,8810,93778,1150,-34750
960,HON,2020-10-16,0 days 15:59:30.244015,951708,174.97,174.96,110,101,-19497,3996
961,HON,2020-10-16,0 days 15:59:37.241984,951795,174.88,174.84,300,100,4313,-600
962,HON,2020-10-16,0 days 15:59:44.243276,956908,174.91,174.84,557,100,-198,1203
963,HON,2020-10-16,0 days 15:59:46.243415,959799,174.91,174.85,100,550,2205,-3957
964,HPE,2020-10-16,0 days 15:59:05.245700,552263,9.5,9.49,11735,36653,-20092,4318
965,HPE,2020-10-16,0 days 15:59:06.245590,549955,9.5,9.49,10235,42053,2308,-20092
966,HPE,2020-10-16,0 days 15:59:07.246043,555403,9.5,9.49,6456,40153,-61214,2308
967,HPE,2020-10-16,0 days 15:59:26.241164,623849,9.5,9.49,17026,24868,15311,-2725
968,HPE,2020-10-16,0 days 15:59:27.240823,621460,9.5,9.49,17026,24368,-2389,15311
969,HPE,2020-10-16,0 days 15:59:34.242040,621944,9.5,9.49,27754,33268,-1963,2337
970,HPE,2020-10-16,0 days 15:59:47.241545,651143,9.5,9.49,29894,35356,1187,-2499
971,HPE,2020-10-16,0 days 15:59:48.241917,648630,9.5,9.49,21771,29456,-2513,1187
972,HPQ,2020-10-16,0 days 15:59:20.246696,735430,19.66,19.65,11081,8323,8849,-2251
973,HPQ,2020-10-16,0 days 15:59:21.246652,714179,19.67,19.66,11107,13816,-13373,8849
974,HPQ,2020-10-16,0 days 15:59:22.247326,578930,19.67,19.66,11707,9716,141602,-13373
975,HPQ,2020-10-16,0 days 15:59:23.246546,570354,19.68,19.67,5006,19516,-24320,141602
976,HRB,2020-10-16,0 days 15:59:31.243127,557741,17.47,17.46,6744,1380,-11913,423
977,HRB,2020-10-16,0 days 15:59:45.245011,564454,17.46,17.45,6026,1297,15235,-6713
978,HSBC,2020-10-16,0 days 15:59:06.240296,44207,19.73,19.72,34537,6433,-193,1339
979,HSBC,2020-10-16,0 days 15:59:45.241906,43476,19.72,19.71,52207,2902,731,-269
980,HSBC,2020-10-16,0 days 15:59:46.241567,44207,19.72,19.71,50097,1902,-2371,731
981,HSBC,2020-10-16,0 days 15:59:47.240950,43278,19.71,19.7,33898,11700,929,-2371
982,HST,2020-10-16,0 days 15:55:00.102842,230185,10.98,10.97,18053,21058,8312,-44010
983,HST,2020-10-16,0 days 15:55:01.101886,226097,10.98,10.97,17873,22783,-4088,8312
984,HST,2020-10-16,0 days 15:56:20.104773,253678,10.98,10.97,28834,11733,2119,-9781
985,HST,2020-10-16,0 days 15:56:21.104588,248697,10.98,10.97,31034,12133,-4981,2119
986,HST,2020-10-16,0 days 15:57:15.106627,253773,10.97,10.96,13602,32842,203,-397
987,HST,2020-10-16,0 days 15:57:38.108142,244176,10.97,10.96,18212,33359,-9597,203
988,HST,2020-10-16,0 days 15:59:07.114594,265585,10.97,10.96,14430,26940,4893,-5301
989,HST,2020-10-16,0 days 15:59:08.113339,261378,10.97,10.96,15653,30740,-2807,4893
990,HST,2020-10-16,0 days 15:59:53.116232,276169,10.96,10.95,34771,3800,9509,-2591
991,HTA,2020-10-16,0 days 15:56:08.246448,46451,25.53,25.52,1865,700,802,-780
992,HTA,2020-10-16,0 days 15:56:09.248882,45753,25.53,25.52,2125,1400,-698,802
993,HTZ,2020-10-16,0 days 15:55:00.244420,155045,2.52,2.51,35286,38836,-37608,11948
994,HTZ,2020-10-16,0 days 15:59:23.240836,195529,2.49,2.48,15201,4900,21479,-20462
995,HTZ,2020-10-16,0 days 15:59:52.242226,183908,2.5,2.49,19180,39852,-19120,17021
996,HUYA,2020-10-16,0 days 15:56:08.282800,69003,22.15,22.14,800,400,547,-708
997,HUYA,2020-10-16,0 days 15:56:09.283533,67450,22.14,22.13,899,605,-1553,547
998,HUYA,2020-10-16,0 days 15:56:29.283512,69003,22.15,22.14,500,500,2938,-1553
999,HUYA,2020-10-16,0 days 15:56:30.283655,67841,22.15,22.14,500,700,-1162,2938
1000,HUYA,2020-10-16,0 days 15:58:22.287901,71003,22.13,22.12,200,2522,30,-1470
1001,HUYA,2020-10-16,0 days 15:59:22.288857,74207,22.2,22.19,200,802,-1711,393
1002,HUYA,2020-10-16,0 days 15:59:46.291218,75918,22.19,22.15,1300,300,4113,-710
1003,HYLN,2020-10-16,0 days 15:58:01.248972,13793,26.99,26.98,200,387,-878,224
1004,HYLN,2020-10-16,0 days 15:58:02.247777,14671,26.99,26.98,200,487,522,-878
1005,HYLN,2020-10-16,0 days 15:58:03.247145,14493,26.99,26.98,200,487,-178,522
1006,HYLN,2020-10-16,0 days 15:59:08.251274,19105,26.98,26.89,178,200,39,-78
1007,HYLN,2020-10-16,0 days 15:59:10.251264,19444,26.98,26.89,178,200,-361,39
1008,HYLN,2020-10-16,0 days 15:59:23.241053,18905,26.98,26.89,728,200,39,-61
1009,IBM,2020-10-16,0 days 15:59:15.241285,633642,126.06,125.98,498,179,26200,-228885
1010,IBM,2020-10-16,0 days 15:59:16.240392,629842,126.09,126.03,300,100,-4438,26200
1011,IBM,2020-10-16,0 days 15:59:24.240668,645172,126.07,126.02,200,400,11185,-3630
1012,IBM,2020-10-16,0 days 15:59:25.240103,642257,126.09,126.03,200,100,-2915,11185
1013,IBM,2020-10-16,0 days 15:59:30.240842,646690,126.05,126.02,300,200,1385,-3753
1014,IBM,2020-10-16,0 days 15:59:36.241503,645701,125.96,125.91,200,111,-764,1052
1015,IBM,2020-10-16,0 days 15:59:37.240642,646465,125.96,125.91,500,111,5136,-764
1016,IBM,2020-10-16,0 days 15:59:38.239233,645901,125.96,125.91,800,111,-564,5136
1017,IBM,2020-10-16,0 days 15:59:40.241598,646380,125.96,125.91,800,100,947,-564
1018,IBM,2020-10-16,0 days 15:59:41.241756,645927,125.95,125.9,600,100,-453,947
1019,IBM,2020-10-16,0 days 15:59:43.241951,646380,125.95,125.91,500,600,36,-227
1020,IBM,2020-10-16,0 days 15:59:45.243287,640103,125.95,125.92,200,1060,-7490,36
1021,IBM,2020-10-16,0 days 15:59:46.242599,647508,125.94,125.91,300,600,17990,-7490
1022,IBN,2020-10-16,0 days 15:59:09.251932,178504,10.96,10.95,63313,17218,9453,-14427
1023,IBN,2020-10-16,0 days 15:59:36.242889,190607,10.96,10.95,55931,22840,-10097,12103
1024,IBN,2020-10-16,0 days 15:59:37.242845,189904,10.96,10.95,59781,14740,703,-10097
1025,ICE,2020-10-16,0 days 15:55:00.242637,386796,101.28,101.24,360,100,-8651,42807
1026,ICE,2020-10-16,0 days 15:55:49.244979,395070,101.23,101.19,328,100,8223,-777
1027,ICE,2020-10-16,0 days 15:55:50.244480,387560,101.27,101.22,250,100,-7510,8223
1028,ICE,2020-10-16,0 days 15:58:02.248401,400986,101.28,101.23,400,302,-7725,364
1029,ICE,2020-10-16,0 days 15:58:34.249845,402979,101.3,101.27,200,100,-16517,8272
1030,ICE,2020-10-16,0 days 15:58:59.250912,419496,101.31,101.28,800,101,36683,-4717
1031,ICE,2020-10-16,0 days 15:59:00.254907,416659,101.35,101.29,100,140,-2837,36683
1032,ICE,2020-10-16,0 days 15:59:04.251181,423830,101.32,101.27,200,400,10513,-3161
1033,ICE,2020-10-16,0 days 15:59:05.251995,421343,101.31,101.27,105,500,-2493,10513
1034,ICE,2020-10-16,0 days 15:59:07.251890,424596,101.31,101.27,105,686,1109,-2493
1035,ICE,2020-10-16,0 days 15:59:08.251863,424305,101.31,101.27,200,222,-291,1109
1036,ICE,2020-10-16,0 days 15:59:09.251986,424596,101.31,101.27,200,222,209,-291
1037,ICE,2020-10-16,0 days 15:59:10.252234,425005,101.32,101.28,100,100,-271,209
1038,ICE,2020-10-16,0 days 15:59:14.252385,425276,101.32,101.27,300,322,14129,-1704
1039,ICE,2020-10-16,0 days 15:59:15.250951,425105,101.32,101.28,200,244,-171,14129
1040,ICE,2020-10-16,0 days 15:59:30.252494,426824,101.29,101.24,139,100,6853,-183
1041,ICE,2020-10-16,0 days 16:00:00.251165,433075,101.39,101.16,100,800,-13634,1663
1042,INFY,2020-10-16,0 days 15:57:33.244121,343550,15.5,15.49,21571,92988,-7112,3688
1043,INFY,2020-10-16,0 days 15:57:34.243835,336062,15.5,15.49,22661,92815,7488,-7112
1044,INFY,2020-10-16,0 days 15:59:22.247227,341143,15.51,15.5,89711,6634,-511,490
1045,INFY,2020-10-16,0 days 15:59:26.247155,341654,15.51,15.5,86611,16476,4413,-511
1046,ING,2020-10-16,0 days 15:59:36.290363,35535,7.37,7.36,44572,259713,-6091,7309
1047,ING,2020-10-16,0 days 15:59:37.291020,35126,7.37,7.36,45672,259638,409,-6091
1048,ING,2020-10-16,0 days 15:59:45.292881,35535,7.37,7.36,53389,251655,-891,409
1049,ING,2020-10-16,0 days 15:59:46.292186,35226,7.37,7.36,58989,246355,309,-891
1050,INVH,2020-10-16,0 days 15:55:05.101157,177376,28.05,28.04,1632,2680,-813,2892
1051,INVH,2020-10-16,0 days 15:55:06.100958,174789,28.05,28.04,2572,2380,2587,-813
1052,INVH,2020-10-16,0 days 15:55:19.102379,177395,28.05,28.04,2899,3052,-1764,2606
1053,INVH,2020-10-16,0 days 15:55:20.102565,175259,28.05,28.04,3299,2952,2136,-1764
1054,INVH,2020-10-16,0 days 15:55:39.103239,178795,28.05,28.04,4050,2247,-842,2658
1055,INVH,2020-10-16,0 days 15:55:40.103135,176937,28.05,28.04,4350,2297,1858,-842
1056,INVH,2020-10-16,0 days 15:55:42.103153,178795,28.04,28.03,3745,2487,-1246,1858
1057,INVH,2020-10-16,0 days 15:55:43.103218,177141,28.04,28.03,3196,2487,1654,-1246
1058,INVH,2020-10-16,0 days 15:57:32.107055,180527,28.02,28.01,2322,2850,-147,153
1059,INVH,2020-10-16,0 days 15:57:33.107307,179074,28.02,28.01,2433,2850,1453,-147
1060,INVH,2020-10-16,0 days 15:59:03.112393,193414,28.02,28.01,1200,2201,993,-4821
1061,INVH,2020-10-16,0 days 15:59:06.112089,194457,28.03,28.02,3000,500,-6147,126
1062,INVH,2020-10-16,0 days 15:59:25.114771,277128,27.98,27.97,2917,300,-14085,2800
1063,IP,2020-10-16,0 days 15:55:00.236539,187172,46.56,46.54,579,596,1311,-18826
1064,IP,2020-10-16,0 days 15:55:01.236118,183983,46.56,46.55,907,803,-3189,1311
1065,IP,2020-10-16,0 days 15:59:05.248637,218529,46.58,46.57,1003,564,6418,-4255
1066,IP,2020-10-16,0 days 15:59:06.248712,217200,46.58,46.57,803,664,-1329,6418
1067,IP,2020-10-16,0 days 15:59:07.248945,218529,46.58,46.57,924,364,11371,-1329
1068,IP,2020-10-16,0 days 15:59:08.249626,216500,46.58,46.57,419,935,-2029,11371
1069,IP,2020-10-16,0 days 15:59:09.249167,219624,46.59,46.58,219,1005,5676,-2029
1070,IP,2020-10-16,0 days 15:59:10.249251,218600,46.59,46.58,500,1449,-24,5676
1071,IP,2020-10-16,0 days 15:59:16.246581,225104,46.56,46.55,300,1235,1845,-6404
1072,IP,2020-10-16,0 days 15:59:17.246796,223449,46.56,46.55,579,235,-1655,1845
1073,IP,2020-10-16,0 days 15:59:32.247409,226928,46.57,46.55,1405,600,-747,453
1074,IPG,2020-10-16,0 days 15:59:24.289359,332625,18.28,18.27,4768,6627,-7320,1915
1075,IPG,2020-10-16,0 days 15:59:45.293049,356669,18.28,18.27,9669,481,6412,-3267
1076,IPG,2020-10-16,0 days 15:59:48.290986,351120,18.28,18.27,10264,2500,-5591,5559
1077,IR,2020-10-16,0 days 15:59:47.246923,282238,37.24,37.23,1627,900,-15690,5600
1078,ITUB,2020-10-16,0 days 15:55:00.242487,201498,4.08,4.07,220365,309733,-73156,63853
1079,ITUB,2020-10-16,0 days 15:56:29.244288,274688,4.08,4.07,198173,422853,80534,-42966
1080,ITUB,2020-10-16,0 days 15:59:36.242997,421632,4.08,4.07,552043,257788,-68576,80624
1081,ITUB,2020-10-16,0 days 15:59:37.242962,417508,4.08,4.07,552065,257388,4124,-68576
1082,IVR,2020-10-16,0 days 15:59:36.289962,105314,2.78,2.77,71412,41518,-9968,11832
1083,IVR,2020-10-16,0 days 15:59:38.290651,104782,2.78,2.77,73612,40180,532,-768
1084,IVR,2020-10-16,0 days 15:59:46.291968,105314,2.78,2.77,70753,41129,-10628,532
1085,IVZ,2020-10-16,0 days 15:59:26.242262,328710,14.04,14.03,14602,7542,646,-3338
1086,IVZ,2020-10-16,0 days 15:59:27.240765,327256,14.04,14.03,11575,9342,-1454,646
1087,IVZ,2020-10-16,0 days 15:59:45.244577,328710,14.04,14.03,11223,7549,1412,-188
1088,JCI,2020-10-16,0 days 15:55:50.238981,302134,43.02,43.01,100,4080,-5414,11086
1089,JCI,2020-10-16,0 days 15:59:07.247333,317616,43.01,43.0,419,4155,26103,-3665
1090,JCI,2020-10-16,0 days 15:59:08.247697,316597,43.02,43.01,1690,2999,-1175,26103
1091,JCI,2020-10-16,0 days 15:59:16.240168,323402,43.02,43.01,2100,2244,45475,-2055
1092,JE,2020-10-16,0 days 15:58:05.248568,10204,5.68,5.66,100,1300,-159,141
1093,JE,2020-10-16,0 days 15:58:06.248896,9863,5.68,5.66,100,1300,341,-159
1094,JE,2020-10-16,0 days 15:59:21.251197,10297,5.75,5.72,2680,1000,-101,499
1095,JE,2020-10-16,0 days 15:59:22.250528,10098,5.75,5.72,2680,1400,199,-101
1096,JKS,2020-10-16,0 days 15:55:00.226234,1732512,70.19,70.01,450,8000,-362310,308702
1097,JMIA,2020-10-16,0 days 15:59:04.112936,166916,15.24,15.22,450,2500,-780,2490
1098,JMIA,2020-10-16,0 days 15:59:07.114571,167696,15.24,15.21,950,1200,4959,-780
1099,JMIA,2020-10-16,0 days 15:59:22.114387,188975,15.21,15.18,100,507,-1618,12979
1100,JMIA,2020-10-16,0 days 15:59:26.114630,181093,15.23,15.18,100,100,7682,-2218
1101,JNJ,2020-10-16,0 days 15:59:16.289993,1057798,148.04,147.98,200,300,-45496,152878
1102,JNJ,2020-10-16,0 days 15:59:21.289848,1164679,148.08,148.04,100,100,4060,-52923
1103,JPM,2020-10-16,0 days 15:59:07.237597,1145300,101.63,101.62,2400,900,-1977,6376
1104,JPM,2020-10-16,0 days 15:59:08.238039,1144777,101.63,101.61,3600,1748,3278,-1977
1105,JPM,2020-10-16,0 days 15:59:09.237817,1148159,101.63,101.62,2119,1274,-9618,3278
1106,JPM,2020-10-16,0 days 15:59:14.238283,1151839,101.61,101.6,1422,200,2620,-4280
1107,JPM,2020-10-16,0 days 15:59:16.237177,1190281,101.56,101.54,1476,1220,-206096,2620
1108,JPM,2020-10-16,0 days 15:59:39.235707,1395697,101.54,101.53,1600,1410,845,-13942
1109,JPM,2020-10-16,0 days 15:59:46.236913,1380424,101.54,101.53,600,1200,-15671,14116
1110,JWN,2020-10-16,0 days 15:56:04.233404,127540,12.89,12.88,3402,8148,-1201,699
1111,JWN,2020-10-16,0 days 15:56:05.233585,126641,12.9,12.89,6291,3257,899,-1201
1112,JWN,2020-10-16,0 days 15:56:26.234251,128740,12.92,12.91,5800,1900,-401,899
1113,JWN,2020-10-16,0 days 15:56:27.233927,127941,12.91,12.9,6706,5011,799,-401
1114,JWN,2020-10-16,0 days 15:56:39.234602,131785,12.93,12.92,300,9164,-156,831
1115,JWN,2020-10-16,0 days 15:56:40.235065,130741,12.93,12.92,11339,3202,831,-156
1116,JWN,2020-10-16,0 days 15:58:08.238150,137884,12.93,12.92,4937,4992,858,-2014
1117,JWN,2020-10-16,0 days 15:59:19.239215,334361,12.94,12.93,5520,2456,-3768,14315
1118,JWN,2020-10-16,0 days 15:59:48.240748,325673,12.93,12.92,6270,6064,8688,-7612
1119,KEY,2020-10-16,0 days 15:55:00.237143,419384,12.93,12.92,4100,29066,7902,-76853
1120,KEY,2020-10-16,0 days 15:55:01.237023,416086,12.94,12.93,20713,22940,-3298,7902
1121,KEY,2020-10-16,0 days 15:57:38.242789,451972,12.95,12.94,4265,55344,-5194,306
1122,KEY,2020-10-16,0 days 15:58:09.244505,455866,12.94,12.93,9295,43614,12795,-187
1123,KEY,2020-10-16,0 days 15:58:10.245136,452496,12.94,12.93,9295,44926,-1670,12795
1124,KEY,2020-10-16,0 days 15:59:05.247643,440977,12.95,12.94,27595,17957,14343,-2193
1125,KEY,2020-10-16,0 days 15:59:06.247665,439653,12.95,12.94,27495,18259,-1324,14343
1126,KEY,2020-10-16,0 days 15:59:07.247800,440977,12.95,12.94,29995,18059,16659,-1324
1127,KEY,2020-10-16,0 days 15:59:08.248043,431836,12.95,12.94,29295,19811,-9636,16659
1128,KEY,2020-10-16,0 days 15:59:16.240891,464887,12.95,12.94,27295,16135,9270,-2285
1129,KEY,2020-10-16,0 days 15:59:17.240961,463357,12.95,12.94,27795,16235,-1530,9270
1130,KEY,2020-10-16,0 days 15:59:46.243481,471400,12.95,12.94,24993,13706,6989,-1313
1131,KGC,2020-10-16,0 days 15:55:49.244905,119341,9.12,9.11,39632,99778,-4250,13350
1132,KGC,2020-10-16,0 days 15:59:22.250426,130721,9.12,9.11,110340,29669,470,-11918
1133,KIM,2020-10-16,0 days 15:59:16.242035,365025,11.06,11.05,18838,3427,-19321,7560
1134,KIM,2020-10-16,0 days 15:59:35.242391,403710,11.04,11.03,8086,14984,-2697,4403
1135,KKR,2020-10-16,0 days 15:57:38.235647,107150,36.97,36.96,3966,309,388,-612
1136,KKR,2020-10-16,0 days 15:57:39.235660,103738,36.98,36.97,2602,821,-3412,388
1137,KKR,2020-10-16,0 days 15:59:44.240584,109687,36.94,36.93,2567,710,-904,10996
1138,KKR,2020-10-16,0 days 15:59:46.241931,110591,36.93,36.92,2360,343,8008,-904
1139,KKR,2020-10-16,0 days 15:59:47.241172,110099,36.93,36.92,800,2313,-492,8008
1140,KKR,2020-10-16,0 days 15:59:48.241139,110591,36.93,36.92,800,2003,296,-492
1141,KKR,2020-10-16,0 days 15:59:50.245061,109288,36.94,36.93,3607,710,-1303,897
1142,KMI,2020-10-16,0 days 15:57:36.243924,647814,12.89,12.88,9027,40275,-66,4334
1143,KMI,2020-10-16,0 days 15:57:37.244008,640380,12.89,12.88,14214,37375,7434,-66
1144,KMI,2020-10-16,0 days 15:57:45.244359,647814,12.89,12.88,13024,32550,-1466,3334
1145,KMI,2020-10-16,0 days 15:58:01.247124,620867,12.89,12.88,32032,14894,-25113,5934
1146,KMI,2020-10-16,0 days 15:58:02.245737,617280,12.89,12.88,32019,14889,3587,-25113
1147,KMI,2020-10-16,0 days 15:59:30.250392,678712,12.87,12.86,49204,23930,7985,-19029
1148,KMI,2020-10-16,0 days 15:59:47.246693,747669,12.87,12.86,64871,8656,-9424,31957
1149,KMI,2020-10-16,0 days 15:59:48.247505,743793,12.87,12.86,68571,6556,28699,-9424
1150,KNX,2020-10-16,0 days 15:55:00.231830,223174,40.78,40.77,151,2673,880,-35823
1151,KNX,2020-10-16,0 days 15:55:01.231461,222654,40.79,40.78,1284,500,-520,880
1152,KNX,2020-10-16,0 days 15:55:14.232440,223174,40.76,40.75,800,1116,12680,-520
1153,KNX,2020-10-16,0 days 15:56:04.233542,278176,40.76,40.75,1102,1110,-10478,5122
1154,KNX,2020-10-16,0 days 15:56:20.234450,288551,40.76,40.75,1494,1825,425,-3824
1155,KNX,2020-10-16,0 days 15:56:21.233766,287176,40.76,40.75,1294,1225,-1375,425
1156,KNX,2020-10-16,0 days 15:57:22.235683,292880,40.79,40.78,1501,2702,807,-1893
1157,KNX,2020-10-16,0 days 15:57:23.235220,291287,40.79,40.78,1201,2802,-1593,807
1158,KNX,2020-10-16,0 days 15:58:31.238017,303551,40.75,40.74,995,600,274,-3226
1159,KNX,2020-10-16,0 days 15:59:09.240432,315002,40.8,40.78,700,1405,35179,-825
1160,KNX,2020-10-16,0 days 15:59:41.240243,359014,40.8,40.79,500,700,-4484,9716
1161,KNX,2020-10-16,0 days 15:59:45.241938,359412,40.81,40.8,1000,477,1209,-2326
1162,KO,2020-10-16,0 days 15:55:21.243186,1733721,50.1,50.09,8281,2136,-7539,13449
1163,KO,2020-10-16,0 days 15:55:22.243328,1724473,50.09,50.08,8789,3647,9248,-7539
1164,KO,2020-10-16,0 days 15:57:38.247051,1789983,50.07,50.06,8598,2307,-3479,12521
1165,KO,2020-10-16,0 days 15:58:01.249634,1801798,50.06,50.05,9498,3772,-1864,24621
1166,KO,2020-10-16,0 days 15:59:25.250435,1881808,50.01,50.0,1878,8190,3886,-37606
1167,KO,2020-10-16,0 days 15:59:26.250726,1885823,50.02,50.01,5411,10078,-3782,3886
1168,KO,2020-10-16,0 days 15:59:32.249469,1881272,50.02,50.01,5199,7164,8643,-10957
1169,KO,2020-10-16,0 days 15:59:43.250420,1890194,50.03,50.01,5722,18624,-19242,3842
1170,KO,2020-10-16,0 days 15:59:44.250265,1884830,50.02,50.01,700,8685,1409,-19242
1171,KO,2020-10-16,0 days 15:59:46.250978,1890194,50.02,50.01,2023,12012,-25091,1321
1172,KO,2020-10-16,0 days 15:59:47.250095,1888626,50.02,50.01,4036,8098,1568,-25091
1173,KO,2020-10-16,0 days 15:59:48.250713,1890194,50.02,50.01,1636,9552,-503,1568
1174,KO,2020-10-16,0 days 15:59:49.250529,1886012,50.03,50.02,5399,9700,227,-503
1175,KODK,2020-10-16,0 days 15:55:00.227685,44986,9.03,9.02,2925,7154,-2467,3330
1176,KODK,2020-10-16,0 days 15:55:12.228303,44295,9.03,9.02,3802,6694,591,-2467
1177,KODK,2020-10-16,0 days 15:55:13.228598,42386,9.03,9.02,3202,6694,-1909,591
1178,KODK,2020-10-16,0 days 15:59:01.236289,21678,9.0,8.99,2000,1683,50,-5650
1179,KODK,2020-10-16,0 days 15:59:19.237156,26577,8.98,8.97,3147,200,-2260,4399
1180,KODK,2020-10-16,0 days 15:59:47.235837,56708,8.95,8.93,100,5405,-2964,25271
1181,KR,2020-10-16,0 days 15:55:23.243203,481477,34.13,34.12,4505,6402,-2124,2322
1182,KR,2020-10-16,0 days 15:55:24.243343,472701,34.13,34.12,4369,7302,8776,-2124
1183,KR,2020-10-16,0 days 15:55:53.243975,486455,34.13,34.12,2354,8611,-6918,6652
1184,KR,2020-10-16,0 days 15:55:54.243534,480473,34.13,34.12,2616,9057,5682,-6918
1185,KR,2020-10-16,0 days 15:56:33.245126,491224,34.12,34.11,6022,3537,-390,10
1186,KR,2020-10-16,0 days 15:56:37.244735,491714,34.12,34.11,7194,2525,1010,-390
1187,KR,2020-10-16,0 days 15:59:01.250942,481761,34.11,34.1,2264,7735,-1798,4285
1188,KR,2020-10-16,0 days 15:59:02.251414,480581,34.11,34.1,2012,8035,1180,-1798
1189,KSS,2020-10-16,0 days 15:59:07.291714,164365,20.21,20.2,800,7205,10404,-10966
1190,LAC,2020-10-16,0 days 15:57:59.245445,22300,12.06,12.04,100,100,2481,-1919
1191,LAC,2020-10-16,0 days 15:58:00.247736,21381,12.06,12.04,200,200,-919,2481
1192,LAC,2020-10-16,0 days 15:58:43.247863,21581,12.05,12.02,300,600,-419,681
1193,LAC,2020-10-16,0 days 15:58:58.247606,22300,12.05,12.02,1004,211,381,-1219
1194,LAC,2020-10-16,0 days 15:58:59.247911,21581,12.05,12.02,1004,100,-419,381
1195,LB,2020-10-16,0 days 15:56:04.244395,132638,33.43,33.42,1137,1592,-373,822
1196,LB,2020-10-16,0 days 15:56:07.244574,133011,33.43,33.42,1177,719,3542,-373
1197,LB,2020-10-16,0 days 15:57:35.246569,138970,33.4,33.39,1186,654,-1270,30
1198,LB,2020-10-16,0 days 15:57:48.247374,139115,33.36,33.34,1300,1156,155,-145
1199,LB,2020-10-16,0 days 15:58:36.249982,139256,33.39,33.38,822,600,112,-388
1200,LB,2020-10-16,0 days 15:59:06.251534,139994,33.41,33.4,1611,2993,-1072,324
1201,LIN,2020-10-16,0 days 15:55:00.228011,131053,233.43,233.4,103,200,3185,-30013
1202,LIN,2020-10-16,0 days 15:55:01.227899,128038,233.47,233.4,400,200,-3057,3185
1203,LIN,2020-10-16,0 days 15:59:09.237954,149891,233.51,233.46,400,237,16371,-3678
1204,LIN,2020-10-16,0 days 15:59:10.238020,136254,233.51,233.46,300,137,-13637,16371
1205,LIN,2020-10-16,0 days 15:59:41.235938,167362,233.24,233.18,100,500,5898,-3715
1206,LIN,2020-10-16,0 days 15:59:42.236451,165860,233.27,233.17,100,100,-1502,5898
1207,LIN,2020-10-16,0 days 15:59:43.235703,167362,233.24,233.18,200,100,1330,-1502
1208,LIN,2020-10-16,0 days 15:59:44.235876,165992,233.24,233.17,1051,100,-1370,1330
1209,LIN,2020-10-16,0 days 15:59:45.236965,167362,233.22,233.15,800,300,276,-1370
1210,LIN,2020-10-16,0 days 15:59:47.236038,168204,233.3,233.15,100,500,-1534,642
1211,LIN,2020-10-16,0 days 15:59:59.238335,169438,233.27,233.07,200,100,190,-210
1212,LIN,2020-10-16,0 days 16:00:00.238436,169228,233.25,232.92,100,300,-210,190
1213,LLY,2020-10-16,0 days 15:55:00.282369,333000,146.19,146.15,107,100,-39111,17992
1214,LLY,2020-10-16,0 days 15:55:39.284979,375714,146.08,146.03,507,295,14457,-3618
1215,LLY,2020-10-16,0 days 15:55:40.283045,373801,146.12,146.06,464,500,-1913,14457
1216,LLY,2020-10-16,0 days 15:56:02.283394,378132,146.07,146.03,899,300,516,-3703
1217,LLY,2020-10-16,0 days 15:56:03.283195,376467,146.07,146.04,400,100,-1665,516
1218,LLY,2020-10-16,0 days 15:56:10.284655,378355,146.11,146.07,555,100,1124,-1665
1219,LLY,2020-10-16,0 days 15:56:11.283780,376879,146.13,146.08,100,100,-1476,1124
1220,LLY,2020-10-16,0 days 15:56:28.284580,389746,146.05,146.01,690,100,6873,-1488
1221,LLY,2020-10-16,0 days 15:56:29.284247,388419,146.05,146.01,746,200,-1327,6873
1222,LLY,2020-10-16,0 days 15:57:50.287094,410994,146.09,146.06,482,627,1465,-1165
1223,LLY,2020-10-16,0 days 15:58:02.287572,410759,146.09,146.07,210,100,-209,965
1224,LLY,2020-10-16,0 days 15:58:16.288048,411316,146.04,146.02,303,500,2510,-1990
1225,LLY,2020-10-16,0 days 15:58:17.287976,409326,146.05,146.03,400,100,-1990,2510
1226,LLY,2020-10-16,0 days 15:58:39.289299,411316,146.09,146.06,490,304,2029,-2671
1227,LLY,2020-10-16,0 days 15:58:43.289439,408645,146.15,146.1,475,300,-2671,2029
1228,LLY,2020-10-16,0 days 15:58:51.289136,411316,146.11,146.07,1000,401,4502,-198
1229,LLY,2020-10-16,0 days 15:59:02.290639,411538,146.14,146.1,433,859,1665,-74
1230,LLY,2020-10-16,0 days 15:59:03.290469,409658,146.16,146.12,255,278,-1880,1665
1231,LLY,2020-10-16,0 days 15:59:05.290955,411538,146.14,146.12,192,421,739,-1824
1232,LLY,2020-10-16,0 days 15:59:06.290927,411495,146.14,146.12,392,440,-43,739
1233,LLY,2020-10-16,0 days 15:59:19.290079,422525,146.09,146.06,573,308,-241,547
1234,LLY,2020-10-16,0 days 15:59:21.289868,436464,146.07,146.04,473,200,242,-241
1235,LLY,2020-10-16,0 days 15:59:27.289794,433906,146.03,146.01,359,111,-3406,6318
